1103 1811
298 142 161 18 Presteståndet
472 144 57 16 1882.
554 144 12 16 5
578 144 50 20 juni.
814 139 54 21 1845

66 212 118 28 päätöksen
208 212 91 22 mukaan
323 218 26 15 on
371 212 129 26 täydellinen
524 218 80 21 vapaus
627 212 65 22 valita
715 213 56 21 koko
787 212 110 28 Helsingin

66 242 143 26 kaupungista
232 241 73 21 minkä
328 240 77 27 paikan
428 241 98 24 tahansa,
541 241 44 21 kun
602 248 53 14 vaan
666 241 71 27 jättää
752 242 146 21 valitsematta

67 272 52 19 tuon
142 270 69 26 yhden
234 270 77 20 ainoan
332 270 166 24 sopimattoman
513 270 86 26 paikan,
615 270 43 20 niin
675 270 94 21 minäkin
785 270 113 27 pyytäisin,

67 300 46 19 että
129 298 65 27 Sääty
209 298 79 27 pysyisi
305 303 68 15 ennen
389 298 149 21 tekemässään
553 299 145 25 päätöksessä.

137 355 90 21 Prosten
247 355 98 26 Hjelt:
375 354 42 27 Jag
431 355 33 21 för
480 356 42 20 min
538 355 33 21 del
588 355 68 22 skulle
673 355 80 22 föreslä
768 356 131 26 antagandet

67 383 21 22 af
103 383 324 27 sammanjemkningsförslaget,
444 384 40 21 och
500 385 45 20 tror
560 384 33 21 för
606 384 42 21 min
661 384 32 21 del
705 386 33 19 att
749 384 148 27 delegationen

68 413 47 20 icke
137 413 55 20 skall
209 413 85 20 komma
310 414 31 19 att
358 412 118 21 bestämma
491 413 32 25 sig
538 412 33 21 för
586 413 132 26 uppförande
734 413 22 21 af
770 413 127 21 ständerhus

69 442 27 25 pä
112 443 108 24 gvarteret
236 441 106 25 Servalen,
360 441 26 21 dä
402 441 40 21 den
458 441 40 20 har
513 441 40 21 fria
568 441 81 21 händer
664 444 33 19 att
713 441 55 27 välja
777 442 56 26 plats
845 442 54 21 hvar

69 476 44 15 som
129 469 62 22 helst.
222 470 42 21 Det
286 470 34 21 mä
342 469 67 22 finnas
432 472 31 19 ett
486 470 62 27 parti,
573 476 44 15 som
640 469 67 28 gifver
727 470 100 21 Servalen
842 471 56 20 före-

69 499 61 20 träde
152 498 87 21 framför
262 498 66 21 andra
351 498 120 27 föreslagna
495 501 84 24 tomter,
603 505 47 15 men
671 499 26 20 de
713 499 67 26 flesta,
796 502 45 18 tror
854 499 44 27 jag,

69 527 64 21 hafva
156 527 39 21 den
219 526 155 27 öfvertygelsen
398 529 32 19 att
451 527 80 26 platser
547 527 72 22 kunna
634 527 74 27 finnas,
726 534 44 15 som
786 529 36 20 äro
839 534 57 20 pass-

69 555 69 28 ligare
154 555 33 22 för
203 555 126 22 ständerhus
345 557 26 20 än
387 555 108 22 Servalen.

140 612 154 28 Kyrkoherden
318 613 82 27 Lyra:
431 612 57 22 Gent
506 615 58 19 emot
578 613 150 27 kyrkoherden
745 613 99 21 Törnudd
861 612 37 22 vill

68 642 37 26 jag
127 642 108 26 anmärka,
259 644 31 18 att
313 642 106 20 utskottet
434 642 6 20 i
456 642 38 21 sitt
512 641 295 27 sammanjemkningsförslag
823 644 75 19 nämnt

71 670 101 22 Servalen
195 670 44 21 helt
263 670 71 21 enkelt
357 670 78 24 derför,
456 673 32 18 att
506 670 48 21 hela
569 670 75 26 frägan
660 670 75 21 endast
751 670 27 26 pä
793 670 68 26 grund
877 670 22 21 af

71 699 90 21 formela
177 699 46 21 skäl
239 699 46 21 icke
301 698 68 22 skulle
385 698 91 22 förfalla.
500 700 41 26 Jag
556 699 36 21 vill
605 701 56 19 ännu
672 698 152 27 uttryckligare
834 699 64 21 fram-

71 728 58 20 hälla
149 728 54 20 huru
219 728 114 20 otänkbart
349 728 36 21 det
401 730 24 18 är
440 730 33 18 att
489 728 40 20 den
546 728 105 21 blifvande
667 728 146 26 delegationen
829 728 69 20 skulle

72 756 78 22 handla
165 758 109 25 gentemot
289 756 106 22 Ständens
410 756 126 27 uttryckligt
552 756 96 22 uttalade
664 756 134 27 önskningar.

140 813 142 27 Domprosten
305 813 133 21 Renvall:
471 814 41 21 Det
528 815 23 19 är
567 813 134 27 oförklarligt
716 813 86 21 hvarför
817 813 81 27 frägan,

70 842 69 21 säsom
157 842 146 27 kyrkoherden
316 842 56 27 Lyra
388 842 56 23 sade,
461 842 69 21 skulle
540 842 90 24 förfalla,
646 848 33 15 om
694 842 145 26 delegationen
851 842 47 21 icke

70 871 108 20 lemnades
201 871 62 20 frihet
287 873 32 19 att
339 871 56 26 välja
418 871 107 21 Servalen.
556 871 33 21 Då
607 871 157 27 Ridderskapet
780 870 38 21 och
834 871 63 20 adeln

70 905 28 15 nu
115 899 108 26 förklarat,
240 901 32 19 att
288 899 35 21 det
339 899 19 27 ej
374 899 35 21 vill
425 899 56 21 afstä
500 900 46 20 frän
563 899 135 21 riddarhuset
714 899 39 21 och
768 899 82 21 säledes
866 902 33 18 ett

69 928 172 26 fyra-ständshus
258 928 17 25 ej
293 934 43 14 mer
351 928 42 20 kan
410 928 86 21 komma
512 928 6 20 i
535 928 66 26 fräga,
618 934 61 20 synes
695 928 42 26 mig
748 930 32 18 att
792 928 106 20 utskottet

70 956 55 21 hade
142 956 47 21 bort
206 957 43 20 läta
265 956 27 21 all
309 957 64 20 tanke
389 957 27 26 pä
432 956 102 22 Servalen
546 956 90 26 förfalla,
653 963 46 15 men
712 957 5 20 i
728 956 72 22 stället
813 956 84 21 fordrar

70 985 105 21 utskottet
191 987 31 19 att
238 986 159 20 Presteständet
416 985 55 21 skall
487 985 75 27 frängä
578 986 37 20 sitt
631 986 69 20 beslut
716 985 39 21 och
771 984 55 28 gifva
840 985 57 20 dele-

70 1014 100 26 gationen
193 1014 39 20 fria
255 1014 80 21 händer
359 1016 38 22 att,
421 1020 33 15 om
478 1014 40 21 den
534 1014 23 20 sä
573 1014 32 20 för
620 1015 52 26 godt
688 1014 73 24 finner,
778 1013 55 27 välja
849 1013 48 21 Ser-

70 1042 67 21 valen.
169 1042 39 21 Om
231 1043 159 21 Presteständet
413 1042 87 27 frängär
522 1042 37 21 sitt
582 1042 76 25 beslut,
682 1045 23 19 är
728 1043 36 21 det
786 1043 42 20 min
844 1042 55 21 fulla

70 1071 141 27 öfvertygelse
235 1074 32 18 att
289 1072 150 20 ständerhuset
461 1072 96 20 kommer
572 1073 32 19 att
621 1071 64 21 blifva
701 1071 87 27 uppfört
803 1071 27 26 pä
846 1070 49 21 Ser-

69 1100 68 20 valen.

139 1157 154 27 Kyrkoherden
315 1158 82 26 Lyra:
429 1157 38 21 Om
485 1158 5 20 i
506 1158 118 20 utskottets
640 1157 134 21 betänkande
790 1156 54 21 hade
861 1156 36 21 be-

69 1188 82 23 stämts,
177 1188 32 18 att
227 1186 100 21 Servalen
344 1186 45 21 icke
405 1186 32 21 fär
453 1186 85 21 komma
554 1187 6 20 i
576 1186 66 27 fräga,
660 1186 67 20 skulle
744 1185 42 21 deri
802 1185 95 21 nödvän-

69 1214 46 26 digt
137 1214 63 21 hafva
222 1214 49 21 bort
291 1214 83 27 intagas
391 1215 25 20 de
433 1217 85 23 tomter,
534 1221 45 15 som
595 1214 150 21 företrädesvis
759 1213 67 22 blifvit
841 1213 57 21 före-

69 1243 80 27 slagna,
174 1243 40 21 och
237 1243 26 21 dä
287 1243 67 20 skulle
377 1243 148 26 delegationen
548 1249 51 15 vara
618 1243 84 21 bunden
719 1243 34 20 vid
770 1243 68 20 dessa.
868 1242 28 21 Ju

69 1271 72 26 längre
163 1271 36 27 jag
222 1272 75 21 tänker
320 1271 27 27 pä
369 1272 72 25 saken,
458 1272 95 21 dessmer
568 1272 42 21 blir
623 1272 37 27 jag
675 1271 123 27 öfvertygad
814 1277 34 14 om
865 1272 33 19 att

69 1300 147 26 delegationen
240 1300 39 21 bör
301 1300 63 21 hafva
387 1300 40 21 fria
451 1300 87 21 händer.
569 1301 46 20 Den
639 1300 85 21 fruktan
747 1302 33 19 att
798 1299 99 21 ständer-

68 1328 63 21 huset
153 1329 100 26 slutligen
275 1329 54 21 skall
351 1329 86 21 komma
452 1329 34 21 till
503 1329 107 24 Servalen,
626 1335 45 15 som
688 1329 136 26 domprosten
840 1328 58 21 Ren-

68 1357 42 21 vall
133 1357 73 27 tyckes
229 1357 58 27 hysa,
310 1359 24 20 är
357 1358 32 20 väl
411 1358 116 27 ogrundad.
558 1358 41 27 Jag
617 1358 43 21 kan
682 1357 18 27 ej
723 1357 65 21 tänka
807 1357 42 26 mig
864 1358 34 19 att

68 1386 69 27 nägon
154 1386 120 27 delegation
290 1389 44 18 mot
350 1386 132 21 Ständernas
497 1387 23 21 sä
536 1387 90 27 kraftigt
642 1386 108 27 uttryckta
766 1385 49 27 vilja
828 1385 70 21 skulle

67 1415 58 26 välja
140 1414 108 21 Servalen.

138 1471 109 22 Professor
271 1472 111 21 Donner
405 1472 67 27 ansäg
493 1474 31 19 att
545 1472 168 25 Presteständet,
730 1478 34 14 om
780 1472 36 20 det
832 1470 65 21 ocksä

67 1500 106 21 vidhäller
195 1501 38 20 sitt
255 1501 70 20 beslut
345 1501 133 21 beträffande
495 1500 107 26 Servalen,
620 1500 66 21 borde
703 1500 94 21 förklara
813 1501 31 18 att
860 1498 37 21 det

66 1527 113 27 godkände
195 1529 116 21 utskottets
327 1529 85 26 förslag.
