1103 1811
248 146 55 20 1442
439 148 3 2 *
465 150 161 18 Prestestänäet
639 151 56 17 1882.
719 152 26 16 28
758 150 48 21 maj.

288 219 42 21 Vid
351 218 50 22 derä
417 218 64 21 skedd
498 218 151 28 föredragning
665 218 124 28 godkändes
805 221 51 18 utan
872 218 119 21 diskussion
1009 219 36 20 all-

219 250 79 18 männa
318 247 201 21 besvärsutskottets
536 247 132 21 betänkande
684 247 40 21 N:o
742 247 26 20 15
784 246 109 27 angäende
910 253 26 15 en
951 247 96 21 ständer-

219 276 120 28 delegation
356 276 32 20 för
404 276 132 27 uppresande
552 275 22 21 af
589 282 26 14 en
632 278 54 24 staty
702 276 32 20 till
750 276 72 20 minne
838 276 21 20 af
874 275 59 21 Hans
950 275 97 27 Majestät

217 304 104 27 Kejsaren
339 304 38 21 och
393 303 129 22 Storfursten
538 303 125 21 Alexander
678 304 42 20 den
735 304 71 20 andre.

287 447 118 26 Föredrogs
425 447 39 20 och
480 447 122 27 godkändes
617 446 102 21 likaledes
735 449 51 18 utan
804 447 117 20 diskussion
939 446 106 21 allmänna

219 475 200 28 besvärsutskottets
439 475 132 21 betänkande
588 475 39 20 N:o
645 475 24 20 16
685 475 6 20 i
708 475 117 26 anledning
840 475 21 20 af
876 478 29 17 ett
921 475 56 20 inom
994 475 51 21 Bor-

217 504 136 27 gareständet
364 504 118 21 framstäldt
492 503 179 28 petitionsförslag
681 503 110 27 angäende
803 503 106 27 ätgärders
919 503 126 28 vidtagande

219 535 30 18 att
264 532 99 21 förskaffa
380 532 129 27 gängbarhet
524 533 32 20 för
569 532 35 21 det
619 531 68 21 finska
702 532 136 27 guldmyntet
853 532 6 20 i
875 531 120 22 Frankrike.

286 674 39 21 Till
349 674 82 21 fortsatt
454 674 129 27 behandling
606 678 89 24 upptogs
719 674 50 21 härä
792 674 164 21 statsutskottets
972 674 73 21 betän-

217 703 70 21 kande
309 703 40 21 N:o
372 703 12 20 9
406 704 5 19 i
434 703 115 27 anledning
564 704 21 20 af
604 703 233 27 finansexpeditionens
852 703 7 20 i
875 702 117 28 Kejserliga
1008 702 37 22 Se-

218 734 63 18 naten
299 732 31 20 till
347 731 117 21 Ständerna
486 732 78 28 afgifna
581 732 87 20 relation
686 738 34 14 om
736 732 137 20 statsverkets
889 731 100 26 tillstånd,
1005 732 38 20 och

217 760 68 20 beslöt
308 760 94 26 Ständet,
419 760 25 26 pä
459 760 156 27 framställning
631 761 21 19 af
667 762 48 19 herr
729 760 196 26 Talmannen,
942 762 29 18 att
987 766 57 14 ome-

217 788 131 26 delbarligen
365 788 71 21 skrida
452 789 30 20 till
499 789 196 26 detaljgranskning
714 789 89 20 rörande
820 788 97 21 särskildt
933 788 79 20 enhvar
1023 788 21 20 af

217 817 26 20 de
259 817 6 20 i
282 817 142 20 betänkandet
440 817 103 26 ingäende
559 817 252 26 hufvudafdelningarna,
826 817 87 20 hvarvid
925 817 48 20 herr
987 816 56 21 Tal-

216 851 108 15 mannen
363 845 30 20 till
411 845 97 21 Ständets
523 846 131 27 granskning
669 846 52 20 först
732 845 157 21 öfverlemnade
900 845 144 26 inledningen,

216 873 90 22 rörande
324 874 84 21 hvilken

286 930 81 20 Doktor
389 930 146 21 Lindelöf
558 931 83 25 yttrade
664 931 30 27 sig
718 930 99 21 sålunda:
848 930 48 21 Med
916 930 99 21 afseende
1031 930 12 20 ä

215 961 86 25 prosten
322 958 71 28 Hjelts
413 959 125 21 bemötande
554 960 21 20 af
591 960 43 19 min
650 960 141 26 anmärkning
808 958 127 22 beträffande
952 965 62 14 mom.
1030 960 13 19 3

215 988 6 19 i
237 987 146 27 inledningen,
405 987 48 21 ville
470 988 35 26 jag
521 988 110 20 framhålla
648 988 35 20 det
697 990 31 18 att
743 988 127 26 syftemälet,
885 994 45 14 som
947 988 36 20 här
998 989 23 19 är
1036 988 6 19 i

214 1016 67 26 fräga,
303 1016 69 20 skulle
392 1016 61 20 hafva
472 1016 26 27 pä
514 1018 29 18 ett
558 1016 100 27 begvämt
673 1016 39 21 och
728 1016 72 21 enkelt
815 1018 40 18 sätt
871 1016 80 20 kunnat
968 1016 75 20 vinnas

215 1044 131 27 derigenom,
369 1047 29 17 att
420 1044 7 20 i
450 1044 115 21 tabellerna
587 1045 23 20 B.
632 1045 38 20 och
691 1045 22 21 C.
733 1045 106 27 upptagits
855 1044 187 27 ifrägavarande,
1030 1040 15 36 i

215 1075 84 18 senaste
323 1072 111 28 landtdags
454 1073 277 21 statsutskottsbetänkande
747 1074 105 26 ingäende
868 1073 104 21 medeltal.
1002 1072 42 21 För

215 1101 64 27 öfrigt
302 1102 37 20 har
363 1102 165 26 anmärkningen
552 1102 129 20 fortfarande
697 1102 32 20 sin
746 1101 106 27 riktighet,
868 1102 89 20 emedan
973 1101 46 21 icke
1035 1101 6 20 i

215 1130 71 20 denna
302 1129 64 21 tabell
382 1130 39 20 alls
435 1130 50 27 ingå
500 1130 64 27 några
581 1130 105 28 uppgifter
701 1131 33 20 för
749 1130 23 20 är
789 1131 59 20 1880.

284 1186 33 21 Då
332 1187 64 26 ingen
413 1187 64 21 talare
495 1187 69 21 vidare
581 1188 93 20 önskade
691 1188 72 20 härom
780 1190 55 23 yttra
851 1187 38 25 sig,
897 1186 67 21 beslöt
980 1186 62 21 Stån-

215 1215 36 20 det
275 1215 26 27 på
324 1215 154 27 framställning
494 1216 21 19 af
530 1216 48 20 here
592 1215 161 21 Talmannen
793 1219 29 17 att
838 1215 111 28 godkänna
966 1214 75 27 ifräga-

215 1244 92 20 varande
324 1244 116 26 inledning.

286 1300 134 21 Beträffande
443 1301 40 20 den
507 1300 93 21 härefter
622 1301 125 26 föredragna
767 1301 135 27 afdelningen
919 1301 26 20 A.
961 1301 15 26 I,
996 1307 45 14 som

213 1329 67 26 angår
296 1329 107 21 allmänna
419 1329 130 21 statsfonden
565 1329 83 26 yttrade
663 1330 32 26 sig
711 1329 94 27 följande
821 1329 74 21 talare:

281 1376 90 31 Prosten
385 1386 99 27 Hjelt:
510 1386 41 27 Jag
567 1386 91 27 begärde
674 1387 60 20 ordet
749 1387 48 20 med
815 1386 114 27 anledning
941 1387 21 20 af
973 1386 68 21 öfver-

212 1415 84 20 läraren
313 1415 118 24 Kihlmans,
447 1415 33 20 vid
498 1417 82 18 senaste
592 1415 155 21 sammanträde
759 1415 31 20 till
803 1415 87 20 Ståndet
901 1415 67 20 stälda
979 1415 61 20 vörd-

212 1450 82 13 samma
311 1443 104 21 anhållan,
431 1446 29 17 att
476 1443 87 20 Ståndet
579 1443 49 20 ville
644 1443 52 21 fästa
708 1444 136 26 regeringens
856 1443 185 27 uppmärksamhet

211 1471 26 27 på
255 1472 191 26 nödvändigheten,
462 1474 29 18 att
506 1472 114 20 skollärare
636 1472 61 20 äfven
714 1472 56 26 finge
786 1472 176 27 löneförhöjning.
992 1471 47 21 Med

212 1500 117 26 anledning
353 1500 58 20 deraf
434 1500 35 19 vill
492 1500 34 26 jag
549 1500 115 26 hemställa,
688 1500 106 21 huruvida
810 1507 25 14 en
852 1500 65 20 sådan
941 1500 97 21 anhållan

212 1528 41 20 kan
279 1529 84 20 komma
379 1529 6 19 i
401 1528 64 27 fråga,
484 1528 3 20 i
504 1528 152 27 sammanhang
679 1529 47 20 med
750 1528 58 21 detta
826 1529 139 20 betänkande.
995 1529 45 20 An-
