1103 1811
240 138 56 20 1284
454 142 162 18 Presteståndet
628 143 59 17 1882.
714 143 22 16 16
749 143 47 20 maj.

211 212 65 21 miten
300 211 60 21 siellä
383 211 69 21 ollaan
474 211 23 27 ja
520 211 90 21 eletään.
641 211 58 21 Minä
716 212 48 20 olen
784 217 54 15 vaan
854 211 101 21 tahtonut
970 218 71 20 sanoa,

211 242 45 20 että
270 240 33 27 jos
319 240 110 21 lasketaan
445 239 148 22 kansakoulun
610 240 108 21 tarkastus
734 239 47 21 sille
797 240 80 26 tolalle,
894 239 49 21 kuin
961 242 36 25 nyt
1015 246 26 16 on

211 269 120 23 ehdotettu,
347 268 44 21 niin
405 268 77 27 joutuu
498 268 133 22 kansakoulu
647 268 75 27 uralle,
736 268 58 27 josta
810 268 19 21 ei
845 268 63 26 tiedä,
920 268 51 20 mitä
979 269 63 21 sieltä

211 298 57 21 tulee
289 297 23 26 ja
333 297 56 26 jolta
411 303 27 14 on
462 297 74 21 vaikea
559 298 75 25 päästä
650 296 98 21 takaisin.
779 296 99 27 Parempi
893 303 41 20 pyy
949 297 92 26 pivossa,

210 327 51 20 kuin
278 325 61 21 kaksi
355 325 89 21 oksalla.

280 382 154 27 Kyrkoherden
457 383 87 26 Lyra:
567 382 132 27 Afgörandet
724 381 22 22 af
763 381 82 27 frägan,
865 382 105 21 huruvida
987 383 54 20 1873

211 412 34 21 års
260 411 128 26 kungörelse
403 411 66 21 borde
485 411 54 21 blott
554 411 101 21 afskaffas
671 411 39 21 och
726 417 26 14 en
768 411 103 26 återgång
886 411 37 21 ske
939 411 33 20 till
988 411 53 21 folk-

211 440 224 26 skoleförfattningen,
456 440 64 21 beror
534 440 28 26 pä
578 440 35 21 det
628 441 57 20 rätta
701 439 133 21 besvarande
850 439 22 21 af
885 439 87 27 frägan:
989 439 52 22 hvil-

211 469 37 21 ket
270 471 24 18 är
317 469 36 20 det
376 468 107 27 naturliga
508 470 71 25 sättet,
602 468 81 27 hvarpä
706 467 147 22 folkskolorna
872 468 6 20 i
895 468 59 21 detta
969 468 70 21 land
1026 463 15 36 i

211 497 116 22 allmänhet
343 497 62 21 skola
420 497 32 21 till
467 497 37 21 sitt
520 497 57 20 antal
594 497 101 21 tillväxa?
711 496 41 21 Om
768 497 30 20 uti
814 503 26 14 en
856 497 101 20 kommun
973 496 67 22 finnes

211 532 25 15 en
252 527 66 25 högre
334 525 113 25 folkskola,
463 525 84 22 hvilken
563 525 98 26 vanligen
677 527 24 19 är
716 525 100 26 placerad
832 525 34 21 vid
881 525 89 27 kyrkan,
987 525 53 21 hän-

211 555 38 20 der
275 555 40 20 lätt
337 556 32 19 att
392 560 25 15 en
440 553 91 27 aflägsen
554 554 34 21 del
604 554 23 21 af
642 553 136 28 församligen
795 553 34 21 vid
846 553 125 28 tilitagande
987 554 53 21 bild-

211 582 129 26 ningsbehof
361 582 68 21 finner
451 583 31 26 sig
507 582 89 21 behöfva
622 589 25 14 en
674 582 54 21 skild
752 582 67 21 skola.
850 583 32 20 Då
898 582 38 22 har
952 583 88 21 faktiskt

211 611 61 21 alltid
295 611 132 27 proceduren
443 611 54 21 varit
513 611 46 25 den,
576 613 32 19 att
624 611 36 21 det
675 611 40 20 har
730 610 73 22 hällits
818 610 221 26 kommunalstämma,

211 640 35 20 vid
261 640 86 21 hvilken
364 640 69 20 denna
448 640 34 20 del
497 640 22 20 af
534 639 150 26 församlingen
700 639 40 21 har
756 639 90 21 anhällit
862 646 32 14 om
907 642 31 18 att
951 639 20 21 fä
982 639 57 21 bilda

211 671 31 19 ett
264 668 65 21 skildt
351 668 140 21 skoldistrikt.
521 668 33 21 Dä
577 668 128 21 kommunen
725 668 7 20 i
748 668 32 21 sin
797 668 70 20 helhet
884 668 34 20 vid
933 670 105 19 stämman

211 697 88 27 beviljat
321 697 66 25 detta,
403 697 77 21 förstär
493 696 37 27 jag
545 696 19 27 ej
580 696 73 21 hvilka
668 696 76 21 hinder
759 702 50 15 man
825 696 36 21 vill
877 698 56 19 sätta
949 697 6 20 i
971 698 67 25 vägen

211 726 33 20 för
261 728 32 18 ett
308 728 48 24 nytt
371 725 144 21 skoldistrikts
530 726 122 26 uppkomst.
683 725 99 21 Fastmer
797 725 66 21 borde
878 731 49 14 man
943 725 97 21 deröfver

211 754 64 26 fägna
297 754 38 27 sig,
361 754 56 21 helst
440 754 36 21 det
498 755 62 25 utgör
583 756 31 19 ett
630 753 166 27 önskningsmäl,
812 756 32 18 att
859 754 80 20 sädana
955 754 84 20 distrikt

211 782 71 21 skulle
303 784 77 25 uppstä
395 783 6 20 i
417 782 127 21 kommunen
560 783 23 20 sä
599 783 77 25 mänga
691 788 45 15 som
750 782 88 27 möjligt,
855 782 23 20 sä
893 784 32 19 att
940 782 99 26 slutligen

210 811 73 26 hvarje
306 811 27 26 by
357 811 68 20 skulle
448 811 57 20 bilda
526 813 31 18 ett
579 811 77 20 sädant
679 810 91 21 distrikt.
801 811 34 20 Nu
850 812 63 24 utgör
928 810 111 27 onekligen

215 841 54 19 1873
295 840 34 21 ärs
351 839 127 26 kungörelse
501 845 25 15 en
542 839 89 21 hämsko
647 839 32 21 för
696 839 148 26 utvecklingen
861 839 21 20 af
897 839 142 21 folkskolevä-

211 869 75 20 sendet
308 868 65 21 redan
390 869 128 24 derigenom,
534 870 32 19 att
582 868 40 21 den
638 867 74 22 ställer
727 867 75 22 hinder
817 868 7 20 i
839 869 66 24 vägen
921 873 75 20 genom
1014 867 25 21 de

210 896 70 22 vilkor
296 897 44 20 deri
357 897 127 20 bestämmas
500 897 32 20 för
548 899 32 18 att
591 896 129 27 statsanslag
730 896 62 21 skola
802 895 87 27 beviljas
901 896 39 20 och
951 895 88 21 sälunda

211 924 123 22 afskräcker
357 925 121 21 menniskor
503 924 47 22 frän
572 927 32 19 att
619 931 37 15 ens
671 924 87 22 försöka
774 924 80 22 inrätta
870 930 40 21 nya
925 924 114 21 folkskole-

211 954 92 20 distrikt.
334 954 41 26 Jag
391 953 67 21 skulle
475 953 69 21 derför
560 960 51 14 anse
627 954 35 20 det
677 960 51 14 vara
744 953 22 21 af
780 952 96 27 praktisk
892 953 44 26 vigt
951 952 40 22 och
1003 953 36 20 be-

210 982 87 26 tydelse,
324 984 32 19 att
383 982 48 21 hela
454 982 69 21 denna
545 982 128 27 kungörelse
689 981 118 27 upphäfves
823 981 38 21 och
877 981 161 21 folkskolestad-

209 1017 67 20 garne
293 1011 62 21 träda
370 1011 7 21 i
392 1011 98 26 gällande
506 1011 63 21 kraft.

280 1068 111 21 Professor
413 1068 96 21 Cleve:
532 1068 46 21 Min
594 1068 64 26 afsigt
673 1069 24 19 är
712 1070 34 18 att
762 1067 55 21 blott
832 1069 97 19 närmare
946 1066 93 22 förklara

209 1097 172 26 slutpästäendet
396 1096 5 20 i
418 1097 47 21 mitt
481 1096 66 22 första
558 1096 143 27 andragande,
713 1096 89 21 emedan
815 1096 65 26 nägot
893 1095 145 22 missförständ

210 1126 61 21 deraf
285 1126 60 20 torde
361 1126 139 26 uppkommit.
530 1126 42 20 Det
587 1125 48 26 gick
651 1125 107 26 nämligen
774 1124 65 27 derpä
854 1127 29 22 ut,
901 1126 32 19 att
949 1124 89 21 Ständet

209 1154 70 21 skulle
302 1154 69 21 uttala
393 1154 40 21 den
456 1154 83 26 mening
564 1156 32 19 att
612 1154 40 21 den
668 1153 128 27 inspektion,
812 1159 45 15 som
874 1153 164 21 förnärvarande

208 1183 28 26 pä
252 1183 68 26 grund
336 1183 22 21 af
374 1184 23 20 11
415 1184 12 25 $
453 1184 7 20 i
477 1183 53 21 1866
547 1182 34 22 års
596 1183 126 25 förordning
736 1182 91 26 utöfvas,
843 1181 46 21 icke
905 1181 66 21 borde
987 1188 52 20 upp-

210 1211 81 21 häfvas.
321 1211 49 21 Men
394 1211 27 21 dä
439 1211 69 21 denna
523 1213 23 18 är
562 1217 26 15 en
604 1211 179 21 lokalinstitution
800 1210 39 21 och
855 1216 25 14 en
896 1209 121 27 inspektion
1032 1210 6 20 i

209 1239 73 22 vidare
298 1240 82 21 kretsar
396 1239 40 22 blir
452 1240 126 26 nödvändig,
595 1239 80 27 yrkade
688 1239 38 27 jag
742 1241 32 19 att
790 1239 25 20 de
827 1239 76 26 32,000
914 1238 66 27 mark,
993 1244 44 15 som

208 1269 57 20 varit
289 1268 122 27 föreslagna
430 1270 32 19 att
482 1269 70 20 ansläs
568 1268 32 21 till
616 1268 35 21 lön
668 1268 22 21 ät
706 1269 26 20 de
749 1267 78 21 länsvis
842 1267 98 20 anstälda
955 1267 83 26 inspek-

208 1300 94 23 torerna,
325 1297 65 21 borde
406 1297 74 21 ställas
495 1297 33 21 till
544 1297 174 26 öfverstyrelsens
734 1295 133 28 förfogande,
883 1296 24 21 sä
923 1298 32 18 att
971 1295 66 21 öfver-

208 1326 104 26 styrelsen
331 1326 69 21 skulle
425 1325 19 21 fi
464 1326 47 21 med
528 1325 62 21 dessa
605 1325 68 22 medel
689 1325 97 21 anordna
802 1331 25 14 en
843 1324 120 27 inspektion
980 1323 58 21 öfver

208 1354 49 21 hela
273 1355 78 26 landet,
367 1355 69 21 såsom
452 1354 110 21 ändamäls
578 1354 89 26 enligast
683 1360 57 19 vore,
756 1353 59 21 såväl
830 1353 6 21 i
852 1353 99 21 afseende
959 1348 13 37 ä
995 1352 42 21 till-

207 1383 83 26 gängen
307 1384 26 26 pä
349 1383 99 26 lämpliga
463 1389 101 20 personer
580 1389 44 15 som
642 1383 64 20 ocksä
722 1382 48 21 med
787 1382 81 26 hänsyn
880 1381 32 21 till
923 1381 114 21 folkskole-

207 1411 162 22 förhällandena
385 1411 205 27 öfverhufvudtaget.

277 1468 207 27 Kontraktsprosten
503 1468 155 21 Stenbäck:
674 1468 55 20 Mitä
746 1467 169 26 kansakoulujen
932 1467 105 21 tarkasta-

204 1498 40 25 jiin
267 1497 62 26 tulee,
352 1497 43 20 niin
417 1497 56 20 minä
488 1496 104 27 pyytäisin
609 1497 119 20 kannattaa
743 1496 115 26 professori
875 1495 78 21 Cleven
969 1494 68 21 mieli-

206 1525 90 26 pidettä,
320 1527 69 19 mutta
411 1525 101 21 tahtoisin
529 1525 75 21 lausua
620 1525 155 25 toivomuksen,
791 1526 45 19 että
852 1523 107 22 tarkastus
975 1523 61 27 säily-
