1103 1811
213 122 56 22 1368
430 127 162 18 Presteståndet
603 128 59 17 1882.
687 129 24 17 19
724 128 47 21 maj.

253 196 110 22 Professor
379 196 97 22 Cleve:
507 197 46 21 Här
566 196 39 22 har
620 196 51 22 visst
687 196 82 22 anförts
784 196 46 21 skäl
847 196 32 22 för
892 196 35 21 det
938 196 76 26 beslut,

184 225 59 22 hvari
268 225 160 22 Bondeståndet
444 227 92 23 stannat,
550 225 40 21 och
606 225 82 21 således
705 225 64 22 också
785 225 39 26 för,
836 227 32 19 att
883 225 132 21 Prestestån-

184 254 37 21 det
243 254 70 22 skulle
335 254 86 21 biträda
443 254 59 21 detta
524 253 76 22 beslut.
630 254 42 20 För
687 254 43 21 min
747 253 33 22 del
796 256 46 18 tror
855 254 36 27 jag
907 253 60 26 dock,
983 256 33 19 att

183 282 119 22 utskottets
322 283 85 26 förslag,
425 282 80 22 hvilket
522 282 65 22 också
605 282 199 22 öfverensstämmer
822 282 48 21 med
888 282 126 27 propositio-

183 317 47 19 nen,
247 312 39 19 har
302 313 25 19 än
345 317 44 15 mer
404 311 46 21 skäl
465 310 33 21 för
514 311 36 25 sig.
582 311 42 21 Det
639 311 60 20 heter
716 312 32 19 att
759 311 129 26 laudsvägen
898 310 54 22 skall
964 317 52 14 vara

184 339 47 22 från
248 339 13 21 8
277 339 32 22 till
328 340 24 21 12
369 339 60 22 alnar
444 339 58 21 bred.
525 339 65 21 Detta
606 339 88 21 innebär
705 339 47 21 icke
763 341 32 19 att
808 339 129 26 landsvägen
947 339 68 21 under

183 367 48 22 hela
255 367 32 22 sin
309 368 123 26 sträckning
454 368 55 21 skall
532 368 72 21 kunna
619 367 129 22 bestämmas
764 368 32 21 till
814 369 24 20 12
855 367 69 22 alnars
941 367 73 26 bredd,

183 399 51 18 utan
261 397 36 21 det
320 396 89 21 innevär
431 398 33 19 att
486 396 129 27 landsvägen
638 396 53 21 skall
714 396 80 27 byggas
814 397 54 20 efter
883 396 131 26 omständig-

184 424 91 22 heterna
296 425 69 22 8—12
386 425 59 21 alnar
467 425 58 21 bred.
556 425 37 21 Att
618 425 146 21 förhållanden
781 424 120 26 förefinnas,
917 431 45 14 som
978 424 36 27 på-

183 453 59 21 kalla
265 459 26 16 en
315 453 65 22 bredd
398 454 55 21 ända
470 453 30 21 till
524 455 25 20 12
566 453 66 26 alnar,
646 454 60 20 torde
722 453 20 27 ej
758 455 72 20 kunna
847 453 70 21 nekas.
949 453 66 21 Detta

184 481 97 22 inträffar
304 482 122 27 visserligen
447 483 45 26 just
514 482 27 27 på
564 483 80 20 sådana
666 482 85 25 ställen,
774 482 37 21 der
834 482 36 21 det
885 481 61 22 äfven
962 481 53 27 eljes

184 509 40 22 blir
248 511 48 26 dyrt
319 513 33 19 att
375 511 67 26 bygga
458 513 46 24 väg,
522 511 32 20 för
570 513 38 23 att,
623 511 123 26 isynnerhet
762 511 38 20 der
816 510 90 21 trafiken
922 512 23 19 är
961 513 52 23 stor,

184 539 90 21 resande
297 539 60 22 skola
380 539 70 21 kunna
474 539 67 27 slippa
563 539 54 21 förbi
642 539 128 25 hvarandra,
786 542 51 18 utan
854 539 86 22 lifsfara.
971 539 42 21 Det

183 567 69 22 skulle
275 568 115 26 ingalunda
413 574 50 15 vara
485 568 90 21 trafiken
590 568 6 20 i
613 568 46 21 vårt
678 568 50 21 land
744 567 32 22 till
792 574 62 20 gagn,
870 574 33 15 om
921 573 46 16 man
984 574 29 14 nu

185 595 68 22 skulle
277 596 68 21 införa
366 603 25 13 en
408 597 137 25 bestämning,
562 603 44 14 som
623 596 68 21 skulle
708 597 50 26 tyda
773 597 34 26 på,
824 598 31 19 att
871 597 68 20 denna
950 595 63 21 trafik

185 626 23 19 är
224 624 82 22 mindre
323 631 27 15 nu
366 626 26 20 än
409 625 39 21 den
464 631 38 14 var
516 624 34 21 för
567 625 40 21 150
622 626 24 20 år
661 625 72 21 sedan.

254 693 70 21 Sedan
341 693 144 22 diskussionen
502 694 86 20 härmed
600 693 115 21 förklarats
732 693 100 25 afslutad,
844 693 69 21 beslöt
923 692 90 22 Ståndet

184 722 28 26 på
227 721 155 27 framställning
398 722 22 20 af
434 722 49 21 herr
497 722 174 21 Talmannen
687 722 48 21 med
755 723 24 20 16
795 724 69 19 röster
879 723 44 19 mot
941 722 23 20 15
981 724 33 18 att

185 752 80 25 antaga
288 750 170 22 Bondeståndets
478 750 124 27 inbjudning
620 751 7 21 i
643 751 69 21 denna
736 751 40 25 del,
792 750 39 22 och
848 750 67 22 skulle
931 750 83 21 således

186 779 12 26 $
215 780 11 19 6
243 779 32 20 uti
291 779 161 27 ifrågavarande
471 778 214 27 författningsförslag
701 780 162 20 omformuleras
880 778 85 24 derhän,
981 781 33 18 att

185 807 142 27 landsvägens
345 807 76 28 högsta
442 807 65 21 bredd
529 807 89 21 emellan
638 807 77 22 dikena
731 808 46 20 icke
794 807 91 22 behöfde
900 807 115 27 öfverstiga

187 836 26 21 10
228 836 66 21 alnar.

257 898 50 21 Med
323 898 113 27 anledning
452 898 23 21 af
488 898 170 21 Bondeständets
675 899 125 25 inbjudning
816 899 90 20 rörande
922 899 10 25 $
945 899 26 20 10
981 900 33 18 att

187 927 65 21 orden
273 943 10 9 ,
287 926 90 22 kahteen
401 929 73 19 sataan
496 926 129 22 markkaan*
642 927 39 21 och
699 927 55 23 ,200
770 927 75 20 mark"
862 929 54 19 samt
932 926 81 27 ,neljän

186 956 91 26 päivän*
302 956 38 20 och
361 955 59 27 ,fyra
443 956 77 26 dagar*
537 956 69 20 skulle
622 956 77 20 ändras
715 955 31 21 till
762 955 98 26 ,,neljään
876 956 137 26 kymmeneen

186 984 131 21 markkaan*
335 984 39 21 och
391 984 90 26 ,fyratio
498 984 70 21 mark”
585 986 54 18 samt
655 984 31 21 till
705 984 151 26 ,,neljäntoista
872 984 85 26 päivän*
974 984 39 20 och

185 1012 93 26 »fjorton
295 1013 86 26 dagar",
396 1012 84 27 yttrade
495 1012 32 27 sig
542 1012 92 27 följande
650 1013 76 20 talare:

254 1080 112 22 Professor
389 1081 142 25 Forsman,
551 1081 31 21 J.:
614 1081 144 25 Mietinnössä,
774 1080 66 27 jonka
856 1082 57 19 tässä
929 1080 83 21 kohden

186 1109 97 27 myöskin
298 1110 138 26 Pappissääty
452 1115 27 15 on
495 1109 137 27 hyväksynyt,
644 1116 26 14 on
687 1111 106 25 määrätty
810 1110 62 20 sakot
887 1110 41 20 200
944 1108 68 22 mark-

185 1138 54 20 kaan
264 1138 48 25 asti,
329 1144 52 15 vaan
403 1138 212 27 Talonpoikaissääty
636 1144 26 14 on
679 1138 135 25 ehdottanut,
833 1140 45 19 että
896 1137 52 21 niitä
963 1137 50 21 saisi

185 1168 98 19 määrätä
305 1167 123 21 ainoastaan
449 1168 27 20 40
492 1166 115 21 markkaan
624 1167 45 21 asti.
702 1166 58 21 Minä
776 1166 119 27 puolestani
911 1166 102 21 tahtoisin

185 1196 58 19 tässä
259 1195 84 21 kohden
359 1196 115 19 kannattaa
489 1194 232 27 Talonpoikaissäädyn
733 1195 121 21 ehdotusta.
881 1194 48 27 Syy,
942 1195 73 20 minkä

185 1223 80 21 tähden
282 1223 210 27 Talonpoikaissääty
508 1229 26 15 on
551 1223 99 21 tahtonut
666 1225 58 19 tässä
735 1223 62 22 sakot
808 1223 167 25 alennettaviksi,
987 1229 25 14 on

184 1251 123 22 nähtävästi
322 1258 21 15 se
359 1252 65 21 kuten
440 1252 62 21 herra
518 1251 67 22 Lilius
600 1252 158 27 aamupäivällä
773 1252 127 25 huomautti,
915 1253 44 20 että
975 1257 38 20 py-

184 1280 86 21 kälässä
286 1281 124 20 mainitusta
425 1280 201 27 laiminlyömisestä,
640 1281 51 26 joka
707 1281 93 26 helposti
812 1281 52 20 voisi
876 1282 69 19 sattua
956 1280 57 21 mille

184 1309 184 21 urakkamiehelle
384 1309 95 26 tahansa,
496 1309 56 21 tulee
566 1309 126 26 jokseenkin
708 1309 82 21 korkea
806 1309 143 25 edesvastaus,
957 1308 22 27 ja
991 1314 23 15 se

185 1338 52 21 voisi
260 1338 95 27 pelottaa
379 1337 108 22 montakin
503 1337 160 22 urakkamiestä
679 1339 139 20 tämmöiseen
834 1337 91 21 toimeen
941 1337 73 27 ryhty-

184 1367 77 20 mästä.
291 1366 66 21 Tämä
380 1366 154 21 luonnollisesti
558 1366 122 21 vaikuttaisi
705 1373 43 20 sen,
773 1368 45 19 että
841 1366 170 21 urakkamiesten

183 1395 144 21 vaatimukset
345 1395 117 20 nousisivat
477 1395 165 21 korkeammiksi
658 1395 49 21 kuin
725 1395 101 21 muutoin.
859 1395 69 20 Herra
943 1394 70 21 Rune-

184 1423 52 26 berg
253 1429 27 15 on
296 1425 71 19 tämän
384 1423 84 21 kohdan
484 1423 88 21 suhteen
590 1423 164 22 huomauttanut
770 1423 55 26 siitä,
843 1425 44 19 että
900 1423 33 26 jos
947 1423 66 20 kohta

185 1451 109 21 siltavouti
317 1452 30 20 tai
360 1452 53 26 joku
428 1458 49 14 muu
493 1452 91 20 kanteen
600 1453 94 24 nostaisi,
711 1452 43 20 niin
771 1452 40 20 hän
828 1451 18 21 ei
863 1451 149 21 kumminkaan

184 1486 37 15 saa
244 1482 97 19 määrätä
363 1480 87 23 sakkoa,
474 1486 53 14 vaan
550 1486 37 15 sen
611 1480 61 21 tekee
695 1480 81 26 oikeus,
791 1480 22 26 ja
829 1480 67 21 koska
912 1481 58 19 tässä
985 1485 26 15 on

183 1509 119 20 asteelliset
317 1509 67 20 sakon
400 1510 88 24 määrät,
503 1509 43 20 niin
563 1509 18 20 ei
598 1508 46 21 olisi
660 1515 64 14 vaara
740 1509 66 20 suuri.
831 1508 69 21 Mutta
916 1508 44 21 asia
971 1508 41 26 käy
