<?xml version="1.0" encoding="UTF-8"?>
<alto xmlns="http://www.loc.gov/standards/alto/ns-v3#" xmlns:xlink="http://www.w3.org/1999/xlink" xmlns:xsi="http://www.w3.org/2001/XMLSchema-instance" xsi:schemaLocation="http://www.loc.gov/standards/alto/ns-v3# http://www.loc.gov/alto/v3/alto-3-0.xsd">
	<Description>
		<MeasurementUnit>pixel</MeasurementUnit>
		<sourceImageInformation>
			<fileName>/tmp/tess_f1rvk2_j_input.PNG</fileName>
		</sourceImageInformation>
		<OCRProcessing ID="OCR_0">
			<ocrProcessingStep>
				<processingSoftware>
					<softwareName>tesseract 5.3.4</softwareName>
				</processingSoftware>
			</ocrProcessingStep>
		</OCRProcessing>
	</Description>
	<Layout>
		<Page WIDTH="1103" HEIGHT="1811" PHYSICAL_IMG_NR="0" ID="page_0">
			<PrintSpace HPOS="0" VPOS="0" WIDTH="1103" HEIGHT="1811">
				<GraphicalElement ID="cblock_0" HPOS="0" VPOS="372" WIDTH="5" HEIGHT="571"></GraphicalElement >
				<ComposedBlock ID="cblock_1" HPOS="228" VPOS="134" WIDTH="568" HEIGHT="26">
					<TextBlock ID="block_0" HPOS="228" VPOS="134" WIDTH="568" HEIGHT="26">
						<TextLine ID="line_0" HPOS="228" VPOS="134" WIDTH="568" HEIGHT="26">
							<String ID="string_0" HPOS="228" VPOS="134" WIDTH="55" HEIGHT="21" WC="0.96" CONTENT="1402"/><SP WIDTH="168" VPOS="134" HPOS="283"/>
							<String ID="string_1" HPOS="451" VPOS="138" WIDTH="163" HEIGHT="18" WC="0.92" CONTENT="Presteståndet"/><SP WIDTH="11" VPOS="138" HPOS="614"/>
							<String ID="string_2" HPOS="625" VPOS="140" WIDTH="59" HEIGHT="17" WC="0.96" CONTENT="1882."/><SP WIDTH="25" VPOS="140" HPOS="684"/>
							<String ID="string_3" HPOS="709" VPOS="140" WIDTH="27" HEIGHT="17" WC="0.90" CONTENT="22"/><SP WIDTH="12" VPOS="140" HPOS="736"/>
							<String ID="string_4" HPOS="748" VPOS="140" WIDTH="48" HEIGHT="20" WC="0.96" CONTENT="maj."/>
						</TextLine>
					</TextBlock>
				</ComposedBlock>
				<GraphicalElement ID="cblock_2" HPOS="198" VPOS="163" WIDTH="828" HEIGHT="13"></GraphicalElement >
				<ComposedBlock ID="cblock_3" HPOS="245" VPOS="276" WIDTH="729" HEIGHT="35">
					<TextBlock ID="block_1" HPOS="245" VPOS="276" WIDTH="729" HEIGHT="35">
						<TextLine ID="line_1" HPOS="245" VPOS="276" WIDTH="729" HEIGHT="35">
							<String ID="string_5" HPOS="245" VPOS="276" WIDTH="159" HEIGHT="34" WC="0.96" CONTENT="Måndagen"/><SP WIDTH="19" VPOS="276" HPOS="404"/>
							<String ID="string_6" HPOS="423" VPOS="277" WIDTH="55" HEIGHT="27" WC="0.96" CONTENT="den"/><SP WIDTH="20" VPOS="277" HPOS="478"/>
							<String ID="string_7" HPOS="498" VPOS="276" WIDTH="36" HEIGHT="26" WC="0.96" CONTENT="22"/><SP WIDTH="20" VPOS="276" HPOS="534"/>
							<String ID="string_8" HPOS="554" VPOS="277" WIDTH="56" HEIGHT="34" WC="0.96" CONTENT="maj"/><SP WIDTH="21" VPOS="277" HPOS="610"/>
							<String ID="string_9" HPOS="631" VPOS="277" WIDTH="40" HEIGHT="27" WC="0.96" CONTENT="kl."/><SP WIDTH="20" VPOS="277" HPOS="671"/>
							<String ID="string_10" HPOS="691" VPOS="277" WIDTH="28" HEIGHT="26" WC="0.95" CONTENT="11"/><SP WIDTH="19" VPOS="277" HPOS="719"/>
							<String ID="string_11" HPOS="738" VPOS="278" WIDTH="59" HEIGHT="25" WC="0.96" CONTENT="före"/><SP WIDTH="19" VPOS="278" HPOS="797"/>
							<String ID="string_12" HPOS="816" VPOS="276" WIDTH="158" HEIGHT="34" WC="0.96" CONTENT="middagen."/>
						</TextLine>
					</TextBlock>
				</ComposedBlock>
				<ComposedBlock ID="cblock_4" HPOS="198" VPOS="345" WIDTH="828" HEIGHT="55">
					<TextBlock ID="block_2" HPOS="198" VPOS="345" WIDTH="828" HEIGHT="55">
						<TextLine ID="line_2" HPOS="269" VPOS="345" WIDTH="757" HEIGHT="28">
							<String ID="string_13" HPOS="269" VPOS="345" WIDTH="172" HEIGHT="22" WC="0.95" CONTENT="Sammanträdet"/><SP WIDTH="23" VPOS="345" HPOS="441"/>
							<String ID="string_14" HPOS="464" VPOS="346" WIDTH="108" HEIGHT="26" WC="0.96" CONTENT="öppnades"/><SP WIDTH="21" VPOS="346" HPOS="572"/>
							<String ID="string_15" HPOS="593" VPOS="346" WIDTH="48" HEIGHT="21" WC="0.96" CONTENT="med"/><SP WIDTH="22" VPOS="346" HPOS="641"/>
							<String ID="string_16" HPOS="663" VPOS="346" WIDTH="21" HEIGHT="21" WC="0.95" CONTENT="af"/><SP WIDTH="14" VPOS="346" HPOS="684"/>
							<String ID="string_17" HPOS="698" VPOS="349" WIDTH="85" HEIGHT="24" WC="0.87" CONTENT="prosten"/><SP WIDTH="24" VPOS="349" HPOS="783"/>
							<String ID="string_18" HPOS="807" VPOS="346" WIDTH="168" HEIGHT="26" WC="0.95" CONTENT="Rosengren"/><SP WIDTH="25" VPOS="346" HPOS="975"/>
							<String ID="string_19" HPOS="1000" VPOS="345" WIDTH="26" HEIGHT="26" WC="0.96" CONTENT="på"/>
						</TextLine>
						<TextLine ID="line_3" HPOS="198" VPOS="373" WIDTH="321" HEIGHT="27">
							<String ID="string_20" HPOS="198" VPOS="373" WIDTH="71" HEIGHT="22" WC="0.96" CONTENT="finska"/><SP WIDTH="15" VPOS="373" HPOS="269"/>
							<String ID="string_21" HPOS="284" VPOS="374" WIDTH="87" HEIGHT="26" WC="0.96" CONTENT="språket"/><SP WIDTH="15" VPOS="374" HPOS="371"/>
							<String ID="string_22" HPOS="386" VPOS="374" WIDTH="69" HEIGHT="21" WC="0.96" CONTENT="hållen"/><SP WIDTH="17" VPOS="374" HPOS="455"/>
							<String ID="string_23" HPOS="472" VPOS="375" WIDTH="47" HEIGHT="20" WC="0.96" CONTENT="bön."/>
						</TextLine>
					</TextBlock>
				</ComposedBlock>
				<ComposedBlock ID="cblock_5" HPOS="200" VPOS="528" WIDTH="827" HEIGHT="56">
					<TextBlock ID="block_3" HPOS="200" VPOS="528" WIDTH="827" HEIGHT="56">
						<TextLine ID="line_4" HPOS="270" VPOS="528" WIDTH="757" HEIGHT="28">
							<String ID="string_24" HPOS="270" VPOS="529" WIDTH="41" HEIGHT="20" WC="0.93" CONTENT="Vid"/><SP WIDTH="17" VPOS="529" HPOS="311"/>
							<String ID="string_25" HPOS="328" VPOS="529" WIDTH="50" HEIGHT="20" WC="0.91" CONTENT="derå"/><SP WIDTH="17" VPOS="529" HPOS="378"/>
							<String ID="string_26" HPOS="395" VPOS="528" WIDTH="22" HEIGHT="21" WC="0.93" CONTENT="af"/><SP WIDTH="15" VPOS="528" HPOS="417"/>
							<String ID="string_27" HPOS="432" VPOS="529" WIDTH="99" HEIGHT="21" WC="0.91" CONTENT="Ståndets"/><SP WIDTH="17" VPOS="529" HPOS="531"/>
							<String ID="string_28" HPOS="548" VPOS="529" WIDTH="132" HEIGHT="21" WC="0.91" CONTENT="sekreterare"/><SP WIDTH="16" VPOS="529" HPOS="680"/>
							<String ID="string_29" HPOS="696" VPOS="529" WIDTH="118" HEIGHT="22" WC="0.91" CONTENT="verkstäldt"/><SP WIDTH="16" VPOS="529" HPOS="814"/>
							<String ID="string_30" HPOS="830" VPOS="535" WIDTH="80" HEIGHT="21" WC="0.93" CONTENT="upprop"/><SP WIDTH="14" VPOS="535" HPOS="910"/>
							<String ID="string_31" HPOS="924" VPOS="529" WIDTH="103" HEIGHT="21" WC="0.91" CONTENT="befunnos"/>
						</TextLine>
						<TextLine ID="line_5" HPOS="200" VPOS="557" WIDTH="480" HEIGHT="27">
							<String ID="string_32" HPOS="200" VPOS="557" WIDTH="98" HEIGHT="27" WC="0.91" CONTENT="samtlige"/><SP WIDTH="15" VPOS="557" HPOS="298"/>
							<String ID="string_33" HPOS="313" VPOS="557" WIDTH="213" HEIGHT="22" WC="0.90" CONTENT="ståndsmedlemmar"/><SP WIDTH="16" VPOS="557" HPOS="526"/>
							<String ID="string_34" HPOS="542" VPOS="558" WIDTH="138" HEIGHT="21" WC="0.96" CONTENT="närvarande."/>
						</TextLine>
					</TextBlock>
				</ComposedBlock>
				<ComposedBlock ID="cblock_6" HPOS="200" VPOS="700" WIDTH="829" HEIGHT="113">
					<TextBlock ID="block_4" HPOS="200" VPOS="700" WIDTH="829" HEIGHT="113">
						<TextLine ID="line_6" HPOS="271" VPOS="700" WIDTH="758" HEIGHT="27">
							<String ID="string_35" HPOS="271" VPOS="700" WIDTH="55" HEIGHT="21" WC="0.96" CONTENT="Herr"/><SP WIDTH="22" VPOS="700" HPOS="326"/>
							<String ID="string_36" HPOS="348" VPOS="700" WIDTH="175" HEIGHT="21" WC="0.92" CONTENT="Talmannen"/><SP WIDTH="22" VPOS="700" HPOS="523"/>
							<String ID="string_37" HPOS="545" VPOS="700" WIDTH="145" HEIGHT="27" WC="0.91" CONTENT="tillkännagaf,"/><SP WIDTH="23" VPOS="700" HPOS="690"/>
							<String ID="string_38" HPOS="713" VPOS="702" WIDTH="37" HEIGHT="21" WC="0.96" CONTENT="att,"/><SP WIDTH="24" VPOS="702" HPOS="750"/>
							<String ID="string_39" HPOS="774" VPOS="700" WIDTH="66" HEIGHT="27" WC="0.93" CONTENT="enligt"/><SP WIDTH="23" VPOS="700" HPOS="840"/>
							<String ID="string_40" HPOS="863" VPOS="700" WIDTH="166" HEIGHT="22" WC="0.89" CONTENT="talmanskonfe-"/>
						</TextLine>
						<TextLine ID="line_7" HPOS="201" VPOS="729" WIDTH="827" HEIGHT="26">
							<String ID="string_41" HPOS="201" VPOS="735" WIDTH="87" HEIGHT="15" WC="0.91" CONTENT="rensens"/><SP WIDTH="19" VPOS="735" HPOS="288"/>
							<String ID="string_42" HPOS="307" VPOS="729" WIDTH="70" HEIGHT="21" WC="0.93" CONTENT="beslut"/><SP WIDTH="19" VPOS="729" HPOS="377"/>
							<String ID="string_43" HPOS="396" VPOS="729" WIDTH="62" HEIGHT="26" WC="0.92" CONTENT="plena"/><SP WIDTH="20" VPOS="729" HPOS="458"/>
							<String ID="string_44" HPOS="478" VPOS="729" WIDTH="84" HEIGHT="21" WC="0.96" CONTENT="komme"/><SP WIDTH="22" VPOS="729" HPOS="562"/>
							<String ID="string_45" HPOS="584" VPOS="731" WIDTH="31" HEIGHT="19" WC="0.96" CONTENT="att"/><SP WIDTH="17" VPOS="731" HPOS="615"/>
							<String ID="string_46" HPOS="632" VPOS="729" WIDTH="67" HEIGHT="21" WC="0.96" CONTENT="hållas"/><SP WIDTH="16" VPOS="729" HPOS="699"/>
							<String ID="string_47" HPOS="715" VPOS="730" WIDTH="67" HEIGHT="20" WC="0.96" CONTENT="under"/><SP WIDTH="18" VPOS="730" HPOS="782"/>
							<String ID="string_48" HPOS="800" VPOS="729" WIDTH="67" HEIGHT="21" WC="0.96" CONTENT="denna"/><SP WIDTH="16" VPOS="729" HPOS="867"/>
							<String ID="string_49" HPOS="883" VPOS="730" WIDTH="71" HEIGHT="23" WC="0.96" CONTENT="vecka,"/><SP WIDTH="16" VPOS="730" HPOS="954"/>
							<String ID="string_50" HPOS="970" VPOS="731" WIDTH="58" HEIGHT="19" WC="0.96" CONTENT="utom"/>
						</TextLine>
						<TextLine ID="line_8" HPOS="200" VPOS="757" WIDTH="828" HEIGHT="27">
							<String ID="string_51" HPOS="200" VPOS="757" WIDTH="6" HEIGHT="21" WC="0.96" CONTENT="i"/><SP WIDTH="17" VPOS="757" HPOS="206"/>
							<String ID="string_52" HPOS="223" VPOS="758" WIDTH="41" HEIGHT="26" WC="0.96" CONTENT="dag"/><SP WIDTH="23" VPOS="758" HPOS="264"/>
							<String ID="string_53" HPOS="287" VPOS="758" WIDTH="99" HEIGHT="25" WC="0.96" CONTENT="måndag,"/><SP WIDTH="16" VPOS="758" HPOS="386"/>
							<String ID="string_54" HPOS="402" VPOS="758" WIDTH="5" HEIGHT="20" WC="0.96" CONTENT="i"/><SP WIDTH="16" VPOS="758" HPOS="407"/>
							<String ID="string_55" HPOS="423" VPOS="757" WIDTH="69" HEIGHT="27" WC="0.96" CONTENT="tisdag"/><SP WIDTH="21" VPOS="757" HPOS="492"/>
							<String ID="string_56" HPOS="513" VPOS="758" WIDTH="27" HEIGHT="26" WC="0.96" CONTENT="på"/><SP WIDTH="16" VPOS="758" HPOS="540"/>
							<String ID="string_57" HPOS="556" VPOS="758" WIDTH="173" HEIGHT="26" WC="0.95" CONTENT="eftermiddagen,"/><SP WIDTH="24" VPOS="758" HPOS="729"/>
							<String ID="string_58" HPOS="753" VPOS="758" WIDTH="87" HEIGHT="26" WC="0.96" CONTENT="torsdag"/><SP WIDTH="23" VPOS="758" HPOS="840"/>
							<String ID="string_59" HPOS="863" VPOS="758" WIDTH="53" HEIGHT="20" WC="0.93" CONTENT="både"/><SP WIDTH="15" VPOS="758" HPOS="916"/>
							<String ID="string_60" HPOS="931" VPOS="758" WIDTH="42" HEIGHT="21" WC="0.90" CONTENT="för-"/><SP WIDTH="17" VPOS="758" HPOS="973"/>
							<String ID="string_61" HPOS="990" VPOS="758" WIDTH="38" HEIGHT="21" WC="0.96" CONTENT="och"/>
						</TextLine>
						<TextLine ID="line_9" HPOS="200" VPOS="786" WIDTH="828" HEIGHT="27">
							<String ID="string_62" HPOS="200" VPOS="786" WIDTH="148" HEIGHT="26" WC="0.96" CONTENT="eftermiddag,"/><SP WIDTH="23" VPOS="786" HPOS="348"/>
							<String ID="string_63" HPOS="371" VPOS="786" WIDTH="71" HEIGHT="26" WC="0.96" CONTENT="fredag"/><SP WIDTH="22" VPOS="786" HPOS="442"/>
							<String ID="string_64" HPOS="464" VPOS="787" WIDTH="26" HEIGHT="25" WC="0.96" CONTENT="på"/><SP WIDTH="16" VPOS="787" HPOS="490"/>
							<String ID="string_65" HPOS="506" VPOS="786" WIDTH="167" HEIGHT="27" WC="0.96" CONTENT="eftermiddagen"/><SP WIDTH="16" VPOS="786" HPOS="673"/>
							<String ID="string_66" HPOS="689" VPOS="786" WIDTH="40" HEIGHT="21" WC="0.96" CONTENT="och"/><SP WIDTH="15" VPOS="786" HPOS="729"/>
							<String ID="string_67" HPOS="744" VPOS="786" WIDTH="75" HEIGHT="27" WC="0.96" CONTENT="lördag"/><SP WIDTH="16" VPOS="786" HPOS="819"/>
							<String ID="string_68" HPOS="835" VPOS="786" WIDTH="27" HEIGHT="27" WC="0.96" CONTENT="på"/><SP WIDTH="15" VPOS="786" HPOS="862"/>
							<String ID="string_69" HPOS="877" VPOS="786" WIDTH="151" HEIGHT="27" WC="0.96" CONTENT="förmiddagen."/>
						</TextLine>
					</TextBlock>
				</ComposedBlock>
				<ComposedBlock ID="cblock_7" HPOS="199" VPOS="842" WIDTH="831" HEIGHT="108">
					<TextBlock ID="block_5" HPOS="199" VPOS="842" WIDTH="831" HEIGHT="108">
						<TextLine ID="line_10" HPOS="271" VPOS="842" WIDTH="758" HEIGHT="27">
							<String ID="string_70" HPOS="271" VPOS="843" WIDTH="56" HEIGHT="20" WC="0.96" CONTENT="Herr"/><SP WIDTH="15" VPOS="843" HPOS="327"/>
							<String ID="string_71" HPOS="342" VPOS="842" WIDTH="173" HEIGHT="22" WC="0.94" CONTENT="Talmannen"/><SP WIDTH="17" VPOS="842" HPOS="515"/>
							<String ID="string_72" HPOS="532" VPOS="843" WIDTH="124" HEIGHT="21" WC="0.96" CONTENT="meddelade"/><SP WIDTH="16" VPOS="843" HPOS="656"/>
							<String ID="string_73" HPOS="672" VPOS="843" WIDTH="72" HEIGHT="21" WC="0.96" CONTENT="vidare"/><SP WIDTH="16" VPOS="843" HPOS="744"/>
							<String ID="string_74" HPOS="760" VPOS="845" WIDTH="32" HEIGHT="19" WC="0.96" CONTENT="att"/><SP WIDTH="18" VPOS="845" HPOS="792"/>
							<String ID="string_75" HPOS="810" VPOS="843" WIDTH="25" HEIGHT="21" WC="0.93" CONTENT="de"/><SP WIDTH="11" VPOS="843" HPOS="835"/>
							<String ID="string_76" HPOS="846" VPOS="843" WIDTH="119" HEIGHT="26" WC="0.91" CONTENT="petitioner,"/><SP WIDTH="12" VPOS="843" HPOS="965"/>
							<String ID="string_77" HPOS="977" VPOS="843" WIDTH="52" HEIGHT="20" WC="0.91" CONTENT="hvil-"/>
						</TextLine>
						<TextLine ID="line_11" HPOS="201" VPOS="871" WIDTH="828" HEIGHT="28">
							<String ID="string_78" HPOS="201" VPOS="871" WIDTH="38" HEIGHT="21" WC="0.95" CONTENT="kas"/><SP WIDTH="16" VPOS="871" HPOS="239"/>
							<String ID="string_79" HPOS="255" VPOS="871" WIDTH="155" HEIGHT="21" WC="0.96" CONTENT="förberedande"/><SP WIDTH="15" VPOS="871" HPOS="410"/>
							<String ID="string_80" HPOS="425" VPOS="871" WIDTH="129" HEIGHT="28" WC="0.96" CONTENT="behandling"/><SP WIDTH="10" VPOS="871" HPOS="554"/>
							<String ID="string_81" HPOS="564" VPOS="871" WIDTH="56" HEIGHT="22" WC="0.95" CONTENT="inom"/><SP WIDTH="12" VPOS="871" HPOS="620"/>
							<String ID="string_82" HPOS="632" VPOS="872" WIDTH="109" HEIGHT="21" WC="0.95" CONTENT="utskotten"/><SP WIDTH="12" VPOS="872" HPOS="741"/>
							<String ID="string_83" HPOS="753" VPOS="872" WIDTH="47" HEIGHT="21" WC="0.92" CONTENT="icke"/><SP WIDTH="11" VPOS="872" HPOS="800"/>
							<String ID="string_84" HPOS="811" VPOS="871" WIDTH="142" HEIGHT="23" WC="0.91" CONTENT="medhunnits,"/><SP WIDTH="12" VPOS="871" HPOS="953"/>
							<String ID="string_85" HPOS="965" VPOS="871" WIDTH="64" HEIGHT="22" WC="0.96" CONTENT="borde"/>
						</TextLine>
						<TextLine ID="line_12" HPOS="199" VPOS="899" WIDTH="831" HEIGHT="27">
							<String ID="string_86" HPOS="199" VPOS="900" WIDTH="66" HEIGHT="26" WC="0.95" CONTENT="jämte"/><SP WIDTH="23" VPOS="900" HPOS="265"/>
							<String ID="string_87" HPOS="288" VPOS="899" WIDTH="98" HEIGHT="21" WC="0.96" CONTENT="anmälan"/><SP WIDTH="21" VPOS="899" HPOS="386"/>
							<String ID="string_88" HPOS="407" VPOS="899" WIDTH="73" HEIGHT="21" WC="0.96" CONTENT="härom"/><SP WIDTH="16" VPOS="899" HPOS="480"/>
							<String ID="string_89" HPOS="496" VPOS="900" WIDTH="32" HEIGHT="20" WC="0.95" CONTENT="till"/><SP WIDTH="21" VPOS="900" HPOS="528"/>
							<String ID="string_90" HPOS="549" VPOS="900" WIDTH="25" HEIGHT="20" WC="0.97" CONTENT="de"/><SP WIDTH="17" VPOS="900" HPOS="574"/>
							<String ID="string_91" HPOS="591" VPOS="900" WIDTH="73" HEIGHT="26" WC="0.96" CONTENT="Stånd,"/><SP WIDTH="17" VPOS="900" HPOS="664"/>
							<String ID="string_92" HPOS="681" VPOS="901" WIDTH="46" HEIGHT="20" WC="0.96" CONTENT="från"/><SP WIDTH="17" VPOS="901" HPOS="727"/>
							<String ID="string_93" HPOS="744" VPOS="901" WIDTH="72" HEIGHT="20" WC="0.96" CONTENT="hvilka"/><SP WIDTH="16" VPOS="901" HPOS="816"/>
							<String ID="string_94" HPOS="832" VPOS="901" WIDTH="107" HEIGHT="20" WC="0.96" CONTENT="desamma"/><SP WIDTH="15" VPOS="901" HPOS="939"/>
							<String ID="string_95" HPOS="954" VPOS="901" WIDTH="76" HEIGHT="25" WC="0.96" CONTENT="utgått,"/>
						</TextLine>
						<TextLine ID="line_13" HPOS="201" VPOS="928" WIDTH="175" HEIGHT="22">
							<String ID="string_96" HPOS="201" VPOS="928" WIDTH="175" HEIGHT="22" WC="0.91" CONTENT="återremitteras."/>
						</TextLine>
					</TextBlock>
				</ComposedBlock>
				<ComposedBlock ID="cblock_8" HPOS="201" VPOS="985" WIDTH="830" HEIGHT="135">
					<TextBlock ID="block_6" HPOS="201" VPOS="985" WIDTH="830" HEIGHT="135">
						<TextLine ID="line_14" HPOS="272" VPOS="985" WIDTH="758" HEIGHT="22">
							<String ID="string_97" HPOS="272" VPOS="985" WIDTH="113" HEIGHT="21" WC="0.92" CONTENT="Likaledes"/><SP WIDTH="23" VPOS="985" HPOS="385"/>
							<String ID="string_98" HPOS="408" VPOS="985" WIDTH="122" HEIGHT="21" WC="0.96" CONTENT="meddelade"/><SP WIDTH="17" VPOS="985" HPOS="530"/>
							<String ID="string_99" HPOS="547" VPOS="986" WIDTH="49" HEIGHT="20" WC="0.96" CONTENT="herr"/><SP WIDTH="23" VPOS="986" HPOS="596"/>
							<String ID="string_100" HPOS="619" VPOS="986" WIDTH="176" HEIGHT="21" WC="0.95" CONTENT="Talmannen"/><SP WIDTH="25" VPOS="986" HPOS="795"/>
							<String ID="string_101" HPOS="820" VPOS="988" WIDTH="31" HEIGHT="18" WC="0.92" CONTENT="att"/><SP WIDTH="16" VPOS="988" HPOS="851"/>
							<String ID="string_102" HPOS="867" VPOS="985" WIDTH="163" HEIGHT="21" WC="0.92" CONTENT="talmanskonfe-"/>
						</TextLine>
						<TextLine ID="line_15" HPOS="201" VPOS="1014" WIDTH="829" HEIGHT="27">
							<String ID="string_103" HPOS="201" VPOS="1020" WIDTH="76" HEIGHT="14" WC="0.88" CONTENT="rensen"/><SP WIDTH="25" VPOS="1020" HPOS="277"/>
							<String ID="string_104" HPOS="302" VPOS="1014" WIDTH="93" HEIGHT="25" WC="0.88" CONTENT="beslutit,"/><SP WIDTH="24" VPOS="1014" HPOS="395"/>
							<String ID="string_105" HPOS="419" VPOS="1014" WIDTH="35" HEIGHT="20" WC="0.96" CONTENT="det"/><SP WIDTH="23" VPOS="1014" HPOS="454"/>
							<String ID="string_106" HPOS="477" VPOS="1014" WIDTH="71" HEIGHT="27" WC="0.96" CONTENT="hvarje"/><SP WIDTH="23" VPOS="1014" HPOS="548"/>
							<String ID="string_107" HPOS="571" VPOS="1014" WIDTH="74" HEIGHT="26" WC="0.96" CONTENT="Stånd,"/><SP WIDTH="16" VPOS="1014" HPOS="645"/>
							<String ID="string_108" HPOS="661" VPOS="1015" WIDTH="24" HEIGHT="20" WC="0.96" CONTENT="så"/><SP WIDTH="20" VPOS="1015" HPOS="685"/>
							<String ID="string_109" HPOS="705" VPOS="1017" WIDTH="58" HEIGHT="18" WC="0.96" CONTENT="snart"/><SP WIDTH="18" VPOS="1017" HPOS="763"/>
							<String ID="string_110" HPOS="781" VPOS="1014" WIDTH="36" HEIGHT="21" WC="0.96" CONTENT="det"/><SP WIDTH="15" VPOS="1014" HPOS="817"/>
							<String ID="string_111" HPOS="832" VPOS="1014" WIDTH="64" HEIGHT="21" WC="0.96" CONTENT="fattat"/><SP WIDTH="17" VPOS="1014" HPOS="896"/>
							<String ID="string_112" HPOS="913" VPOS="1014" WIDTH="68" HEIGHT="21" WC="0.96" CONTENT="beslut"/><SP WIDTH="16" VPOS="1014" HPOS="981"/>
							<String ID="string_113" HPOS="997" VPOS="1020" WIDTH="33" HEIGHT="14" WC="0.96" CONTENT="om"/>
						</TextLine>
						<TextLine ID="line_16" HPOS="201" VPOS="1042" WIDTH="830" HEIGHT="28">
							<String ID="string_114" HPOS="201" VPOS="1042" WIDTH="202" HEIGHT="27" WC="0.91" CONTENT="bankfullmäktiges"/><SP WIDTH="16" VPOS="1042" HPOS="403"/>
							<String ID="string_115" HPOS="419" VPOS="1043" WIDTH="58" HEIGHT="20" WC="0.96" CONTENT="antal"/><SP WIDTH="16" VPOS="1043" HPOS="477"/>
							<String ID="string_116" HPOS="493" VPOS="1042" WIDTH="33" HEIGHT="21" WC="0.96" CONTENT="för"/><SP WIDTH="11" VPOS="1042" HPOS="526"/>
							<String ID="string_117" HPOS="537" VPOS="1043" WIDTH="39" HEIGHT="21" WC="0.96" CONTENT="den"/><SP WIDTH="11" VPOS="1043" HPOS="576"/>
							<String ID="string_118" HPOS="587" VPOS="1043" WIDTH="128" HEIGHT="21" WC="0.93" CONTENT="kommande"/><SP WIDTH="14" VPOS="1043" HPOS="715"/>
							<String ID="string_119" HPOS="729" VPOS="1043" WIDTH="221" HEIGHT="27" WC="0.91" CONTENT="landtdagsperioden,"/><SP WIDTH="13" VPOS="1043" HPOS="950"/>
							<String ID="string_120" HPOS="963" VPOS="1042" WIDTH="68" HEIGHT="22" WC="0.95" CONTENT="skulle"/>
						</TextLine>
						<TextLine ID="line_17" HPOS="203" VPOS="1071" WIDTH="828" HEIGHT="27">
							<String ID="string_121" HPOS="203" VPOS="1071" WIDTH="72" HEIGHT="21" WC="0.96" CONTENT="derom"/><SP WIDTH="17" VPOS="1071" HPOS="275"/>
							<String ID="string_122" HPOS="292" VPOS="1072" WIDTH="125" HEIGHT="20" WC="0.93" CONTENT="underrätta"/><SP WIDTH="15" VPOS="1072" HPOS="417"/>
							<String ID="string_123" HPOS="432" VPOS="1071" WIDTH="145" HEIGHT="27" WC="0.91" CONTENT="Medstånden,"/><SP WIDTH="17" VPOS="1071" HPOS="577"/>
							<String ID="string_124" HPOS="594" VPOS="1073" WIDTH="26" HEIGHT="25" WC="0.96" CONTENT="på"/><SP WIDTH="17" VPOS="1073" HPOS="620"/>
							<String ID="string_125" HPOS="637" VPOS="1072" WIDTH="35" HEIGHT="20" WC="0.96" CONTENT="det"/><SP WIDTH="15" VPOS="1072" HPOS="672"/>
							<String ID="string_126" HPOS="687" VPOS="1072" WIDTH="34" HEIGHT="20" WC="0.96" CONTENT="val"/><SP WIDTH="16" VPOS="1072" HPOS="721"/>
							<String ID="string_127" HPOS="737" VPOS="1072" WIDTH="23" HEIGHT="20" WC="0.92" CONTENT="af"/><SP WIDTH="14" VPOS="1072" HPOS="760"/>
							<String ID="string_128" HPOS="774" VPOS="1071" WIDTH="191" HEIGHT="27" WC="0.92" CONTENT="bankfullmäktige"/><SP WIDTH="15" VPOS="1071" HPOS="965"/>
							<String ID="string_129" HPOS="980" VPOS="1071" WIDTH="7" HEIGHT="21" WC="0.96" CONTENT="i"/><SP WIDTH="13" VPOS="1071" HPOS="987"/>
							<String ID="string_130" HPOS="1000" VPOS="1071" WIDTH="31" HEIGHT="21" WC="0.96" CONTENT="tid"/>
						</TextLine>
						<TextLine ID="line_18" HPOS="202" VPOS="1100" WIDTH="211" HEIGHT="20">
							<String ID="string_131" HPOS="202" VPOS="1100" WIDTH="67" HEIGHT="20" WC="0.96" CONTENT="måtte"/><SP WIDTH="16" VPOS="1100" HPOS="269"/>
							<String ID="string_132" HPOS="285" VPOS="1100" WIDTH="70" HEIGHT="20" WC="0.96" CONTENT="kunna"/><SP WIDTH="16" VPOS="1100" HPOS="355"/>
							<String ID="string_133" HPOS="371" VPOS="1100" WIDTH="42" HEIGHT="20" WC="0.96" CONTENT="ske."/>
						</TextLine>
					</TextBlock>
				</ComposedBlock>
				<ComposedBlock ID="cblock_9" HPOS="207" VPOS="1242" WIDTH="824" HEIGHT="55">
					<TextBlock ID="block_7" HPOS="207" VPOS="1242" WIDTH="824" HEIGHT="55">
						<TextLine ID="line_19" HPOS="272" VPOS="1242" WIDTH="759" HEIGHT="27">
							<String ID="string_134" HPOS="272" VPOS="1242" WIDTH="39" HEIGHT="21" WC="0.92" CONTENT="Till"/><SP WIDTH="17" VPOS="1242" HPOS="311"/>
							<String ID="string_135" HPOS="328" VPOS="1242" WIDTH="88" HEIGHT="22" WC="0.90" CONTENT="Ståndet"/><SP WIDTH="22" VPOS="1242" HPOS="416"/>
							<String ID="string_136" HPOS="438" VPOS="1242" WIDTH="53" HEIGHT="21" WC="0.96" CONTENT="hade"/><SP WIDTH="21" VPOS="1242" HPOS="491"/>
							<String ID="string_137" HPOS="512" VPOS="1243" WIDTH="111" HEIGHT="21" WC="0.96" CONTENT="inkommit"/><SP WIDTH="16" VPOS="1243" HPOS="623"/>
							<String ID="string_138" HPOS="639" VPOS="1243" WIDTH="37" HEIGHT="21" WC="0.93" CONTENT="och"/><SP WIDTH="17" VPOS="1243" HPOS="676"/>
							<String ID="string_139" HPOS="693" VPOS="1243" WIDTH="126" HEIGHT="26" WC="0.92" CONTENT="föredrogos"/><SP WIDTH="16" VPOS="1243" HPOS="819"/>
							<String ID="string_140" HPOS="835" VPOS="1242" WIDTH="196" HEIGHT="27" WC="0.89" CONTENT="protokollsutdrag"/>
						</TextLine>
						<TextLine ID="line_20" HPOS="207" VPOS="1270" WIDTH="481" HEIGHT="27">
							<String ID="string_141" HPOS="207" VPOS="1270" WIDTH="41" HEIGHT="21" WC="0.93" CONTENT="rån"/><SP WIDTH="17" VPOS="1270" HPOS="248"/>
							<String ID="string_142" HPOS="265" VPOS="1271" WIDTH="179" HEIGHT="26" WC="0.90" CONTENT="Borgareståndet"/><SP WIDTH="16" VPOS="1271" HPOS="444"/>
							<String ID="string_143" HPOS="460" VPOS="1271" WIDTH="46" HEIGHT="21" WC="0.96" CONTENT="med"/><SP WIDTH="17" VPOS="1271" HPOS="506"/>
							<String ID="string_144" HPOS="523" VPOS="1272" WIDTH="165" HEIGHT="20" WC="0.96" CONTENT="underrättelse:"/>
						</TextLine>
					</TextBlock>
				</ComposedBlock>
				<ComposedBlock ID="cblock_10" HPOS="203" VPOS="1328" WIDTH="832" HEIGHT="226">
					<TextBlock ID="block_8" HPOS="203" VPOS="1328" WIDTH="832" HEIGHT="226">
						<TextLine ID="line_21" HPOS="276" VPOS="1328" WIDTH="758" HEIGHT="27">
							<String ID="string_145" HPOS="276" VPOS="1331" WIDTH="32" HEIGHT="18" WC="0.93" CONTENT="att"/><SP WIDTH="17" VPOS="1331" HPOS="308"/>
							<String ID="string_146" HPOS="325" VPOS="1328" WIDTH="88" HEIGHT="21" WC="0.91" CONTENT="Ståndet"/><SP WIDTH="18" VPOS="1328" HPOS="413"/>
							<String ID="string_147" HPOS="431" VPOS="1328" WIDTH="94" HEIGHT="27" WC="0.96" CONTENT="godkänt"/><SP WIDTH="15" VPOS="1328" HPOS="525"/>
							<String ID="string_148" HPOS="540" VPOS="1331" WIDTH="152" HEIGHT="18" WC="0.93" CONTENT="sammansatta"/><SP WIDTH="17" VPOS="1331" HPOS="692"/>
							<String ID="string_149" HPOS="709" VPOS="1328" WIDTH="42" HEIGHT="27" WC="0.90" CONTENT="lag-"/><SP WIDTH="15" VPOS="1328" HPOS="751"/>
							<String ID="string_150" HPOS="766" VPOS="1328" WIDTH="39" HEIGHT="21" WC="0.93" CONTENT="och"/><SP WIDTH="14" VPOS="1328" HPOS="805"/>
							<String ID="string_151" HPOS="819" VPOS="1328" WIDTH="215" HEIGHT="21" WC="0.92" CONTENT="ekonomiutskottets"/>
						</TextLine>
						<TextLine ID="line_22" HPOS="207" VPOS="1356" WIDTH="828" HEIGHT="27">
							<String ID="string_152" HPOS="207" VPOS="1357" WIDTH="80" HEIGHT="26" WC="0.95" CONTENT="förslag"/><SP WIDTH="16" VPOS="1357" HPOS="287"/>
							<String ID="string_153" HPOS="303" VPOS="1357" WIDTH="31" HEIGHT="20" WC="0.93" CONTENT="till"/><SP WIDTH="17" VPOS="1357" HPOS="334"/>
							<String ID="string_154" HPOS="351" VPOS="1357" WIDTH="202" HEIGHT="26" WC="0.91" CONTENT="sammanjemkning"/><SP WIDTH="16" VPOS="1357" HPOS="553"/>
							<String ID="string_155" HPOS="569" VPOS="1357" WIDTH="21" HEIGHT="20" WC="0.96" CONTENT="af"/><SP WIDTH="15" VPOS="1357" HPOS="590"/>
							<String ID="string_156" HPOS="605" VPOS="1357" WIDTH="25" HEIGHT="21" WC="0.96" CONTENT="de"/><SP WIDTH="17" VPOS="1357" HPOS="630"/>
							<String ID="string_157" HPOS="647" VPOS="1357" WIDTH="65" HEIGHT="21" WC="0.96" CONTENT="delvis"/><SP WIDTH="13" VPOS="1357" HPOS="712"/>
							<String ID="string_158" HPOS="725" VPOS="1357" WIDTH="123" HEIGHT="26" WC="0.96" CONTENT="skiljaktiga"/><SP WIDTH="12" VPOS="1357" HPOS="848"/>
							<String ID="string_159" HPOS="860" VPOS="1356" WIDTH="74" HEIGHT="24" WC="0.96" CONTENT="beslut,"/><SP WIDTH="12" VPOS="1356" HPOS="934"/>
							<String ID="string_160" HPOS="946" VPOS="1357" WIDTH="5" HEIGHT="20" WC="0.96" CONTENT="i"/><SP WIDTH="12" VPOS="1357" HPOS="951"/>
							<String ID="string_161" HPOS="963" VPOS="1356" WIDTH="72" HEIGHT="21" WC="0.96" CONTENT="hvilka"/>
						</TextLine>
						<TextLine ID="line_23" HPOS="207" VPOS="1385" WIDTH="827" HEIGHT="26">
							<String ID="string_162" HPOS="207" VPOS="1385" WIDTH="95" HEIGHT="21" WC="0.92" CONTENT="Stånden"/><SP WIDTH="23" VPOS="1385" HPOS="302"/>
							<String ID="string_163" HPOS="325" VPOS="1388" WIDTH="84" HEIGHT="18" WC="0.95" CONTENT="stannat"/><SP WIDTH="22" VPOS="1388" HPOS="409"/>
							<String ID="string_164" HPOS="431" VPOS="1386" WIDTH="33" HEIGHT="20" WC="0.96" CONTENT="vid"/><SP WIDTH="22" VPOS="1386" HPOS="464"/>
							<String ID="string_165" HPOS="486" VPOS="1385" WIDTH="152" HEIGHT="26" WC="0.95" CONTENT="behandlingen"/><SP WIDTH="17" VPOS="1385" HPOS="638"/>
							<String ID="string_166" HPOS="655" VPOS="1385" WIDTH="20" HEIGHT="21" WC="0.96" CONTENT="af"/><SP WIDTH="15" VPOS="1385" HPOS="675"/>
							<String ID="string_167" HPOS="690" VPOS="1386" WIDTH="116" HEIGHT="20" WC="0.96" CONTENT="utskottets"/><SP WIDTH="17" VPOS="1386" HPOS="806"/>
							<String ID="string_168" HPOS="823" VPOS="1385" WIDTH="133" HEIGHT="20" WC="0.96" CONTENT="betänkande"/><SP WIDTH="16" VPOS="1385" HPOS="956"/>
							<String ID="string_169" HPOS="972" VPOS="1391" WIDTH="33" HEIGHT="14" WC="0.95" CONTENT="n:o"/><SP WIDTH="16" VPOS="1391" HPOS="1005"/>
							<String ID="string_170" HPOS="1021" VPOS="1385" WIDTH="13" HEIGHT="20" WC="0.96" CONTENT="4"/>
						</TextLine>
						<TextLine ID="line_24" HPOS="207" VPOS="1413" WIDTH="828" HEIGHT="28">
							<String ID="string_171" HPOS="207" VPOS="1414" WIDTH="7" HEIGHT="20" WC="0.96" CONTENT="i"/><SP WIDTH="16" VPOS="1414" HPOS="214"/>
							<String ID="string_172" HPOS="230" VPOS="1414" WIDTH="115" HEIGHT="25" WC="0.96" CONTENT="anledning"/><SP WIDTH="15" VPOS="1414" HPOS="345"/>
							<String ID="string_173" HPOS="360" VPOS="1414" WIDTH="23" HEIGHT="20" WC="0.96" CONTENT="af"/><SP WIDTH="14" VPOS="1414" HPOS="383"/>
							<String ID="string_174" HPOS="397" VPOS="1415" WIDTH="58" HEIGHT="20" WC="0.96" CONTENT="Hans"/><SP WIDTH="15" VPOS="1415" HPOS="455"/>
							<String ID="string_175" HPOS="470" VPOS="1414" WIDTH="118" HEIGHT="26" WC="0.96" CONTENT="Kejserliga"/><SP WIDTH="16" VPOS="1414" HPOS="588"/>
							<String ID="string_176" HPOS="604" VPOS="1414" WIDTH="111" HEIGHT="27" WC="0.96" CONTENT="Majestäts"/><SP WIDTH="16" VPOS="1414" HPOS="715"/>
							<String ID="string_177" HPOS="731" VPOS="1414" WIDTH="77" HEIGHT="27" WC="0.96" CONTENT="nådiga"/><SP WIDTH="17" VPOS="1414" HPOS="808"/>
							<String ID="string_178" HPOS="825" VPOS="1414" WIDTH="129" HEIGHT="26" WC="0.93" CONTENT="proposition"/><SP WIDTH="17" VPOS="1414" HPOS="954"/>
							<String ID="string_179" HPOS="971" VPOS="1413" WIDTH="64" HEIGHT="26" WC="0.89" CONTENT="angå-"/>
						</TextLine>
						<TextLine ID="line_25" HPOS="207" VPOS="1442" WIDTH="828" HEIGHT="27">
							<String ID="string_180" HPOS="207" VPOS="1442" WIDTH="55" HEIGHT="21" WC="0.96" CONTENT="ende"/><SP WIDTH="23" VPOS="1442" HPOS="262"/>
							<String ID="string_181" HPOS="285" VPOS="1442" WIDTH="118" HEIGHT="21" WC="0.96" CONTENT="ordnandet"/><SP WIDTH="23" VPOS="1442" HPOS="403"/>
							<String ID="string_182" HPOS="426" VPOS="1442" WIDTH="22" HEIGHT="21" WC="0.91" CONTENT="af"/><SP WIDTH="20" VPOS="1442" HPOS="448"/>
							<String ID="string_183" HPOS="468" VPOS="1442" WIDTH="190" HEIGHT="27" WC="0.91" CONTENT="skjutshållningen"/><SP WIDTH="23" VPOS="1442" HPOS="658"/>
							<String ID="string_184" HPOS="681" VPOS="1443" WIDTH="39" HEIGHT="20" WC="0.93" CONTENT="och"/><SP WIDTH="23" VPOS="1443" HPOS="720"/>
							<String ID="string_185" HPOS="743" VPOS="1442" WIDTH="181" HEIGHT="27" WC="0.90" CONTENT="gästgifverierna,"/><SP WIDTH="23" VPOS="1442" HPOS="924"/>
							<String ID="string_186" HPOS="947" VPOS="1444" WIDTH="58" HEIGHT="18" WC="0.96" CONTENT="utom"/><SP WIDTH="17" VPOS="1444" HPOS="1005"/>
							<String ID="string_187" HPOS="1022" VPOS="1442" WIDTH="13" HEIGHT="20" WC="0.96" CONTENT="2"/>
						</TextLine>
						<TextLine ID="line_26" HPOS="204" VPOS="1470" WIDTH="831" HEIGHT="26">
							<String ID="string_188" HPOS="204" VPOS="1476" WIDTH="65" HEIGHT="16" WC="0.95" CONTENT="mom."/><SP WIDTH="18" VPOS="1476" HPOS="269"/>
							<String ID="string_189" HPOS="287" VPOS="1472" WIDTH="8" HEIGHT="19" WC="0.87" CONTENT="1"/><SP WIDTH="18" VPOS="1472" HPOS="295"/>
							<String ID="string_190" HPOS="313" VPOS="1472" WIDTH="19" HEIGHT="24" WC="0.86" CONTENT="$,"/><SP WIDTH="23" VPOS="1472" HPOS="332"/>
							<String ID="string_191" HPOS="355" VPOS="1471" WIDTH="130" HEIGHT="21" WC="0.81" CONTENT="beträffande"/><SP WIDTH="23" VPOS="1471" HPOS="485"/>
							<String ID="string_192" HPOS="508" VPOS="1470" WIDTH="81" HEIGHT="22" WC="0.92" CONTENT="hvilket"/><SP WIDTH="21" VPOS="1470" HPOS="589"/>
							<String ID="string_193" HPOS="610" VPOS="1471" WIDTH="89" HEIGHT="21" WC="0.92" CONTENT="Ständet"/><SP WIDTH="23" VPOS="1471" HPOS="699"/>
							<String ID="string_194" HPOS="722" VPOS="1471" WIDTH="50" HEIGHT="21" WC="0.93" CONTENT="ville"/><SP WIDTH="17" VPOS="1471" HPOS="772"/>
							<String ID="string_195" HPOS="789" VPOS="1470" WIDTH="99" HEIGHT="21" WC="0.92" CONTENT="vidblifva"/><SP WIDTH="15" VPOS="1470" HPOS="888"/>
							<String ID="string_196" HPOS="903" VPOS="1470" WIDTH="37" HEIGHT="21" WC="0.96" CONTENT="sitt"/><SP WIDTH="16" VPOS="1470" HPOS="940"/>
							<String ID="string_197" HPOS="956" VPOS="1470" WIDTH="57" HEIGHT="20" WC="0.95" CONTENT="förut"/><SP WIDTH="15" VPOS="1470" HPOS="1013"/>
							<String ID="string_198" HPOS="1028" VPOS="1470" WIDTH="7" HEIGHT="20" WC="0.96" CONTENT="i"/>
						</TextLine>
						<TextLine ID="line_27" HPOS="203" VPOS="1498" WIDTH="832" HEIGHT="27">
							<String ID="string_199" HPOS="203" VPOS="1500" WIDTH="66" HEIGHT="19" WC="0.95" CONTENT="saken"/><SP WIDTH="24" VPOS="1500" HPOS="269"/>
							<String ID="string_200" HPOS="293" VPOS="1499" WIDTH="80" HEIGHT="20" WC="0.95" CONTENT="fattade"/><SP WIDTH="24" VPOS="1499" HPOS="373"/>
							<String ID="string_201" HPOS="397" VPOS="1499" WIDTH="68" HEIGHT="21" WC="0.96" CONTENT="beslut"/><SP WIDTH="23" VPOS="1499" HPOS="465"/>
							<String ID="string_202" HPOS="488" VPOS="1499" WIDTH="107" HEIGHT="21" WC="0.95" CONTENT="äfvensom"/><SP WIDTH="26" VPOS="1499" HPOS="595"/>
							<String ID="string_203" HPOS="621" VPOS="1505" WIDTH="76" HEIGHT="20" WC="0.92" CONTENT="genom"/><SP WIDTH="26" VPOS="1505" HPOS="697"/>
							<String ID="string_204" HPOS="723" VPOS="1499" WIDTH="199" HEIGHT="26" WC="0.87" CONTENT="protokollsutdrag"/><SP WIDTH="26" VPOS="1499" HPOS="922"/>
							<String ID="string_205" HPOS="948" VPOS="1498" WIDTH="87" HEIGHT="27" WC="0.96" CONTENT="inbjuda"/>
						</TextLine>
						<TextLine ID="line_28" HPOS="203" VPOS="1527" WIDTH="639" HEIGHT="27">
							<String ID="string_206" HPOS="203" VPOS="1527" WIDTH="141" HEIGHT="22" WC="0.92" CONTENT="Medstånden"/><SP WIDTH="17" VPOS="1527" HPOS="344"/>
							<String ID="string_207" HPOS="361" VPOS="1530" WIDTH="32" HEIGHT="18" WC="0.96" CONTENT="att"/><SP WIDTH="15" VPOS="1530" HPOS="393"/>
							<String ID="string_208" HPOS="408" VPOS="1528" WIDTH="56" HEIGHT="26" WC="0.96" CONTENT="gifva"/><SP WIDTH="16" VPOS="1528" HPOS="464"/>
							<String ID="string_209" HPOS="480" VPOS="1527" WIDTH="65" HEIGHT="27" WC="0.96" CONTENT="sagda"/><SP WIDTH="15" VPOS="1527" HPOS="545"/>
							<String ID="string_210" HPOS="560" VPOS="1533" WIDTH="62" HEIGHT="16" WC="0.96" CONTENT="mom."/><SP WIDTH="17" VPOS="1533" HPOS="622"/>
							<String ID="string_211" HPOS="639" VPOS="1527" WIDTH="93" HEIGHT="27" WC="0.96" CONTENT="följande"/><SP WIDTH="16" VPOS="1527" HPOS="732"/>
							<String ID="string_212" HPOS="748" VPOS="1527" WIDTH="94" HEIGHT="27" WC="0.96" CONTENT="lydelse:"/>
						</TextLine>
					</TextBlock>
				</ComposedBlock>
			</PrintSpace>
		</Page>
	</Layout>
</alto>
