1103 1811
329 138 163 18 Presteståndet
503 139 59 17 1882.
587 139 13 16 5
609 138 53 20 juni.
830 132 53 21 1849

151 208 120 26 Föredrogs
287 207 39 22 och
341 207 124 27 godkändes
481 207 117 21 hvartefter
613 208 66 19 annat
694 208 51 19 utan
762 205 129 21 diskussion:

153 270 172 22 statsutskottets
348 270 135 20 betänkande
499 270 40 20 N:o
558 272 24 18 18
599 269 6 21 i
622 268 113 27 anledning
751 268 23 22 af
788 268 58 21 Hans
863 268 51 26 Kej-

84 300 77 26 serliga
177 299 110 26 Majestäts
303 298 78 26 nådiga
395 298 132 27 proposition
544 298 108 26 angående
664 297 138 21 användande
814 297 20 20 af
846 296 68 21 medel

84 327 31 22 till
131 327 136 22 bestridande
284 327 23 21 af
321 327 269 26 landtdagskostnaderna;

154 389 216 22 ekonomiutskottets
392 389 79 27 förslag
494 389 32 22 till
550 388 204 27 sammanjemkning
771 388 21 21 af
806 388 26 21 de
848 388 67 21 delvis

85 419 124 26 skiljaktiga
223 419 76 24 beslut,
315 418 60 21 hvari
391 418 95 21 Stånden
502 420 86 19 stannat
604 417 34 22 vid
654 417 156 26 behandlingen
823 417 23 20 af
855 416 61 21 Hans

84 447 118 28 Kejserliga
224 447 112 26 Majestäts
359 447 78 27 nådiga
459 447 132 27 proposition
616 453 33 14 om
665 446 120 27 antagande
800 445 22 21 af
836 446 79 20 inmut-

85 477 72 27 nings-
172 476 38 21 och
226 476 157 27 grufvestadga.

156 613 103 26 Företogs
282 612 32 21 till
337 612 129 27 behandling
482 612 171 22 statsutskottets
669 611 80 27 förslag
765 611 31 21 till
812 617 105 15 samman-

85 642 110 27 jemkning
216 641 23 21 af
260 641 25 21 de
307 641 124 27 skiljaktiga
446 642 76 24 beslut,
538 640 59 22 hvari
614 641 93 21 Stånden
724 642 86 19 stannat
825 640 93 21 rörande

87 671 171 21 statsutskottets
274 670 134 21 betänkande
421 670 39 21 N:o
474 671 26 20 14
516 670 110 26 angående
642 669 97 27 samtlige
756 669 25 21 de
797 669 34 21 vid
848 668 69 21 landt-

88 700 67 26 dagen
166 700 24 20 år
201 700 54 20 1882
267 698 78 22 äskade
362 699 79 26 anslag,
457 701 56 19 samt
530 700 66 20 sättet
611 698 33 21 för
659 697 136 22 anskaffande
810 698 22 20 af
847 697 69 21 medel

88 728 31 21 till
136 728 113 21 desamma.

157 790 30 21 På
202 789 155 27 framställning
372 789 23 21 af
409 789 49 22 herr
481 789 188 22 Talmannen
692 789 113 27 godkände
828 788 90 22 Ståndet

88 821 51 18 utan
156 819 68 27 någon
242 818 118 21 diskussion
377 818 117 21 utskottets
505 819 13 20 å
528 825 48 20 pag.
592 820 7 19 1
612 820 108 25 upptagna
736 817 78 26 förslag
830 819 33 19 att
876 817 41 21 alla

89 847 124 21 uttalanden
229 853 33 15 om
279 847 128 21 förordande
423 847 21 21 af
460 847 166 26 entreprenader
641 847 34 20 vid
691 847 93 21 kronans
799 846 119 27 byggnads-

89 876 82 26 företag
187 876 66 21 måtte
269 875 90 22 förfalla.

158 938 113 22 Likaledes
293 938 124 26 godkändes
440 941 50 19 utan
509 939 119 21 diskussion
645 938 116 22 utskottets
777 938 67 20 andra
859 938 58 20 kläm

89 968 12 20 å
117 974 47 20 pag.
179 968 12 20 2
209 969 31 19 att
256 967 101 26 förslaget
373 974 34 14 om
423 968 125 20 afträdande
564 967 23 21 af
601 968 92 25 475,000
707 967 60 21 mark
782 966 21 22 at
818 966 100 27 stämpel-

89 996 140 26 bevillningen
246 996 31 21 till
293 996 108 20 allmänna
417 996 132 21 statsfonden
567 996 64 21 måtte
648 996 91 21 förfalla.

159 1058 165 27 Afdelningarne
341 1060 18 24 2,
377 1060 11 20 3
405 1059 38 21 och
466 1060 13 20 4
502 1059 123 27 godkändes
648 1058 51 22 härå
723 1061 50 19 utan
798 1058 119 21 diskussion

90 1087 140 21 oförändrade
247 1087 65 27 enligt
328 1088 116 20 utskottets
461 1087 87 27 förslag.

159 1150 135 22 Beträffande
310 1150 133 27 afdelningen
460 1158 12 14 5
489 1151 84 27 yttrade
589 1151 31 26 sig

159 1213 110 21 Professor
286 1213 131 21 Donner:
443 1213 10 21 I
467 1213 218 26 jernvägsutskottets
701 1213 66 21 första
783 1212 136 21 betänkande

90 1241 91 21 rörande
197 1241 73 21 vidare
283 1241 226 27 jernvägsbyggnader
521 1242 7 20 i
539 1242 78 25 landet,
632 1241 69 27 ingick
718 1248 24 15 en
759 1241 56 22 kläm
832 1247 34 15 om
882 1247 37 14 an-

90 1270 45 27 slag
152 1269 31 22 för
198 1269 234 28 jernvägsbyggnaders
447 1270 149 21 fortsättande.
627 1269 96 22 Beslutet
739 1277 33 14 om
788 1269 84 26 anslags
883 1269 36 22 be-

89 1298 92 27 viljande
205 1299 100 26 uppskjöt
329 1299 96 25 Ständet,
450 1299 32 21 till
507 1299 47 21 dess
577 1299 171 21 statsutskottets
772 1301 58 18 stora
846 1299 73 20 betän-

90 1327 69 21 kande
183 1327 68 21 skulle
274 1327 98 21 anlända.
403 1327 72 22 Sedan
498 1327 94 22 Ständen
614 1329 85 20 stannat
714 1327 7 21 i
738 1327 56 21 olika
809 1327 111 26 meningar

90 1355 132 22 beträffande
245 1355 65 27 detta,
329 1355 72 22 inkom
417 1356 47 21 från
482 1356 160 21 statsutskottet
658 1358 29 19 ett
703 1356 101 27 skriftligt
820 1355 99 22 affattadt

89 1384 302 27 sammanjemkningsförslag,
406 1385 59 20 hvari
482 1385 71 26 ingick
569 1391 25 15 en
611 1384 137 27 formulering
764 1384 154 25 innehållande,

90 1415 32 19 att
137 1413 288 21 kommunikationsfondens
440 1413 121 26 disponibla
577 1413 113 28 tillgångar
706 1413 56 21 intill
778 1413 106 26 utgången
897 1412 25 22 af

89 1441 24 21 är
131 1443 53 20 1885
201 1442 65 21 måtte
288 1442 71 21 anslås
380 1441 33 22 för
429 1442 26 21 de
471 1442 23 21 ai
508 1442 119 21 Ständerna
643 1442 97 21 beslutna
753 1441 166 27 jernvägsbygg-

90 1470 99 21 naderna.
221 1470 39 26 Jag
282 1476 62 15 anser
363 1473 32 18 att
411 1470 33 21 för
461 1470 200 26 fullständighetens
676 1470 62 21 skuld
754 1470 165 27 expeditionsut-

89 1498 82 21 skottet
194 1498 65 21 borde
274 1498 21 21 få
310 1499 5 20 i
332 1499 97 26 uppdrag
448 1500 34 19 att
498 1499 113 21 observera
627 1499 58 20 detta
701 1498 69 22 beslut
785 1499 35 20 vid
836 1498 83 26 expedi-

89 1527 72 21 tionen
185 1527 22 21 af
228 1529 71 19 svaret
321 1527 28 26 på
364 1527 61 21 Hans
440 1527 114 27 Majestäts
569 1527 77 27 nådiga
661 1527 132 27 proposition
810 1526 110 26 angående
