1078 1742
199 102 40 31 488
526 108 11 17 3
550 113 17 17 p.
581 108 83 17 Maalisk.

181 166 67 26 gjorts
265 166 35 20 för
316 166 26 21 de
359 166 31 21 till
407 167 41 21 och
465 168 50 20 med
532 167 85 27 ganska
629 167 64 21 svåra
705 166 175 28 oegentligheter
887 172 47 15 som
942 166 58 20 före-

181 195 89 21 komma
294 196 6 20 i
317 196 118 27 synnerhet
451 197 6 21 i
474 198 71 20 andra
561 197 42 21 och
619 197 69 27 tredje
705 204 66 14 mom.
788 196 23 21 af
827 197 115 21 utskottets
959 195 41 21 för-

181 225 52 27 slag.
266 226 40 26 Jag
330 232 65 15 anser
411 227 36 21 det
464 227 122 27 stadgande
602 227 21 20 vi
640 234 30 14 nu
686 227 67 21 hafva
769 226 7 21 i
794 226 55 22 1865
866 226 36 22 ärs
918 226 82 21 förord-

180 255 52 27 ning
255 254 15 29 &
295 256 26 20 12
345 263 53 14 vara
419 256 71 22 bättre
507 257 42 21 och
565 256 147 22 bestämdare.
744 256 40 22 Det
800 258 25 19 är
840 256 57 22 dock
913 262 27 15 en
956 262 44 14 om-

181 285 125 27 ständighet
322 292 48 15 som
386 286 36 27 jag
437 286 71 22 mäste
525 288 127 20 omnämna.
685 286 31 22 Pä
732 286 40 22 sid.
790 286 13 21 8
819 287 7 20 i
843 286 157 26 motiveringen

181 316 63 26 säger
261 315 105 21 utskottet
382 318 31 19 att
429 317 36 21 det
481 317 44 21 kan
542 316 71 27 gifvas
625 316 38 22 fall
676 316 28 22 dä
716 317 52 21 flere
779 316 72 21 skilda
862 319 58 18 orter
931 315 69 22 mäste

181 344 89 22 komma
286 345 7 21 i
310 345 61 28 fråga
387 348 40 19 när
443 347 37 20 det
496 346 69 27 gäller
581 349 31 18 att
628 347 125 21 bestämma
768 346 29 21 bo
813 346 41 21 och
870 348 57 19 rätta
942 346 58 21 hem-

180 374 43 21 vist
246 374 35 22 för
304 382 28 14 en
351 382 87 20 person.
471 376 34 21 Nu
521 378 52 20 veta
590 376 22 21 vi
629 377 44 21 alla
688 376 76 22 hvilka
782 376 161 26 förvecklingar
959 376 41 21 och

180 404 138 22 kostsamma
341 407 139 26 rättegängar
496 406 37 21 det
548 407 41 20 har
606 406 96 22 medfört
718 408 32 19 att
766 412 112 21 personer,
896 412 46 14 som
960 412 40 20 ega

180 434 128 27 fastigheter
324 436 7 20 i
347 436 52 21 flere
416 436 138 26 kommuner,
572 436 6 21 i
595 436 61 21 stads
673 437 41 20 och
731 436 63 21 lands
805 436 131 21 kommuner
947 435 53 21 eller

180 464 7 20 i
211 464 52 22 flere
287 465 64 21 lands
375 466 137 25 kommuner,
537 466 72 21 blifvit
631 469 111 24 upptagna
758 466 7 20 i
781 466 81 21 mantal
879 465 28 27 pä
923 472 27 14 en
966 468 34 18 ort

181 494 39 21 där
244 494 28 22 de
296 496 80 26 själfva
394 496 48 21 icke
462 496 86 21 önskat.
580 496 41 27 Jag
637 499 36 18 vet
689 496 48 21 icke
753 496 90 21 hvarför
859 496 105 20 utskottet
979 496 19 26 ej

181 524 40 21 har
244 524 85 22 kunnat
352 526 25 26 gä
402 526 31 20 till
451 526 76 21 botten
544 526 49 21 med
611 532 27 15 en
655 526 91 27 princip,
764 532 48 15 som
828 526 6 21 i
852 525 148 22 betänkandet

181 556 136 24 omnämnes,
336 558 30 18 att
386 562 27 14 en
430 562 87 20 person,
535 562 48 15 som
601 562 51 21 eger
668 556 128 27 fastigheter
811 556 7 20 i
834 556 52 20 flere
902 556 97 20 kommu-

180 590 44 19 ner,
250 585 52 25 själf
324 585 41 21 bör
388 585 22 21 fä
426 586 59 26 välja
501 586 103 21 mantals-
621 586 41 21 och
678 586 260 27 kyrkoskrifningsorten.
970 585 30 21 Sä

179 615 26 19 är
220 614 37 21 det
273 614 61 22 fallet
350 615 7 21 i
374 616 69 20 andra
460 616 77 20 länder
554 616 42 21 och
613 616 39 20 där
668 616 41 21 har
726 616 38 20 det
779 616 48 20 icke
844 615 155 21 ästadkommit

179 643 168 29 förvecklingar.
380 645 78 22 Säsom
483 646 69 21 redan
577 646 52 20 flere
650 646 70 21 talare
738 646 67 20 hafva
821 647 98 19 omnämt
935 646 63 26 göres

179 673 129 27 härigenom
331 675 32 21 till
387 676 42 20 och
453 676 50 20 med
527 675 87 27 inträng
630 676 7 20 i
653 676 43 20 den
712 675 125 27 personliga
853 675 93 21 friheten
962 682 36 14 om

179 703 37 21 det
236 704 92 27 uppstär
344 705 75 21 tvifvel
435 712 36 14 om
489 706 83 20 dennes
589 707 58 20 rätta
662 706 29 21 bo
708 705 42 21 och
766 706 100 20 hemvist.
899 705 40 27 Jag
955 705 43 21 kan

178 732 88 22 säledes
282 734 48 22 icke
347 737 67 19 annat
430 737 28 19 än
475 735 99 21 förkasta
591 735 252 21 utskottsbetänkandet.

249 764 115 21 Edusmies
386 765 127 22 Kakkinen:
529 765 39 21 Jos
585 767 60 19 tämä
660 766 149 20 valiokunnan
826 765 98 21 mietintö
940 764 58 21 tulee

177 793 95 21 takaisin
296 794 174 26 lähetettäväksi,
495 795 46 21 niin
565 795 99 21 minäkin
685 795 148 21 kannattaisin
850 795 42 21 sitä
908 794 89 27 mielipi-

177 822 65 26 dettä,
259 824 68 26 jonka
343 825 111 21 edusmies
471 825 119 27 Leppänen
603 832 27 14 on
644 825 141 25 esiintuonut,
798 826 49 23 että,
860 825 33 25 jos
905 826 92 19 muutto-

176 852 72 27 kirjan
269 854 115 21 saaminen
404 855 37 26 jää
459 855 113 27 vapaaksi,
590 855 50 21 olisi
656 857 75 19 asetus
750 855 25 21 17
793 854 52 28 p:ltä
861 854 137 21 helmikuuta

177 882 57 22 1803
250 883 172 22 lakkautettava.

248 913 116 22 Edusmies
380 915 130 21 Danielson:
526 915 59 20 Minä
602 915 102 27 yhdistyn
721 915 75 25 niihin,
813 914 61 27 jotka
890 916 50 19 ovat
954 914 43 21 val-

176 942 47 21 miit
247 943 148 27 hylkäämään
411 944 151 21 valiokunnan
579 945 127 20 mietinnön.
739 945 50 20 Kun
805 944 64 21 lukee
885 944 112 21 valiokun-

175 978 44 15 nan
235 973 171 22 muodostaman
423 974 86 27 ponsila
583 992 3 8 ,
603 975 46 20 niin
665 975 103 25 huomaa,
783 976 44 19 että
838 974 159 21 ensimmäinen

174 1001 68 22 kohta
258 1006 108 23 ponnesta
383 1004 52 21 sisäl
573 1005 91 24 döksen,
682 1006 70 19 mutta
768 1004 44 21 kun
829 1004 63 21 lukee
908 1009 88 21 ponnen

175 1032 70 21 toisen
270 1033 96 26 kohdan,
391 1034 46 20 niin
461 1034 18 21 siinä
533 1034 22 26 jo
572 1034 99 21 revitään
687 1034 57 21 rikki
760 1034 74 21 kaikki
851 1034 52 20 mitä
919 1033 78 21 ensim-

174 1062 109 21 mäisessä
302 1069 112 20 ponnessa
430 1063 126 22 säädetään.
589 1064 162 21 Kolmannessa
767 1064 111 21 kohdassa
894 1063 48 21 sitte
959 1070 38 20 pu-

173 1091 84 22 hutaan
274 1092 50 21 siitä
340 1093 84 21 kuinka
439 1093 146 21 kansalainen
601 1100 29 15 on
646 1093 184 26 kirkonkirjoihin
842 1093 153 26 kirjoitettava,

173 1121 22 26 ja
218 1121 70 26 neljäs
312 1123 129 26 ponsilause
465 1123 82 21 koskee
563 1123 60 25 niitä,
641 1123 60 26 jotka
717 1123 58 21 eivät
791 1123 69 21 kuulu
877 1123 119 20 evankelis-

173 1151 165 22 lutherilaiseen
355 1152 184 22 kirkkokuntaan.
557 1153 155 21 Valiokunnan
729 1159 87 21 ponnen
830 1153 88 20 heikoin
930 1152 66 21 kohta

173 1181 77 20 minun
275 1181 134 28 käsitykseni
430 1183 96 20 mukaan
549 1189 29 15 on
602 1183 58 26 juuri
684 1183 63 25 siinä,
772 1184 44 19 että
839 1183 74 20 toinen
929 1182 67 21 kohta

172 1210 22 26 ja
218 1211 113 21 vallankin
348 1218 39 15 sen
403 1212 130 27 loppupuoli
550 1213 55 26 repii
622 1212 56 21 rikki
695 1213 105 20 edellisen
817 1213 22 25 ja
855 1214 65 19 antaa
936 1211 60 22 halli-

172 1240 95 21 tukselle
291 1241 81 27 täyden
396 1242 74 21 vallan
494 1243 117 20 menetellä
635 1243 87 20 asiassa
740 1243 65 20 aivan
822 1242 82 21 kuinka
920 1248 24 15 se
960 1242 36 27 hy-

172 1270 63 21 väksi
252 1271 76 21 näkee.
361 1271 59 22 Minä
436 1278 27 15 en
480 1274 112 25 ymmärrä
608 1273 53 20 mitä
677 1273 72 26 hyvää
765 1272 49 21 siitä
831 1278 35 19 on,
878 1273 44 19 että
933 1272 63 21 ensin

172 1302 118 19 sanotaan:
308 1301 52 20 näin
376 1301 22 26 ja
414 1302 52 20 näin
482 1302 59 21 tulee
557 1302 73 25 tehdä,
644 1302 22 26 ja
677 1302 51 21 oitis
739 1301 127 27 senjälkeen
878 1303 116 19 sanotaan:

171 1329 81 21 tehkää
276 1332 38 25 nyt
338 1331 122 21 sentähden
484 1331 83 21 kuinka
591 1332 104 21 tahdotte.
736 1332 89 21 Muuten
846 1331 148 21 valiokunnan

172 1359 106 26 mietintö,
296 1360 67 21 kuten
380 1367 53 14 arm.
451 1361 106 27 esityskin
573 1361 22 26 ja
612 1362 86 21 samoin
715 1363 60 19 tämä
789 1361 60 27 pitkä
860 1360 136 21 keskustelu-

171 1388 37 21 kin
220 1389 73 27 pyrkii
304 1390 65 21 aivan
382 1397 91 15 samaan
485 1393 156 24 päämäärään,
653 1397 28 15 ne
692 1391 102 28 pyrkivät
803 1391 77 24 siihen,
890 1391 44 20 että
944 1390 52 21 kan-

171 1418 98 21 salaisen
281 1419 64 22 oikea
356 1421 163 26 asuntopaikka
531 1421 29 20 tai
572 1421 135 26 kotopaikka
719 1421 29 21 tai
760 1427 24 15 se
795 1420 81 27 paikka
886 1419 68 27 jonka
964 1421 32 20 tu-

171 1448 34 21 lee
221 1448 45 21 olla
282 1449 72 21 hänen
371 1450 200 27 kotopaikkanaan,
585 1457 28 14 on
625 1451 63 20 oleva
700 1451 162 26 perustuksena
872 1450 46 20 niin
929 1449 67 27 hyvin

171 1477 195 28 hengillepanossa
390 1480 53 21 kuin
466 1480 222 26 kirkonkirjoihinkin
714 1480 159 21 merkittäessä.
908 1479 87 21 Molem-

171 1507 61 21 milla
256 1509 38 20 siis
318 1509 58 22 tulee
398 1509 44 22 olla
458 1516 63 15 sama
537 1510 73 27 pohja.
627 1523 29 2 —
672 1510 117 21 Edusmies
805 1509 93 22 Avellan
914 1509 22 26 jo
952 1509 44 20 laa-
