1075 1739
415 104 22 17 14
450 109 18 16 p.
480 104 78 17 Huhtik.
754 98 8 2 N
834 101 35 18 811

70 165 51 21 näd.
138 163 172 28 propositionen,
336 163 26 21 sä
385 165 25 19 är
426 163 37 21 det
478 164 20 26 ej
516 163 88 28 mycket
621 164 31 19 att
668 162 78 21 därom
763 162 60 21 orda.
856 161 40 26 Jag

70 195 39 20 vill
125 194 56 21 dock
198 195 57 25 yttra
270 200 27 14 en
313 193 119 21 afvikande
449 193 63 26 äsikt,
530 193 58 20 hvad
604 192 105 22 beträffar
725 191 171 22 bestämmelsen

72 231 36 14 om
132 226 30 19 att
186 223 13 21 3
216 229 105 21 personer
345 223 112 21 erfordras
480 223 36 21 för
537 225 31 18 att
587 223 60 20 bilda
667 222 70 27 bolag,
763 223 22 26 ty
801 221 36 27 jag
852 221 44 21 kan

72 254 66 21 näml.
166 253 47 21 icke
238 253 86 21 ansluta
349 253 44 26 mig
418 253 32 20 till
477 252 150 22 betänkandet
651 253 6 19 i
684 252 60 21 detta
770 251 45 26 fall,
843 253 52 19 utan

72 284 129 27 godkänner
217 283 171 25 reservationen,
412 283 92 21 emedan
526 289 27 14 en
577 282 42 21 slik
636 282 156 21 bestämmelse
816 281 29 27 pä
861 281 36 20 det

73 314 88 21 lättaste
178 313 42 21 kan
237 313 102 26 kringgäs
356 313 42 20 och
414 313 68 20 blifva
499 313 129 26 därigenom
645 314 53 19 utan
714 311 72 27 någon
798 310 99 28 praktisk

73 343 119 28 betydelse.
225 343 116 21 Dessutom
359 343 40 20 bör
416 343 43 20 alla
470 343 128 20 illusoriska
609 342 168 21 bestämmelser
789 341 107 21 undvikas

73 374 7 20 i
103 373 76 26 hvarje
203 373 86 26 lagbud,
314 375 21 24 ty
356 373 27 20 de
408 374 39 19 äro
463 373 79 20 endast
559 372 84 27 egnade
660 373 31 20 att
707 373 69 19 värka
792 371 104 27 deprave-

73 403 75 21 rande.
181 403 119 21 Utskottets
324 402 84 27 förslag
426 409 37 14 om
480 409 27 14 en
524 402 83 21 central
615 401 281 28 registreringsmyndighet

75 434 41 20 och
134 433 42 20 den
192 433 90 25 lättnad,
300 439 48 14 som
360 433 106 20 utskottet
482 432 99 25 föreslär,
600 432 65 21 neml.
679 434 30 19 att
721 431 176 27 bolagsregistre-

75 463 48 27 ring
139 463 43 20 kan
199 463 38 21 ske
255 463 64 20 äfven
343 469 80 20 genom
443 462 85 21 betaldt
547 462 54 25 bref,
627 468 65 21 synes
709 462 44 26 mig
769 460 127 22 tilltalande.

77 493 38 21 Det
130 493 57 21 hade
204 493 57 20 dock
276 493 56 20 varit
349 492 95 27 önskligt
460 499 36 14 om
513 492 106 21 utskottet
634 492 57 21 hade
707 493 102 19 närmare
822 491 77 20 uttalat

76 523 38 26 sig,
139 523 89 20 hvilken
252 522 126 27 myndighet
402 523 40 20 här
466 522 66 21 afses.
564 523 8 20 I
589 521 50 22 nåd.
657 522 165 26 propositionen
844 521 54 20 före-

76 553 44 20 slås
145 555 30 18 att
191 552 309 27 registreringsmyndigheten
520 552 55 21 skall
595 558 54 15 vara
668 552 7 20 i
691 551 78 21 staden
786 551 112 26 rådstugu-

76 585 71 18 rätten
164 583 40 20 och
221 582 28 27 på
265 583 74 20 landet
355 582 160 21 häradsrätten.
548 582 71 27 Enligt
635 581 45 21 min
696 581 66 21 tanke
779 583 39 19 äro
834 581 65 20 dessa

77 613 168 20 bestämmelser
261 612 48 21 icke
325 612 85 27 egnade
426 614 32 19 att
474 612 127 21 underlätta
625 618 28 15 en
677 611 111 27 likformig
812 610 87 27 gransk-

77 643 51 26 ning
145 643 22 20 af
183 642 111 21 blifvande
311 642 155 27 bolagsregler,
484 645 53 18 utan
553 642 88 27 mycket
657 647 61 15 mera
737 641 123 21 tilltalande
876 641 24 20 är

77 679 27 14 en
128 672 83 22 central
228 672 286 27 registreringsmyndighet.
547 672 8 21 I
572 671 116 22 utskottets
713 671 130 26 motivering
859 670 39 21 sid.

78 702 88 22 39—40
181 709 36 14 ser
233 708 51 15 man
301 702 56 21 dock
374 704 31 19 att
424 702 106 21 utskottet
553 702 40 21 har
609 701 63 21 tänkt
695 702 33 26 sig
752 701 73 21 denna
841 707 59 20 myn-

78 733 73 26 dighet
166 732 7 21 i
189 731 39 22 vär
244 731 128 22 nuvarande
388 732 196 27 industristyrelse.
617 731 40 21 Det
673 733 25 19 är
714 733 30 19 att
768 731 85 26 hoppas
870 731 30 20 att

78 762 65 21 äfven
167 762 128 27 regeringen
319 761 66 22 måtte
410 761 118 27 godkänna
552 761 203 27 industristyrelsen
779 761 32 20 till
828 760 73 21 denna

78 792 133 27 myndighet,
229 792 69 21 ehuru
315 791 66 27 enligt
397 792 163 21 instruktionen
581 791 35 21 väl
637 791 152 21 sekreteraren
806 796 50 15 men
872 790 29 20 in-

78 828 42 21 gen
136 821 189 28 styrelseledamot
348 822 61 20 inom
433 821 204 28 industristyrelsen
661 821 106 20 behöfver
783 819 119 22 innehafva

78 851 94 27 juridisk
188 851 104 27 bildning.
325 851 41 21 Det
382 851 40 21 har
438 851 89 21 därföre
544 853 61 25 synts
622 851 44 27 mig
682 850 74 22 såsom
768 851 81 20 rättare
866 855 36 15 om

80 881 104 22 utskottet
200 881 57 21 hade
273 881 78 21 uttalat
368 881 32 27 sig
416 881 7 20 i
439 881 141 21 bestämdare
597 881 91 26 ordalag
699 880 114 27 angående
830 880 72 20 denna

80 911 132 27 myndighet.
252 911 54 21 Nåd.
331 911 167 26 propositionen
522 911 94 21 föreslår
642 910 68 21 också
733 912 32 19 att
791 909 111 27 ändrings-

80 941 100 22 ansökan
196 941 41 21 bör
253 941 38 21 ske
308 941 40 21 hos
365 941 111 21 hofrätten
493 941 53 21 eller
562 941 41 21 hos
623 943 103 19 senatens
742 939 160 28 justitiedepar-

80 973 88 24 tement,
185 970 86 22 således
287 971 40 21 hos
344 971 37 20 två
397 971 109 26 juridiska
523 971 158 27 myndigheter,
707 970 28 21 då
756 970 101 21 däremot
873 971 30 18 ut-

80 1001 81 21 skottet
184 1001 93 21 föreslår
301 1001 78 20 endast
403 1003 98 19 senaten.
534 1001 40 27 Jag
597 1001 71 21 skulle
690 1000 56 21 dock
770 1002 34 19 tro
821 1001 31 19 att
868 999 35 20 det

80 1031 41 21 bör
140 1031 83 21 införas
245 1037 26 14 en
292 1031 93 26 ändring
402 1031 84 20 därhän
504 1033 30 19 att
551 1031 36 21 det
603 1030 72 21 blefve
692 1030 134 21 åtminstone
843 1035 60 15 sena-

81 1063 47 19 tens
152 1061 241 26 justitiedepartement,
419 1061 31 20 dit
474 1060 206 27 ändringssökande
704 1060 34 21 får
764 1059 73 22 vända
864 1059 38 26 sig.

81 1090 63 22 Hvad
161 1090 68 21 sedan
245 1090 104 21 beträffar
366 1090 42 21 den
425 1090 192 27 omständigheten
634 1092 30 19 att
677 1090 7 20 i
697 1090 117 21 utskottets
826 1088 77 28 lagför-

81 1120 47 27 slag
144 1127 36 14 om
197 1120 124 26 aktiebolag
337 1122 63 25 säges
423 1120 151 27 uttryckligen,
600 1122 31 19 att
649 1120 56 21 1864
722 1120 36 21 års
774 1118 129 27 förordning

80 1150 130 27 upphäfves,
228 1150 25 21 så
269 1156 64 21 synes
351 1150 43 27 mig
411 1152 31 19 att
458 1150 73 27 någon
545 1150 156 21 bestämmelse
717 1150 70 21 borde
803 1149 40 21 här
854 1148 50 27 ingå

81 1180 133 21 därutinnan
231 1182 30 19 att
278 1180 164 26 förordningen,
460 1186 36 15 om
513 1180 43 21 den
573 1180 126 25 fastställes,
721 1180 19 26 ej
758 1180 100 20 kommer
874 1180 31 19 att

81 1210 68 20 värka
165 1210 128 21 retroaktivt
309 1210 28 26 på
353 1216 30 14 nu
404 1210 139 20 existerande
565 1210 130 26 aktiebolag.
729 1210 40 20 Det
793 1208 112 22 förefaller

82 1240 43 26 mig
142 1239 24 22 så
182 1240 87 27 mycket
285 1246 60 14 mera
362 1240 101 26 önskligt,
490 1246 47 15 som
554 1240 7 20 i
585 1240 59 20 detta
665 1239 119 27 lagförslag
800 1238 62 27 ingår
878 1244 26 15 en

80 1270 155 20 bestämmelse
255 1272 30 18 att
307 1270 129 20 nuvarande
459 1270 125 26 aktiebolag
601 1269 54 21 böra
671 1270 153 26 inregistreras
840 1268 63 27 ånyo.

81 1299 45 21 Här
150 1299 45 21 står
219 1300 64 20 näml
301 1301 32 19 att
357 1300 37 20 det
417 1300 131 20 ankommer
567 1299 28 27 på
614 1301 91 19 senaten
727 1301 31 19 att
775 1298 128 25 bestämma,

80 1329 57 21 huru
155 1329 40 21 och
219 1330 6 20 i
250 1330 88 20 hvilken
355 1329 94 27 ordning
472 1329 146 21 härförinnan
642 1329 115 21 tillkomna
781 1328 125 26 aktiebolag

81 1358 63 22 skola
161 1360 6 19 i
183 1359 100 27 registret
299 1359 126 21 inskrifvas.
458 1359 8 21 I
484 1359 159 27 motiveringen
667 1360 63 26 säger
749 1358 107 22 utskottet
876 1359 30 19 att

81 1389 37 20 det
134 1389 18 26 ej
170 1389 43 21 kan
229 1396 54 14 vara
299 1390 117 26 meningen
433 1391 31 19 att
481 1389 73 21 denna
570 1395 44 20 nya
630 1389 35 27 lag
685 1388 55 21 skall
756 1388 68 21 hafva
840 1390 66 18 retro-

81 1418 59 22 aktiv
157 1418 83 22 värkan
265 1418 27 27 på
313 1418 196 28 bestämningarna
532 1420 6 20 i
559 1419 60 21 äldre
636 1418 204 27 bolagsordningar,
865 1417 41 21 och

81 1448 90 27 onödigt
187 1455 65 20 synes
269 1448 133 22 åtminstone
418 1449 44 26 mig
478 1451 32 18 att
529 1449 66 20 dessa
615 1448 28 27 på
664 1448 49 21 fullt
729 1448 65 26 laglig
810 1449 42 25 väg
867 1446 39 22 till-

81 1478 82 21 komna
179 1478 64 26 bolag
259 1478 63 21 skola
338 1478 57 27 ånyo
410 1478 137 21 underkasta
558 1478 32 27 sig
602 1478 120 21 kostnader
733 1478 42 21 och
787 1478 120 26 omgångar

81 1508 34 22 för
130 1514 29 22 ny
176 1508 168 28 inregistrering.
377 1508 8 20 I
402 1508 66 20 slutet
485 1508 23 22 af
524 1515 29 14 nu
570 1508 101 27 gällande
690 1508 56 20 1864
763 1507 36 21 års
821 1506 83 24 förord-
