1075 1739
420 104 21 17 16
455 110 16 16 p.
485 104 77 18 Huhtik.
839 103 35 16 843

72 165 58 20 dana
146 165 60 20 orter
221 164 122 21 inrättades
360 163 131 26 samskolor,
516 163 71 21 skulle
604 163 49 21 icke
669 163 95 21 allenast
780 162 118 27 bildnings-

72 193 104 22 behofvet
192 193 69 21 blifva
277 193 61 28 fyldt,
364 195 53 19 utan
434 199 27 15 en
485 193 91 21 rättvisa
596 193 66 21 äfven
680 193 129 21 vederfaras
833 192 66 21 dessa

73 226 70 19 orters
159 223 141 26 innevänare,
317 223 82 26 hvilka,
416 223 70 21 ehuru
503 223 27 21 de
547 223 92 27 bidraga
655 223 32 21 till
699 223 116 21 skolornas
832 222 8 21 i
855 222 44 21 lan-

74 254 37 21 det
127 252 123 27 underhåll,
268 253 80 26 själfva
364 253 71 21 sakna
451 253 90 21 sådana.

144 283 40 27 Jag
207 285 46 19 tror
277 283 48 21 icke
341 285 32 18 att
389 283 36 21 det
441 283 44 21 kan
509 289 65 15 anses
596 283 35 21 för
647 282 66 21 altför
729 282 67 27 djärft
812 288 36 15 om
864 282 35 27 jag

74 315 91 26 antager
180 315 32 19 att
228 313 150 27 föreliggande
395 313 91 26 petition
503 319 35 15 om
560 330 4 8 ,
568 313 139 24 subvention
730 312 23 21 af
777 311 123 22 samskolor

73 344 7 20 i
97 349 86 16 samma
199 342 51 22 män
267 349 48 14 som
331 343 35 20 för
382 343 87 26 privata
484 343 137 27 gosskolor*,
646 343 79 20 vinner
748 341 151 28 pluralitetens

74 373 121 21 understöd
212 373 7 20 i
235 372 60 21 detta
311 372 72 21 ständ.
414 373 42 26 Jag
471 373 98 27 grundar
593 373 74 20 denna
691 372 45 21 min
753 371 148 27 förhoppning

74 403 28 27 pä
118 403 37 21 det
171 403 85 20 faktum
273 404 31 19 att
320 402 71 21 under
408 405 89 19 senaste
521 403 105 26 landtdag
650 409 27 14 en
693 402 23 21 af
732 401 99 22 ständets
849 401 52 26 högt

74 432 67 22 ärade
158 432 144 21 medlemmar
318 432 161 27 petitionerade
495 439 37 15 om
551 432 109 21 kvinnans
683 432 102 26 rättighet
801 433 31 19 att
848 432 53 20 utan

75 462 57 22 skild
148 462 100 22 ansökan
264 462 68 21 vinna
347 462 97 21 tillträde
460 462 33 21 till
509 462 159 26 universitetet,
690 462 42 21 och
749 461 72 21 denna
838 460 63 27 fräga

75 492 28 22 dä
118 499 60 15 vann
194 492 96 27 anklang
306 492 42 21 och
363 492 113 27 pluralitet
492 492 60 21 inom
564 492 93 21 ständet.
690 491 33 21 Dä
738 498 52 14 man
807 491 92 27 tidigare

75 523 56 20 varit
148 528 52 15 ense
216 528 37 15 om
269 524 31 19 att
316 522 98 21 kvinnan
430 522 41 21 bör
487 522 67 23 vinna
577 522 97 21 tillträde
690 522 32 20 till
740 521 157 25 universitetet,

75 552 41 21 bör
131 558 52 15 man
199 552 41 21 ock
256 558 54 15 vara
326 558 53 15 ense
396 558 36 15 om
449 554 31 19 att
497 552 64 21 ställa
584 552 26 21 sä
633 552 32 20 till
682 553 31 19 att
729 552 29 26 pä
774 551 51 21 flere
842 552 59 20 orter

75 582 72 21 henne
163 582 94 21 beredas
273 582 86 21 tillfälle
375 581 33 21 till
424 584 31 19 att
471 582 99 21 inhämta
586 582 76 21 därför
683 581 144 27 erforderliga
849 580 52 21 kun-

77 612 86 27 skaper,
188 614 22 25 ty
227 618 81 15 annars
324 612 41 20 har
381 618 58 20 man,
465 612 79 21 sådant
560 612 150 21 förhållandet
726 618 29 14 nu
773 613 30 23 är,
831 610 71 22 berett

76 642 78 21 endast
170 642 28 20 de
214 648 61 15 mera
286 641 144 22 bemedlades
441 642 85 21 döttrar
536 642 86 21 tillfälle
640 644 31 18 att
687 641 72 21 skaffa
775 642 32 26 sig
823 640 78 28 grund-

76 672 67 27 ligare
160 672 128 26 kunskaper
304 672 41 20 och
362 672 85 26 tillfälle
471 672 32 20 till
528 672 52 21 flere
596 671 175 21 förvärfskällor.
804 670 40 27 Jag
861 670 42 21 för-

76 702 60 21 afser.
160 701 90 21 därmed
269 702 61 27 visst
353 702 49 20 icke
426 704 31 18 att
477 701 107 22 flickorna
600 702 7 20 i
624 701 121 21 allmänhet
761 700 63 22 skola
841 700 61 21 efter-

77 732 83 20 sträfva
176 731 248 27 universltetsbildning,
450 734 53 18 utan
519 734 31 18 att
566 731 51 21 dem
642 731 56 21 skall
715 731 86 21 lämnas
818 730 85 21 tillfälle

78 764 31 18 att
124 768 49 14 som
190 767 79 21 gossen
286 761 141 27 grundligare
444 761 83 21 bereda
543 762 32 26 sig
591 761 35 21 för
642 761 37 21 det
704 760 114 28 praktiska
835 760 66 20 lifvet.

148 791 62 21 Talet
226 798 36 14 om
280 793 46 24 ,,att
341 791 110 21 kvinnans
468 790 118 28 begäfning
602 791 48 21 icke
668 792 24 20 är
708 791 131 21 densamma
855 796 48 15 som

79 822 123 20 mannens*
218 822 25 20 är
259 821 69 21 redan
344 820 124 22 föräldradt
484 821 42 21 och
542 821 48 21 icke
607 827 39 15 ens
670 820 75 22 bibeln
769 820 70 27 gifver
855 819 48 21 stöd

79 851 34 21 för
129 852 31 20 ett
176 850 78 22 sädant
270 850 127 28 pästäende.
431 851 41 21 Det
487 851 62 21 heter
565 851 98 21 kvinnan
682 850 110 27 skapades
809 856 95 14 mannen

79 881 31 21 till
126 881 60 27 hjälp
210 881 42 21 och
268 881 92 21 biträde.
393 880 32 22 Dä
441 880 26 22 sä
483 882 30 24 är,
538 881 55 21 böra
609 881 35 21 väl
661 881 27 25 vi,
706 887 49 15 som
771 880 88 21 tillhöra
875 881 30 19 ett

79 911 85 21 bildadt
187 911 113 25 samhälle,
325 910 49 22 icke
398 910 55 27 följa
469 911 111 21 orientens
600 910 114 22 föredöme
736 910 41 21 och
794 909 111 27 förtrycka

79 941 71 20 henne
174 941 42 20 och
240 947 53 14 anse
317 941 72 20 henne
413 940 77 27 tjänlig
511 947 48 14 som
576 947 27 14 en
619 940 60 27 hjälp
696 940 55 21 blott
767 940 7 20 i
790 941 31 19 att
837 939 68 26 draga

80 971 82 26 dagens
178 972 74 25 tunga,
272 970 58 21 hälst
346 969 28 22 de
391 970 64 21 flästa
471 970 63 21 torde
551 977 53 14 vara
621 976 53 15 ense
690 970 77 21 därom
791 971 32 19 att
846 969 59 20 kvin-

79 1007 43 14 nan
146 1000 7 21 i
178 1000 78 27 fysiskt
280 1000 106 21 afseende
402 1001 25 20 är
443 1007 97 14 mannen
557 1000 153 27 underlägsen,
735 1006 52 15 men
803 999 37 21 det
855 998 50 22 oak-

80 1030 46 21 tadt
142 1036 65 15 anses
224 1030 44 21 hon
284 1029 116 22 flerstädes
424 1030 41 21 hos
486 1037 37 14 oss
540 1030 55 21 böra
611 1030 93 21 förrätta
727 1030 27 21 de
771 1031 87 26 tyngsta
874 1035 31 14 ar-

80 1060 71 25 beten,
170 1062 56 19 samt
242 1060 90 27 lämplig
348 1062 32 19 att
396 1060 50 21 med
464 1066 81 21 grepen
562 1060 42 21 och
620 1060 85 27 spaden
716 1059 75 27 hjälpa
802 1065 102 15 mannen.

79 1089 37 22 Att
132 1090 97 21 kvinnan
246 1089 28 28 pä
290 1089 119 22 hufvudets
426 1091 84 26 vägnar
526 1091 24 20 är
566 1090 50 21 fullt
632 1089 139 28 jämnbördig
785 1089 50 21 med
848 1095 58 14 man-

80 1126 42 15 nen
138 1119 70 22 finnes
232 1119 80 27 många
335 1119 62 22 bevis
415 1119 34 27 pä,
474 1120 42 21 och
532 1119 39 22 vär
590 1119 99 22 uräldsta
706 1120 90 21 historie
813 1118 94 22 omtalar

80 1151 32 20 att
134 1149 97 22 kvinnan
255 1149 58 21 hade
334 1151 30 19 ett
388 1151 71 20 större
481 1150 42 21 och
543 1149 121 27 okufligare
680 1149 183 27 kunskapsbegär
879 1150 27 19 än

80 1185 103 16 mannen.
216 1179 32 21 Då
264 1179 147 22 förevarande
428 1180 92 26 petition
536 1179 55 21 blott
612 1179 39 27 går
670 1181 23 19 ut
709 1179 29 27 pä
754 1179 153 21 subventione-

81 1209 48 27 ring
145 1209 23 21 af
184 1209 112 21 allmänna
312 1209 72 21 medel
401 1209 36 21 för
453 1209 103 21 lärovärk
573 1209 50 21 med
644 1215 127 21 gemensam
796 1208 111 21 undervis-

80 1239 52 27 ning
155 1239 35 21 för
214 1245 78 21 gossar
316 1239 41 21 och
374 1239 84 26 flickor,
482 1239 42 21 och
540 1239 48 21 icke
604 1239 79 21 fodran
700 1239 75 21 ställes
791 1238 29 27 på
837 1240 70 19 staten

81 1271 31 18 att
128 1275 76 15 ensam
221 1269 81 21 inrätta
322 1269 41 21 och
387 1269 132 21 underhålla
542 1269 170 27 ifrågavarande
736 1269 81 25 skolor,
842 1274 65 21 synes

81 1299 44 26 mig
141 1299 130 21 densamma
287 1299 25 21 så
329 1299 123 26 berättigad
469 1305 49 15 som
535 1299 89 26 möjligt,
643 1299 42 21 och
695 1299 36 27 jag
742 1300 25 20 är
778 1298 129 27 öfvertygad

82 1335 36 14 om
134 1331 32 18 att
182 1329 50 21 med
249 1329 42 21 den
308 1329 140 26 försiktighet
465 1335 52 15 man
533 1329 6 20 i
556 1329 121 21 allmänhet
699 1329 41 20 hos
765 1335 36 14 oss
819 1328 90 27 pröfvar

82 1358 30 21 alt
128 1360 53 25 nytt,
207 1361 60 19 utom
283 1359 7 20 i
306 1359 84 20 toilette
407 1359 42 20 och
466 1359 138 25 modesaker,
630 1365 51 14 man
705 1358 49 21 icke
778 1358 56 21 skall
856 1364 53 14 rusa

82 1388 69 21 blindt
168 1387 62 22 åstad
247 1389 42 20 och
305 1389 81 20 inrätta
403 1389 126 20 samskolor
552 1391 61 18 utom
638 1388 28 27 på
682 1391 59 18 orter
764 1388 41 21 där
824 1387 85 22 sådana

82 1419 38 20 äro
144 1418 23 21 af
190 1418 104 21 behofvet
318 1418 124 27 påkallade.
475 1419 44 20 För
535 1419 45 20 min
596 1418 35 21 del
648 1419 99 20 ansluter
762 1419 37 26 jag
815 1417 44 27 mig
875 1417 32 20 till

83 1448 120 27 petitionen
220 1450 56 19 samt
292 1448 130 27 godkänner
438 1449 118 20 utskottets
572 1448 147 21 betänkande.

153 1478 224 26 Landtdagsmannen
393 1478 133 28 Rosenberg:
548 1478 62 20 Hvad
627 1478 44 26 mig
687 1477 104 22 beträffar
807 1477 40 20 har
864 1476 45 20 min

82 1507 58 21 åsikt
162 1508 7 20 i
193 1507 73 21 denna
289 1506 62 28 fråga
375 1507 49 21 icke
448 1507 126 21 förändrats
598 1507 69 21 sedan
692 1509 88 19 senaste
796 1506 111 30 landtdag,
