1078 1742
210 109 36 17 492
532 110 12 16 3
557 115 17 17 p.
586 109 82 18 Maalisk.

187 168 165 22 Suomenmaan
376 168 103 28 Säätyjen
503 169 142 21 alamaiseksi
668 168 164 26 anomukseksi,
854 168 51 27 joka
925 167 82 21 koskee

186 198 145 22 tullisuhteita
347 199 191 21 Keisarikuntaan.

259 228 98 22 Ehdotus
381 228 262 27 anomuskirjoitukseksi
659 228 147 22 tarkastettiin
822 228 22 27 ja
860 228 147 28 hyväksyttiin

187 260 160 20 muuttamatta.

259 335 89 28 Säädyn
371 336 190 27 valitsijamiesten
582 336 100 27 puolesta
701 335 87 22 ilmoitti
807 335 110 22 edusmies
934 335 72 22 Meur-

186 373 59 19 man,
263 368 43 19 että
319 366 164 21 tarkastamaan
495 366 85 27 säädyn
591 365 282 28 keskustelupöytäkirjoja,
885 365 59 27 jotka
956 367 51 19 ovat

187 395 93 22 laaditut
297 396 87 27 Säädyn
400 396 193 27 täysi-istunnossa
609 396 87 21 kahden
712 395 75 22 viikon
804 395 66 27 ajalla
884 395 74 21 lukien
969 395 37 20 ku-

187 425 81 22 luneen
284 426 133 21 Helmikuun
430 425 26 22 15
473 426 101 27 päivästä
590 428 51 19 ovat
656 426 78 21 valitut
754 425 137 22 edusmiehet
907 425 99 21 Fellman

186 455 22 26 ja
225 455 80 22 Krook.

259 539 107 21 Esitettiin
382 539 104 28 pöydällä
502 539 55 22 ollut
570 539 84 28 yleisen
666 539 231 22 valitusvaliokunnan
908 539 98 21 mietintö

187 575 36 15 n:o
247 569 13 21 3
285 569 181 28 Pappissäädylle
482 570 83 27 jätetyn
581 569 233 22 anomusehdotuksen
830 569 107 26 johdosta,
955 569 51 26 joka

186 599 83 21 koskee
293 599 52 26 joka
368 599 86 22 kolmas
470 600 63 21 vuosi
550 600 119 27 pidettäviä
685 599 78 28 yleisiä
778 599 227 27 opettajakokouksia.

258 653 168 21 Keskustelu:

258 701 115 20 Edusmies
397 701 104 22 Avellan:
517 701 59 21 Minä
592 701 78 28 pyysin
687 701 170 27 puheenvuoron
872 701 134 26 ainoastaan

186 730 175 21 ehdotellakseni
377 733 45 19 tätä
438 731 114 22 mietintöä
568 731 101 28 pöydälle
685 731 138 27 pantavaksi.

258 761 222 26 Landtdagsmannen
504 761 123 22 Ehrström:
651 761 61 21 Inom
736 761 28 21 de
788 761 112 26 praktiska
923 761 83 27 yrkena

185 790 41 21 har
242 797 52 14 man
311 791 68 20 redan
395 791 63 26 länge
474 791 67 21 insett
557 793 76 25 nyttan
649 791 23 21 af
688 793 31 19 att
734 790 29 27 pä
778 797 171 20 gemensamma,
966 791 41 20 tidt

185 820 42 21 och
243 820 47 21 ofta
306 820 158 22 föranstaltade
480 822 75 19 möten
571 821 112 21 diskutera
700 821 27 20 de
743 820 80 27 frägor,
845 827 47 14 som
909 822 98 19 närmast

184 851 58 24 röra,
260 857 52 14 vare
324 850 32 26 sig
367 851 108 20 industrin
491 851 7 19 i
515 851 51 20 dess
583 851 59 21 olika
657 857 79 20 grenar
752 851 42 20 och
811 851 124 24 branscher,
953 851 54 20 eller

185 879 131 26 jordbruket
332 886 27 15 m.
377 880 20 20 fl.
415 880 114 27 näringar;
548 880 41 22 och
605 880 36 22 det
657 882 25 19 är
698 882 61 19 utom
776 880 30 21 alt
821 880 75 20 tvifvel
912 882 31 18 att
959 879 48 21 värt

166 928 2 2 .
185 909 108 26 jordbruk
309 910 49 20 med
383 910 51 21 dess
458 910 127 27 hinäringar
608 910 48 21 icke
677 912 53 19 utan
747 910 66 20 dessa
829 910 70 21 under
915 910 27 20 de
958 910 48 26 fyra

185 939 54 21 sista
258 939 147 21 decennierna
421 940 159 21 föranstaltade
597 940 229 21 diskussionsmötena
842 940 56 21 hade
915 939 92 27 uppnätt

185 968 43 22 den
244 969 118 27 glädjande
379 970 124 26 utveckling
519 970 123 21 detsamma
658 976 30 14 nu
704 970 99 20 innehar.

256 999 38 21 Att
310 999 67 21 behof
393 1000 64 20 äfven
473 1000 69 28 göres
554 1000 35 20 för
604 1000 56 25 dem,
678 1006 49 14 som
741 999 77 21 arbeta
829 999 28 27 pä
867 999 139 27 bildningens

184 1028 42 21 och
237 1029 28 21 de
277 1028 88 28 bokliga
376 1029 170 27 kunskapernas
558 1030 118 26 spridande
694 1030 41 20 och
751 1029 120 25 förkofran,
889 1031 31 19 att
935 1029 71 21 oftare

183 1060 29 19 än
235 1058 145 22 härförinnan
396 1060 56 20 varit
475 1059 67 26 fallet,
568 1060 191 20 sammankomma
775 1059 7 21 i
798 1059 42 21 och
856 1059 35 21 för
905 1059 102 26 muntligt

183 1088 151 28 tankeutbyte,
357 1090 25 19 är
405 1089 84 27 ganska
508 1090 110 26 naturligt.
650 1090 41 20 Det
707 1091 25 19 är
748 1089 76 21 därför
840 1089 49 21 med
905 1088 101 21 tillfreds-

185 1118 97 21 ställelse
305 1119 36 26 jag
361 1119 43 21 läst
420 1119 42 21 den
478 1119 150 27 föreliggande
644 1119 121 27 petitionen
781 1119 42 21 och
840 1118 115 21 utskottets
971 1118 35 21 be-

184 1148 118 26 tänkande,
327 1151 22 24 ty
371 1149 79 21 endast
468 1155 79 21 genom
563 1155 127 21 gemensam
707 1148 133 22 samvärkan
857 1148 149 21 skollärarene

183 1178 95 20 emellan
295 1178 44 21 kan
361 1178 72 21 tidens
458 1178 49 21 kraf
530 1179 7 20 i
554 1178 123 28 skolfrägor
695 1178 70 22 blifva
781 1178 136 21 allmännare
933 1178 73 21 kända

183 1207 42 21 och
241 1208 204 22 tillfredsställande
461 1208 63 22 lösta.

256 1237 65 21 Säväl
345 1238 172 26 petitionärerna
540 1245 48 14 som
609 1238 117 21 utskottets
742 1238 113 26 pluralitet
870 1238 66 20 hafva
952 1239 53 19 utta-

183 1266 30 21 lat
233 1267 34 27 sig
287 1267 35 21 för
342 1268 63 20 hvart
426 1268 69 26 tredje
512 1267 24 22 är
552 1268 181 21 äterkommande
750 1268 112 20 allmänna
877 1267 128 21 skollärare-

183 1298 81 24 möten,
282 1297 41 21 och
339 1297 66 21 äfven
420 1298 36 26 jag
472 1298 98 21 ansluter
586 1298 43 27 mig
645 1298 80 20 därtill.

255 1326 43 22 För
314 1326 94 28 mängen
424 1329 72 19 sämre
513 1328 87 21 aflönad
617 1328 71 20 lärare
705 1329 25 19 är
746 1327 37 21 det
798 1327 55 21 visst
868 1327 89 26 möjligt,
975 1328 31 20 att

183 1356 36 20 det
243 1356 44 21 kan
311 1356 68 22 blifva
403 1357 59 21 svårt
486 1360 31 18 att
534 1357 25 21 sä
575 1358 46 20 ofta
637 1358 85 20 bevista
739 1357 27 21 de
783 1357 112 21 allmänna
910 1358 95 19 mötena.

182 1385 50 21 Men
256 1392 79 20 genom
359 1388 31 19 att
414 1387 158 27 mötesplatsen
588 1388 108 26 förlägges
716 1388 28 20 än
760 1387 41 21 här
817 1388 29 19 än
861 1386 46 25 där,
924 1386 7 20 i
947 1386 60 21 olika

182 1415 63 21 delar
269 1416 23 20 af
315 1416 75 21 landet
414 1416 78 22 blifver
511 1417 90 26 enhvar,
625 1417 65 21 äfven
714 1416 44 22 den
774 1416 86 21 mindre
876 1415 130 22 bemedlade

183 1444 94 27 läraren,
302 1446 7 20 i
332 1446 86 21 tillfälle
442 1448 31 19 att
489 1446 28 21 dä
534 1447 41 20 och
592 1446 27 21 dä
636 1449 52 18 utan
705 1448 71 19 större
793 1446 144 21 ekonomiska
953 1451 53 20 upp-

182 1474 107 27 offringar
312 1475 85 21 bevista
421 1476 121 21 desamma.
575 1476 117 21 Dessutom
716 1477 25 20 är
764 1475 38 22 det
820 1475 35 21 väl
874 1477 31 19 att
920 1475 86 26 hoppas

182 1506 31 19 att
236 1505 136 27 regeringen,
397 1505 73 22 säsom
495 1506 145 21 härförinnan
658 1506 64 25 skett,
747 1511 80 21 genom
843 1504 124 27 beviljande
984 1504 23 21 af
