1075 1742
201 106 34 17 928
522 108 23 17 29
559 114 16 16 p.
592 108 77 17 Huhtik.

178 166 65 21 dessä
258 166 153 26 johtokunnan
427 167 88 26 kanssa,
532 168 53 26 joka
601 168 96 26 sijaitsee
708 167 142 25 ulkomaalla,
867 167 36 21 voi
915 168 83 20 ulottua

178 197 61 26 myös
257 196 185 27 maalaiskuntiin,
462 197 46 21 niin
524 197 50 21 olisi
591 200 113 23 suotavaa,
730 198 44 20 että
790 197 59 21 tulisi
867 197 130 27 säädetyksi,

178 227 43 20 että
245 226 167 26 puheenalaisia
436 228 274 26 suostuntaveromaksuja
726 227 56 21 voisi
806 228 107 20 suorittaa
937 228 62 26 myös

178 256 207 22 maalaiskunnissa.
417 256 59 22 Minä
492 257 104 21 tahtoisin
613 257 38 21 siis
676 257 5 21 3
693 257 138 21 momenttiin
848 263 69 15 sanan
934 257 64 25 ,kau-

158 302 2 2 -
178 286 119 26 pungissa*
313 286 87 26 jälkeen
416 287 137 21 lisättäväksi
570 289 73 19 sanat:
661 304 10 9 ,
675 287 45 21 tahi
737 287 221 21 maalaiskunnissa'*.
970 300 28 2 —

177 315 82 21 Saman
276 316 95 27 pykälän
387 317 95 21 toisessa
498 317 112 21 kohdassa
627 324 28 14 on
672 318 63 26 myös
747 318 49 20 eräs
809 317 57 26 pieni
879 317 118 24 kielivirhe,

176 346 68 26 jonka
261 346 126 21 luultavasti
404 347 229 21 toimitusvaliokunta
649 347 83 26 korjaa.

248 376 222 27 Landtdagsmannen
487 377 96 22 Stråhle:
607 377 41 27 Jag
671 376 72 22 skulle
767 376 35 22 för
825 377 45 20 min
887 377 34 21 del
941 376 56 21 hvad

176 404 15 29 8
207 405 13 21 2
237 405 104 22 beträffar
357 406 56 22 helst
429 407 77 21 förena
530 407 44 27 mig
591 414 35 14 om
650 407 172 25 reservationen,
848 407 92 21 emedan
963 406 36 26 jag

177 441 65 15 anser
258 435 37 21 det
310 436 48 21 icke
375 443 53 14 vara
444 436 48 22 skäl
508 439 31 19 att
555 443 79 21 genom
651 443 27 15 en
689 444 29 20 ny
730 436 190 28 bevillningsskatt
936 437 62 26 lägga

176 465 79 21 hinder
279 466 6 20 i
301 468 70 24 vägen
395 466 35 21 för
453 467 43 21 den
520 467 139 21 konkurrens
675 467 22 20 vi
720 466 68 21 hafva
811 467 7 20 i
838 466 27 21 de
882 466 116 21 utländska

177 494 93 28 bolagen
287 496 41 21 och
344 496 93 21 emedan
454 497 73 21 denna
543 497 58 21 skatt
617 496 48 22 icke
682 496 43 21 kan
743 496 103 27 päläggas
862 496 71 27 bolag,
950 502 47 15 som

176 526 39 20 äro
236 526 87 20 hemma
339 525 49 22 frän
405 526 115 28 Ryssland,
548 526 101 26 Holland,
677 526 96 27 Belgien,
801 526 192 26 Stor-Britannien,

176 555 122 21 Frankrike
313 562 26 14 m.
352 556 20 21 fl.
390 556 83 22 länder.
506 556 31 22 Dä
554 556 37 22 det
607 563 42 15 ena
665 556 88 27 bolaget
769 556 93 21 sälunda
874 556 41 21 blir
926 556 73 27 älagdt

176 584 59 22 skatt
251 586 42 20 och
309 586 36 21 det
361 586 70 21 andra
446 586 54 26 icke,
518 587 25 20 sä
559 586 92 27 uppstär
668 586 126 27 derigenom
812 592 27 15 en
856 588 45 19 stor
917 586 80 26 ojemn-

176 615 42 21 het.
251 615 40 27 Jag
307 616 71 21 skulle
394 616 76 22 därför
485 616 117 21 hemställa
618 616 111 21 huruvida
748 616 86 21 ständet
858 616 47 21 icke
927 616 70 20 skulle

176 651 54 15 anse
247 647 32 19 att
294 646 70 20 andra
380 646 131 27 paragrafen
528 646 71 21 skulle
616 646 22 22 fä
654 646 57 27 utgä.

247 675 116 21 Edusmies
382 676 141 22 Tensikkala:
547 676 116 21 Edusmies
675 676 105 21 Pitkäsen
797 676 100 21 tekemää
908 676 90 27 lisäystä

176 710 27 16 en
219 704 64 22 katso
299 706 166 27 tarpeelliseksi,
483 706 70 21 koska
569 706 140 27 päätoimisto
726 713 28 14 on
767 706 50 21 aina
828 706 168 27 kaupungeissa,

175 734 34 26 jos
225 734 68 22 kohta
309 736 117 26 asioitsijat
442 736 88 21 ovatkin
548 736 87 21 maalla.
654 748 26 3 —
698 736 52 21 Mitä
766 736 58 21 tulee
841 738 90 19 muuten
947 736 50 20 mie-

175 764 86 22 tintöön
278 765 106 28 liitettyyn
396 766 187 25 vastalauseesen,
600 766 45 21 niin
661 766 59 20 minä
732 772 27 15 en
771 766 35 21 voi
818 766 42 20 sitä
871 766 124 21 kannattaa.

175 794 59 22 Minä
257 794 81 27 luulen,
364 797 44 19 että
424 796 127 21 valiokunta
575 802 29 15 on
628 796 147 21 erinomaisen
802 796 86 27 hyvästi
915 796 81 20 mietin-

175 825 64 20 tönsä
263 825 149 21 valmistanut.
444 826 83 21 Katson
551 826 135 25 suotavaksi,
711 827 45 20 että
780 832 26 14 ne
828 825 168 22 ulkomaalaiset

175 854 188 27 vakuutusyhtiöt,
380 856 60 25 jotka
456 858 51 19 ovat
523 856 67 20 täällä
606 856 166 26 kilpailemassa
788 856 88 20 meidän
888 862 109 14 maamme

175 883 113 28 yhtiöiden
315 885 88 26 kanssa,
435 885 147 22 velvoitetaan
614 885 160 21 suorittamaan
806 887 189 19 suostuntaveroa.

175 913 59 22 Minä
251 914 119 27 puolustan
386 915 150 21 valiokunnan
553 915 120 21 mietintöä.

247 943 223 28 Landtdagsmannen
485 945 134 22 Hollmerus:
638 945 43 21 För
697 945 45 20 min
760 945 35 20 del
811 945 71 20 skulle
898 945 35 26 jag
949 944 48 21 icke

175 973 67 21 hafva
258 973 118 28 nägonting
392 977 59 19 emot
467 975 42 21 den
530 975 70 21 andra
616 975 144 26 paragrafens
784 974 115 21 införande
915 975 7 20 i
938 974 59 21 detta

175 1003 125 27 lagförslag,
317 1003 46 22 ifall
380 1005 74 20 denna
467 1005 210 26 näringsbevillning
689 1005 71 20 skulle
772 1004 88 21 komma
872 1006 30 19 att
913 1004 84 21 drabba

175 1033 44 20 alla
235 1033 7 20 i
259 1033 74 22 landet
349 1035 137 26 opererande
502 1034 209 27 försäkringsbolag,
738 1041 50 14 men
804 1033 28 22 dä
849 1034 25 21 sä
889 1034 48 21 icke
953 1034 43 20 kan

174 1062 69 21 blifva
260 1063 66 26 fallet,
346 1064 25 21 sä
392 1064 92 27 uppstår
500 1071 27 14 en
544 1065 115 26 uppenbar
675 1064 106 21 orättvisa
804 1064 64 21 däraf
884 1065 30 20 att
930 1063 67 27 några

174 1092 23 21 af
213 1092 66 22 dessa
295 1093 65 27 bolag
376 1094 87 27 erlägga
479 1094 73 21 denna
568 1094 216 27 näringsbevillning,
802 1094 76 24 andra,
888 1093 53 22 icke.
967 1093 30 21 På

174 1122 74 21 denna
264 1123 69 27 grund
350 1123 41 21 och
409 1124 75 21 vidare
500 1124 28 27 på
543 1124 28 21 de
588 1124 53 25 skäl,
663 1131 48 14 som
728 1124 6 20 i
751 1124 164 21 reservationen
932 1123 63 21 fram-

174 1151 77 26 hållas,
279 1153 69 21 måste
370 1153 64 22 äfven
454 1154 36 27 jag
510 1154 117 27 godkänna
643 1154 71 20 andra
730 1159 75 15 reserv
821 1154 94 20 ationen.
949 1153 46 20 Ifall

174 1181 89 22 ståndet
285 1182 47 21 åter
355 1183 72 22 skulle
451 1186 79 19 stanna
550 1183 36 21 vid
609 1184 37 21 det
662 1183 73 21 beslut
752 1185 30 19 att
798 1183 111 21 bibehålla
925 1183 72 20 denna

174 1212 109 27 paragraf,
309 1213 24 20 så
357 1214 71 20 måste
452 1213 35 27 jag
512 1213 127 27 obetingadt
663 1213 77 21 förena
762 1213 44 26 mig
822 1219 35 15 om
874 1212 123 27 landtdags-

174 1247 97 16 mannen
288 1242 118 22 Pitkänens
423 1243 89 27 förslag,
530 1243 67 21 likväl
614 1243 49 21 med
681 1243 42 21 den
740 1243 129 26 förändring
888 1245 30 18 att
935 1242 62 21 ordet

174 1271 79 25 »stad"
270 1272 7 20 i
291 1272 149 22 betänkandet
453 1273 81 21 ändras
547 1273 32 20 till
593 1273 63 21 ordet
672 1275 70 23 ,,ort'',
757 1275 21 24 ty
790 1279 36 14 om
840 1271 73 26 också,
923 1271 73 22 såsom

174 1301 214 27 landtdagsmannen
407 1303 132 20 Tensikkala
555 1302 126 26 framhållit,
707 1302 232 27 hufvudagenturerna
962 1301 35 22 be-

173 1330 60 22 finna
250 1331 32 27 sig
298 1332 7 20 i
321 1332 111 25 städerna,
449 1332 25 21 sä
490 1334 24 19 är
530 1333 37 20 det
583 1333 22 26 ju
622 1333 49 20 icke
683 1333 99 26 omöjligt
792 1334 32 19 att
835 1331 83 22 sädana
929 1331 68 22 ocksä

173 1360 77 22 kunna
266 1361 79 28 uppstä
362 1362 6 21 i
385 1362 107 27 köpingar
508 1362 54 21 eller
578 1362 29 27 pä
623 1362 158 27 landsbygden.
814 1362 40 21 Det
870 1363 25 20 är
906 1361 90 21 alldeles

172 1391 106 27 naturligt
294 1394 31 18 att
341 1398 36 15 om
394 1398 26 15 en
437 1394 91 25 agentur
539 1392 120 21 framdeles
670 1392 101 21 kommer
782 1394 31 19 att
824 1392 71 21 bildas
907 1391 6 21 i
925 1391 71 21 lands-

173 1420 88 27 bygden
285 1421 54 21 eller
363 1422 6 20 i
394 1428 26 15 en
438 1422 87 27 köping,
551 1421 25 22 sä
592 1422 56 21 skall
664 1422 44 21 den
724 1421 42 22 ock
782 1421 88 28 erlägga
886 1421 87 26 afgifter
989 1421 6 20 i

172 1449 44 22 den
241 1453 39 23 ort,
305 1451 40 20 där
369 1453 120 25 agenturen
513 1452 40 20 har
569 1452 37 20 sitt
623 1453 52 20 säte.
708 1451 110 27 Föröfrigt
834 1457 65 15 anser
915 1451 35 26 jag
966 1452 31 19 att

173 1479 239 28 bevillningsutskottet
430 1481 40 21 har
489 1481 45 27 gätt
555 1481 87 22 utöfver
666 1481 34 21 sin
716 1481 133 27 befogenhet
864 1481 7 20 i
888 1480 24 21 sä
928 1479 67 22 mätto

172 1511 32 19 att
219 1511 167 26 propositionen
402 1511 49 21 icke
470 1511 122 21 innehäller
616 1511 65 26 nägot
705 1511 83 26 förslag
811 1518 36 14 om
871 1510 124 27 näringsbe-
