<?xml version="1.0" encoding="UTF-8"?>
<alto xmlns="http://www.loc.gov/standards/alto/ns-v3#" xmlns:xlink="http://www.w3.org/1999/xlink" xmlns:xsi="http://www.w3.org/2001/XMLSchema-instance" xsi:schemaLocation="http://www.loc.gov/standards/alto/ns-v3# http://www.loc.gov/alto/v3/alto-3-0.xsd">
	<Description>
		<MeasurementUnit>pixel</MeasurementUnit>
		<sourceImageInformation>
			<fileName>/tmp/tess_2vti15to_input.PNG</fileName>
		</sourceImageInformation>
		<OCRProcessing ID="OCR_0">
			<ocrProcessingStep>
				<processingSoftware>
					<softwareName>tesseract 5.3.4</softwareName>
				</processingSoftware>
			</ocrProcessingStep>
		</OCRProcessing>
	</Description>
	<Layout>
		<Page WIDTH="1075" HEIGHT="1742" PHYSICAL_IMG_NR="0" ID="page_0">
			<PrintSpace HPOS="0" VPOS="0" WIDTH="1075" HEIGHT="1742">
				<ComposedBlock ID="cblock_0" HPOS="191" VPOS="104" WIDTH="468" HEIGHT="31">
					<TextBlock ID="block_0" HPOS="191" VPOS="104" WIDTH="468" HEIGHT="31">
						<TextLine ID="line_0" HPOS="191" VPOS="104" WIDTH="468" HEIGHT="31">
							<String ID="string_0" HPOS="191" VPOS="104" WIDTH="39" HEIGHT="31" WC="0.96" CONTENT="648"/><SP WIDTH="280" VPOS="104" HPOS="230"/>
							<String ID="string_1" HPOS="510" VPOS="110" WIDTH="21" HEIGHT="17" WC="0.92" CONTENT="19"/><SP WIDTH="14" VPOS="110" HPOS="531"/>
							<String ID="string_2" HPOS="545" VPOS="115" WIDTH="16" HEIGHT="17" WC="0.88" CONTENT="p."/><SP WIDTH="15" VPOS="115" HPOS="561"/>
							<String ID="string_3" HPOS="576" VPOS="109" WIDTH="83" HEIGHT="18" WC="0.91" CONTENT="Maalisk."/>
						</TextLine>
					</TextBlock>
				</ComposedBlock>
				<ComposedBlock ID="cblock_1" HPOS="171" VPOS="168" WIDTH="831" HEIGHT="1370">
					<TextBlock ID="block_1" HPOS="171" VPOS="168" WIDTH="831" HEIGHT="1370">
						<TextLine ID="line_1" HPOS="172" VPOS="168" WIDTH="825" HEIGHT="28">
							<String ID="string_4" HPOS="172" VPOS="168" WIDTH="63" HEIGHT="28" WC="0.96" CONTENT="yrket"/><SP WIDTH="23" VPOS="168" HPOS="235"/>
							<String ID="string_5" HPOS="258" VPOS="169" WIDTH="93" HEIGHT="21" WC="0.93" CONTENT="inträda."/><SP WIDTH="33" VPOS="169" HPOS="351"/>
							<String ID="string_6" HPOS="384" VPOS="169" WIDTH="81" HEIGHT="21" WC="0.93" CONTENT="Därom"/><SP WIDTH="24" VPOS="169" HPOS="465"/>
							<String ID="string_7" HPOS="489" VPOS="170" WIDTH="26" HEIGHT="20" WC="0.94" CONTENT="är"/><SP WIDTH="23" VPOS="170" HPOS="515"/>
							<String ID="string_8" HPOS="538" VPOS="169" WIDTH="37" HEIGHT="27" WC="0.96" CONTENT="jag"/><SP WIDTH="23" VPOS="169" HPOS="575"/>
							<String ID="string_9" HPOS="598" VPOS="169" WIDTH="134" HEIGHT="27" WC="0.96" CONTENT="fullkomligt"/><SP WIDTH="18" VPOS="169" HPOS="732"/>
							<String ID="string_10" HPOS="750" VPOS="175" WIDTH="53" HEIGHT="15" WC="0.96" CONTENT="ense"/><SP WIDTH="17" VPOS="175" HPOS="803"/>
							<String ID="string_11" HPOS="820" VPOS="168" WIDTH="49" HEIGHT="22" WC="0.94" CONTENT="med"/><SP WIDTH="18" VPOS="168" HPOS="869"/>
							<String ID="string_12" HPOS="887" VPOS="168" WIDTH="110" HEIGHT="25" WC="0.94" CONTENT="utskottet,"/>
						</TextLine>
						<TextLine ID="line_2" HPOS="172" VPOS="198" WIDTH="826" HEIGHT="28">
							<String ID="string_13" HPOS="172" VPOS="205" WIDTH="51" HEIGHT="15" WC="0.96" CONTENT="men"/><SP WIDTH="16" VPOS="205" HPOS="223"/>
							<String ID="string_14" HPOS="239" VPOS="204" WIDTH="27" HEIGHT="16" WC="0.96" CONTENT="en"/><SP WIDTH="17" VPOS="204" HPOS="266"/>
							<String ID="string_15" HPOS="283" VPOS="198" WIDTH="69" HEIGHT="22" WC="0.93" CONTENT="sådan"/><SP WIDTH="16" VPOS="198" HPOS="352"/>
							<String ID="string_16" HPOS="368" VPOS="199" WIDTH="235" HEIGHT="27" WC="0.92" CONTENT="fackmannabildning"/><SP WIDTH="19" VPOS="199" HPOS="603"/>
							<String ID="string_17" HPOS="622" VPOS="199" WIDTH="108" HEIGHT="22" WC="0.96" CONTENT="existerar"/><SP WIDTH="16" VPOS="199" HPOS="730"/>
							<String ID="string_18" HPOS="746" VPOS="200" WIDTH="59" HEIGHT="20" WC="0.95" CONTENT="ännu"/><SP WIDTH="14" VPOS="200" HPOS="805"/>
							<String ID="string_19" HPOS="819" VPOS="198" WIDTH="48" HEIGHT="22" WC="0.96" CONTENT="icke"/><SP WIDTH="10" VPOS="198" HPOS="867"/>
							<String ID="string_20" HPOS="877" VPOS="198" WIDTH="121" HEIGHT="22" WC="0.96" CONTENT="tillsvidare"/>
						</TextLine>
						<TextLine ID="line_3" HPOS="173" VPOS="228" WIDTH="826" HEIGHT="28">
							<String ID="string_21" HPOS="173" VPOS="228" WIDTH="41" HEIGHT="22" WC="0.96" CONTENT="och"/><SP WIDTH="16" VPOS="228" HPOS="214"/>
							<String ID="string_22" HPOS="230" VPOS="235" WIDTH="37" HEIGHT="15" WC="0.96" CONTENT="om"/><SP WIDTH="16" VPOS="235" HPOS="267"/>
							<String ID="string_23" HPOS="283" VPOS="235" WIDTH="52" HEIGHT="15" WC="0.96" CONTENT="man"/><SP WIDTH="16" VPOS="235" HPOS="335"/>
							<String ID="string_24" HPOS="351" VPOS="229" WIDTH="65" HEIGHT="21" WC="0.96" CONTENT="äfven"/><SP WIDTH="16" VPOS="229" HPOS="416"/>
							<String ID="string_25" HPOS="432" VPOS="229" WIDTH="102" HEIGHT="21" WC="0.96" CONTENT="kommer"/><SP WIDTH="16" VPOS="229" HPOS="534"/>
							<String ID="string_26" HPOS="550" VPOS="231" WIDTH="31" HEIGHT="19" WC="0.96" CONTENT="att"/><SP WIDTH="16" VPOS="231" HPOS="581"/>
							<String ID="string_27" HPOS="597" VPOS="229" WIDTH="81" HEIGHT="21" WC="0.93" CONTENT="inrätta"/><SP WIDTH="15" VPOS="229" HPOS="678"/>
							<String ID="string_28" HPOS="693" VPOS="228" WIDTH="216" HEIGHT="28" WC="0.91" CONTENT="navigationsskolor"/><SP WIDTH="14" VPOS="228" HPOS="909"/>
							<String ID="string_29" HPOS="923" VPOS="228" WIDTH="34" HEIGHT="21" WC="0.96" CONTENT="för"/><SP WIDTH="11" VPOS="228" HPOS="957"/>
							<String ID="string_30" HPOS="968" VPOS="229" WIDTH="31" HEIGHT="20" WC="0.96" CONTENT="att"/>
						</TextLine>
						<TextLine ID="line_4" HPOS="172" VPOS="258" WIDTH="827" HEIGHT="28">
							<String ID="string_31" HPOS="172" VPOS="264" WIDTH="121" HEIGHT="21" WC="0.91" CONTENT="uppamma"/><SP WIDTH="15" VPOS="264" HPOS="293"/>
							<String ID="string_32" HPOS="308" VPOS="259" WIDTH="126" HEIGHT="21" WC="0.95" CONTENT="erfarenhet"/><SP WIDTH="15" VPOS="259" HPOS="434"/>
							<String ID="string_33" HPOS="449" VPOS="259" WIDTH="8" HEIGHT="21" WC="0.93" CONTENT="i"/><SP WIDTH="15" VPOS="259" HPOS="457"/>
							<String ID="string_34" HPOS="472" VPOS="259" WIDTH="188" HEIGHT="27" WC="0.91" CONTENT="sjömannayrket,"/><SP WIDTH="21" VPOS="259" HPOS="660"/>
							<String ID="string_35" HPOS="681" VPOS="258" WIDTH="25" HEIGHT="22" WC="0.95" CONTENT="så"/><SP WIDTH="22" VPOS="258" HPOS="706"/>
							<String ID="string_36" HPOS="728" VPOS="258" WIDTH="42" HEIGHT="22" WC="0.95" CONTENT="blir"/><SP WIDTH="11" VPOS="258" HPOS="770"/>
							<String ID="string_37" HPOS="781" VPOS="258" WIDTH="66" HEIGHT="22" WC="0.93" CONTENT="deras"/><SP WIDTH="11" VPOS="258" HPOS="847"/>
							<String ID="string_38" HPOS="858" VPOS="258" WIDTH="141" HEIGHT="22" WC="0.91" CONTENT="värksamhet"/>
						</TextLine>
						<TextLine ID="line_5" HPOS="171" VPOS="288" WIDTH="827" HEIGHT="28">
							<String ID="string_39" HPOS="171" VPOS="288" WIDTH="123" HEIGHT="22" WC="0.96" CONTENT="tillsvidare"/><SP WIDTH="23" VPOS="288" HPOS="294"/>
							<String ID="string_40" HPOS="317" VPOS="288" WIDTH="57" HEIGHT="22" WC="0.96" CONTENT="dock"/><SP WIDTH="24" VPOS="288" HPOS="374"/>
							<String ID="string_41" HPOS="398" VPOS="289" WIDTH="116" HEIGHT="21" WC="0.96" CONTENT="inskränkt"/><SP WIDTH="23" VPOS="289" HPOS="514"/>
							<String ID="string_42" HPOS="537" VPOS="289" WIDTH="32" HEIGHT="21" WC="0.96" CONTENT="till"/><SP WIDTH="25" VPOS="289" HPOS="569"/>
							<String ID="string_43" HPOS="594" VPOS="289" WIDTH="40" HEIGHT="21" WC="0.95" CONTENT="bra"/><SP WIDTH="20" VPOS="289" HPOS="634"/>
							<String ID="string_44" HPOS="654" VPOS="288" WIDTH="78" HEIGHT="28" WC="0.96" CONTENT="trånga"/><SP WIDTH="16" VPOS="288" HPOS="732"/>
							<String ID="string_45" HPOS="748" VPOS="288" WIDTH="92" HEIGHT="22" WC="0.96" CONTENT="kretsar."/><SP WIDTH="32" VPOS="288" HPOS="840"/>
							<String ID="string_46" HPOS="872" VPOS="288" WIDTH="41" HEIGHT="21" WC="0.96" CONTENT="Det"/><SP WIDTH="16" VPOS="288" HPOS="913"/>
							<String ID="string_47" HPOS="929" VPOS="288" WIDTH="69" HEIGHT="21" WC="0.96" CONTENT="finnes"/>
						</TextLine>
						<TextLine ID="line_6" HPOS="171" VPOS="318" WIDTH="827" HEIGHT="28">
							<String ID="string_48" HPOS="171" VPOS="318" WIDTH="130" HEIGHT="27" WC="0.90" CONTENT="visserligen"/><SP WIDTH="24" VPOS="318" HPOS="301"/>
							<String ID="string_49" HPOS="325" VPOS="319" WIDTH="6" HEIGHT="20" WC="0.96" CONTENT="i"/><SP WIDTH="16" VPOS="319" HPOS="331"/>
							<String ID="string_50" HPOS="347" VPOS="325" WIDTH="30" HEIGHT="15" WC="0.96" CONTENT="nu"/><SP WIDTH="17" VPOS="325" HPOS="377"/>
							<String ID="string_51" HPOS="394" VPOS="319" WIDTH="101" HEIGHT="27" WC="0.93" CONTENT="gällande"/><SP WIDTH="17" VPOS="319" HPOS="495"/>
							<String ID="string_52" HPOS="512" VPOS="319" WIDTH="71" HEIGHT="27" WC="0.91" CONTENT="sjölag"/><SP WIDTH="16" VPOS="319" HPOS="583"/>
							<String ID="string_53" HPOS="599" VPOS="318" WIDTH="166" HEIGHT="28" WC="0.96" CONTENT="bestämningar"/><SP WIDTH="16" VPOS="318" HPOS="765"/>
							<String ID="string_54" HPOS="781" VPOS="324" WIDTH="36" HEIGHT="15" WC="0.96" CONTENT="om"/><SP WIDTH="17" VPOS="324" HPOS="817"/>
							<String ID="string_55" HPOS="834" VPOS="320" WIDTH="31" HEIGHT="19" WC="0.93" CONTENT="att"/><SP WIDTH="15" VPOS="320" HPOS="865"/>
							<String ID="string_56" HPOS="880" VPOS="318" WIDTH="118" HEIGHT="27" WC="0.90" CONTENT="fartygsbe-"/>
						</TextLine>
						<TextLine ID="line_7" HPOS="173" VPOS="347" WIDTH="826" HEIGHT="29">
							<String ID="string_57" HPOS="173" VPOS="348" WIDTH="123" HEIGHT="20" WC="0.91" CONTENT="fälhafvare"/><SP WIDTH="26" VPOS="348" HPOS="296"/>
							<String ID="string_58" HPOS="322" VPOS="348" WIDTH="29" HEIGHT="27" WC="0.93" CONTENT="på"/><SP WIDTH="26" VPOS="348" HPOS="351"/>
							<String ID="string_59" HPOS="377" VPOS="348" WIDTH="170" HEIGHT="28" WC="0.92" CONTENT="utrikesgående"/><SP WIDTH="24" VPOS="348" HPOS="547"/>
							<String ID="string_60" HPOS="571" VPOS="348" WIDTH="70" HEIGHT="28" WC="0.95" CONTENT="skepp"/><SP WIDTH="25" VPOS="348" HPOS="641"/>
							<String ID="string_61" HPOS="666" VPOS="350" WIDTH="39" HEIGHT="20" WC="0.94" CONTENT="äro"/><SP WIDTH="25" VPOS="350" HPOS="705"/>
							<String ID="string_62" HPOS="730" VPOS="348" WIDTH="101" HEIGHT="28" WC="0.94" CONTENT="skyldiga"/><SP WIDTH="24" VPOS="348" HPOS="831"/>
							<String ID="string_63" HPOS="855" VPOS="350" WIDTH="30" HEIGHT="19" WC="0.96" CONTENT="att"/><SP WIDTH="16" VPOS="350" HPOS="885"/>
							<String ID="string_64" HPOS="901" VPOS="347" WIDTH="98" HEIGHT="27" WC="0.96" CONTENT="undergå"/>
						</TextLine>
						<TextLine ID="line_8" HPOS="172" VPOS="377" WIDTH="827" HEIGHT="28">
							<String ID="string_65" HPOS="172" VPOS="377" WIDTH="140" HEIGHT="28" WC="0.96" CONTENT="vederbörlig"/><SP WIDTH="23" VPOS="377" HPOS="312"/>
							<String ID="string_66" HPOS="335" VPOS="384" WIDTH="99" HEIGHT="15" WC="0.96" CONTENT="examen."/><SP WIDTH="33" VPOS="384" HPOS="434"/>
							<String ID="string_67" HPOS="467" VPOS="378" WIDTH="50" HEIGHT="22" WC="0.95" CONTENT="Men"/><SP WIDTH="24" VPOS="378" HPOS="517"/>
							<String ID="string_68" HPOS="541" VPOS="385" WIDTH="37" HEIGHT="15" WC="0.95" CONTENT="om"/><SP WIDTH="24" VPOS="385" HPOS="578"/>
							<String ID="string_69" HPOS="602" VPOS="378" WIDTH="128" HEIGHT="27" WC="0.95" CONTENT="sjöfarande"/><SP WIDTH="24" VPOS="378" HPOS="730"/>
							<String ID="string_70" HPOS="754" VPOS="378" WIDTH="29" HEIGHT="27" WC="0.96" CONTENT="på"/><SP WIDTH="20" VPOS="378" HPOS="783"/>
							<String ID="string_71" HPOS="803" VPOS="378" WIDTH="28" HEIGHT="21" WC="0.96" CONTENT="de"/><SP WIDTH="16" VPOS="378" HPOS="831"/>
							<String ID="string_72" HPOS="847" VPOS="378" WIDTH="47" HEIGHT="21" WC="0.96" CONTENT="inre"/><SP WIDTH="15" VPOS="378" HPOS="894"/>
							<String ID="string_73" HPOS="909" VPOS="379" WIDTH="90" HEIGHT="20" WC="0.96" CONTENT="vattnen"/>
						</TextLine>
						<TextLine ID="line_9" HPOS="173" VPOS="408" WIDTH="826" HEIGHT="27">
							<String ID="string_74" HPOS="173" VPOS="408" WIDTH="88" HEIGHT="26" WC="0.95" CONTENT="stadgas"/><SP WIDTH="24" VPOS="408" HPOS="261"/>
							<String ID="string_75" HPOS="285" VPOS="408" WIDTH="118" HEIGHT="27" WC="0.96" CONTENT="ingenting."/><SP WIDTH="33" VPOS="408" HPOS="403"/>
							<String ID="string_76" HPOS="436" VPOS="408" WIDTH="61" HEIGHT="22" WC="0.96" CONTENT="Huru"/><SP WIDTH="23" VPOS="408" HPOS="497"/>
							<String ID="string_77" HPOS="520" VPOS="408" WIDTH="44" HEIGHT="22" WC="0.96" CONTENT="kan"/><SP WIDTH="17" VPOS="408" HPOS="564"/>
							<String ID="string_78" HPOS="581" VPOS="415" WIDTH="52" HEIGHT="15" WC="0.96" CONTENT="man"/><SP WIDTH="15" VPOS="415" HPOS="633"/>
							<String ID="string_79" HPOS="648" VPOS="415" WIDTH="30" HEIGHT="15" WC="0.95" CONTENT="nu"/><SP WIDTH="17" VPOS="415" HPOS="678"/>
							<String ID="string_80" HPOS="695" VPOS="408" WIDTH="67" HEIGHT="26" WC="0.96" CONTENT="vädja"/><SP WIDTH="15" VPOS="408" HPOS="762"/>
							<String ID="string_81" HPOS="777" VPOS="408" WIDTH="34" HEIGHT="21" WC="0.96" CONTENT="till"/><SP WIDTH="16" VPOS="408" HPOS="811"/>
							<String ID="string_82" HPOS="827" VPOS="408" WIDTH="84" HEIGHT="21" WC="0.93" CONTENT="sådana"/><SP WIDTH="16" VPOS="408" HPOS="911"/>
							<String ID="string_83" HPOS="927" VPOS="414" WIDTH="72" HEIGHT="20" WC="0.91" CONTENT="perso-"/>
						</TextLine>
						<TextLine ID="line_10" HPOS="173" VPOS="437" WIDTH="826" HEIGHT="28">
							<String ID="string_84" HPOS="173" VPOS="444" WIDTH="50" HEIGHT="14" WC="0.92" CONTENT="ners"/><SP WIDTH="17" VPOS="444" HPOS="223"/>
							<String ID="string_85" HPOS="240" VPOS="438" WIDTH="126" HEIGHT="21" WC="0.96" CONTENT="erfarenhet"/><SP WIDTH="15" VPOS="438" HPOS="366"/>
							<String ID="string_86" HPOS="381" VPOS="438" WIDTH="7" HEIGHT="21" WC="0.96" CONTENT="i"/><SP WIDTH="16" VPOS="438" HPOS="388"/>
							<String ID="string_87" HPOS="404" VPOS="438" WIDTH="113" HEIGHT="26" WC="0.96" CONTENT="sjöfarten,"/><SP WIDTH="18" VPOS="438" HPOS="517"/>
							<String ID="string_88" HPOS="535" VPOS="438" WIDTH="29" HEIGHT="22" WC="0.96" CONTENT="då"/><SP WIDTH="9" VPOS="438" HPOS="564"/>
							<String ID="string_89" HPOS="573" VPOS="438" WIDTH="37" HEIGHT="22" WC="0.96" CONTENT="det"/><SP WIDTH="13" VPOS="438" HPOS="610"/>
							<String ID="string_90" HPOS="623" VPOS="438" WIDTH="48" HEIGHT="22" WC="0.96" CONTENT="icke"/><SP WIDTH="12" VPOS="438" HPOS="671"/>
							<String ID="string_91" HPOS="683" VPOS="438" WIDTH="71" HEIGHT="21" WC="0.96" CONTENT="finnes"/><SP WIDTH="11" VPOS="438" HPOS="754"/>
							<String ID="string_92" HPOS="765" VPOS="438" WIDTH="66" HEIGHT="27" WC="0.93" CONTENT="något"/><SP WIDTH="11" VPOS="438" HPOS="831"/>
							<String ID="string_93" HPOS="842" VPOS="437" WIDTH="157" HEIGHT="28" WC="0.92" CONTENT="lagstadgande"/>
						</TextLine>
						<TextLine ID="line_11" HPOS="173" VPOS="467" WIDTH="826" HEIGHT="28">
							<String ID="string_94" HPOS="173" VPOS="469" WIDTH="32" HEIGHT="19" WC="0.95" CONTENT="att"/><SP WIDTH="22" VPOS="469" HPOS="205"/>
							<String ID="string_95" HPOS="227" VPOS="468" WIDTH="28" HEIGHT="21" WC="0.96" CONTENT="de"/><SP WIDTH="24" VPOS="468" HPOS="255"/>
							<String ID="string_96" HPOS="279" VPOS="468" WIDTH="55" HEIGHT="21" WC="0.96" CONTENT="böra"/><SP WIDTH="23" VPOS="468" HPOS="334"/>
							<String ID="string_97" HPOS="357" VPOS="468" WIDTH="100" HEIGHT="27" WC="0.96" CONTENT="undergå"/><SP WIDTH="17" VPOS="468" HPOS="457"/>
							<String ID="string_98" HPOS="474" VPOS="468" WIDTH="134" HEIGHT="27" WC="0.96" CONTENT="någonslags"/><SP WIDTH="17" VPOS="468" HPOS="608"/>
							<String ID="string_99" HPOS="625" VPOS="474" WIDTH="93" HEIGHT="16" WC="0.95" CONTENT="examen"/><SP WIDTH="18" VPOS="474" HPOS="718"/>
							<String ID="string_100" HPOS="736" VPOS="468" WIDTH="54" HEIGHT="22" WC="0.93" CONTENT="eller"/><SP WIDTH="16" VPOS="468" HPOS="790"/>
							<String ID="string_101" HPOS="806" VPOS="467" WIDTH="147" HEIGHT="22" WC="0.92" CONTENT="öfverhufvud"/><SP WIDTH="16" VPOS="467" HPOS="953"/>
							<String ID="string_102" HPOS="969" VPOS="467" WIDTH="30" HEIGHT="21" WC="0.92" CONTENT="af-"/>
						</TextLine>
						<TextLine ID="line_12" HPOS="173" VPOS="497" WIDTH="826" HEIGHT="28">
							<String ID="string_103" HPOS="173" VPOS="497" WIDTH="64" HEIGHT="27" WC="0.96" CONTENT="lägga"/><SP WIDTH="24" VPOS="497" HPOS="237"/>
							<String ID="string_104" HPOS="261" VPOS="497" WIDTH="68" HEIGHT="27" WC="0.93" CONTENT="några"/><SP WIDTH="23" VPOS="497" HPOS="329"/>
							<String ID="string_105" HPOS="352" VPOS="498" WIDTH="173" HEIGHT="27" WC="0.89" CONTENT="kunskapsprof."/><SP WIDTH="32" VPOS="498" HPOS="525"/>
							<String ID="string_106" HPOS="557" VPOS="498" WIDTH="42" HEIGHT="21" WC="0.96" CONTENT="Vid"/><SP WIDTH="26" VPOS="498" HPOS="599"/>
							<String ID="string_107" HPOS="625" VPOS="498" WIDTH="180" HEIGHT="27" WC="0.95" CONTENT="uppkommande"/><SP WIDTH="21" VPOS="498" HPOS="805"/>
							<String ID="string_108" HPOS="826" VPOS="498" WIDTH="23" HEIGHT="21" WC="0.95" CONTENT="af"/><SP WIDTH="15" VPOS="498" HPOS="849"/>
							<String ID="string_109" HPOS="864" VPOS="498" WIDTH="76" HEIGHT="21" WC="0.96" CONTENT="tvister"/><SP WIDTH="16" VPOS="498" HPOS="940"/>
							<String ID="string_110" HPOS="956" VPOS="497" WIDTH="43" HEIGHT="21" WC="0.96" CONTENT="kan"/>
						</TextLine>
						<TextLine ID="line_13" HPOS="173" VPOS="526" WIDTH="826" HEIGHT="29">
							<String ID="string_111" HPOS="173" VPOS="526" WIDTH="87" HEIGHT="22" WC="0.93" CONTENT="således"/><SP WIDTH="24" VPOS="526" HPOS="260"/>
							<String ID="string_112" HPOS="284" VPOS="528" WIDTH="98" HEIGHT="27" WC="0.92" CONTENT="sjölagen"/><SP WIDTH="24" VPOS="528" HPOS="382"/>
							<String ID="string_113" HPOS="406" VPOS="528" WIDTH="78" HEIGHT="21" WC="0.96" CONTENT="härvid"/><SP WIDTH="17" VPOS="528" HPOS="484"/>
							<String ID="string_114" HPOS="501" VPOS="528" WIDTH="48" HEIGHT="21" WC="0.96" CONTENT="icke"/><SP WIDTH="17" VPOS="528" HPOS="549"/>
							<String ID="string_115" HPOS="566" VPOS="528" WIDTH="118" HEIGHT="27" WC="0.96" CONTENT="tillämpas."/><SP WIDTH="33" VPOS="528" HPOS="684"/>
							<String ID="string_116" HPOS="717" VPOS="528" WIDTH="41" HEIGHT="21" WC="0.96" CONTENT="Det"/><SP WIDTH="16" VPOS="528" HPOS="758"/>
							<String ID="string_117" HPOS="774" VPOS="528" WIDTH="70" HEIGHT="21" WC="0.96" CONTENT="finnes"/><SP WIDTH="17" VPOS="528" HPOS="844"/>
							<String ID="string_118" HPOS="861" VPOS="527" WIDTH="78" HEIGHT="27" WC="0.93" CONTENT="många"/><SP WIDTH="16" VPOS="527" HPOS="939"/>
							<String ID="string_119" HPOS="955" VPOS="534" WIDTH="44" HEIGHT="14" WC="0.91" CONTENT="om-"/>
						</TextLine>
						<TextLine ID="line_14" HPOS="173" VPOS="557" WIDTH="825" HEIGHT="28">
							<String ID="string_120" HPOS="173" VPOS="557" WIDTH="156" HEIGHT="27" WC="0.91" CONTENT="ständigheter,"/><SP WIDTH="17" VPOS="557" HPOS="329"/>
							<String ID="string_121" HPOS="346" VPOS="564" WIDTH="49" HEIGHT="15" WC="0.96" CONTENT="som"/><SP WIDTH="16" VPOS="564" HPOS="395"/>
							<String ID="string_122" HPOS="411" VPOS="559" WIDTH="54" HEIGHT="26" WC="0.96" CONTENT="göra"/><SP WIDTH="15" VPOS="559" HPOS="465"/>
							<String ID="string_123" HPOS="480" VPOS="560" WIDTH="33" HEIGHT="19" WC="0.96" CONTENT="att"/><SP WIDTH="16" VPOS="560" HPOS="513"/>
							<String ID="string_124" HPOS="529" VPOS="558" WIDTH="110" HEIGHT="21" WC="0.96" CONTENT="särskilda"/><SP WIDTH="16" VPOS="558" HPOS="639"/>
							<String ID="string_125" HPOS="655" VPOS="558" WIDTH="166" HEIGHT="27" WC="0.96" CONTENT="bestämningar"/><SP WIDTH="11" VPOS="558" HPOS="821"/>
							<String ID="string_126" HPOS="832" VPOS="558" WIDTH="7" HEIGHT="20" WC="0.93" CONTENT="i"/><SP WIDTH="11" VPOS="558" HPOS="839"/>
							<String ID="string_127" HPOS="850" VPOS="558" WIDTH="98" HEIGHT="26" WC="0.91" CONTENT="sjölagen"/><SP WIDTH="11" VPOS="558" HPOS="948"/>
							<String ID="string_128" HPOS="959" VPOS="559" WIDTH="39" HEIGHT="19" WC="0.96" CONTENT="äro"/>
						</TextLine>
						<TextLine ID="line_15" HPOS="173" VPOS="587" WIDTH="826" HEIGHT="28">
							<String ID="string_129" HPOS="173" VPOS="587" WIDTH="23" HEIGHT="21" WC="0.92" CONTENT="af"/><SP WIDTH="23" VPOS="587" HPOS="196"/>
							<String ID="string_130" HPOS="219" VPOS="587" WIDTH="104" HEIGHT="21" WC="0.92" CONTENT="behofvet"/><SP WIDTH="22" VPOS="587" HPOS="323"/>
							<String ID="string_131" HPOS="345" VPOS="587" WIDTH="118" HEIGHT="27" WC="0.96" CONTENT="påkallade"/><SP WIDTH="23" VPOS="587" HPOS="463"/>
							<String ID="string_132" HPOS="486" VPOS="588" WIDTH="43" HEIGHT="21" WC="0.96" CONTENT="och"/><SP WIDTH="24" VPOS="588" HPOS="529"/>
							<String ID="string_133" HPOS="553" VPOS="588" WIDTH="37" HEIGHT="22" WC="0.96" CONTENT="det"/><SP WIDTH="23" VPOS="588" HPOS="590"/>
							<String ID="string_134" HPOS="613" VPOS="594" WIDTH="40" HEIGHT="15" WC="0.96" CONTENT="var"/><SP WIDTH="18" VPOS="594" HPOS="653"/>
							<String ID="string_135" HPOS="671" VPOS="588" WIDTH="46" HEIGHT="21" WC="0.96" CONTENT="min"/><SP WIDTH="17" VPOS="588" HPOS="717"/>
							<String ID="string_136" HPOS="734" VPOS="588" WIDTH="89" HEIGHT="27" WC="0.95" CONTENT="mening"/><SP WIDTH="16" VPOS="588" HPOS="823"/>
							<String ID="string_137" HPOS="839" VPOS="590" WIDTH="30" HEIGHT="18" WC="0.96" CONTENT="att"/><SP WIDTH="16" VPOS="590" HPOS="869"/>
							<String ID="string_138" HPOS="885" VPOS="588" WIDTH="43" HEIGHT="20" WC="0.93" CONTENT="den"/><SP WIDTH="16" VPOS="588" HPOS="928"/>
							<String ID="string_139" HPOS="944" VPOS="587" WIDTH="55" HEIGHT="21" WC="0.91" CONTENT="före-"/>
						</TextLine>
						<TextLine ID="line_16" HPOS="173" VPOS="617" WIDTH="826" HEIGHT="28">
							<String ID="string_140" HPOS="173" VPOS="617" WIDTH="77" HEIGHT="27" WC="0.93" CONTENT="slagna"/><SP WIDTH="16" VPOS="617" HPOS="250"/>
							<String ID="string_141" HPOS="266" VPOS="617" WIDTH="98" HEIGHT="21" WC="0.91" CONTENT="komitén"/><SP WIDTH="16" VPOS="617" HPOS="364"/>
							<String ID="string_142" HPOS="380" VPOS="618" WIDTH="71" HEIGHT="21" WC="0.96" CONTENT="skulle"/><SP WIDTH="16" VPOS="618" HPOS="451"/>
							<String ID="string_143" HPOS="467" VPOS="619" WIDTH="54" HEIGHT="26" WC="0.96" CONTENT="göra"/><SP WIDTH="16" VPOS="619" HPOS="521"/>
							<String ID="string_144" HPOS="537" VPOS="618" WIDTH="129" HEIGHT="27" WC="0.96" CONTENT="regeringen"/><SP WIDTH="16" VPOS="618" HPOS="666"/>
							<String ID="string_145" HPOS="682" VPOS="618" WIDTH="160" HEIGHT="27" WC="0.93" CONTENT="uppmärksam"/><SP WIDTH="19" VPOS="618" HPOS="842"/>
							<String ID="string_146" HPOS="861" VPOS="617" WIDTH="74" HEIGHT="27" WC="0.90" CONTENT="derpå."/><SP WIDTH="24" VPOS="617" HPOS="935"/>
							<String ID="string_147" HPOS="959" VPOS="617" WIDTH="40" HEIGHT="27" WC="0.96" CONTENT="Jag"/>
						</TextLine>
						<TextLine ID="line_17" HPOS="173" VPOS="646" WIDTH="826" HEIGHT="28">
							<String ID="string_148" HPOS="173" VPOS="646" WIDTH="38" HEIGHT="22" WC="0.93" CONTENT="vill"/><SP WIDTH="24" VPOS="646" HPOS="211"/>
							<String ID="string_149" HPOS="235" VPOS="647" WIDTH="118" HEIGHT="21" WC="0.93" CONTENT="framhålla"/><SP WIDTH="24" VPOS="647" HPOS="353"/>
							<String ID="string_150" HPOS="377" VPOS="650" WIDTH="30" HEIGHT="19" WC="0.96" CONTENT="ett"/><SP WIDTH="16" VPOS="650" HPOS="407"/>
							<String ID="string_151" HPOS="423" VPOS="648" WIDTH="100" HEIGHT="26" WC="0.96" CONTENT="exempel"/><SP WIDTH="17" VPOS="648" HPOS="523"/>
							<String ID="string_152" HPOS="540" VPOS="648" WIDTH="7" HEIGHT="20" WC="0.96" CONTENT="i"/><SP WIDTH="16" VPOS="648" HPOS="547"/>
							<String ID="string_153" HPOS="563" VPOS="648" WIDTH="29" HEIGHT="21" WC="0.96" CONTENT="all"/><SP WIDTH="17" VPOS="648" HPOS="592"/>
							<String ID="string_154" HPOS="609" VPOS="648" WIDTH="87" HEIGHT="21" WC="0.96" CONTENT="korthet"/><SP WIDTH="16" VPOS="648" HPOS="696"/>
							<String ID="string_155" HPOS="712" VPOS="648" WIDTH="35" HEIGHT="21" WC="0.96" CONTENT="för"/><SP WIDTH="17" VPOS="648" HPOS="747"/>
							<String ID="string_156" HPOS="764" VPOS="650" WIDTH="30" HEIGHT="18" WC="0.96" CONTENT="att"/><SP WIDTH="17" VPOS="650" HPOS="794"/>
							<String ID="string_157" HPOS="811" VPOS="648" WIDTH="53" HEIGHT="25" WC="0.96" CONTENT="visa,"/><SP WIDTH="17" VPOS="648" HPOS="864"/>
							<String ID="string_158" HPOS="881" VPOS="648" WIDTH="57" HEIGHT="20" WC="0.93" CONTENT="huru"/><SP WIDTH="17" VPOS="648" HPOS="938"/>
							<String ID="string_159" HPOS="955" VPOS="647" WIDTH="44" HEIGHT="21" WC="0.92" CONTENT="vik-"/>
						</TextLine>
						<TextLine ID="line_18" HPOS="173" VPOS="676" WIDTH="826" HEIGHT="29">
							<String ID="string_160" HPOS="173" VPOS="676" WIDTH="45" HEIGHT="27" WC="0.96" CONTENT="tiga"/><SP WIDTH="15" VPOS="676" HPOS="218"/>
							<String ID="string_161" HPOS="233" VPOS="676" WIDTH="86" HEIGHT="22" WC="0.95" CONTENT="sådana"/><SP WIDTH="15" VPOS="676" HPOS="319"/>
							<String ID="string_162" HPOS="334" VPOS="677" WIDTH="166" HEIGHT="27" WC="0.96" CONTENT="bestämningar"/><SP WIDTH="16" VPOS="677" HPOS="500"/>
							<String ID="string_163" HPOS="516" VPOS="679" WIDTH="46" HEIGHT="20" WC="0.95" CONTENT="äro."/><SP WIDTH="25" VPOS="679" HPOS="562"/>
							<String ID="string_164" HPOS="587" VPOS="678" WIDTH="34" HEIGHT="21" WC="0.92" CONTENT="Ett"/><SP WIDTH="16" VPOS="678" HPOS="621"/>
							<String ID="string_165" HPOS="637" VPOS="677" WIDTH="262" HEIGHT="28" WC="0.91" CONTENT="passagerareångfartyg"/><SP WIDTH="11" VPOS="677" HPOS="899"/>
							<String ID="string_166" HPOS="910" VPOS="678" WIDTH="89" HEIGHT="20" WC="0.96" CONTENT="närmar"/>
						</TextLine>
						<TextLine ID="line_19" HPOS="173" VPOS="706" WIDTH="826" HEIGHT="28">
							<String ID="string_167" HPOS="173" VPOS="706" WIDTH="33" HEIGHT="28" WC="0.96" CONTENT="sig"/><SP WIDTH="16" VPOS="706" HPOS="206"/>
							<String ID="string_168" HPOS="222" VPOS="709" WIDTH="30" HEIGHT="19" WC="0.95" CONTENT="ett"/><SP WIDTH="17" VPOS="709" HPOS="252"/>
							<String ID="string_169" HPOS="269" VPOS="707" WIDTH="65" HEIGHT="21" WC="0.96" CONTENT="smalt"/><SP WIDTH="16" VPOS="707" HPOS="334"/>
							<String ID="string_170" HPOS="350" VPOS="708" WIDTH="64" HEIGHT="25" WC="0.96" CONTENT="sund,"/><SP WIDTH="18" VPOS="708" HPOS="414"/>
							<String ID="string_171" HPOS="432" VPOS="708" WIDTH="40" HEIGHT="20" WC="0.96" CONTENT="där"/><SP WIDTH="16" VPOS="708" HPOS="472"/>
							<String ID="string_172" HPOS="488" VPOS="714" WIDTH="28" HEIGHT="14" WC="0.93" CONTENT="en"/><SP WIDTH="16" VPOS="714" HPOS="516"/>
							<String ID="string_173" HPOS="532" VPOS="707" WIDTH="107" HEIGHT="27" WC="0.92" CONTENT="lastpråm"/><SP WIDTH="17" VPOS="707" HPOS="639"/>
							<String ID="string_174" HPOS="656" VPOS="708" WIDTH="53" HEIGHT="21" WC="0.94" CONTENT="eller"/><SP WIDTH="16" VPOS="708" HPOS="709"/>
							<String ID="string_175" HPOS="725" VPOS="707" WIDTH="67" HEIGHT="27" WC="0.96" CONTENT="något"/><SP WIDTH="16" VPOS="707" HPOS="792"/>
							<String ID="string_176" HPOS="808" VPOS="707" WIDTH="131" HEIGHT="27" WC="0.93" CONTENT="segelfartyg"/><SP WIDTH="16" VPOS="707" HPOS="939"/>
							<String ID="string_177" HPOS="955" VPOS="706" WIDTH="44" HEIGHT="22" WC="0.91" CONTENT="hål-"/>
						</TextLine>
						<TextLine ID="line_20" HPOS="173" VPOS="725" WIDTH="826" HEIGHT="39">
							<String ID="string_178" HPOS="173" VPOS="736" WIDTH="32" HEIGHT="21" WC="0.96" CONTENT="ler"/><SP WIDTH="24" VPOS="736" HPOS="205"/>
							<String ID="string_179" HPOS="229" VPOS="736" WIDTH="29" HEIGHT="27" WC="0.96" CONTENT="på"/><SP WIDTH="23" VPOS="736" HPOS="258"/>
							<String ID="string_180" HPOS="281" VPOS="739" WIDTH="32" HEIGHT="19" WC="0.96" CONTENT="att"/><SP WIDTH="22" VPOS="739" HPOS="313"/>
							<String ID="string_181" HPOS="335" VPOS="737" WIDTH="28" HEIGHT="27" WC="0.95" CONTENT="gå"/><SP WIDTH="16" VPOS="737" HPOS="363"/>
							<String ID="string_182" HPOS="379" VPOS="725" WIDTH="63" HEIGHT="33" WC="0.96" CONTENT="öfver"/><SP WIDTH="15" VPOS="725" HPOS="442"/>
							<String ID="string_183" HPOS="457" VPOS="737" WIDTH="49" HEIGHT="21" WC="0.96" CONTENT="från"/><SP WIDTH="17" VPOS="737" HPOS="506"/>
							<String ID="string_184" HPOS="523" VPOS="738" WIDTH="43" HEIGHT="21" WC="0.96" CONTENT="den"/><SP WIDTH="17" VPOS="738" HPOS="566"/>
							<String ID="string_185" HPOS="583" VPOS="744" WIDTH="42" HEIGHT="14" WC="0.96" CONTENT="ena"/><SP WIDTH="16" VPOS="744" HPOS="625"/>
							<String ID="string_186" HPOS="641" VPOS="738" WIDTH="106" HEIGHT="21" WC="0.95" CONTENT="stranden"/><SP WIDTH="17" VPOS="738" HPOS="747"/>
							<String ID="string_187" HPOS="764" VPOS="737" WIDTH="31" HEIGHT="21" WC="0.96" CONTENT="till"/><SP WIDTH="18" VPOS="737" HPOS="795"/>
							<String ID="string_188" HPOS="813" VPOS="737" WIDTH="42" HEIGHT="21" WC="0.97" CONTENT="den"/><SP WIDTH="16" VPOS="737" HPOS="855"/>
							<String ID="string_189" HPOS="871" VPOS="737" WIDTH="70" HEIGHT="21" WC="0.96" CONTENT="andra"/><SP WIDTH="16" VPOS="737" HPOS="941"/>
							<String ID="string_190" HPOS="957" VPOS="736" WIDTH="42" HEIGHT="22" WC="0.96" CONTENT="och"/>
						</TextLine>
						<TextLine ID="line_21" HPOS="173" VPOS="766" WIDTH="825" HEIGHT="28">
							<String ID="string_191" HPOS="173" VPOS="766" WIDTH="75" HEIGHT="22" WC="0.96" CONTENT="kastar"/><SP WIDTH="24" VPOS="766" HPOS="248"/>
							<String ID="string_192" HPOS="272" VPOS="768" WIDTH="24" HEIGHT="20" WC="0.96" CONTENT="ut"/><SP WIDTH="22" VPOS="768" HPOS="296"/>
							<String ID="string_193" HPOS="318" VPOS="773" WIDTH="28" HEIGHT="15" WC="0.93" CONTENT="en"/><SP WIDTH="17" VPOS="773" HPOS="346"/>
							<String ID="string_194" HPOS="363" VPOS="767" WIDTH="196" HEIGHT="27" WC="0.91" CONTENT="förhalningstross"/><SP WIDTH="16" VPOS="767" HPOS="559"/>
							<String ID="string_195" HPOS="575" VPOS="769" WIDTH="60" HEIGHT="19" WC="0.96" CONTENT="tvärs"/><SP WIDTH="16" VPOS="769" HPOS="635"/>
							<String ID="string_196" HPOS="651" VPOS="768" WIDTH="63" HEIGHT="20" WC="0.96" CONTENT="öfver"/><SP WIDTH="16" VPOS="768" HPOS="714"/>
							<String ID="string_197" HPOS="730" VPOS="767" WIDTH="87" HEIGHT="22" WC="0.96" CONTENT="sundet."/><SP WIDTH="33" VPOS="767" HPOS="817"/>
							<String ID="string_198" HPOS="850" VPOS="767" WIDTH="75" HEIGHT="21" WC="0.93" CONTENT="Denna"/><SP WIDTH="16" VPOS="767" HPOS="925"/>
							<String ID="string_199" HPOS="941" VPOS="769" WIDTH="57" HEIGHT="19" WC="0.92" CONTENT="tross"/>
						</TextLine>
						<TextLine ID="line_22" HPOS="173" VPOS="796" WIDTH="825" HEIGHT="28">
							<String ID="string_200" HPOS="173" VPOS="796" WIDTH="43" HEIGHT="21" WC="0.96" CONTENT="kan"/><SP WIDTH="16" VPOS="796" HPOS="216"/>
							<String ID="string_201" HPOS="232" VPOS="796" WIDTH="7" HEIGHT="21" WC="0.96" CONTENT="i"/><SP WIDTH="16" VPOS="796" HPOS="239"/>
							<String ID="string_202" HPOS="255" VPOS="796" WIDTH="78" HEIGHT="28" WC="0.96" CONTENT="trånga"/><SP WIDTH="15" VPOS="796" HPOS="333"/>
							<String ID="string_203" HPOS="348" VPOS="796" WIDTH="110" HEIGHT="22" WC="0.96" CONTENT="farvatten"/><SP WIDTH="16" VPOS="796" HPOS="458"/>
							<String ID="string_204" HPOS="474" VPOS="797" WIDTH="39" HEIGHT="21" WC="0.96" CONTENT="lätt"/><SP WIDTH="17" VPOS="797" HPOS="513"/>
							<String ID="string_205" HPOS="530" VPOS="797" WIDTH="73" HEIGHT="27" WC="0.92" CONTENT="undgå"/><SP WIDTH="16" VPOS="797" HPOS="603"/>
							<String ID="string_206" HPOS="619" VPOS="797" WIDTH="180" HEIGHT="21" WC="0.91" CONTENT="befälhafvarens"/><SP WIDTH="9" VPOS="797" HPOS="799"/>
							<String ID="string_207" HPOS="808" VPOS="796" WIDTH="29" HEIGHT="28" WC="0.93" CONTENT="på"/><SP WIDTH="10" VPOS="796" HPOS="837"/>
							<String ID="string_208" HPOS="847" VPOS="802" WIDTH="151" HEIGHT="22" WC="0.92" CONTENT="passagerare-"/>
						</TextLine>
						<TextLine ID="line_23" HPOS="173" VPOS="825" WIDTH="824" HEIGHT="29">
							<String ID="string_209" HPOS="173" VPOS="825" WIDTH="95" HEIGHT="28" WC="0.96" CONTENT="fartyget"/><SP WIDTH="23" VPOS="825" HPOS="268"/>
							<String ID="string_210" HPOS="291" VPOS="826" WIDTH="197" HEIGHT="27" WC="0.96" CONTENT="uppmärksamhet"/><SP WIDTH="23" VPOS="826" HPOS="488"/>
							<String ID="string_211" HPOS="511" VPOS="826" WIDTH="29" HEIGHT="22" WC="0.96" CONTENT="då"/><SP WIDTH="24" VPOS="826" HPOS="540"/>
							<String ID="string_212" HPOS="564" VPOS="827" WIDTH="71" HEIGHT="21" WC="0.96" CONTENT="denne"/><SP WIDTH="24" VPOS="827" HPOS="635"/>
							<String ID="string_213" HPOS="659" VPOS="827" WIDTH="45" HEIGHT="27" WC="0.96" CONTENT="just"/><SP WIDTH="24" VPOS="827" HPOS="704"/>
							<String ID="string_214" HPOS="728" VPOS="827" WIDTH="6" HEIGHT="21" WC="0.96" CONTENT="i"/><SP WIDTH="25" VPOS="827" HPOS="734"/>
							<String ID="string_215" HPOS="759" VPOS="826" WIDTH="77" HEIGHT="28" WC="0.96" CONTENT="trånga"/><SP WIDTH="19" VPOS="826" HPOS="836"/>
							<String ID="string_216" HPOS="855" VPOS="826" WIDTH="56" HEIGHT="22" WC="0.96" CONTENT="sund"/><SP WIDTH="17" VPOS="826" HPOS="911"/>
							<String ID="string_217" HPOS="928" VPOS="826" WIDTH="69" HEIGHT="21" WC="0.96" CONTENT="måste"/>
						</TextLine>
						<TextLine ID="line_24" HPOS="173" VPOS="855" WIDTH="825" HEIGHT="28">
							<String ID="string_218" HPOS="173" VPOS="855" WIDTH="68" HEIGHT="21" WC="0.96" CONTENT="hafva"/><SP WIDTH="23" VPOS="855" HPOS="241"/>
							<String ID="string_219" HPOS="264" VPOS="856" WIDTH="34" HEIGHT="21" WC="0.96" CONTENT="sin"/><SP WIDTH="17" VPOS="856" HPOS="298"/>
							<String ID="string_220" HPOS="315" VPOS="856" WIDTH="196" HEIGHT="27" WC="0.96" CONTENT="uppmärksamhet"/><SP WIDTH="17" VPOS="856" HPOS="511"/>
							<String ID="string_221" HPOS="528" VPOS="857" WIDTH="72" HEIGHT="20" WC="0.96" CONTENT="fästad"/><SP WIDTH="17" VPOS="857" HPOS="600"/>
							<String ID="string_222" HPOS="617" VPOS="856" WIDTH="29" HEIGHT="27" WC="0.96" CONTENT="på"/><SP WIDTH="16" VPOS="856" HPOS="646"/>
							<String ID="string_223" HPOS="662" VPOS="857" WIDTH="43" HEIGHT="20" WC="0.95" CONTENT="alla"/><SP WIDTH="17" VPOS="857" HPOS="705"/>
							<String ID="string_224" HPOS="722" VPOS="857" WIDTH="91" HEIGHT="26" WC="0.95" CONTENT="möjliga"/><SP WIDTH="15" VPOS="857" HPOS="813"/>
							<String ID="string_225" HPOS="828" VPOS="858" WIDTH="48" HEIGHT="24" WC="0.93" CONTENT="sätt,"/><SP WIDTH="18" VPOS="858" HPOS="876"/>
							<String ID="string_226" HPOS="894" VPOS="856" WIDTH="104" HEIGHT="21" WC="0.92" CONTENT="motkom-"/>
						</TextLine>
						<TextLine ID="line_25" HPOS="173" VPOS="885" WIDTH="826" HEIGHT="28">
							<String ID="string_227" HPOS="173" VPOS="885" WIDTH="81" HEIGHT="22" WC="0.96" CONTENT="mande"/><SP WIDTH="17" VPOS="885" HPOS="254"/>
							<String ID="string_228" HPOS="271" VPOS="885" WIDTH="76" HEIGHT="28" WC="0.93" CONTENT="fartyg,"/><SP WIDTH="17" VPOS="885" HPOS="347"/>
							<String ID="string_229" HPOS="364" VPOS="892" WIDTH="116" HEIGHT="20" WC="0.91" CONTENT="remmare,"/><SP WIDTH="18" VPOS="892" HPOS="480"/>
							<String ID="string_230" HPOS="498" VPOS="893" WIDTH="28" HEIGHT="14" WC="0.91" CONTENT="m."/><SP WIDTH="18" VPOS="893" HPOS="526"/>
							<String ID="string_231" HPOS="544" VPOS="893" WIDTH="28" HEIGHT="14" WC="0.91" CONTENT="m."/><SP WIDTH="17" VPOS="893" HPOS="572"/>
							<String ID="string_232" HPOS="589" VPOS="887" WIDTH="42" HEIGHT="20" WC="0.96" CONTENT="och"/><SP WIDTH="16" VPOS="887" HPOS="631"/>
							<String ID="string_233" HPOS="647" VPOS="887" WIDTH="81" HEIGHT="20" WC="0.95" CONTENT="trassla"/><SP WIDTH="16" VPOS="887" HPOS="728"/>
							<String ID="string_234" HPOS="744" VPOS="886" WIDTH="44" HEIGHT="21" WC="0.95" CONTENT="fast"/><SP WIDTH="11" VPOS="886" HPOS="788"/>
							<String ID="string_235" HPOS="799" VPOS="886" WIDTH="6" HEIGHT="21" WC="0.93" CONTENT="i"/><SP WIDTH="12" VPOS="886" HPOS="805"/>
							<String ID="string_236" HPOS="817" VPOS="886" WIDTH="113" HEIGHT="27" WC="0.91" CONTENT="propellen"/><SP WIDTH="12" VPOS="886" HPOS="930"/>
							<String ID="string_237" HPOS="942" VPOS="887" WIDTH="57" HEIGHT="20" WC="0.96" CONTENT="samt"/>
						</TextLine>
						<TextLine ID="line_26" HPOS="173" VPOS="915" WIDTH="826" HEIGHT="28">
							<String ID="string_238" HPOS="173" VPOS="915" WIDTH="7" HEIGHT="20" WC="0.96" CONTENT="i"/><SP WIDTH="24" VPOS="915" HPOS="180"/>
							<String ID="string_239" HPOS="204" VPOS="915" WIDTH="80" HEIGHT="27" WC="0.95" CONTENT="många"/><SP WIDTH="23" VPOS="915" HPOS="284"/>
							<String ID="string_240" HPOS="307" VPOS="915" WIDTH="38" HEIGHT="22" WC="0.95" CONTENT="fall"/><SP WIDTH="20" VPOS="915" HPOS="345"/>
							<String ID="string_241" HPOS="365" VPOS="915" WIDTH="155" HEIGHT="22" WC="0.96" CONTENT="åstadkomma"/><SP WIDTH="16" VPOS="915" HPOS="520"/>
							<String ID="string_242" HPOS="536" VPOS="916" WIDTH="71" HEIGHT="21" WC="0.92" CONTENT="skada"/><SP WIDTH="15" VPOS="916" HPOS="607"/>
							<String ID="string_243" HPOS="622" VPOS="917" WIDTH="13" HEIGHT="20" WC="0.92" CONTENT="å"/><SP WIDTH="16" VPOS="917" HPOS="635"/>
							<String ID="string_244" HPOS="651" VPOS="916" WIDTH="248" HEIGHT="27" WC="0.88" CONTENT="passagerarefartyget."/><SP WIDTH="32" VPOS="916" HPOS="899"/>
							<String ID="string_245" HPOS="931" VPOS="915" WIDTH="68" HEIGHT="22" WC="0.87" CONTENT="Emel-"/>
						</TextLine>
						<TextLine ID="line_27" HPOS="174" VPOS="944" WIDTH="825" HEIGHT="29">
							<String ID="string_246" HPOS="174" VPOS="944" WIDTH="63" HEIGHT="22" WC="0.92" CONTENT="lertid"/><SP WIDTH="25" VPOS="944" HPOS="237"/>
							<String ID="string_247" HPOS="262" VPOS="945" WIDTH="70" HEIGHT="22" WC="0.96" CONTENT="finnes"/><SP WIDTH="23" VPOS="945" HPOS="332"/>
							<String ID="string_248" HPOS="355" VPOS="946" WIDTH="38" HEIGHT="21" WC="0.96" CONTENT="det"/><SP WIDTH="15" VPOS="946" HPOS="393"/>
							<String ID="string_249" HPOS="408" VPOS="946" WIDTH="49" HEIGHT="21" WC="0.96" CONTENT="icke"/><SP WIDTH="16" VPOS="946" HPOS="457"/>
							<String ID="string_250" HPOS="473" VPOS="945" WIDTH="67" HEIGHT="28" WC="0.96" CONTENT="något"/><SP WIDTH="16" VPOS="945" HPOS="540"/>
							<String ID="string_251" HPOS="556" VPOS="946" WIDTH="121" HEIGHT="27" WC="0.96" CONTENT="stadgande"/><SP WIDTH="17" VPOS="946" HPOS="677"/>
							<String ID="string_252" HPOS="694" VPOS="953" WIDTH="49" HEIGHT="14" WC="0.96" CONTENT="som"/><SP WIDTH="17" VPOS="953" HPOS="743"/>
							<String ID="string_253" HPOS="760" VPOS="947" WIDTH="6" HEIGHT="20" WC="0.95" CONTENT="i"/><SP WIDTH="17" VPOS="947" HPOS="766"/>
							<String ID="string_254" HPOS="783" VPOS="946" WIDTH="60" HEIGHT="21" WC="0.95" CONTENT="detta"/><SP WIDTH="16" VPOS="946" HPOS="843"/>
							<String ID="string_255" HPOS="859" VPOS="945" WIDTH="39" HEIGHT="22" WC="0.93" CONTENT="fall"/><SP WIDTH="9" VPOS="945" HPOS="898"/>
							<String ID="string_256" HPOS="907" VPOS="946" WIDTH="92" HEIGHT="26" WC="0.96" CONTENT="tvingar"/>
						</TextLine>
						<TextLine ID="line_28" HPOS="173" VPOS="974" WIDTH="825" HEIGHT="29">
							<String ID="string_257" HPOS="173" VPOS="974" WIDTH="43" HEIGHT="21" WC="0.93" CONTENT="den"/><SP WIDTH="25" VPOS="974" HPOS="216"/>
							<String ID="string_258" HPOS="241" VPOS="975" WIDTH="131" HEIGHT="22" WC="0.92" CONTENT="förhalande"/><SP WIDTH="24" VPOS="975" HPOS="372"/>
							<String ID="string_259" HPOS="396" VPOS="977" WIDTH="31" HEIGHT="20" WC="0.96" CONTENT="att"/><SP WIDTH="20" VPOS="977" HPOS="427"/>
							<String ID="string_260" HPOS="447" VPOS="976" WIDTH="64" HEIGHT="21" WC="0.93" CONTENT="kasta"/><SP WIDTH="16" VPOS="976" HPOS="511"/>
							<String ID="string_261" HPOS="527" VPOS="978" WIDTH="87" HEIGHT="19" WC="0.92" CONTENT="trossen"/><SP WIDTH="17" VPOS="978" HPOS="614"/>
							<String ID="string_262" HPOS="631" VPOS="976" WIDTH="52" HEIGHT="21" WC="0.96" CONTENT="loss."/><SP WIDTH="32" VPOS="976" HPOS="683"/>
							<String ID="string_263" HPOS="715" VPOS="976" WIDTH="35" HEIGHT="21" WC="0.95" CONTENT="Nu"/><SP WIDTH="17" VPOS="976" HPOS="750"/>
							<String ID="string_264" HPOS="767" VPOS="976" WIDTH="72" HEIGHT="21" WC="0.96" CONTENT="skulle"/><SP WIDTH="16" VPOS="976" HPOS="839"/>
							<String ID="string_265" HPOS="855" VPOS="976" WIDTH="36" HEIGHT="27" WC="0.96" CONTENT="jag"/><SP WIDTH="15" VPOS="976" HPOS="891"/>
							<String ID="string_266" HPOS="906" VPOS="975" WIDTH="52" HEIGHT="26" WC="0.96" CONTENT="vilja"/><SP WIDTH="17" VPOS="975" HPOS="958"/>
							<String ID="string_267" HPOS="975" VPOS="981" WIDTH="23" HEIGHT="15" WC="0.95" CONTENT="se"/>
						</TextLine>
						<TextLine ID="line_29" HPOS="173" VPOS="1004" WIDTH="827" HEIGHT="29">
							<String ID="string_268" HPOS="173" VPOS="1004" WIDTH="56" HEIGHT="21" WC="0.96" CONTENT="huru"/><SP WIDTH="18" VPOS="1004" HPOS="229"/>
							<String ID="string_269" HPOS="247" VPOS="1005" WIDTH="37" HEIGHT="21" WC="0.96" CONTENT="det"/><SP WIDTH="16" VPOS="1005" HPOS="284"/>
							<String ID="string_270" HPOS="300" VPOS="1005" WIDTH="71" HEIGHT="22" WC="0.96" CONTENT="skulle"/><SP WIDTH="15" VPOS="1005" HPOS="371"/>
							<String ID="string_271" HPOS="386" VPOS="1005" WIDTH="67" HEIGHT="35" WC="0.96" CONTENT="tillgå,"/><SP WIDTH="17" VPOS="1005" HPOS="453"/>
							<String ID="string_272" HPOS="470" VPOS="1012" WIDTH="37" HEIGHT="15" WC="0.96" CONTENT="om"/><SP WIDTH="17" VPOS="1012" HPOS="507"/>
							<String ID="string_273" HPOS="524" VPOS="1012" WIDTH="27" HEIGHT="15" WC="0.96" CONTENT="en"/><SP WIDTH="16" VPOS="1012" HPOS="551"/>
							<String ID="string_274" HPOS="567" VPOS="1005" WIDTH="114" HEIGHT="28" WC="0.93" CONTENT="rättegång"/><SP WIDTH="16" VPOS="1005" HPOS="681"/>
							<String ID="string_275" HPOS="697" VPOS="1005" WIDTH="110" HEIGHT="28" WC="0.92" CONTENT="uppstode"/><SP WIDTH="16" VPOS="1005" HPOS="807"/>
							<String ID="string_276" HPOS="823" VPOS="1005" WIDTH="32" HEIGHT="21" WC="0.96" CONTENT="till"/><SP WIDTH="16" VPOS="1005" HPOS="855"/>
							<String ID="string_277" HPOS="871" VPOS="1005" WIDTH="53" HEIGHT="26" WC="0.96" CONTENT="följd"/><SP WIDTH="12" VPOS="1005" HPOS="924"/>
							<String ID="string_278" HPOS="936" VPOS="1005" WIDTH="64" HEIGHT="21" WC="0.96" CONTENT="däraf"/>
						</TextLine>
						<TextLine ID="line_30" HPOS="173" VPOS="1033" WIDTH="827" HEIGHT="29">
							<String ID="string_279" HPOS="173" VPOS="1036" WIDTH="31" HEIGHT="19" WC="0.93" CONTENT="att"/><SP WIDTH="23" VPOS="1036" HPOS="204"/>
							<String ID="string_280" HPOS="227" VPOS="1033" WIDTH="149" HEIGHT="29" WC="0.92" CONTENT="ångfartygets"/><SP WIDTH="17" VPOS="1033" HPOS="376"/>
							<String ID="string_281" HPOS="393" VPOS="1037" WIDTH="67" HEIGHT="25" WC="0.96" CONTENT="ägare"/><SP WIDTH="15" VPOS="1037" HPOS="460"/>
							<String ID="string_282" HPOS="475" VPOS="1035" WIDTH="88" HEIGHT="22" WC="0.96" CONTENT="fordrar"/><SP WIDTH="16" VPOS="1035" HPOS="563"/>
							<String ID="string_283" HPOS="579" VPOS="1036" WIDTH="23" HEIGHT="21" WC="0.93" CONTENT="af"/><SP WIDTH="15" VPOS="1036" HPOS="602"/>
							<String ID="string_284" HPOS="617" VPOS="1035" WIDTH="169" HEIGHT="22" WC="0.92" CONTENT="befälhafvaren"/><SP WIDTH="16" VPOS="1035" HPOS="786"/>
							<String ID="string_285" HPOS="802" VPOS="1035" WIDTH="29" HEIGHT="27" WC="0.93" CONTENT="på"/><SP WIDTH="16" VPOS="1035" HPOS="831"/>
							<String ID="string_286" HPOS="847" VPOS="1035" WIDTH="153" HEIGHT="33" WC="0.92" CONTENT="segelfartyget"/>
						</TextLine>
						<TextLine ID="line_31" HPOS="173" VPOS="1065" WIDTH="826" HEIGHT="34">
							<String ID="string_287" HPOS="173" VPOS="1065" WIDTH="122" HEIGHT="27" WC="0.96" CONTENT="ersättning"/><SP WIDTH="22" VPOS="1065" HPOS="295"/>
							<String ID="string_288" HPOS="317" VPOS="1065" WIDTH="36" HEIGHT="21" WC="0.96" CONTENT="för"/><SP WIDTH="16" VPOS="1065" HPOS="353"/>
							<String ID="string_289" HPOS="369" VPOS="1065" WIDTH="92" HEIGHT="26" WC="0.96" CONTENT="skadan,"/><SP WIDTH="17" VPOS="1065" HPOS="461"/>
							<String ID="string_290" HPOS="478" VPOS="1065" WIDTH="29" HEIGHT="22" WC="0.97" CONTENT="då"/><SP WIDTH="16" VPOS="1065" HPOS="507"/>
							<String ID="string_291" HPOS="523" VPOS="1065" WIDTH="37" HEIGHT="22" WC="0.97" CONTENT="det"/><SP WIDTH="15" VPOS="1065" HPOS="560"/>
							<String ID="string_292" HPOS="575" VPOS="1065" WIDTH="49" HEIGHT="22" WC="0.96" CONTENT="icke"/><SP WIDTH="17" VPOS="1065" HPOS="624"/>
							<String ID="string_293" HPOS="641" VPOS="1065" WIDTH="70" HEIGHT="22" WC="0.96" CONTENT="finnes"/><SP WIDTH="17" VPOS="1065" HPOS="711"/>
							<String ID="string_294" HPOS="728" VPOS="1065" WIDTH="68" HEIGHT="34" WC="0.95" CONTENT="några"/><SP WIDTH="17" VPOS="1065" HPOS="796"/>
							<String ID="string_295" HPOS="813" VPOS="1065" WIDTH="164" HEIGHT="27" WC="0.96" CONTENT="bestämningar"/><SP WIDTH="16" VPOS="1065" HPOS="977"/>
							<String ID="string_296" HPOS="993" VPOS="1064" WIDTH="6" HEIGHT="21" WC="0.96" CONTENT="i"/>
						</TextLine>
						<TextLine ID="line_32" HPOS="173" VPOS="1094" WIDTH="827" HEIGHT="28">
							<String ID="string_297" HPOS="173" VPOS="1094" WIDTH="99" HEIGHT="27" WC="0.91" CONTENT="sjölagen"/><SP WIDTH="24" VPOS="1094" HPOS="272"/>
							<String ID="string_298" HPOS="296" VPOS="1094" WIDTH="56" HEIGHT="21" WC="0.96" CONTENT="huru"/><SP WIDTH="26" VPOS="1094" HPOS="352"/>
							<String ID="string_299" HPOS="378" VPOS="1083" WIDTH="168" HEIGHT="33" WC="0.90" CONTENT="befälhafvaren"/><SP WIDTH="23" VPOS="1083" HPOS="546"/>
							<String ID="string_300" HPOS="569" VPOS="1095" WIDTH="37" HEIGHT="21" WC="0.96" CONTENT="vid"/><SP WIDTH="17" VPOS="1095" HPOS="606"/>
							<String ID="string_301" HPOS="623" VPOS="1095" WIDTH="37" HEIGHT="22" WC="0.96" CONTENT="det"/><SP WIDTH="15" VPOS="1095" HPOS="660"/>
							<String ID="string_302" HPOS="675" VPOS="1095" WIDTH="23" HEIGHT="21" WC="0.95" CONTENT="af"/><SP WIDTH="16" VPOS="1095" HPOS="698"/>
							<String ID="string_303" HPOS="714" VPOS="1095" WIDTH="45" HEIGHT="27" WC="0.96" CONTENT="mig"/><SP WIDTH="16" VPOS="1095" HPOS="759"/>
							<String ID="string_304" HPOS="775" VPOS="1095" WIDTH="115" HEIGHT="27" WC="0.95" CONTENT="påpekade"/><SP WIDTH="15" VPOS="1095" HPOS="890"/>
							<String ID="string_305" HPOS="905" VPOS="1095" WIDTH="95" HEIGHT="20" WC="0.95" CONTENT="tillfället"/>
						</TextLine>
						<TextLine ID="line_33" HPOS="173" VPOS="1123" WIDTH="826" HEIGHT="23">
							<String ID="string_306" HPOS="173" VPOS="1123" WIDTH="57" HEIGHT="22" WC="0.92" CONTENT="skall"/><SP WIDTH="25" VPOS="1123" HPOS="230"/>
							<String ID="string_307" HPOS="255" VPOS="1124" WIDTH="90" HEIGHT="21" WC="0.90" CONTENT="förfara."/><SP WIDTH="33" VPOS="1124" HPOS="345"/>
							<String ID="string_308" HPOS="378" VPOS="1124" WIDTH="41" HEIGHT="22" WC="0.96" CONTENT="Det"/><SP WIDTH="23" VPOS="1124" HPOS="419"/>
							<String ID="string_309" HPOS="442" VPOS="1127" WIDTH="26" HEIGHT="19" WC="0.94" CONTENT="är"/><SP WIDTH="23" VPOS="1127" HPOS="468"/>
							<String ID="string_310" HPOS="491" VPOS="1125" WIDTH="87" HEIGHT="21" WC="0.94" CONTENT="således"/><SP WIDTH="21" VPOS="1125" HPOS="578"/>
							<String ID="string_311" HPOS="599" VPOS="1125" WIDTH="24" HEIGHT="21" WC="0.96" CONTENT="af"/><SP WIDTH="19" VPOS="1125" HPOS="623"/>
							<String ID="string_312" HPOS="642" VPOS="1125" WIDTH="47" HEIGHT="21" WC="0.96" CONTENT="vikt"/><SP WIDTH="22" VPOS="1125" HPOS="689"/>
							<String ID="string_313" HPOS="711" VPOS="1127" WIDTH="32" HEIGHT="19" WC="0.96" CONTENT="att"/><SP WIDTH="24" VPOS="1127" HPOS="743"/>
							<String ID="string_314" HPOS="767" VPOS="1125" WIDTH="35" HEIGHT="21" WC="0.96" CONTENT="för"/><SP WIDTH="16" VPOS="1125" HPOS="802"/>
							<String ID="string_315" HPOS="818" VPOS="1125" WIDTH="142" HEIGHT="21" WC="0.95" CONTENT="undvikande"/><SP WIDTH="17" VPOS="1125" HPOS="960"/>
							<String ID="string_316" HPOS="977" VPOS="1124" WIDTH="22" HEIGHT="21" WC="0.95" CONTENT="af"/>
						</TextLine>
						<TextLine ID="line_34" HPOS="173" VPOS="1153" WIDTH="826" HEIGHT="29">
							<String ID="string_317" HPOS="173" VPOS="1153" WIDTH="86" HEIGHT="22" WC="0.96" CONTENT="sådana"/><SP WIDTH="23" VPOS="1153" HPOS="259"/>
							<String ID="string_318" HPOS="282" VPOS="1154" WIDTH="39" HEIGHT="21" WC="0.95" CONTENT="fall"/><SP WIDTH="16" VPOS="1154" HPOS="321"/>
							<String ID="string_319" HPOS="337" VPOS="1154" WIDTH="22" HEIGHT="22" WC="0.96" CONTENT="få"/><SP WIDTH="16" VPOS="1154" HPOS="359"/>
							<String ID="string_320" HPOS="375" VPOS="1154" WIDTH="134" HEIGHT="28" WC="0.95" CONTENT="någonslags"/><SP WIDTH="16" VPOS="1154" HPOS="509"/>
							<String ID="string_321" HPOS="525" VPOS="1155" WIDTH="165" HEIGHT="27" WC="0.96" CONTENT="bestämningar"/><SP WIDTH="16" VPOS="1155" HPOS="690"/>
							<String ID="string_322" HPOS="706" VPOS="1155" WIDTH="7" HEIGHT="21" WC="0.93" CONTENT="i"/><SP WIDTH="17" VPOS="1155" HPOS="713"/>
							<String ID="string_323" HPOS="730" VPOS="1155" WIDTH="105" HEIGHT="26" WC="0.91" CONTENT="sjölagen."/><SP WIDTH="33" VPOS="1155" HPOS="835"/>
							<String ID="string_324" HPOS="868" VPOS="1155" WIDTH="47" HEIGHT="20" WC="0.95" CONTENT="Den"/><SP WIDTH="16" VPOS="1155" HPOS="915"/>
							<String ID="string_325" HPOS="931" VPOS="1154" WIDTH="22" HEIGHT="21" WC="0.93" CONTENT="af"/><SP WIDTH="16" VPOS="1154" HPOS="953"/>
							<String ID="string_326" HPOS="969" VPOS="1156" WIDTH="30" HEIGHT="19" WC="0.91" CONTENT="ut-"/>
						</TextLine>
						<TextLine ID="line_35" HPOS="173" VPOS="1183" WIDTH="826" HEIGHT="28">
							<String ID="string_327" HPOS="173" VPOS="1183" WIDTH="82" HEIGHT="22" WC="0.96" CONTENT="skottet"/><SP WIDTH="15" VPOS="1183" HPOS="255"/>
							<String ID="string_328" HPOS="270" VPOS="1183" WIDTH="126" HEIGHT="28" WC="0.93" CONTENT="åberopade"/><SP WIDTH="17" VPOS="1183" HPOS="396"/>
							<String ID="string_329" HPOS="413" VPOS="1185" WIDTH="104" HEIGHT="25" WC="0.92" CONTENT="komitén,"/><SP WIDTH="18" VPOS="1185" HPOS="517"/>
							<String ID="string_330" HPOS="535" VPOS="1191" WIDTH="47" HEIGHT="15" WC="0.96" CONTENT="som"/><SP WIDTH="16" VPOS="1191" HPOS="582"/>
							<String ID="string_331" HPOS="598" VPOS="1185" WIDTH="71" HEIGHT="21" WC="0.95" CONTENT="skulle"/><SP WIDTH="16" VPOS="1185" HPOS="669"/>
							<String ID="string_332" HPOS="685" VPOS="1191" WIDTH="55" HEIGHT="15" WC="0.96" CONTENT="vara"/><SP WIDTH="11" VPOS="1191" HPOS="740"/>
							<String ID="string_333" HPOS="751" VPOS="1185" WIDTH="78" HEIGHT="20" WC="0.96" CONTENT="tillsatt"/><SP WIDTH="10" VPOS="1185" HPOS="829"/>
							<String ID="string_334" HPOS="839" VPOS="1185" WIDTH="23" HEIGHT="20" WC="0.96" CONTENT="af"/><SP WIDTH="10" VPOS="1185" HPOS="862"/>
							<String ID="string_335" HPOS="872" VPOS="1184" WIDTH="127" HEIGHT="27" WC="0.95" CONTENT="regeringen"/>
						</TextLine>
						<TextLine ID="line_36" HPOS="173" VPOS="1213" WIDTH="827" HEIGHT="29">
							<String ID="string_336" HPOS="173" VPOS="1213" WIDTH="42" HEIGHT="21" WC="0.96" CONTENT="och"/><SP WIDTH="23" VPOS="1213" HPOS="215"/>
							<String ID="string_337" HPOS="238" VPOS="1213" WIDTH="30" HEIGHT="27" WC="0.96" CONTENT="på"/><SP WIDTH="15" VPOS="1213" HPOS="268"/>
							<String ID="string_338" HPOS="283" VPOS="1214" WIDTH="89" HEIGHT="21" WC="0.96" CONTENT="hvilken"/><SP WIDTH="16" VPOS="1214" HPOS="372"/>
							<String ID="string_339" HPOS="388" VPOS="1215" WIDTH="107" HEIGHT="20" WC="0.96" CONTENT="utskottet"/><SP WIDTH="15" VPOS="1215" HPOS="495"/>
							<String ID="string_340" HPOS="510" VPOS="1215" WIDTH="186" HEIGHT="27" WC="0.96" CONTENT="hufvudsakligen"/><SP WIDTH="17" VPOS="1215" HPOS="696"/>
							<String ID="string_341" HPOS="713" VPOS="1215" WIDTH="76" HEIGHT="21" WC="0.96" CONTENT="stöder"/><SP WIDTH="16" VPOS="1215" HPOS="789"/>
							<String ID="string_342" HPOS="805" VPOS="1215" WIDTH="38" HEIGHT="20" WC="0.93" CONTENT="sitt"/><SP WIDTH="15" VPOS="1215" HPOS="843"/>
							<String ID="string_343" HPOS="858" VPOS="1214" WIDTH="142" HEIGHT="27" WC="0.89" CONTENT="afstyrkande"/>
						</TextLine>
						<TextLine ID="line_37" HPOS="173" VPOS="1242" WIDTH="828" HEIGHT="29">
							<String ID="string_344" HPOS="173" VPOS="1242" WIDTH="113" HEIGHT="23" WC="0.91" CONTENT="åtlåtande"/><SP WIDTH="23" VPOS="1242" HPOS="286"/>
							<String ID="string_345" HPOS="309" VPOS="1244" WIDTH="63" HEIGHT="21" WC="0.92" CONTENT="öfver"/><SP WIDTH="24" VPOS="1244" HPOS="372"/>
							<String ID="string_346" HPOS="396" VPOS="1245" WIDTH="249" HEIGHT="26" WC="0.89" CONTENT="petitionsmemorialet,"/><SP WIDTH="25" VPOS="1245" HPOS="645"/>
							<String ID="string_347" HPOS="670" VPOS="1245" WIDTH="41" HEIGHT="21" WC="0.96" CONTENT="har"/><SP WIDTH="24" VPOS="1245" HPOS="711"/>
							<String ID="string_348" HPOS="735" VPOS="1245" WIDTH="49" HEIGHT="20" WC="0.96" CONTENT="icke"/><SP WIDTH="21" VPOS="1245" HPOS="784"/>
							<String ID="string_349" HPOS="805" VPOS="1244" WIDTH="32" HEIGHT="21" WC="0.96" CONTENT="till"/><SP WIDTH="17" VPOS="1244" HPOS="837"/>
							<String ID="string_350" HPOS="854" VPOS="1244" WIDTH="99" HEIGHT="27" WC="0.96" CONTENT="uppdrag"/><SP WIDTH="16" VPOS="1244" HPOS="953"/>
							<String ID="string_351" HPOS="969" VPOS="1246" WIDTH="32" HEIGHT="19" WC="0.96" CONTENT="att"/>
						</TextLine>
						<TextLine ID="line_38" HPOS="173" VPOS="1272" WIDTH="827" HEIGHT="29">
							<String ID="string_352" HPOS="173" VPOS="1272" WIDTH="111" HEIGHT="22" WC="0.96" CONTENT="behandla"/><SP WIDTH="16" VPOS="1272" HPOS="284"/>
							<String ID="string_353" HPOS="300" VPOS="1273" WIDTH="85" HEIGHT="22" WC="0.96" CONTENT="sådana"/><SP WIDTH="15" VPOS="1273" HPOS="385"/>
							<String ID="string_354" HPOS="400" VPOS="1274" WIDTH="80" HEIGHT="27" WC="0.96" CONTENT="frågor,"/><SP WIDTH="19" VPOS="1274" HPOS="480"/>
							<String ID="string_355" HPOS="499" VPOS="1276" WIDTH="53" HEIGHT="19" WC="0.96" CONTENT="utan"/><SP WIDTH="16" VPOS="1276" HPOS="552"/>
							<String ID="string_356" HPOS="568" VPOS="1275" WIDTH="43" HEIGHT="20" WC="0.96" CONTENT="den"/><SP WIDTH="16" VPOS="1275" HPOS="611"/>
							<String ID="string_357" HPOS="627" VPOS="1275" WIDTH="41" HEIGHT="20" WC="0.96" CONTENT="har"/><SP WIDTH="11" VPOS="1275" HPOS="668"/>
							<String ID="string_358" HPOS="679" VPOS="1275" WIDTH="72" HEIGHT="20" WC="0.96" CONTENT="blifvit"/><SP WIDTH="10" VPOS="1275" HPOS="751"/>
							<String ID="string_359" HPOS="761" VPOS="1275" WIDTH="89" HEIGHT="20" WC="0.96" CONTENT="nedsatt"/><SP WIDTH="11" VPOS="1275" HPOS="850"/>
							<String ID="string_360" HPOS="861" VPOS="1274" WIDTH="139" HEIGHT="21" WC="0.95" CONTENT="uteslutande"/>
						</TextLine>
						<TextLine ID="line_39" HPOS="173" VPOS="1303" WIDTH="827" HEIGHT="28">
							<String ID="string_361" HPOS="173" VPOS="1303" WIDTH="49" HEIGHT="21" WC="0.96" CONTENT="med"/><SP WIDTH="26" VPOS="1303" HPOS="222"/>
							<String ID="string_362" HPOS="248" VPOS="1303" WIDTH="101" HEIGHT="28" WC="0.96" CONTENT="uppdrag"/><SP WIDTH="23" VPOS="1303" HPOS="349"/>
							<String ID="string_363" HPOS="372" VPOS="1306" WIDTH="32" HEIGHT="19" WC="0.96" CONTENT="att"/><SP WIDTH="24" VPOS="1306" HPOS="404"/>
							<String ID="string_364" HPOS="428" VPOS="1303" WIDTH="82" HEIGHT="22" WC="0.96" CONTENT="bereda"/><SP WIDTH="16" VPOS="1303" HPOS="510"/>
							<String ID="string_365" HPOS="526" VPOS="1304" WIDTH="75" HEIGHT="27" WC="0.96" CONTENT="frågor"/><SP WIDTH="15" VPOS="1304" HPOS="601"/>
							<String ID="string_366" HPOS="616" VPOS="1311" WIDTH="36" HEIGHT="14" WC="0.96" CONTENT="om"/><SP WIDTH="17" VPOS="1311" HPOS="652"/>
							<String ID="string_367" HPOS="669" VPOS="1310" WIDTH="27" HEIGHT="15" WC="0.95" CONTENT="en"/><SP WIDTH="17" VPOS="1310" HPOS="696"/>
							<String ID="string_368" HPOS="713" VPOS="1304" WIDTH="83" HEIGHT="21" WC="0.96" CONTENT="allmän"/><SP WIDTH="17" VPOS="1304" HPOS="796"/>
							<String ID="string_369" HPOS="813" VPOS="1304" WIDTH="187" HEIGHT="27" WC="0.96" CONTENT="omorganisation"/>
						</TextLine>
						<TextLine ID="line_40" HPOS="172" VPOS="1332" WIDTH="828" HEIGHT="29">
							<String ID="string_370" HPOS="172" VPOS="1332" WIDTH="42" HEIGHT="21" WC="0.92" CONTENT="och"/><SP WIDTH="24" VPOS="1332" HPOS="214"/>
							<String ID="string_371" HPOS="238" VPOS="1333" WIDTH="102" HEIGHT="22" WC="0.90" CONTENT="eventuel"/><SP WIDTH="21" VPOS="1333" HPOS="340"/>
							<String ID="string_372" HPOS="361" VPOS="1340" WIDTH="29" HEIGHT="21" WC="0.93" CONTENT="ny"/><SP WIDTH="17" VPOS="1340" HPOS="390"/>
							<String ID="string_373" HPOS="407" VPOS="1334" WIDTH="134" HEIGHT="21" WC="0.92" CONTENT="dislokation"/><SP WIDTH="16" VPOS="1334" HPOS="541"/>
							<String ID="string_374" HPOS="557" VPOS="1334" WIDTH="24" HEIGHT="21" WC="0.96" CONTENT="af"/><SP WIDTH="15" VPOS="1334" HPOS="581"/>
							<String ID="string_375" HPOS="596" VPOS="1334" WIDTH="86" HEIGHT="21" WC="0.93" CONTENT="landets"/><SP WIDTH="17" VPOS="1334" HPOS="682"/>
							<String ID="string_376" HPOS="699" VPOS="1333" WIDTH="222" HEIGHT="28" WC="0.91" CONTENT="navigationsskolor."/><SP WIDTH="32" VPOS="1333" HPOS="921"/>
							<String ID="string_377" HPOS="953" VPOS="1334" WIDTH="47" HEIGHT="21" WC="0.94" CONTENT="Den"/>
						</TextLine>
						<TextLine ID="line_41" HPOS="172" VPOS="1361" WIDTH="829" HEIGHT="30">
							<String ID="string_378" HPOS="172" VPOS="1361" WIDTH="44" HEIGHT="22" WC="0.96" CONTENT="kan"/><SP WIDTH="25" VPOS="1361" HPOS="216"/>
							<String ID="string_379" HPOS="241" VPOS="1362" WIDTH="87" HEIGHT="22" WC="0.96" CONTENT="således"/><SP WIDTH="23" VPOS="1362" HPOS="328"/>
							<String ID="string_380" HPOS="351" VPOS="1363" WIDTH="34" HEIGHT="21" WC="0.96" CONTENT="als"/><SP WIDTH="17" VPOS="1363" HPOS="385"/>
							<String ID="string_381" HPOS="402" VPOS="1363" WIDTH="48" HEIGHT="22" WC="0.96" CONTENT="icke"/><SP WIDTH="17" VPOS="1363" HPOS="450"/>
							<String ID="string_382" HPOS="467" VPOS="1364" WIDTH="130" HEIGHT="26" WC="0.96" CONTENT="sysselsätta"/><SP WIDTH="16" VPOS="1364" HPOS="597"/>
							<String ID="string_383" HPOS="613" VPOS="1364" WIDTH="33" HEIGHT="27" WC="0.96" CONTENT="sig"/><SP WIDTH="16" VPOS="1364" HPOS="646"/>
							<String ID="string_384" HPOS="662" VPOS="1364" WIDTH="50" HEIGHT="21" WC="0.96" CONTENT="med"/><SP WIDTH="18" VPOS="1364" HPOS="712"/>
							<String ID="string_385" HPOS="730" VPOS="1364" WIDTH="74" HEIGHT="21" WC="0.96" CONTENT="denna"/><SP WIDTH="17" VPOS="1364" HPOS="804"/>
							<String ID="string_386" HPOS="821" VPOS="1363" WIDTH="67" HEIGHT="27" WC="0.95" CONTENT="fråga,"/><SP WIDTH="17" VPOS="1363" HPOS="888"/>
							<String ID="string_387" HPOS="905" VPOS="1369" WIDTH="36" HEIGHT="15" WC="0.96" CONTENT="om"/><SP WIDTH="16" VPOS="1369" HPOS="941"/>
							<String ID="string_388" HPOS="957" VPOS="1363" WIDTH="44" HEIGHT="21" WC="0.97" CONTENT="den"/>
						</TextLine>
						<TextLine ID="line_42" HPOS="172" VPOS="1391" WIDTH="829" HEIGHT="30">
							<String ID="string_389" HPOS="172" VPOS="1391" WIDTH="49" HEIGHT="22" WC="0.96" CONTENT="icke"/><SP WIDTH="17" VPOS="1391" HPOS="221"/>
							<String ID="string_390" HPOS="238" VPOS="1392" WIDTH="35" HEIGHT="21" WC="0.96" CONTENT="får"/><SP WIDTH="15" VPOS="1392" HPOS="273"/>
							<String ID="string_391" HPOS="288" VPOS="1399" WIDTH="27" HEIGHT="15" WC="0.96" CONTENT="en"/><SP WIDTH="17" VPOS="1399" HPOS="315"/>
							<String ID="string_392" HPOS="332" VPOS="1393" WIDTH="96" HEIGHT="21" WC="0.96" CONTENT="särskild"/><SP WIDTH="16" VPOS="1393" HPOS="428"/>
							<String ID="string_393" HPOS="444" VPOS="1394" WIDTH="137" HEIGHT="27" WC="0.96" CONTENT="uppmaning"/><SP WIDTH="16" VPOS="1394" HPOS="581"/>
							<String ID="string_394" HPOS="597" VPOS="1394" WIDTH="72" HEIGHT="21" WC="0.95" CONTENT="därtill"/><SP WIDTH="18" VPOS="1394" HPOS="669"/>
							<String ID="string_395" HPOS="687" VPOS="1394" WIDTH="41" HEIGHT="21" WC="0.96" CONTENT="och"/><SP WIDTH="15" VPOS="1394" HPOS="728"/>
							<String ID="string_396" HPOS="743" VPOS="1393" WIDTH="115" HEIGHT="22" WC="0.96" CONTENT="dessutom"/><SP WIDTH="11" VPOS="1393" HPOS="858"/>
							<String ID="string_397" HPOS="869" VPOS="1395" WIDTH="25" HEIGHT="19" WC="0.96" CONTENT="är"/><SP WIDTH="11" VPOS="1395" HPOS="894"/>
							<String ID="string_398" HPOS="905" VPOS="1393" WIDTH="37" HEIGHT="21" WC="0.96" CONTENT="det"/><SP WIDTH="11" VPOS="1393" HPOS="942"/>
							<String ID="string_399" HPOS="953" VPOS="1393" WIDTH="48" HEIGHT="20" WC="0.96" CONTENT="icke"/>
						</TextLine>
						<TextLine ID="line_43" HPOS="172" VPOS="1421" WIDTH="829" HEIGHT="28">
							<String ID="string_400" HPOS="172" VPOS="1421" WIDTH="70" HEIGHT="27" WC="0.91" CONTENT="sagdt,"/><SP WIDTH="23" VPOS="1421" HPOS="242"/>
							<String ID="string_401" HPOS="265" VPOS="1424" WIDTH="31" HEIGHT="19" WC="0.96" CONTENT="att"/><SP WIDTH="21" VPOS="1424" HPOS="296"/>
							<String ID="string_402" HPOS="317" VPOS="1423" WIDTH="73" HEIGHT="20" WC="0.93" CONTENT="denna"/><SP WIDTH="16" VPOS="1423" HPOS="390"/>
							<String ID="string_403" HPOS="406" VPOS="1423" WIDTH="89" HEIGHT="26" WC="0.92" CONTENT="komité,"/><SP WIDTH="18" VPOS="1423" HPOS="495"/>
							<String ID="string_404" HPOS="513" VPOS="1423" WIDTH="75" HEIGHT="22" WC="0.96" CONTENT="såsom"/><SP WIDTH="16" VPOS="1423" HPOS="588"/>
							<String ID="string_405" HPOS="604" VPOS="1423" WIDTH="43" HEIGHT="22" WC="0.96" CONTENT="den"/><SP WIDTH="16" VPOS="1423" HPOS="647"/>
							<String ID="string_406" HPOS="663" VPOS="1430" WIDTH="30" HEIGHT="15" WC="0.96" CONTENT="nu"/><SP WIDTH="17" VPOS="1430" HPOS="693"/>
							<String ID="string_407" HPOS="710" VPOS="1425" WIDTH="26" HEIGHT="20" WC="0.96" CONTENT="är"/><SP WIDTH="16" VPOS="1425" HPOS="736"/>
							<String ID="string_408" HPOS="752" VPOS="1425" WIDTH="152" HEIGHT="23" WC="0.95" CONTENT="sammansatt,"/><SP WIDTH="17" VPOS="1425" HPOS="904"/>
							<String ID="string_409" HPOS="921" VPOS="1429" WIDTH="40" HEIGHT="14" WC="0.96" CONTENT="ens"/><SP WIDTH="16" VPOS="1429" HPOS="961"/>
							<String ID="string_410" HPOS="977" VPOS="1423" WIDTH="24" HEIGHT="20" WC="0.96" CONTENT="är"/>
						</TextLine>
						<TextLine ID="line_44" HPOS="172" VPOS="1451" WIDTH="830" HEIGHT="29">
							<String ID="string_411" HPOS="172" VPOS="1451" WIDTH="93" HEIGHT="28" WC="0.95" CONTENT="lämplig"/><SP WIDTH="23" VPOS="1451" HPOS="265"/>
							<String ID="string_412" HPOS="288" VPOS="1454" WIDTH="31" HEIGHT="19" WC="0.96" CONTENT="att"/><SP WIDTH="23" VPOS="1454" HPOS="319"/>
							<String ID="string_413" HPOS="342" VPOS="1452" WIDTH="112" HEIGHT="22" WC="0.96" CONTENT="behandla"/><SP WIDTH="23" VPOS="1452" HPOS="454"/>
							<String ID="string_414" HPOS="477" VPOS="1453" WIDTH="28" HEIGHT="21" WC="0.95" CONTENT="de"/><SP WIDTH="16" VPOS="1453" HPOS="505"/>
							<String ID="string_415" HPOS="521" VPOS="1453" WIDTH="80" HEIGHT="27" WC="0.96" CONTENT="frågor,"/><SP WIDTH="18" VPOS="1453" HPOS="601"/>
							<String ID="string_416" HPOS="619" VPOS="1460" WIDTH="48" HEIGHT="15" WC="0.96" CONTENT="som"/><SP WIDTH="16" VPOS="1460" HPOS="667"/>
							<String ID="string_417" HPOS="683" VPOS="1453" WIDTH="36" HEIGHT="27" WC="0.96" CONTENT="jag"/><SP WIDTH="16" VPOS="1453" HPOS="719"/>
							<String ID="string_418" HPOS="735" VPOS="1454" WIDTH="7" HEIGHT="20" WC="0.93" CONTENT="i"/><SP WIDTH="17" VPOS="1454" HPOS="742"/>
							<String ID="string_419" HPOS="759" VPOS="1452" WIDTH="243" HEIGHT="28" WC="0.92" CONTENT="petitionsmemorialet"/>
						</TextLine>
						<TextLine ID="line_45" HPOS="172" VPOS="1481" WIDTH="830" HEIGHT="29">
							<String ID="string_420" HPOS="172" VPOS="1481" WIDTH="73" HEIGHT="22" WC="0.91" CONTENT="afsett."/><SP WIDTH="34" VPOS="1481" HPOS="245"/>
							<String ID="string_421" HPOS="279" VPOS="1481" WIDTH="79" HEIGHT="22" WC="0.96" CONTENT="Därför"/><SP WIDTH="24" VPOS="1481" HPOS="358"/>
							<String ID="string_422" HPOS="382" VPOS="1489" WIDTH="66" HEIGHT="15" WC="0.96" CONTENT="anser"/><SP WIDTH="23" VPOS="1489" HPOS="448"/>
							<String ID="string_423" HPOS="471" VPOS="1483" WIDTH="36" HEIGHT="27" WC="0.96" CONTENT="jag"/><SP WIDTH="16" VPOS="1483" HPOS="507"/>
							<String ID="string_424" HPOS="523" VPOS="1482" WIDTH="60" HEIGHT="22" WC="0.93" CONTENT="detta"/><SP WIDTH="17" VPOS="1482" HPOS="583"/>
							<String ID="string_425" HPOS="600" VPOS="1483" WIDTH="228" HEIGHT="27" WC="0.92" CONTENT="petitionsmemorial,"/><SP WIDTH="17" VPOS="1483" HPOS="828"/>
							<String ID="string_426" HPOS="845" VPOS="1483" WIDTH="7" HEIGHT="20" WC="0.96" CONTENT="i"/><SP WIDTH="16" VPOS="1483" HPOS="852"/>
							<String ID="string_427" HPOS="868" VPOS="1482" WIDTH="83" HEIGHT="21" WC="0.96" CONTENT="hvilket"/><SP WIDTH="15" VPOS="1482" HPOS="951"/>
							<String ID="string_428" HPOS="966" VPOS="1482" WIDTH="36" HEIGHT="26" WC="0.96" CONTENT="jag"/>
						</TextLine>
						<TextLine ID="line_46" HPOS="172" VPOS="1510" WIDTH="830" HEIGHT="28">
							<String ID="string_429" HPOS="172" VPOS="1510" WIDTH="125" HEIGHT="27" WC="0.96" CONTENT="framställt,"/><SP WIDTH="18" VPOS="1510" HPOS="297"/>
							<String ID="string_430" HPOS="315" VPOS="1514" WIDTH="31" HEIGHT="19" WC="0.96" CONTENT="att"/><SP WIDTH="16" VPOS="1514" HPOS="346"/>
							<String ID="string_431" HPOS="362" VPOS="1518" WIDTH="28" HEIGHT="15" WC="0.93" CONTENT="en"/><SP WIDTH="16" VPOS="1518" HPOS="390"/>
							<String ID="string_432" HPOS="406" VPOS="1512" WIDTH="83" HEIGHT="22" WC="0.93" CONTENT="komité"/><SP WIDTH="17" VPOS="1512" HPOS="489"/>
							<String ID="string_433" HPOS="506" VPOS="1513" WIDTH="72" HEIGHT="20" WC="0.96" CONTENT="skulle"/><SP WIDTH="16" VPOS="1513" HPOS="578"/>
							<String ID="string_434" HPOS="594" VPOS="1513" WIDTH="102" HEIGHT="21" WC="0.96" CONTENT="tillsättas"/><SP WIDTH="17" VPOS="1513" HPOS="696"/>
							<String ID="string_435" HPOS="713" VPOS="1513" WIDTH="36" HEIGHT="21" WC="0.96" CONTENT="för"/><SP WIDTH="16" VPOS="1513" HPOS="749"/>
							<String ID="string_436" HPOS="765" VPOS="1515" WIDTH="31" HEIGHT="19" WC="0.96" CONTENT="att"/><SP WIDTH="11" VPOS="1515" HPOS="796"/>
							<String ID="string_437" HPOS="807" VPOS="1512" WIDTH="102" HEIGHT="22" WC="0.96" CONTENT="utarbeta"/><SP WIDTH="11" VPOS="1512" HPOS="909"/>
							<String ID="string_438" HPOS="920" VPOS="1511" WIDTH="82" HEIGHT="27" WC="0.96" CONTENT="förslag"/>
						</TextLine>
					</TextBlock>
				</ComposedBlock>
			</PrintSpace>
		</Page>
	</Layout>
</alto>
