1109 1786
199 130 42 21 902
421 134 180 21 Borgareständet
611 134 59 17 1882.
694 134 24 17 21
731 133 60 21 april.

327 305 60 26 Den
405 304 30 27 21
457 304 83 35 April
557 303 40 28 kl.
615 304 17 27 6
651 304 72 27 efter
741 303 160 35 middagen.

269 374 40 22 Vid
325 374 119 21 verkstäldt
463 381 82 21 upprop
567 374 102 22 befunnos
685 374 74 21 herrar
774 374 72 21 Florin
862 374 39 22 och
917 374 67 25 Blom,
1000 363 23 32 af

200 403 56 22 förut
271 403 118 22 antecknad
404 403 70 24 orsak,
491 403 146 22 fränvarande.

268 546 40 22 Till
322 546 105 27 justering
442 546 109 27 upplästes
570 545 39 23 och
625 545 123 27 godkändes
771 545 195 27 protokollsutdrag
988 545 33 22 för

200 574 158 27 förmiddagens
374 575 163 21 sammanträde.

1010 662 2 32 |

269 711 56 22 Från
340 711 160 22 Bondeståndet
514 712 56 21 hade
595 711 118 21 ankommit
729 714 32 19 tre
776 711 197 27 protokollsutdrag
988 711 34 22 för

199 740 43 21 den
259 741 26 20 18
301 739 38 22 och
355 741 25 19 21
398 740 84 27 dennes,
497 739 148 22 innehållande
661 739 100 23 Ståndets
784 740 70 22 beslut
874 740 146 22 beträffande:

269 767 174 22 bankutskottets
458 769 135 21 betänkande
607 768 41 21 N:o
664 768 26 26 2;

267 797 171 21 statsutskottets
453 797 135 21 betänkande
604 797 39 20 N:o
660 797 24 24 5;
701 797 41 21 och

269 825 222 26 ekonomiutskottets,
506 825 7 20 i
529 825 108 22 skrifvelse
652 825 23 20 af
689 825 39 21 den
746 827 25 20 17
787 825 141 22 innevarande
943 825 78 22 månad

197 853 134 22 framställda
345 853 100 22 anhållan
461 861 34 14 om
511 854 115 21 utskottets
641 853 118 28 fördelning
774 854 27 27 på
817 853 136 28 afdelningar.

267 1002 120 22 Fortsattes
403 1003 47 21 med
467 1003 145 21 diskussionen
625 1003 23 21 af
657 1003 214 21 ekonomiutskottets
888 1003 133 22 betänkande

199 1031 41 21 N:o
258 1032 12 20 3
286 1031 6 21 i
308 1031 113 26 anledning
437 1031 21 21 af
472 1032 59 21 Hans
553 1031 118 27 Kejserliga
693 1032 111 26 Majestäts
826 1032 83 26 Nådiga
923 1032 99 26 Proposi-

196 1059 47 22 tion
259 1059 40 22 N:o
317 1061 32 23 16,
364 1059 108 27 angående
497 1060 92 21 vilkoren
612 1060 32 21 för
667 1059 18 28 ej
707 1060 82 21 mindre
804 1059 123 28 försäljning
943 1060 33 21 till
991 1060 29 21 af-

197 1088 112 33 hemtning
332 1088 21 21 af
375 1088 146 27 maltdrycker,
538 1090 26 20 än
587 1088 142 27 utskänkuing
753 1088 60 21 deraf
829 1088 39 22 och
884 1089 66 21 andra
965 1089 57 20 icke-

196 1116 117 33 spirituösa
328 1117 95 26 drycker,
439 1118 69 20 såsom
524 1117 39 22 ock
578 1117 91 21 rörande
684 1105 88 38 ändring
787 1117 23 21 af
823 1117 147 27 förordningen
986 1123 35 38 n

198 1145 128 26 näringarne
342 1145 23 21 af
380 1145 39 22 den
437 1146 24 21 31
479 1146 58 21 Mars
556 1146 58 21 1879.

586 1231 14 27 8
616 1232 19 20 8.

268 1288 56 21 Herr
344 1288 73 21 Grön
426 1288 61 20 vik:
508 1288 41 25 Jag
564 1288 95 21 anhäller
675 1290 31 19 att
721 1288 21 21 få
758 1288 77 21 föreslå
850 1288 36 22 det
901 1288 68 22 denna
984 1294 38 20 pa-

200 1316 72 26 ragraf
285 1317 45 21 helt
345 1316 39 21 och
409 1316 66 21 bållet
497 1316 68 21 skulle
581 1316 110 22 uteslutas.
721 1316 75 27 Någon
811 1317 125 25 motivering
952 1317 69 20 dertill

198 1344 102 22 behöfver
313 1344 37 26 jag
365 1344 34 20 väl
414 1344 46 20 icke
475 1344 111 21 framhålla
601 1344 6 20 i
623 1344 59 21 detta
698 1344 68 21 stånd.

269 1400 56 22 Herr
340 1400 168 27 Lindberg:
540 1400 66 22 Afven
623 1401 37 27 jag
675 1400 36 22 vill
733 1401 53 27 yrka
808 1400 27 28 på
850 1401 134 21 uteslutande
1000 1400 24 22 af

199 1430 138 27 paragrafens
353 1430 66 21 första
435 1430 84 26 mening
535 1430 22 20 af
570 1430 40 20 den
625 1429 120 27 anledning,
756 1431 32 19 att
797 1430 37 27 jag
849 1436 62 15 anser
926 1430 36 22 det
972 1436 50 17 vara

201 1458 89 28 onödigt
305 1460 32 20 att
353 1458 118 22 bestämma
487 1458 143 22 dimensionen
653 1458 27 27 pä
703 1458 130 27 buteljerna;
849 1459 75 21 sådant
940 1460 32 20 mä
989 1459 34 26 väl

200 1488 39 21 sed
254 1488 39 21 och
308 1487 132 22 konkurrens
456 1488 122 25 bestämma,
594 1487 26 21 dä
636 1493 48 15 man
694 1487 19 26 ej
725 1487 102 26 derjemte
842 1487 48 22 ville
906 1487 116 22 bestämmä

200 1517 66 27 priset
281 1517 28 26 pä
324 1515 100 27 buteljen.
454 1515 86 22 Samma
563 1515 39 22 öde
625 1515 68 22 skulle
714 1515 35 28 jag
773 1516 100 21 tillönska
893 1516 39 22 den
948 1523 75 15 senare
