1109 1792
211 120 43 20 914
437 125 179 22 Borgareståndet
627 126 58 17 1882.
710 126 24 17 21
746 126 60 20 april.

280 193 56 21 Herr
352 193 158 28 Clouberg
532 194 51 21 sade
598 195 32 25 sig
645 200 51 14 vara
712 194 143 22 förekommen
868 194 22 22 af
900 195 48 21 herr
963 194 71 22 Rönn-

211 222 61 24 bäck,
287 222 63 21 hvars
364 223 98 26 yttrande
478 222 41 22 han
535 223 62 21 alltså
613 222 102 22 biträdde.
1015 236 1 12 |

280 296 48 22 Med
346 296 155 27 öfvervägande
517 296 109 28 pluralitet
642 297 68 22 beslöt
726 297 86 22 ståndet
828 297 56 27 derä,
900 299 32 20 att
947 303 62 16 mom.
1021 298 9 20 1

210 326 23 21 af
246 326 126 27 paragrafen
389 325 68 22 skulle
473 327 55 26 utgä.
1014 325 1 23 |

574 417 64 21 Mom,
655 418 19 20 2.

279 475 55 20 Herr
349 474 171 27 Lindberg:
551 474 39 27 Jag
606 475 67 20 skulle
691 473 83 27 föreslä,
788 477 32 18 att
835 475 61 20 äfven
913 475 59 21 detta
988 481 44 14 mo-

210 506 59 18 ment
284 503 54 27 finge
355 503 57 27 utgä,
429 503 39 20 den
492 503 57 21 förra
572 503 109 26 meningen
704 503 23 21 af
748 503 51 25 skäl,
816 505 32 19 att
861 504 36 26 jag
913 504 32 20 väl
962 503 34 22 mä
1011 504 22 21 fä

210 532 82 21 skänka
309 532 48 21 bort
372 533 42 20 min
431 538 57 19 vara,
504 539 33 14 om
552 532 36 27 jag
603 532 42 25 vill,
662 532 38 21 och
717 532 40 21 den
773 538 74 15 senare
863 533 110 26 meningen
985 533 46 21 der-

209 561 39 23 för,
260 563 32 18 att
307 561 35 20 det
356 560 23 27 ju
395 563 24 18 är
434 560 87 21 alldeles
536 560 89 22 absurdt
640 563 32 18 att
687 561 48 26 ingä
751 561 5 20 i
772 561 24 20 sä
811 561 114 21 minutiösa
941 561 90 21 bestäm-

210 590 74 25 ningar
299 590 13 21 &
328 589 107 25 omräden,
452 589 111 21 hvaröfver
585 589 122 26 försäljaren
730 589 48 26 sjelf
799 596 49 21 eger
863 589 87 28 förfoga.
981 589 50 22 Isä

208 618 36 21 fall
260 620 24 19 är
299 618 34 20 väl
348 618 46 21 icke
410 619 47 24 den,
473 623 44 16 som
534 618 39 21 har
592 617 41 21 fätt
648 624 71 19 varan,
736 617 23 22 sä
774 606 55 38 dum,
846 620 31 19 att
893 607 40 32 han
949 619 39 26 går
1002 619 28 29 på

208 647 156 20 utskänkarens
380 647 57 26 gård.
468 647 47 20 Han
532 647 38 26 går
585 646 27 27 på
634 646 127 27 landsvägen
778 646 50 21 eller
843 647 28 26 på
886 649 70 24 gatan,
972 640 58 28 öfver

208 675 86 22 hvilken
311 675 144 27 ölförsäljaren
472 675 44 20 icke
533 675 97 26 förfogar.
660 664 74 32 Denna
752 675 132 26 bestämning
899 676 42 20 kan
957 675 73 22 alltför

208 704 40 21 lätt
264 703 104 27 kringgås.

277 778 56 21 Herr
347 777 131 22 Kurtén:
499 777 28 22 Så
542 779 66 25 gärna
622 777 35 26 jag
673 779 25 19 än
714 777 40 21 har
769 778 78 20 strukit
869 778 43 21 alla
935 779 26 20 de
977 778 51 21 före-

207 807 82 26 gående
304 806 157 27 paragraferna,
477 807 67 20 måste
556 807 38 26 jag
609 806 53 21 dock
678 806 52 26 yrka
746 806 33 26 på,
799 808 32 19 att
846 807 68 20 denna
930 807 100 26 paragraf

208 835 124 21 bibehälles.
362 834 30 28 Ty
412 835 38 26 jag
473 841 67 15 anser,
556 838 32 18 att
611 835 35 21 det
670 835 53 20 dock
745 837 24 19 är
784 835 35 20 det
835 835 54 21 enda
904 835 123 27 stadgande,

207 870 45 15 som
269 864 107 21 erfordras
392 863 31 21 för
438 866 33 18 att
486 864 84 25 åtskilja
587 863 123 27 försäljning
726 863 32 21 till
775 863 130 28 afhemtning
920 865 28 26 på
958 864 70 22 lands-

207 893 82 27 bygden
306 893 45 21 från
367 893 148 26 utskänkning.
547 893 51 21 Den,
622 899 44 15 som
690 899 50 20 eger
762 894 32 20 att
816 892 84 27 förfoga
924 893 57 21 öfver
996 896 32 19 ett

209 922 86 21 område
311 922 5 20 i
333 921 101 21 närheten
458 921 22 21 af
501 924 31 18 ett
553 921 203 27 försäljningsställe,
772 921 45 22 står
838 922 23 26 ju
880 922 46 21 icke
941 922 7 20 i
964 922 64 27 något

207 956 83 20 ansvar,
302 957 33 14 om
348 951 38 20 der
396 950 90 20 förtäres
497 951 19 20 öl
528 952 50 18 utan
590 950 52 21 hans
653 950 87 26 vetskap
757 950 51 21 eller
824 952 44 19 mot
880 950 52 22 hans
944 951 82 21 förbud.

275 1030 55 21 Herr
346 1030 168 22 Stenbäck:
545 1030 42 20 För
610 1030 42 21 min
676 1030 33 20 del
732 1032 24 18 är
776 1030 37 27 jag
836 1036 48 16 ense
907 1031 47 21 med
978 1030 50 22 herr

206 1059 108 26 Lindberg
329 1065 41 17 om,
386 1061 31 19 att
433 1058 66 22 första
523 1058 111 26 meningen
649 1059 23 20 af
687 1062 115 18 momentet
825 1059 66 21 borde
914 1060 56 26 utgå.
1002 1059 24 22 Vi

207 1088 62 21 hafva
295 1090 31 19 ett
351 1088 95 20 likadant
466 1088 117 26 stadgande
605 1088 7 20 i
638 1088 266 26 brännvinsförordningen
928 1088 39 21 och
991 1088 35 21 det

208 1116 39 21 har
262 1116 54 21 visat
331 1117 38 25 sig,
385 1118 32 19 att
433 1116 58 20 detta
506 1116 116 26 stadgande
638 1116 120 24 förorsakat
774 1117 75 26 många
864 1116 160 27 förvecklingar.

206 1145 30 27 Ty
250 1146 34 20 det
300 1146 23 20 är
337 1146 23 26 ju
376 1145 86 21 alldeles
478 1144 111 28 sjelffallet,
605 1147 31 18 att
659 1147 31 19 ett
711 1145 123 26 stadgande,
850 1151 44 15 som
918 1145 108 27 förbjuder

205 1180 24 15 en
248 1180 81 20 person,
345 1174 83 20 hvilken
446 1174 38 20 har
499 1174 148 25 utskänkning,
662 1177 33 17 att
710 1174 96 20 traktera
822 1180 25 15 en
863 1174 85 27 bekant,
958 1174 68 21 måste

205 1202 110 22 förorsaka
330 1208 25 15 en
372 1202 76 27 mängd
464 1201 180 27 obehagligheter.
668 1202 10 21 I
694 1201 39 22 och
749 1202 47 21 med
812 1202 118 22 detsamma
945 1205 25 19 är
985 1202 40 22 han

204 1231 85 21 absolut
305 1231 90 26 betagen
411 1233 32 19 att
458 1231 73 21 utöfva
546 1231 112 26 gästfrihet
673 1230 55 22 hvad
744 1231 20 20 öl
780 1231 136 21 vidkommer.
1013 1252 1 6 i

272 1311 56 21 Herr
351 1310 167 27 Clouberg:
548 1311 40 27 Jag
611 1310 48 21 ville
681 1312 74 20 endast
777 1311 89 27 päpeka,
882 1314 32 19 att
930 1319 33 14 om
979 1318 46 16 mo-

203 1342 81 18 mentet
307 1340 95 20 kommer
421 1342 33 18 att
469 1339 123 26 bibehällas,
608 1340 23 20 sä
647 1339 66 21 mäste
730 1340 35 19 det
780 1341 65 24 nägot
860 1341 142 25 omredigeras
1013 1341 11 19 i

203 1366 81 28 början,
300 1367 24 21 sä
340 1369 31 19 att
387 1366 34 22 det
437 1367 68 21 skulle
521 1366 49 22 heta
586 1366 39 27 ,Ej
641 1366 34 22 mä
691 1367 141 27 maltdrycker
847 1368 22 21 af
884 1368 53 21 den"
948 1374 19 15 o.
978 1374 16 16 s.
1006 1374 18 15 v.

271 1454 151 21 Diskussionen
439 1453 121 27 afslutades,
577 1454 38 22 och
632 1453 48 22 herr
702 1454 129 22 Talmannen
847 1455 30 22 lät
892 1453 132 25 beträffande

202 1482 66 22 första
292 1483 110 27 meningen
425 1482 23 22 af
468 1482 138 23 förevarande
629 1486 93 19 moment
744 1484 89 27 uppläsa
854 1490 24 16 en
894 1484 24 22 sä
933 1484 90 27 lydande

202 1512 140 27 proposition:
591 1530 2 3 .
