1109 1786
204 132 41 21 990
427 137 182 20 Borgareståndet
621 137 58 18 1882.
704 138 26 16 25
743 138 60 19 april

203 211 44 15 som
272 205 86 22 tillhöra
373 206 80 25 staden,
471 205 107 23 beträffar.
595 206 40 21 kan
657 206 37 26 jag
717 205 18 27 ej
762 206 67 21 heller
844 205 130 27 ifrågasätta,
997 209 33 18 att

203 234 46 21 icke
265 234 234 27 stadsmyndigheterna
515 234 68 22 skulle
600 234 61 21 hafva
678 235 78 20 lemnat
773 235 105 26 uppgifter
893 235 81 25 härom,
985 234 45 21 ifall

203 263 104 20 utskottet
323 263 53 20 hade
393 263 74 26 begärt
482 263 87 21 sådana.

269 291 33 21 Då
323 292 38 26 jag
383 291 45 21 icke
445 291 34 21 vill
504 291 84 21 komma
611 291 52 21 fram
687 291 49 21 med
758 291 66 27 några
840 298 53 20 egna
908 292 78 25 förslag
1001 303 27 3 —

200 319 66 21 ehuru
287 319 36 27 jag
338 319 64 21 också
417 320 54 21 hade
487 320 80 21 sådana
582 332 17 4 —
611 320 86 21 emedan
704 320 37 26 jag
753 326 67 21 anser,
829 323 32 18 att
876 321 20 20 vi
910 326 74 22 genom
996 322 32 19 att

200 349 52 21 söka
275 348 63 21 bland
355 348 70 21 alltför
442 349 75 24 många
538 349 85 26 platser,
640 349 73 21 endast
729 349 95 21 försvåra
840 349 84 26 frågans
939 349 89 26 lösning,

201 377 54 21 hade
275 378 38 26 jag
335 376 65 22 likväl
423 378 82 24 önskat,
529 380 32 18 att
583 378 105 20 utskottet
710 378 129 20 åtminstone
855 377 131 22 beträffande
1002 378 28 20 de

202 406 63 21 redan
289 406 120 26 föreslagna
434 409 105 18 tomterna
563 406 71 21 utredt
658 406 73 26 frågan
755 407 76 21 bättre,
848 408 26 19 än
890 406 54 21 hvad
962 412 27 15 nu
1004 408 26 19 är

202 434 67 25 fallet,
287 434 38 22 och
343 434 25 20 då
381 435 37 25 jag
427 434 105 26 verkligen
549 435 46 21 icke
610 434 41 22 kan
667 434 62 26 finna,
746 437 31 19 att
793 435 18 20 vi
828 435 46 21 icke
885 435 68 21 skulle
964 434 64 22 hinna

205 463 74 27 afgöra
303 463 69 21 denna
396 463 58 26 fråga
470 464 33 20 vid
528 463 69 21 denna
613 463 107 26 landidag,
737 463 43 21 ifall
797 464 63 20 saken
877 464 7 20 i
900 464 34 21 det
950 464 20 20 at
986 463 43 27 mig

203 492 120 26 föreslagna
351 491 64 27 syftet
440 492 168 21 återremitteras
631 492 31 21 till
688 493 111 25 utskottet,
822 492 95 21 anhåller
937 492 43 26 jag,
996 494 33 18 att

203 520 85 22 ståndet
304 520 49 22 ville
369 520 73 21 förena
457 520 30 26 sig
504 527 33 14 om
554 520 68 22 denna
637 521 126 21 återremiss.

273 578 55 21 Herr
352 577 160 21 Sanmark:
544 578 41 21 Det
608 578 66 25 lifliga
690 578 94 25 intresse,
800 584 44 14 som
862 578 144 21 ledamöterna
1022 578 5 20 i

204 606 25 22 de
245 606 104 21 särskilda
365 607 88 20 stånden
470 607 54 20 visat
539 607 32 20 för
587 609 32 18 att
634 607 23 20 så
673 609 57 18 snart
746 612 44 15 som
807 605 83 28 möjligt
904 607 86 20 komma
1004 607 24 20 så

205 637 32 20 att
260 637 50 24 säga
333 635 66 20 under
422 637 47 24 eget
486 635 42 21 tak,
546 636 38 20 har
601 635 47 21 bäst
664 635 123 26 ådagalagts
803 641 75 20 genom
894 635 40 21 den
950 637 76 25 mängd

203 663 57 22 olika
276 665 85 25 platser,
378 669 44 15 som
439 663 69 22 blifvit
524 664 118 27 föreslagna
659 663 32 22 för
707 663 34 22 det
758 664 106 21 blifvande
880 664 148 21 ständerhuset

204 693 41 21 och
269 692 127 27 derigenom,
421 695 32 18 att
476 699 48 14 man
549 693 44 21 icke
609 693 57 21 velat
682 693 55 20 finna
753 693 129 20 åtminstone
898 693 130 26 någorlunda

205 721 88 22 allmänt
309 722 40 20 den
365 728 39 13 ena
419 721 52 21 eller
486 722 66 21 andra
569 721 81 27 platsen
667 721 72 26 värdig
755 721 51 21 eller
821 721 87 27 lämplig
918 722 33 21 för
962 722 64 21 ända-

205 750 71 22 målet.
302 750 33 21 Då
350 750 73 27 frågan
441 750 64 21 redan
522 750 69 21 blifvit
608 751 119 20 behandlad
743 750 22 21 af
781 750 147 26 delegationer,
946 751 81 20 utskott

205 779 40 22 och
261 779 158 22 ständermöten
436 782 50 18 utan
503 782 30 18 att
550 786 48 15 man
615 779 81 27 lyckats
712 780 85 21 komma
813 780 31 20 till
861 780 69 26 någon
946 780 87 25 lösning.

205 808 64 23 deraf,
295 812 44 17 tror
352 809 43 25 jag,
411 810 32 19 att
459 808 49 21 felet
525 808 65 27 ligger
607 809 74 22 deruti,
697 810 31 19 att
745 808 35 21 det
795 810 24 19 är
834 809 84 20 absolut
933 809 94 26 omöjligt

205 839 30 18 att
260 837 56 20 finna
339 843 25 14 en
389 837 62 26 plats,
471 843 43 15 som
532 837 103 27 uppfyller
651 837 42 20 alla
709 837 24 21 de
749 837 127 27 fordringar,
892 837 72 21 hvilka
980 843 47 16 man

205 865 36 21 vill
265 865 60 22 ställa
349 866 27 26 på
398 868 32 18 ett
452 866 133 21 ständerhus.
617 866 103 26 Antingen
737 865 67 22 måste
820 872 47 15 man
884 866 98 26 uppoffra
997 868 31 19 ett

204 894 143 21 framstående
371 894 52 26 läge,
450 900 24 14 en
499 894 148 21 dominerande
670 894 63 26 plats,
756 894 33 21 för
804 894 157 27 lämpligheten,
977 894 56 21 eller

204 924 98 20 tvärtom.
333 922 32 21 Då
388 929 28 14 nu
439 922 118 22 Ständerna
580 923 74 25 funnit,
671 925 32 18 att
719 922 149 28 lämpligheten
885 924 39 20 bör
938 924 68 20 sättas
1021 923 7 20 i

204 951 87 22 främsta
313 954 98 23 rummet,
429 952 72 25 tycker
516 952 42 26 jag,
575 954 31 18 att
621 952 105 21 utskottet
741 952 34 20 vid
791 952 36 20 sitt
844 952 32 21 val
892 952 72 21 träffat
980 951 48 22 full-

205 980 90 27 komligt
317 982 49 24 rätt,
391 980 38 21 och
453 980 81 26 hoppas
556 980 35 27 jag
614 980 68 25 äfven,
699 982 32 19 att
746 980 85 21 ståndet
847 981 53 20 skall
916 981 113 26 godkänna

205 1009 148 21 betänkandet.
384 1008 30 27 Ty
437 1008 53 21 skall
515 1011 30 19 ett
568 1009 127 21 ständerhus
717 1009 64 21 hinna
804 1009 100 26 uppföras
920 1009 31 21 till
968 1010 62 20 nästa

204 1037 109 26 landtdag,
337 1038 24 19 är
383 1037 36 21 det
439 1036 85 22 absolut
547 1038 72 25 nödigt
643 1040 31 18 att
691 1038 54 26 välja
761 1038 39 20 den
817 1038 22 20 af
853 1038 105 20 utskottet
974 1038 54 20 före-

205 1066 74 26 slagna
302 1065 89 27 platsen.
423 1066 64 20 Detta
511 1066 38 20 bör
566 1066 50 21 visst
639 1065 46 22 icke
709 1068 75 24 utgöra
807 1066 64 26 nägot
886 1066 45 22 skäl
949 1066 80 21 härför.

205 1094 48 21 Men
277 1095 12 20 &
312 1094 65 21 andra
401 1094 57 21 sidan
483 1095 41 19 kan
546 1095 36 27 jag
598 1095 45 21 icke
659 1094 62 24 finna,
738 1097 31 18 att
786 1094 68 21 denna
870 1096 54 26 plats
940 1101 49 15 vore
1005 1095 24 21 så

204 1122 88 22 alldeles
315 1122 101 27 olämplig
438 1122 33 21 för
490 1126 31 17 ett
537 1123 132 25 ständerhus,
685 1129 44 15 som
747 1123 49 21 herr
810 1124 96 26 Ignatius
922 1123 107 21 framhöll.

203 1151 98 21 Framför
324 1152 35 20 det
382 1152 83 20 komme
489 1154 32 18 att
535 1152 56 26 ligga
607 1158 24 14 en
649 1153 61 25 sgvär
726 1152 127 26 fullkomligt
865 1152 43 21 lika
922 1155 46 18 stor
982 1158 44 15 som

205 1180 47 24 den,
275 1180 84 20 hvilken
381 1182 23 17 är
420 1180 88 20 framför
524 1180 140 23 riddarhuset,
681 1180 38 21 och
736 1180 47 21 dess
799 1180 48 26 läge
862 1180 67 21 skulle
945 1181 60 20 äfven
1021 1181 8 19 i

203 1208 100 21 afseende
318 1209 13 20 å
347 1208 26 20 de
389 1208 161 27 kringliggande
566 1208 65 21 husen
648 1207 64 22 blifva
727 1208 128 27 fullkomiigt
870 1209 160 21 dominerande.

203 1236 41 27 Jag
267 1237 67 20 skulle
357 1236 26 26 på
406 1237 66 24 grund
495 1237 61 21 deraf
570 1237 85 25 föreslå,
671 1239 32 19 att
718 1237 178 26 Borgareståndet
912 1237 49 21 ville
976 1237 55 27 god-

204 1265 69 21 känna
289 1266 116 20 utskottets
421 1265 78 27 förslag
515 1266 5 20 i
538 1266 47 21 dess
601 1265 66 22 första
683 1268 98 19 moment.

272 1322 55 21 Herr
353 1317 134 30 Öhberg:
519 1323 110 20 Utskottet
656 1323 55 19 hade
733 1323 46 20 icke
801 1329 81 14 samma
904 1324 62 25 åsigt,
982 1329 46 14 som

204 1350 49 20 herr
274 1349 101 26 Ignatius,
391 1352 32 18 att
439 1350 35 20 det
490 1350 68 21 skulle
574 1350 101 21 behöfvas
691 1350 75 21 endast
782 1353 31 18 tre
829 1353 79 18 tomter
922 1351 6 20 i
945 1353 83 23 qvarte-

203 1381 31 17 ret
259 1377 112 22 Tumlaren
395 1378 32 20 för
449 1380 32 18 att
504 1378 149 21 ständerhuset
672 1378 68 21 skulle
756 1379 71 21 kunna
842 1379 28 27 på
885 1381 31 19 ett
932 1378 98 27 lämpligt

204 1408 43 19 sätt
270 1406 100 27 uppföras
394 1407 42 25 der,
460 1407 88 21 emedan
572 1407 104 21 utskottet
698 1407 72 27 ansåg,
785 1409 31 20 att
832 1408 59 21 detta
906 1407 40 22 hus
962 1407 67 22 borde

205 1435 101 28 uppföras
331 1436 46 20 icke
403 1436 60 25 längs
489 1439 71 23 gatan,
575 1438 52 19 utan
651 1437 48 20 inne
717 1437 27 26 på
759 1439 114 24 qvarteret,
890 1437 39 21 och
944 1437 85 21 således

205 1464 89 21 framför
316 1464 62 22 huset
401 1465 66 21 finnas
491 1472 24 14 en
533 1467 66 25 öppen
617 1465 61 26 plats.
709 1465 77 22 Derför
803 1467 65 20 måste
884 1466 21 21 af
920 1467 109 25 gvarteret

204 1499 44 15 mer
271 1495 25 19 än
318 1496 31 18 tre
365 1496 78 18 tomter
459 1494 96 26 inköpas.
585 1494 46 21 Den
647 1494 100 26 arkitekt,
763 1500 44 16 som
825 1495 79 21 lemnat
920 1496 39 20 den
974 1494 52 27 god-

204 1522 70 22 kända
298 1522 103 28 ritningen
425 1522 31 22 till
480 1522 133 28 ständerhus,
637 1530 36 15 var
694 1524 128 22 intresserad
839 1524 33 22 för
888 1524 67 22 denna
971 1524 59 27 plats
