1117 1798
313 126 179 21 Borgareståndet
503 116 59 32 1882.
586 126 24 18 13
620 126 49 22 maj.
851 120 54 24 1257

79 153 315 12 ERA
210 149 66 21 SEN
297 149 25 21 v
337 149 18 21 AN

125 210 2 2 :
152 194 56 23 Herr
229 194 168 28 Wallgren:
427 194 42 28 Jag
483 195 49 21 ville
546 194 101 23 särskildt
657 194 90 29 påpeka,
757 196 33 21 att
805 194 100 22 förhand-

82 223 99 29 lingarna
199 223 35 21 vid
256 223 130 22 åtminstone
407 224 68 21 första
497 223 133 27 afdelningen
649 223 24 22 af
686 223 107 22 allmänna
808 223 98 21 besvärs-

81 252 107 21 utskottet
202 253 38 20 äro
255 251 87 26 sådana,
356 254 33 19 att
405 252 36 20 det
455 252 76 22 verkar
553 252 84 27 mycket
651 252 122 26 obehagligt
788 252 29 28 på
831 252 27 22 de
872 257 34 15 re-

81 280 74 26 sultat,
177 279 34 22 till
233 279 72 23 hvilka
326 286 49 16 man
398 280 102 27 kommer,
516 286 34 17 om
570 280 87 26 ombyte
671 279 24 22 af
707 279 139 23 medlemmar
860 279 46 22 ofta

82 314 50 22 eger
146 314 55 16 rum.

150 365 57 24 Herr
229 366 144 26 Procopé:
403 365 41 28 Jag
465 372 63 16 anser
543 365 37 22 det
594 371 51 16 vara
659 364 47 24 skäl
721 366 32 20 att
769 364 54 28 välja
839 364 68 27 några

82 392 137 30 suppleanter
241 394 38 26 till,
302 400 49 16 men
373 395 32 21 att
427 394 108 22 bibehålla
549 394 50 22 herr
614 393 73 23 Florin
702 394 71 22 såsom
788 394 96 22 ledamot
898 394 7 21 i

81 420 107 25 allmänna
203 422 198 23 besvärsutskottet.

150 480 49 22 Med
216 480 154 27 öfvervägande
389 480 110 27 pluralitet
522 480 69 22 beslöt
612 479 86 23 ståndet
719 481 32 21 att
773 479 67 23 befria
855 479 51 23 herr

81 508 73 23 Florin
178 508 46 22 från
248 509 168 27 ledamotskapet
433 509 6 21 i
455 509 106 22 allmänna
583 508 199 26 besvärsutskottet,
797 508 40 22 och
853 514 52 21 upp-

82 538 64 26 drogs
161 537 55 28 förty
232 538 24 21 åt
276 538 133 22 elektorerne
432 540 33 19 att
479 539 7 21 i
501 538 50 21 herr
566 537 84 22 Florins
665 537 62 22 ställe
743 540 47 19 utse
805 543 27 22 ny
848 536 58 24 leda-

81 568 45 20 mot
140 566 7 21 i
162 566 66 27 sagda
240 567 90 21 utskott.

150 668 40 22 Till
204 669 105 28 justering
331 668 108 28 upplästes
462 670 67 26 några
550 669 197 27 protokollsutdrag
769 669 34 23 för
821 671 84 20 senaste

81 698 164 21 sammanträde.

149 794 57 22 Från
222 794 138 22 medstånden
383 794 54 22 hade
460 794 117 22 ankommit
592 794 93 28 följande
700 794 204 28 protokollsutdrag,

82 823 117 27 nämligen:

151 853 33 20 1:o
200 851 46 22 från
262 851 157 27 Ridderskapet
434 852 40 21 och
489 852 68 21 Adeln
572 852 33 22 för
621 852 39 21 den
676 852 13 22 8
704 852 87 25 dennes,
807 852 49 21 med
866 858 38 15 un-

81 880 126 23 derrättelse
222 886 34 16 om
271 880 96 22 ståndets
383 880 68 22 beslut
468 880 131 22 beträffande
611 880 106 22 allmänna
735 880 170 22 besvärsutskot-

82 911 42 21 tets
139 909 135 23 betänkande
289 909 41 22 N:o
347 910 26 21 14
387 909 40 22 och
442 915 81 16 samma
538 910 93 21 utskotts
645 909 260 28 sammanjemkningsför-

81 938 47 27 slag
142 938 7 21 i
164 937 114 27 anledning
293 938 24 21 af
329 937 101 23 ståndens
446 937 69 23 beslut
533 939 90 21 rörande
639 938 116 22 utskottets
769 938 136 22 betänkande

80 966 42 23 N:o
138 967 25 26 3;
179 966 108 22 äfvensom

152 997 33 20 2:o
201 995 47 22 från
264 995 162 22 Presteständet
440 995 33 21 för
489 1001 80 16 samma
584 995 49 26 dag,
654 995 139 22 meddelande
808 995 96 22 ständets

82 1024 70 22 beslut
167 1024 109 27 angående
297 1024 74 21 remiss
393 1023 23 22 af
429 1026 31 19 ett
478 1023 182 28 petitionsförslag
675 1024 22 21 af
711 1024 126 27 fältprosten
855 1024 49 21 Pet-

81 1054 72 20 terson
169 1059 34 15 om
219 1052 90 27 ändring
324 1052 23 22 af
363 1054 26 19 18
404 1051 13 29 &
432 1052 7 21 i
455 1051 199 28 värnepligtslagen.

150 1149 56 22 Herr
221 1149 129 22 Talmannen
366 1149 129 28 meddelade,
511 1151 33 20 att
558 1151 62 21 nästa
634 1149 85 28 plenum
732 1149 69 23 skulle
816 1149 67 22 hållas
897 1150 8 22 i

82 1177 78 28 Tisdag
175 1178 29 21 kl.
222 1179 23 20 11
264 1179 13 21 f.
295 1185 26 15 m.

150 1275 120 28 Föredrogs
291 1275 39 22 och
353 1276 113 22 bordlades
482 1275 33 23 till
536 1276 107 27 tisdagens
658 1275 157 23 sammanträde

150 1333 21 27 a)
187 1333 95 27 följande
297 1333 172 22 statsutskottets
485 1333 155 26 betänkanden,
656 1333 115 27 nämligen:

150 1389 40 22 N:o
208 1391 26 20 10
249 1390 6 21 i
270 1389 113 27 anledning
398 1390 23 21 af
435 1389 60 22 Hans
509 1389 118 28 Kejserliga
642 1389 112 28 Majestäts
769 1390 77 27 nådiga
856 1395 49 22 pro-

81 1418 93 27 position
196 1417 109 26 angående
327 1419 75 25 anslag
415 1418 24 21 af
459 1418 194 26 bevillningsmedel
676 1419 33 20 för
727 1418 178 21 folkskolornas
893 1413 15 36 i

76 1444 79 23 landet
175 1445 111 22 underhåll
308 1448 55 19 samt
383 1445 149 28 pensionering
553 1445 24 22 af
590 1446 41 21 den
653 1445 34 22 vid
703 1446 62 22 dessa
779 1446 74 21 skolor
868 1452 37 15 an-

81 1474 79 22 ställda
174 1475 206 26 lärarepersonalen;
