<?xml version="1.0" encoding="UTF-8"?>
<alto xmlns="http://www.loc.gov/standards/alto/ns-v3#" xmlns:xlink="http://www.w3.org/1999/xlink" xmlns:xsi="http://www.w3.org/2001/XMLSchema-instance" xsi:schemaLocation="http://www.loc.gov/standards/alto/ns-v3# http://www.loc.gov/alto/v3/alto-3-0.xsd">
	<Description>
		<MeasurementUnit>pixel</MeasurementUnit>
		<sourceImageInformation>
			<fileName>/tmp/tess_nmqb2n6h_input.PNG</fileName>
		</sourceImageInformation>
		<OCRProcessing ID="OCR_0">
			<ocrProcessingStep>
				<processingSoftware>
					<softwareName>tesseract 5.3.4</softwareName>
				</processingSoftware>
			</ocrProcessingStep>
		</OCRProcessing>
	</Description>
	<Layout>
		<Page WIDTH="1117" HEIGHT="1789" PHYSICAL_IMG_NR="0" ID="page_0">
			<PrintSpace HPOS="0" VPOS="0" WIDTH="1117" HEIGHT="1789">
				<ComposedBlock ID="cblock_0" HPOS="315" VPOS="126" WIDTH="596" HEIGHT="25">
					<TextBlock ID="block_0" HPOS="315" VPOS="126" WIDTH="596" HEIGHT="25">
						<TextLine ID="line_0" HPOS="315" VPOS="126" WIDTH="596" HEIGHT="25">
							<String ID="string_0" HPOS="315" VPOS="128" WIDTH="178" HEIGHT="21" WC="0.91" CONTENT="Borgareståndet"/><SP WIDTH="11" VPOS="128" HPOS="493"/>
							<String ID="string_1" HPOS="504" VPOS="130" WIDTH="57" HEIGHT="17" WC="0.95" CONTENT="1882."/><SP WIDTH="24" VPOS="130" HPOS="561"/>
							<String ID="string_2" HPOS="585" VPOS="130" WIDTH="23" HEIGHT="17" WC="0.96" CONTENT="21"/><SP WIDTH="13" VPOS="130" HPOS="608"/>
							<String ID="string_3" HPOS="621" VPOS="131" WIDTH="60" HEIGHT="20" WC="0.91" CONTENT="april."/><SP WIDTH="189" VPOS="131" HPOS="681"/>
							<String ID="string_4" HPOS="870" VPOS="126" WIDTH="41" HEIGHT="21" WC="0.96" CONTENT="905"/>
						</TextLine>
					</TextBlock>
				</ComposedBlock>
				<GraphicalElement ID="cblock_1" HPOS="148" VPOS="154" WIDTH="763" HEIGHT="9"></GraphicalElement >
				<ComposedBlock ID="cblock_2" HPOS="87" VPOS="195" WIDTH="825" HEIGHT="689">
					<TextBlock ID="block_1" HPOS="87" VPOS="195" WIDTH="825" HEIGHT="689">
						<TextLine ID="line_1" HPOS="89" VPOS="195" WIDTH="820" HEIGHT="31">
							<String ID="string_5" HPOS="89" VPOS="195" WIDTH="70" HEIGHT="23" WC="0.91" CONTENT="hällan"/><SP WIDTH="17" VPOS="195" HPOS="159"/>
							<String ID="string_6" HPOS="176" VPOS="203" WIDTH="34" HEIGHT="15" WC="0.93" CONTENT="om"/><SP WIDTH="16" VPOS="203" HPOS="210"/>
							<String ID="string_7" HPOS="226" VPOS="197" WIDTH="101" HEIGHT="26" WC="0.92" CONTENT="rättighet"/><SP WIDTH="16" VPOS="197" HPOS="327"/>
							<String ID="string_8" HPOS="343" VPOS="197" WIDTH="32" HEIGHT="22" WC="0.93" CONTENT="till"/><SP WIDTH="15" VPOS="197" HPOS="375"/>
							<String ID="string_9" HPOS="390" VPOS="197" WIDTH="66" HEIGHT="22" WC="0.93" CONTENT="sädan"/><SP WIDTH="16" VPOS="197" HPOS="456"/>
							<String ID="string_10" HPOS="472" VPOS="198" WIDTH="123" HEIGHT="27" WC="0.93" CONTENT="försäljning"/><SP WIDTH="14" VPOS="198" HPOS="595"/>
							<String ID="string_11" HPOS="609" VPOS="201" WIDTH="68" HEIGHT="25" WC="0.91" CONTENT="göres."/><SP WIDTH="23" VPOS="201" HPOS="677"/>
							<String ID="string_12" HPOS="700" VPOS="199" WIDTH="57" HEIGHT="21" WC="0.91" CONTENT="Eller"/><SP WIDTH="16" VPOS="199" HPOS="757"/>
							<String ID="string_13" HPOS="773" VPOS="199" WIDTH="79" HEIGHT="22" WC="0.93" CONTENT="kanske"/><SP WIDTH="16" VPOS="199" HPOS="852"/>
							<String ID="string_14" HPOS="868" VPOS="200" WIDTH="41" HEIGHT="21" WC="0.97" CONTENT="kan"/>
						</TextLine>
						<TextLine ID="line_2" HPOS="90" VPOS="226" WIDTH="819" HEIGHT="28">
							<String ID="string_15" HPOS="90" VPOS="231" WIDTH="47" HEIGHT="15" WC="0.93" CONTENT="man"/><SP WIDTH="17" VPOS="231" HPOS="137"/>
							<String ID="string_16" HPOS="154" VPOS="231" WIDTH="50" HEIGHT="16" WC="0.93" CONTENT="anse"/><SP WIDTH="16" VPOS="231" HPOS="204"/>
							<String ID="string_17" HPOS="220" VPOS="226" WIDTH="99" HEIGHT="21" WC="0.92" CONTENT="behofvet"/><SP WIDTH="15" VPOS="226" HPOS="319"/>
							<String ID="string_18" HPOS="334" VPOS="226" WIDTH="23" HEIGHT="21" WC="0.93" CONTENT="af"/><SP WIDTH="13" VPOS="226" HPOS="357"/>
							<String ID="string_19" HPOS="370" VPOS="226" WIDTH="229" HEIGHT="27" WC="0.88" CONTENT="utskänkningsställen"/><SP WIDTH="17" VPOS="226" HPOS="599"/>
							<String ID="string_20" HPOS="616" VPOS="227" WIDTH="137" HEIGHT="22" WC="0.92" CONTENT="framkalladt"/><SP WIDTH="13" VPOS="227" HPOS="753"/>
							<String ID="string_21" HPOS="766" VPOS="228" WIDTH="61" HEIGHT="21" WC="0.93" CONTENT="äfven"/><SP WIDTH="18" VPOS="228" HPOS="827"/>
							<String ID="string_22" HPOS="845" VPOS="229" WIDTH="64" HEIGHT="25" WC="0.93" CONTENT="deraf,"/>
						</TextLine>
						<TextLine ID="line_3" HPOS="90" VPOS="254" WIDTH="819" HEIGHT="27">
							<String ID="string_23" HPOS="90" VPOS="256" WIDTH="31" HEIGHT="18" WC="0.96" CONTENT="att"/><SP WIDTH="15" VPOS="256" HPOS="121"/>
							<String ID="string_24" HPOS="136" VPOS="260" WIDTH="48" HEIGHT="15" WC="0.96" CONTENT="man"/><SP WIDTH="16" VPOS="260" HPOS="184"/>
							<String ID="string_25" HPOS="200" VPOS="254" WIDTH="40" HEIGHT="21" WC="0.96" CONTENT="har"/><SP WIDTH="14" VPOS="254" HPOS="240"/>
							<String ID="string_26" HPOS="254" VPOS="255" WIDTH="32" HEIGHT="26" WC="0.93" CONTENT="sig"/><SP WIDTH="16" VPOS="255" HPOS="286"/>
							<String ID="string_27" HPOS="302" VPOS="254" WIDTH="80" HEIGHT="21" WC="0.92" CONTENT="bekant"/><SP WIDTH="19" VPOS="254" HPOS="382"/>
							<String ID="string_28" HPOS="401" VPOS="255" WIDTH="210" HEIGHT="22" WC="0.92" CONTENT="ölkonsumenternas"/><SP WIDTH="15" VPOS="255" HPOS="611"/>
							<String ID="string_29" HPOS="626" VPOS="256" WIDTH="83" HEIGHT="21" WC="0.93" CONTENT="tillväxt"/><SP WIDTH="15" VPOS="256" HPOS="709"/>
							<String ID="string_30" HPOS="724" VPOS="257" WIDTH="7" HEIGHT="20" WC="0.95" CONTENT="i"/><SP WIDTH="16" VPOS="257" HPOS="731"/>
							<String ID="string_31" HPOS="747" VPOS="257" WIDTH="39" HEIGHT="20" WC="0.96" CONTENT="den"/><SP WIDTH="17" VPOS="257" HPOS="786"/>
							<String ID="string_32" HPOS="803" VPOS="257" WIDTH="51" HEIGHT="20" WC="0.96" CONTENT="eller"/><SP WIDTH="15" VPOS="257" HPOS="854"/>
							<String ID="string_33" HPOS="869" VPOS="257" WIDTH="40" HEIGHT="21" WC="0.97" CONTENT="den"/>
						</TextLine>
						<TextLine ID="line_4" HPOS="90" VPOS="282" WIDTH="820" HEIGHT="28">
							<String ID="string_34" HPOS="90" VPOS="282" WIDTH="60" HEIGHT="21" WC="0.95" CONTENT="delen"/><SP WIDTH="16" VPOS="282" HPOS="150"/>
							<String ID="string_35" HPOS="166" VPOS="282" WIDTH="23" HEIGHT="21" WC="0.95" CONTENT="af"/><SP WIDTH="14" VPOS="282" HPOS="189"/>
							<String ID="string_36" HPOS="203" VPOS="283" WIDTH="84" HEIGHT="24" WC="0.93" CONTENT="staden;"/><SP WIDTH="16" VPOS="283" HPOS="287"/>
							<String ID="string_37" HPOS="303" VPOS="283" WIDTH="142" HEIGHT="26" WC="0.91" CONTENT="polismakten"/><SP WIDTH="24" VPOS="283" HPOS="445"/>
							<String ID="string_38" HPOS="469" VPOS="285" WIDTH="61" HEIGHT="20" WC="0.96" CONTENT="torde"/><SP WIDTH="22" VPOS="285" HPOS="530"/>
							<String ID="string_39" HPOS="552" VPOS="285" WIDTH="70" HEIGHT="20" WC="0.90" CONTENT="kunna"/><SP WIDTH="23" VPOS="285" HPOS="622"/>
							<String ID="string_40" HPOS="645" VPOS="284" WIDTH="88" HEIGHT="26" WC="0.90" CONTENT="upplysa"/><SP WIDTH="18" VPOS="284" HPOS="733"/>
							<String ID="string_41" HPOS="751" VPOS="285" WIDTH="159" HEIGHT="21" WC="0.96" CONTENT="vederbörande"/>
						</TextLine>
						<TextLine ID="line_5" HPOS="89" VPOS="310" WIDTH="821" HEIGHT="28">
							<String ID="string_42" HPOS="89" VPOS="317" WIDTH="34" HEIGHT="14" WC="0.92" CONTENT="om"/><SP WIDTH="16" VPOS="317" HPOS="123"/>
							<String ID="string_43" HPOS="139" VPOS="310" WIDTH="100" HEIGHT="22" WC="0.84" CONTENT="behofvet"/><SP WIDTH="15" VPOS="310" HPOS="239"/>
							<String ID="string_44" HPOS="254" VPOS="311" WIDTH="54" HEIGHT="21" WC="0.96" CONTENT="ifrån"/><SP WIDTH="16" VPOS="311" HPOS="308"/>
							<String ID="string_45" HPOS="324" VPOS="311" WIDTH="40" HEIGHT="21" WC="0.93" CONTENT="den"/><SP WIDTH="15" VPOS="311" HPOS="364"/>
							<String ID="string_46" HPOS="379" VPOS="311" WIDTH="140" HEIGHT="27" WC="0.93" CONTENT="synpunkten."/><SP WIDTH="30" VPOS="311" HPOS="519"/>
							<String ID="string_47" HPOS="549" VPOS="312" WIDTH="39" HEIGHT="26" WC="0.96" CONTENT="Jag"/><SP WIDTH="16" VPOS="312" HPOS="588"/>
							<String ID="string_48" HPOS="604" VPOS="319" WIDTH="62" HEIGHT="14" WC="0.93" CONTENT="anser"/><SP WIDTH="15" VPOS="319" HPOS="666"/>
							<String ID="string_49" HPOS="681" VPOS="313" WIDTH="78" HEIGHT="25" WC="0.96" CONTENT="derför,"/><SP WIDTH="16" VPOS="313" HPOS="759"/>
							<String ID="string_50" HPOS="775" VPOS="315" WIDTH="32" HEIGHT="19" WC="0.92" CONTENT="att"/><SP WIDTH="15" VPOS="315" HPOS="807"/>
							<String ID="string_51" HPOS="822" VPOS="313" WIDTH="88" HEIGHT="21" WC="0.91" CONTENT="initiati-"/>
						</TextLine>
						<TextLine ID="line_6" HPOS="89" VPOS="339" WIDTH="821" HEIGHT="28">
							<String ID="string_52" HPOS="89" VPOS="341" WIDTH="34" HEIGHT="19" WC="0.96" CONTENT="vet"/><SP WIDTH="15" VPOS="341" HPOS="123"/>
							<String ID="string_53" HPOS="138" VPOS="339" WIDTH="33" HEIGHT="21" WC="0.96" CONTENT="till"/><SP WIDTH="15" VPOS="339" HPOS="171"/>
							<String ID="string_54" HPOS="186" VPOS="339" WIDTH="147" HEIGHT="27" WC="0.96" CONTENT="fördelningen"/><SP WIDTH="16" VPOS="339" HPOS="333"/>
							<String ID="string_55" HPOS="349" VPOS="339" WIDTH="21" HEIGHT="22" WC="0.96" CONTENT="af"/><SP WIDTH="14" VPOS="339" HPOS="370"/>
							<String ID="string_56" HPOS="384" VPOS="340" WIDTH="67" HEIGHT="21" WC="0.93" CONTENT="denna"/><SP WIDTH="16" VPOS="340" HPOS="451"/>
							<String ID="string_57" HPOS="467" VPOS="341" WIDTH="256" HEIGHT="26" WC="0.92" CONTENT="utskärkningsrättighet"/><SP WIDTH="15" VPOS="341" HPOS="723"/>
							<String ID="string_58" HPOS="738" VPOS="341" WIDTH="39" HEIGHT="21" WC="0.93" CONTENT="bör"/><SP WIDTH="15" VPOS="341" HPOS="777"/>
							<String ID="string_59" HPOS="792" VPOS="341" WIDTH="80" HEIGHT="21" WC="0.92" CONTENT="lemnas"/><SP WIDTH="15" VPOS="341" HPOS="872"/>
							<String ID="string_60" HPOS="887" VPOS="343" WIDTH="23" HEIGHT="20" WC="0.96" CONTENT="ät"/>
						</TextLine>
						<TextLine ID="line_7" HPOS="90" VPOS="367" WIDTH="819" HEIGHT="30">
							<String ID="string_61" HPOS="90" VPOS="367" WIDTH="25" HEIGHT="22" WC="0.93" CONTENT="de"/><SP WIDTH="16" VPOS="367" HPOS="115"/>
							<String ID="string_62" HPOS="131" VPOS="368" WIDTH="105" HEIGHT="21" WC="0.92" CONTENT="enskildes"/><SP WIDTH="24" VPOS="368" HPOS="236"/>
							<String ID="string_63" HPOS="260" VPOS="367" WIDTH="157" HEIGHT="23" WC="0.91" CONTENT="förvärfsbehof"/><SP WIDTH="21" VPOS="367" HPOS="417"/>
							<String ID="string_64" HPOS="438" VPOS="369" WIDTH="39" HEIGHT="20" WC="0.96" CONTENT="och"/><SP WIDTH="23" VPOS="369" HPOS="477"/>
							<String ID="string_65" HPOS="500" VPOS="369" WIDTH="173" HEIGHT="27" WC="0.96" CONTENT="myndigheterna"/><SP WIDTH="22" VPOS="369" HPOS="673"/>
							<String ID="string_66" HPOS="695" VPOS="370" WIDTH="75" HEIGHT="21" WC="0.95" CONTENT="endast"/><SP WIDTH="23" VPOS="370" HPOS="770"/>
							<String ID="string_67" HPOS="793" VPOS="372" WIDTH="75" HEIGHT="25" WC="0.96" CONTENT="utgöra"/><SP WIDTH="16" VPOS="372" HPOS="868"/>
							<String ID="string_68" HPOS="884" VPOS="371" WIDTH="25" HEIGHT="20" WC="0.96" CONTENT="de"/>
						</TextLine>
						<TextLine ID="line_8" HPOS="90" VPOS="397" WIDTH="820" HEIGHT="28">
							<String ID="string_69" HPOS="90" VPOS="397" WIDTH="140" HEIGHT="25" WC="0.90" CONTENT="regulerande"/><SP WIDTH="22" VPOS="397" HPOS="230"/>
							<String ID="string_70" HPOS="252" VPOS="397" WIDTH="133" HEIGHT="27" WC="0.90" CONTENT="principerna"/><SP WIDTH="23" VPOS="397" HPOS="385"/>
							<String ID="string_71" HPOS="408" VPOS="397" WIDTH="79" HEIGHT="25" WC="0.91" CONTENT="dervid,"/><SP WIDTH="25" VPOS="397" HPOS="487"/>
							<String ID="string_72" HPOS="512" VPOS="398" WIDTH="38" HEIGHT="21" WC="0.93" CONTENT="och"/><SP WIDTH="23" VPOS="398" HPOS="550"/>
							<String ID="string_73" HPOS="573" VPOS="397" WIDTH="32" HEIGHT="22" WC="0.91" CONTENT="fär"/><SP WIDTH="20" VPOS="397" HPOS="605"/>
							<String ID="string_74" HPOS="625" VPOS="398" WIDTH="37" HEIGHT="27" WC="0.93" CONTENT="jag"/><SP WIDTH="23" VPOS="398" HPOS="662"/>
							<String ID="string_75" HPOS="685" VPOS="399" WIDTH="71" HEIGHT="20" WC="0.91" CONTENT="derför"/><SP WIDTH="22" VPOS="399" HPOS="756"/>
							<String ID="string_76" HPOS="778" VPOS="398" WIDTH="84" HEIGHT="27" WC="0.92" CONTENT="föreslä,"/><SP WIDTH="16" VPOS="398" HPOS="862"/>
							<String ID="string_77" HPOS="878" VPOS="401" WIDTH="32" HEIGHT="19" WC="0.96" CONTENT="att"/>
						</TextLine>
						<TextLine ID="line_9" HPOS="90" VPOS="425" WIDTH="820" HEIGHT="28">
							<String ID="string_78" HPOS="90" VPOS="425" WIDTH="68" HEIGHT="21" WC="0.93" CONTENT="denna"/><SP WIDTH="15" VPOS="425" HPOS="158"/>
							<String ID="string_79" HPOS="173" VPOS="426" WIDTH="99" HEIGHT="26" WC="0.91" CONTENT="paragraf"/><SP WIDTH="19" VPOS="426" HPOS="272"/>
							<String ID="string_80" HPOS="291" VPOS="426" WIDTH="67" HEIGHT="21" WC="0.93" CONTENT="skulle"/><SP WIDTH="23" VPOS="426" HPOS="358"/>
							<String ID="string_81" HPOS="381" VPOS="426" WIDTH="160" HEIGHT="21" WC="0.91" CONTENT="omformuleras"/><SP WIDTH="15" VPOS="426" HPOS="541"/>
							<String ID="string_82" HPOS="556" VPOS="427" WIDTH="5" HEIGHT="19" WC="0.96" CONTENT="i"/><SP WIDTH="17" VPOS="427" HPOS="561"/>
							<String ID="string_83" HPOS="578" VPOS="427" WIDTH="92" HEIGHT="25" WC="0.96" CONTENT="enlighet"/><SP WIDTH="16" VPOS="427" HPOS="670"/>
							<String ID="string_84" HPOS="686" VPOS="428" WIDTH="47" HEIGHT="20" WC="0.92" CONTENT="med"/><SP WIDTH="16" VPOS="428" HPOS="733"/>
							<String ID="string_85" HPOS="749" VPOS="428" WIDTH="10" HEIGHT="25" WC="0.92" CONTENT="$"/><SP WIDTH="15" VPOS="428" HPOS="759"/>
							<String ID="string_86" HPOS="774" VPOS="428" WIDTH="27" HEIGHT="20" WC="0.96" CONTENT="47"/><SP WIDTH="17" VPOS="428" HPOS="801"/>
							<String ID="string_87" HPOS="818" VPOS="434" WIDTH="63" HEIGHT="14" WC="0.96" CONTENT="mom."/><SP WIDTH="16" VPOS="434" HPOS="881"/>
							<String ID="string_88" HPOS="897" VPOS="428" WIDTH="13" HEIGHT="20" WC="0.96" CONTENT="2"/>
						</TextLine>
						<TextLine ID="line_10" HPOS="89" VPOS="453" WIDTH="821" HEIGHT="29">
							<String ID="string_89" HPOS="89" VPOS="454" WIDTH="5" HEIGHT="20" WC="0.94" CONTENT="i"/><SP WIDTH="18" VPOS="454" HPOS="94"/>
							<String ID="string_90" HPOS="112" VPOS="460" WIDTH="28" HEIGHT="15" WC="0.95" CONTENT="nu"/><SP WIDTH="14" VPOS="460" HPOS="140"/>
							<String ID="string_91" HPOS="154" VPOS="453" WIDTH="99" HEIGHT="27" WC="0.93" CONTENT="gällande"/><SP WIDTH="15" VPOS="453" HPOS="253"/>
							<String ID="string_92" HPOS="268" VPOS="454" WIDTH="210" HEIGHT="26" WC="0.92" CONTENT="brännvinsordning,"/><SP WIDTH="17" VPOS="454" HPOS="478"/>
							<String ID="string_93" HPOS="495" VPOS="455" WIDTH="79" HEIGHT="21" WC="0.91" CONTENT="hvilket"/><SP WIDTH="16" VPOS="455" HPOS="574"/>
							<String ID="string_94" HPOS="590" VPOS="456" WIDTH="93" HEIGHT="20" WC="0.96" CONTENT="moment"/><SP WIDTH="15" VPOS="456" HPOS="683"/>
							<String ID="string_95" HPOS="698" VPOS="458" WIDTH="23" HEIGHT="18" WC="0.96" CONTENT="är"/><SP WIDTH="16" VPOS="458" HPOS="721"/>
							<String ID="string_96" HPOS="737" VPOS="456" WIDTH="21" HEIGHT="20" WC="0.96" CONTENT="af"/><SP WIDTH="14" VPOS="456" HPOS="758"/>
							<String ID="string_97" HPOS="772" VPOS="455" WIDTH="91" HEIGHT="27" WC="0.93" CONTENT="följande"/><SP WIDTH="16" VPOS="455" HPOS="863"/>
							<String ID="string_98" HPOS="879" VPOS="456" WIDTH="31" HEIGHT="26" WC="0.92" CONTENT="ly-"/>
						</TextLine>
						<TextLine ID="line_11" HPOS="90" VPOS="478" WIDTH="819" HEIGHT="32">
							<String ID="string_99" HPOS="90" VPOS="482" WIDTH="67" HEIGHT="22" WC="0.92" CONTENT="delse:"/><SP WIDTH="17" VPOS="482" HPOS="157"/>
							<String ID="string_100" HPOS="174" VPOS="478" WIDTH="120" HEIGHT="31" WC="0.36" CONTENT=",Ästundar"/><SP WIDTH="17" VPOS="478" HPOS="294"/>
							<String ID="string_101" HPOS="311" VPOS="484" WIDTH="68" HEIGHT="24" WC="0.96" CONTENT="någon"/><SP WIDTH="16" VPOS="484" HPOS="379"/>
							<String ID="string_102" HPOS="395" VPOS="484" WIDTH="5" HEIGHT="20" WC="0.96" CONTENT="i"/><SP WIDTH="16" VPOS="484" HPOS="400"/>
							<String ID="string_103" HPOS="416" VPOS="483" WIDTH="49" HEIGHT="21" WC="0.92" CONTENT="stad"/><SP WIDTH="22" VPOS="483" HPOS="465"/>
							<String ID="string_104" HPOS="487" VPOS="485" WIDTH="70" HEIGHT="25" WC="0.92" CONTENT="öppna"/><SP WIDTH="16" VPOS="485" HPOS="557"/>
							<String ID="string_105" HPOS="573" VPOS="484" WIDTH="162" HEIGHT="26" WC="0.92" CONTENT="utskänknings-"/><SP WIDTH="16" VPOS="484" HPOS="735"/>
							<String ID="string_106" HPOS="751" VPOS="484" WIDTH="52" HEIGHT="21" WC="0.93" CONTENT="eller"/><SP WIDTH="15" VPOS="484" HPOS="803"/>
							<String ID="string_107" HPOS="818" VPOS="484" WIDTH="91" HEIGHT="21" WC="0.93" CONTENT="utminu-"/>
						</TextLine>
						<TextLine ID="line_12" HPOS="90" VPOS="512" WIDTH="819" HEIGHT="27">
							<String ID="string_108" HPOS="90" VPOS="512" WIDTH="164" HEIGHT="25" WC="0.91" CONTENT="teringsrörelse,"/><SP WIDTH="14" VPOS="512" HPOS="254"/>
							<String ID="string_109" HPOS="268" VPOS="512" WIDTH="91" HEIGHT="20" WC="0.91" CONTENT="inlemne"/><SP WIDTH="16" VPOS="512" HPOS="359"/>
							<String ID="string_110" HPOS="375" VPOS="512" WIDTH="71" HEIGHT="21" WC="0.92" CONTENT="derom"/><SP WIDTH="17" VPOS="512" HPOS="446"/>
							<String ID="string_111" HPOS="463" VPOS="512" WIDTH="65" HEIGHT="21" WC="0.92" CONTENT="sädan"/><SP WIDTH="16" VPOS="512" HPOS="528"/>
							<String ID="string_112" HPOS="544" VPOS="512" WIDTH="122" HEIGHT="26" WC="0.92" CONTENT="ansökning,"/><SP WIDTH="11" VPOS="512" HPOS="666"/>
							<String ID="string_113" HPOS="677" VPOS="519" WIDTH="45" HEIGHT="15" WC="0.93" CONTENT="som"/><SP WIDTH="17" VPOS="519" HPOS="722"/>
							<String ID="string_114" HPOS="739" VPOS="512" WIDTH="62" HEIGHT="22" WC="0.92" CONTENT="ofvan"/><SP WIDTH="17" VPOS="512" HPOS="801"/>
							<String ID="string_115" HPOS="818" VPOS="515" WIDTH="23" HEIGHT="19" WC="0.93" CONTENT="är"/><SP WIDTH="15" VPOS="515" HPOS="841"/>
							<String ID="string_116" HPOS="856" VPOS="516" WIDTH="53" HEIGHT="23" WC="0.92" CONTENT="sagt,"/>
						</TextLine>
						<TextLine ID="line_13" HPOS="88" VPOS="540" WIDTH="822" HEIGHT="27">
							<String ID="string_117" HPOS="88" VPOS="540" WIDTH="32" HEIGHT="27" WC="0.85" CONTENT="till"/><SP WIDTH="16" VPOS="540" HPOS="120"/>
							<String ID="string_118" HPOS="136" VPOS="540" WIDTH="112" HEIGHT="26" WC="0.93" CONTENT="Magistrat"/><SP WIDTH="16" VPOS="540" HPOS="248"/>
							<String ID="string_119" HPOS="264" VPOS="541" WIDTH="51" HEIGHT="21" WC="0.81" CONTENT="ellet"/><SP WIDTH="16" VPOS="541" HPOS="315"/>
							<String ID="string_120" HPOS="331" VPOS="540" WIDTH="156" HEIGHT="27" WC="0.89" CONTENT="Ordningsrätt,"/><SP WIDTH="16" VPOS="540" HPOS="487"/>
							<String ID="string_121" HPOS="503" VPOS="540" WIDTH="83" HEIGHT="22" WC="0.91" CONTENT="hvilken"/><SP WIDTH="23" VPOS="540" HPOS="586"/>
							<String ID="string_122" HPOS="609" VPOS="541" WIDTH="97" HEIGHT="21" WC="0.92" CONTENT="deröfver"/><SP WIDTH="16" VPOS="541" HPOS="706"/>
							<String ID="string_123" HPOS="722" VPOS="541" WIDTH="38" HEIGHT="21" WC="0.93" CONTENT="hör"/><SP WIDTH="15" VPOS="541" HPOS="760"/>
							<String ID="string_124" HPOS="775" VPOS="542" WIDTH="135" HEIGHT="20" WC="0.92" CONTENT="kommunen."/>
						</TextLine>
						<TextLine ID="line_14" HPOS="89" VPOS="569" WIDTH="821" HEIGHT="28">
							<String ID="string_125" HPOS="89" VPOS="569" WIDTH="43" HEIGHT="21" WC="0.88" CONTENT="Aro"/><SP WIDTH="24" VPOS="569" HPOS="132"/>
							<String ID="string_126" HPOS="156" VPOS="569" WIDTH="56" HEIGHT="21" WC="0.92" CONTENT="såväl"/><SP WIDTH="23" VPOS="569" HPOS="212"/>
							<String ID="string_127" HPOS="235" VPOS="569" WIDTH="132" HEIGHT="21" WC="0.89" CONTENT="kommunal-"/><SP WIDTH="20" VPOS="569" HPOS="367"/>
							<String ID="string_128" HPOS="387" VPOS="576" WIDTH="45" HEIGHT="14" WC="0.92" CONTENT="som"/><SP WIDTH="24" VPOS="576" HPOS="432"/>
							<String ID="string_129" HPOS="456" VPOS="570" WIDTH="162" HEIGHT="26" WC="0.95" CONTENT="stadsstyrelsen"/><SP WIDTH="23" VPOS="570" HPOS="618"/>
							<String ID="string_130" HPOS="641" VPOS="576" WIDTH="48" HEIGHT="15" WC="0.96" CONTENT="ense"/><SP WIDTH="16" VPOS="576" HPOS="689"/>
							<String ID="string_131" HPOS="705" VPOS="576" WIDTH="33" HEIGHT="15" WC="0.93" CONTENT="om"/><SP WIDTH="15" VPOS="576" HPOS="738"/>
							<String ID="string_132" HPOS="753" VPOS="570" WIDTH="157" HEIGHT="27" WC="0.91" CONTENT="ansökningens"/>
						</TextLine>
						<TextLine ID="line_15" HPOS="89" VPOS="598" WIDTH="823" HEIGHT="28">
							<String ID="string_133" HPOS="89" VPOS="598" WIDTH="143" HEIGHT="26" WC="0.92" CONTENT="förkastande,"/><SP WIDTH="16" VPOS="598" HPOS="232"/>
							<String ID="string_134" HPOS="248" VPOS="598" WIDTH="63" HEIGHT="21" WC="0.93" CONTENT="blifve"/><SP WIDTH="16" VPOS="598" HPOS="311"/>
							<String ID="string_135" HPOS="327" VPOS="598" WIDTH="72" HEIGHT="20" WC="0.90" CONTENT="dervid"/><SP WIDTH="23" VPOS="598" HPOS="399"/>
							<String ID="string_136" HPOS="422" VPOS="598" WIDTH="111" HEIGHT="24" WC="0.90" CONTENT="beroende,"/><SP WIDTH="17" VPOS="598" HPOS="533"/>
							<String ID="string_137" HPOS="550" VPOS="605" WIDTH="46" HEIGHT="15" WC="0.92" CONTENT="men"/><SP WIDTH="25" VPOS="605" HPOS="596"/>
							<String ID="string_138" HPOS="621" VPOS="599" WIDTH="115" HEIGHT="27" WC="0.88" CONTENT="tillstyrkes"/><SP WIDTH="16" VPOS="599" HPOS="736"/>
							<String ID="string_139" HPOS="752" VPOS="600" WIDTH="122" HEIGHT="20" WC="0.92" CONTENT="densamma"/><SP WIDTH="15" VPOS="600" HPOS="874"/>
							<String ID="string_140" HPOS="889" VPOS="598" WIDTH="23" HEIGHT="22" WC="0.97" CONTENT="af"/>
						</TextLine>
						<TextLine ID="line_16" HPOS="89" VPOS="626" WIDTH="821" HEIGHT="28">
							<String ID="string_141" HPOS="89" VPOS="626" WIDTH="77" HEIGHT="22" WC="0.92" CONTENT="endera"/><SP WIDTH="17" VPOS="626" HPOS="166"/>
							<String ID="string_142" HPOS="183" VPOS="627" WIDTH="51" HEIGHT="21" WC="0.89" CONTENT="eller"/><SP WIDTH="16" VPOS="627" HPOS="234"/>
							<String ID="string_143" HPOS="250" VPOS="627" WIDTH="61" HEIGHT="23" WC="0.92" CONTENT="bäda,"/><SP WIDTH="17" VPOS="627" HPOS="311"/>
							<String ID="string_144" HPOS="328" VPOS="626" WIDTH="38" HEIGHT="22" WC="0.93" CONTENT="bör"/><SP WIDTH="16" VPOS="626" HPOS="366"/>
							<String ID="string_145" HPOS="382" VPOS="627" WIDTH="71" HEIGHT="20" WC="0.92" CONTENT="derom"/><SP WIDTH="20" VPOS="627" HPOS="453"/>
							<String ID="string_146" HPOS="473" VPOS="627" WIDTH="94" HEIGHT="21" WC="0.92" CONTENT="anmälas"/><SP WIDTH="15" VPOS="627" HPOS="567"/>
							<String ID="string_147" HPOS="582" VPOS="627" WIDTH="39" HEIGHT="21" WC="0.93" CONTENT="hos"/><SP WIDTH="15" VPOS="627" HPOS="621"/>
							<String ID="string_148" HPOS="636" VPOS="628" WIDTH="161" HEIGHT="26" WC="0.90" CONTENT="Länestyrelsen"/><SP WIDTH="16" VPOS="628" HPOS="797"/>
							<String ID="string_149" HPOS="813" VPOS="627" WIDTH="39" HEIGHT="21" WC="0.91" CONTENT="och"/><SP WIDTH="16" VPOS="627" HPOS="852"/>
							<String ID="string_150" HPOS="868" VPOS="627" WIDTH="42" HEIGHT="21" WC="0.91" CONTENT="till-"/>
						</TextLine>
						<TextLine ID="line_17" HPOS="88" VPOS="654" WIDTH="821" HEIGHT="28">
							<String ID="string_151" HPOS="88" VPOS="655" WIDTH="44" HEIGHT="21" WC="0.93" CONTENT="lika"/><SP WIDTH="16" VPOS="655" HPOS="132"/>
							<String ID="string_152" HPOS="148" VPOS="654" WIDTH="89" HEIGHT="23" WC="0.93" CONTENT="föresläs"/><SP WIDTH="16" VPOS="654" HPOS="237"/>
							<String ID="string_153" HPOS="253" VPOS="656" WIDTH="57" HEIGHT="26" WC="0.96" CONTENT="läget"/><SP WIDTH="16" VPOS="656" HPOS="310"/>
							<String ID="string_154" HPOS="326" VPOS="655" WIDTH="33" HEIGHT="21" WC="0.93" CONTENT="för"/><SP WIDTH="14" VPOS="655" HPOS="359"/>
							<String ID="string_155" HPOS="373" VPOS="655" WIDTH="213" HEIGHT="27" WC="0.90" CONTENT="försäljningsstället."/><SP WIDTH="24" VPOS="655" HPOS="586"/>
							<String ID="string_156" HPOS="610" VPOS="656" WIDTH="161" HEIGHT="26" WC="0.93" CONTENT="Länestyrelsen"/><SP WIDTH="16" VPOS="656" HPOS="771"/>
							<String ID="string_157" HPOS="787" VPOS="656" WIDTH="63" HEIGHT="21" WC="0.93" CONTENT="fattar"/><SP WIDTH="12" VPOS="656" HPOS="850"/>
							<String ID="string_158" HPOS="862" VPOS="657" WIDTH="47" HEIGHT="20" WC="0.91" CONTENT="der-"/>
						</TextLine>
						<TextLine ID="line_18" HPOS="90" VPOS="683" WIDTH="820" HEIGHT="29">
							<String ID="string_159" HPOS="90" VPOS="684" WIDTH="54" HEIGHT="20" WC="0.96" CONTENT="efter"/><SP WIDTH="16" VPOS="684" HPOS="144"/>
							<String ID="string_160" HPOS="160" VPOS="684" WIDTH="69" HEIGHT="21" WC="0.96" CONTENT="beslut"/><SP WIDTH="15" VPOS="684" HPOS="229"/>
							<String ID="string_161" HPOS="244" VPOS="684" WIDTH="6" HEIGHT="20" WC="0.92" CONTENT="i"/><SP WIDTH="16" VPOS="684" HPOS="250"/>
							<String ID="string_162" HPOS="266" VPOS="687" WIDTH="71" HEIGHT="18" WC="0.96" CONTENT="ämnet"/><SP WIDTH="16" VPOS="687" HPOS="337"/>
							<String ID="string_163" HPOS="353" VPOS="684" WIDTH="39" HEIGHT="21" WC="0.93" CONTENT="och"/><SP WIDTH="16" VPOS="684" HPOS="392"/>
							<String ID="string_164" HPOS="408" VPOS="683" WIDTH="65" HEIGHT="27" WC="0.93" CONTENT="gifver"/><SP WIDTH="16" VPOS="683" HPOS="473"/>
							<String ID="string_165" HPOS="489" VPOS="684" WIDTH="35" HEIGHT="21" WC="0.93" CONTENT="det"/><SP WIDTH="15" VPOS="684" HPOS="524"/>
							<String ID="string_166" HPOS="539" VPOS="685" WIDTH="162" HEIGHT="26" WC="0.96" CONTENT="stadsstyrelsen"/><SP WIDTH="17" VPOS="685" HPOS="701"/>
							<String ID="string_167" HPOS="718" VPOS="685" WIDTH="121" HEIGHT="21" WC="0.90" CONTENT="tillkänna”."/><SP WIDTH="30" VPOS="685" HPOS="839"/>
							<String ID="string_168" HPOS="869" VPOS="685" WIDTH="41" HEIGHT="27" WC="0.96" CONTENT="Jag"/>
						</TextLine>
						<TextLine ID="line_19" HPOS="90" VPOS="712" WIDTH="819" HEIGHT="28">
							<String ID="string_169" HPOS="90" VPOS="713" WIDTH="88" HEIGHT="21" WC="0.93" CONTENT="föreslär"/><SP WIDTH="23" VPOS="713" HPOS="178"/>
							<String ID="string_170" HPOS="201" VPOS="714" WIDTH="68" HEIGHT="20" WC="0.93" CONTENT="denna"/><SP WIDTH="26" VPOS="714" HPOS="269"/>
							<String ID="string_171" HPOS="295" VPOS="712" WIDTH="172" HEIGHT="27" WC="0.91" CONTENT="omformulering"/><SP WIDTH="23" VPOS="712" HPOS="467"/>
							<String ID="string_172" HPOS="490" VPOS="714" WIDTH="46" HEIGHT="25" WC="0.96" CONTENT="med"/><SP WIDTH="24" VPOS="714" HPOS="536"/>
							<String ID="string_173" HPOS="560" VPOS="714" WIDTH="23" HEIGHT="20" WC="0.96" CONTENT="sä"/><SP WIDTH="22" VPOS="714" HPOS="583"/>
							<String ID="string_174" HPOS="605" VPOS="714" WIDTH="84" HEIGHT="26" WC="0.96" CONTENT="mycket"/><SP WIDTH="22" VPOS="714" HPOS="689"/>
							<String ID="string_175" HPOS="711" VPOS="716" WIDTH="69" HEIGHT="19" WC="0.96" CONTENT="större"/><SP WIDTH="15" VPOS="716" HPOS="780"/>
							<String ID="string_176" HPOS="795" VPOS="713" WIDTH="53" HEIGHT="25" WC="0.96" CONTENT="skäl,"/><SP WIDTH="16" VPOS="713" HPOS="848"/>
							<String ID="string_177" HPOS="864" VPOS="720" WIDTH="45" HEIGHT="15" WC="0.96" CONTENT="som"/>
						</TextLine>
						<TextLine ID="line_20" HPOS="88" VPOS="740" WIDTH="821" HEIGHT="28">
							<String ID="string_178" HPOS="88" VPOS="747" WIDTH="81" HEIGHT="15" WC="0.95" CONTENT="samma"/><SP WIDTH="15" VPOS="747" HPOS="169"/>
							<String ID="string_179" HPOS="184" VPOS="744" WIDTH="40" HEIGHT="24" WC="0.93" CONTENT="väg"/><SP WIDTH="15" VPOS="744" HPOS="224"/>
							<String ID="string_180" HPOS="239" VPOS="742" WIDTH="60" HEIGHT="21" WC="0.92" CONTENT="äfven"/><SP WIDTH="16" VPOS="742" HPOS="299"/>
							<String ID="string_181" HPOS="315" VPOS="742" WIDTH="67" HEIGHT="20" WC="0.90" CONTENT="finnes"/><SP WIDTH="15" VPOS="742" HPOS="382"/>
							<String ID="string_182" HPOS="397" VPOS="740" WIDTH="94" HEIGHT="28" WC="0.92" CONTENT="inslagen"/><SP WIDTH="16" VPOS="740" HPOS="491"/>
							<String ID="string_183" HPOS="507" VPOS="743" WIDTH="5" HEIGHT="19" WC="0.93" CONTENT="i"/><SP WIDTH="16" VPOS="743" HPOS="512"/>
							<String ID="string_184" HPOS="528" VPOS="742" WIDTH="101" HEIGHT="26" WC="0.93" CONTENT="förslaget"/><SP WIDTH="14" VPOS="742" HPOS="629"/>
							<String ID="string_185" HPOS="643" VPOS="742" WIDTH="33" HEIGHT="21" WC="0.93" CONTENT="till"/><SP WIDTH="16" VPOS="742" HPOS="676"/>
							<String ID="string_186" HPOS="692" VPOS="742" WIDTH="217" HEIGHT="22" WC="0.89" CONTENT="brännvinsutskänk-"/>
						</TextLine>
						<TextLine ID="line_21" HPOS="89" VPOS="770" WIDTH="821" HEIGHT="28">
							<String ID="string_187" HPOS="89" VPOS="770" WIDTH="190" HEIGHT="27" WC="0.91" CONTENT="ningsförordning."/><SP WIDTH="31" VPOS="770" HPOS="279"/>
							<String ID="string_188" HPOS="310" VPOS="770" WIDTH="74" HEIGHT="22" WC="0.91" CONTENT="Sävidt"/><SP WIDTH="15" VPOS="770" HPOS="384"/>
							<String ID="string_189" HPOS="399" VPOS="770" WIDTH="43" HEIGHT="26" WC="0.96" CONTENT="mig"/><SP WIDTH="15" VPOS="770" HPOS="442"/>
							<String ID="string_190" HPOS="457" VPOS="772" WIDTH="24" HEIGHT="20" WC="0.93" CONTENT="är"/><SP WIDTH="15" VPOS="772" HPOS="481"/>
							<String ID="string_191" HPOS="496" VPOS="770" WIDTH="85" HEIGHT="27" WC="0.92" CONTENT="bekant,"/><SP WIDTH="17" VPOS="770" HPOS="581"/>
							<String ID="string_192" HPOS="598" VPOS="771" WIDTH="38" HEIGHT="21" WC="0.96" CONTENT="har"/><SP WIDTH="16" VPOS="771" HPOS="636"/>
							<String ID="string_193" HPOS="652" VPOS="772" WIDTH="40" HEIGHT="20" WC="0.96" CONTENT="den"/><SP WIDTH="12" VPOS="772" HPOS="692"/>
							<String ID="string_194" HPOS="704" VPOS="773" WIDTH="73" HEIGHT="25" WC="0.93" CONTENT="vägen,"/><SP WIDTH="16" VPOS="773" HPOS="777"/>
							<String ID="string_195" HPOS="793" VPOS="771" WIDTH="117" HEIGHT="21" WC="0.93" CONTENT="tillsvidare"/>
						</TextLine>
						<TextLine ID="line_22" HPOS="87" VPOS="798" WIDTH="823" HEIGHT="28">
							<String ID="string_196" HPOS="87" VPOS="799" WIDTH="136" HEIGHT="25" WC="0.96" CONTENT="åtminstone,"/><SP WIDTH="17" VPOS="799" HPOS="223"/>
							<String ID="string_197" HPOS="240" VPOS="800" WIDTH="6" HEIGHT="20" WC="0.96" CONTENT="i"/><SP WIDTH="16" VPOS="800" HPOS="246"/>
							<String ID="string_198" HPOS="262" VPOS="800" WIDTH="36" HEIGHT="20" WC="0.93" CONTENT="det"/><SP WIDTH="15" VPOS="800" HPOS="298"/>
							<String ID="string_199" HPOS="313" VPOS="800" WIDTH="90" HEIGHT="25" WC="0.96" CONTENT="utskott,"/><SP WIDTH="17" VPOS="800" HPOS="403"/>
							<String ID="string_200" HPOS="420" VPOS="805" WIDTH="44" HEIGHT="15" WC="0.93" CONTENT="som"/><SP WIDTH="17" VPOS="805" HPOS="464"/>
							<String ID="string_201" HPOS="481" VPOS="798" WIDTH="129" HEIGHT="22" WC="0.90" CONTENT="behandladt"/><SP WIDTH="21" VPOS="798" HPOS="610"/>
							<String ID="string_202" HPOS="631" VPOS="800" WIDTH="80" HEIGHT="26" WC="0.96" CONTENT="frågan,"/><SP WIDTH="18" VPOS="800" HPOS="711"/>
							<String ID="string_203" HPOS="729" VPOS="800" WIDTH="68" HEIGHT="21" WC="0.93" CONTENT="blifvit"/><SP WIDTH="16" VPOS="800" HPOS="797"/>
							<String ID="string_204" HPOS="813" VPOS="799" WIDTH="97" HEIGHT="27" WC="0.86" CONTENT="öfvergif-"/>
						</TextLine>
						<TextLine ID="line_23" HPOS="89" VPOS="828" WIDTH="821" HEIGHT="27">
							<String ID="string_205" HPOS="89" VPOS="834" WIDTH="45" HEIGHT="19" WC="0.95" CONTENT="ven,"/><SP WIDTH="16" VPOS="834" HPOS="134"/>
							<String ID="string_206" HPOS="150" VPOS="828" WIDTH="38" HEIGHT="21" WC="0.96" CONTENT="och"/><SP WIDTH="16" VPOS="828" HPOS="188"/>
							<String ID="string_207" HPOS="204" VPOS="828" WIDTH="36" HEIGHT="27" WC="0.95" CONTENT="jag"/><SP WIDTH="21" VPOS="828" HPOS="240"/>
							<String ID="string_208" HPOS="261" VPOS="834" WIDTH="62" HEIGHT="15" WC="0.96" CONTENT="anser"/><SP WIDTH="23" VPOS="834" HPOS="323"/>
							<String ID="string_209" HPOS="346" VPOS="829" WIDTH="35" HEIGHT="19" WC="0.96" CONTENT="det"/><SP WIDTH="23" VPOS="829" HPOS="381"/>
							<String ID="string_210" HPOS="404" VPOS="834" WIDTH="50" HEIGHT="15" WC="0.96" CONTENT="vara"/><SP WIDTH="23" VPOS="834" HPOS="454"/>
							<String ID="string_211" HPOS="477" VPOS="828" WIDTH="52" HEIGHT="25" WC="0.95" CONTENT="skäl,"/><SP WIDTH="16" VPOS="828" HPOS="529"/>
							<String ID="string_212" HPOS="545" VPOS="831" WIDTH="32" HEIGHT="18" WC="0.93" CONTENT="att"/><SP WIDTH="16" VPOS="831" HPOS="577"/>
							<String ID="string_213" HPOS="593" VPOS="828" WIDTH="54" HEIGHT="22" WC="0.92" CONTENT="bäda"/><SP WIDTH="16" VPOS="828" HPOS="647"/>
							<String ID="string_214" HPOS="663" VPOS="829" WIDTH="61" HEIGHT="21" WC="0.93" CONTENT="dessa"/><SP WIDTH="15" VPOS="829" HPOS="724"/>
							<String ID="string_215" HPOS="739" VPOS="829" WIDTH="149" HEIGHT="26" WC="0.92" CONTENT="författningar"/><SP WIDTH="16" VPOS="829" HPOS="888"/>
							<String ID="string_216" HPOS="904" VPOS="828" WIDTH="6" HEIGHT="20" WC="0.96" CONTENT="i"/>
						</TextLine>
						<TextLine ID="line_24" HPOS="89" VPOS="856" WIDTH="381" HEIGHT="28">
							<String ID="string_217" HPOS="89" VPOS="856" WIDTH="75" HEIGHT="22" WC="0.96" CONTENT="sådant"/><SP WIDTH="15" VPOS="856" HPOS="164"/>
							<String ID="string_218" HPOS="179" VPOS="856" WIDTH="97" HEIGHT="22" WC="0.96" CONTENT="afseende"/><SP WIDTH="17" VPOS="856" HPOS="276"/>
							<String ID="string_219" HPOS="293" VPOS="859" WIDTH="36" HEIGHT="19" WC="0.96" CONTENT="äro"/><SP WIDTH="16" VPOS="859" HPOS="329"/>
							<String ID="string_220" HPOS="345" VPOS="856" WIDTH="125" HEIGHT="28" WC="0.87" CONTENT="likformiga,"/>
						</TextLine>
					</TextBlock>
				</ComposedBlock>
				<ComposedBlock ID="cblock_3" HPOS="90" VPOS="914" WIDTH="822" HEIGHT="370">
					<TextBlock ID="block_2" HPOS="90" VPOS="914" WIDTH="822" HEIGHT="370">
						<TextLine ID="line_25" HPOS="160" VPOS="914" WIDTH="752" HEIGHT="27">
							<String ID="string_221" HPOS="160" VPOS="914" WIDTH="55" HEIGHT="21" WC="0.96" CONTENT="Herr"/><SP WIDTH="16" VPOS="914" HPOS="215"/>
							<String ID="string_222" HPOS="231" VPOS="914" WIDTH="175" HEIGHT="22" WC="0.96" CONTENT="Lindblom:"/><SP WIDTH="31" VPOS="914" HPOS="406"/>
							<String ID="string_223" HPOS="437" VPOS="915" WIDTH="40" HEIGHT="26" WC="0.96" CONTENT="Jag"/><SP WIDTH="16" VPOS="915" HPOS="477"/>
							<String ID="string_224" HPOS="493" VPOS="914" WIDTH="40" HEIGHT="22" WC="0.96" CONTENT="kan"/><SP WIDTH="27" VPOS="914" HPOS="533"/>
							<String ID="string_225" HPOS="560" VPOS="915" WIDTH="18" HEIGHT="26" WC="0.95" CONTENT="ej"/><SP WIDTH="17" VPOS="915" HPOS="578"/>
							<String ID="string_226" HPOS="595" VPOS="914" WIDTH="32" HEIGHT="22" WC="0.96" CONTENT="till"/><SP WIDTH="16" VPOS="914" HPOS="627"/>
							<String ID="string_227" HPOS="643" VPOS="914" WIDTH="51" HEIGHT="21" WC="0.96" CONTENT="fullo"/><SP WIDTH="16" VPOS="914" HPOS="694"/>
							<String ID="string_228" HPOS="710" VPOS="915" WIDTH="113" HEIGHT="21" WC="0.96" CONTENT="instämma"/><SP WIDTH="15" VPOS="915" HPOS="823"/>
							<String ID="string_229" HPOS="838" VPOS="915" WIDTH="7" HEIGHT="20" WC="0.96" CONTENT="i"/><SP WIDTH="16" VPOS="915" HPOS="845"/>
							<String ID="string_230" HPOS="861" VPOS="914" WIDTH="51" HEIGHT="21" WC="0.96" CONTENT="herr"/>
						</TextLine>
						<TextLine ID="line_26" HPOS="90" VPOS="943" WIDTH="821" HEIGHT="27">
							<String ID="string_231" HPOS="90" VPOS="943" WIDTH="116" HEIGHT="21" WC="0.91" CONTENT="Stenbäcks"/><SP WIDTH="24" VPOS="943" HPOS="206"/>
							<String ID="string_232" HPOS="230" VPOS="943" WIDTH="83" HEIGHT="27" WC="0.93" CONTENT="förslag."/><SP WIDTH="30" VPOS="943" HPOS="313"/>
							<String ID="string_233" HPOS="343" VPOS="944" WIDTH="42" HEIGHT="26" WC="0.96" CONTENT="Jag"/><SP WIDTH="23" VPOS="944" HPOS="385"/>
							<String ID="string_234" HPOS="408" VPOS="943" WIDTH="67" HEIGHT="21" WC="0.96" CONTENT="skulle"/><SP WIDTH="16" VPOS="943" HPOS="475"/>
							<String ID="string_235" HPOS="491" VPOS="944" WIDTH="48" HEIGHT="25" WC="0.96" CONTENT="vilja"/><SP WIDTH="23" VPOS="944" HPOS="539"/>
							<String ID="string_236" HPOS="562" VPOS="943" WIDTH="107" HEIGHT="21" WC="0.96" CONTENT="bibehålla"/><SP WIDTH="22" VPOS="943" HPOS="669"/>
							<String ID="string_237" HPOS="691" VPOS="944" WIDTH="22" HEIGHT="20" WC="0.96" CONTENT="åt"/><SP WIDTH="22" VPOS="944" HPOS="713"/>
							<String ID="string_238" HPOS="735" VPOS="943" WIDTH="176" HEIGHT="27" WC="0.96" CONTENT="myndigheterna"/>
						</TextLine>
						<TextLine ID="line_27" HPOS="90" VPOS="972" WIDTH="820" HEIGHT="26">
							<String ID="string_239" HPOS="90" VPOS="974" WIDTH="43" HEIGHT="19" WC="0.96" CONTENT="rätt"/><SP WIDTH="15" VPOS="974" HPOS="133"/>
							<String ID="string_240" HPOS="148" VPOS="975" WIDTH="32" HEIGHT="17" WC="0.96" CONTENT="att"/><SP WIDTH="16" VPOS="975" HPOS="180"/>
							<String ID="string_241" HPOS="196" VPOS="972" WIDTH="117" HEIGHT="21" WC="0.92" CONTENT="bestämma"/><SP WIDTH="23" VPOS="972" HPOS="313"/>
							<String ID="string_242" HPOS="336" VPOS="972" WIDTH="154" HEIGHT="21" WC="0.89" CONTENT="dislokationen"/><SP WIDTH="16" VPOS="972" HPOS="490"/>
							<String ID="string_243" HPOS="506" VPOS="972" WIDTH="23" HEIGHT="20" WC="0.95" CONTENT="af"/><SP WIDTH="20" VPOS="972" HPOS="529"/>
							<String ID="string_244" HPOS="549" VPOS="973" WIDTH="60" HEIGHT="20" WC="0.93" CONTENT="dessa"/><SP WIDTH="23" VPOS="973" HPOS="609"/>
							<String ID="string_245" HPOS="632" VPOS="972" WIDTH="217" HEIGHT="26" WC="0.92" CONTENT="försäljningsställen,"/><SP WIDTH="14" VPOS="972" HPOS="849"/>
							<String ID="string_246" HPOS="863" VPOS="978" WIDTH="47" HEIGHT="15" WC="0.96" CONTENT="men"/>
						</TextLine>
						<TextLine ID="line_28" HPOS="90" VPOS="1000" WIDTH="821" HEIGHT="28">
							<String ID="string_247" HPOS="90" VPOS="1000" WIDTH="46" HEIGHT="21" WC="0.96" CONTENT="icke"/><SP WIDTH="15" VPOS="1000" HPOS="136"/>
							<String ID="string_248" HPOS="151" VPOS="1002" WIDTH="32" HEIGHT="19" WC="0.96" CONTENT="att"/><SP WIDTH="16" VPOS="1002" HPOS="183"/>
							<String ID="string_249" HPOS="199" VPOS="1000" WIDTH="117" HEIGHT="21" WC="0.96" CONTENT="bestämma"/><SP WIDTH="25" VPOS="1000" HPOS="316"/>
							<String ID="string_250" HPOS="341" VPOS="1001" WIDTH="53" HEIGHT="20" WC="0.96" CONTENT="huru"/><SP WIDTH="24" VPOS="1001" HPOS="394"/>
							<String ID="string_251" HPOS="418" VPOS="1000" WIDTH="75" HEIGHT="27" WC="0.92" CONTENT="många"/><SP WIDTH="23" VPOS="1000" HPOS="493"/>
							<String ID="string_252" HPOS="516" VPOS="1000" WIDTH="232" HEIGHT="28" WC="0.88" CONTENT="ölförsäljningsställen"/><SP WIDTH="18" VPOS="1000" HPOS="748"/>
							<String ID="string_253" HPOS="766" VPOS="1001" WIDTH="61" HEIGHT="20" WC="0.96" CONTENT="skola"/><SP WIDTH="16" VPOS="1001" HPOS="827"/>
							<String ID="string_254" HPOS="843" VPOS="1000" WIDTH="68" HEIGHT="21" WC="0.96" CONTENT="finnas"/>
						</TextLine>
						<TextLine ID="line_29" HPOS="90" VPOS="1029" WIDTH="821" HEIGHT="26">
							<String ID="string_255" HPOS="90" VPOS="1029" WIDTH="50" HEIGHT="21" WC="0.96" CONTENT="eller"/><SP WIDTH="10" VPOS="1029" HPOS="140"/>
							<String ID="string_256" HPOS="150" VPOS="1029" WIDTH="76" HEIGHT="26" WC="0.96" CONTENT="dylikt;"/><SP WIDTH="12" VPOS="1029" HPOS="226"/>
							<String ID="string_257" HPOS="238" VPOS="1030" WIDTH="35" HEIGHT="20" WC="0.96" CONTENT="det"/><SP WIDTH="12" VPOS="1030" HPOS="273"/>
							<String ID="string_258" HPOS="285" VPOS="1031" WIDTH="34" HEIGHT="19" WC="0.96" CONTENT="må"/><SP WIDTH="11" VPOS="1031" HPOS="319"/>
							<String ID="string_259" HPOS="330" VPOS="1030" WIDTH="39" HEIGHT="20" WC="0.96" CONTENT="den"/><SP WIDTH="12" VPOS="1030" HPOS="369"/>
							<String ID="string_260" HPOS="381" VPOS="1029" WIDTH="96" HEIGHT="22" WC="0.96" CONTENT="enskilda"/><SP WIDTH="11" VPOS="1029" HPOS="477"/>
							<String ID="string_261" HPOS="488" VPOS="1029" WIDTH="157" HEIGHT="21" WC="0.96" CONTENT="konkurrensen"/><SP WIDTH="12" VPOS="1029" HPOS="645"/>
							<String ID="string_262" HPOS="657" VPOS="1031" WIDTH="57" HEIGHT="24" WC="0.96" CONTENT="göra."/><SP WIDTH="24" VPOS="1031" HPOS="714"/>
							<String ID="string_263" HPOS="738" VPOS="1029" WIDTH="48" HEIGHT="21" WC="0.96" CONTENT="Men"/><SP WIDTH="12" VPOS="1029" HPOS="786"/>
							<String ID="string_264" HPOS="798" VPOS="1030" WIDTH="35" HEIGHT="20" WC="0.96" CONTENT="det"/><SP WIDTH="11" VPOS="1030" HPOS="833"/>
							<String ID="string_265" HPOS="844" VPOS="1029" WIDTH="67" HEIGHT="21" WC="0.95" CONTENT="finnes"/>
						</TextLine>
						<TextLine ID="line_30" HPOS="90" VPOS="1057" WIDTH="821" HEIGHT="27">
							<String ID="string_266" HPOS="90" VPOS="1058" WIDTH="54" HEIGHT="21" WC="0.96" CONTENT="dock"/><SP WIDTH="16" VPOS="1058" HPOS="144"/>
							<String ID="string_267" HPOS="160" VPOS="1057" WIDTH="179" HEIGHT="27" WC="0.96" CONTENT="omständigheter"/><SP WIDTH="15" VPOS="1057" HPOS="339"/>
							<String ID="string_268" HPOS="354" VPOS="1058" WIDTH="57" HEIGHT="21" WC="0.96" CONTENT="inom"/><SP WIDTH="16" VPOS="1058" HPOS="411"/>
							<String ID="string_269" HPOS="427" VPOS="1064" WIDTH="24" HEIGHT="15" WC="0.96" CONTENT="en"/><SP WIDTH="17" VPOS="1064" HPOS="451"/>
							<String ID="string_270" HPOS="468" VPOS="1058" WIDTH="159" HEIGHT="21" WC="0.96" CONTENT="stadskommun"/><SP WIDTH="17" VPOS="1058" HPOS="627"/>
							<String ID="string_271" HPOS="644" VPOS="1058" WIDTH="47" HEIGHT="21" WC="0.96" CONTENT="med"/><SP WIDTH="15" VPOS="1058" HPOS="691"/>
							<String ID="string_272" HPOS="706" VPOS="1064" WIDTH="25" HEIGHT="14" WC="0.95" CONTENT="en"/><SP WIDTH="16" VPOS="1064" HPOS="731"/>
							<String ID="string_273" HPOS="747" VPOS="1058" WIDTH="117" HEIGHT="21" WC="0.93" CONTENT="vidsträckt"/><SP WIDTH="15" VPOS="1058" HPOS="864"/>
							<String ID="string_274" HPOS="879" VPOS="1060" WIDTH="32" HEIGHT="18" WC="0.92" CONTENT="ut-"/>
						</TextLine>
						<TextLine ID="line_31" HPOS="91" VPOS="1086" WIDTH="820" HEIGHT="27">
							<String ID="string_275" HPOS="91" VPOS="1086" WIDTH="129" HEIGHT="27" WC="0.94" CONTENT="sträckning,"/><SP WIDTH="17" VPOS="1086" HPOS="220"/>
							<String ID="string_276" HPOS="237" VPOS="1092" WIDTH="43" HEIGHT="15" WC="0.96" CONTENT="som"/><SP WIDTH="17" VPOS="1092" HPOS="280"/>
							<String ID="string_277" HPOS="297" VPOS="1089" WIDTH="38" HEIGHT="24" WC="0.96" CONTENT="gör"/><SP WIDTH="24" VPOS="1089" HPOS="335"/>
							<String ID="string_278" HPOS="359" VPOS="1087" WIDTH="36" HEIGHT="20" WC="0.95" CONTENT="det"/><SP WIDTH="22" VPOS="1087" HPOS="395"/>
							<String ID="string_279" HPOS="417" VPOS="1086" WIDTH="92" HEIGHT="21" WC="0.93" CONTENT="särdeles"/><SP WIDTH="23" VPOS="1086" HPOS="509"/>
							<String ID="string_280" HPOS="532" VPOS="1086" WIDTH="93" HEIGHT="27" WC="0.91" CONTENT="olägligt,"/><SP WIDTH="17" VPOS="1086" HPOS="625"/>
							<String ID="string_281" HPOS="642" VPOS="1088" WIDTH="33" HEIGHT="18" WC="0.97" CONTENT="att"/><SP WIDTH="15" VPOS="1088" HPOS="675"/>
							<String ID="string_282" HPOS="690" VPOS="1086" WIDTH="61" HEIGHT="21" WC="0.93" CONTENT="dessa"/><SP WIDTH="16" VPOS="1086" HPOS="751"/>
							<String ID="string_283" HPOS="767" VPOS="1086" WIDTH="144" HEIGHT="27" WC="0.91" CONTENT="försäljnings-"/>
						</TextLine>
						<TextLine ID="line_32" HPOS="91" VPOS="1115" WIDTH="820" HEIGHT="26">
							<String ID="string_284" HPOS="91" VPOS="1115" WIDTH="75" HEIGHT="21" WC="0.92" CONTENT="ställen"/><SP WIDTH="17" VPOS="1115" HPOS="166"/>
							<String ID="string_285" HPOS="183" VPOS="1115" WIDTH="61" HEIGHT="20" WC="0.93" CONTENT="skola"/><SP WIDTH="15" VPOS="1115" HPOS="244"/>
							<String ID="string_286" HPOS="259" VPOS="1115" WIDTH="20" HEIGHT="20" WC="0.93" CONTENT="fä"/><SP WIDTH="17" VPOS="1115" HPOS="279"/>
							<String ID="string_287" HPOS="296" VPOS="1115" WIDTH="94" HEIGHT="26" WC="0.92" CONTENT="placeras"/><SP WIDTH="20" VPOS="1115" HPOS="390"/>
							<String ID="string_288" HPOS="410" VPOS="1115" WIDTH="51" HEIGHT="20" WC="0.91" CONTENT="hvar"/><SP WIDTH="16" VPOS="1115" HPOS="461"/>
							<String ID="string_289" HPOS="477" VPOS="1121" WIDTH="44" HEIGHT="15" WC="0.96" CONTENT="som"/><SP WIDTH="17" VPOS="1121" HPOS="521"/>
							<String ID="string_290" HPOS="538" VPOS="1115" WIDTH="61" HEIGHT="21" WC="0.93" CONTENT="helst."/><SP WIDTH="31" VPOS="1115" HPOS="599"/>
							<String ID="string_291" HPOS="630" VPOS="1115" WIDTH="33" HEIGHT="20" WC="0.91" CONTENT="Dä"/><SP WIDTH="15" VPOS="1115" HPOS="663"/>
							<String ID="string_292" HPOS="678" VPOS="1115" WIDTH="233" HEIGHT="26" WC="0.91" CONTENT="stadsmyndigheterna"/>
						</TextLine>
						<TextLine ID="line_33" HPOS="90" VPOS="1142" WIDTH="820" HEIGHT="28">
							<String ID="string_293" HPOS="90" VPOS="1149" WIDTH="38" HEIGHT="21" WC="0.92" CONTENT="ega"/><SP WIDTH="16" VPOS="1149" HPOS="128"/>
							<String ID="string_294" HPOS="144" VPOS="1144" WIDTH="43" HEIGHT="19" WC="0.96" CONTENT="rätt"/><SP WIDTH="15" VPOS="1144" HPOS="187"/>
							<String ID="string_295" HPOS="202" VPOS="1146" WIDTH="32" HEIGHT="18" WC="0.93" CONTENT="att"/><SP WIDTH="16" VPOS="1146" HPOS="234"/>
							<String ID="string_296" HPOS="250" VPOS="1144" WIDTH="73" HEIGHT="25" WC="0.93" CONTENT="pröfva"/><SP WIDTH="16" VPOS="1144" HPOS="323"/>
							<String ID="string_297" HPOS="339" VPOS="1144" WIDTH="39" HEIGHT="20" WC="0.96" CONTENT="den"/><SP WIDTH="16" VPOS="1144" HPOS="378"/>
							<String ID="string_298" HPOS="394" VPOS="1149" WIDTH="88" HEIGHT="20" WC="0.93" CONTENT="persons"/><SP WIDTH="16" VPOS="1149" HPOS="482"/>
							<String ID="string_299" HPOS="498" VPOS="1143" WIDTH="93" HEIGHT="26" WC="0.91" CONTENT="gvalitet,"/><SP WIDTH="17" VPOS="1143" HPOS="591"/>
							<String ID="string_300" HPOS="608" VPOS="1149" WIDTH="44" HEIGHT="15" WC="0.97" CONTENT="som"/><SP WIDTH="13" VPOS="1149" HPOS="652"/>
							<String ID="string_301" HPOS="665" VPOS="1142" WIDTH="53" HEIGHT="21" WC="0.93" CONTENT="skall"/><SP WIDTH="17" VPOS="1142" HPOS="718"/>
							<String ID="string_302" HPOS="735" VPOS="1143" WIDTH="78" HEIGHT="21" WC="0.92" CONTENT="förestä"/><SP WIDTH="16" VPOS="1143" HPOS="813"/>
							<String ID="string_303" HPOS="829" VPOS="1143" WIDTH="81" HEIGHT="26" WC="0.93" CONTENT="försälj-"/>
						</TextLine>
						<TextLine ID="line_34" HPOS="91" VPOS="1171" WIDTH="819" HEIGHT="27">
							<String ID="string_304" HPOS="91" VPOS="1172" WIDTH="83" HEIGHT="25" WC="0.91" CONTENT="ningen,"/><SP WIDTH="16" VPOS="1172" HPOS="174"/>
							<String ID="string_305" HPOS="190" VPOS="1178" WIDTH="62" HEIGHT="14" WC="0.96" CONTENT="anser"/><SP WIDTH="20" VPOS="1178" HPOS="252"/>
							<String ID="string_306" HPOS="272" VPOS="1172" WIDTH="36" HEIGHT="26" WC="0.93" CONTENT="jag"/><SP WIDTH="23" VPOS="1172" HPOS="308"/>
							<String ID="string_307" HPOS="331" VPOS="1172" WIDTH="62" HEIGHT="21" WC="0.93" CONTENT="äfven"/><SP WIDTH="16" VPOS="1172" HPOS="393"/>
							<String ID="string_308" HPOS="409" VPOS="1178" WIDTH="50" HEIGHT="14" WC="0.96" CONTENT="vara"/><SP WIDTH="24" VPOS="1178" HPOS="459"/>
							<String ID="string_309" HPOS="483" VPOS="1172" WIDTH="42" HEIGHT="21" WC="0.91" CONTENT="lika"/><SP WIDTH="24" VPOS="1172" HPOS="525"/>
							<String ID="string_310" HPOS="549" VPOS="1172" WIDTH="80" HEIGHT="26" WC="0.91" CONTENT="vigtigt,"/><SP WIDTH="15" VPOS="1172" HPOS="629"/>
							<String ID="string_311" HPOS="644" VPOS="1173" WIDTH="31" HEIGHT="19" WC="0.97" CONTENT="att"/><SP WIDTH="15" VPOS="1173" HPOS="675"/>
							<String ID="string_312" HPOS="690" VPOS="1171" WIDTH="174" HEIGHT="27" WC="0.93" CONTENT="myndigheterna"/><SP WIDTH="16" VPOS="1171" HPOS="864"/>
							<String ID="string_313" HPOS="880" VPOS="1172" WIDTH="30" HEIGHT="20" WC="0.93" CONTENT="in-"/>
						</TextLine>
						<TextLine ID="line_35" HPOS="90" VPOS="1200" WIDTH="821" HEIGHT="27">
							<String ID="string_314" HPOS="90" VPOS="1206" WIDTH="92" HEIGHT="21" WC="0.90" CONTENT="rymmas"/><SP WIDTH="16" VPOS="1206" HPOS="182"/>
							<String ID="string_315" HPOS="198" VPOS="1201" WIDTH="36" HEIGHT="20" WC="0.96" CONTENT="det"/><SP WIDTH="15" VPOS="1201" HPOS="234"/>
							<String ID="string_316" HPOS="249" VPOS="1203" WIDTH="32" HEIGHT="18" WC="0.92" CONTENT="att"/><SP WIDTH="16" VPOS="1203" HPOS="281"/>
							<String ID="string_317" HPOS="297" VPOS="1201" WIDTH="62" HEIGHT="20" WC="0.92" CONTENT="hafva"/><SP WIDTH="16" VPOS="1201" HPOS="359"/>
							<String ID="string_318" HPOS="375" VPOS="1202" WIDTH="30" HEIGHT="19" WC="0.92" CONTENT="ett"/><SP WIDTH="17" VPOS="1202" HPOS="405"/>
							<String ID="string_319" HPOS="422" VPOS="1200" WIDTH="115" HEIGHT="26" WC="0.91" CONTENT="afgörande"/><SP WIDTH="22" VPOS="1200" HPOS="537"/>
							<String ID="string_320" HPOS="559" VPOS="1200" WIDTH="99" HEIGHT="27" WC="0.92" CONTENT="yttrande"/><SP WIDTH="23" VPOS="1200" HPOS="658"/>
							<String ID="string_321" HPOS="681" VPOS="1201" WIDTH="90" HEIGHT="20" WC="0.92" CONTENT="rörande"/><SP WIDTH="17" VPOS="1201" HPOS="771"/>
							<String ID="string_322" HPOS="788" VPOS="1200" WIDTH="123" HEIGHT="21" WC="0.92" CONTENT="dislokatio-"/>
						</TextLine>
						<TextLine ID="line_36" HPOS="90" VPOS="1229" WIDTH="821" HEIGHT="26">
							<String ID="string_323" HPOS="90" VPOS="1235" WIDTH="47" HEIGHT="17" WC="0.96" CONTENT="nen,"/><SP WIDTH="16" VPOS="1235" HPOS="137"/>
							<String ID="string_324" HPOS="153" VPOS="1229" WIDTH="39" HEIGHT="20" WC="0.96" CONTENT="och"/><SP WIDTH="16" VPOS="1229" HPOS="192"/>
							<String ID="string_325" HPOS="208" VPOS="1229" WIDTH="68" HEIGHT="20" WC="0.96" CONTENT="skulle"/><SP WIDTH="13" VPOS="1229" HPOS="276"/>
							<String ID="string_326" HPOS="289" VPOS="1229" WIDTH="37" HEIGHT="26" WC="0.89" CONTENT="jag"/><SP WIDTH="23" VPOS="1229" HPOS="326"/>
							<String ID="string_327" HPOS="349" VPOS="1229" WIDTH="71" HEIGHT="21" WC="0.96" CONTENT="derför"/><SP WIDTH="16" VPOS="1229" HPOS="420"/>
							<String ID="string_328" HPOS="436" VPOS="1235" WIDTH="56" HEIGHT="20" WC="0.96" CONTENT="anse,"/><SP WIDTH="16" VPOS="1235" HPOS="492"/>
							<String ID="string_329" HPOS="508" VPOS="1231" WIDTH="31" HEIGHT="18" WC="0.93" CONTENT="att"/><SP WIDTH="16" VPOS="1231" HPOS="539"/>
							<String ID="string_330" HPOS="555" VPOS="1231" WIDTH="114" HEIGHT="19" WC="0.96" CONTENT="momentet"/><SP WIDTH="16" VPOS="1231" HPOS="669"/>
							<String ID="string_331" HPOS="685" VPOS="1229" WIDTH="66" HEIGHT="20" WC="0.93" CONTENT="borde"/><SP WIDTH="19" VPOS="1229" HPOS="751"/>
							<String ID="string_332" HPOS="770" VPOS="1229" WIDTH="141" HEIGHT="21" WC="0.92" CONTENT="äterremitte-"/>
						</TextLine>
						<TextLine ID="line_37" HPOS="90" VPOS="1257" WIDTH="503" HEIGHT="27">
							<String ID="string_333" HPOS="90" VPOS="1263" WIDTH="34" HEIGHT="16" WC="0.96" CONTENT="ras"/><SP WIDTH="17" VPOS="1263" HPOS="124"/>
							<String ID="string_334" HPOS="141" VPOS="1258" WIDTH="5" HEIGHT="20" WC="0.96" CONTENT="i"/><SP WIDTH="17" VPOS="1258" HPOS="146"/>
							<String ID="string_335" HPOS="163" VPOS="1258" WIDTH="38" HEIGHT="21" WC="0.96" CONTENT="och"/><SP WIDTH="17" VPOS="1258" HPOS="201"/>
							<String ID="string_336" HPOS="218" VPOS="1258" WIDTH="32" HEIGHT="20" WC="0.93" CONTENT="för"/><SP WIDTH="16" VPOS="1258" HPOS="250"/>
							<String ID="string_337" HPOS="266" VPOS="1257" WIDTH="154" HEIGHT="26" WC="0.92" CONTENT="omredigering"/><SP WIDTH="16" VPOS="1257" HPOS="420"/>
							<String ID="string_338" HPOS="436" VPOS="1257" WIDTH="5" HEIGHT="20" WC="0.96" CONTENT="i"/><SP WIDTH="17" VPOS="1257" HPOS="441"/>
							<String ID="string_339" HPOS="458" VPOS="1257" WIDTH="59" HEIGHT="21" WC="0.96" CONTENT="detta"/><SP WIDTH="15" VPOS="1257" HPOS="517"/>
							<String ID="string_340" HPOS="532" VPOS="1257" WIDTH="61" HEIGHT="27" WC="0.96" CONTENT="syfte."/>
						</TextLine>
					</TextBlock>
				</ComposedBlock>
				<ComposedBlock ID="cblock_4" HPOS="90" VPOS="1314" WIDTH="822" HEIGHT="226">
					<TextBlock ID="block_3" HPOS="90" VPOS="1314" WIDTH="822" HEIGHT="226">
						<TextLine ID="line_38" HPOS="160" VPOS="1314" WIDTH="752" HEIGHT="27">
							<String ID="string_341" HPOS="160" VPOS="1315" WIDTH="55" HEIGHT="21" WC="0.96" CONTENT="Herr"/><SP WIDTH="15" VPOS="1315" HPOS="215"/>
							<String ID="string_342" HPOS="230" VPOS="1315" WIDTH="179" HEIGHT="21" WC="0.96" CONTENT="Rönnbäck:"/><SP WIDTH="31" VPOS="1315" HPOS="409"/>
							<String ID="string_343" HPOS="440" VPOS="1315" WIDTH="32" HEIGHT="21" WC="0.93" CONTENT="En"/><SP WIDTH="17" VPOS="1315" HPOS="472"/>
							<String ID="string_344" HPOS="489" VPOS="1315" WIDTH="130" HEIGHT="26" WC="0.92" CONTENT="konsegvens"/><SP WIDTH="15" VPOS="1315" HPOS="619"/>
							<String ID="string_345" HPOS="634" VPOS="1314" WIDTH="27" HEIGHT="27" WC="0.96" CONTENT="af,"/><SP WIDTH="23" VPOS="1314" HPOS="661"/>
							<String ID="string_346" HPOS="684" VPOS="1317" WIDTH="32" HEIGHT="18" WC="0.93" CONTENT="att"/><SP WIDTH="15" VPOS="1317" HPOS="716"/>
							<String ID="string_347" HPOS="731" VPOS="1315" WIDTH="181" HEIGHT="26" WC="0.91" CONTENT="Borgareständet"/>
						</TextLine>
						<TextLine ID="line_39" HPOS="90" VPOS="1343" WIDTH="820" HEIGHT="27">
							<String ID="string_348" HPOS="90" VPOS="1343" WIDTH="98" HEIGHT="21" WC="0.96" CONTENT="uteslutit"/><SP WIDTH="15" VPOS="1343" HPOS="188"/>
							<String ID="string_349" HPOS="203" VPOS="1350" WIDTH="62" HEIGHT="15" WC="0.96" CONTENT="mom."/><SP WIDTH="17" VPOS="1350" HPOS="265"/>
							<String ID="string_350" HPOS="282" VPOS="1345" WIDTH="12" HEIGHT="19" WC="0.93" CONTENT="2"/><SP WIDTH="17" VPOS="1345" HPOS="294"/>
							<String ID="string_351" HPOS="311" VPOS="1343" WIDTH="5" HEIGHT="21" WC="0.42" CONTENT="i"/><SP WIDTH="13" VPOS="1343" HPOS="316"/>
							<String ID="string_352" HPOS="329" VPOS="1343" WIDTH="12" HEIGHT="26" WC="0.42" CONTENT="$"/><SP WIDTH="16" VPOS="1343" HPOS="341"/>
							<String ID="string_353" HPOS="357" VPOS="1345" WIDTH="13" HEIGHT="20" WC="0.96" CONTENT="9"/><SP WIDTH="15" VPOS="1345" HPOS="370"/>
							<String ID="string_354" HPOS="385" VPOS="1346" WIDTH="29" HEIGHT="23" WC="0.96" CONTENT="är,"/><SP WIDTH="17" VPOS="1346" HPOS="414"/>
							<String ID="string_355" HPOS="431" VPOS="1346" WIDTH="30" HEIGHT="18" WC="0.96" CONTENT="att"/><SP WIDTH="17" VPOS="1346" HPOS="461"/>
							<String ID="string_356" HPOS="478" VPOS="1343" WIDTH="67" HEIGHT="21" WC="0.93" CONTENT="denna"/><SP WIDTH="16" VPOS="1343" HPOS="545"/>
							<String ID="string_357" HPOS="561" VPOS="1344" WIDTH="12" HEIGHT="26" WC="0.92" CONTENT="&amp;"/><SP WIDTH="18" VPOS="1344" HPOS="573"/>
							<String ID="string_358" HPOS="591" VPOS="1343" WIDTH="26" HEIGHT="20" WC="0.93" CONTENT="10"/><SP WIDTH="15" VPOS="1343" HPOS="617"/>
							<String ID="string_359" HPOS="632" VPOS="1343" WIDTH="45" HEIGHT="21" WC="0.95" CONTENT="icke"/><SP WIDTH="15" VPOS="1343" HPOS="677"/>
							<String ID="string_360" HPOS="692" VPOS="1343" WIDTH="42" HEIGHT="21" WC="0.93" CONTENT="kan"/><SP WIDTH="16" VPOS="1343" HPOS="734"/>
							<String ID="string_361" HPOS="750" VPOS="1343" WIDTH="104" HEIGHT="21" WC="0.95" CONTENT="kvarstå"/><SP WIDTH="-7" VPOS="1343" HPOS="854"/>
							<String ID="string_362" HPOS="847" VPOS="1339" WIDTH="14" HEIGHT="35" WC="0.95" CONTENT="i"/><SP WIDTH="9" VPOS="1339" HPOS="861"/>
							<String ID="string_363" HPOS="870" VPOS="1343" WIDTH="40" HEIGHT="21" WC="0.96" CONTENT="den"/>
						</TextLine>
						<TextLine ID="line_40" HPOS="90" VPOS="1371" WIDTH="821" HEIGHT="27">
							<String ID="string_364" HPOS="90" VPOS="1372" WIDTH="54" HEIGHT="21" WC="0.96" CONTENT="form"/><SP WIDTH="16" VPOS="1372" HPOS="144"/>
							<String ID="string_365" HPOS="160" VPOS="1372" WIDTH="40" HEIGHT="21" WC="0.96" CONTENT="den"/><SP WIDTH="16" VPOS="1372" HPOS="200"/>
							<String ID="string_366" HPOS="216" VPOS="1378" WIDTH="28" HEIGHT="14" WC="0.96" CONTENT="nu"/><SP WIDTH="16" VPOS="1378" HPOS="244"/>
							<String ID="string_367" HPOS="260" VPOS="1372" WIDTH="45" HEIGHT="21" WC="0.96" CONTENT="har."/><SP WIDTH="31" VPOS="1372" HPOS="305"/>
							<String ID="string_368" HPOS="336" VPOS="1371" WIDTH="48" HEIGHT="22" WC="0.96" CONTENT="Men"/><SP WIDTH="17" VPOS="1371" HPOS="384"/>
							<String ID="string_369" HPOS="401" VPOS="1374" WIDTH="31" HEIGHT="19" WC="0.96" CONTENT="att"/><SP WIDTH="15" VPOS="1374" HPOS="432"/>
							<String ID="string_370" HPOS="447" VPOS="1378" WIDTH="27" HEIGHT="15" WC="0.95" CONTENT="nu"/><SP WIDTH="12" VPOS="1378" HPOS="474"/>
							<String ID="string_371" HPOS="486" VPOS="1372" WIDTH="49" HEIGHT="25" WC="0.93" CONTENT="vilja"/><SP WIDTH="16" VPOS="1372" HPOS="535"/>
							<String ID="string_372" HPOS="551" VPOS="1372" WIDTH="64" HEIGHT="21" WC="0.96" CONTENT="ställa"/><SP WIDTH="15" VPOS="1372" HPOS="615"/>
							<String ID="string_373" HPOS="630" VPOS="1371" WIDTH="68" HEIGHT="21" WC="0.93" CONTENT="denna"/><SP WIDTH="15" VPOS="1371" HPOS="698"/>
							<String ID="string_374" HPOS="713" VPOS="1372" WIDTH="59" HEIGHT="26" WC="0.96" CONTENT="fråga"/><SP WIDTH="16" VPOS="1372" HPOS="772"/>
							<String ID="string_375" HPOS="788" VPOS="1372" WIDTH="27" HEIGHT="25" WC="0.96" CONTENT="pä"/><SP WIDTH="14" VPOS="1372" HPOS="815"/>
							<String ID="string_376" HPOS="829" VPOS="1377" WIDTH="82" HEIGHT="15" WC="0.96" CONTENT="samma"/>
						</TextLine>
						<TextLine ID="line_41" HPOS="90" VPOS="1400" WIDTH="821" HEIGHT="27">
							<String ID="string_377" HPOS="90" VPOS="1400" WIDTH="138" HEIGHT="27" WC="0.92" CONTENT="ständpunkt,"/><SP WIDTH="11" VPOS="1400" HPOS="228"/>
							<String ID="string_378" HPOS="239" VPOS="1406" WIDTH="44" HEIGHT="15" WC="0.96" CONTENT="som"/><SP WIDTH="18" VPOS="1406" HPOS="283"/>
							<String ID="string_379" HPOS="301" VPOS="1401" WIDTH="148" HEIGHT="20" WC="0.96" CONTENT="motsvarande"/><SP WIDTH="15" VPOS="1401" HPOS="449"/>
							<String ID="string_380" HPOS="464" VPOS="1400" WIDTH="172" HEIGHT="21" WC="0.92" CONTENT="bestämmelser"/><SP WIDTH="-5" VPOS="1400" HPOS="636"/>
							<String ID="string_381" HPOS="631" VPOS="1396" WIDTH="10" HEIGHT="35" WC="0.92" CONTENT="i"/><SP WIDTH="5" VPOS="1396" HPOS="641"/>
							<String ID="string_382" HPOS="646" VPOS="1400" WIDTH="265" HEIGHT="25" WC="0.91" CONTENT="brännvinsförfattningen"/>
						</TextLine>
						<TextLine ID="line_42" HPOS="90" VPOS="1428" WIDTH="821" HEIGHT="26">
							<String ID="string_383" HPOS="90" VPOS="1430" WIDTH="24" HEIGHT="19" WC="0.93" CONTENT="är"/><SP WIDTH="14" VPOS="1430" HPOS="114"/>
							<String ID="string_384" HPOS="128" VPOS="1429" WIDTH="71" HEIGHT="25" WC="0.96" CONTENT="något,"/><SP WIDTH="16" VPOS="1429" HPOS="199"/>
							<String ID="string_385" HPOS="215" VPOS="1434" WIDTH="45" HEIGHT="15" WC="0.96" CONTENT="som"/><SP WIDTH="14" VPOS="1434" HPOS="260"/>
							<String ID="string_386" HPOS="274" VPOS="1429" WIDTH="37" HEIGHT="25" WC="0.93" CONTENT="jag"/><SP WIDTH="15" VPOS="1429" HPOS="311"/>
							<String ID="string_387" HPOS="326" VPOS="1429" WIDTH="106" HEIGHT="25" WC="0.96" CONTENT="verkligen"/><SP WIDTH="16" VPOS="1429" HPOS="432"/>
							<String ID="string_388" HPOS="448" VPOS="1429" WIDTH="28" HEIGHT="25" WC="0.96" CONTENT="pä"/><SP WIDTH="15" VPOS="1429" HPOS="476"/>
							<String ID="string_389" HPOS="491" VPOS="1428" WIDTH="36" HEIGHT="20" WC="0.93" CONTENT="det"/><SP WIDTH="15" VPOS="1428" HPOS="527"/>
							<String ID="string_390" HPOS="542" VPOS="1429" WIDTH="74" HEIGHT="24" WC="0.96" CONTENT="högsta"/><SP WIDTH="23" VPOS="1429" HPOS="616"/>
							<String ID="string_391" HPOS="639" VPOS="1428" WIDTH="66" HEIGHT="20" WC="0.93" CONTENT="skulle"/><SP WIDTH="22" VPOS="1428" HPOS="705"/>
							<String ID="string_392" HPOS="727" VPOS="1428" WIDTH="100" HEIGHT="26" WC="0.86" CONTENT="afstyrka."/><SP WIDTH="32" VPOS="1428" HPOS="827"/>
							<String ID="string_393" HPOS="859" VPOS="1428" WIDTH="52" HEIGHT="20" WC="0.90" CONTENT="För-"/>
						</TextLine>
						<TextLine ID="line_43" HPOS="92" VPOS="1455" WIDTH="819" HEIGHT="28">
							<String ID="string_394" HPOS="92" VPOS="1457" WIDTH="66" HEIGHT="25" WC="0.93" CONTENT="slaget"/><SP WIDTH="16" VPOS="1457" HPOS="158"/>
							<String ID="string_395" HPOS="174" VPOS="1458" WIDTH="32" HEIGHT="19" WC="0.93" CONTENT="att"/><SP WIDTH="14" VPOS="1458" HPOS="206"/>
							<String ID="string_396" HPOS="220" VPOS="1457" WIDTH="110" HEIGHT="26" WC="0.91" CONTENT="uppdraga"/><SP WIDTH="16" VPOS="1457" HPOS="330"/>
							<String ID="string_397" HPOS="346" VPOS="1456" WIDTH="22" HEIGHT="21" WC="0.93" CONTENT="ät"/><SP WIDTH="15" VPOS="1456" HPOS="368"/>
							<String ID="string_398" HPOS="383" VPOS="1456" WIDTH="191" HEIGHT="25" WC="0.92" CONTENT="stadsfullmäktige"/><SP WIDTH="17" VPOS="1456" HPOS="574"/>
							<String ID="string_399" HPOS="591" VPOS="1456" WIDTH="34" HEIGHT="20" WC="0.93" CONTENT="det"/><SP WIDTH="16" VPOS="1456" HPOS="625"/>
							<String ID="string_400" HPOS="641" VPOS="1458" WIDTH="76" HEIGHT="24" WC="0.93" CONTENT="ytterst"/><SP WIDTH="15" VPOS="1458" HPOS="717"/>
							<String ID="string_401" HPOS="732" VPOS="1455" WIDTH="73" HEIGHT="22" WC="0.93" CONTENT="odiösa"/><SP WIDTH="15" VPOS="1455" HPOS="805"/>
							<String ID="string_402" HPOS="820" VPOS="1456" WIDTH="91" HEIGHT="26" WC="0.92" CONTENT="uppdra-"/>
						</TextLine>
						<TextLine ID="line_44" HPOS="90" VPOS="1483" WIDTH="821" HEIGHT="29">
							<String ID="string_403" HPOS="90" VPOS="1486" WIDTH="36" HEIGHT="26" WC="0.96" CONTENT="get"/><SP WIDTH="16" VPOS="1486" HPOS="126"/>
							<String ID="string_404" HPOS="142" VPOS="1487" WIDTH="32" HEIGHT="19" WC="0.93" CONTENT="att"/><SP WIDTH="16" VPOS="1487" HPOS="174"/>
							<String ID="string_405" HPOS="190" VPOS="1484" WIDTH="123" HEIGHT="27" WC="0.87" CONTENT="bestämma,"/><SP WIDTH="17" VPOS="1484" HPOS="313"/>
							<String ID="string_406" HPOS="330" VPOS="1484" WIDTH="71" HEIGHT="21" WC="0.92" CONTENT="hvilka"/><SP WIDTH="22" VPOS="1484" HPOS="401"/>
							<String ID="string_407" HPOS="423" VPOS="1491" WIDTH="101" HEIGHT="20" WC="0.96" CONTENT="personer"/><SP WIDTH="22" VPOS="1491" HPOS="524"/>
							<String ID="string_408" HPOS="546" VPOS="1484" WIDTH="60" HEIGHT="21" WC="0.93" CONTENT="skola"/><SP WIDTH="18" VPOS="1484" HPOS="606"/>
							<String ID="string_409" HPOS="624" VPOS="1483" WIDTH="21" HEIGHT="22" WC="0.92" CONTENT="fä"/><SP WIDTH="16" VPOS="1483" HPOS="645"/>
							<String ID="string_410" HPOS="661" VPOS="1484" WIDTH="102" HEIGHT="26" WC="0.92" CONTENT="rättighet"/><SP WIDTH="15" VPOS="1484" HPOS="763"/>
							<String ID="string_411" HPOS="778" VPOS="1486" WIDTH="32" HEIGHT="19" WC="0.93" CONTENT="att"/><SP WIDTH="15" VPOS="1486" HPOS="810"/>
							<String ID="string_412" HPOS="825" VPOS="1483" WIDTH="86" HEIGHT="28" WC="0.89" CONTENT="försälja"/>
						</TextLine>
						<TextLine ID="line_45" HPOS="91" VPOS="1513" WIDTH="820" HEIGHT="27">
							<String ID="string_413" HPOS="91" VPOS="1513" WIDTH="67" HEIGHT="22" WC="0.92" CONTENT="sädan"/><SP WIDTH="16" VPOS="1513" HPOS="158"/>
							<String ID="string_414" HPOS="174" VPOS="1520" WIDTH="56" HEIGHT="19" WC="0.93" CONTENT="vara,"/><SP WIDTH="17" VPOS="1520" HPOS="230"/>
							<String ID="string_415" HPOS="247" VPOS="1514" WIDTH="87" HEIGHT="20" WC="0.91" CONTENT="hvarom"/><SP WIDTH="24" VPOS="1514" HPOS="334"/>
							<String ID="string_416" HPOS="358" VPOS="1516" WIDTH="23" HEIGHT="18" WC="0.93" CONTENT="är"/><SP WIDTH="22" VPOS="1516" HPOS="381"/>
							<String ID="string_417" HPOS="403" VPOS="1514" WIDTH="65" HEIGHT="26" WC="0.92" CONTENT="fräga,"/><SP WIDTH="17" VPOS="1514" HPOS="468"/>
							<String ID="string_418" HPOS="485" VPOS="1513" WIDTH="39" HEIGHT="21" WC="0.93" CONTENT="och"/><SP WIDTH="23" VPOS="1513" HPOS="524"/>
							<String ID="string_419" HPOS="547" VPOS="1513" WIDTH="52" HEIGHT="21" WC="0.90" CONTENT="hvar"/><SP WIDTH="23" VPOS="1513" HPOS="599"/>
							<String ID="string_420" HPOS="622" VPOS="1513" WIDTH="25" HEIGHT="21" WC="0.96" CONTENT="de"/><SP WIDTH="23" VPOS="1513" HPOS="647"/>
							<String ID="string_421" HPOS="670" VPOS="1513" WIDTH="59" HEIGHT="21" WC="0.93" CONTENT="skola"/><SP WIDTH="23" VPOS="1513" HPOS="729"/>
							<String ID="string_422" HPOS="752" VPOS="1513" WIDTH="21" HEIGHT="21" WC="0.92" CONTENT="fä"/><SP WIDTH="22" VPOS="1513" HPOS="773"/>
							<String ID="string_423" HPOS="795" VPOS="1513" WIDTH="52" HEIGHT="27" WC="0.92" CONTENT="sälja"/><SP WIDTH="16" VPOS="1513" HPOS="847"/>
							<String ID="string_424" HPOS="863" VPOS="1513" WIDTH="48" HEIGHT="26" WC="0.96" CONTENT="den,"/>
						</TextLine>
					</TextBlock>
				</ComposedBlock>
			</PrintSpace>
		</Page>
	</Layout>
</alto>
