1120 1834
210 137 54 19 1114
449 142 177 20 Borgareständet
638 142 57 16 1882.
718 142 14 16 4
744 142 47 20 maj.

209 210 26 21 de
258 210 57 20 öfver
337 209 80 27 Viborg
440 209 141 27 importerade
603 216 89 14 varorna
713 211 76 19 stanna
805 210 33 20 vid
854 212 57 19 orter
926 210 28 27 pä
969 211 58 20 östra

207 238 60 22 sidan
282 237 24 22 af
319 237 154 27 vattendraget,
488 244 45 15 som
548 238 46 21 icke
609 238 84 21 komma
709 240 32 19 att
755 238 95 26 betjenas
861 238 22 22 af
892 238 69 21 denna
969 238 57 27 jern-

208 268 46 26 väg,
278 269 45 19 tror
342 267 37 27 jag
401 266 53 27 icke,
477 269 33 19 att
532 273 47 14 man
602 273 75 20 genom
699 266 70 27 nägon
787 266 83 22 hällbar
885 266 72 28 kalkyl
972 267 55 21 skall

208 296 71 21 kunna
301 295 108 22 återställa
429 295 127 27 jemnvigten
580 296 33 21 till
634 295 81 21 förmån
731 296 32 20 för
779 296 25 20 de
820 294 148 23 Savolaksiska
982 298 45 20 stä-

209 325 70 24 derna,
302 326 27 20 än
352 324 82 21 mindre
455 324 55 27 gifva
532 324 47 21 dem
594 326 69 20 större
679 324 128 28 betydenhet
822 330 44 16 som
883 325 88 27 import-
987 324 40 22 och

208 353 210 25 konsumtionsorter,
435 355 25 19 än
477 353 25 21 de
518 352 172 22 österbottniska.

276 410 55 22 Herr
345 410 158 27 Ignatius:
520 410 31 22 En
567 410 126 28 föregäende
708 410 67 22 talare
790 410 39 21 har
839 411 67 33 punkt
917 410 33 21 för
959 411 68 32 punkt

209 440 81 21 bemött
313 440 35 20 det
371 439 136 32 andragande
527 439 41 32 jag
585 440 27 26 pä
635 439 146 27 förmiddagen
803 439 54 21 hade
880 441 51 19 äran
948 439 55 22 hälla
1018 440 7 20 i

210 469 58 20 detta
291 467 62 22 ständ
377 467 38 22 och
437 474 34 15 ser
490 468 37 26 jag
542 467 42 27 mig
600 467 71 22 derför
686 457 110 32 nödsakad
812 470 37 23 att,
866 467 88 22 oaktadt
969 467 58 22 tiden

208 497 65 21 redan
297 498 24 19 är
343 496 58 26 längt
424 496 146 25 framskriden,
590 497 54 20 dock
660 497 47 20 med
723 497 66 26 nägra
802 497 38 20 ord
855 496 99 27 genmäla
969 497 59 20 detta

209 525 134 21 bemötande.
373 525 40 27 Jag
429 525 36 21 ber
480 527 32 18 att
527 524 22 22 fä
563 527 83 24 nämna,
663 528 32 18 att
709 525 36 21 det
760 525 45 21 icke
821 527 24 19 är
860 525 42 20 min
918 525 63 26 afsigt
995 527 32 19 att

209 556 93 25 upptaga
318 554 61 21 dessa
394 554 162 27 anmärkningar
571 554 67 26 punkt
653 553 32 22 för
701 554 72 26 punkt,
789 556 50 19 utan
855 554 75 20 endast
940 560 25 15 en
977 554 50 21 eller

210 589 38 20 par
270 583 22 20 af
314 583 46 20 dem
376 582 6 21 i
398 584 78 19 största
491 583 92 20 korthet.
615 583 54 20 Herr
684 582 93 22 Neovius
793 583 109 25 erkänner,
920 585 31 19 att
966 582 23 21 af
1001 583 27 20 de

209 611 125 25 landsorter,
349 617 46 15 som
411 613 36 19 äro
463 611 99 26 förtjenta
577 613 33 19 att
624 611 84 21 komma
723 612 7 20 i
745 611 59 27 fräga
815 611 34 21 vid
858 611 170 28 jernvägsnätets

208 640 152 26 utsträckning,
378 640 116 26 Uleåborgs
516 642 58 19 stora
596 639 150 22 trafikomräde
769 639 156 27 otvifvelaktigt
947 642 24 19 är
987 640 41 21 den

208 669 95 21 främsta.
334 669 48 21 Men
406 669 48 21 herr
476 668 91 22 Neovius
590 669 93 21 bemötte
705 669 36 21 det
764 669 27 26 pä
814 669 34 21 det
872 671 48 21 sätt,
940 671 31 19 att
986 668 41 21 han

209 697 59 22 sade:
292 714 6 10 ,
303 697 59 22 detta
384 697 149 22 trafikomräde
556 697 40 22 blir
618 700 57 19 ännu
697 698 83 27 mycket
795 700 68 19 större
886 704 34 15 om
936 698 92 26 Kuopio-

208 726 41 21 och
271 726 32 21 S:t
325 726 87 21 Michels
433 727 72 25 läggas
527 726 32 21 till
574 727 134 20 detsamma”.
738 726 41 27 Jag
795 727 66 21 måste
877 727 103 25 bekänna,
996 728 33 19 att

208 755 36 26 jag
268 755 97 21 förvånar
387 755 41 26 mig
451 755 59 21 öfver
532 757 30 19 ett
578 755 67 27 dylikt
661 755 132 22 bemötande.
824 755 30 27 Ty
870 761 33 16 om
920 761 47 15 man
990 755 37 20 be-

209 783 104 22 träffande
335 784 62 21 dessa
419 789 62 19 orter,
501 790 45 15 som
561 790 28 15 nu
604 783 131 22 konkurrera
750 785 48 20 med
814 784 119 21 hvarandra
948 784 6 21 i
970 783 59 27 fräga

209 819 34 14 om
264 813 93 26 jernväg,
381 812 73 27 lägger
476 813 47 21 hela
546 812 117 27 Uleäborgs
678 812 150 22 trafikomräde
843 812 32 21 till
891 813 82 27 Kuopio
989 812 40 22 och

210 841 31 22 S:t
264 841 94 26 Michels,
381 841 24 22 sä
428 842 66 21 mäste
514 841 23 27 ju
560 841 83 28 Kuopio
666 841 38 21 och
727 841 32 22 S:t
775 841 87 22 Michels
878 841 150 22 trafikomräde

209 869 65 22 blifva
294 872 69 19 större
385 872 26 19 än
434 869 124 28 Uleåborgs.
588 870 38 22 Ett
647 870 51 21 slikt
712 872 44 19 sätt
771 873 32 18 att
817 870 127 27 vederlägga
959 871 70 20 denna

210 899 38 21 sak
270 899 53 21 hade
344 899 37 27 jag
397 899 106 28 verkligen
518 899 46 21 icke
580 901 79 20 väntat.
675 911 27 3 —
718 899 114 27 Angäende
847 898 182 28 ängbätstrafiken

209 928 33 21 vid
260 928 25 20 de
300 928 167 21 österbottniska
481 928 149 22 kuststäderna
645 928 110 22 anmärkte
771 929 46 21 äter
828 928 48 22 herr
886 928 99 26 Neovius,
997 930 32 20 att

209 957 68 21 denna
300 956 63 22 trafik
385 957 46 21 icke
454 956 175 28 hufvudsakligen
651 957 55 21 afser
729 957 139 21 samfärdseln
891 957 90 21 emellan
1003 958 26 20 de

209 985 107 22 särskilda
331 989 92 22 orterna,
439 989 50 18 utan
505 986 55 21 hade
575 987 31 21 sin
622 986 111 26 slutpunkt
747 987 7 20 i
770 986 31 22 S:t
817 986 133 27 Petersburg.
979 986 50 22 Det-

210 1021 80 15 samma
306 1017 23 19 är
344 1015 65 21 ocksä
423 1014 141 22 förhällandet
580 1016 47 20 med
643 1015 25 21 de
679 1015 110 27 ängbätar,
800 1021 45 15 som
856 1021 87 21 passera
952 1015 76 21 Saima.

208 1056 29 3 —
253 1044 54 21 Herr
322 1044 92 21 Neovius
429 1044 110 21 anmärkte
555 1044 76 24 vidare,
647 1046 32 18 att
694 1044 91 26 Viborgs
800 1047 74 23 export
890 1050 71 15 ensam
977 1050 52 21 upp-

208 1072 38 26 gär
268 1072 33 21 tili
323 1078 82 15 samma
427 1073 83 26 belopp,
533 1079 45 15 som
594 1072 98 27 samtliga
707 1073 167 21 österbottniska
890 1073 138 21 kuststäders.

210 1101 75 21 Denna
308 1100 139 28 anmärkning
469 1101 68 21 skulle
560 1101 133 26 naturligtvis
715 1101 63 21 hafva
797 1102 60 26 ingen
874 1101 113 27 betydelse,
1003 1101 28 21 dä

208 1129 82 28 Viborg
304 1130 65 21 redan
385 1129 38 22 har
439 1136 25 15 en
478 1130 88 27 jernväg
581 1130 39 21 och
636 1130 36 20 det
687 1130 46 21 icke
749 1132 24 18 är
788 1130 58 25 fräga
861 1136 34 15 om
911 1132 32 18 att
957 1130 73 21 förena

209 1158 81 27 Viborg
314 1158 46 22 med
383 1158 36 22 det
438 1158 104 21 blifvande
558 1159 162 27 jernvägsnätet,
736 1161 53 19 utan
804 1159 90 21 afsikten
911 1160 23 19 är
950 1159 33 20 väl
997 1161 32 19 att

208 1187 90 27 päpeka,
315 1187 36 21 det
367 1193 24 15 en
407 1189 45 19 stor
467 1187 33 21 del
516 1187 22 21 af
552 1188 90 25 Viborgs
658 1187 78 27 import
747 1187 39 21 och
797 1190 75 24 export
883 1187 73 21 tillhör
965 1187 65 21 Savo-

210 1216 47 20 laks
279 1216 39 21 och
340 1215 92 21 Karelen
449 1216 38 20 och
503 1216 95 21 kommer
614 1218 30 18 att
661 1216 50 21 falla
726 1216 57 20 inom
799 1216 39 21 den
854 1215 105 22 blifvande
973 1216 55 26 jern-

209 1246 78 24 vägens
310 1244 92 21 omräde.
432 1244 54 21 Herr
509 1244 104 21 Sanmark
636 1244 39 21 har
693 1244 65 21 redan
774 1244 53 22 visat
842 1244 104 21 huruvida
961 1246 69 19 större

210 1272 61 22 delen
294 1272 22 21 af
336 1272 70 22 denna
427 1272 90 26 Viborgs
540 1274 74 26 export
636 1273 39 21 och
691 1273 78 26 import
784 1274 42 20 kan
841 1272 100 22 hänföras
956 1272 33 22 till
1004 1273 27 21 de

209 1300 150 22 Savolaksiska
374 1301 104 21 städerna.
508 1301 41 27 Jag
564 1302 37 20 ber
616 1301 74 21 endast
706 1304 31 18 att
750 1307 27 15 nu
793 1302 20 20 fä
829 1301 86 27 tillägga
926 1308 26 14 en
963 1301 67 21 korri-

207 1330 75 26 gering
297 1329 22 21 af
333 1329 25 21 de
374 1329 106 27 uppgifter
493 1330 37 26 jag
545 1330 27 26 pä
587 1330 144 26 förmiddagen
747 1330 37 26 gaf
797 1330 108 26 angäende
921 1330 40 22 den
972 1332 59 19 stora

208 1360 159 24 smörexporten
389 1358 45 21 från
456 1358 79 26 Viborg
550 1358 23 21 af
586 1358 59 21 öfver
662 1359 89 24 100,000
766 1358 47 21 L&.
843 1359 40 24 Jag
900 1358 34 21 vill
950 1358 5 20 i
971 1358 60 20 detta

210 1385 100 21 afseende
333 1385 55 21 fästa
411 1385 213 27 uppmärksamheten
647 1385 40 26 vid,
709 1388 33 18 att
766 1386 40 21 den
828 1387 138 25 smörexport,
985 1391 45 15 som

210 1413 95 21 kommer
323 1413 46 21 frän
385 1415 57 19 orter
459 1416 68 19 vester
542 1419 34 15 om
592 1413 83 26 Hangö,
691 1413 130 22 Tavastehus
836 1413 40 22 och
891 1413 139 27 Helsingfors,

210 1441 52 22 eller
277 1443 79 20 största
371 1441 61 22 delen
448 1441 22 22 af
483 1446 71 17 vestra
569 1441 96 26 Finland,
681 1441 105 28 försiggär
800 1443 28 26 pä
841 1442 88 27 jernväg
944 1442 40 22 och
999 1444 32 20 att

210 1471 36 21 det
262 1473 103 24 upptages
380 1471 53 21 först
448 1471 7 20 i
470 1470 85 27 Viborg.
586 1471 121 22 Detsamma
722 1473 24 19 är
761 1471 62 22 äfven
834 1471 59 22 fallet
904 1471 48 22 med
962 1473 69 21 större

210 1499 61 22 delen
288 1499 22 21 af
324 1499 61 22 dessa
401 1502 69 19 orters
486 1500 77 27 import
579 1506 37 21 per
629 1500 94 27 jernväg.
754 1501 42 21 Det
811 1502 24 19 är
850 1501 82 21 säledes
946 1503 32 19 att
993 1501 38 21 ob-

208 1534 92 20 servera,
324 1530 32 20 att
371 1529 40 21 den
427 1530 79 21 största
520 1528 60 22 delen
596 1529 22 21 af
633 1529 59 22 detta
707 1531 58 20 smör
779 1529 47 22 icke
841 1529 72 22 tillhör
928 1529 103 22 Savolaks
