1106 1803
196 137 56 21 1166
434 142 178 22 Borgareständet
623 143 59 17 1882.
706 144 13 16 5
730 143 48 20 maj.

194 211 86 21 komma
295 213 33 18 att
342 213 76 19 stanna
433 211 6 20 i
455 211 31 20 sin
502 211 121 26 utveckling
637 211 40 20 och
693 210 64 22 blifva
779 211 22 21 af
814 211 110 26 betydelse
939 211 77 21 endast

194 238 37 23 för
244 239 39 21 den
300 239 194 27 omkringliggande
506 242 67 18 orten.
604 239 64 21 Wasa
682 239 68 22 skulle
761 239 19 27 ej
790 240 28 25 gä
828 239 83 24 framät,
923 245 34 16 om
969 239 47 22 icke

197 267 41 22 den
254 267 56 22 hade
332 267 105 27 naturliga
461 267 126 22 företräden.
618 268 30 22 På
663 274 80 15 samma
758 270 44 19 sätt
817 267 101 22 förbäller
933 268 36 21 det
984 269 35 26 sig

196 297 48 20 med
267 296 165 27 Gamlakarleby
455 296 39 21 och
513 297 24 21 sä
559 299 58 19 snart
638 296 113 28 jernvägen
770 297 75 27 drages
866 296 59 26 fram,
942 299 23 19 är
981 297 36 22 det

195 325 141 26 oundvikligt,
360 327 32 19 att
414 325 89 21 trafiken
526 325 62 21 söker
610 325 31 27 sig
660 325 32 21 till
708 326 26 20 de
749 328 64 20 orter,
829 331 45 16 som
891 325 22 21 af
927 328 90 19 naturen

195 355 39 19 äro
250 353 100 21 särskildt
366 354 102 26 gynnade.
499 354 41 20 Det
555 355 24 19 är
595 355 26 25 pä
637 354 39 21 den
692 354 74 26 grund,
783 361 44 14 som
841 354 38 26 jag
893 354 20 26 ej
928 354 42 20 kan
986 354 32 20 bi-

196 381 62 22 träda
274 382 91 21 beslutet
380 388 34 14 om
430 384 32 19 att
477 382 6 20 i
500 382 95 21 enskilda
617 382 83 21 städers
715 382 90 21 intresse
821 382 66 26 draga
900 382 117 26 jernvägen

194 410 46 22 frän
257 416 25 15 en
298 410 100 27 riktning,
414 416 44 15 som
474 410 127 21 bestämmes
616 410 21 21 af
651 410 48 21 hela
721 410 134 22 landsdelens
870 410 73 21 fördel.
975 410 44 22 Det

194 444 51 16 vore
261 441 32 18 att
308 438 117 22 äsidosätta
441 439 81 21 landets
537 445 65 15 sanna
618 439 97 21 intresse.

264 466 48 22 Man
330 467 55 21 talar
406 473 41 19 om,
464 469 32 19 att
519 473 48 15 man
582 473 74 21 genom
678 468 140 26 jernvägarne
835 468 18 26 ej
869 467 53 21 skall
947 466 68 22 rubba

194 495 160 21 förhällandena
370 495 78 21 sädana
464 496 26 20 de
506 495 96 21 existera.
634 496 47 20 Men
698 496 46 24 den,
760 502 46 14 som
822 496 65 20 likväl
902 495 36 21 vill
954 501 22 15 se
987 496 28 26 pä

194 523 54 22 hvad
272 524 50 20 vära
342 524 115 27 jernvägar
480 523 46 22 föra
548 524 38 20 och
610 524 42 21 fört
668 524 46 21 med
737 524 39 26 sig,
792 524 53 21 skall
861 524 63 26 finna,
940 526 32 19 att
987 524 27 21 de

194 552 54 22 dock
264 552 79 21 rubbat
358 554 88 25 mycket.
478 553 63 21 Detta
557 554 24 20 är
596 552 38 21 allt
649 552 83 27 följder,
741 558 45 16 som
799 559 46 15 man
858 553 18 26 ej
885 554 41 20 kan
936 552 77 28 undgä,

191 583 25 26 ty
230 581 114 28 jernvägen
368 583 24 19 är
407 585 31 18 ett
461 582 23 21 sä
500 582 84 27 mycket
599 581 128 22 förbättradt
744 581 269 25 kommunikationsmedel,

194 613 30 19 att
242 611 38 20 den
297 611 115 20 omstörtar
427 611 152 25 förhällanden,
588 616 45 16 som
650 611 56 20 förut
722 610 67 22 under
804 611 45 21 helt
864 611 67 21 andra
946 611 70 21 vilkor

191 639 103 27 uppstätt.

262 667 56 22 Herr
342 667 87 22 Castrén
452 667 39 22 har
513 667 125 28 ytterligare
658 667 95 27 betonat,
773 669 33 20 att
821 674 48 15 man
887 668 67 27 enligt
968 668 46 21 tek-

192 696 60 21 niska
277 696 134 26 föreningens
436 696 78 25 förslag
538 697 68 20 måste
631 696 65 21 tänka
718 697 32 26 sig
771 696 112 21 bibanori
899 697 114 21 österbott-

192 724 60 21 niska
268 724 122 23 elfdalarne,
414 724 82 27 gående
518 728 24 18 ut
556 724 46 21 frän
618 724 117 22 kustbanan
752 724 44 22 inåt
812 725 77 21 landet.
919 725 40 27 Jag
975 724 40 22 har

191 754 65 20 redan
280 752 100 28 päpekat,
403 756 31 17 att
458 754 60 20 dessa
542 753 88 21 bibanor
644 753 75 24 skulle,
740 760 33 14 om
790 754 25 21 de
832 754 101 25 nägonsin
953 753 61 21 skola

192 781 114 28 tillgodose
322 782 35 20 det
372 782 45 20 inre
434 781 82 21 landets
525 782 108 24 intressen,
650 782 85 20 komma
750 784 31 19 att
796 782 71 26 uppgå
884 782 31 20 till
931 782 28 21 60
977 782 37 21 mil

190 810 41 21 och
248 810 61 22 kosta
324 809 88 21 emellan
431 811 25 20 15
472 810 38 21 och
534 811 26 21 18
574 810 102 21 millioner
692 810 66 22 mark.
789 810 48 22 Men
854 810 107 22 dessutom
978 810 36 21 be-

192 838 71 22 tvitlar
275 839 37 26 jag
335 841 73 25 nyttan
431 839 22 20 af
474 839 80 21 sådana
576 839 95 26 bibanor,
688 839 38 21 och
743 839 136 27 möjligheten
894 842 33 18 att
941 840 73 21 kunna

192 867 96 27 begagna
311 868 32 26 sig
364 867 22 22 af
401 868 46 20 dem
463 873 33 15 om
520 868 89 20 vintern.
640 867 49 21 Man
706 868 32 21 får
754 868 45 21 icke
822 868 65 21 tänka
905 868 32 27 sig
952 868 62 21 dessa

192 896 66 22 banor
280 896 112 21 utrustade
415 896 47 21 med
484 896 79 22 sådana
579 896 114 22 lokomotiv
708 902 46 16 som
771 897 25 21 de
812 897 123 21 nuvarande
949 898 62 20 stats-

191 924 101 22 banorna.
323 924 50 22 Man
390 924 67 22 mäste
472 925 65 21 tänka
560 926 32 26 sig
607 924 46 23 dem
670 925 69 21 säsom
760 928 32 18 ett
806 926 57 26 slags
879 925 134 22 förbättrade

190 953 122 27 spärvägar,
328 953 38 22 der
389 954 83 21 likvisst
494 954 109 21 mekanisk
619 953 57 21 kraft
691 954 113 25 användes,
820 955 39 21 och
875 954 33 21 för
923 956 32 19 att
970 954 42 21 alla

191 982 61 22 dessa
269 982 88 21 -bibanor
373 982 28 28 pä
416 983 27 20 60
459 982 35 20 mil
510 982 61 22 skola
586 983 67 20 under
668 983 82 21 vintern
766 982 67 22 hållas
844 983 85 25 snöfria,
945 983 67 21 erfor-

190 1011 49 21 dras
255 1017 26 15 en
297 1012 108 20 manstark
421 1010 125 28 bevakning.
576 1011 33 21 Dä
624 1017 47 15 man
688 1012 12 19 7
716 1012 101 20 mänader
836 1012 38 21 har
888 1011 69 21 vinter
972 1011 40 21 och

189 1038 89 23 sälunda
295 1040 65 20 redan
376 1040 25 26 pä
418 1041 41 20 sätt
476 1039 38 21 och
530 1040 30 20 vis
576 1046 25 14 en
617 1041 56 19 sorts
692 1039 88 27 jernväg
796 1052 24 3 —
838 1042 22 25 ty
875 1042 136 24 transporten

180 1068 38 27 "på
234 1068 58 20 släde
307 1070 24 18 är
346 1068 56 20 ändå
416 1068 84 27 mycket
516 1068 125 26 begvämare
656 1070 27 18 än
699 1068 40 20 den
752 1069 27 26 pä
798 1069 65 20 kärra
878 1080 25 3 —
921 1068 41 21 kan
975 1068 37 27 jag

189 1097 47 20 icke
252 1103 22 13 se
289 1099 71 24 annat,
376 1098 25 19 än
418 1099 32 18 att
465 1096 127 21 elfdalarnes
607 1097 119 20 intressen
724 1092 13 35 i
742 1103 26 14 en
784 1097 84 26 mycket
884 1097 49 25 läng
948 1096 63 21 fram-

189 1125 31 21 tid
236 1125 61 20 skola
312 1131 50 15 vara
378 1125 126 26 fullkomligt
519 1125 157 26 tillgodosedda
698 1131 33 14 om
748 1125 40 21 den
804 1125 23 21 af
841 1125 42 27 mig
899 1125 113 21 förordade

188 1154 192 26 bansträckningen
403 1153 128 26 godkännes.
562 1153 39 22 Att
622 1160 56 19 man,
694 1160 74 20 genom
788 1156 32 19 att
836 1154 47 21 leda
898 1154 69 21 banan
984 1153 27 27 pä

188 1184 43 19 sätt
252 1182 37 28 jag
304 1182 114 27 föreslagit,
446 1182 68 21 skulle
528 1182 28 26 gä
571 1182 45 21 frän
632 1183 107 26 principen
756 1185 31 18 att
803 1183 95 26 uppsöka
914 1182 97 21 bebodda

189 1211 89 22 trakter,
294 1214 45 17 tror
351 1211 37 26 jag
404 1211 46 21 icke
465 1217 51 14 vara
531 1211 66 24 fallet,
613 1213 22 24 ty
652 1211 67 21 banan
740 1211 46 20 frän
802 1211 81 21 Nurmo
898 1211 33 21 till
946 1210 64 22 Gam-

188 1239 110 27 lakarleby
314 1240 95 22 sträcker
424 1240 32 25 sig
471 1245 75 21 genom
562 1239 88 26 trakter,
668 1245 43 16 som
728 1240 27 26 pä
766 1239 75 22 kartan
853 1242 37 19 äro
902 1240 109 21 utmärkta

187 1269 48 20 med
260 1268 91 26 högrödt
374 1268 38 21 och
435 1268 112 26 högbrunt.
579 1268 60 21 Hvad
662 1269 99 20 sträckan
784 1268 46 22 från
845 1268 165 27 Gamlakarleby

188 1296 108 23 beträffar,
312 1298 24 19 är
350 1296 36 21 det
402 1298 64 20 redan
489 1296 120 22 framhället
624 1296 24 21 af
661 1297 49 21 herr
729 1296 115 24 Snellman,
859 1300 32 18 att
905 1298 105 26 uppsock-

187 1331 68 15 narne
270 1324 34 22 stä
319 1325 6 20 i
341 1325 98 21 afseende
454 1325 13 20 &
483 1325 71 21 kultur
577 1324 47 22 fullt
638 1325 120 26 jemförliga
773 1325 47 21 med
837 1325 173 25 kustsocknarne,

187 1353 40 21 och
240 1354 45 24 just
300 1353 60 20 detta
380 1353 132 20 förhällande
528 1355 55 18 samt
598 1353 42 24 det,
652 1356 32 17 att
699 1354 7 19 i
722 1354 61 20 dessa
804 1354 135 25 uppsocknar
953 1354 56 20 före-

186 1380 67 22 finnes
268 1380 109 27 möjlighet
393 1381 30 19 till
440 1387 25 14 en
481 1381 81 25 ganska
577 1382 45 19 stor
637 1380 72 21 kultur
724 1380 7 21 i
742 1380 119 26 framtiden,
873 1381 38 21 har
922 1381 87 21 förmätt

186 1409 43 24 mig
244 1412 32 19 att
299 1409 54 27 yrka
374 1408 33 28 pä,
424 1409 36 21 det
482 1409 68 21 banan
572 1408 68 22 skulle
656 1408 58 22 ledas
729 1409 46 21 inät
790 1409 77 27 landet,
883 1409 27 26 pä
925 1410 36 20 det
976 1409 34 22 för

185 1437 135 22 landsdelens
335 1437 123 27 befolkning
474 1437 11 21 &
501 1437 103 22 hvardera
626 1438 60 21 sidan
710 1438 110 27 möjlighet
834 1438 69 21 skulle
919 1438 92 22 beredas

185 1469 33 19 att
234 1466 24 22 af
272 1467 69 21 banan
356 1466 66 27 draga
437 1467 64 26 nägot
516 1466 23 22 sä
555 1468 38 19 när
608 1472 80 15 samma
703 1470 65 24 nytta.
