1139 1809
200 141 43 21 996
420 143 179 22 Borgareständet
610 143 59 17 1882.
693 142 26 18 25
732 142 61 20 april.

271 213 39 21 Om
333 212 122 28 betydelsen
478 212 22 22 af
513 212 159 22 ständerhusets
691 210 126 27 belägenhet
834 210 31 21 till
880 209 142 27 riddarhuset,

201 242 39 21 har
253 242 36 27 jag
304 242 65 22 redan
384 241 72 22 tillätit
473 242 41 26 mig
528 243 64 25 yttra.

271 270 35 22 Uti
322 271 42 21 min
387 270 107 22 förkärlek
517 270 32 22 för
571 270 83 27 platsen
670 269 35 22 vid
720 269 69 22 Södra
804 268 166 28 esplanadgatan
986 268 35 23 vill

198 300 38 28 jag
251 300 45 22 åter
312 300 45 21 icke
372 300 27 26 gå
414 300 23 21 sä
454 299 63 28 långt,
534 301 33 20 att
579 299 38 28 jag
633 305 27 15 nu
675 298 68 22 skulle
766 298 79 28 päyrka
860 300 93 20 tomtens
969 297 53 22 inlö-

200 335 38 16 sen
254 342 25 3 —
296 329 62 22 kosta
373 329 54 21 hvad
444 329 40 21 den
501 328 42 26 vill,
565 328 88 21 emedan
667 328 36 27 jag
718 334 68 19 anser,
803 331 32 18 att
850 327 73 28 frägan
939 327 83 22 ändock

200 358 53 27 icke,
268 359 46 20 med
331 358 39 21 den
393 358 128 27 tidsutdräst
545 357 104 23 utskottet
671 357 78 21 skänkt
764 357 127 24 densamma,
907 363 86 15 numera
1008 358 13 20 å

200 388 70 21 denna
285 387 101 26 landtdag
402 387 75 22 hinner
493 387 105 27 nöjaktigt
613 387 51 21 eller
680 387 27 26 på
727 388 42 19 sätt
785 386 35 22 det
836 387 54 21 varit
906 386 115 22 önskvärdt

200 417 90 26 afgöras.
322 416 48 21 Men
386 422 44 15 som
444 416 38 28 jag
498 416 63 21 redan
576 416 99 27 påpekat,
687 415 65 22 borde
760 415 72 22 stället
847 415 7 21 i
869 416 87 21 främsta
966 414 55 23 hand

201 445 97 22 förordas
321 445 39 21 och
383 445 74 22 endast
472 446 6 20 i
494 447 71 20 värsta
586 445 51 21 eller
659 444 88 22 alldeles
765 445 100 26 omöjliga
880 444 36 21 fall
932 445 88 25 sideras,

200 474 97 21 hvarföre
318 474 35 26 jag
376 474 45 21 icke
445 474 66 21 heller
533 473 68 22 skulle
624 474 66 25 draga
706 473 5 21 i
727 473 139 26 betänkande,
885 475 32 20 att
933 473 87 22 framför

200 503 66 20 andra
281 503 81 26 platser
377 502 98 28 uppoffra
497 503 32 21 för
548 503 68 20 denna
632 502 65 26 några
714 501 142 22 hundratusen
874 502 65 21 mark.
970 502 49 22 Man

200 533 35 19 vet
248 531 22 27 ju
286 534 32 18 att
334 534 13 18 t.
365 538 17 14 o.
401 538 25 14 m.
450 531 82 27 privata
554 537 101 21 personer
671 531 6 21 i
693 533 48 25 eget
764 531 87 21 intresse
867 531 65 21 redan
948 530 71 22 betala

200 560 204 21 hundradetaltusen
427 560 59 21 mark
502 560 31 21 för
549 560 110 21 enahanda
675 559 189 28 byggnadstomter
880 559 34 22 vid
938 565 81 17 samma

199 589 108 27 esplanad.
338 589 112 21 Dessutom
475 589 83 22 befarar
579 589 37 26 jag
638 591 31 18 att
693 588 140 22 efterverlden
849 589 47 20 lade
912 591 32 19 ett
959 589 60 21 miss-

199 617 86 27 lyckadt
308 618 33 21 val
364 617 21 22 af
399 618 182 27 ständerhusplats
603 617 102 22 Finlands
725 624 26 15 nu
767 617 128 22 församlade
910 624 108 20 represen-

199 649 70 18 tanter
284 653 58 15 mera
358 646 32 21 till
407 647 46 25 last,
470 648 26 19 än
511 653 34 15 om
561 647 27 20 de
603 646 32 21 för
650 649 31 18 ett
703 646 96 27 lämpligt
815 647 38 21 och
869 646 150 22 ständerhuset

200 675 82 28 värdigt
296 675 48 28 läge
359 676 125 26 uppoffrade
499 676 70 27 någon
584 681 87 16 summa.

268 704 61 22 Hvad
344 704 64 21 sedan
431 704 104 22 beträffar
550 704 65 27 tiden,
639 711 44 14 som
707 710 48 15 man
772 704 47 21 med
835 704 91 27 uppskof
940 704 23 22 af
976 704 42 22 frå-

197 739 53 21 gans
266 733 108 21 definitiva
390 733 82 26 lösning
488 734 51 21 eller
554 733 115 25 afgörande
684 732 35 22 vid
736 733 68 21 denna
820 733 100 26 landtdag
934 733 84 22 komme

198 764 32 19 att
245 761 77 22 förlora
338 761 40 22 och
392 768 45 15 som
453 762 7 21 i
476 765 69 18 värsta
568 761 36 22 fall
628 761 69 22 blefve
720 764 32 19 tre
769 761 29 26 år,
817 761 66 22 finner
896 762 37 27 jag
949 762 68 27 någon

197 791 65 20 sådan
279 791 43 24 vigt
340 791 45 20 icke
401 791 66 20 heller
482 791 55 26 ligga
553 791 51 25 deri,
620 792 32 19 att
667 791 114 20 ständerna
797 791 54 20 blott
861 791 39 21 och
912 791 47 21 bart
972 791 46 21 der-

197 819 45 20 före
258 825 27 15 nu
301 819 65 21 borde
382 819 94 21 förhasta
490 821 31 25 sig
537 818 47 22 med
600 820 127 20 densamma.
757 818 31 27 Ty
804 819 27 21 då
851 819 115 21 ständerna
981 825 37 16 un-

194 847 41 22 der
250 847 22 22 så
289 847 76 28 många
380 848 126 27 landtdagar
521 847 81 28 lyckats
618 848 20 21 få
653 849 80 26 ganska
749 847 124 28 försvarliga
889 848 82 21 lokaler
984 848 34 21 för

196 876 46 21 sina
258 877 177 25 sammanträden,
447 877 64 21 borde
525 877 34 21 väl
576 877 67 27 någon
663 876 88 27 farhåga
767 877 70 21 derom
853 876 33 22 för
903 877 113 22 framtiden

196 906 46 21 icke
257 906 85 22 komma
366 906 73 27 ifråga.
470 906 48 22 Som
535 906 67 28 sagdt:
621 913 33 14 om
677 906 68 27 aldrig
770 906 5 21 i
792 906 62 27 prakt
870 906 38 22 och
925 906 93 22 komfort

196 947 27 3 —
239 935 67 22 skulle
327 935 37 27 jag
386 935 54 22 dock
463 936 71 25 önska,
560 938 31 19 att
614 936 83 21 landets
718 935 127 22 ständerhus
867 935 31 22 till
914 936 48 27 läge
978 936 39 21 och

195 964 36 21 det
256 966 56 25 yttre
337 964 127 22 åtminstone
494 965 64 21 borde
575 965 20 21 få
625 967 57 19 mäta
705 964 31 27 sig
767 965 47 20 med
839 964 47 23 dess
912 964 105 28 fängelse-

194 993 128 27 byggnader.

264 1022 126 21 Arkitekten
407 1023 113 26 Sjöströms
536 1023 78 26 ritning
630 1022 69 22 såsom
715 1022 86 27 lämplig
817 1022 32 21 för
862 1023 38 20 den
912 1029 40 15 ena
963 1023 53 21 eller

195 1051 39 20 den
251 1051 67 21 andra
332 1051 82 26 platsen
430 1051 80 21 tillåter
525 1051 35 27 jag
576 1052 42 25 mig
633 1051 46 21 icke
695 1053 31 19 att
742 1051 95 21 bedöma.
869 1051 49 21 Men
934 1057 34 16 om
983 1055 32 18 ut-

193 1080 87 25 skottet,
303 1081 47 20 med
374 1080 112 27 anledning
508 1081 22 20 af
545 1081 47 20 dess
615 1079 124 28 lämplighet
762 1079 75 22 endast
858 1080 34 21 för
906 1082 109 25 qvarteret

192 1108 140 26 »Servalen",
349 1109 86 20 beslutit
450 1109 32 26 sig
498 1109 31 20 för
545 1109 69 21 denna
630 1109 61 26 plats,
708 1108 32 21 får
756 1115 48 14 man
821 1109 32 20 väl
869 1109 41 20 lätt
925 1115 41 20 nog
977 1109 38 21 rit-

194 1137 80 26 ningar,
292 1137 98 27 lämpliga
405 1137 32 21 för
452 1137 71 22 hvilka
538 1137 61 28 lägen
614 1143 45 16 som
675 1137 62 21 helst.
767 1137 40 27 Jag
823 1137 38 21 har
872 1137 46 22 icke
932 1137 83 22 derföre

192 1167 78 20 önskat
286 1167 88 20 besvära
389 1166 85 21 ståndet
496 1167 47 20 med
560 1167 55 21 mina
632 1165 123 22 reflexioner
771 1166 5 21 i
794 1166 79 27 frågan,
890 1169 32 18 att
934 1167 38 27 jag
987 1173 28 15 nu

192 1194 89 22 alldeles
298 1195 91 20 bestämt
412 1195 68 21 skulle
503 1195 80 27 päyrka
605 1197 31 19 ett
659 1195 104 20 definitivt
778 1194 70 22 beslut
870 1195 33 20 för
923 1195 36 21 det
974 1202 40 15 ena

191 1223 54 21 eller
266 1223 36 21 det
316 1224 66 20 andra
397 1223 76 25 stället,
497 1224 87 21 emedan
608 1223 59 22 detta
682 1224 68 21 skulle
773 1223 57 22 likna
845 1223 71 22 alltför
931 1225 83 26 mycket

193 1252 40 21 den
250 1253 53 20 teori
327 1253 105 20 utskottet
455 1252 47 27 följt
517 1253 39 21 och
571 1259 45 16 som
631 1253 36 26 jag
683 1251 80 28 ogillar.
794 1253 41 26 Jag
850 1253 38 20 har
900 1253 54 21 blott
965 1253 48 21 sökt

191 1281 90 26 päpeka,
295 1281 65 26 jemte
377 1281 164 27 olämpligheten
557 1281 22 22 af
592 1281 42 22 alla
649 1281 26 21 de
691 1281 75 22 ställen
777 1294 28 3 —
816 1283 57 20 utom
890 1281 35 22 det
940 1281 22 22 af
972 1283 42 26 mig

190 1309 114 22 förordade
325 1323 21 2 —
364 1309 70 22 hvilka
457 1310 104 21 utskottet
583 1311 69 24 berör,
676 1311 36 20 det
737 1310 122 26 opraktiska
880 1312 44 19 sätt
940 1313 31 18 att
986 1311 27 27 gä

191 1339 88 25 tillväga
295 1338 34 21 vid
345 1340 31 19 ett
391 1339 198 25 byggnadsföretag,
605 1345 45 14 som
667 1339 34 20 det
716 1339 80 20 hvilket
811 1339 105 21 utskottet
926 1339 8 20 i
945 1340 68 20 denna

189 1365 62 26 fråga
268 1365 91 27 inslagit,
377 1366 105 27 nämligen
499 1368 31 19 att
546 1366 103 21 definitivt
665 1365 84 22 besluta
759 1365 32 27 sig
806 1366 33 21 för
854 1373 25 14 en
895 1368 61 24 tomt,
967 1373 45 15 som

188 1396 58 18 ännu
263 1396 24 19 är
303 1394 6 20 i
324 1400 70 15 annan
418 1400 59 15 mans
502 1400 44 21 ego.
577 1395 49 20 Man
648 1395 67 20 måste
731 1394 26 21 dä
773 1395 59 20 alltid
849 1395 21 20 få
886 1395 70 21 betala
972 1395 40 21 den

190 1423 50 26 dyrt
254 1434 28 3 —
296 1429 34 14 om
348 1423 39 20 den
404 1429 36 15 ens
458 1423 39 22 alls
513 1423 40 21 kan
569 1423 38 21 fäs.
637 1422 107 22 Mähända
767 1422 70 22 kunde
852 1423 40 21 den
908 1423 54 22 dock
978 1430 35 15 ex-

188 1451 129 27 proprieras.
348 1451 42 22 Det
412 1451 79 22 förstär
512 1452 35 27 jag
569 1452 43 27 mig
634 1452 46 21 icke
701 1452 33 26 pä.
765 1451 50 22 Men
833 1453 68 20 skulle
917 1453 35 21 det
969 1453 43 22 läta

187 1483 55 24 göra
258 1481 36 26 sig,
312 1481 92 26 päyrkar
415 1481 37 27 jag
468 1483 31 19 att
507 1482 114 20 ständerna
629 1483 72 24 genast
711 1481 61 27 ginge
782 1481 6 20 i
798 1481 124 27 författning
934 1482 77 21 derom.

189 1509 11 22 I
216 1512 88 20 motsatt
315 1509 36 22 fall
368 1510 38 21 har
419 1511 36 27 jag
470 1512 51 20 äran
537 1510 86 22 föreslä:
640 1512 32 19 att
691 1509 182 29 borgareständet,
