1111 1817
307 138 179 22 Borgareståndet
496 140 58 16 1882.
574 138 25 18 14
611 140 59 19 april.
860 133 39 21 831

83 210 53 19 vete,
152 220 27 3 —
197 208 24 20 Af
236 208 47 21 herr
299 208 107 26 Wallgren
422 208 38 21 har
475 208 112 27 åberopats
603 214 25 15 en
644 208 121 25 beräkning,
777 214 44 15 som
833 207 68 21 blifvit

83 236 61 26 gjord
165 236 6 20 i
193 235 155 27 Ridderskapet
370 235 39 22 och
424 236 68 21 Adeln
508 236 89 21 rörande
612 236 116 21 kostnaden
744 236 33 21 för
791 236 110 21 rusthålls-

83 264 157 27 skyldighetens
262 264 137 26 fullgörande.
430 264 73 21 Såsom
524 265 35 26 jag
581 265 64 20 redan
668 264 90 27 tidigare
779 265 54 20 hade
849 266 51 19 äran

83 293 81 25 anföra,
181 295 23 18 är
219 292 251 27 kostnadsberäkningen,
486 294 98 25 antingen
601 299 47 15 man
663 294 94 20 kommer
773 293 31 20 till
821 299 78 14 samma

83 321 97 24 resultat,
197 327 44 14 som
258 320 103 22 utskottet
377 320 50 22 eller
442 321 32 21 till
490 324 31 18 ett
536 323 69 24 annat,
621 328 25 14 en
662 321 131 27 detaljfräga,
808 321 39 21 och
862 321 40 21 här

83 350 39 21 bör
137 349 73 22 endast
226 351 59 25 tagas
301 350 7 20 i
325 349 151 27 öfvervägande
500 350 40 21 den
555 350 86 27 princip,
658 356 44 15 som
714 350 37 21 bör
762 349 66 27 följas.
851 349 49 22 Men

81 379 37 26 jag
133 379 41 20 kan
190 377 52 22 dock
258 378 45 21 icke
319 378 110 21 underläta
444 381 32 18 att
491 379 38 20 här
545 379 64 20 redan
624 379 102 20 anmärka
741 379 108 26 angäende
861 379 38 20 den

83 407 119 26 åberopade
218 406 150 27 beräkningen,
384 409 37 18 att.
431 407 39 20 den
486 407 66 21 måste
567 413 61 15 anses
639 408 6 20 i
656 407 76 26 högsta
742 407 52 28 grad
805 407 95 26 felaktig.

83 436 29 21 Sä
133 436 39 21 har
194 438 13 18 t.
225 442 31 15 ex.
272 435 49 22 herr
336 435 89 21 Armfelt
441 435 86 22 alldeles
543 436 44 21 icke
603 437 122 20 observerat
741 437 39 20 den
795 436 82 21 skilnad
894 442 5 13 i

83 464 98 22 afseende
203 465 12 20 å
233 464 165 21 rotehällarenes
414 464 39 21 och
469 465 163 21 rusthällarenes
647 464 142 27 skydigheter,
805 471 44 15 som
863 464 38 27 jag

83 493 82 27 nyligen
186 493 55 21 hade
263 494 50 20 äran
336 493 88 26 päpeka.
455 493 73 21 Redan
551 493 68 21 denna
639 493 157 27 omständighet
818 495 38 25 gör
874 499 26 14 en

83 522 89 21 skillnad
195 521 26 27 pä
245 521 50 21 flere
317 521 138 22 skatterubel.
487 522 37 21 Att
547 522 52 21 hans
621 522 115 26 beräkning
752 523 18 25 ej
786 521 66 22 heller
868 522 33 20 för

83 550 62 27 öfrigt
167 550 67 21 håller
256 550 76 26 streck,
355 550 55 21 visar
431 556 25 15 en
470 551 119 26 jemförelse
605 551 47 21 med
668 551 52 20 hvad
738 550 163 27 rustningsskyl-

82 579 99 26 digheten
197 579 6 20 i
219 579 86 26 Sverige
321 579 89 20 faktiskt
425 579 71 21 kostat
511 580 160 25 rusthållarene,
683 579 38 22 och
732 582 31 19 att
775 579 24 22 de
811 579 89 21 svenska

82 608 168 25 beräkningarna
265 607 44 21 icke
326 610 36 18 äro
378 608 70 21 alltför
464 608 54 26 höga
535 608 32 21 för
583 608 50 21 våra
650 607 147 22 förhållanden
807 608 94 25 framgår

82 637 46 20 åter
151 636 66 25 deraf,
241 637 31 20 att
293 636 38 21 den
355 636 90 21 svenska
460 636 140 27 beräkningen
616 637 32 20 för
663 637 163 21 rotekostnaden
842 637 6 20 i
865 637 36 20 det

82 667 106 19 närmaste
210 665 198 21 öfverensstämmer
432 665 47 20 med
494 665 56 21 hvad
565 666 68 20 denna
648 665 91 21 kostnad
761 665 89 21 faktiskt
865 671 34 19 ge-

81 694 74 21 staltat
177 694 31 25 sig
231 693 38 21 här
289 693 5 21 i
317 692 91 22 Finland
427 693 40 21 den
482 694 31 20 tid
528 694 81 20 indelta
624 694 103 20 militären
743 700 36 14 var
794 693 104 26 uppstäld.

82 723 37 20 Att
141 722 49 21 herr
212 722 101 21 Armfelts
335 722 117 26 beräkning
474 724 23 18 är
518 722 32 21 för
572 723 40 25 låg,
634 722 92 26 framgår
747 722 72 21 vidare
839 721 60 21 äfven

81 750 64 27 deraf,
165 752 32 19 att
220 751 39 20 den
275 751 95 20 kommer
385 750 31 21 till
432 750 86 27 ungefär
533 757 80 15 samma
627 751 83 26 belopp,
726 757 45 15 som
787 751 39 20 den
842 757 18 14 n.
878 756 21 15 v-

81 779 174 26 vakansafgiften,
276 779 91 26 hvilken,
388 780 69 20 såsom
479 779 37 21 här
533 780 63 21 redan
612 780 121 26 upprepade
745 780 78 26 gånger
839 779 58 21 fram.

81 808 77 25 hållits,
180 808 120 21 faststäldes
323 808 35 25 låg
380 808 35 20 vid
438 808 54 21 1809
516 808 34 21 års
565 808 107 26 landtdag,
688 808 32 21 för
736 810 31 20 att
782 808 116 21 rusthållen

81 837 67 21 skulle
164 837 71 21 kunna
251 836 70 22 hemta
337 837 32 27 sig
384 836 54 22 efter
453 836 81 27 krigets
549 836 121 22 förödelser.

149 894 55 21 Herr
218 893 148 27 Procopé:
388 893 11 21 I
422 894 68 21 denna
506 894 58 27 fråga
579 893 113 22 förefinnes
708 896 30 19 ett
753 894 85 26 förslag,
853 900 44 15 som

80 925 38 25 gör
141 923 35 21 det
198 923 96 27 omöjligt
317 924 32 20 att
371 928 28 15 nu
420 922 94 22 förklara
530 923 144 21 diskussionen
690 922 102 22 definitivt
807 922 91 21 afslutad

81 952 39 22 och
143 952 54 21 fatta
219 952 69 21 beslut
311 952 6 20 i
339 951 71 21 saken.
441 951 169 22 Presteståndets
625 952 124 26 inbjudning
765 958 33 14 om
814 951 85 26 frågans

80 980 154 28 hänskjutande
243 980 30 21 till
282 981 85 26 plenum
376 979 108 27 plenorum
494 983 24 19 är
526 981 120 26 visserligen
655 980 23 21 af
684 980 57 22 detta
750 980 62 22 stånd
819 980 78 27 afböjd,

81 1010 46 25 och,
143 1009 64 27 enligt
215 1009 54 21 hvad
279 1016 48 14 man
335 1009 39 20 har
382 1008 54 27 hört,
446 1008 59 22 äfven
514 1010 22 20 af
543 1010 153 26 Ridderskapet
706 1008 38 22 och
756 1009 74 21 Adeln.
849 1008 48 22 Men

81 1039 35 21 det
139 1040 23 20 är
177 1039 46 20 icke
240 1038 65 21 kändt
321 1038 80 20 hvilket
417 1038 69 21 beslut
503 1038 155 22 Bondeståndet
674 1038 38 21 har
727 1037 69 22 fattat.
827 1038 73 21 Skulle

81 1067 158 22 Bondeståndet
271 1066 112 27 godkänna
412 1066 156 27 inbjudningen,
597 1068 24 20 så
642 1067 68 21 måste
732 1066 79 27 frågan,
834 1067 65 25 enligt

81 1096 145 27 ordalydelsen
241 1096 7 20 i
265 1098 22 18 47
303 1095 8 29 $
327 1095 23 21 af
370 1095 244 29 Landtdagsordningen,
629 1096 123 27 hänskjutas
767 1095 32 21 till
814 1096 84 26 plenum

80 1126 110 25 plenorum
221 1125 38 20 och
285 1124 82 21 således
388 1124 178 26 Borgareståndet
584 1126 63 20 också
671 1125 83 25 deltaga
777 1124 6 20 i
807 1124 91 21 behand-

80 1154 69 25 lingen
172 1153 20 21 af
215 1153 122 21 densamma
361 1152 34 21 vid
413 1153 89 21 allmänt
516 1154 91 26 plenum.
638 1153 39 26 Jag
693 1159 61 15 anser
770 1153 36 21 det
821 1153 76 24 derför,

80 1182 69 21 såsom
172 1182 68 25 sagdt,
262 1187 51 15 vara
333 1181 94 26 omöjligt
447 1184 31 19 att
494 1189 27 14 nu
536 1182 92 21 förklara
644 1181 145 21 diskussionen
811 1182 7 20 i
833 1182 64 20 saken

80 1211 92 20 afslutad
195 1211 37 20 och
252 1209 53 22 fatta
320 1210 64 26 något
401 1210 68 21 beslut
485 1211 50 24 deri,
551 1213 50 19 utan
618 1211 88 20 föreslår
719 1210 42 27 jag,
778 1212 31 19 att
825 1210 72 26 frågan

80 1240 65 20 måtte
163 1239 79 21 lemnas
258 1239 111 25 beroende,
385 1239 31 21 till
433 1239 47 20 dess
491 1239 84 22 ståndet
586 1240 72 20 vinner
673 1239 117 20 kännedom
799 1245 34 14 om
843 1239 55 20 hvad

81 1268 25 21 de
121 1268 66 21 andra
202 1268 88 21 stånden
306 1267 62 22 fattat
383 1268 32 21 för
431 1268 69 21 beslut
516 1269 46 20 med
573 1267 112 27 anledning
695 1267 23 21 af
728 1267 171 22 Presteståndets

80 1297 136 20 oftanämnda
232 1296 129 27 inbjudning.

148 1353 55 22 Herr
226 1353 137 22 Castrén:
386 1353 33 21 Då
442 1359 47 15 man
505 1353 129 22 fortfarande
650 1353 70 21 älskar
735 1355 32 19 att
781 1353 70 21 såsom
867 1355 31 18 ett

81 1383 64 20 motiv
160 1383 32 20 för
207 1383 119 26 antagande
342 1382 23 21 af
378 1383 116 20 utskottets
510 1383 132 20 betänkande
659 1382 74 21 anföra
749 1382 40 20 den
805 1383 92 19 omstän-

80 1411 105 26 digheten,
208 1414 31 17 att
255 1411 231 21 rusthållsvakanserna
502 1411 66 21 skulle
585 1410 66 21 blifvit
666 1410 120 21 fastställda
803 1410 31 21 till
849 1416 49 20 syn-

80 1440 93 24 nerligen
197 1439 43 26 lågt
263 1439 75 25 belopp
362 1439 33 19 vid
419 1439 68 24 Borgå
511 1439 106 25 landtdag,
633 1445 33 13 ser
680 1439 36 24 jag
731 1439 42 24 mig
789 1439 108 20 nödsakad

80 1467 85 20 bemöta
181 1467 39 20 den
236 1467 143 25 anmärkning,
394 1473 45 14 som
455 1466 83 25 gjordes
553 1469 44 18 mot
612 1466 58 20 mina
686 1465 89 26 tidigare
786 1465 112 26 uppgifter,

80 1495 71 21 hvilka
166 1495 106 26 uppgifter
288 1494 69 27 stödja
372 1495 31 26 sig
418 1495 28 26 på
461 1495 69 26 Borgå
546 1494 110 26 landtdags
673 1494 130 26 handlingar,
814 1494 46 20 icke
871 1494 27 25 på

80 1524 119 27 subjektiva
214 1523 75 27 tycken
305 1523 22 22 af
342 1523 40 21 den
398 1529 38 15 ene
452 1523 50 21 eller
518 1523 64 21 andre
599 1523 63 21 ärade
679 1523 217 21 ståndsmedlemmen.
