1134 1806
221 142 55 20 1006
447 145 179 22 Borgareståndet
637 146 60 17 1882.
719 146 27 17 25
758 146 61 20 april.

292 215 50 26 »De,
359 214 73 21 hvilka
446 214 49 27 vilja
510 215 110 26 uppdraga
642 215 22 20 åt
679 213 107 22 utskottet
805 215 32 19 att
852 213 126 22 införskaffa
993 220 54 20 upp-

222 243 107 27 lysningar
339 243 77 27 jemväl
432 243 110 26 angående
557 246 81 18 tomten
656 248 85 16 norrom
762 242 171 27 jernvägstorget
955 242 90 22 emellan

221 271 92 23 bemälte
329 274 46 24 torg
391 271 39 21 och
445 271 130 27 Kajsaniemi
590 271 61 27 park,
666 272 58 21 rösta
737 272 30 27 ja;

289 330 74 21 vinner
379 330 40 27 nej,
436 329 94 22 förfaller
545 329 101 27 förslaget
660 328 94 22 härom."

290 386 132 22 Besvarades
437 386 48 22 med
501 387 26 20 23
543 386 21 28 ja
580 386 38 22 och
634 386 28 21 24
678 386 44 28 nej;

291 446 33 19 2:o
341 450 62 14 mom.
419 444 7 21 i
441 444 116 21 utskottets
580 444 134 21 betänkande
730 444 78 26 ansågs
823 444 46 21 icke
889 444 109 21 föranleda
1013 444 32 21 till

220 472 71 27 någon
308 473 82 25 åtgärd.

292 531 44 22 Och
353 530 54 22 hade
423 530 84 21 ståndet
522 531 83 21 således
620 530 92 26 beslutit,
729 532 32 19 att
776 530 87 21 ärendet
881 530 69 21 skulle
965 530 81 21 återre-

222 559 97 22 mitteras
335 559 30 21 till
382 559 105 22 utskottet
509 559 33 22 för
558 559 136 21 inhemtande
717 559 21 21 af
753 565 41 20 nya
814 559 130 26 detalierade
959 560 85 26 upplys-

222 589 75 27 ningar
312 588 108 26 angående
432 587 93 28 följande
540 591 88 18 tomter:
644 587 106 27 nämligen
767 589 33 20 1:o
816 590 106 19 tomterna
933 588 30 21 uti
980 594 66 15 norra

222 617 60 22 delen
299 617 22 21 af
341 619 106 24 qvarteret
469 617 112 21 Tumlaren
598 616 33 21 vid
654 617 68 21 Södra
745 616 142 27 esplanaden;
904 617 33 21 2:0
959 617 87 27 platsen

223 649 104 18 vesterom
353 646 133 27 myntverket
506 646 66 26 jemte
594 645 74 27 sjelfva
697 645 188 26 mynthustomten,
903 645 48 22 med
973 645 72 21 utred-

222 675 50 24 ning
288 681 33 14 om
337 674 139 27 ytinnehållet
491 675 23 20 af
534 675 70 20 denna
625 674 55 26 plats
696 677 55 18 samt
774 675 58 26 läget
849 673 23 22 af
886 673 39 22 den
942 673 40 26 del,
998 680 47 15 som

220 703 116 28 lämpligen
353 703 68 21 kunde
438 703 32 21 för
485 703 122 21 ändamålet
630 703 118 25 användas;
764 703 108 21 äfvensom
889 704 33 21 3:o
938 705 107 20 tomterna

222 733 34 20 vid
278 732 151 27 Nikolaigatan
445 732 7 21 i
467 734 108 24 qvarteret
597 731 91 22 Bäfvern
711 731 53 22 midt
784 734 56 19 emot
855 731 102 22 Finlands
972 731 75 22 Banks

221 768 41 21 nya
278 761 103 27 byggnad.

291 893 120 27 Föredrogs
427 893 38 22 och
481 893 114 22 bordlades
611 893 31 22 till
658 895 61 20 nästa
741 894 158 21 sammanträde
911 893 137 27 jernvägsut-

221 923 94 22 skottets
330 923 134 21 betänkande
487 928 33 15 n:o
539 924 7 19 1
564 922 7 21 i
587 922 113 26 anledning
712 923 22 20 af
755 923 59 20 Hans
836 922 118 27 Kejserliga
977 922 69 28 Maje-

224 953 54 20 stäts
301 952 76 26 nådiga
399 952 130 27 proposition
552 951 109 27 angående
683 951 72 22 vidare
775 951 126 27 jernvägars
923 951 122 27 byggnad
1032 947 16 36 i

219 980 79 21 landet.

290 1112 79 21 Vidare
385 1111 109 27 föredrogs
510 1112 5 20 i
532 1112 99 21 afseende
646 1112 14 20 å
676 1111 154 28 bordläggning
845 1111 150 27 lagutskottets
1008 1111 37 21 be-

223 1140 107 22 tänkande
345 1146 35 16 n:o
397 1141 10 20 7
424 1140 7 21 i
446 1140 113 28 anledning
582 1140 21 21 af
624 1140 59 21 Hans
706 1140 118 27 Kejserliga
842 1140 111 27 Majestäts
968 1140 77 26 nådiga

222 1169 134 27 proposition
372 1175 32 15 om
421 1169 120 26 antagande
556 1169 24 21 af
593 1175 25 15 en
634 1168 126 27 författning
771 1169 110 26 angående
889 1168 92 22 forntida
990 1169 57 21 min-

222 1198 137 20 nesmärkens
374 1197 101 21 fredande
491 1198 38 20 och
545 1197 125 22 bevarande.

293 1254 55 21 Herr
363 1253 163 27 Federley:
556 1255 41 25 Jag
620 1253 67 22 skulle
703 1253 26 22 be
751 1255 32 19 att
798 1254 7 21 i
820 1254 113 26 anledning
949 1254 22 22 af
985 1254 59 21 detta

223 1282 135 21 betänkande
375 1282 20 22 få
410 1283 31 20 till
457 1283 152 25 lagutskottets
624 1282 129 22 närvarande
772 1283 138 21 medlemmar
925 1283 120 21 framställa

222 1311 40 21 den
279 1311 80 26 frågan,
375 1311 55 21 huru
446 1312 35 20 det
497 1312 23 20 är
533 1311 87 27 möjligt,
636 1314 32 18 att
683 1311 151 26 betänkandet,
850 1317 45 16 som
911 1313 24 19 är
943 1311 99 22 dateradt

222 1340 40 20 den
278 1340 28 20 20
321 1339 102 21 Februari
441 1340 61 24 1882,
519 1346 28 14 nu
562 1340 53 20 först
629 1339 69 21 blifvit
714 1339 32 20 till
762 1339 88 21 Ständet
869 1340 102 21 utdeladt.
1001 1340 43 25 Jag

222 1368 67 20 skulle
306 1367 85 21 anhålla
407 1374 32 14 om
463 1368 133 26 upplysning,
619 1367 80 27 hvarpå
714 1369 32 19 ett
766 1368 24 20 så
806 1368 58 26 långt
880 1367 99 27 dröjsmål
995 1368 50 20 med

219 1396 147 26 expeditionen
382 1396 41 20 kan
439 1396 58 20 bero.

288 1453 57 21 Herr
359 1453 161 27 Federley:
549 1453 33 21 Då
604 1452 61 28 ingen
688 1452 22 22 af
731 1453 164 22 medlemmarne
915 1454 6 20 i
937 1453 107 22 utskottet

220 1482 36 22 vill
272 1482 69 21 lemna
365 1483 40 20 den
426 1482 23 20 af
470 1482 42 26 mig
535 1482 92 27 begärda
649 1482 153 27 upplysningen
824 1482 38 22 och
876 1482 37 28 jag
925 1482 120 22 emellertid

217 1512 47 21 icke
279 1512 41 20 kan
341 1514 65 18 annat
421 1513 27 19 än
464 1511 121 26 förutsätta,
608 1513 32 20 att
664 1510 123 27 dröjsmålet
802 1513 24 19 är
842 1512 106 21 beroende
963 1512 27 26 på
1006 1512 36 21 nå-

216 1547 41 21 gon
273 1540 146 27 försumlighet
435 1539 38 22 hos
496 1540 152 26 sekreteraren,
665 1539 67 22 skulle
746 1541 37 26 jag
798 1540 26 21 be
841 1542 31 20 att
887 1540 20 22 få
923 1540 124 27 hemställa,
