<?xml version="1.0" encoding="UTF-8"?>
<alto xmlns="http://www.loc.gov/standards/alto/ns-v3#" xmlns:xlink="http://www.w3.org/1999/xlink" xmlns:xsi="http://www.w3.org/2001/XMLSchema-instance" xsi:schemaLocation="http://www.loc.gov/standards/alto/ns-v3# http://www.loc.gov/alto/v3/alto-3-0.xsd">
	<Description>
		<MeasurementUnit>pixel</MeasurementUnit>
		<sourceImageInformation>
			<fileName>/tmp/tess_pyqas_bl_input.PNG</fileName>
		</sourceImageInformation>
		<OCRProcessing ID="OCR_0">
			<ocrProcessingStep>
				<processingSoftware>
					<softwareName>tesseract 5.3.4</softwareName>
				</processingSoftware>
			</ocrProcessingStep>
		</OCRProcessing>
	</Description>
	<Layout>
		<Page WIDTH="1117" HEIGHT="1795" PHYSICAL_IMG_NR="0" ID="page_0">
			<PrintSpace HPOS="0" VPOS="0" WIDTH="1117" HEIGHT="1795">
				<ComposedBlock ID="cblock_0" HPOS="204" VPOS="137" WIDTH="567" HEIGHT="26">
					<TextBlock ID="block_0" HPOS="204" VPOS="137" WIDTH="567" HEIGHT="26">
						<TextLine ID="line_0" HPOS="204" VPOS="137" WIDTH="567" HEIGHT="26">
							<String ID="string_0" HPOS="204" VPOS="137" WIDTH="56" HEIGHT="22" WC="0.96" CONTENT="1134"/><SP WIDTH="165" VPOS="137" HPOS="260"/>
							<String ID="string_1" HPOS="425" VPOS="141" WIDTH="179" HEIGHT="22" WC="0.91" CONTENT="Borgareståndet"/><SP WIDTH="11" VPOS="141" HPOS="604"/>
							<String ID="string_2" HPOS="615" VPOS="141" WIDTH="60" HEIGHT="18" WC="0.96" CONTENT="1882."/><SP WIDTH="24" VPOS="141" HPOS="675"/>
							<String ID="string_3" HPOS="699" VPOS="141" WIDTH="14" HEIGHT="17" WC="0.35" CONTENT="&quot;4"/><SP WIDTH="12" VPOS="141" HPOS="713"/>
							<String ID="string_4" HPOS="725" VPOS="141" WIDTH="46" HEIGHT="21" WC="0.95" CONTENT="maj."/>
						</TextLine>
					</TextBlock>
				</ComposedBlock>
				<GraphicalElement ID="cblock_1" HPOS="202" VPOS="167" WIDTH="798" HEIGHT="9"></GraphicalElement >
				<ComposedBlock ID="cblock_2" HPOS="201" VPOS="209" WIDTH="827" HEIGHT="1308">
					<TextBlock ID="block_1" HPOS="202" VPOS="209" WIDTH="826" HEIGHT="456">
						<TextLine ID="line_1" HPOS="203" VPOS="209" WIDTH="823" HEIGHT="28">
							<String ID="string_5" HPOS="203" VPOS="211" WIDTH="44" HEIGHT="21" WC="0.96" CONTENT="lika"/><SP WIDTH="17" VPOS="211" HPOS="247"/>
							<String ID="string_6" HPOS="264" VPOS="211" WIDTH="47" HEIGHT="20" WC="0.95" CONTENT="litet"/><SP WIDTH="22" VPOS="211" HPOS="311"/>
							<String ID="string_7" HPOS="333" VPOS="216" WIDTH="45" HEIGHT="16" WC="0.95" CONTENT="som"/><SP WIDTH="16" VPOS="216" HPOS="378"/>
							<String ID="string_8" HPOS="394" VPOS="210" WIDTH="42" HEIGHT="21" WC="0.96" CONTENT="han"/><SP WIDTH="16" VPOS="210" HPOS="436"/>
							<String ID="string_9" HPOS="452" VPOS="211" WIDTH="27" HEIGHT="20" WC="0.93" CONTENT="då"/><SP WIDTH="15" VPOS="211" HPOS="479"/>
							<String ID="string_10" HPOS="494" VPOS="209" WIDTH="134" HEIGHT="28" WC="0.91" CONTENT="profeterade"/><SP WIDTH="15" VPOS="209" HPOS="628"/>
							<String ID="string_11" HPOS="643" VPOS="211" WIDTH="53" HEIGHT="22" WC="0.96" CONTENT="sant,"/><SP WIDTH="24" VPOS="211" HPOS="696"/>
							<String ID="string_12" HPOS="720" VPOS="211" WIDTH="45" HEIGHT="20" WC="0.96" CONTENT="tror"/><SP WIDTH="13" VPOS="211" HPOS="765"/>
							<String ID="string_13" HPOS="778" VPOS="210" WIDTH="36" HEIGHT="26" WC="0.96" CONTENT="jag"/><SP WIDTH="16" VPOS="210" HPOS="814"/>
							<String ID="string_14" HPOS="830" VPOS="209" WIDTH="41" HEIGHT="21" WC="0.97" CONTENT="han"/><SP WIDTH="15" VPOS="209" HPOS="871"/>
							<String ID="string_15" HPOS="886" VPOS="211" WIDTH="39" HEIGHT="24" WC="0.97" CONTENT="gör"/><SP WIDTH="15" VPOS="211" HPOS="925"/>
							<String ID="string_16" HPOS="940" VPOS="209" WIDTH="36" HEIGHT="21" WC="0.96" CONTENT="det"/><SP WIDTH="15" VPOS="209" HPOS="976"/>
							<String ID="string_17" HPOS="991" VPOS="215" WIDTH="35" HEIGHT="15" WC="0.96" CONTENT="nu."/>
						</TextLine>
						<TextLine ID="line_2" HPOS="202" VPOS="237" WIDTH="824" HEIGHT="28">
							<String ID="string_18" HPOS="202" VPOS="239" WIDTH="43" HEIGHT="22" WC="0.96" CONTENT="Det"/><SP WIDTH="21" VPOS="239" HPOS="245"/>
							<String ID="string_19" HPOS="266" VPOS="245" WIDTH="51" HEIGHT="15" WC="0.96" CONTENT="vore"/><SP WIDTH="23" VPOS="245" HPOS="317"/>
							<String ID="string_20" HPOS="340" VPOS="238" WIDTH="98" HEIGHT="26" WC="0.96" CONTENT="ofantligt"/><SP WIDTH="15" VPOS="238" HPOS="438"/>
							<String ID="string_21" HPOS="453" VPOS="238" WIDTH="84" HEIGHT="27" WC="0.96" CONTENT="mycket"/><SP WIDTH="23" VPOS="238" HPOS="537"/>
							<String ID="string_22" HPOS="560" VPOS="240" WIDTH="32" HEIGHT="19" WC="0.96" CONTENT="att"/><SP WIDTH="18" VPOS="240" HPOS="592"/>
							<String ID="string_23" HPOS="610" VPOS="240" WIDTH="51" HEIGHT="25" WC="0.96" CONTENT="säga"/><SP WIDTH="21" VPOS="240" HPOS="661"/>
							<String ID="string_24" HPOS="682" VPOS="244" WIDTH="34" HEIGHT="15" WC="0.96" CONTENT="om"/><SP WIDTH="19" VPOS="244" HPOS="716"/>
							<String ID="string_25" HPOS="735" VPOS="238" WIDTH="55" HEIGHT="21" WC="0.96" CONTENT="hvad"/><SP WIDTH="15" VPOS="238" HPOS="790"/>
							<String ID="string_26" HPOS="805" VPOS="237" WIDTH="39" HEIGHT="21" WC="0.93" CONTENT="här"/><SP WIDTH="14" VPOS="237" HPOS="844"/>
							<String ID="string_27" HPOS="858" VPOS="240" WIDTH="78" HEIGHT="24" WC="0.92" CONTENT="yttrats"/><SP WIDTH="15" VPOS="240" HPOS="936"/>
							<String ID="string_28" HPOS="951" VPOS="243" WIDTH="38" HEIGHT="21" WC="0.96" CONTENT="pro"/><SP WIDTH="16" VPOS="243" HPOS="989"/>
							<String ID="string_29" HPOS="1005" VPOS="239" WIDTH="21" HEIGHT="19" WC="0.96" CONTENT="et"/>
						</TextLine>
						<TextLine ID="line_3" HPOS="204" VPOS="266" WIDTH="822" HEIGHT="27">
							<String ID="string_30" HPOS="204" VPOS="269" WIDTH="84" HEIGHT="24" WC="0.96" CONTENT="contra;"/><SP WIDTH="16" VPOS="269" HPOS="288"/>
							<String ID="string_31" HPOS="304" VPOS="273" WIDTH="47" HEIGHT="15" WC="0.97" CONTENT="men"/><SP WIDTH="17" VPOS="273" HPOS="351"/>
							<String ID="string_32" HPOS="368" VPOS="267" WIDTH="58" HEIGHT="20" WC="0.95" CONTENT="tiden"/><SP WIDTH="16" VPOS="267" HPOS="426"/>
							<String ID="string_33" HPOS="442" VPOS="267" WIDTH="54" HEIGHT="21" WC="0.96" CONTENT="lider"/><SP WIDTH="16" VPOS="267" HPOS="496"/>
							<String ID="string_34" HPOS="512" VPOS="267" WIDTH="38" HEIGHT="21" WC="0.96" CONTENT="och"/><SP WIDTH="16" VPOS="267" HPOS="550"/>
							<String ID="string_35" HPOS="566" VPOS="268" WIDTH="25" HEIGHT="20" WC="0.97" CONTENT="är"/><SP WIDTH="15" VPOS="268" HPOS="591"/>
							<String ID="string_36" HPOS="606" VPOS="267" WIDTH="66" HEIGHT="20" WC="0.96" CONTENT="redan"/><SP WIDTH="16" VPOS="267" HPOS="672"/>
							<String ID="string_37" HPOS="688" VPOS="272" WIDTH="41" HEIGHT="21" WC="0.96" CONTENT="nog"/><SP WIDTH="15" VPOS="272" HPOS="729"/>
							<String ID="string_38" HPOS="744" VPOS="267" WIDTH="59" HEIGHT="26" WC="0.96" CONTENT="långt"/><SP WIDTH="10" VPOS="267" HPOS="803"/>
							<String ID="string_39" HPOS="813" VPOS="266" WIDTH="147" HEIGHT="21" WC="0.95" CONTENT="framskriden."/><SP WIDTH="24" VPOS="266" HPOS="960"/>
							<String ID="string_40" HPOS="984" VPOS="266" WIDTH="42" HEIGHT="26" WC="0.96" CONTENT="Jag"/>
						</TextLine>
						<TextLine ID="line_4" HPOS="203" VPOS="295" WIDTH="824" HEIGHT="27">
							<String ID="string_41" HPOS="203" VPOS="296" WIDTH="54" HEIGHT="21" WC="0.96" CONTENT="skall"/><SP WIDTH="17" VPOS="296" HPOS="257"/>
							<String ID="string_42" HPOS="274" VPOS="296" WIDTH="18" HEIGHT="26" WC="0.96" CONTENT="ej"/><SP WIDTH="23" VPOS="296" HPOS="292"/>
							<String ID="string_43" HPOS="315" VPOS="295" WIDTH="113" HEIGHT="27" WC="0.96" CONTENT="uppehålla"/><SP WIDTH="22" VPOS="295" HPOS="428"/>
							<String ID="string_44" HPOS="450" VPOS="295" WIDTH="85" HEIGHT="22" WC="0.96" CONTENT="ståndet"/><SP WIDTH="22" VPOS="295" HPOS="535"/>
							<String ID="string_45" HPOS="557" VPOS="295" WIDTH="47" HEIGHT="21" WC="0.96" CONTENT="med"/><SP WIDTH="23" VPOS="295" HPOS="604"/>
							<String ID="string_46" HPOS="627" VPOS="295" WIDTH="54" HEIGHT="22" WC="0.96" CONTENT="hvad"/><SP WIDTH="22" VPOS="295" HPOS="681"/>
							<String ID="string_47" HPOS="703" VPOS="301" WIDTH="45" HEIGHT="16" WC="0.96" CONTENT="som"/><SP WIDTH="18" VPOS="301" HPOS="748"/>
							<String ID="string_48" HPOS="766" VPOS="295" WIDTH="64" HEIGHT="20" WC="0.92" CONTENT="redan"/><SP WIDTH="15" VPOS="295" HPOS="830"/>
							<String ID="string_49" HPOS="845" VPOS="295" WIDTH="79" HEIGHT="23" WC="0.91" CONTENT="ordats,"/><SP WIDTH="16" VPOS="295" HPOS="924"/>
							<String ID="string_50" HPOS="940" VPOS="295" WIDTH="34" HEIGHT="26" WC="0.95" CONTENT="jag"/><SP WIDTH="16" VPOS="295" HPOS="974"/>
							<String ID="string_51" HPOS="990" VPOS="295" WIDTH="37" HEIGHT="21" WC="0.96" CONTENT="vill"/>
						</TextLine>
						<TextLine ID="line_5" HPOS="204" VPOS="323" WIDTH="822" HEIGHT="27">
							<String ID="string_52" HPOS="204" VPOS="325" WIDTH="55" HEIGHT="21" WC="0.96" CONTENT="blott"/><SP WIDTH="14" VPOS="325" HPOS="259"/>
							<String ID="string_53" HPOS="273" VPOS="326" WIDTH="57" HEIGHT="19" WC="0.96" CONTENT="ännu"/><SP WIDTH="15" VPOS="326" HPOS="330"/>
							<String ID="string_54" HPOS="345" VPOS="326" WIDTH="77" HEIGHT="19" WC="0.96" CONTENT="nämna"/><SP WIDTH="15" VPOS="326" HPOS="422"/>
							<String ID="string_55" HPOS="437" VPOS="324" WIDTH="68" HEIGHT="21" WC="0.96" CONTENT="såsom"/><SP WIDTH="17" VPOS="324" HPOS="505"/>
							<String ID="string_56" HPOS="522" VPOS="329" WIDTH="25" HEIGHT="15" WC="0.95" CONTENT="en"/><SP WIDTH="15" VPOS="329" HPOS="547"/>
							<String ID="string_57" HPOS="562" VPOS="323" WIDTH="88" HEIGHT="22" WC="0.95" CONTENT="rättelse"/><SP WIDTH="15" VPOS="323" HPOS="650"/>
							<String ID="string_58" HPOS="665" VPOS="323" WIDTH="33" HEIGHT="21" WC="0.96" CONTENT="till"/><SP WIDTH="17" VPOS="323" HPOS="698"/>
							<String ID="string_59" HPOS="715" VPOS="323" WIDTH="55" HEIGHT="22" WC="0.96" CONTENT="hvad"/><SP WIDTH="7" VPOS="323" HPOS="770"/>
							<String ID="string_60" HPOS="777" VPOS="323" WIDTH="50" HEIGHT="21" WC="0.93" CONTENT="herr"/><SP WIDTH="8" VPOS="323" HPOS="827"/>
							<String ID="string_61" HPOS="835" VPOS="323" WIDTH="95" HEIGHT="26" WC="0.91" CONTENT="Ignatius"/><SP WIDTH="7" VPOS="323" HPOS="930"/>
							<String ID="string_62" HPOS="937" VPOS="323" WIDTH="89" HEIGHT="27" WC="0.95" CONTENT="påstått,"/>
						</TextLine>
						<TextLine ID="line_6" HPOS="203" VPOS="351" WIDTH="823" HEIGHT="28">
							<String ID="string_63" HPOS="203" VPOS="355" WIDTH="33" HEIGHT="19" WC="0.96" CONTENT="att"/><SP WIDTH="14" VPOS="355" HPOS="236"/>
							<String ID="string_64" HPOS="250" VPOS="352" WIDTH="119" HEIGHT="27" WC="0.95" CONTENT="Uleåborgs"/><SP WIDTH="15" VPOS="352" HPOS="369"/>
							<String ID="string_65" HPOS="384" VPOS="352" WIDTH="59" HEIGHT="22" WC="0.93" CONTENT="stads"/><SP WIDTH="15" VPOS="352" HPOS="443"/>
							<String ID="string_66" HPOS="458" VPOS="352" WIDTH="150" HEIGHT="22" WC="0.91" CONTENT="trafikområde"/><SP WIDTH="16" VPOS="352" HPOS="608"/>
							<String ID="string_67" HPOS="624" VPOS="352" WIDTH="46" HEIGHT="22" WC="0.96" CONTENT="icke"/><SP WIDTH="24" VPOS="352" HPOS="670"/>
							<String ID="string_68" HPOS="694" VPOS="353" WIDTH="23" HEIGHT="20" WC="0.96" CONTENT="är"/><SP WIDTH="15" VPOS="353" HPOS="717"/>
							<String ID="string_69" HPOS="732" VPOS="352" WIDTH="24" HEIGHT="21" WC="0.96" CONTENT="så"/><SP WIDTH="23" VPOS="352" HPOS="756"/>
							<String ID="string_70" HPOS="779" VPOS="351" WIDTH="123" HEIGHT="23" WC="0.96" CONTENT="vidsträckt,"/><SP WIDTH="22" VPOS="351" HPOS="902"/>
							<String ID="string_71" HPOS="924" VPOS="357" WIDTH="44" HEIGHT="15" WC="0.95" CONTENT="som"/><SP WIDTH="16" VPOS="357" HPOS="968"/>
							<String ID="string_72" HPOS="984" VPOS="352" WIDTH="42" HEIGHT="21" WC="0.96" CONTENT="han"/>
						</TextLine>
						<TextLine ID="line_7" HPOS="203" VPOS="380" WIDTH="823" HEIGHT="28">
							<String ID="string_73" HPOS="203" VPOS="381" WIDTH="110" HEIGHT="27" WC="0.90" CONTENT="uppgifvit."/><SP WIDTH="16" VPOS="381" HPOS="313"/>
							<String ID="string_74" HPOS="329" VPOS="381" WIDTH="62" HEIGHT="21" WC="0.93" CONTENT="Kemi"/><SP WIDTH="10" VPOS="381" HPOS="391"/>
							<String ID="string_75" HPOS="401" VPOS="381" WIDTH="62" HEIGHT="21" WC="0.92" CONTENT="elfdal"/><SP WIDTH="11" VPOS="381" HPOS="463"/>
							<String ID="string_76" HPOS="474" VPOS="381" WIDTH="40" HEIGHT="22" WC="0.95" CONTENT="och"/><SP WIDTH="11" VPOS="381" HPOS="514"/>
							<String ID="string_77" HPOS="525" VPOS="381" WIDTH="32" HEIGHT="21" WC="0.96" CONTENT="till"/><SP WIDTH="9" VPOS="381" HPOS="557"/>
							<String ID="string_78" HPOS="566" VPOS="381" WIDTH="38" HEIGHT="21" WC="0.96" CONTENT="och"/><SP WIDTH="10" VPOS="381" HPOS="604"/>
							<String ID="string_79" HPOS="614" VPOS="381" WIDTH="46" HEIGHT="20" WC="0.96" CONTENT="med"/><SP WIDTH="12" VPOS="381" HPOS="660"/>
							<String ID="string_80" HPOS="672" VPOS="380" WIDTH="56" HEIGHT="21" WC="0.91" CONTENT="Simo"/><SP WIDTH="12" VPOS="380" HPOS="728"/>
							<String ID="string_81" HPOS="740" VPOS="380" WIDTH="62" HEIGHT="21" WC="0.91" CONTENT="elfdal"/><SP WIDTH="12" VPOS="380" HPOS="802"/>
							<String ID="string_82" HPOS="814" VPOS="380" WIDTH="51" HEIGHT="21" WC="0.96" CONTENT="höra"/><SP WIDTH="10" VPOS="380" HPOS="865"/>
							<String ID="string_83" HPOS="875" VPOS="380" WIDTH="46" HEIGHT="21" WC="0.96" CONTENT="icke"/><SP WIDTH="15" VPOS="380" HPOS="921"/>
							<String ID="string_84" HPOS="936" VPOS="380" WIDTH="8" HEIGHT="21" WC="0.93" CONTENT="i"/><SP WIDTH="10" VPOS="380" HPOS="944"/>
							<String ID="string_85" HPOS="954" VPOS="382" WIDTH="72" HEIGHT="25" WC="0.92" CONTENT="egent-"/>
						</TextLine>
						<TextLine ID="line_8" HPOS="203" VPOS="408" WIDTH="824" HEIGHT="29">
							<String ID="string_86" HPOS="203" VPOS="410" WIDTH="29" HEIGHT="27" WC="0.96" CONTENT="lig"/><SP WIDTH="15" VPOS="410" HPOS="232"/>
							<String ID="string_87" HPOS="247" VPOS="411" WIDTH="84" HEIGHT="26" WC="0.96" CONTENT="mening"/><SP WIDTH="15" VPOS="411" HPOS="331"/>
							<String ID="string_88" HPOS="346" VPOS="410" WIDTH="33" HEIGHT="21" WC="0.96" CONTENT="till"/><SP WIDTH="15" VPOS="410" HPOS="379"/>
							<String ID="string_89" HPOS="394" VPOS="409" WIDTH="119" HEIGHT="28" WC="0.96" CONTENT="Uleåborgs"/><SP WIDTH="19" VPOS="409" HPOS="513"/>
							<String ID="string_90" HPOS="532" VPOS="409" WIDTH="41" HEIGHT="22" WC="0.95" CONTENT="län."/><SP WIDTH="31" VPOS="409" HPOS="573"/>
							<String ID="string_91" HPOS="604" VPOS="409" WIDTH="42" HEIGHT="21" WC="0.96" CONTENT="Det"/><SP WIDTH="15" VPOS="409" HPOS="646"/>
							<String ID="string_92" HPOS="661" VPOS="411" WIDTH="24" HEIGHT="19" WC="0.97" CONTENT="är"/><SP WIDTH="18" VPOS="411" HPOS="685"/>
							<String ID="string_93" HPOS="703" VPOS="409" WIDTH="75" HEIGHT="21" WC="0.92" CONTENT="endast"/><SP WIDTH="14" VPOS="409" HPOS="778"/>
							<String ID="string_94" HPOS="792" VPOS="409" WIDTH="32" HEIGHT="27" WC="0.92" CONTENT="Ijo"/><SP WIDTH="16" VPOS="409" HPOS="824"/>
							<String ID="string_95" HPOS="840" VPOS="408" WIDTH="63" HEIGHT="22" WC="0.91" CONTENT="elfdal"/><SP WIDTH="15" VPOS="408" HPOS="903"/>
							<String ID="string_96" HPOS="918" VPOS="409" WIDTH="40" HEIGHT="21" WC="0.93" CONTENT="och"/><SP WIDTH="15" VPOS="409" HPOS="958"/>
							<String ID="string_97" HPOS="973" VPOS="409" WIDTH="54" HEIGHT="22" WC="0.93" CONTENT="Uleå"/>
						</TextLine>
						<TextLine ID="line_9" HPOS="204" VPOS="438" WIDTH="824" HEIGHT="27">
							<String ID="string_98" HPOS="204" VPOS="439" WIDTH="70" HEIGHT="26" WC="0.92" CONTENT="elfdal,"/><SP WIDTH="16" VPOS="439" HPOS="274"/>
							<String ID="string_99" HPOS="290" VPOS="445" WIDTH="45" HEIGHT="16" WC="0.96" CONTENT="som"/><SP WIDTH="16" VPOS="445" HPOS="335"/>
							<String ID="string_100" HPOS="351" VPOS="440" WIDTH="37" HEIGHT="19" WC="0.96" CONTENT="äro"/><SP WIDTH="17" VPOS="440" HPOS="388"/>
							<String ID="string_101" HPOS="405" VPOS="442" WIDTH="31" HEIGHT="17" WC="0.97" CONTENT="att"/><SP WIDTH="15" VPOS="442" HPOS="436"/>
							<String ID="string_102" HPOS="451" VPOS="438" WIDTH="99" HEIGHT="22" WC="0.96" CONTENT="hänföras"/><SP WIDTH="16" VPOS="438" HPOS="550"/>
							<String ID="string_103" HPOS="566" VPOS="438" WIDTH="36" HEIGHT="25" WC="0.95" CONTENT="dit,"/><SP WIDTH="14" VPOS="438" HPOS="602"/>
							<String ID="string_104" HPOS="616" VPOS="439" WIDTH="64" HEIGHT="26" WC="0.96" CONTENT="jemte"/><SP WIDTH="16" VPOS="439" HPOS="680"/>
							<String ID="string_105" HPOS="696" VPOS="445" WIDTH="25" HEIGHT="14" WC="0.96" CONTENT="en"/><SP WIDTH="13" VPOS="445" HPOS="721"/>
							<String ID="string_106" HPOS="734" VPOS="438" WIDTH="33" HEIGHT="21" WC="0.96" CONTENT="del"/><SP WIDTH="11" VPOS="438" HPOS="767"/>
							<String ID="string_107" HPOS="778" VPOS="438" WIDTH="24" HEIGHT="20" WC="0.93" CONTENT="af"/><SP WIDTH="8" VPOS="438" HPOS="802"/>
							<String ID="string_108" HPOS="810" VPOS="438" WIDTH="128" HEIGHT="27" WC="0.92" CONTENT="Haapajärvi"/><SP WIDTH="16" VPOS="438" HPOS="938"/>
							<String ID="string_109" HPOS="954" VPOS="438" WIDTH="74" HEIGHT="21" WC="0.96" CONTENT="härad."/>
						</TextLine>
						<TextLine ID="line_10" HPOS="202" VPOS="465" WIDTH="824" HEIGHT="30">
							<String ID="string_110" HPOS="202" VPOS="480" WIDTH="28" HEIGHT="3" WC="0.89" CONTENT="—"/><SP WIDTH="14" VPOS="480" HPOS="230"/>
							<String ID="string_111" HPOS="244" VPOS="468" WIDTH="42" HEIGHT="27" WC="0.95" CONTENT="Jag"/><SP WIDTH="15" VPOS="468" HPOS="286"/>
							<String ID="string_112" HPOS="301" VPOS="468" WIDTH="41" HEIGHT="21" WC="0.95" CONTENT="kan"/><SP WIDTH="16" VPOS="468" HPOS="342"/>
							<String ID="string_113" HPOS="358" VPOS="467" WIDTH="26" HEIGHT="26" WC="0.96" CONTENT="ej,"/><SP WIDTH="17" VPOS="467" HPOS="384"/>
							<String ID="string_114" HPOS="401" VPOS="467" WIDTH="23" HEIGHT="22" WC="0.96" CONTENT="så"/><SP WIDTH="16" VPOS="467" HPOS="424"/>
							<String ID="string_115" HPOS="440" VPOS="474" WIDTH="65" HEIGHT="20" WC="0.96" CONTENT="gerna"/><SP WIDTH="12" VPOS="474" HPOS="505"/>
							<String ID="string_116" HPOS="517" VPOS="467" WIDTH="37" HEIGHT="27" WC="0.96" CONTENT="jag"/><SP WIDTH="16" VPOS="467" HPOS="554"/>
							<String ID="string_117" HPOS="570" VPOS="467" WIDTH="35" HEIGHT="21" WC="0.96" CONTENT="det"/><SP WIDTH="15" VPOS="467" HPOS="605"/>
							<String ID="string_118" HPOS="620" VPOS="469" WIDTH="26" HEIGHT="19" WC="0.96" CONTENT="än"/><SP WIDTH="16" VPOS="469" HPOS="646"/>
							<String ID="string_119" HPOS="662" VPOS="467" WIDTH="54" HEIGHT="25" WC="0.96" CONTENT="ville,"/><SP WIDTH="17" VPOS="467" HPOS="716"/>
							<String ID="string_120" HPOS="733" VPOS="468" WIDTH="59" HEIGHT="20" WC="0.96" CONTENT="rösta"/><SP WIDTH="15" VPOS="468" HPOS="792"/>
							<String ID="string_121" HPOS="807" VPOS="465" WIDTH="32" HEIGHT="22" WC="0.96" CONTENT="för"/><SP WIDTH="15" VPOS="465" HPOS="839"/>
							<String ID="string_122" HPOS="854" VPOS="467" WIDTH="40" HEIGHT="20" WC="0.93" CONTENT="den"/><SP WIDTH="15" VPOS="467" HPOS="894"/>
							<String ID="string_123" HPOS="909" VPOS="466" WIDTH="117" HEIGHT="27" WC="0.92" CONTENT="Uleåborg-"/>
						</TextLine>
						<TextLine ID="line_11" HPOS="203" VPOS="495" WIDTH="822" HEIGHT="28">
							<String ID="string_124" HPOS="203" VPOS="496" WIDTH="39" HEIGHT="21" WC="0.96" CONTENT="ska"/><SP WIDTH="15" VPOS="496" HPOS="242"/>
							<String ID="string_125" HPOS="257" VPOS="496" WIDTH="70" HEIGHT="22" WC="0.96" CONTENT="banan"/><SP WIDTH="16" VPOS="496" HPOS="327"/>
							<String ID="string_126" HPOS="343" VPOS="495" WIDTH="47" HEIGHT="22" WC="0.96" CONTENT="med"/><SP WIDTH="17" VPOS="495" HPOS="390"/>
							<String ID="string_127" HPOS="407" VPOS="496" WIDTH="39" HEIGHT="21" WC="0.95" CONTENT="den"/><SP WIDTH="17" VPOS="496" HPOS="446"/>
							<String ID="string_128" HPOS="463" VPOS="496" WIDTH="99" HEIGHT="27" WC="0.96" CONTENT="riktning,"/><SP WIDTH="16" VPOS="496" HPOS="562"/>
							<String ID="string_129" HPOS="578" VPOS="502" WIDTH="44" HEIGHT="15" WC="0.96" CONTENT="som"/><SP WIDTH="17" VPOS="502" HPOS="622"/>
							<String ID="string_130" HPOS="639" VPOS="495" WIDTH="39" HEIGHT="22" WC="0.97" CONTENT="den"/><SP WIDTH="16" VPOS="495" HPOS="678"/>
							<String ID="string_131" HPOS="694" VPOS="502" WIDTH="27" HEIGHT="15" WC="0.96" CONTENT="nu"/><SP WIDTH="16" VPOS="502" HPOS="721"/>
							<String ID="string_132" HPOS="737" VPOS="495" WIDTH="41" HEIGHT="22" WC="0.96" CONTENT="fått"/><SP WIDTH="14" VPOS="495" HPOS="778"/>
							<String ID="string_133" HPOS="792" VPOS="495" WIDTH="32" HEIGHT="28" WC="0.96" CONTENT="sig"/><SP WIDTH="9" VPOS="495" HPOS="824"/>
							<String ID="string_134" HPOS="833" VPOS="495" WIDTH="125" HEIGHT="26" WC="0.95" CONTENT="föreslagen,"/><SP WIDTH="16" VPOS="495" HPOS="958"/>
							<String ID="string_135" HPOS="974" VPOS="498" WIDTH="51" HEIGHT="19" WC="0.96" CONTENT="utan"/>
						</TextLine>
						<TextLine ID="line_12" HPOS="203" VPOS="524" WIDTH="823" HEIGHT="27">
							<String ID="string_136" HPOS="203" VPOS="525" WIDTH="97" HEIGHT="22" WC="0.96" CONTENT="förordar"/><SP WIDTH="12" VPOS="525" HPOS="300"/>
							<String ID="string_137" HPOS="312" VPOS="525" WIDTH="36" HEIGHT="26" WC="0.96" CONTENT="jag"/><SP WIDTH="23" VPOS="525" HPOS="348"/>
							<String ID="string_138" HPOS="371" VPOS="524" WIDTH="83" HEIGHT="27" WC="0.95" CONTENT="Kuopio"/><SP WIDTH="24" VPOS="524" HPOS="454"/>
							<String ID="string_139" HPOS="478" VPOS="525" WIDTH="68" HEIGHT="21" WC="0.96" CONTENT="banan"/><SP WIDTH="24" VPOS="525" HPOS="546"/>
							<String ID="string_140" HPOS="570" VPOS="525" WIDTH="39" HEIGHT="20" WC="0.96" CONTENT="och"/><SP WIDTH="20" VPOS="525" HPOS="609"/>
							<String ID="string_141" HPOS="629" VPOS="524" WIDTH="69" HEIGHT="21" WC="0.95" CONTENT="skulle"/><SP WIDTH="13" VPOS="524" HPOS="698"/>
							<String ID="string_142" HPOS="711" VPOS="524" WIDTH="43" HEIGHT="27" WC="0.96" CONTENT="jag,"/><SP WIDTH="16" VPOS="524" HPOS="754"/>
							<String ID="string_143" HPOS="770" VPOS="524" WIDTH="32" HEIGHT="21" WC="0.96" CONTENT="för"/><SP WIDTH="16" VPOS="524" HPOS="802"/>
							<String ID="string_144" HPOS="818" VPOS="524" WIDTH="40" HEIGHT="21" WC="0.96" CONTENT="den"/><SP WIDTH="16" VPOS="524" HPOS="858"/>
							<String ID="string_145" HPOS="874" VPOS="524" WIDTH="100" HEIGHT="21" WC="0.95" CONTENT="händelse"/><SP WIDTH="16" VPOS="524" HPOS="974"/>
							<String ID="string_146" HPOS="990" VPOS="524" WIDTH="36" HEIGHT="21" WC="0.96" CONTENT="det"/>
						</TextLine>
						<TextLine ID="line_13" HPOS="204" VPOS="552" WIDTH="822" HEIGHT="26">
							<String ID="string_147" HPOS="204" VPOS="554" WIDTH="104" HEIGHT="21" WC="0.96" CONTENT="oväntade"/><SP WIDTH="22" VPOS="554" HPOS="308"/>
							<String ID="string_148" HPOS="330" VPOS="553" WIDTH="118" HEIGHT="24" WC="0.95" CONTENT="inträffade,"/><SP WIDTH="24" VPOS="553" HPOS="448"/>
							<String ID="string_149" HPOS="472" VPOS="555" WIDTH="32" HEIGHT="19" WC="0.96" CONTENT="att"/><SP WIDTH="22" VPOS="555" HPOS="504"/>
							<String ID="string_150" HPOS="526" VPOS="553" WIDTH="68" HEIGHT="21" WC="0.96" CONTENT="denna"/><SP WIDTH="15" VPOS="553" HPOS="594"/>
							<String ID="string_151" HPOS="609" VPOS="553" WIDTH="55" HEIGHT="21" WC="0.93" CONTENT="bana"/><SP WIDTH="17" VPOS="553" HPOS="664"/>
							<String ID="string_152" HPOS="681" VPOS="553" WIDTH="110" HEIGHT="21" WC="0.91" CONTENT="voterades"/><SP WIDTH="15" VPOS="553" HPOS="791"/>
							<String ID="string_153" HPOS="806" VPOS="552" WIDTH="23" HEIGHT="22" WC="0.96" CONTENT="af"/><SP WIDTH="13" VPOS="552" HPOS="829"/>
							<String ID="string_154" HPOS="842" VPOS="553" WIDTH="90" HEIGHT="25" WC="0.96" CONTENT="ståndet,"/><SP WIDTH="17" VPOS="553" HPOS="932"/>
							<String ID="string_155" HPOS="949" VPOS="552" WIDTH="77" HEIGHT="22" WC="0.96" CONTENT="föreslå"/>
						</TextLine>
						<TextLine ID="line_14" HPOS="204" VPOS="580" WIDTH="822" HEIGHT="29">
							<String ID="string_156" HPOS="204" VPOS="584" WIDTH="32" HEIGHT="19" WC="0.96" CONTENT="att"/><SP WIDTH="15" VPOS="584" HPOS="236"/>
							<String ID="string_157" HPOS="251" VPOS="583" WIDTH="6" HEIGHT="20" WC="0.93" CONTENT="i"/><SP WIDTH="15" VPOS="583" HPOS="257"/>
							<String ID="string_158" HPOS="272" VPOS="581" WIDTH="132" HEIGHT="28" WC="0.91" CONTENT="underdånig"/><SP WIDTH="14" VPOS="581" HPOS="404"/>
							<String ID="string_159" HPOS="418" VPOS="582" WIDTH="91" HEIGHT="27" WC="0.95" CONTENT="petition"/><SP WIDTH="15" VPOS="582" HPOS="509"/>
							<String ID="string_160" HPOS="524" VPOS="583" WIDTH="66" HEIGHT="20" WC="0.92" CONTENT="måtte"/><SP WIDTH="16" VPOS="583" HPOS="590"/>
							<String ID="string_161" HPOS="606" VPOS="581" WIDTH="96" HEIGHT="22" WC="0.92" CONTENT="anhållas"/><SP WIDTH="16" VPOS="581" HPOS="702"/>
							<String ID="string_162" HPOS="718" VPOS="588" WIDTH="34" HEIGHT="14" WC="0.96" CONTENT="om"/><SP WIDTH="15" VPOS="588" HPOS="752"/>
							<String ID="string_163" HPOS="767" VPOS="581" WIDTH="64" HEIGHT="27" WC="0.96" CONTENT="nådig"/><SP WIDTH="15" VPOS="581" HPOS="831"/>
							<String ID="string_164" HPOS="846" VPOS="581" WIDTH="132" HEIGHT="27" WC="0.96" CONTENT="proposition"/><SP WIDTH="15" VPOS="581" HPOS="978"/>
							<String ID="string_165" HPOS="993" VPOS="580" WIDTH="33" HEIGHT="22" WC="0.96" CONTENT="till"/>
						</TextLine>
						<TextLine ID="line_15" HPOS="202" VPOS="609" WIDTH="824" HEIGHT="28">
							<String ID="string_166" HPOS="202" VPOS="610" WIDTH="178" HEIGHT="22" WC="0.93" CONTENT="nästkommande"/><SP WIDTH="16" VPOS="610" HPOS="380"/>
							<String ID="string_167" HPOS="396" VPOS="611" WIDTH="101" HEIGHT="26" WC="0.92" CONTENT="landtdag"/><SP WIDTH="19" VPOS="611" HPOS="497"/>
							<String ID="string_168" HPOS="516" VPOS="617" WIDTH="33" HEIGHT="14" WC="0.93" CONTENT="om"/><SP WIDTH="13" VPOS="617" HPOS="549"/>
							<String ID="string_169" HPOS="562" VPOS="611" WIDTH="126" HEIGHT="26" WC="0.92" CONTENT="jernvägens"/><SP WIDTH="22" VPOS="611" HPOS="688"/>
							<String ID="string_170" HPOS="710" VPOS="610" WIDTH="146" HEIGHT="26" WC="0.95" CONTENT="utsträckning"/><SP WIDTH="14" VPOS="610" HPOS="856"/>
							<String ID="string_171" HPOS="870" VPOS="609" WIDTH="33" HEIGHT="22" WC="0.96" CONTENT="till"/><SP WIDTH="16" VPOS="609" HPOS="903"/>
							<String ID="string_172" HPOS="919" VPOS="609" WIDTH="107" HEIGHT="27" WC="0.95" CONTENT="Uleåborg"/>
						</TextLine>
						<TextLine ID="line_16" HPOS="203" VPOS="638" WIDTH="728" HEIGHT="27">
							<String ID="string_173" HPOS="203" VPOS="639" WIDTH="7" HEIGHT="21" WC="0.96" CONTENT="i"/><SP WIDTH="16" VPOS="639" HPOS="210"/>
							<String ID="string_174" HPOS="226" VPOS="640" WIDTH="39" HEIGHT="21" WC="0.96" CONTENT="den"/><SP WIDTH="17" VPOS="640" HPOS="265"/>
							<String ID="string_175" HPOS="282" VPOS="639" WIDTH="98" HEIGHT="26" WC="0.96" CONTENT="riktning,"/><SP WIDTH="16" VPOS="639" HPOS="380"/>
							<String ID="string_176" HPOS="396" VPOS="645" WIDTH="44" HEIGHT="15" WC="0.96" CONTENT="som"/><SP WIDTH="18" VPOS="645" HPOS="440"/>
							<String ID="string_177" HPOS="458" VPOS="639" WIDTH="122" HEIGHT="26" WC="0.96" CONTENT="regeringen"/><SP WIDTH="17" VPOS="639" HPOS="580"/>
							<String ID="string_178" HPOS="597" VPOS="639" WIDTH="40" HEIGHT="20" WC="0.96" CONTENT="kan"/><SP WIDTH="16" VPOS="639" HPOS="637"/>
							<String ID="string_179" HPOS="653" VPOS="638" WIDTH="56" HEIGHT="21" WC="0.93" CONTENT="finna"/><SP WIDTH="15" VPOS="638" HPOS="709"/>
							<String ID="string_180" HPOS="724" VPOS="638" WIDTH="207" HEIGHT="27" WC="0.91" CONTENT="ändamålsenligast."/>
						</TextLine>
					</TextBlock>
					<TextBlock ID="block_2" HPOS="201" VPOS="667" WIDTH="827" HEIGHT="850">
						<TextLine ID="line_17" HPOS="272" VPOS="667" WIDTH="752" HEIGHT="26">
							<String ID="string_181" HPOS="272" VPOS="667" WIDTH="49" HEIGHT="22" WC="0.96" CONTENT="Man"/><SP WIDTH="16" VPOS="667" HPOS="321"/>
							<String ID="string_182" HPOS="337" VPOS="674" WIDTH="34" HEIGHT="14" WC="0.96" CONTENT="ser"/><SP WIDTH="15" VPOS="674" HPOS="371"/>
							<String ID="string_183" HPOS="386" VPOS="668" WIDTH="22" HEIGHT="21" WC="0.93" CONTENT="af"/><SP WIDTH="14" VPOS="668" HPOS="408"/>
							<String ID="string_184" HPOS="422" VPOS="667" WIDTH="116" HEIGHT="21" WC="0.91" CONTENT="utskotters"/><SP WIDTH="16" VPOS="667" HPOS="538"/>
							<String ID="string_185" HPOS="554" VPOS="667" WIDTH="140" HEIGHT="26" WC="0.95" CONTENT="betänkande,"/><SP WIDTH="22" VPOS="667" HPOS="694"/>
							<String ID="string_186" HPOS="716" VPOS="669" WIDTH="32" HEIGHT="18" WC="0.92" CONTENT="att"/><SP WIDTH="20" VPOS="669" HPOS="748"/>
							<String ID="string_187" HPOS="768" VPOS="667" WIDTH="106" HEIGHT="26" WC="0.92" CONTENT="åsigterna"/><SP WIDTH="16" VPOS="667" HPOS="874"/>
							<String ID="string_188" HPOS="890" VPOS="673" WIDTH="33" HEIGHT="15" WC="0.93" CONTENT="om"/><SP WIDTH="17" VPOS="673" HPOS="923"/>
							<String ID="string_189" HPOS="940" VPOS="667" WIDTH="84" HEIGHT="21" WC="0.92" CONTENT="kustba-"/>
						</TextLine>
						<TextLine ID="line_18" HPOS="204" VPOS="695" WIDTH="822" HEIGHT="28">
							<String ID="string_190" HPOS="204" VPOS="702" WIDTH="52" HEIGHT="15" WC="0.91" CONTENT="nans"/><SP WIDTH="15" VPOS="702" HPOS="256"/>
							<String ID="string_191" HPOS="271" VPOS="696" WIDTH="122" HEIGHT="27" WC="0.95" CONTENT="sträckning"/><SP WIDTH="19" VPOS="696" HPOS="393"/>
							<String ID="string_192" HPOS="412" VPOS="695" WIDTH="114" HEIGHT="28" WC="0.96" CONTENT="ingalunda"/><SP WIDTH="15" VPOS="695" HPOS="526"/>
							<String ID="string_193" HPOS="541" VPOS="698" WIDTH="55" HEIGHT="19" WC="0.96" CONTENT="ännu"/><SP WIDTH="22" VPOS="698" HPOS="596"/>
							<String ID="string_194" HPOS="618" VPOS="696" WIDTH="74" HEIGHT="21" WC="0.96" CONTENT="vunnit"/><SP WIDTH="15" VPOS="696" HPOS="692"/>
							<String ID="string_195" HPOS="707" VPOS="695" WIDTH="64" HEIGHT="28" WC="0.96" CONTENT="nödig"/><SP WIDTH="16" VPOS="695" HPOS="771"/>
							<String ID="string_196" HPOS="787" VPOS="696" WIDTH="79" HEIGHT="26" WC="0.95" CONTENT="stadga."/><SP WIDTH="32" VPOS="696" HPOS="866"/>
							<String ID="string_197" HPOS="898" VPOS="695" WIDTH="42" HEIGHT="22" WC="0.94" CONTENT="Det"/><SP WIDTH="15" VPOS="695" HPOS="940"/>
							<String ID="string_198" HPOS="955" VPOS="697" WIDTH="23" HEIGHT="20" WC="0.96" CONTENT="är"/><SP WIDTH="15" VPOS="697" HPOS="978"/>
							<String ID="string_199" HPOS="993" VPOS="697" WIDTH="33" HEIGHT="20" WC="0.96" CONTENT="tre"/>
						</TextLine>
						<TextLine ID="line_19" HPOS="204" VPOS="724" WIDTH="821" HEIGHT="27">
							<String ID="string_200" HPOS="204" VPOS="725" WIDTH="104" HEIGHT="21" WC="0.95" CONTENT="särskilda"/><SP WIDTH="15" VPOS="725" HPOS="308"/>
							<String ID="string_201" HPOS="323" VPOS="725" WIDTH="115" HEIGHT="26" WC="0.96" CONTENT="meningar,"/><SP WIDTH="16" VPOS="725" HPOS="438"/>
							<String ID="string_202" HPOS="454" VPOS="730" WIDTH="45" HEIGHT="15" WC="0.96" CONTENT="som"/><SP WIDTH="16" VPOS="730" HPOS="499"/>
							<String ID="string_203" HPOS="515" VPOS="726" WIDTH="6" HEIGHT="19" WC="0.96" CONTENT="i"/><SP WIDTH="16" VPOS="726" HPOS="521"/>
							<String ID="string_204" HPOS="537" VPOS="725" WIDTH="115" HEIGHT="20" WC="0.96" CONTENT="utskottets"/><SP WIDTH="16" VPOS="725" HPOS="652"/>
							<String ID="string_205" HPOS="668" VPOS="724" WIDTH="133" HEIGHT="21" WC="0.96" CONTENT="betänkande"/><SP WIDTH="14" VPOS="724" HPOS="801"/>
							<String ID="string_206" HPOS="815" VPOS="724" WIDTH="70" HEIGHT="21" WC="0.96" CONTENT="blifvit"/><SP WIDTH="15" VPOS="724" HPOS="885"/>
							<String ID="string_207" HPOS="900" VPOS="724" WIDTH="125" HEIGHT="27" WC="0.96" CONTENT="framlagda,"/>
						</TextLine>
						<TextLine ID="line_20" HPOS="204" VPOS="753" WIDTH="822" HEIGHT="27">
							<String ID="string_208" HPOS="204" VPOS="753" WIDTH="39" HEIGHT="22" WC="0.96" CONTENT="och"/><SP WIDTH="15" VPOS="753" HPOS="243"/>
							<String ID="string_209" HPOS="258" VPOS="753" WIDTH="7" HEIGHT="22" WC="0.96" CONTENT="i"/><SP WIDTH="15" VPOS="753" HPOS="265"/>
							<String ID="string_210" HPOS="280" VPOS="754" WIDTH="42" HEIGHT="26" WC="0.96" CONTENT="dag"/><SP WIDTH="14" VPOS="754" HPOS="322"/>
							<String ID="string_211" HPOS="336" VPOS="753" WIDTH="40" HEIGHT="21" WC="0.96" CONTENT="har"/><SP WIDTH="14" VPOS="753" HPOS="376"/>
							<String ID="string_212" HPOS="390" VPOS="753" WIDTH="39" HEIGHT="21" WC="0.93" CONTENT="här"/><SP WIDTH="15" VPOS="753" HPOS="429"/>
							<String ID="string_213" HPOS="444" VPOS="753" WIDTH="137" HEIGHT="22" WC="0.89" CONTENT="framkastats"/><SP WIDTH="18" VPOS="753" HPOS="581"/>
							<String ID="string_214" HPOS="599" VPOS="753" WIDTH="128" HEIGHT="21" WC="0.96" CONTENT="åtminstone"/><SP WIDTH="15" VPOS="753" HPOS="727"/>
							<String ID="string_215" HPOS="742" VPOS="756" WIDTH="32" HEIGHT="19" WC="0.96" CONTENT="ett"/><SP WIDTH="15" VPOS="756" HPOS="774"/>
							<String ID="string_216" HPOS="789" VPOS="755" WIDTH="47" HEIGHT="25" WC="0.96" CONTENT="nytt"/><SP WIDTH="14" VPOS="755" HPOS="836"/>
							<String ID="string_217" HPOS="850" VPOS="753" WIDTH="78" HEIGHT="26" WC="0.96" CONTENT="förslag"/><SP WIDTH="16" VPOS="753" HPOS="928"/>
							<String ID="string_218" HPOS="944" VPOS="753" WIDTH="6" HEIGHT="21" WC="0.96" CONTENT="i"/><SP WIDTH="16" VPOS="753" HPOS="950"/>
							<String ID="string_219" HPOS="966" VPOS="753" WIDTH="60" HEIGHT="21" WC="0.96" CONTENT="detta"/>
						</TextLine>
						<TextLine ID="line_21" HPOS="204" VPOS="781" WIDTH="821" HEIGHT="28">
							<String ID="string_220" HPOS="204" VPOS="782" WIDTH="106" HEIGHT="21" WC="0.94" CONTENT="afseende."/><SP WIDTH="31" VPOS="782" HPOS="310"/>
							<String ID="string_221" HPOS="341" VPOS="783" WIDTH="32" HEIGHT="20" WC="0.96" CONTENT="Då"/><SP WIDTH="13" VPOS="783" HPOS="373"/>
							<String ID="string_222" HPOS="386" VPOS="782" WIDTH="37" HEIGHT="27" WC="0.96" CONTENT="jag"/><SP WIDTH="15" VPOS="782" HPOS="423"/>
							<String ID="string_223" HPOS="438" VPOS="782" WIDTH="32" HEIGHT="21" WC="0.96" CONTENT="för"/><SP WIDTH="16" VPOS="782" HPOS="470"/>
							<String ID="string_224" HPOS="486" VPOS="782" WIDTH="41" HEIGHT="21" WC="0.96" CONTENT="min"/><SP WIDTH="17" VPOS="782" HPOS="527"/>
							<String ID="string_225" HPOS="544" VPOS="782" WIDTH="32" HEIGHT="21" WC="0.96" CONTENT="del"/><SP WIDTH="16" VPOS="782" HPOS="576"/>
							<String ID="string_226" HPOS="592" VPOS="781" WIDTH="68" HEIGHT="22" WC="0.95" CONTENT="håller"/><SP WIDTH="19" VPOS="781" HPOS="660"/>
							<String ID="string_227" HPOS="679" VPOS="782" WIDTH="83" HEIGHT="26" WC="0.96" CONTENT="Kuopio"/><SP WIDTH="16" VPOS="782" HPOS="762"/>
							<String ID="string_228" HPOS="778" VPOS="782" WIDTH="68" HEIGHT="21" WC="0.95" CONTENT="banan"/><SP WIDTH="16" VPOS="782" HPOS="846"/>
							<String ID="string_229" HPOS="862" VPOS="781" WIDTH="32" HEIGHT="22" WC="0.96" CONTENT="för"/><SP WIDTH="16" VPOS="781" HPOS="894"/>
							<String ID="string_230" HPOS="910" VPOS="782" WIDTH="39" HEIGHT="21" WC="0.91" CONTENT="den"/><SP WIDTH="16" VPOS="782" HPOS="949"/>
							<String ID="string_231" HPOS="965" VPOS="781" WIDTH="60" HEIGHT="22" WC="0.91" CONTENT="rikti-"/>
						</TextLine>
						<TextLine ID="line_22" HPOS="203" VPOS="810" WIDTH="823" HEIGHT="27">
							<String ID="string_232" HPOS="203" VPOS="814" WIDTH="60" HEIGHT="23" WC="0.91" CONTENT="gaste"/><SP WIDTH="15" VPOS="814" HPOS="263"/>
							<String ID="string_233" HPOS="278" VPOS="811" WIDTH="39" HEIGHT="20" WC="0.96" CONTENT="och"/><SP WIDTH="15" VPOS="811" HPOS="317"/>
							<String ID="string_234" HPOS="332" VPOS="811" WIDTH="90" HEIGHT="26" WC="0.96" CONTENT="mången"/><SP WIDTH="16" VPOS="811" HPOS="422"/>
							<String ID="string_235" HPOS="438" VPOS="817" WIDTH="68" HEIGHT="14" WC="0.96" CONTENT="annan"/><SP WIDTH="24" VPOS="817" HPOS="506"/>
							<String ID="string_236" HPOS="530" VPOS="810" WIDTH="58" HEIGHT="22" WC="0.96" CONTENT="delar"/><SP WIDTH="16" VPOS="810" HPOS="588"/>
							<String ID="string_237" HPOS="604" VPOS="811" WIDTH="68" HEIGHT="20" WC="0.96" CONTENT="denna"/><SP WIDTH="18" VPOS="811" HPOS="672"/>
							<String ID="string_238" HPOS="690" VPOS="810" WIDTH="142" HEIGHT="27" WC="0.48" CONTENT="uppfattning,"/><SP WIDTH="16" VPOS="810" HPOS="832"/>
							<String ID="string_239" HPOS="848" VPOS="811" WIDTH="60" HEIGHT="20" WC="0.96" CONTENT="torde"/><SP WIDTH="17" VPOS="811" HPOS="908"/>
							<String ID="string_240" HPOS="925" VPOS="811" WIDTH="35" HEIGHT="20" WC="0.96" CONTENT="det"/><SP WIDTH="15" VPOS="811" HPOS="960"/>
							<String ID="string_241" HPOS="975" VPOS="817" WIDTH="51" HEIGHT="14" WC="0.96" CONTENT="vara"/>
						</TextLine>
						<TextLine ID="line_23" HPOS="204" VPOS="839" WIDTH="822" HEIGHT="26">
							<String ID="string_242" HPOS="204" VPOS="840" WIDTH="38" HEIGHT="21" WC="0.96" CONTENT="allt"/><SP WIDTH="16" VPOS="840" HPOS="242"/>
							<String ID="string_243" HPOS="258" VPOS="839" WIDTH="46" HEIGHT="21" WC="0.96" CONTENT="skäl"/><SP WIDTH="15" VPOS="839" HPOS="304"/>
							<String ID="string_244" HPOS="319" VPOS="841" WIDTH="32" HEIGHT="19" WC="0.96" CONTENT="att"/><SP WIDTH="22" VPOS="841" HPOS="351"/>
							<String ID="string_245" HPOS="373" VPOS="839" WIDTH="46" HEIGHT="21" WC="0.93" CONTENT="icke"/><SP WIDTH="21" VPOS="839" HPOS="419"/>
							<String ID="string_246" HPOS="440" VPOS="839" WIDTH="94" HEIGHT="21" WC="0.92" CONTENT="förhasta"/><SP WIDTH="22" VPOS="839" HPOS="534"/>
							<String ID="string_247" HPOS="556" VPOS="839" WIDTH="31" HEIGHT="26" WC="0.96" CONTENT="sig"/><SP WIDTH="21" VPOS="839" HPOS="587"/>
							<String ID="string_248" HPOS="608" VPOS="839" WIDTH="49" HEIGHT="21" WC="0.96" CONTENT="med"/><SP WIDTH="22" VPOS="839" HPOS="657"/>
							<String ID="string_249" HPOS="679" VPOS="839" WIDTH="98" HEIGHT="21" WC="0.93" CONTENT="afseende"/><SP WIDTH="15" VPOS="839" HPOS="777"/>
							<String ID="string_250" HPOS="792" VPOS="839" WIDTH="12" HEIGHT="20" WC="0.91" CONTENT="å"/><SP WIDTH="16" VPOS="839" HPOS="804"/>
							<String ID="string_251" HPOS="820" VPOS="839" WIDTH="40" HEIGHT="20" WC="0.91" CONTENT="den"/><SP WIDTH="19" VPOS="839" HPOS="860"/>
							<String ID="string_252" HPOS="879" VPOS="839" WIDTH="147" HEIGHT="26" WC="0.91" CONTENT="Uleåborgska"/>
						</TextLine>
						<TextLine ID="line_24" HPOS="204" VPOS="867" WIDTH="822" HEIGHT="27">
							<String ID="string_253" HPOS="204" VPOS="868" WIDTH="80" HEIGHT="21" WC="0.96" CONTENT="banans"/><SP WIDTH="15" VPOS="868" HPOS="284"/>
							<String ID="string_254" HPOS="299" VPOS="867" WIDTH="116" HEIGHT="27" WC="0.96" CONTENT="byggande,"/><SP WIDTH="23" VPOS="867" HPOS="415"/>
							<String ID="string_255" HPOS="438" VPOS="867" WIDTH="55" HEIGHT="22" WC="0.96" CONTENT="helst"/><SP WIDTH="15" VPOS="867" HPOS="493"/>
							<String ID="string_256" HPOS="508" VPOS="867" WIDTH="103" HEIGHT="22" WC="0.96" CONTENT="Savolaks"/><SP WIDTH="23" VPOS="867" HPOS="611"/>
							<String ID="string_257" HPOS="634" VPOS="867" WIDTH="39" HEIGHT="21" WC="0.96" CONTENT="och"/><SP WIDTH="16" VPOS="867" HPOS="673"/>
							<String ID="string_258" HPOS="689" VPOS="867" WIDTH="35" HEIGHT="21" WC="0.96" CONTENT="det"/><SP WIDTH="14" VPOS="867" HPOS="724"/>
							<String ID="string_259" HPOS="738" VPOS="868" WIDTH="46" HEIGHT="20" WC="0.96" CONTENT="inre"/><SP WIDTH="15" VPOS="868" HPOS="784"/>
							<String ID="string_260" HPOS="799" VPOS="867" WIDTH="23" HEIGHT="20" WC="0.96" CONTENT="af"/><SP WIDTH="14" VPOS="867" HPOS="822"/>
							<String ID="string_261" HPOS="836" VPOS="867" WIDTH="72" HEIGHT="21" WC="0.96" CONTENT="landet"/><SP WIDTH="15" VPOS="867" HPOS="908"/>
							<String ID="string_262" HPOS="923" VPOS="867" WIDTH="40" HEIGHT="21" WC="0.96" CONTENT="har"/><SP WIDTH="15" VPOS="867" HPOS="963"/>
							<String ID="string_263" HPOS="978" VPOS="867" WIDTH="48" HEIGHT="22" WC="0.96" CONTENT="fullt"/>
						</TextLine>
						<TextLine ID="line_25" HPOS="203" VPOS="895" WIDTH="825" HEIGHT="28">
							<String ID="string_264" HPOS="203" VPOS="898" WIDTH="23" HEIGHT="19" WC="0.96" CONTENT="ut"/><SP WIDTH="15" VPOS="898" HPOS="226"/>
							<String ID="string_265" HPOS="241" VPOS="896" WIDTH="44" HEIGHT="21" WC="0.96" CONTENT="lika"/><SP WIDTH="23" VPOS="896" HPOS="285"/>
							<String ID="string_266" HPOS="308" VPOS="895" WIDTH="131" HEIGHT="26" WC="0.96" CONTENT="berättigade"/><SP WIDTH="23" VPOS="895" HPOS="439"/>
							<String ID="string_267" HPOS="462" VPOS="896" WIDTH="92" HEIGHT="26" WC="0.96" CONTENT="anspråk"/><SP WIDTH="22" VPOS="896" HPOS="554"/>
							<String ID="string_268" HPOS="576" VPOS="897" WIDTH="28" HEIGHT="25" WC="0.96" CONTENT="på"/><SP WIDTH="14" VPOS="897" HPOS="604"/>
							<String ID="string_269" HPOS="618" VPOS="898" WIDTH="32" HEIGHT="19" WC="0.96" CONTENT="att"/><SP WIDTH="22" VPOS="898" HPOS="650"/>
							<String ID="string_270" HPOS="672" VPOS="896" WIDTH="85" HEIGHT="27" WC="0.95" CONTENT="komma"/><SP WIDTH="21" VPOS="896" HPOS="757"/>
							<String ID="string_271" HPOS="778" VPOS="896" WIDTH="6" HEIGHT="20" WC="0.93" CONTENT="i"/><SP WIDTH="16" VPOS="896" HPOS="784"/>
							<String ID="string_272" HPOS="800" VPOS="895" WIDTH="228" HEIGHT="27" WC="0.90" CONTENT="jernvägsförbindelse"/>
						</TextLine>
						<TextLine ID="line_26" HPOS="203" VPOS="924" WIDTH="822" HEIGHT="26">
							<String ID="string_273" HPOS="203" VPOS="925" WIDTH="47" HEIGHT="20" WC="0.95" CONTENT="med"/><SP WIDTH="16" VPOS="925" HPOS="250"/>
							<String ID="string_274" HPOS="266" VPOS="924" WIDTH="37" HEIGHT="21" WC="0.96" CONTENT="det"/><SP WIDTH="22" VPOS="924" HPOS="303"/>
							<String ID="string_275" HPOS="325" VPOS="924" WIDTH="67" HEIGHT="26" WC="0.96" CONTENT="öfriga"/><SP WIDTH="15" VPOS="924" HPOS="392"/>
							<String ID="string_276" HPOS="407" VPOS="924" WIDTH="78" HEIGHT="25" WC="0.96" CONTENT="landet,"/><SP WIDTH="23" VPOS="924" HPOS="485"/>
							<String ID="string_277" HPOS="508" VPOS="930" WIDTH="46" HEIGHT="15" WC="0.96" CONTENT="som"/><SP WIDTH="16" VPOS="930" HPOS="554"/>
							<String ID="string_278" HPOS="570" VPOS="924" WIDTH="36" HEIGHT="21" WC="0.96" CONTENT="det"/><SP WIDTH="22" VPOS="924" HPOS="606"/>
							<String ID="string_279" HPOS="628" VPOS="924" WIDTH="96" HEIGHT="26" WC="0.93" CONTENT="nordliga"/><SP WIDTH="18" VPOS="924" HPOS="724"/>
							<String ID="string_280" HPOS="742" VPOS="924" WIDTH="145" HEIGHT="21" WC="0.96" CONTENT="Österbotten."/><SP WIDTH="30" VPOS="924" HPOS="887"/>
							<String ID="string_281" HPOS="917" VPOS="924" WIDTH="43" HEIGHT="21" WC="0.95" CONTENT="Det"/><SP WIDTH="15" VPOS="924" HPOS="960"/>
							<String ID="string_282" HPOS="975" VPOS="931" WIDTH="50" HEIGHT="14" WC="0.96" CONTENT="vore"/>
						</TextLine>
						<TextLine ID="line_27" HPOS="203" VPOS="952" WIDTH="822" HEIGHT="28">
							<String ID="string_283" HPOS="203" VPOS="953" WIDTH="33" HEIGHT="21" WC="0.96" CONTENT="till"/><SP WIDTH="16" VPOS="953" HPOS="236"/>
							<String ID="string_284" HPOS="252" VPOS="952" WIDTH="38" HEIGHT="22" WC="0.96" CONTENT="och"/><SP WIDTH="16" VPOS="952" HPOS="290"/>
							<String ID="string_285" HPOS="306" VPOS="953" WIDTH="47" HEIGHT="21" WC="0.96" CONTENT="med"/><SP WIDTH="16" VPOS="953" HPOS="353"/>
							<String ID="string_286" HPOS="369" VPOS="952" WIDTH="95" HEIGHT="28" WC="0.96" CONTENT="lämpligt"/><SP WIDTH="16" VPOS="952" HPOS="464"/>
							<String ID="string_287" HPOS="480" VPOS="954" WIDTH="32" HEIGHT="19" WC="0.96" CONTENT="att"/><SP WIDTH="15" VPOS="954" HPOS="512"/>
							<String ID="string_288" HPOS="527" VPOS="953" WIDTH="43" HEIGHT="20" WC="0.96" CONTENT="låta"/><SP WIDTH="16" VPOS="953" HPOS="570"/>
							<String ID="string_289" HPOS="586" VPOS="952" WIDTH="64" HEIGHT="21" WC="0.95" CONTENT="Wasa"/><SP WIDTH="15" VPOS="952" HPOS="650"/>
							<String ID="string_290" HPOS="665" VPOS="953" WIDTH="69" HEIGHT="20" WC="0.96" CONTENT="banan"/><SP WIDTH="16" VPOS="953" HPOS="734"/>
							<String ID="string_291" HPOS="750" VPOS="953" WIDTH="64" HEIGHT="20" WC="0.96" CONTENT="verka"/><SP WIDTH="16" VPOS="953" HPOS="814"/>
							<String ID="string_292" HPOS="830" VPOS="952" WIDTH="68" HEIGHT="27" WC="0.96" CONTENT="någon"/><SP WIDTH="16" VPOS="952" HPOS="898"/>
							<String ID="string_293" HPOS="914" VPOS="953" WIDTH="32" HEIGHT="20" WC="0.96" CONTENT="tid"/><SP WIDTH="15" VPOS="953" HPOS="946"/>
							<String ID="string_294" HPOS="961" VPOS="952" WIDTH="64" HEIGHT="22" WC="0.96" CONTENT="innan"/>
						</TextLine>
						<TextLine ID="line_28" HPOS="204" VPOS="980" WIDTH="823" HEIGHT="28">
							<String ID="string_295" HPOS="204" VPOS="987" WIDTH="48" HEIGHT="16" WC="0.96" CONTENT="man"/><SP WIDTH="15" VPOS="987" HPOS="252"/>
							<String ID="string_296" HPOS="267" VPOS="981" WIDTH="38" HEIGHT="26" WC="0.96" CONTENT="går"/><SP WIDTH="22" VPOS="981" HPOS="305"/>
							<String ID="string_297" HPOS="327" VPOS="981" WIDTH="71" HEIGHT="21" WC="0.96" CONTENT="vidare"/><SP WIDTH="16" VPOS="981" HPOS="398"/>
							<String ID="string_298" HPOS="414" VPOS="981" WIDTH="39" HEIGHT="21" WC="0.93" CONTENT="och"/><SP WIDTH="22" VPOS="981" HPOS="453"/>
							<String ID="string_299" HPOS="475" VPOS="980" WIDTH="107" HEIGHT="27" WC="0.91" CONTENT="uppoffrar"/><SP WIDTH="23" VPOS="980" HPOS="582"/>
							<String ID="string_300" HPOS="605" VPOS="981" WIDTH="111" HEIGHT="20" WC="0.95" CONTENT="millioner."/><SP WIDTH="30" VPOS="981" HPOS="716"/>
							<String ID="string_301" HPOS="746" VPOS="981" WIDTH="44" HEIGHT="21" WC="0.96" CONTENT="För"/><SP WIDTH="19" VPOS="981" HPOS="790"/>
							<String ID="string_302" HPOS="809" VPOS="981" WIDTH="42" HEIGHT="20" WC="0.96" CONTENT="min"/><SP WIDTH="16" VPOS="981" HPOS="851"/>
							<String ID="string_303" HPOS="867" VPOS="981" WIDTH="33" HEIGHT="21" WC="0.96" CONTENT="del"/><SP WIDTH="16" VPOS="981" HPOS="900"/>
							<String ID="string_304" HPOS="916" VPOS="983" WIDTH="24" HEIGHT="19" WC="0.96" CONTENT="är"/><SP WIDTH="13" VPOS="983" HPOS="940"/>
							<String ID="string_305" HPOS="953" VPOS="981" WIDTH="36" HEIGHT="27" WC="0.96" CONTENT="jag"/><SP WIDTH="15" VPOS="981" HPOS="989"/>
							<String ID="string_306" HPOS="1004" VPOS="981" WIDTH="23" HEIGHT="21" WC="0.96" CONTENT="af"/>
						</TextLine>
						<TextLine ID="line_29" HPOS="204" VPOS="1009" WIDTH="822" HEIGHT="28">
							<String ID="string_307" HPOS="204" VPOS="1010" WIDTH="39" HEIGHT="21" WC="0.93" CONTENT="den"/><SP WIDTH="17" VPOS="1010" HPOS="243"/>
							<String ID="string_308" HPOS="260" VPOS="1009" WIDTH="61" HEIGHT="28" WC="0.92" CONTENT="åsigt,"/><SP WIDTH="16" VPOS="1009" HPOS="321"/>
							<String ID="string_309" HPOS="337" VPOS="1011" WIDTH="32" HEIGHT="20" WC="0.96" CONTENT="att"/><SP WIDTH="15" VPOS="1011" HPOS="369"/>
							<String ID="string_310" HPOS="384" VPOS="1009" WIDTH="54" HEIGHT="22" WC="0.96" CONTENT="skall"/><SP WIDTH="16" VPOS="1009" HPOS="438"/>
							<String ID="string_311" HPOS="454" VPOS="1016" WIDTH="47" HEIGHT="15" WC="0.96" CONTENT="man"/><SP WIDTH="23" VPOS="1016" HPOS="501"/>
							<String ID="string_312" HPOS="524" VPOS="1009" WIDTH="60" HEIGHT="27" WC="0.95" CONTENT="börja"/><SP WIDTH="15" VPOS="1009" HPOS="584"/>
							<String ID="string_313" HPOS="599" VPOS="1009" WIDTH="67" HEIGHT="27" WC="0.96" CONTENT="bygga"/><SP WIDTH="14" VPOS="1009" HPOS="666"/>
							<String ID="string_314" HPOS="680" VPOS="1009" WIDTH="126" HEIGHT="26" WC="0.93" CONTENT="kustbanan,"/><SP WIDTH="16" VPOS="1009" HPOS="806"/>
							<String ID="string_315" HPOS="822" VPOS="1022" WIDTH="27" HEIGHT="3" WC="0.93" CONTENT="—"/><SP WIDTH="17" VPOS="1022" HPOS="849"/>
							<String ID="string_316" HPOS="866" VPOS="1010" WIDTH="109" HEIGHT="21" WC="0.95" CONTENT="hvaremot"/><SP WIDTH="13" VPOS="1010" HPOS="975"/>
							<String ID="string_317" HPOS="988" VPOS="1010" WIDTH="38" HEIGHT="27" WC="0.96" CONTENT="jag"/>
						</TextLine>
						<TextLine ID="line_30" HPOS="203" VPOS="1037" WIDTH="822" HEIGHT="28">
							<String ID="string_318" HPOS="203" VPOS="1039" WIDTH="46" HEIGHT="20" WC="0.95" CONTENT="icke"/><SP WIDTH="16" VPOS="1039" HPOS="249"/>
							<String ID="string_319" HPOS="265" VPOS="1038" WIDTH="38" HEIGHT="21" WC="0.96" CONTENT="har"/><SP WIDTH="15" VPOS="1038" HPOS="303"/>
							<String ID="string_320" HPOS="318" VPOS="1038" WIDTH="65" HEIGHT="26" WC="0.96" CONTENT="något"/><SP WIDTH="19" VPOS="1038" HPOS="383"/>
							<String ID="string_321" HPOS="402" VPOS="1041" WIDTH="32" HEIGHT="18" WC="0.96" CONTENT="att"/><SP WIDTH="22" VPOS="1041" HPOS="434"/>
							<String ID="string_322" HPOS="456" VPOS="1038" WIDTH="108" HEIGHT="27" WC="0.95" CONTENT="anmärka,"/><SP WIDTH="24" VPOS="1038" HPOS="564"/>
							<String ID="string_323" HPOS="588" VPOS="1038" WIDTH="53" HEIGHT="21" WC="0.95" CONTENT="blott"/><SP WIDTH="16" VPOS="1038" HPOS="641"/>
							<String ID="string_324" HPOS="657" VPOS="1038" WIDTH="77" HEIGHT="27" WC="0.96" CONTENT="nödiga"/><SP WIDTH="15" VPOS="1038" HPOS="734"/>
							<String ID="string_325" HPOS="749" VPOS="1037" WIDTH="68" HEIGHT="22" WC="0.96" CONTENT="medel"/><SP WIDTH="15" VPOS="1037" HPOS="817"/>
							<String ID="string_326" HPOS="832" VPOS="1038" WIDTH="72" HEIGHT="21" WC="0.96" CONTENT="kunna"/><SP WIDTH="15" VPOS="1038" HPOS="904"/>
							<String ID="string_327" HPOS="919" VPOS="1038" WIDTH="106" HEIGHT="21" WC="0.96" CONTENT="anskaffas"/>
						</TextLine>
						<TextLine ID="line_31" HPOS="203" VPOS="1066" WIDTH="822" HEIGHT="27">
							<String ID="string_328" HPOS="203" VPOS="1079" WIDTH="27" HEIGHT="3" WC="0.87" CONTENT="—"/><SP WIDTH="16" VPOS="1079" HPOS="230"/>
							<String ID="string_329" HPOS="246" VPOS="1067" WIDTH="23" HEIGHT="21" WC="0.95" CONTENT="så"/><SP WIDTH="15" VPOS="1067" HPOS="269"/>
							<String ID="string_330" HPOS="284" VPOS="1067" WIDTH="34" HEIGHT="21" WC="0.96" CONTENT="må"/><SP WIDTH="16" VPOS="1067" HPOS="318"/>
							<String ID="string_331" HPOS="334" VPOS="1073" WIDTH="47" HEIGHT="14" WC="0.96" CONTENT="man"/><SP WIDTH="17" VPOS="1073" HPOS="381"/>
							<String ID="string_332" HPOS="398" VPOS="1067" WIDTH="60" HEIGHT="26" WC="0.96" CONTENT="börja"/><SP WIDTH="15" VPOS="1067" HPOS="458"/>
							<String ID="string_333" HPOS="473" VPOS="1067" WIDTH="45" HEIGHT="20" WC="0.96" CONTENT="från"/><SP WIDTH="18" VPOS="1067" HPOS="518"/>
							<String ID="string_334" HPOS="536" VPOS="1067" WIDTH="62" HEIGHT="21" WC="0.96" CONTENT="söder"/><SP WIDTH="15" VPOS="1067" HPOS="598"/>
							<String ID="string_335" HPOS="613" VPOS="1066" WIDTH="47" HEIGHT="21" WC="0.93" CONTENT="från"/><SP WIDTH="16" VPOS="1066" HPOS="660"/>
							<String ID="string_336" HPOS="676" VPOS="1067" WIDTH="113" HEIGHT="26" WC="0.92" CONTENT="Loimijoki"/><SP WIDTH="16" VPOS="1067" HPOS="789"/>
							<String ID="string_337" HPOS="805" VPOS="1067" WIDTH="22" HEIGHT="21" WC="0.96" CONTENT="åt"/><SP WIDTH="10" VPOS="1067" HPOS="827"/>
							<String ID="string_338" HPOS="837" VPOS="1067" WIDTH="139" HEIGHT="26" WC="0.96" CONTENT="Björneborg,"/><SP WIDTH="9" VPOS="1067" HPOS="976"/>
							<String ID="string_339" HPOS="985" VPOS="1067" WIDTH="40" HEIGHT="21" WC="0.96" CONTENT="och"/>
						</TextLine>
						<TextLine ID="line_32" HPOS="202" VPOS="1095" WIDTH="822" HEIGHT="27">
							<String ID="string_340" HPOS="202" VPOS="1095" WIDTH="98" HEIGHT="22" WC="0.96" CONTENT="förordar"/><SP WIDTH="13" VPOS="1095" HPOS="300"/>
							<String ID="string_341" HPOS="313" VPOS="1095" WIDTH="36" HEIGHT="26" WC="0.96" CONTENT="jag"/><SP WIDTH="15" VPOS="1095" HPOS="349"/>
							<String ID="string_342" HPOS="364" VPOS="1095" WIDTH="71" HEIGHT="21" WC="0.96" CONTENT="derför"/><SP WIDTH="15" VPOS="1095" HPOS="435"/>
							<String ID="string_343" HPOS="450" VPOS="1095" WIDTH="68" HEIGHT="21" WC="0.93" CONTENT="denna"/><SP WIDTH="15" VPOS="1095" HPOS="518"/>
							<String ID="string_344" HPOS="533" VPOS="1095" WIDTH="165" HEIGHT="27" WC="0.92" CONTENT="bansträckning"/><SP WIDTH="15" VPOS="1095" HPOS="698"/>
							<String ID="string_345" HPOS="713" VPOS="1095" WIDTH="31" HEIGHT="21" WC="0.96" CONTENT="till"/><SP WIDTH="16" VPOS="1095" HPOS="744"/>
							<String ID="string_346" HPOS="760" VPOS="1095" WIDTH="112" HEIGHT="22" WC="0.96" CONTENT="utförande"/><SP WIDTH="16" VPOS="1095" HPOS="872"/>
							<String ID="string_347" HPOS="888" VPOS="1096" WIDTH="24" HEIGHT="21" WC="0.95" CONTENT="så"/><SP WIDTH="15" VPOS="1096" HPOS="912"/>
							<String ID="string_348" HPOS="927" VPOS="1095" WIDTH="42" HEIGHT="22" WC="0.92" CONTENT="fort"/><SP WIDTH="11" VPOS="1095" HPOS="969"/>
							<String ID="string_349" HPOS="980" VPOS="1102" WIDTH="44" HEIGHT="15" WC="0.91" CONTENT="om-"/>
						</TextLine>
						<TextLine ID="line_33" HPOS="203" VPOS="1123" WIDTH="821" HEIGHT="28">
							<String ID="string_350" HPOS="203" VPOS="1124" WIDTH="173" HEIGHT="27" WC="0.91" CONTENT="ständigheterna"/><SP WIDTH="22" VPOS="1124" HPOS="376"/>
							<String ID="string_351" HPOS="398" VPOS="1124" WIDTH="36" HEIGHT="21" WC="0.93" CONTENT="det"/><SP WIDTH="22" VPOS="1124" HPOS="434"/>
							<String ID="string_352" HPOS="456" VPOS="1123" WIDTH="104" HEIGHT="27" WC="0.92" CONTENT="medgifva"/><SP WIDTH="22" VPOS="1123" HPOS="560"/>
							<String ID="string_353" HPOS="582" VPOS="1124" WIDTH="39" HEIGHT="21" WC="0.96" CONTENT="och"/><SP WIDTH="16" VPOS="1124" HPOS="621"/>
							<String ID="string_354" HPOS="637" VPOS="1124" WIDTH="32" HEIGHT="20" WC="0.96" CONTENT="till"/><SP WIDTH="17" VPOS="1124" HPOS="669"/>
							<String ID="string_355" HPOS="686" VPOS="1123" WIDTH="38" HEIGHT="22" WC="0.96" CONTENT="och"/><SP WIDTH="16" VPOS="1123" HPOS="724"/>
							<String ID="string_356" HPOS="740" VPOS="1124" WIDTH="47" HEIGHT="21" WC="0.96" CONTENT="med"/><SP WIDTH="16" VPOS="1124" HPOS="787"/>
							<String ID="string_357" HPOS="803" VPOS="1124" WIDTH="89" HEIGHT="21" WC="0.92" CONTENT="framför"/><SP WIDTH="14" VPOS="1124" HPOS="892"/>
							<String ID="string_358" HPOS="906" VPOS="1125" WIDTH="118" HEIGHT="20" WC="0.92" CONTENT="sträcknin-"/>
						</TextLine>
						<TextLine ID="line_34" HPOS="203" VPOS="1151" WIDTH="821" HEIGHT="28">
							<String ID="string_359" HPOS="203" VPOS="1159" WIDTH="40" HEIGHT="20" WC="0.93" CONTENT="gen"/><SP WIDTH="23" VPOS="1159" HPOS="243"/>
							<String ID="string_360" HPOS="266" VPOS="1151" WIDTH="222" HEIGHT="28" WC="0.91" CONTENT="Nurmo—Uleäborg."/><SP WIDTH="31" VPOS="1151" HPOS="488"/>
							<String ID="string_361" HPOS="519" VPOS="1153" WIDTH="42" HEIGHT="20" WC="0.96" CONTENT="Det"/><SP WIDTH="15" VPOS="1153" HPOS="561"/>
							<String ID="string_362" HPOS="576" VPOS="1152" WIDTH="92" HEIGHT="27" WC="0.96" CONTENT="framgår"/><SP WIDTH="22" VPOS="1152" HPOS="668"/>
							<String ID="string_363" HPOS="690" VPOS="1153" WIDTH="66" HEIGHT="20" WC="0.96" CONTENT="redan"/><SP WIDTH="22" VPOS="1153" HPOS="756"/>
							<String ID="string_364" HPOS="778" VPOS="1153" WIDTH="23" HEIGHT="20" WC="0.95" CONTENT="af"/><SP WIDTH="21" VPOS="1153" HPOS="801"/>
							<String ID="string_365" HPOS="822" VPOS="1153" WIDTH="114" HEIGHT="21" WC="0.93" CONTENT="utskottets"/><SP WIDTH="17" VPOS="1153" HPOS="936"/>
							<String ID="string_366" HPOS="953" VPOS="1154" WIDTH="71" HEIGHT="20" WC="0.93" CONTENT="betän-"/>
						</TextLine>
						<TextLine ID="line_35" HPOS="202" VPOS="1181" WIDTH="822" HEIGHT="27">
							<String ID="string_367" HPOS="202" VPOS="1181" WIDTH="76" HEIGHT="25" WC="0.96" CONTENT="kande,"/><SP WIDTH="22" VPOS="1181" HPOS="278"/>
							<String ID="string_368" HPOS="300" VPOS="1184" WIDTH="32" HEIGHT="18" WC="0.96" CONTENT="att"/><SP WIDTH="22" VPOS="1184" HPOS="332"/>
							<String ID="string_369" HPOS="354" VPOS="1181" WIDTH="148" HEIGHT="26" WC="0.93" CONTENT="sträckningen"/><SP WIDTH="24" VPOS="1181" HPOS="502"/>
							<String ID="string_370" HPOS="526" VPOS="1181" WIDTH="273" HEIGHT="26" WC="0.78" CONTENT="Loimijoki—Björneborg"/><SP WIDTH="22" VPOS="1181" HPOS="799"/>
							<String ID="string_371" HPOS="821" VPOS="1181" WIDTH="99" HEIGHT="26" WC="0.96" CONTENT="erbjuder"/><SP WIDTH="14" VPOS="1181" HPOS="920"/>
							<String ID="string_372" HPOS="934" VPOS="1181" WIDTH="37" HEIGHT="21" WC="0.93" CONTENT="full"/><SP WIDTH="15" VPOS="1181" HPOS="971"/>
							<String ID="string_373" HPOS="986" VPOS="1188" WIDTH="38" HEIGHT="20" WC="0.93" CONTENT="ga-"/>
						</TextLine>
						<TextLine ID="line_36" HPOS="202" VPOS="1209" WIDTH="821" HEIGHT="27">
							<String ID="string_374" HPOS="202" VPOS="1209" WIDTH="56" HEIGHT="22" WC="0.92" CONTENT="ranti"/><SP WIDTH="16" VPOS="1209" HPOS="258"/>
							<String ID="string_375" HPOS="274" VPOS="1209" WIDTH="38" HEIGHT="25" WC="0.96" CONTENT="för,"/><SP WIDTH="16" VPOS="1209" HPOS="312"/>
							<String ID="string_376" HPOS="328" VPOS="1211" WIDTH="32" HEIGHT="20" WC="0.93" CONTENT="att"/><SP WIDTH="13" VPOS="1211" HPOS="360"/>
							<String ID="string_377" HPOS="373" VPOS="1209" WIDTH="114" HEIGHT="26" WC="0.92" CONTENT="jernvägen"/><SP WIDTH="19" VPOS="1209" HPOS="487"/>
							<String ID="string_378" HPOS="506" VPOS="1209" WIDTH="40" HEIGHT="22" WC="0.96" CONTENT="här"/><SP WIDTH="14" VPOS="1209" HPOS="546"/>
							<String ID="string_379" HPOS="560" VPOS="1210" WIDTH="97" HEIGHT="21" WC="0.96" CONTENT="kommer"/><SP WIDTH="22" VPOS="1210" HPOS="657"/>
							<String ID="string_380" HPOS="679" VPOS="1212" WIDTH="31" HEIGHT="19" WC="0.96" CONTENT="att"/><SP WIDTH="16" VPOS="1212" HPOS="710"/>
							<String ID="string_381" HPOS="726" VPOS="1210" WIDTH="52" HEIGHT="20" WC="0.96" CONTENT="bära"/><SP WIDTH="14" VPOS="1210" HPOS="778"/>
							<String ID="string_382" HPOS="792" VPOS="1211" WIDTH="38" HEIGHT="25" WC="0.94" CONTENT="sig."/><SP WIDTH="30" VPOS="1211" HPOS="830"/>
							<String ID="string_383" HPOS="860" VPOS="1209" WIDTH="61" HEIGHT="22" WC="0.96" CONTENT="Hvad"/><SP WIDTH="23" VPOS="1209" HPOS="921"/>
							<String ID="string_384" HPOS="944" VPOS="1216" WIDTH="44" HEIGHT="15" WC="0.93" CONTENT="som"/><SP WIDTH="16" VPOS="1216" HPOS="988"/>
							<String ID="string_385" HPOS="1004" VPOS="1210" WIDTH="19" HEIGHT="26" WC="0.93" CONTENT="ej"/>
						</TextLine>
						<TextLine ID="line_37" HPOS="202" VPOS="1237" WIDTH="822" HEIGHT="26">
							<String ID="string_386" HPOS="202" VPOS="1240" WIDTH="24" HEIGHT="19" WC="0.93" CONTENT="är"/><SP WIDTH="16" VPOS="1240" HPOS="226"/>
							<String ID="string_387" HPOS="242" VPOS="1237" WIDTH="122" HEIGHT="22" WC="0.91" CONTENT="omnämndt"/><SP WIDTH="16" VPOS="1237" HPOS="364"/>
							<String ID="string_388" HPOS="380" VPOS="1237" WIDTH="7" HEIGHT="22" WC="0.96" CONTENT="i"/><SP WIDTH="16" VPOS="1237" HPOS="387"/>
							<String ID="string_389" HPOS="403" VPOS="1237" WIDTH="115" HEIGHT="22" WC="0.96" CONTENT="utskottets"/><SP WIDTH="16" VPOS="1237" HPOS="518"/>
							<String ID="string_390" HPOS="534" VPOS="1237" WIDTH="134" HEIGHT="22" WC="0.96" CONTENT="betänkande"/><SP WIDTH="22" VPOS="1237" HPOS="668"/>
							<String ID="string_391" HPOS="690" VPOS="1240" WIDTH="30" HEIGHT="23" WC="0.95" CONTENT="är,"/><SP WIDTH="16" VPOS="1240" HPOS="720"/>
							<String ID="string_392" HPOS="736" VPOS="1240" WIDTH="33" HEIGHT="19" WC="0.90" CONTENT="att"/><SP WIDTH="15" VPOS="1240" HPOS="769"/>
							<String ID="string_393" HPOS="784" VPOS="1237" WIDTH="70" HEIGHT="22" WC="0.90" CONTENT="Kumo"/><SP WIDTH="16" VPOS="1237" HPOS="854"/>
							<String ID="string_394" HPOS="870" VPOS="1237" WIDTH="29" HEIGHT="22" WC="0.96" CONTENT="elf"/><SP WIDTH="13" VPOS="1237" HPOS="899"/>
							<String ID="string_395" HPOS="912" VPOS="1239" WIDTH="56" HEIGHT="20" WC="0.96" CONTENT="ända"/><SP WIDTH="10" VPOS="1239" HPOS="968"/>
							<String ID="string_396" HPOS="978" VPOS="1238" WIDTH="46" HEIGHT="21" WC="0.96" CONTENT="från"/>
						</TextLine>
						<TextLine ID="line_38" HPOS="203" VPOS="1266" WIDTH="821" HEIGHT="27">
							<String ID="string_397" HPOS="203" VPOS="1267" WIDTH="79" HEIGHT="21" WC="0.91" CONTENT="Hvittis"/><SP WIDTH="16" VPOS="1267" HPOS="282"/>
							<String ID="string_398" HPOS="298" VPOS="1267" WIDTH="88" HEIGHT="20" WC="0.96" CONTENT="sockens"/><SP WIDTH="15" VPOS="1267" HPOS="386"/>
							<String ID="string_399" HPOS="401" VPOS="1269" WIDTH="63" HEIGHT="24" WC="0.96" CONTENT="gräns"/><SP WIDTH="16" VPOS="1269" HPOS="464"/>
							<String ID="string_400" HPOS="480" VPOS="1266" WIDTH="98" HEIGHT="27" WC="0.96" CONTENT="erbjuder"/><SP WIDTH="15" VPOS="1266" HPOS="578"/>
							<String ID="string_401" HPOS="593" VPOS="1266" WIDTH="83" HEIGHT="27" WC="0.96" CONTENT="väldiga"/><SP WIDTH="15" VPOS="1266" HPOS="676"/>
							<String ID="string_402" HPOS="691" VPOS="1267" WIDTH="111" HEIGHT="20" WC="0.96" CONTENT="vattenfall"/><SP WIDTH="11" VPOS="1267" HPOS="802"/>
							<String ID="string_403" HPOS="813" VPOS="1267" WIDTH="48" HEIGHT="21" WC="0.96" CONTENT="med"/><SP WIDTH="11" VPOS="1267" HPOS="861"/>
							<String ID="string_404" HPOS="872" VPOS="1267" WIDTH="92" HEIGHT="21" WC="0.93" CONTENT="oerhörd"/><SP WIDTH="10" VPOS="1267" HPOS="964"/>
							<String ID="string_405" HPOS="974" VPOS="1267" WIDTH="50" HEIGHT="21" WC="0.93" CONTENT="drif-"/>
						</TextLine>
						<TextLine ID="line_39" HPOS="202" VPOS="1295" WIDTH="822" HEIGHT="27">
							<String ID="string_406" HPOS="202" VPOS="1295" WIDTH="64" HEIGHT="25" WC="0.96" CONTENT="kraft,"/><SP WIDTH="16" VPOS="1295" HPOS="266"/>
							<String ID="string_407" HPOS="282" VPOS="1295" WIDTH="40" HEIGHT="21" WC="0.96" CONTENT="och"/><SP WIDTH="16" VPOS="1295" HPOS="322"/>
							<String ID="string_408" HPOS="338" VPOS="1295" WIDTH="72" HEIGHT="21" WC="0.96" CONTENT="hvilka"/><SP WIDTH="15" VPOS="1295" HPOS="410"/>
							<String ID="string_409" HPOS="425" VPOS="1301" WIDTH="107" HEIGHT="15" WC="0.95" CONTENT="ensamma"/><SP WIDTH="16" VPOS="1301" HPOS="532"/>
							<String ID="string_410" HPOS="548" VPOS="1297" WIDTH="96" HEIGHT="25" WC="0.96" CONTENT="uppväga"/><SP WIDTH="16" VPOS="1297" HPOS="644"/>
							<String ID="string_411" HPOS="660" VPOS="1295" WIDTH="28" HEIGHT="21" WC="0.96" CONTENT="all"/><SP WIDTH="16" VPOS="1295" HPOS="688"/>
							<String ID="string_412" HPOS="704" VPOS="1295" WIDTH="40" HEIGHT="21" WC="0.96" CONTENT="den"/><SP WIDTH="15" VPOS="1295" HPOS="744"/>
							<String ID="string_413" HPOS="759" VPOS="1295" WIDTH="137" HEIGHT="25" WC="0.96" CONTENT="vattenkraft,"/><SP WIDTH="10" VPOS="1295" HPOS="896"/>
							<String ID="string_414" HPOS="906" VPOS="1301" WIDTH="44" HEIGHT="16" WC="0.92" CONTENT="som"/><SP WIDTH="12" VPOS="1301" HPOS="950"/>
							<String ID="string_415" HPOS="962" VPOS="1295" WIDTH="62" HEIGHT="21" WC="0.91" CONTENT="nord-"/>
						</TextLine>
						<TextLine ID="line_40" HPOS="202" VPOS="1323" WIDTH="822" HEIGHT="26">
							<String ID="string_416" HPOS="202" VPOS="1323" WIDTH="166" HEIGHT="22" WC="0.93" CONTENT="österbottniska"/><SP WIDTH="16" VPOS="1323" HPOS="368"/>
							<String ID="string_417" HPOS="384" VPOS="1323" WIDTH="94" HEIGHT="22" WC="0.92" CONTENT="elfvarna"/><SP WIDTH="15" VPOS="1323" HPOS="478"/>
							<String ID="string_418" HPOS="493" VPOS="1324" WIDTH="62" HEIGHT="21" WC="0.96" CONTENT="söder"/><SP WIDTH="15" VPOS="1324" HPOS="555"/>
							<String ID="string_419" HPOS="570" VPOS="1330" WIDTH="33" HEIGHT="15" WC="0.96" CONTENT="om"/><SP WIDTH="16" VPOS="1330" HPOS="603"/>
							<String ID="string_420" HPOS="619" VPOS="1323" WIDTH="108" HEIGHT="26" WC="0.96" CONTENT="Uleåborg"/><SP WIDTH="14" VPOS="1323" HPOS="727"/>
							<String ID="string_421" HPOS="741" VPOS="1323" WIDTH="139" HEIGHT="23" WC="0.96" CONTENT="tillsammans"/><SP WIDTH="23" VPOS="1323" HPOS="880"/>
							<String ID="string_422" HPOS="903" VPOS="1323" WIDTH="71" HEIGHT="22" WC="0.90" CONTENT="kunna"/><SP WIDTH="18" VPOS="1323" HPOS="974"/>
							<String ID="string_423" HPOS="992" VPOS="1330" WIDTH="32" HEIGHT="15" WC="0.90" CONTENT="er-"/>
						</TextLine>
						<TextLine ID="line_41" HPOS="202" VPOS="1351" WIDTH="822" HEIGHT="26">
							<String ID="string_424" HPOS="202" VPOS="1351" WIDTH="71" HEIGHT="26" WC="0.96" CONTENT="bjuda."/><SP WIDTH="31" VPOS="1351" HPOS="273"/>
							<String ID="string_425" HPOS="304" VPOS="1351" WIDTH="31" HEIGHT="21" WC="0.93" CONTENT="De"/><SP WIDTH="16" VPOS="1351" HPOS="335"/>
							<String ID="string_426" HPOS="351" VPOS="1351" WIDTH="219" HEIGHT="21" WC="0.91" CONTENT="nordösterbottniska"/><SP WIDTH="24" VPOS="1351" HPOS="570"/>
							<String ID="string_427" HPOS="594" VPOS="1351" WIDTH="94" HEIGHT="21" WC="0.90" CONTENT="elfvarna"/><SP WIDTH="15" VPOS="1351" HPOS="688"/>
							<String ID="string_428" HPOS="703" VPOS="1351" WIDTH="55" HEIGHT="21" WC="0.96" CONTENT="flöda"/><SP WIDTH="16" VPOS="1351" HPOS="758"/>
							<String ID="string_429" HPOS="774" VPOS="1358" WIDTH="34" HEIGHT="14" WC="0.96" CONTENT="om"/><SP WIDTH="16" VPOS="1358" HPOS="808"/>
							<String ID="string_430" HPOS="824" VPOS="1351" WIDTH="64" HEIGHT="21" WC="0.96" CONTENT="våren"/><SP WIDTH="17" VPOS="1351" HPOS="888"/>
							<String ID="string_431" HPOS="905" VPOS="1352" WIDTH="58" HEIGHT="20" WC="0.96" CONTENT="öfver"/><SP WIDTH="15" VPOS="1352" HPOS="963"/>
							<String ID="string_432" HPOS="978" VPOS="1352" WIDTH="46" HEIGHT="20" WC="0.96" CONTENT="sina"/>
						</TextLine>
						<TextLine ID="line_42" HPOS="202" VPOS="1379" WIDTH="821" HEIGHT="28">
							<String ID="string_433" HPOS="202" VPOS="1379" WIDTH="98" HEIGHT="26" WC="0.96" CONTENT="bräddar,"/><SP WIDTH="16" VPOS="1379" HPOS="300"/>
							<String ID="string_434" HPOS="316" VPOS="1385" WIDTH="46" HEIGHT="15" WC="0.96" CONTENT="men"/><SP WIDTH="25" VPOS="1385" HPOS="362"/>
							<String ID="string_435" HPOS="387" VPOS="1380" WIDTH="46" HEIGHT="21" WC="0.96" CONTENT="sina"/><SP WIDTH="15" VPOS="1380" HPOS="433"/>
							<String ID="string_436" HPOS="448" VPOS="1380" WIDTH="82" HEIGHT="26" WC="0.96" CONTENT="ganska"/><SP WIDTH="22" VPOS="1380" HPOS="530"/>
							<String ID="string_437" HPOS="552" VPOS="1382" WIDTH="58" HEIGHT="19" WC="0.96" CONTENT="snart"/><SP WIDTH="15" VPOS="1382" HPOS="610"/>
							<String ID="string_438" HPOS="625" VPOS="1382" WIDTH="23" HEIGHT="19" WC="0.96" CONTENT="ut"/><SP WIDTH="15" VPOS="1382" HPOS="648"/>
							<String ID="string_439" HPOS="663" VPOS="1379" WIDTH="39" HEIGHT="22" WC="0.96" CONTENT="och"/><SP WIDTH="16" VPOS="1379" HPOS="702"/>
							<String ID="string_440" HPOS="718" VPOS="1380" WIDTH="89" HEIGHT="26" WC="0.96" CONTENT="erbjuda"/><SP WIDTH="16" VPOS="1380" HPOS="807"/>
							<String ID="string_441" HPOS="823" VPOS="1386" WIDTH="33" HEIGHT="15" WC="0.96" CONTENT="om"/><SP WIDTH="16" VPOS="1386" HPOS="856"/>
							<String ID="string_442" HPOS="872" VPOS="1380" WIDTH="75" HEIGHT="21" WC="0.96" CONTENT="hösten"/><SP WIDTH="16" VPOS="1380" HPOS="947"/>
							<String ID="string_443" HPOS="963" VPOS="1380" WIDTH="60" HEIGHT="27" WC="0.96" CONTENT="ringa"/>
						</TextLine>
						<TextLine ID="line_43" HPOS="203" VPOS="1407" WIDTH="821" HEIGHT="30">
							<String ID="string_444" HPOS="203" VPOS="1408" WIDTH="105" HEIGHT="27" WC="0.92" CONTENT="drifkraft,"/><SP WIDTH="16" VPOS="1408" HPOS="308"/>
							<String ID="string_445" HPOS="324" VPOS="1407" WIDTH="84" HEIGHT="22" WC="0.96" CONTENT="hvarför"/><SP WIDTH="16" VPOS="1407" HPOS="408"/>
							<String ID="string_446" HPOS="424" VPOS="1409" WIDTH="68" HEIGHT="26" WC="0.96" CONTENT="någon"/><SP WIDTH="16" VPOS="1409" HPOS="492"/>
							<String ID="string_447" HPOS="508" VPOS="1411" WIDTH="45" HEIGHT="18" WC="0.96" CONTENT="stor"/><SP WIDTH="14" VPOS="1411" HPOS="553"/>
							<String ID="string_448" HPOS="567" VPOS="1408" WIDTH="90" HEIGHT="22" WC="0.96" CONTENT="industri"/><SP WIDTH="16" VPOS="1408" HPOS="657"/>
							<String ID="string_449" HPOS="673" VPOS="1408" WIDTH="19" HEIGHT="27" WC="0.96" CONTENT="ej"/><SP WIDTH="12" VPOS="1408" HPOS="692"/>
							<String ID="string_450" HPOS="704" VPOS="1408" WIDTH="41" HEIGHT="21" WC="0.96" CONTENT="kan"/><SP WIDTH="12" VPOS="1408" HPOS="745"/>
							<String ID="string_451" HPOS="757" VPOS="1408" WIDTH="86" HEIGHT="23" WC="0.93" CONTENT="baseras"/><SP WIDTH="11" VPOS="1408" HPOS="843"/>
							<String ID="string_452" HPOS="854" VPOS="1409" WIDTH="74" HEIGHT="28" WC="0.90" CONTENT="derpå."/><SP WIDTH="24" VPOS="1409" HPOS="928"/>
							<String ID="string_453" HPOS="952" VPOS="1409" WIDTH="72" HEIGHT="22" WC="0.95" CONTENT="Annat"/>
						</TextLine>
						<TextLine ID="line_44" HPOS="202" VPOS="1437" WIDTH="822" HEIGHT="28">
							<String ID="string_454" HPOS="202" VPOS="1439" WIDTH="24" HEIGHT="20" WC="0.96" CONTENT="är"/><SP WIDTH="15" VPOS="1439" HPOS="226"/>
							<String ID="string_455" HPOS="241" VPOS="1437" WIDTH="143" HEIGHT="22" WC="0.96" CONTENT="förhållandet"/><SP WIDTH="15" VPOS="1437" HPOS="384"/>
							<String ID="string_456" HPOS="399" VPOS="1437" WIDTH="47" HEIGHT="22" WC="0.96" CONTENT="med"/><SP WIDTH="16" VPOS="1437" HPOS="446"/>
							<String ID="string_457" HPOS="462" VPOS="1437" WIDTH="83" HEIGHT="28" WC="0.96" CONTENT="Kuopio"/><SP WIDTH="15" VPOS="1437" HPOS="545"/>
							<String ID="string_458" HPOS="560" VPOS="1437" WIDTH="42" HEIGHT="26" WC="0.96" CONTENT="län,"/><SP WIDTH="16" VPOS="1437" HPOS="602"/>
							<String ID="string_459" HPOS="618" VPOS="1438" WIDTH="37" HEIGHT="21" WC="0.96" CONTENT="der"/><SP WIDTH="8" VPOS="1438" HPOS="655"/>
							<String ID="string_460" HPOS="663" VPOS="1437" WIDTH="67" HEIGHT="22" WC="0.95" CONTENT="finnas"/><SP WIDTH="9" VPOS="1437" HPOS="730"/>
							<String ID="string_461" HPOS="739" VPOS="1437" WIDTH="110" HEIGHT="22" WC="0.96" CONTENT="vattenfall"/><SP WIDTH="11" VPOS="1437" HPOS="849"/>
							<String ID="string_462" HPOS="860" VPOS="1437" WIDTH="39" HEIGHT="22" WC="0.96" CONTENT="och"/><SP WIDTH="11" VPOS="1437" HPOS="899"/>
							<String ID="string_463" HPOS="910" VPOS="1440" WIDTH="114" HEIGHT="19" WC="0.96" CONTENT="strömmar"/>
						</TextLine>
						<TextLine ID="line_45" HPOS="201" VPOS="1466" WIDTH="824" HEIGHT="28">
							<String ID="string_464" HPOS="201" VPOS="1467" WIDTH="8" HEIGHT="21" WC="0.95" CONTENT="i"/><SP WIDTH="15" VPOS="1467" HPOS="209"/>
							<String ID="string_465" HPOS="224" VPOS="1466" WIDTH="114" HEIGHT="26" WC="0.96" CONTENT="tillräcklig"/><SP WIDTH="22" VPOS="1466" HPOS="338"/>
							<String ID="string_466" HPOS="360" VPOS="1466" WIDTH="77" HEIGHT="27" WC="0.96" CONTENT="mängd"/><SP WIDTH="15" VPOS="1466" HPOS="437"/>
							<String ID="string_467" HPOS="452" VPOS="1466" WIDTH="34" HEIGHT="21" WC="0.96" CONTENT="för"/><SP WIDTH="22" VPOS="1466" HPOS="486"/>
							<String ID="string_468" HPOS="508" VPOS="1468" WIDTH="32" HEIGHT="19" WC="0.96" CONTENT="att"/><SP WIDTH="16" VPOS="1468" HPOS="540"/>
							<String ID="string_469" HPOS="556" VPOS="1466" WIDTH="70" HEIGHT="22" WC="0.96" CONTENT="kunna"/><SP WIDTH="22" VPOS="1466" HPOS="626"/>
							<String ID="string_470" HPOS="648" VPOS="1467" WIDTH="28" HEIGHT="26" WC="0.96" CONTENT="på"/><SP WIDTH="15" VPOS="1467" HPOS="676"/>
							<String ID="string_471" HPOS="691" VPOS="1469" WIDTH="31" HEIGHT="19" WC="0.96" CONTENT="ett"/><SP WIDTH="15" VPOS="1469" HPOS="722"/>
							<String ID="string_472" HPOS="737" VPOS="1467" WIDTH="176" HEIGHT="27" WC="0.96" CONTENT="ändamålsenligt"/><SP WIDTH="15" VPOS="1467" HPOS="913"/>
							<String ID="string_473" HPOS="928" VPOS="1469" WIDTH="43" HEIGHT="20" WC="0.93" CONTENT="sätt"/><SP WIDTH="15" VPOS="1469" HPOS="971"/>
							<String ID="string_474" HPOS="986" VPOS="1473" WIDTH="39" HEIGHT="15" WC="0.87" CONTENT="an-"/>
						</TextLine>
						<TextLine ID="line_46" HPOS="202" VPOS="1495" WIDTH="253" HEIGHT="22">
							<String ID="string_475" HPOS="202" VPOS="1496" WIDTH="80" HEIGHT="21" WC="0.96" CONTENT="vändas"/><SP WIDTH="16" VPOS="1496" HPOS="282"/>
							<String ID="string_476" HPOS="298" VPOS="1495" WIDTH="32" HEIGHT="21" WC="0.96" CONTENT="för"/><SP WIDTH="15" VPOS="1495" HPOS="330"/>
							<String ID="string_477" HPOS="345" VPOS="1495" WIDTH="110" HEIGHT="22" WC="0.95" CONTENT="industrin."/>
						</TextLine>
					</TextBlock>
				</ComposedBlock>
				<GraphicalElement ID="cblock_3" HPOS="1115" VPOS="1338" WIDTH="2" HEIGHT="410"></GraphicalElement >
			</PrintSpace>
		</Page>
	</Layout>
</alto>
