1109 1786
195 128 41 21 968
418 133 177 21 Borgareständet
607 134 56 17 1882.
688 135 25 16 25
726 133 57 21 april.

264 202 55 21 Herr
341 201 163 28 Federley:
523 202 32 21 En
571 201 90 22 medlem
676 201 23 21 af
713 201 104 22 utskottet
833 201 39 22 har
887 201 27 27 pä
930 201 87 22 förwid-

196 231 66 26 dagen
280 230 84 27 upplyst
380 237 40 18 om,
436 232 33 19 att
484 231 36 20 det
534 237 38 15 var
588 237 24 14 en
629 230 71 27 lapsus
715 230 74 21 calami
806 230 26 21 dä
847 231 6 20 i
865 230 152 27 motiveringen

196 259 76 27 intogs,
294 259 35 22 det
352 259 89 21 orsaken
464 259 85 21 hvarför
572 259 64 21 orden
660 259 120 27 äfvensom
802 259 46 21 från
864 259 100 27 rotering,
980 259 40 21 der

195 287 65 22 sådan
277 287 65 22 frihet
356 287 128 27 gästgifvare
500 288 57 21 förut
572 287 76 28 tillagd
662 290 37 18 är"
717 287 68 21 blifvit
800 293 26 16 ur
840 288 68 20 denna
919 287 100 27 paragraf

196 317 112 23 uteslutna,
332 322 49 16 vore
404 318 30 20 att
457 316 192 27 indelningsverket
670 322 88 15 numera
781 318 23 20 är
827 316 111 27 upphäfdt.
968 316 49 22 Men

194 346 36 26 jag
252 347 45 20 tror
319 346 49 21 hela
391 345 160 27 uteslutningen,
574 345 89 21 likasom
687 345 160 27 motiveringen,
866 346 23 20 är
905 352 25 14 en
946 346 73 26 lapsus

196 374 74 21 calami
294 374 39 21 och
357 374 67 21 skulle
440 374 78 26 derför,
534 374 7 21 i
557 374 67 22 likhet
640 374 46 20 med
702 374 50 21 herr
767 373 86 28 Nysten,
870 374 52 27 yrka
938 374 33 27 på,
987 376 33 19 att

197 402 61 22 dessa
273 403 38 21 ord
328 403 65 21 måtte
408 403 6 20 i
430 403 126 26 paragrafen
572 404 46 20 åter
633 403 55 26 ingå.

265 459 89 22 Ståndet
378 459 66 21 beslöt
467 460 51 20 derå
540 460 47 21 med
611 460 153 25 öfvervägande
785 459 115 27 pluralitet,
924 461 32 19 att
971 459 48 21 de
1008 455 14 36 i

196 488 125 27 paragrafen
344 488 100 27 stadgade
461 488 87 22 friheter
564 488 60 22 äfven
641 488 67 21 skulle
723 488 103 22 innefatta
842 488 65 21 frihet
921 488 48 21 från
984 494 36 15 ro-

196 517 73 26 tering,
293 516 87 22 hvarför
404 516 53 22 efter
480 517 62 21 ordet
566 517 163 27 ,kronoskjuts*
754 517 13 21 ä
782 516 74 27 sjunde
871 517 65 21 raden
952 516 70 22 skulle

196 545 60 27 fogas
278 546 117 27 ,äfvensom
412 546 46 21 från
475 547 99 26 rotering,
590 546 38 22 der
642 546 66 21 sådan
724 545 64 22 frihet
803 546 145 27 gästgifveriet
964 546 58 21 förut

196 574 74 27 tillagd
286 575 40 21 är".

581 643 11 27 8
608 644 33 20 21.

266 700 55 21 Herr
344 699 172 22 Rönnbäck:
532 700 41 27 Jag
588 700 31 21 fär
634 700 103 21 anmärka
752 702 31 19 ett
798 700 148 26 korrekturfel,
962 700 6 20 i
984 700 37 20 det

196 731 33 18 att
251 728 53 21 efter
320 729 61 20 ordet
398 744 10 8 ,,
411 728 150 26 anmärkning”
578 728 142 21 förekommer
735 731 31 19 ett
781 729 89 25 komma,
887 734 45 15 som
948 730 74 24 egent-

196 757 56 26 ligen
269 756 65 22 borde
350 756 34 22 stä
396 756 53 21 efter
464 758 61 20 ordet
542 757 179 27 ,skjutsanstalt*.

266 820 129 26 Paragrafen
412 819 122 27 godkändes
550 819 50 21 derä
616 819 46 21 med
679 820 97 29 rättande
791 819 24 22 af
829 820 59 21 detta
903 820 96 27 tryckfel.

266 877 24 27 88
306 877 83 21 22—24
404 876 123 27 godkändes
542 880 50 18 utan
610 876 124 22 diskussion.

266 934 12 29 $
294 935 27 20 25
338 941 61 14 mom.
418 937 7 18 1
444 934 121 26 godkändes
582 934 144 21 oförändradt.

565 1020 62 21 Mom.
644 1021 19 20 2.

267 1077 55 21 Herr
338 1076 169 22 Lindholm:
524 1077 41 21 Det
580 1082 61 21 synes
658 1076 42 27 mig
716 1083 49 14 vara
781 1079 30 19 ett
828 1077 85 26 misstag
929 1080 32 19 att
976 1078 44 21 tala

198 1112 33 15 om
248 1106 25 20 de
288 1106 7 21 i
310 1105 11 27 &
338 1106 25 20 27
380 1105 137 27 uppräknade
532 1105 44 26 fall,
593 1105 37 22 der
645 1111 47 15 man
709 1105 67 22 skulle
792 1112 50 15 vara
856 1106 118 26 berättigad
988 1109 31 19 att

198 1140 47 16 resa
267 1135 74 26 längre
364 1133 48 22 med
434 1140 24 15 en
483 1133 38 22 och
538 1140 79 15 samma
634 1134 53 25 häst,
703 1136 26 19 än
745 1135 32 20 till
793 1136 107 20 närmaste
915 1135 105 26 skjutsan-

197 1163 57 21 stalt.
284 1163 11 21 I
311 1163 92 21 nämnda
417 1162 11 27 &
445 1162 53 21 talas
515 1163 53 21 dock
584 1162 118 27 egentligen
718 1169 33 15 om
768 1164 36 20 det
819 1163 36 21 fall
868 1163 27 22 dä
906 1169 47 15 man
964 1169 58 16 reser

199 1191 85 21 kortare
300 1191 84 21 sträcka
400 1192 26 19 än
442 1191 30 21 till
489 1192 106 20 närmaste
611 1191 153 27 skjutsanstalt.
794 1191 100 27 Möjligen
905 1191 79 28 äsyftas
995 1192 27 21 de

198 1220 53 21 sista
266 1220 64 21 orden
346 1220 7 21 i
370 1220 12 27 &
398 1220 33 25 27,
448 1221 31 20 att
495 1220 121 24 ,afständet
631 1220 46 21 icke
688 1222 23 19 är
722 1220 72 26 längre
805 1222 26 19 än
843 1220 90 22 emellan
943 1220 79 27 skjuts-

198 1248 102 22 anstalter
322 1249 6 20 i
352 1248 115 21 allmänhet
490 1249 100 26 stadgadt
612 1250 44 19 är.*
688 1248 48 21 Men
757 1249 36 27 jag
808 1249 81 27 tänker,
906 1251 32 20 att
953 1249 69 22 denna

198 1277 124 26 hänvisning
338 1279 24 19 är
378 1276 122 27 öfverflödig
516 1278 37 20 och
570 1279 31 19 att
617 1277 39 21 den
672 1277 70 21 kunde
758 1277 57 27 utgä.

267 1333 116 21 Momentet
398 1333 122 26 godkändes
536 1334 119 20 emellertid
670 1333 144 21 oförändradt.

530 1400 11 27 8
556 1401 27 20 26
599 1407 63 15 mom.
681 1402 16 19 1.

268 1458 54 22 Herr
341 1458 174 22 Rönnbäck:
533 1458 45 22 Här
592 1458 73 29 tyckes
680 1459 46 21 äter
741 1465 51 16 vara
807 1461 31 20 ett
854 1459 95 28 tryckfel.
980 1460 42 21 Det

198 1487 39 24 bör
259 1487 34 21 väl
316 1487 49 21 heta
388 1488 121 26 ,störtar*i
526 1487 71 21 stället
612 1487 32 22 för
660 1487 112 25 ,störtat",
788 1490 21 26 ty
826 1494 33 16 om
875 1488 73 22 hästen
965 1488 58 22 förut

197 1517 79 21 störtat
290 1516 42 21 kan
348 1516 39 22 den
402 1516 23 27 ju
440 1516 45 21 icke
500 1516 85 21 komma
600 1516 32 22 till
648 1517 182 27 skjutsanstalten.
