1120 1811
310 130 178 21 Borgareståndet
500 131 58 17 1882.
581 131 13 16 4
606 131 47 20 maj.
835 123 54 21 1119

71 199 85 22 hvilken
179 199 33 21 del
236 199 54 21 dock
313 200 30 25 är,
365 199 69 21 såsom
453 199 38 21 här
506 199 64 21 redan
585 197 70 23 blifvit
669 198 113 28 påpekadt,
797 198 94 22 särdeles

72 227 125 28 intelligent.
227 227 49 22 Men
299 227 36 22 det
358 227 66 28 ligger
447 233 24 16 en
492 230 45 19 stor
558 227 46 22 fara
620 228 6 21 i
642 230 30 19 ett
687 227 50 22 slikt
752 227 138 22 förhållande.

72 257 26 21 Vi
119 256 39 22 här
172 257 7 20 i
195 256 63 21 södra
277 255 85 22 delarne
378 255 22 22 af
413 256 72 21 landet
500 256 33 21 stå
548 262 74 21 genom
638 257 50 20 våra
703 257 56 26 goda
773 256 116 21 kommuni-

72 285 97 21 kationer
194 285 7 21 i
225 287 68 18 tätare
315 285 99 26 beröring
436 285 46 21 med
504 285 126 27 hvarandra,
652 285 36 21 det
706 285 88 27 uppstår
806 285 38 20 här
859 287 32 19 ett

72 313 76 26 samlif,
171 313 38 21 och
232 319 155 18 gemensamma
408 313 102 21 intressen
527 315 60 25 göra,
603 315 33 19 att
650 312 21 21 vi
686 314 69 21 känna
771 320 34 14 oss
821 313 69 21 såsom

72 348 25 15 en
114 342 78 21 nation.
223 341 56 21 Från
296 342 59 21 detta
370 341 71 22 samlif
455 341 40 21 blir
510 342 137 21 Österbotten
670 341 96 22 alltmera
780 342 109 25 uteslutet,

72 370 44 22 ifall
139 371 19 20 vi
181 370 46 21 icke
250 376 23 15 se
287 370 32 21 till
343 372 31 19 att
397 370 20 20 vi
438 372 59 19 snart
518 370 22 21 få
560 370 111 28 tidsenliga
685 370 205 22 kommunikationer

73 399 64 21 också
156 399 37 21 dit.
223 399 42 27 Jag
281 401 60 25 säger
356 399 123 27 uppriktigt,
494 401 33 19 att
538 398 38 28 jag
591 401 50 23 tror,
657 398 35 22 det
707 400 19 20 vi
741 399 90 22 behöfva
846 406 44 14 mer

72 428 86 21 komma
179 428 8 20 i
209 427 99 27 beröring
330 428 48 20 med
393 427 142 26 Österbotten,
552 430 26 19 än
594 428 45 21 med
656 428 108 21 Savolaks.
788 428 103 21 Räknade

71 457 20 20 vi
107 456 55 22 efter
177 456 40 21 den
233 458 66 24 nytta,
316 462 44 15 som
377 456 39 22 den
427 462 39 16 ena
477 456 51 22 eller
537 457 67 21 andra
614 456 122 22 landsdelen
747 456 70 22 kunde
827 457 64 21 hafva

71 485 24 21 af
109 491 25 15 en
147 485 94 26 jernväg,
257 485 95 21 räknade
367 485 21 20 vi
404 485 53 21 huru
473 487 44 19 stor
533 485 128 27 befolkning,
676 492 45 14 som
736 485 123 27 betjenades
869 485 23 21 af

72 514 40 21 den
129 513 50 22 eller
195 513 40 21 den
249 512 121 28 jernvägen,
387 514 27 21 då
429 514 71 21 kunde
514 514 20 21 vi
550 514 120 26 visserligen
686 514 84 21 komma
786 517 31 18 att
828 516 61 24 säga:

71 542 40 21 här
131 542 66 22 finnes
221 548 24 14 en
269 542 102 26 landsdel,
394 542 175 26 Viborgstrakten
586 542 39 21 och
641 542 108 26 Savolaks,
764 548 44 16 som
823 542 68 22 skulle

72 570 63 22 hafva
157 573 45 19 stor
224 573 59 24 nytta
305 571 23 21 af
346 570 114 28 jernvägen
476 571 39 21 och
529 571 85 21 hvilken
636 570 94 22 landsdel
746 572 80 21 kanske
841 577 50 15 vore

72 601 69 20 större
162 602 28 19 än
206 599 39 21 den
261 605 45 15 som
323 600 121 25 betjenades
459 600 22 21 af
495 600 39 21 den
551 600 166 21 österbottniska
733 600 75 21 banan.
841 600 49 21 Men

72 628 36 21 det
123 630 24 19 är
161 628 48 21 icke
224 627 68 22 denna
308 629 113 26 synpunkt,
437 635 44 14 som
497 628 32 21 för
544 629 64 20 saken
625 629 24 20 är
664 628 119 25 afgörande.
814 629 75 20 Lätom

73 663 34 16 oss
130 657 71 24 tänka,
225 659 32 18 att
278 657 20 21 vi
318 655 67 23 skulle
408 657 110 26 föredraga
534 663 24 14 en
573 657 88 27 jernväg
675 657 60 26 längs
750 657 76 21 kusten
842 657 47 20 från

72 679 47 28 Åbo
141 686 30 21 till
195 685 86 27 Viborg.
312 685 74 22 Denna
406 685 88 27 jernväg
512 685 67 22 skulle
595 685 154 26 otvifvelaktigt
764 685 85 27 betjena
865 689 25 17 en

72 714 59 27 långt
154 716 68 19 större
244 713 129 28 befolkning,
395 716 26 19 än
445 714 39 21 den
504 714 94 27 jernväg,
622 720 44 15 som
687 716 24 19 är
725 714 118 27 föreslagen
859 716 32 19 att

72 743 76 26 dragas
169 742 31 21 till
224 743 83 27 Kuopio
331 743 39 21 och
393 743 32 21 till
446 743 40 21 och
506 743 47 21 med
568 749 33 15 om
618 749 25 15 en
659 745 40 24 väg
714 742 68 22 skulle
797 743 93 21 derifrån

73 772 75 27 dragas
170 778 43 20 upp
228 771 32 21 till
277 771 113 28 Uleåborg.
421 771 45 22 Och
482 772 32 26 då,
530 771 70 27 frågar
614 771 41 28 jag,
671 771 68 22 skulle
754 772 18 21 vi
789 778 50 14 vara
855 771 36 21 be-

72 801 65 20 redda
160 803 33 18 att
215 800 113 27 föredraga
350 807 26 14 en
399 800 57 27 dylik
474 803 40 24 väg
530 799 87 22 framför
633 800 68 27 någon
717 800 23 21 af
754 801 25 20 de
794 807 28 14 nu
837 800 54 21 före-

72 829 86 27 slagna?
187 829 51 22 Helt
260 829 52 21 visst
334 830 52 25 icke,
410 829 39 21 och
474 830 35 20 det
528 829 76 27 derför,
620 831 32 19 att
668 829 19 20 vi
702 829 70 21 känna
787 829 46 21 med
850 835 40 20 oss,

72 860 33 19 att
120 858 36 21 det
170 858 47 21 icke
233 859 24 20 är
272 858 23 21 så
310 858 20 21 vi
345 858 60 21 skola
420 857 89 22 bedöma
524 857 81 27 frågan,
621 860 51 19 utan
688 857 45 22 från
745 858 145 27 synpunkten:

72 887 83 21 hvilken
177 888 25 20 är
223 887 39 20 den
279 889 59 24 nytta
353 887 20 20 vi
388 887 69 21 såsom
473 887 43 21 folk
531 887 62 21 hafva
608 887 22 20 af
642 887 120 26 jernvägen.
793 886 44 22 Och
853 886 39 21 här

71 916 95 21 kommer
183 916 36 26 jag
235 915 88 22 tillbaka
338 915 32 21 till
386 914 56 22 hvad
454 915 37 28 jag
505 916 65 20 redan
584 916 91 26 yttrade,
690 917 33 19 att
738 922 33 14 om
787 915 19 21 vi
817 914 74 22 endast

72 947 49 24 taga
144 944 79 27 hänsyn
246 944 32 21 till
301 944 40 21 den
357 946 59 25 nytta
432 940 136 26 Österbotten
590 945 13 20 &
626 950 38 15 ena
687 946 54 19 samt
757 944 80 26 Viborg
852 944 39 21 och

73 972 102 22 Savolaks
191 973 12 21 å
219 972 66 22 andra
301 973 66 26 sidan,
384 972 53 22 hade
453 973 22 21 af
485 974 25 20 de
520 973 119 26 föreslagna
647 973 147 27 jernvägarne,
805 972 26 21 då
841 978 50 16 vore

72 1002 56 21 valet
143 1002 80 21 kanske
239 1001 46 21 icke
300 1002 46 21 lätt.
376 1001 48 21 Men
441 1002 20 20 vi
477 1002 66 21 måste
558 1007 22 16 se
596 1001 52 21 efter
663 1001 55 21 hvad
729 1004 59 24 nytta
799 1001 19 21 vi
829 1001 63 21 hafva

71 1030 71 28 såsom
163 1030 44 22 folk
231 1030 24 21 af
265 1030 123 26 jernvägen,
404 1030 38 22 och
459 1030 26 21 då
500 1030 72 27 påstår
584 1030 44 27 jag,
644 1032 31 18 att
691 1030 136 22 samfärdseln
844 1030 47 21 med

73 1059 136 21 Österbotten
232 1058 45 22 stär
295 1059 79 21 främst.
406 1058 45 22 Och
467 1059 26 21 dä
508 1059 20 21 vi
542 1059 69 21 funnit
627 1059 65 25 detta,
709 1058 61 22 hafva
786 1058 20 21 vi
821 1061 33 19 att
869 1065 22 14 se

72 1087 32 22 till
121 1087 54 22 huru
190 1088 123 21 utförandet
327 1088 35 20 mä
376 1087 44 22 ske.
441 1087 25 21 Vi
481 1087 57 21 finna
554 1088 33 26 dä,
600 1090 31 18 att
641 1088 59 20 detta
710 1088 41 20 kan
763 1087 129 27 slutbringas

73 1116 48 22 med
143 1117 27 21 29
186 1116 105 22 millioner
307 1117 59 21 mark
382 1116 38 22 och
435 1116 56 22 inom
507 1123 25 14 en
548 1116 91 28 tidrymd
655 1116 24 21 af
692 1119 33 18 tre
740 1116 51 22 eller
805 1116 42 21 fem
862 1117 30 26 är,

72 1145 45 22 ifall
141 1147 18 20 vi
182 1152 29 14 nu
232 1145 84 22 besluta
336 1152 34 15 oss
393 1145 33 22 för
441 1146 39 27 den
494 1145 169 22 österbottniska
678 1145 75 26 banan,
770 1145 73 21 medan
859 1145 33 21 för

73 1177 31 18 att
125 1174 84 21 komma
225 1174 6 20 i
247 1173 99 28 beröring
361 1175 47 20 med
424 1174 136 21 Osterbotten
576 1175 27 26 pä
618 1181 69 14 annan
703 1176 39 24 väg
757 1174 19 20 vi
792 1173 54 28 finge
863 1173 30 21 lof

73 1205 32 19 att
121 1205 62 19 vänta
199 1203 40 21 och
255 1205 63 19 vänta
333 1204 67 25 länge.
431 1203 38 23 De,
486 1209 43 15 som
545 1203 84 26 föreslä,
645 1205 32 19 att
692 1203 18 20 vi
722 1202 60 21 skola
793 1202 54 21 bana
858 1208 34 15 oss

73 1232 32 20 dit
120 1231 53 22 fram
190 1231 58 21 ölver
263 1232 91 26 Kuopio,
369 1232 63 21 ställa
447 1232 6 20 i
468 1232 120 26 perspektiv
603 1234 33 18 att
650 1232 20 20 vi
686 1230 88 22 sälunda
789 1230 67 22 skulle
871 1230 21 21 fä

73 1266 26 16 en
122 1260 107 22 direktare
252 1260 181 22 kommunikation
455 1260 27 27 pä
503 1260 113 27 Uleäborg.
647 1260 38 22 Om
709 1260 65 21 ocksä
794 1260 23 21 sä
831 1259 60 21 verk-

72 1289 56 27 ligen
152 1288 68 22 blefve
242 1289 67 24 fallet,
331 1289 115 21 orsakades
469 1288 53 22 dock
545 1289 120 27 derigenom
688 1290 30 19 ett
734 1288 96 27 uppskof,
846 1294 46 14 som

73 1318 117 26 säkerligen
213 1317 32 21 fär
268 1318 78 21 räknas
368 1317 32 22 till
422 1318 29 20 tio
474 1318 30 20 är.
534 1318 49 20 Man
602 1317 38 21 har
655 1317 121 27 visserligen
791 1319 52 24 sagt,
859 1318 33 19 att

74 1346 35 22 det
132 1347 46 21 icke
201 1346 62 22 beror
285 1347 24 20 sä
324 1346 84 27 mycket
423 1346 27 27 pä
465 1352 34 16 om
515 1348 20 19 vi
550 1346 85 22 komma
650 1346 32 20 till
698 1345 136 22 Österbotten
850 1345 41 21 fem

73 1375 25 21 år
119 1375 43 21 förr
185 1375 52 21 eller
257 1381 74 15 senare
354 1374 38 22 och
415 1377 32 19 att
469 1375 39 21 den
523 1375 65 21 saken
603 1374 42 21 kan
661 1376 70 19 vänta.
761 1374 131 22 Anslutande

73 1404 42 26 mig
138 1404 53 20 dock
214 1404 31 20 till
265 1403 55 21 hvad
334 1403 36 27 jag
384 1410 28 14 nu
427 1404 67 26 yttrat
509 1404 37 20 ber
558 1403 38 27 jag
611 1402 21 22 få
647 1405 56 24 säga,
720 1404 32 20 att
766 1403 43 26 mig
824 1408 67 21 synes,

73 1432 36 20 det
125 1438 25 14 en
165 1432 120 20 förbättrad
307 1432 183 20 kommunikation
504 1432 33 20 för
552 1431 103 21 Savolaks
670 1431 83 25 mycket
768 1431 67 21 hellre
850 1431 41 20 kan

73 1462 64 18 vänta
159 1460 7 20 i
188 1459 42 21 fem
253 1459 29 21 är.
312 1459 78 21 Dertill
404 1459 40 21 bör
457 1459 79 27 läggas,
551 1462 31 18 att
598 1466 32 14 om
648 1459 19 20 vi
683 1458 64 22 ocksä
761 1459 84 21 komme
861 1457 31 21 till

74 1487 89 27 Kuopio,
187 1489 24 20 är
233 1488 36 20 det
292 1487 53 21 dock
368 1487 86 21 osäkert
476 1494 33 14 om
526 1488 68 20 denna
610 1487 65 21 banas
691 1486 140 22 fortsättande
845 1486 47 21 från

73 1516 85 27 Kuopio
173 1516 32 21 till
220 1515 107 27 Uleäborg
342 1516 68 21 skulle
424 1515 84 22 komma
524 1518 30 19 att
569 1515 44 22 ske.
643 1515 42 22 Det
700 1517 24 19 är
739 1521 25 16 en
776 1515 61 27 bana,
847 1521 45 15 som
