1128 1800
198 132 55 21 1202
432 135 179 22 Borgareståndet
621 136 59 17 1882.
704 135 15 17 8
730 136 48 19 maj.

197 205 132 21 statsskolor.
359 205 42 20 Det
424 206 23 19 är
470 204 89 21 framför
578 204 39 21 allt
632 204 18 26 ej
665 203 67 21 heller
746 203 68 26 billigt
831 205 58 19 emot
904 204 54 25 dem,
972 209 46 16 som

197 239 56 19 anse,
276 235 31 19 att
323 233 26 21 de
364 232 68 22 finska
447 232 101 22 skolorna
562 232 61 26 länge
639 232 53 20 varit
707 231 153 25 förfördelade;
876 231 39 22 och
929 232 35 26 jag
979 231 39 21 hör

196 262 34 21 till
245 261 55 26 dem,
321 268 45 14 som
381 267 58 20 anse,
453 263 33 19 att
502 262 25 20 de
542 261 106 27 verkligen
665 261 61 26 länge
740 262 55 19 varit
810 261 81 20 mindre
906 260 114 27 uppmärk-

197 290 114 23 sämmade,
333 292 27 18 än
383 290 37 21 ske
443 290 53 20 bort.
527 290 56 26 Vilja
605 290 20 21 vi
649 288 70 22 derför
737 289 27 26 gå
779 289 8 21 i
802 290 39 20 den
857 289 99 27 riktning,
972 295 45 15 som

194 318 37 28 jag.
252 319 84 21 försökt
353 318 85 27 utpeka,
454 324 61 20 synes
531 318 36 21 det
582 319 43 25 mig
639 318 53 21 dock
708 317 105 27 sjelffallet
829 319 31 19 att
876 318 19 20 vi
911 324 28 15 nu
954 318 6 20 i
976 317 43 22 alla

197 347 112 22 händelser
331 346 60 22 skola
413 347 52 21 söka
488 346 49 28 fylla
561 347 145 26 ögonblickets
729 346 64 21 behof
807 346 66 27 enligt
888 347 36 21 det
939 352 27 15 nu
984 345 36 23 be-

197 376 87 22 stående
306 378 109 26 systemet,
439 382 46 14 men
501 376 32 21 för
549 376 110 21 framtiden
676 374 57 22 hålla
748 376 40 20 den
804 375 22 21 af
840 376 42 25 mig
899 382 27 14 nu
942 375 78 22 väckta

196 405 74 27 frågan
293 407 80 25 öppen;
396 405 37 21 och
457 404 36 21 det
515 407 24 19 är
554 405 71 21 derför
637 404 36 27 jag
689 406 24 19 är
728 410 49 15 ense
793 411 33 14 om
843 404 34 20 det
893 404 66 22 första
974 410 43 16 mo-

197 435 80 20 mentet
299 434 22 21 af
343 433 39 21 den
406 433 63 26 kläm,
493 440 43 15 som
560 433 106 22 allmänna
688 433 193 21 besvärsutskottet
902 432 116 28 föreslagit.

196 462 40 27 Jag
259 462 34 22 vill
318 462 53 21 dock
394 464 57 24 säga,
474 465 31 18 att
518 463 36 26 jag
569 462 54 21 hade
639 462 77 21 önskat
732 468 22 14 se
770 462 58 21 detta
845 465 93 18 moment
953 462 66 26 något

196 491 133 21 annorlunda
349 491 120 20 stiliseradt.
501 491 41 26 Jag
557 491 54 20 hade
627 493 68 18 ansett
710 491 36 20 det
761 496 50 15 vara
827 491 58 26 långt
901 491 70 20 bättre
986 493 33 18 att

196 519 103 28 godtgöra
320 519 25 21 de
369 519 178 26 förfördelanden,
570 520 33 20 för
627 519 70 20 hvilka
720 519 39 20 den
783 519 139 21 finsktalande
937 519 80 21 befolk-

196 547 76 27 ningen
289 548 55 21 varit
359 550 73 21 utsatt,
448 553 75 20 genom
539 550 32 19 att
586 548 56 26 gifva
657 548 69 26 någon
742 547 51 22 eller
809 547 66 26 några
891 547 126 27 fyrklassiga

196 576 67 25 finska
286 576 217 21 fruntimmersskolor
525 576 38 22 till,
586 576 66 21 hellre
667 578 26 19 än
710 577 25 19 de
750 576 120 26 föreslagna
885 576 133 26 sjuklassiga.

195 605 41 26 Jag
258 605 73 27 gjorde
354 606 35 20 det
412 605 23 21 så
457 605 84 27 mycket
564 605 72 26 hellre,
655 611 44 15 som
716 605 26 20 de
758 605 125 27 sjuklassiga
898 611 62 21 synas
976 605 42 26 mig

196 633 62 22 hafva.
279 634 32 21 sin
334 634 115 26 väsentliga
473 634 106 26 betydelse
603 634 74 21 endast
699 640 75 20 genom
791 636 32 18 att
837 634 72 21 kunna
928 634 91 26 bidraga

195 662 32 22 till
243 662 134 21 utbildandet
392 662 23 21 af
428 662 118 21 lärarinnor
562 662 32 21 för
610 662 66 26 öfriga
691 662 77 25 skolor,
785 662 39 21 och
840 663 94 24 emedan,
950 662 68 27 enligt

195 690 36 22 det
253 691 276 27 subventioneringssystem
549 691 37 27 jag
601 690 94 26 föreslår,
712 697 25 15 en
753 690 112 27 sjuklassig
881 691 59 21 skola
956 691 38 21 här
1009 692 6 20 i

195 719 132 27 Helsingfors
350 720 64 21 redan
437 720 92 26 åtnjuter
551 722 31 18 ett
603 720 75 20 sådant
694 719 121 24 understöd,
832 720 39 20 och
887 720 6 20 i
908 719 42 21 alla
965 720 52 20 hän-

196 748 69 21 delser
281 748 66 26 enligt
362 748 56 21 mina
429 748 106 27 principer
545 748 68 22 skulle
625 749 83 20 komma
719 751 32 18 att
762 748 62 21 blifva
836 748 103 27 delaktigt
952 748 64 21 deraf.

263 776 48 22 Men
327 778 61 20 äfven
403 783 34 15 om
453 782 48 15 man
518 777 95 26 vidtager
628 777 68 21 denna
711 777 141 26 öfvergångs-,
869 778 68 20 denna
948 777 68 26 billig-

195 805 129 27 hetsåtgärd,
348 805 66 21 finnes
437 806 36 20 det
495 807 55 19 ännu
571 812 24 14 en
612 805 88 27 princip,
716 806 27 24 på
758 805 84 21 hvilken
855 806 36 26 jag
908 806 66 20 måste
990 805 26 21 be

194 836 32 18 att
248 834 54 21 fästa
324 833 220 27 uppmärksamheten,
567 834 88 20 emedan
678 834 39 20 den
740 836 24 18 är
781 834 64 26 vigtig
860 834 5 20 i
883 834 87 21 dubbelt
985 834 31 20 af-

194 862 82 21 seende.
307 862 66 21 Skola
387 862 190 21 subventionerade
592 862 71 21 skolor
679 862 105 27 verkligen
802 868 49 15 vara
867 862 55 22 hvad
932 863 26 20 de
966 862 49 26 vilja

194 890 55 24 heta,
265 892 24 19 är
304 890 36 21 det
357 890 82 26 tydligt,
455 892 32 19 att
502 890 26 21 de
543 890 18 27 ej
579 890 50 22 böra
645 890 81 21 erhålla
741 896 81 16 samma
837 891 121 25 understöd,
969 897 45 15 som

194 919 36 21 det:
245 919 34 21 vid
295 925 24 15 en
335 919 73 27 publik
423 919 61 22 skola
499 919 136 21 existerande.
668 919 72 21 Gifver
754 925 48 15 man
820 919 135 22 närmelsevis
971 920 45 20 det-

194 953 87 21 samma,
304 949 24 19 är
347 948 35 20 det
397 948 82 26 tydligt,
495 950 32 19 att
543 954 47 14 man
607 948 74 21 endast
697 949 76 25 skapar
789 948 123 25 detsamma,
928 954 44 15 som
989 954 25 15 en

194 976 121 26 statsskola,
331 980 51 17 utan
399 979 32 19 att
446 975 54 22 dock
515 976 57 26 gifva
585 976 228 28 statsmyndigheterna
825 977 38 20 den
875 976 84 26 ledning
968 976 46 21 der-

194 1005 63 25 öfver,
281 1010 44 16 som
349 1005 60 21 dessa
432 1011 74 15 senare
521 1005 72 21 skolor
608 1006 61 26 gifva.
684 1017 28 3 —
728 1005 83 25 Vidare,
827 1012 34 14 om
878 1012 48 14 man
942 1005 74 21 ställer

193 1034 68 20 denna
285 1033 124 21 subvention
432 1033 105 21 beroende
553 1033 26 27 pä
595 1034 80 21 klasser
691 1034 38 21 och
746 1033 73 27 dylikt,
837 1034 79 21 tilläter
932 1040 47 14 man
994 1034 20 26 ej

193 1062 114 26 tillräcklig
331 1062 103 21 variation
457 1065 32 18 att
504 1063 71 20 kunna
591 1063 76 26 uppstå
682 1062 5 20 i
704 1064 25 19 de
745 1062 79 26 skolor,
839 1068 45 15 som
900 1063 71 21 kuuna
986 1063 29 26 pä

192 1090 69 27 privat
275 1092 40 24 väg
330 1090 128 27 uppkomma
472 1090 38 22 och
527 1091 52 20 söka
594 1092 31 25 sig
640 1090 130 22 subvention.
802 1091 41 21 Det
858 1092 24 20 är
898 1091 71 21 derför
977 1092 37 26 jag

192 1119 18 27 ej
234 1120 39 20 kan
297 1119 50 26 gilla
363 1119 40 21 den
419 1120 60 25 form,
494 1126 44 14 som
554 1119 7 21 i
576 1120 116 20 utskottets
708 1119 133 21 betänkande
857 1122 23 18 är
895 1120 118 26 föreslagen

192 1147 32 21 för
246 1148 157 20 subventioner.
433 1148 43 20 Der
496 1150 36 18 äro
549 1148 102 26 nämligen
668 1148 25 21 de
709 1148 190 21 subventionerade
914 1148 99 22 skolorna

192 1176 121 21 beräknade
329 1176 44 20 helt
389 1176 38 21 och
444 1176 65 21 hället
525 1176 53 21 efter
593 1179 32 18 att
641 1183 50 14 vara
708 1177 104 21 likartade
828 1178 47 19 med
892 1177 122 21 nuvarande

192 1205 276 21 statsfruntimmersskolor.
500 1205 31 21 De
546 1205 63 21 hafva
625 1205 124 22 subvention
766 1205 107 21 beräknad
885 1206 53 20 efter
949 1206 63 25 klass,

192 1234 38 21 och
253 1233 154 22 subventionen
429 1233 72 26 tyckes
524 1234 5 20 i
552 1234 35 20 det
610 1233 48 22 hela
673 1237 58 23 taget
747 1241 50 14 vara
813 1235 104 20 uträknad
934 1234 30 26 så,
980 1237 33 18 att

192 1263 96 20 eleverna
304 1263 18 26 ej
339 1261 60 22 skola
422 1261 89 22 behöfva
528 1262 70 21 betala
613 1262 72 21 alltför
700 1262 83 27 mycket
799 1263 64 26 högre
879 1263 134 26 skolafgifter

191 1293 26 19 än
240 1291 5 20 i
269 1291 25 21 de
310 1290 87 27 publika
412 1291 105 21 skolorna.
546 1291 11 20 I
572 1291 59 21 detta
646 1291 36 21 fall
698 1297 62 21 synes
776 1291 42 27 mig
835 1291 36 21 det
885 1294 78 24 system
980 1297 31 15 er-

190 1319 65 26 bjuda
277 1321 68 19 större
369 1319 66 21 fördel
458 1322 31 19 att
508 1319 43 21 låta
567 1319 150 22 subventionen
733 1327 51 14 vara
801 1320 104 21 beroende
921 1320 21 20 af
956 1320 55 21 hvad

191 1347 73 21 skolan
281 1347 108 27 verkligen
405 1348 79 20 kostar,
501 1348 99 26 antingen
617 1347 67 21 denna
700 1348 125 21 subvention
838 1349 49 20 sker
897 1348 55 21 efter
959 1349 51 25 hög-

190 1378 33 18 sta
246 1376 116 25 beräkning
384 1376 51 20 eller
457 1378 32 18 att
512 1379 69 17 staten
604 1377 27 25 på
649 1379 65 18 annat
729 1379 44 18 sätt
789 1377 134 25 undersöker,
940 1378 24 19 så
979 1378 32 19 att

190 1404 151 21 subventionen
357 1404 70 21 kunde
442 1410 51 14 vara
509 1404 96 26 omkring
620 1404 27 22 50
663 1405 27 26 ?/,
705 1405 65 21 deraf.
799 1405 10 21 I
825 1404 135 28 förbigående
975 1404 36 22 vill

189 1433 35 26 jag
238 1432 40 22 här
293 1432 48 21 flika
357 1433 20 20 in
394 1433 39 20 den
450 1433 161 27 omständighet,
627 1436 32 18 att
675 1434 58 20 detta
747 1436 79 25 system
839 1434 60 21 äfven
912 1434 100 27 erbjuder

190 1468 25 14 en.
238 1461 123 22 ekonomisk
385 1461 67 21 fördel
475 1462 34 21 för
531 1465 76 21 staten,
623 1462 87 22 emedan
727 1462 72 28 hvarje
815 1463 66 25 skola,
898 1469 44 15 som
958 1468 52 22 upp-

189 1490 61 22 stode
266 1491 6 21 i
287 1490 78 26 landet,
389 1490 68 21 skulle
479 1490 85 22 komma
587 1493 31 19 att
640 1491 62 22 kosta
718 1494 69 19 staten
803 1492 75 22 endast
893 1491 79 22 hälften
988 1491 25 22 af

189 1519 56 22 hvad
261 1520 38 21 den
316 1519 60 28 eljest
391 1519 80 27 gjorde.
