1125 1817
217 146 41 20 662
438 151 177 21 Borgareständet
628 152 57 16 1882.
710 152 26 17 23
747 156 64 14 mars.

280 220 153 21 Diskussionen
451 219 116 22 afslutades
582 220 87 21 härmed
684 220 38 21 och
738 220 30 21 lät
778 220 50 22 herr
838 220 129 22 Talmannen
978 227 53 20 upp-

212 248 45 22 läsa
272 254 25 15 en
314 249 22 20 sä
351 248 91 27 lydande
457 248 142 27 proposition:
959 262 9 13 i

281 305 52 26 »De,
349 305 72 21 hvilka
436 305 114 28 godkänna
565 305 101 27 förslaget
680 311 34 16 om
729 305 132 28 inbjudning,
877 307 59 20 rösta
948 306 32 27 ja;

280 334 74 21 vinner
369 334 40 27 nej,
426 333 38 22 har
479 334 102 27 förslaget
596 334 107 21 förfallit".

280 392 131 21 Besvarades
425 393 49 20 med
489 393 28 20 44
529 392 23 27 ja
567 392 39 22 och
622 393 12 20 6
650 392 40 27 nej.
720 392 45 21 Och
780 392 55 22 hade
849 393 86 21 ståndet
949 393 83 21 således

214 420 87 22 beslutit
323 423 32 19 att
380 421 87 26 inbjuda
492 421 138 22 medstånden
655 423 37 25 att,
717 421 49 22 med
789 421 128 27 frångående
942 421 21 22 af
987 421 45 22 sina

213 449 90 27 tidigare
318 449 6 21 i
340 449 65 22 saken
420 450 81 21 fattade
516 449 75 26 beslut,
607 450 72 21 förena
694 450 32 27 sig
740 450 49 21 med
804 450 179 27 Borgareståndet
998 457 33 15 om

213 478 120 26 antagande
356 478 22 21 af
399 479 39 21 den
462 479 46 21 utaf
526 479 49 21 herr
590 479 78 27 Nysten
684 479 32 21 till
732 479 151 27 lagutskottets
898 479 135 22 betänkande

214 506 40 22 N:o
272 508 17 26 1,
299 513 33 15 om
348 509 61 20 ränta
424 507 34 21 vid
475 507 156 27 försträckning
646 507 26 27 pä
687 507 41 22 viss
743 508 50 21 kort
808 508 30 21 tid
853 510 50 19 utan
916 508 116 21 säkerhet
1021 502 15 37 i

213 535 41 22 fast
278 536 109 26 egendom,
409 536 75 27 fogade
507 536 136 21 reservation.
674 535 45 22 Och
740 536 69 21 skulle
824 537 69 21 denna
907 537 126 27 inbjudning

214 564 32 21 till
270 565 136 21 medstånden
429 565 113 22 framföras
557 571 75 20 genom
647 571 25 15 en
688 565 131 26 deputation,
835 565 32 21 till
883 565 84 22 hvilken
983 565 49 22 herr

214 593 129 22 Talmannen
364 593 53 22 härå
439 594 63 27 utsåg
526 593 70 22 såsom
618 593 116 22 ledamöter
757 593 74 22 herrar
845 594 90 27 Kurtén,
950 595 81 26 Nysten

214 621 39 22 och
268 621 61 28 Berg.

282 766 134 28 Föredrogos
434 767 60 21 Hans
509 767 117 27 Kejserliga
642 766 109 27 Majestäts
767 766 46 22 från
829 769 84 20 senaste
927 774 106 14 samman-

214 795 61 21 träde
298 795 116 27 bordlagda
435 796 78 26 nådiga
536 796 162 26 propositioner,
720 796 40 21 N:o
783 796 28 22 40
833 802 34 15 om
883 796 114 21 anvisande
1012 796 23 22 af

214 824 68 21 medel
298 824 31 21 till
347 824 137 21 bestridande
500 824 22 21 af
531 824 143 22 kostnaderna
684 824 32 21 för
727 824 40 21 den
777 824 69 21 finska
857 825 110 25 militären,
979 827 54 19 samt

282 852 40 22 N:o
338 854 26 20 41
383 853 108 26 angående
514 853 26 21 de
555 853 35 21 vid
606 852 128 27 landtdagen
749 853 24 21 år
790 854 53 20 1882
860 853 33 21 för
907 853 126 21 folkskolor-

213 886 38 16 nas
274 881 39 21 och
336 881 117 21 militärens
476 881 65 21 behof
562 884 56 18 samt
632 881 32 21 till
679 881 136 21 bestridande
829 882 22 20 af
865 882 168 26 landtdagskost-

213 909 95 22 naderna
321 909 79 21 äskade
416 910 85 26 anslag;
516 910 39 21 och
572 910 68 21 blefvo
656 910 60 21 dessa
726 910 157 27 propositioner
896 911 137 21 remitterade

213 938 33 21 till
261 938 165 22 statsutskottet.

281 996 81 21 Härom
377 996 68 21 skulle
461 996 17 26 ej
495 996 81 21 mindre
592 996 136 22 medstånden
744 998 27 19 än
786 997 161 21 statsutskottet
957 1002 75 21 genom

213 1024 196 28 protokollsutdrag
423 1024 142 22 underrättas.

283 1167 119 22 Fortsattes
417 1169 46 20 med
481 1168 127 27 behandling
622 1168 22 21 af
652 1170 151 20 sammansatta
818 1168 43 27 lag-
877 1168 39 21 och
927 1168 106 22 ekonomi-

214 1195 117 22 utskottets
344 1196 135 21 betänkande
494 1197 39 21 N:o
549 1198 12 19 2
577 1197 7 20 i
600 1197 112 26 anledning
727 1197 24 21 af
764 1197 59 21 Hans
838 1196 118 27 Kejserliga
966 1197 66 26 Maje-

214 1225 54 20 stäts
291 1224 77 27 nådiga
391 1225 137 27 proposition,
550 1225 145 22 innefattande
718 1225 78 27 förslag
811 1225 33 21 till
859 1225 122 28 förordning
997 1231 36 15 an-

214 1253 82 27 gående
318 1254 151 27 egostyckning
492 1254 39 21 och
554 1254 172 27 jordafsöndring
751 1255 13 21 &
789 1254 72 21 frälse-
887 1254 40 21 och
951 1255 82 21 skatte-

214 1282 98 21 hemman
328 1285 55 19 samt
399 1283 98 26 legoaftal
514 1289 34 15 om
563 1284 69 27 nägon
648 1283 34 22 del
697 1283 22 22 af
733 1283 72 28 dylika
820 1283 129 27 lägenheter.

539 1369 11 26 $
568 1369 25 20 10
608 1375 63 14 mom.
687 1370 19 19 2.

282 1423 56 22 Herr
352 1423 184 28 Björksten:
551 1425 43 26 Jag
607 1425 37 21 vill
659 1424 74 23 endast
748 1424 55 22 fästa
817 1425 216 27 uppmärksamheten

212 1452 42 27 vid,
279 1454 32 20 att
332 1453 37 21 det
384 1453 5 21 i
405 1453 116 21 utskottets
536 1453 134 22 betänkande
685 1453 71 22 heter:
774 1448 19 35 ,,
788 1454 63 21 Mom.
866 1455 13 20 2
895 1453 139 23 oförändradt

216 1482 48 21 med
286 1481 106 27 tillägg:*.
421 1482 65 21 Detta
508 1483 24 20 är
554 1484 31 19 ett
607 1483 139 21 förbiseende.
780 1482 109 22 Utskottet
914 1483 61 21 torde
1000 1483 34 21 väl

215 1509 64 23 hafva
301 1513 71 18 menat
387 1517 64 15 mom.
467 1512 12 21 2
495 1511 12 26 $
523 1511 13 21 9
551 1511 7 21 i
574 1511 164 27 propositionen.
769 1512 40 27 Jag
824 1512 49 21 ville
889 1512 75 21 endast
979 1511 55 22 fästa

214 1540 117 21 utskottets
354 1539 187 28 uppmärksamhet
563 1539 82 28 härvid,
661 1540 27 22 dä
702 1541 163 28 paragrafernas
880 1541 153 27 ordningsföljd
