<?xml version="1.0" encoding="UTF-8"?>
<alto xmlns="http://www.loc.gov/standards/alto/ns-v3#" xmlns:xlink="http://www.w3.org/1999/xlink" xmlns:xsi="http://www.w3.org/2001/XMLSchema-instance" xsi:schemaLocation="http://www.loc.gov/standards/alto/ns-v3# http://www.loc.gov/alto/v3/alto-3-0.xsd">
	<Description>
		<MeasurementUnit>pixel</MeasurementUnit>
		<sourceImageInformation>
			<fileName>/tmp/tess_nh7m8eoe_input.PNG</fileName>
		</sourceImageInformation>
		<OCRProcessing ID="OCR_0">
			<ocrProcessingStep>
				<processingSoftware>
					<softwareName>tesseract 5.3.4</softwareName>
				</processingSoftware>
			</ocrProcessingStep>
		</OCRProcessing>
	</Description>
	<Layout>
		<Page WIDTH="1109" HEIGHT="1800" PHYSICAL_IMG_NR="0" ID="page_0">
			<PrintSpace HPOS="0" VPOS="0" WIDTH="1109" HEIGHT="1800">
				<ComposedBlock ID="cblock_0" HPOS="213" VPOS="140" WIDTH="593" HEIGHT="24">
					<TextBlock ID="block_0" HPOS="213" VPOS="140" WIDTH="593" HEIGHT="24">
						<TextLine ID="line_0" HPOS="213" VPOS="140" WIDTH="593" HEIGHT="24">
							<String ID="string_0" HPOS="213" VPOS="140" WIDTH="42" HEIGHT="20" WC="0.93" CONTENT="944"/><SP WIDTH="184" VPOS="140" HPOS="255"/>
							<String ID="string_1" HPOS="439" VPOS="142" WIDTH="178" HEIGHT="22" WC="0.91" CONTENT="Borgareståndet"/><SP WIDTH="13" VPOS="142" HPOS="617"/>
							<String ID="string_2" HPOS="630" VPOS="142" WIDTH="56" HEIGHT="16" WC="0.95" CONTENT="1882."/><SP WIDTH="24" VPOS="142" HPOS="686"/>
							<String ID="string_3" HPOS="710" VPOS="142" WIDTH="25" HEIGHT="16" WC="0.95" CONTENT="25"/><SP WIDTH="13" VPOS="142" HPOS="735"/>
							<String ID="string_4" HPOS="748" VPOS="141" WIDTH="58" HEIGHT="21" WC="0.85" CONTENT="april."/>
						</TextLine>
					</TextBlock>
				</ComposedBlock>
				<GraphicalElement ID="cblock_1" HPOS="213" VPOS="169" WIDTH="822" HEIGHT="6"></GraphicalElement >
				<ComposedBlock ID="cblock_2" HPOS="213" VPOS="208" WIDTH="821" HEIGHT="139">
					<TextBlock ID="block_1" HPOS="213" VPOS="208" WIDTH="821" HEIGHT="139">
						<TextLine ID="line_1" HPOS="213" VPOS="208" WIDTH="821" HEIGHT="30">
							<String ID="string_5" HPOS="213" VPOS="212" WIDTH="102" HEIGHT="26" WC="0.91" CONTENT="rödjande"/><SP WIDTH="22" VPOS="212" HPOS="315"/>
							<String ID="string_6" HPOS="337" VPOS="211" WIDTH="22" HEIGHT="21" WC="0.96" CONTENT="af"/><SP WIDTH="20" VPOS="211" HPOS="359"/>
							<String ID="string_7" HPOS="379" VPOS="211" WIDTH="41" HEIGHT="20" WC="0.92" CONTENT="alla"/><SP WIDTH="20" VPOS="211" HPOS="420"/>
							<String ID="string_8" HPOS="440" VPOS="210" WIDTH="133" HEIGHT="25" WC="0.90" CONTENT="tvifvelsmål,"/><SP WIDTH="16" VPOS="210" HPOS="573"/>
							<String ID="string_9" HPOS="589" VPOS="209" WIDTH="113" HEIGHT="27" WC="0.91" CONTENT="föredraga"/><SP WIDTH="14" VPOS="209" HPOS="702"/>
							<String ID="string_10" HPOS="716" VPOS="208" WIDTH="127" HEIGHT="26" WC="0.91" CONTENT="stadgandet"/><SP WIDTH="14" VPOS="208" HPOS="843"/>
							<String ID="string_11" HPOS="857" VPOS="209" WIDTH="7" HEIGHT="20" WC="0.93" CONTENT="i"/><SP WIDTH="16" VPOS="209" HPOS="864"/>
							<String ID="string_12" HPOS="880" VPOS="208" WIDTH="104" HEIGHT="21" WC="0.91" CONTENT="komiténs"/><SP WIDTH="16" VPOS="208" HPOS="984"/>
							<String ID="string_13" HPOS="1000" VPOS="208" WIDTH="34" HEIGHT="21" WC="0.91" CONTENT="be-"/>
						</TextLine>
						<TextLine ID="line_2" HPOS="214" VPOS="235" WIDTH="820" HEIGHT="30">
							<String ID="string_14" HPOS="214" VPOS="239" WIDTH="106" HEIGHT="22" WC="0.96" CONTENT="tänkande"/><SP WIDTH="22" VPOS="239" HPOS="320"/>
							<String ID="string_15" HPOS="342" VPOS="239" WIDTH="6" HEIGHT="21" WC="0.96" CONTENT="i"/><SP WIDTH="23" VPOS="239" HPOS="348"/>
							<String ID="string_16" HPOS="371" VPOS="239" WIDTH="69" HEIGHT="21" WC="0.96" CONTENT="denna"/><SP WIDTH="23" VPOS="239" HPOS="440"/>
							<String ID="string_17" HPOS="463" VPOS="239" WIDTH="40" HEIGHT="26" WC="0.96" CONTENT="del,"/><SP WIDTH="20" VPOS="239" HPOS="503"/>
							<String ID="string_18" HPOS="523" VPOS="238" WIDTH="37" HEIGHT="21" WC="0.96" CONTENT="der"/><SP WIDTH="16" VPOS="238" HPOS="560"/>
							<String ID="string_19" HPOS="576" VPOS="238" WIDTH="35" HEIGHT="21" WC="0.96" CONTENT="det"/><SP WIDTH="15" VPOS="238" HPOS="611"/>
							<String ID="string_20" HPOS="626" VPOS="237" WIDTH="60" HEIGHT="22" WC="0.93" CONTENT="heter"/><SP WIDTH="16" VPOS="237" HPOS="686"/>
							<String ID="string_21" HPOS="702" VPOS="237" WIDTH="50" HEIGHT="27" WC="0.91" CONTENT=",och"/><SP WIDTH="15" VPOS="237" HPOS="752"/>
							<String ID="string_22" HPOS="767" VPOS="237" WIDTH="123" HEIGHT="21" WC="0.92" CONTENT="ankommer"/><SP WIDTH="15" VPOS="237" HPOS="890"/>
							<String ID="string_23" HPOS="905" VPOS="238" WIDTH="12" HEIGHT="19" WC="0.91" CONTENT="å"/><SP WIDTH="15" VPOS="238" HPOS="917"/>
							<String ID="string_24" HPOS="932" VPOS="235" WIDTH="102" HEIGHT="22" WC="0.91" CONTENT="vederbö-"/>
						</TextLine>
						<TextLine ID="line_3" HPOS="214" VPOS="264" WIDTH="819" HEIGHT="31">
							<String ID="string_25" HPOS="214" VPOS="269" WIDTH="66" HEIGHT="21" WC="0.93" CONTENT="rande"/><SP WIDTH="14" VPOS="269" HPOS="280"/>
							<String ID="string_26" HPOS="294" VPOS="268" WIDTH="113" HEIGHT="27" WC="0.92" CONTENT="Magistrat"/><SP WIDTH="15" VPOS="268" HPOS="407"/>
							<String ID="string_27" HPOS="422" VPOS="267" WIDTH="39" HEIGHT="21" WC="0.93" CONTENT="och"/><SP WIDTH="17" VPOS="267" HPOS="461"/>
							<String ID="string_28" HPOS="478" VPOS="267" WIDTH="150" HEIGHT="26" WC="0.90" CONTENT="Ordningsrätt"/><SP WIDTH="15" VPOS="267" HPOS="628"/>
							<String ID="string_29" HPOS="643" VPOS="268" WIDTH="31" HEIGHT="19" WC="0.96" CONTENT="att"/><SP WIDTH="16" VPOS="268" HPOS="674"/>
							<String ID="string_30" HPOS="690" VPOS="266" WIDTH="53" HEIGHT="21" WC="0.93" CONTENT="efter"/><SP WIDTH="15" VPOS="266" HPOS="743"/>
							<String ID="string_31" HPOS="758" VPOS="265" WIDTH="207" HEIGHT="26" WC="0.91" CONTENT="Stadsfullmäktiges"/><SP WIDTH="11" VPOS="265" HPOS="965"/>
							<String ID="string_32" HPOS="976" VPOS="264" WIDTH="57" HEIGHT="27" WC="0.96" CONTENT="eller,"/>
						</TextLine>
						<TextLine ID="line_4" HPOS="214" VPOS="294" WIDTH="820" HEIGHT="29">
							<String ID="string_33" HPOS="214" VPOS="298" WIDTH="37" HEIGHT="21" WC="0.96" CONTENT="der"/><SP WIDTH="22" VPOS="298" HPOS="251"/>
							<String ID="string_34" HPOS="273" VPOS="297" WIDTH="78" HEIGHT="21" WC="0.96" CONTENT="sådana"/><SP WIDTH="23" VPOS="297" HPOS="351"/>
							<String ID="string_35" HPOS="374" VPOS="296" WIDTH="18" HEIGHT="27" WC="0.95" CONTENT="ej"/><SP WIDTH="24" VPOS="296" HPOS="392"/>
							<String ID="string_36" HPOS="416" VPOS="295" WIDTH="74" HEIGHT="27" WC="0.93" CONTENT="finnas,"/><SP WIDTH="23" VPOS="295" HPOS="490"/>
							<String ID="string_37" HPOS="513" VPOS="295" WIDTH="189" HEIGHT="22" WC="0.92" CONTENT="Rådhusstämmas"/><SP WIDTH="22" VPOS="295" HPOS="702"/>
							<String ID="string_38" HPOS="724" VPOS="295" WIDTH="100" HEIGHT="25" WC="0.96" CONTENT="hörande,"/><SP WIDTH="25" VPOS="295" HPOS="824"/>
							<String ID="string_39" HPOS="849" VPOS="294" WIDTH="71" HEIGHT="21" WC="0.93" CONTENT="derom"/><SP WIDTH="16" VPOS="294" HPOS="920"/>
							<String ID="string_40" HPOS="936" VPOS="295" WIDTH="98" HEIGHT="20" WC="0.96" CONTENT="närmare"/>
						</TextLine>
						<TextLine ID="line_5" HPOS="214" VPOS="326" WIDTH="118" HEIGHT="21">
							<String ID="string_41" HPOS="214" VPOS="326" WIDTH="118" HEIGHT="21" WC="0.93" CONTENT="förordna”."/>
						</TextLine>
					</TextBlock>
				</ComposedBlock>
				<ComposedBlock ID="cblock_3" HPOS="214" VPOS="379" WIDTH="821" HEIGHT="59">
					<TextBlock ID="block_2" HPOS="214" VPOS="379" WIDTH="821" HEIGHT="59">
						<TextLine ID="line_6" HPOS="283" VPOS="379" WIDTH="752" HEIGHT="29">
							<String ID="string_42" HPOS="283" VPOS="383" WIDTH="55" HEIGHT="21" WC="0.92" CONTENT="Herr"/><SP WIDTH="19" VPOS="383" HPOS="338"/>
							<String ID="string_43" HPOS="357" VPOS="382" WIDTH="148" HEIGHT="22" WC="0.91" CONTENT="Grönvik:"/><SP WIDTH="30" VPOS="382" HPOS="505"/>
							<String ID="string_44" HPOS="535" VPOS="382" WIDTH="41" HEIGHT="26" WC="0.96" CONTENT="Jag"/><SP WIDTH="16" VPOS="382" HPOS="576"/>
							<String ID="string_45" HPOS="592" VPOS="381" WIDTH="38" HEIGHT="21" WC="0.96" CONTENT="har"/><SP WIDTH="14" VPOS="381" HPOS="630"/>
							<String ID="string_46" HPOS="644" VPOS="381" WIDTH="108" HEIGHT="26" WC="0.96" CONTENT="ingenting"/><SP WIDTH="16" VPOS="381" HPOS="752"/>
							<String ID="string_47" HPOS="768" VPOS="381" WIDTH="71" HEIGHT="20" WC="0.96" CONTENT="vidare"/><SP WIDTH="15" VPOS="381" HPOS="839"/>
							<String ID="string_48" HPOS="854" VPOS="382" WIDTH="32" HEIGHT="19" WC="0.96" CONTENT="att"/><SP WIDTH="15" VPOS="382" HPOS="886"/>
							<String ID="string_49" HPOS="901" VPOS="380" WIDTH="87" HEIGHT="27" WC="0.95" CONTENT="tillägga"/><SP WIDTH="15" VPOS="380" HPOS="988"/>
							<String ID="string_50" HPOS="1003" VPOS="379" WIDTH="32" HEIGHT="22" WC="0.96" CONTENT="till"/>
						</TextLine>
						<TextLine ID="line_7" HPOS="214" VPOS="410" WIDTH="349" HEIGHT="28">
							<String ID="string_51" HPOS="214" VPOS="411" WIDTH="55" HEIGHT="22" WC="0.95" CONTENT="hvad"/><SP WIDTH="16" VPOS="411" HPOS="269"/>
							<String ID="string_52" HPOS="285" VPOS="412" WIDTH="48" HEIGHT="21" WC="0.93" CONTENT="herr"/><SP WIDTH="15" VPOS="412" HPOS="333"/>
							<String ID="string_53" HPOS="348" VPOS="411" WIDTH="80" HEIGHT="27" WC="0.91" CONTENT="Nysten"/><SP WIDTH="17" VPOS="411" HPOS="428"/>
							<String ID="string_54" HPOS="445" VPOS="417" WIDTH="27" HEIGHT="14" WC="0.96" CONTENT="nu"/><SP WIDTH="16" VPOS="417" HPOS="472"/>
							<String ID="string_55" HPOS="488" VPOS="410" WIDTH="75" HEIGHT="21" WC="0.96" CONTENT="anfört."/>
						</TextLine>
					</TextBlock>
				</ComposedBlock>
				<ComposedBlock ID="cblock_4" HPOS="214" VPOS="465" WIDTH="822" HEIGHT="111">
					<TextBlock ID="block_3" HPOS="214" VPOS="465" WIDTH="822" HEIGHT="111">
						<TextLine ID="line_8" HPOS="283" VPOS="465" WIDTH="751" HEIGHT="35">
							<String ID="string_56" HPOS="283" VPOS="468" WIDTH="55" HEIGHT="22" WC="0.96" CONTENT="Herr"/><SP WIDTH="19" VPOS="468" HPOS="338"/>
							<String ID="string_57" HPOS="357" VPOS="468" WIDTH="169" HEIGHT="22" WC="0.96" CONTENT="Stenbäck:"/><SP WIDTH="31" VPOS="468" HPOS="526"/>
							<String ID="string_58" HPOS="557" VPOS="467" WIDTH="42" HEIGHT="21" WC="0.96" CONTENT="För"/><SP WIDTH="16" VPOS="467" HPOS="599"/>
							<String ID="string_59" HPOS="615" VPOS="467" WIDTH="42" HEIGHT="21" WC="0.96" CONTENT="min"/><SP WIDTH="14" VPOS="467" HPOS="657"/>
							<String ID="string_60" HPOS="671" VPOS="466" WIDTH="33" HEIGHT="21" WC="0.95" CONTENT="del"/><SP WIDTH="15" VPOS="466" HPOS="704"/>
							<String ID="string_61" HPOS="719" VPOS="466" WIDTH="67" HEIGHT="21" WC="0.92" CONTENT="skulle"/><SP WIDTH="14" VPOS="466" HPOS="786"/>
							<String ID="string_62" HPOS="800" VPOS="467" WIDTH="36" HEIGHT="26" WC="0.96" CONTENT="jag"/><SP WIDTH="15" VPOS="467" HPOS="836"/>
							<String ID="string_63" HPOS="851" VPOS="466" WIDTH="50" HEIGHT="26" WC="0.96" CONTENT="vilja"/><SP WIDTH="15" VPOS="466" HPOS="901"/>
							<String ID="string_64" HPOS="916" VPOS="465" WIDTH="118" HEIGHT="35" WC="0.90" CONTENT="förbehålla"/>
						</TextLine>
						<TextLine ID="line_9" HPOS="214" VPOS="494" WIDTH="821" HEIGHT="29">
							<String ID="string_65" HPOS="214" VPOS="497" WIDTH="192" HEIGHT="26" WC="0.93" CONTENT="stadsfullmäktige"/><SP WIDTH="23" VPOS="497" HPOS="406"/>
							<String ID="string_66" HPOS="429" VPOS="496" WIDTH="124" HEIGHT="27" WC="0.91" CONTENT="afgörandet"/><SP WIDTH="23" VPOS="496" HPOS="553"/>
							<String ID="string_67" HPOS="576" VPOS="495" WIDTH="22" HEIGHT="22" WC="0.95" CONTENT="af"/><SP WIDTH="22" VPOS="495" HPOS="598"/>
							<String ID="string_68" HPOS="620" VPOS="496" WIDTH="69" HEIGHT="21" WC="0.96" CONTENT="denna"/><SP WIDTH="18" VPOS="496" HPOS="689"/>
							<String ID="string_69" HPOS="707" VPOS="495" WIDTH="43" HEIGHT="21" WC="0.93" CONTENT="sak."/><SP WIDTH="31" VPOS="495" HPOS="750"/>
							<String ID="string_70" HPOS="781" VPOS="495" WIDTH="75" HEIGHT="21" WC="0.90" CONTENT="Derför"/><SP WIDTH="16" VPOS="495" HPOS="856"/>
							<String ID="string_71" HPOS="872" VPOS="494" WIDTH="48" HEIGHT="21" WC="0.96" CONTENT="ville"/><SP WIDTH="14" VPOS="494" HPOS="920"/>
							<String ID="string_72" HPOS="934" VPOS="495" WIDTH="36" HEIGHT="26" WC="0.96" CONTENT="jag"/><SP WIDTH="16" VPOS="495" HPOS="970"/>
							<String ID="string_73" HPOS="986" VPOS="497" WIDTH="49" HEIGHT="25" WC="0.96" CONTENT="taga"/>
						</TextLine>
						<TextLine ID="line_10" HPOS="214" VPOS="523" WIDTH="822" HEIGHT="29">
							<String ID="string_74" HPOS="214" VPOS="527" WIDTH="49" HEIGHT="20" WC="0.96" CONTENT="bort"/><SP WIDTH="21" VPOS="527" HPOS="263"/>
							<String ID="string_75" HPOS="284" VPOS="526" WIDTH="61" HEIGHT="21" WC="0.93" CONTENT="ordet"/><SP WIDTH="23" VPOS="526" HPOS="345"/>
							<String ID="string_76" HPOS="368" VPOS="525" WIDTH="156" HEIGHT="27" WC="0.89" CONTENT=",myndighet&quot;,"/><SP WIDTH="22" VPOS="525" HPOS="524"/>
							<String ID="string_77" HPOS="546" VPOS="524" WIDTH="24" HEIGHT="22" WC="0.96" CONTENT="sä"/><SP WIDTH="16" VPOS="524" HPOS="570"/>
							<String ID="string_78" HPOS="586" VPOS="526" WIDTH="32" HEIGHT="20" WC="0.96" CONTENT="att"/><SP WIDTH="16" VPOS="526" HPOS="618"/>
							<String ID="string_79" HPOS="634" VPOS="524" WIDTH="36" HEIGHT="21" WC="0.96" CONTENT="det"/><SP WIDTH="15" VPOS="524" HPOS="670"/>
							<String ID="string_80" HPOS="685" VPOS="524" WIDTH="75" HEIGHT="21" WC="0.96" CONTENT="endast"/><SP WIDTH="14" VPOS="524" HPOS="760"/>
							<String ID="string_81" HPOS="774" VPOS="523" WIDTH="68" HEIGHT="22" WC="0.95" CONTENT="skulle"/><SP WIDTH="12" VPOS="523" HPOS="842"/>
							<String ID="string_82" HPOS="854" VPOS="523" WIDTH="50" HEIGHT="21" WC="0.93" CONTENT="heta"/><SP WIDTH="15" VPOS="523" HPOS="904"/>
							<String ID="string_83" HPOS="919" VPOS="523" WIDTH="51" HEIGHT="27" WC="0.91" CONTENT=",och"/><SP WIDTH="17" VPOS="523" HPOS="970"/>
							<String ID="string_84" HPOS="987" VPOS="523" WIDTH="49" HEIGHT="26" WC="0.96" CONTENT="eger"/>
						</TextLine>
						<TextLine ID="line_11" HPOS="214" VPOS="554" WIDTH="272" HEIGHT="22">
							<String ID="string_85" HPOS="214" VPOS="554" WIDTH="170" HEIGHT="22" WC="0.77" CONTENT="vederbörande&quot;"/><SP WIDTH="16" VPOS="554" HPOS="384"/>
							<String ID="string_86" HPOS="400" VPOS="561" WIDTH="19" HEIGHT="14" WC="0.85" CONTENT="o."/><SP WIDTH="17" VPOS="561" HPOS="419"/>
							<String ID="string_87" HPOS="436" VPOS="560" WIDTH="15" HEIGHT="15" WC="0.96" CONTENT="s."/><SP WIDTH="16" VPOS="560" HPOS="451"/>
							<String ID="string_88" HPOS="467" VPOS="560" WIDTH="19" HEIGHT="15" WC="0.96" CONTENT="v."/>
						</TextLine>
					</TextBlock>
				</ComposedBlock>
				<ComposedBlock ID="cblock_5" HPOS="214" VPOS="610" WIDTH="822" HEIGHT="166">
					<TextBlock ID="block_4" HPOS="214" VPOS="610" WIDTH="822" HEIGHT="166">
						<TextLine ID="line_12" HPOS="283" VPOS="610" WIDTH="753" HEIGHT="28">
							<String ID="string_89" HPOS="283" VPOS="612" WIDTH="56" HEIGHT="21" WC="0.92" CONTENT="Herr"/><SP WIDTH="40" VPOS="612" HPOS="339"/>
							<String ID="string_90" HPOS="379" VPOS="612" WIDTH="125" HEIGHT="26" WC="0.92" CONTENT="Procop6:"/><SP WIDTH="30" VPOS="612" HPOS="504"/>
							<String ID="string_91" HPOS="534" VPOS="612" WIDTH="75" HEIGHT="21" WC="0.92" CONTENT="Denna"/><SP WIDTH="14" VPOS="612" HPOS="609"/>
							<String ID="string_92" HPOS="623" VPOS="612" WIDTH="10" HEIGHT="26" WC="0.76" CONTENT="$"/><SP WIDTH="17" VPOS="612" HPOS="633"/>
							<String ID="string_93" HPOS="650" VPOS="613" WIDTH="24" HEIGHT="19" WC="0.93" CONTENT="är"/><SP WIDTH="14" VPOS="613" HPOS="674"/>
							<String ID="string_94" HPOS="688" VPOS="610" WIDTH="70" HEIGHT="22" WC="0.96" CONTENT="införd"/><SP WIDTH="16" VPOS="610" HPOS="758"/>
							<String ID="string_95" HPOS="774" VPOS="610" WIDTH="46" HEIGHT="22" WC="0.96" CONTENT="från"/><SP WIDTH="14" VPOS="610" HPOS="820"/>
							<String ID="string_96" HPOS="834" VPOS="610" WIDTH="40" HEIGHT="22" WC="0.96" CONTENT="den"/><SP WIDTH="10" VPOS="610" HPOS="874"/>
							<String ID="string_97" HPOS="884" VPOS="610" WIDTH="24" HEIGHT="21" WC="0.93" CONTENT="af"/><SP WIDTH="9" VPOS="610" HPOS="908"/>
							<String ID="string_98" HPOS="917" VPOS="610" WIDTH="119" HEIGHT="21" WC="0.92" CONTENT="Ständerna"/>
						</TextLine>
						<TextLine ID="line_13" HPOS="214" VPOS="638" WIDTH="822" HEIGHT="29">
							<String ID="string_99" HPOS="214" VPOS="641" WIDTH="36" HEIGHT="21" WC="0.93" CONTENT="vid"/><SP WIDTH="15" VPOS="641" HPOS="250"/>
							<String ID="string_100" HPOS="265" VPOS="644" WIDTH="83" HEIGHT="18" WC="0.93" CONTENT="senaste"/><SP WIDTH="18" VPOS="644" HPOS="348"/>
							<String ID="string_101" HPOS="366" VPOS="640" WIDTH="100" HEIGHT="27" WC="0.91" CONTENT="landtdag"/><SP WIDTH="23" VPOS="640" HPOS="466"/>
							<String ID="string_102" HPOS="489" VPOS="640" WIDTH="111" HEIGHT="27" WC="0.96" CONTENT="godkända"/><SP WIDTH="24" VPOS="640" HPOS="600"/>
							<String ID="string_103" HPOS="624" VPOS="639" WIDTH="131" HEIGHT="27" WC="0.96" CONTENT="ordalydelse"/><SP WIDTH="15" VPOS="639" HPOS="755"/>
							<String ID="string_104" HPOS="770" VPOS="639" WIDTH="6" HEIGHT="21" WC="0.85" CONTENT="i"/><SP WIDTH="17" VPOS="639" HPOS="776"/>
							<String ID="string_105" HPOS="793" VPOS="639" WIDTH="12" HEIGHT="27" WC="0.92" CONTENT="8"/><SP WIDTH="17" VPOS="639" HPOS="805"/>
							<String ID="string_106" HPOS="822" VPOS="640" WIDTH="32" HEIGHT="23" WC="0.96" CONTENT="12,"/><SP WIDTH="17" VPOS="640" HPOS="854"/>
							<String ID="string_107" HPOS="871" VPOS="639" WIDTH="39" HEIGHT="21" WC="0.93" CONTENT="och"/><SP WIDTH="16" VPOS="639" HPOS="910"/>
							<String ID="string_108" HPOS="926" VPOS="638" WIDTH="62" HEIGHT="23" WC="0.92" CONTENT="afser,"/><SP WIDTH="16" VPOS="638" HPOS="988"/>
							<String ID="string_109" HPOS="1004" VPOS="640" WIDTH="32" HEIGHT="20" WC="0.96" CONTENT="att"/>
						</TextLine>
						<TextLine ID="line_14" HPOS="216" VPOS="668" WIDTH="820" HEIGHT="28">
							<String ID="string_110" HPOS="216" VPOS="670" WIDTH="35" HEIGHT="20" WC="0.95" CONTENT="det"/><SP WIDTH="20" VPOS="670" HPOS="251"/>
							<String ID="string_111" HPOS="271" VPOS="670" WIDTH="45" HEIGHT="26" WC="0.96" CONTENT="just"/><SP WIDTH="21" VPOS="670" HPOS="316"/>
							<String ID="string_112" HPOS="337" VPOS="671" WIDTH="24" HEIGHT="19" WC="0.93" CONTENT="är"/><SP WIDTH="15" VPOS="671" HPOS="361"/>
							<String ID="string_113" HPOS="376" VPOS="668" WIDTH="200" HEIGHT="27" WC="0.91" CONTENT="stadsfullmäktige,"/><SP WIDTH="16" VPOS="668" HPOS="576"/>
							<String ID="string_114" HPOS="592" VPOS="675" WIDTH="45" HEIGHT="15" WC="0.93" CONTENT="som"/><SP WIDTH="17" VPOS="675" HPOS="637"/>
							<String ID="string_115" HPOS="654" VPOS="668" WIDTH="62" HEIGHT="21" WC="0.92" CONTENT="hafva"/><SP WIDTH="16" VPOS="668" HPOS="716"/>
							<String ID="string_116" HPOS="732" VPOS="670" WIDTH="32" HEIGHT="19" WC="0.93" CONTENT="att"/><SP WIDTH="16" VPOS="670" HPOS="764"/>
							<String ID="string_117" HPOS="780" VPOS="668" WIDTH="118" HEIGHT="21" WC="0.88" CONTENT="bestämma"/><SP WIDTH="15" VPOS="668" HPOS="898"/>
							<String ID="string_118" HPOS="913" VPOS="674" WIDTH="34" HEIGHT="15" WC="0.96" CONTENT="om"/><SP WIDTH="16" VPOS="674" HPOS="947"/>
							<String ID="string_119" HPOS="963" VPOS="668" WIDTH="73" HEIGHT="23" WC="0.96" CONTENT="saken."/>
						</TextLine>
						<TextLine ID="line_15" HPOS="215" VPOS="696" WIDTH="821" HEIGHT="31">
							<String ID="string_120" HPOS="215" VPOS="698" WIDTH="73" HEIGHT="21" WC="0.96" CONTENT="Skulle"/><SP WIDTH="20" VPOS="698" HPOS="288"/>
							<String ID="string_121" HPOS="308" VPOS="697" WIDTH="107" HEIGHT="28" WC="0.93" CONTENT="uttrycket"/><SP WIDTH="15" VPOS="697" HPOS="415"/>
							<String ID="string_122" HPOS="430" VPOS="697" WIDTH="44" HEIGHT="22" WC="0.92" CONTENT="afse"/><SP WIDTH="16" VPOS="697" HPOS="474"/>
							<String ID="string_123" HPOS="490" VPOS="697" WIDTH="143" HEIGHT="26" WC="0.96" CONTENT="magistraten,"/><SP WIDTH="17" VPOS="697" HPOS="633"/>
							<String ID="string_124" HPOS="650" VPOS="697" WIDTH="23" HEIGHT="21" WC="0.96" CONTENT="sä"/><SP WIDTH="15" VPOS="697" HPOS="673"/>
							<String ID="string_125" HPOS="688" VPOS="699" WIDTH="24" HEIGHT="18" WC="0.96" CONTENT="är"/><SP WIDTH="16" VPOS="699" HPOS="712"/>
							<String ID="string_126" HPOS="728" VPOS="697" WIDTH="35" HEIGHT="20" WC="0.96" CONTENT="det"/><SP WIDTH="15" VPOS="697" HPOS="763"/>
							<String ID="string_127" HPOS="778" VPOS="696" WIDTH="86" HEIGHT="22" WC="0.93" CONTENT="alldeles"/><SP WIDTH="17" VPOS="696" HPOS="864"/>
							<String ID="string_128" HPOS="881" VPOS="696" WIDTH="106" HEIGHT="26" WC="0.96" CONTENT="naturligt,"/><SP WIDTH="17" VPOS="696" HPOS="987"/>
							<String ID="string_129" HPOS="1004" VPOS="697" WIDTH="32" HEIGHT="30" WC="0.94" CONTENT="att"/>
						</TextLine>
						<TextLine ID="line_16" HPOS="214" VPOS="725" WIDTH="822" HEIGHT="28">
							<String ID="string_130" HPOS="214" VPOS="727" WIDTH="138" HEIGHT="26" WC="0.91" CONTENT="magistraten"/><SP WIDTH="22" VPOS="727" HPOS="352"/>
							<String ID="string_131" HPOS="374" VPOS="726" WIDTH="39" HEIGHT="21" WC="0.92" CONTENT="hör"/><SP WIDTH="23" VPOS="726" HPOS="413"/>
							<String ID="string_132" HPOS="436" VPOS="726" WIDTH="190" HEIGHT="27" WC="0.92" CONTENT="stadsfullmäktige"/><SP WIDTH="20" VPOS="726" HPOS="626"/>
							<String ID="string_133" HPOS="646" VPOS="727" WIDTH="5" HEIGHT="19" WC="0.96" CONTENT="i"/><SP WIDTH="23" VPOS="727" HPOS="651"/>
							<String ID="string_134" HPOS="674" VPOS="732" WIDTH="26" HEIGHT="15" WC="0.92" CONTENT="en"/><SP WIDTH="22" VPOS="732" HPOS="700"/>
							<String ID="string_135" HPOS="722" VPOS="725" WIDTH="65" HEIGHT="22" WC="0.91" CONTENT="sädan"/><SP WIDTH="16" VPOS="725" HPOS="787"/>
							<String ID="string_136" HPOS="803" VPOS="725" WIDTH="44" HEIGHT="27" WC="0.93" CONTENT="sak,"/><SP WIDTH="17" VPOS="725" HPOS="847"/>
							<String ID="string_137" HPOS="864" VPOS="726" WIDTH="64" HEIGHT="20" WC="0.92" CONTENT="innan"/><SP WIDTH="16" VPOS="726" HPOS="928"/>
							<String ID="string_138" HPOS="944" VPOS="725" WIDTH="40" HEIGHT="20" WC="0.93" CONTENT="den"/><SP WIDTH="16" VPOS="725" HPOS="984"/>
							<String ID="string_139" HPOS="1000" VPOS="725" WIDTH="36" HEIGHT="21" WC="0.90" CONTENT="be-"/>
						</TextLine>
						<TextLine ID="line_17" HPOS="215" VPOS="757" WIDTH="107" HEIGHT="19">
							<String ID="string_140" HPOS="215" VPOS="757" WIDTH="107" HEIGHT="19" WC="0.91" CONTENT="stämmer."/>
						</TextLine>
					</TextBlock>
				</ComposedBlock>
				<ComposedBlock ID="cblock_6" HPOS="215" VPOS="810" WIDTH="822" HEIGHT="171">
					<TextBlock ID="block_5" HPOS="215" VPOS="810" WIDTH="822" HEIGHT="171">
						<TextLine ID="line_18" HPOS="284" VPOS="810" WIDTH="752" HEIGHT="28">
							<String ID="string_141" HPOS="284" VPOS="811" WIDTH="56" HEIGHT="22" WC="0.96" CONTENT="Herr"/><SP WIDTH="22" VPOS="811" HPOS="340"/>
							<String ID="string_142" HPOS="362" VPOS="811" WIDTH="164" HEIGHT="27" WC="0.93" CONTENT="Federley:"/><SP WIDTH="31" VPOS="811" HPOS="526"/>
							<String ID="string_143" HPOS="557" VPOS="811" WIDTH="33" HEIGHT="21" WC="0.88" CONTENT="Dä"/><SP WIDTH="14" VPOS="811" HPOS="590"/>
							<String ID="string_144" HPOS="604" VPOS="811" WIDTH="74" HEIGHT="21" WC="0.92" CONTENT="tvifvel"/><SP WIDTH="15" VPOS="811" HPOS="678"/>
							<String ID="string_145" HPOS="693" VPOS="811" WIDTH="96" HEIGHT="26" WC="0.96" CONTENT="uppstått"/><SP WIDTH="16" VPOS="811" HPOS="789"/>
							<String ID="string_146" HPOS="805" VPOS="817" WIDTH="34" HEIGHT="15" WC="0.93" CONTENT="om"/><SP WIDTH="15" VPOS="817" HPOS="839"/>
							<String ID="string_147" HPOS="854" VPOS="811" WIDTH="56" HEIGHT="20" WC="0.96" CONTENT="hvad"/><SP WIDTH="16" VPOS="811" HPOS="910"/>
							<String ID="string_148" HPOS="926" VPOS="810" WIDTH="47" HEIGHT="22" WC="0.93" CONTENT="med"/><SP WIDTH="16" VPOS="810" HPOS="973"/>
							<String ID="string_149" HPOS="989" VPOS="817" WIDTH="47" HEIGHT="18" WC="0.85" CONTENT=",ve-"/>
						</TextLine>
						<TextLine ID="line_19" HPOS="215" VPOS="839" WIDTH="821" HEIGHT="28">
							<String ID="string_150" HPOS="215" VPOS="840" WIDTH="132" HEIGHT="21" WC="0.92" CONTENT="derbörande"/><SP WIDTH="15" VPOS="840" HPOS="347"/>
							<String ID="string_151" HPOS="362" VPOS="839" WIDTH="134" HEIGHT="28" WC="0.91" CONTENT="myndighet*"/><SP WIDTH="17" VPOS="839" HPOS="496"/>
							<String ID="string_152" HPOS="513" VPOS="840" WIDTH="53" HEIGHT="21" WC="0.93" CONTENT="skall"/><SP WIDTH="16" VPOS="840" HPOS="566"/>
							<String ID="string_153" HPOS="582" VPOS="839" WIDTH="84" HEIGHT="26" WC="0.93" CONTENT="förstäs,"/><SP WIDTH="17" VPOS="839" HPOS="666"/>
							<String ID="string_154" HPOS="683" VPOS="839" WIDTH="67" HEIGHT="22" WC="0.96" CONTENT="skulle"/><SP WIDTH="14" VPOS="839" HPOS="750"/>
							<String ID="string_155" HPOS="764" VPOS="839" WIDTH="35" HEIGHT="27" WC="0.93" CONTENT="jag"/><SP WIDTH="16" VPOS="839" HPOS="799"/>
							<String ID="string_156" HPOS="815" VPOS="839" WIDTH="83" HEIGHT="26" WC="0.93" CONTENT="föreslä,"/><SP WIDTH="12" VPOS="839" HPOS="898"/>
							<String ID="string_157" HPOS="910" VPOS="841" WIDTH="32" HEIGHT="19" WC="0.93" CONTENT="att"/><SP WIDTH="10" VPOS="841" HPOS="942"/>
							<String ID="string_158" HPOS="952" VPOS="839" WIDTH="84" HEIGHT="21" WC="0.93" CONTENT="ständet"/>
						</TextLine>
						<TextLine ID="line_20" HPOS="215" VPOS="867" WIDTH="821" HEIGHT="28">
							<String ID="string_159" HPOS="215" VPOS="869" WIDTH="49" HEIGHT="21" WC="0.93" CONTENT="ville"/><SP WIDTH="15" VPOS="869" HPOS="264"/>
							<String ID="string_160" HPOS="279" VPOS="869" WIDTH="156" HEIGHT="22" WC="0.92" CONTENT="äterremittera"/><SP WIDTH="15" VPOS="869" HPOS="435"/>
							<String ID="string_161" HPOS="450" VPOS="868" WIDTH="125" HEIGHT="27" WC="0.92" CONTENT="paragrafen"/><SP WIDTH="17" VPOS="868" HPOS="575"/>
							<String ID="string_162" HPOS="592" VPOS="868" WIDTH="32" HEIGHT="21" WC="0.93" CONTENT="till"/><SP WIDTH="15" VPOS="868" HPOS="624"/>
							<String ID="string_163" HPOS="639" VPOS="868" WIDTH="105" HEIGHT="21" WC="0.93" CONTENT="utskottet"/><SP WIDTH="15" VPOS="868" HPOS="744"/>
							<String ID="string_164" HPOS="759" VPOS="868" WIDTH="33" HEIGHT="21" WC="0.96" CONTENT="för"/><SP WIDTH="15" VPOS="868" HPOS="792"/>
							<String ID="string_165" HPOS="807" VPOS="870" WIDTH="31" HEIGHT="19" WC="0.93" CONTENT="att"/><SP WIDTH="12" VPOS="870" HPOS="838"/>
							<String ID="string_166" HPOS="850" VPOS="870" WIDTH="98" HEIGHT="19" WC="0.92" CONTENT="närmare"/><SP WIDTH="10" VPOS="870" HPOS="948"/>
							<String ID="string_167" HPOS="958" VPOS="867" WIDTH="78" HEIGHT="22" WC="0.92" CONTENT="formu-"/>
						</TextLine>
						<TextLine ID="line_21" HPOS="215" VPOS="897" WIDTH="821" HEIGHT="27">
							<String ID="string_168" HPOS="215" VPOS="898" WIDTH="55" HEIGHT="21" WC="0.82" CONTENT="leras"/><SP WIDTH="15" VPOS="898" HPOS="270"/>
							<String ID="string_169" HPOS="285" VPOS="898" WIDTH="6" HEIGHT="21" WC="0.96" CONTENT="i"/><SP WIDTH="17" VPOS="898" HPOS="291"/>
							<String ID="string_170" HPOS="308" VPOS="898" WIDTH="35" HEIGHT="21" WC="0.96" CONTENT="det"/><SP WIDTH="15" VPOS="898" HPOS="343"/>
							<String ID="string_171" HPOS="358" VPOS="897" WIDTH="53" HEIGHT="27" WC="0.96" CONTENT="syfte"/><SP WIDTH="16" VPOS="897" HPOS="411"/>
							<String ID="string_172" HPOS="427" VPOS="897" WIDTH="38" HEIGHT="21" WC="0.93" CONTENT="här"/><SP WIDTH="15" VPOS="897" HPOS="465"/>
							<String ID="string_173" HPOS="480" VPOS="897" WIDTH="91" HEIGHT="22" WC="0.96" CONTENT="anmälts"/><SP WIDTH="15" VPOS="897" HPOS="571"/>
							<String ID="string_174" HPOS="586" VPOS="899" WIDTH="32" HEIGHT="20" WC="0.93" CONTENT="att"/><SP WIDTH="15" VPOS="899" HPOS="618"/>
							<String ID="string_175" HPOS="633" VPOS="897" WIDTH="104" HEIGHT="21" WC="0.96" CONTENT="utskottet"/><SP WIDTH="16" VPOS="897" HPOS="737"/>
							<String ID="string_176" HPOS="753" VPOS="897" WIDTH="107" HEIGHT="26" WC="0.96" CONTENT="uppfattat"/><SP WIDTH="13" VPOS="897" HPOS="860"/>
							<String ID="string_177" HPOS="873" VPOS="897" WIDTH="59" HEIGHT="21" WC="0.93" CONTENT="detta"/><SP WIDTH="13" VPOS="897" HPOS="932"/>
							<String ID="string_178" HPOS="945" VPOS="897" WIDTH="91" HEIGHT="27" WC="0.96" CONTENT="uttryck,"/>
						</TextLine>
						<TextLine ID="line_22" HPOS="216" VPOS="925" WIDTH="821" HEIGHT="27">
							<String ID="string_179" HPOS="216" VPOS="927" WIDTH="19" HEIGHT="20" WC="0.92" CONTENT="d."/><SP WIDTH="17" VPOS="927" HPOS="235"/>
							<String ID="string_180" HPOS="252" VPOS="933" WIDTH="16" HEIGHT="14" WC="0.94" CONTENT="v."/><SP WIDTH="18" VPOS="933" HPOS="268"/>
							<String ID="string_181" HPOS="286" VPOS="933" WIDTH="15" HEIGHT="14" WC="0.95" CONTENT="s."/><SP WIDTH="17" VPOS="933" HPOS="301"/>
							<String ID="string_182" HPOS="318" VPOS="928" WIDTH="31" HEIGHT="19" WC="0.90" CONTENT="att"/><SP WIDTH="24" VPOS="928" HPOS="349"/>
							<String ID="string_183" HPOS="373" VPOS="926" WIDTH="193" HEIGHT="21" WC="0.90" CONTENT="beslutanderätten"/><SP WIDTH="24" VPOS="926" HPOS="566"/>
							<String ID="string_184" HPOS="590" VPOS="926" WIDTH="5" HEIGHT="21" WC="0.96" CONTENT="i"/><SP WIDTH="17" VPOS="926" HPOS="595"/>
							<String ID="string_185" HPOS="612" VPOS="926" WIDTH="59" HEIGHT="21" WC="0.93" CONTENT="detta"/><SP WIDTH="15" VPOS="926" HPOS="671"/>
							<String ID="string_186" HPOS="686" VPOS="925" WIDTH="97" HEIGHT="22" WC="0.92" CONTENT="afseende"/><SP WIDTH="16" VPOS="925" HPOS="783"/>
							<String ID="string_187" HPOS="799" VPOS="926" WIDTH="68" HEIGHT="21" WC="0.93" CONTENT="skulle"/><SP WIDTH="15" VPOS="926" HPOS="867"/>
							<String ID="string_188" HPOS="882" VPOS="925" WIDTH="112" HEIGHT="22" WC="0.93" CONTENT="ankomma"/><SP WIDTH="16" VPOS="925" HPOS="994"/>
							<String ID="string_189" HPOS="1010" VPOS="925" WIDTH="27" HEIGHT="27" WC="0.96" CONTENT="pä"/>
						</TextLine>
						<TextLine ID="line_23" HPOS="216" VPOS="955" WIDTH="196" HEIGHT="26">
							<String ID="string_190" HPOS="216" VPOS="955" WIDTH="196" HEIGHT="26" WC="0.91" CONTENT="stadsfullmäktige."/>
						</TextLine>
					</TextBlock>
				</ComposedBlock>
				<ComposedBlock ID="cblock_7" HPOS="216" VPOS="1011" WIDTH="822" HEIGHT="57">
					<TextBlock ID="block_6" HPOS="216" VPOS="1011" WIDTH="822" HEIGHT="57">
						<TextLine ID="line_24" HPOS="284" VPOS="1011" WIDTH="754" HEIGHT="28">
							<String ID="string_191" HPOS="284" VPOS="1012" WIDTH="56" HEIGHT="21" WC="0.96" CONTENT="Herr"/><SP WIDTH="22" VPOS="1012" HPOS="340"/>
							<String ID="string_192" HPOS="362" VPOS="1012" WIDTH="170" HEIGHT="21" WC="0.94" CONTENT="Molander:"/><SP WIDTH="30" VPOS="1012" HPOS="532"/>
							<String ID="string_193" HPOS="562" VPOS="1011" WIDTH="40" HEIGHT="28" WC="0.95" CONTENT="Jag"/><SP WIDTH="27" VPOS="1011" HPOS="602"/>
							<String ID="string_194" HPOS="629" VPOS="1011" WIDTH="38" HEIGHT="21" WC="0.95" CONTENT="ber"/><SP WIDTH="22" VPOS="1011" HPOS="667"/>
							<String ID="string_195" HPOS="689" VPOS="1013" WIDTH="31" HEIGHT="20" WC="0.93" CONTENT="att"/><SP WIDTH="21" VPOS="1013" HPOS="720"/>
							<String ID="string_196" HPOS="741" VPOS="1011" WIDTH="20" HEIGHT="22" WC="0.92" CONTENT="fä"/><SP WIDTH="21" VPOS="1011" HPOS="761"/>
							<String ID="string_197" HPOS="782" VPOS="1011" WIDTH="136" HEIGHT="27" WC="0.92" CONTENT="understödja"/><SP WIDTH="16" VPOS="1011" HPOS="918"/>
							<String ID="string_198" HPOS="934" VPOS="1011" WIDTH="50" HEIGHT="21" WC="0.91" CONTENT="herr"/><SP WIDTH="14" VPOS="1011" HPOS="984"/>
							<String ID="string_199" HPOS="998" VPOS="1011" WIDTH="40" HEIGHT="21" WC="0.91" CONTENT="Fe-"/>
						</TextLine>
						<TextLine ID="line_25" HPOS="216" VPOS="1041" WIDTH="77" HEIGHT="27">
							<String ID="string_200" HPOS="216" VPOS="1041" WIDTH="77" HEIGHT="27" WC="0.93" CONTENT="derley."/>
						</TextLine>
					</TextBlock>
				</ComposedBlock>
				<ComposedBlock ID="cblock_8" HPOS="216" VPOS="1096" WIDTH="822" HEIGHT="171">
					<TextBlock ID="block_7" HPOS="216" VPOS="1096" WIDTH="822" HEIGHT="171">
						<TextLine ID="line_26" HPOS="285" VPOS="1096" WIDTH="752" HEIGHT="28">
							<String ID="string_201" HPOS="285" VPOS="1097" WIDTH="55" HEIGHT="21" WC="0.96" CONTENT="Herr"/><SP WIDTH="22" VPOS="1097" HPOS="340"/>
							<String ID="string_202" HPOS="362" VPOS="1097" WIDTH="128" HEIGHT="21" WC="0.96" CONTENT="Berner:"/><SP WIDTH="31" VPOS="1097" HPOS="490"/>
							<String ID="string_203" HPOS="521" VPOS="1097" WIDTH="43" HEIGHT="27" WC="0.93" CONTENT="Mig"/><SP WIDTH="23" VPOS="1097" HPOS="564"/>
							<String ID="string_204" HPOS="587" VPOS="1103" WIDTH="61" HEIGHT="20" WC="0.93" CONTENT="synes"/><SP WIDTH="23" VPOS="1103" HPOS="648"/>
							<String ID="string_205" HPOS="671" VPOS="1097" WIDTH="107" HEIGHT="26" WC="0.92" CONTENT="uttrycket"/><SP WIDTH="15" VPOS="1097" HPOS="778"/>
							<String ID="string_206" HPOS="793" VPOS="1096" WIDTH="169" HEIGHT="27" WC="0.90" CONTENT=",vederbörande"/><SP WIDTH="16" VPOS="1096" HPOS="962"/>
							<String ID="string_207" HPOS="978" VPOS="1102" WIDTH="59" HEIGHT="21" WC="0.92" CONTENT="myn-"/>
						</TextLine>
						<TextLine ID="line_27" HPOS="216" VPOS="1124" WIDTH="821" HEIGHT="28">
							<String ID="string_208" HPOS="216" VPOS="1126" WIDTH="86" HEIGHT="26" WC="0.86" CONTENT="dighet&quot;"/><SP WIDTH="16" VPOS="1126" HPOS="302"/>
							<String ID="string_209" HPOS="318" VPOS="1125" WIDTH="128" HEIGHT="26" WC="0.93" CONTENT="fullkomligt"/><SP WIDTH="19" VPOS="1125" HPOS="446"/>
							<String ID="string_210" HPOS="465" VPOS="1125" WIDTH="200" HEIGHT="21" WC="0.83" CONTENT="tillfredsställande."/><SP WIDTH="39" VPOS="1125" HPOS="665"/>
							<String ID="string_211" HPOS="704" VPOS="1125" WIDTH="89" HEIGHT="21" WC="0.91" CONTENT="Hvilken"/><SP WIDTH="24" VPOS="1125" HPOS="793"/>
							<String ID="string_212" HPOS="817" VPOS="1125" WIDTH="40" HEIGHT="21" WC="0.96" CONTENT="den"/><SP WIDTH="23" VPOS="1125" HPOS="857"/>
							<String ID="string_213" HPOS="880" VPOS="1124" WIDTH="157" HEIGHT="26" WC="0.96" CONTENT="vederbörande"/>
						</TextLine>
						<TextLine ID="line_28" HPOS="217" VPOS="1151" WIDTH="821" HEIGHT="30">
							<String ID="string_214" HPOS="217" VPOS="1154" WIDTH="121" HEIGHT="27" WC="0.92" CONTENT="myndighet"/><SP WIDTH="23" VPOS="1154" HPOS="338"/>
							<String ID="string_215" HPOS="361" VPOS="1156" WIDTH="30" HEIGHT="23" WC="0.96" CONTENT="är,"/><SP WIDTH="19" VPOS="1156" HPOS="391"/>
							<String ID="string_216" HPOS="410" VPOS="1160" WIDTH="44" HEIGHT="14" WC="0.93" CONTENT="som"/><SP WIDTH="17" VPOS="1160" HPOS="454"/>
							<String ID="string_217" HPOS="471" VPOS="1160" WIDTH="49" HEIGHT="20" WC="0.92" CONTENT="eger"/><SP WIDTH="15" VPOS="1160" HPOS="520"/>
							<String ID="string_218" HPOS="535" VPOS="1156" WIDTH="31" HEIGHT="19" WC="0.93" CONTENT="att"/><SP WIDTH="16" VPOS="1156" HPOS="566"/>
							<String ID="string_219" HPOS="582" VPOS="1154" WIDTH="66" HEIGHT="21" WC="0.92" CONTENT="ordna"/><SP WIDTH="16" VPOS="1154" HPOS="648"/>
							<String ID="string_220" HPOS="664" VPOS="1154" WIDTH="86" HEIGHT="21" WC="0.93" CONTENT="stadens"/><SP WIDTH="16" VPOS="1154" HPOS="750"/>
							<String ID="string_221" HPOS="766" VPOS="1153" WIDTH="108" HEIGHT="27" WC="0.93" CONTENT="ordnings-"/><SP WIDTH="16" VPOS="1153" HPOS="874"/>
							<String ID="string_222" HPOS="890" VPOS="1153" WIDTH="38" HEIGHT="21" WC="0.93" CONTENT="och"/><SP WIDTH="16" VPOS="1153" HPOS="928"/>
							<String ID="string_223" HPOS="944" VPOS="1151" WIDTH="94" HEIGHT="27" WC="0.92" CONTENT="hushäll-"/>
						</TextLine>
						<TextLine ID="line_29" HPOS="216" VPOS="1179" WIDTH="822" HEIGHT="31">
							<String ID="string_224" HPOS="216" VPOS="1182" WIDTH="239" HEIGHT="28" WC="0.91" CONTENT="ningsangelägenheter"/><SP WIDTH="30" VPOS="1182" HPOS="455"/>
							<String ID="string_225" HPOS="485" VPOS="1182" WIDTH="93" HEIGHT="27" WC="0.52" CONTENT="angifves"/><SP WIDTH="25" VPOS="1182" HPOS="578"/>
							<String ID="string_226" HPOS="603" VPOS="1183" WIDTH="6" HEIGHT="20" WC="0.92" CONTENT="i"/><SP WIDTH="25" VPOS="1183" HPOS="609"/>
							<String ID="string_227" HPOS="634" VPOS="1182" WIDTH="273" HEIGHT="26" WC="0.92" CONTENT="kommunalförfattningen"/><SP WIDTH="25" VPOS="1182" HPOS="907"/>
							<String ID="string_228" HPOS="932" VPOS="1182" WIDTH="32" HEIGHT="21" WC="0.96" CONTENT="för"/><SP WIDTH="19" VPOS="1182" HPOS="964"/>
							<String ID="string_229" HPOS="983" VPOS="1179" WIDTH="55" HEIGHT="28" WC="0.96" CONTENT="stad,"/>
						</TextLine>
						<TextLine ID="line_30" HPOS="217" VPOS="1211" WIDTH="821" HEIGHT="27">
							<String ID="string_230" HPOS="217" VPOS="1211" WIDTH="39" HEIGHT="22" WC="0.93" CONTENT="och"/><SP WIDTH="15" VPOS="1211" HPOS="256"/>
							<String ID="string_231" HPOS="271" VPOS="1211" WIDTH="60" HEIGHT="27" WC="0.91" CONTENT="afgör"/><SP WIDTH="15" VPOS="1211" HPOS="331"/>
							<String ID="string_232" HPOS="346" VPOS="1211" WIDTH="70" HEIGHT="22" WC="0.92" CONTENT="derför"/><SP WIDTH="16" VPOS="1211" HPOS="416"/>
							<String ID="string_233" HPOS="432" VPOS="1212" WIDTH="68" HEIGHT="20" WC="0.93" CONTENT="denna"/><SP WIDTH="16" VPOS="1212" HPOS="500"/>
							<String ID="string_234" HPOS="516" VPOS="1211" WIDTH="122" HEIGHT="26" WC="0.92" CONTENT="författning"/><SP WIDTH="16" VPOS="1211" HPOS="638"/>
							<String ID="string_235" HPOS="654" VPOS="1211" WIDTH="85" HEIGHT="21" WC="0.91" CONTENT="hvilken"/><SP WIDTH="17" VPOS="1211" HPOS="739"/>
							<String ID="string_236" HPOS="756" VPOS="1211" WIDTH="38" HEIGHT="21" WC="0.96" CONTENT="den"/><SP WIDTH="17" VPOS="1211" HPOS="794"/>
							<String ID="string_237" HPOS="811" VPOS="1211" WIDTH="158" HEIGHT="21" WC="0.93" CONTENT="vederbörande"/><SP WIDTH="12" VPOS="1211" HPOS="969"/>
							<String ID="string_238" HPOS="981" VPOS="1217" WIDTH="57" HEIGHT="21" WC="0.90" CONTENT="myn-"/>
						</TextLine>
						<TextLine ID="line_31" HPOS="217" VPOS="1239" WIDTH="510" HEIGHT="28">
							<String ID="string_239" HPOS="217" VPOS="1240" WIDTH="72" HEIGHT="27" WC="0.96" CONTENT="dighet"/><SP WIDTH="15" VPOS="1240" HPOS="289"/>
							<String ID="string_240" HPOS="304" VPOS="1242" WIDTH="30" HEIGHT="25" WC="0.96" CONTENT="är,"/><SP WIDTH="16" VPOS="1242" HPOS="334"/>
							<String ID="string_241" HPOS="350" VPOS="1246" WIDTH="45" HEIGHT="15" WC="0.93" CONTENT="som"/><SP WIDTH="16" VPOS="1246" HPOS="395"/>
							<String ID="string_242" HPOS="411" VPOS="1239" WIDTH="79" HEIGHT="28" WC="0.96" CONTENT="åsyftas"/><SP WIDTH="16" VPOS="1239" HPOS="490"/>
							<String ID="string_243" HPOS="506" VPOS="1240" WIDTH="5" HEIGHT="21" WC="0.92" CONTENT="i"/><SP WIDTH="16" VPOS="1240" HPOS="511"/>
							<String ID="string_244" HPOS="527" VPOS="1239" WIDTH="138" HEIGHT="22" WC="0.95" CONTENT="förevarande"/><SP WIDTH="15" VPOS="1239" HPOS="665"/>
							<String ID="string_245" HPOS="680" VPOS="1242" WIDTH="13" HEIGHT="18" WC="0.92" CONTENT="4"/><SP WIDTH="15" VPOS="1242" HPOS="693"/>
							<String ID="string_246" HPOS="708" VPOS="1240" WIDTH="19" HEIGHT="27" WC="0.90" CONTENT="8."/>
						</TextLine>
					</TextBlock>
				</ComposedBlock>
				<ComposedBlock ID="cblock_9" HPOS="194" VPOS="1296" WIDTH="844" HEIGHT="117">
					<TextBlock ID="block_8" HPOS="194" VPOS="1296" WIDTH="844" HEIGHT="85">
						<TextLine ID="line_32" HPOS="286" VPOS="1296" WIDTH="752" HEIGHT="27">
							<String ID="string_247" HPOS="286" VPOS="1297" WIDTH="56" HEIGHT="21" WC="0.96" CONTENT="Herr"/><SP WIDTH="21" VPOS="1297" HPOS="342"/>
							<String ID="string_248" HPOS="363" VPOS="1296" WIDTH="164" HEIGHT="27" WC="0.95" CONTENT="Federley:"/><SP WIDTH="30" VPOS="1296" HPOS="527"/>
							<String ID="string_249" HPOS="557" VPOS="1297" WIDTH="40" HEIGHT="26" WC="0.96" CONTENT="Jag"/><SP WIDTH="23" VPOS="1297" HPOS="597"/>
							<String ID="string_250" HPOS="620" VPOS="1297" WIDTH="36" HEIGHT="20" WC="0.93" CONTENT="vill"/><SP WIDTH="22" VPOS="1297" HPOS="656"/>
							<String ID="string_251" HPOS="678" VPOS="1298" WIDTH="114" HEIGHT="25" WC="0.95" CONTENT="yttermera"/><SP WIDTH="23" VPOS="1298" HPOS="792"/>
							<String ID="string_252" HPOS="815" VPOS="1297" WIDTH="89" HEIGHT="26" WC="0.95" CONTENT="påpeka,"/><SP WIDTH="23" VPOS="1297" HPOS="904"/>
							<String ID="string_253" HPOS="927" VPOS="1298" WIDTH="32" HEIGHT="19" WC="0.85" CONTENT="att"/><SP WIDTH="15" VPOS="1298" HPOS="959"/>
							<String ID="string_254" HPOS="974" VPOS="1297" WIDTH="6" HEIGHT="20" WC="0.96" CONTENT="i"/><SP WIDTH="15" VPOS="1297" HPOS="980"/>
							<String ID="string_255" HPOS="995" VPOS="1296" WIDTH="43" HEIGHT="21" WC="0.96" CONTENT="alla"/>
						</TextLine>
						<TextLine ID="line_33" HPOS="216" VPOS="1325" WIDTH="821" HEIGHT="27">
							<String ID="string_256" HPOS="216" VPOS="1325" WIDTH="38" HEIGHT="22" WC="0.96" CONTENT="fall"/><SP WIDTH="22" VPOS="1325" HPOS="254"/>
							<String ID="string_257" HPOS="276" VPOS="1332" WIDTH="26" HEIGHT="15" WC="0.93" CONTENT="en"/><SP WIDTH="22" VPOS="1332" HPOS="302"/>
							<String ID="string_258" HPOS="324" VPOS="1325" WIDTH="124" HEIGHT="26" WC="0.92" CONTENT="hänvisning"/><SP WIDTH="22" VPOS="1325" HPOS="448"/>
							<String ID="string_259" HPOS="470" VPOS="1325" WIDTH="32" HEIGHT="21" WC="0.92" CONTENT="till"/><SP WIDTH="24" VPOS="1325" HPOS="502"/>
							<String ID="string_260" HPOS="526" VPOS="1325" WIDTH="271" HEIGHT="27" WC="0.92" CONTENT="kommunalförfattningen"/><SP WIDTH="25" VPOS="1325" HPOS="797"/>
							<String ID="string_261" HPOS="822" VPOS="1325" WIDTH="64" HEIGHT="21" WC="0.93" CONTENT="borde"/><SP WIDTH="15" VPOS="1325" HPOS="886"/>
							<String ID="string_262" HPOS="901" VPOS="1325" WIDTH="136" HEIGHT="23" WC="0.92" CONTENT="förekomma,"/>
						</TextLine>
						<TextLine ID="line_34" HPOS="194" VPOS="1353" WIDTH="844" HEIGHT="28">
							<String ID="string_263" HPOS="194" VPOS="1379" WIDTH="2" HEIGHT="2" WC="0.46" CONTENT="="/><SP WIDTH="21" VPOS="1379" HPOS="196"/>
							<String ID="string_264" HPOS="217" VPOS="1353" WIDTH="39" HEIGHT="21" WC="0.93" CONTENT="och"/><SP WIDTH="15" VPOS="1353" HPOS="256"/>
							<String ID="string_265" HPOS="271" VPOS="1359" WIDTH="107" HEIGHT="20" WC="0.95" CONTENT="upprepar"/><SP WIDTH="22" VPOS="1359" HPOS="378"/>
							<String ID="string_266" HPOS="400" VPOS="1353" WIDTH="81" HEIGHT="21" WC="0.95" CONTENT="således"/><SP WIDTH="17" VPOS="1353" HPOS="481"/>
							<String ID="string_267" HPOS="498" VPOS="1353" WIDTH="47" HEIGHT="21" WC="0.93" CONTENT="mitt"/><SP WIDTH="14" VPOS="1353" HPOS="545"/>
							<String ID="string_268" HPOS="559" VPOS="1353" WIDTH="95" HEIGHT="27" WC="0.96" CONTENT="yrkande"/><SP WIDTH="15" VPOS="1353" HPOS="654"/>
							<String ID="string_269" HPOS="669" VPOS="1359" WIDTH="33" HEIGHT="14" WC="0.93" CONTENT="om"/><SP WIDTH="17" VPOS="1359" HPOS="702"/>
							<String ID="string_270" HPOS="719" VPOS="1353" WIDTH="135" HEIGHT="26" WC="0.93" CONTENT="paragrafens"/><SP WIDTH="15" VPOS="1353" HPOS="854"/>
							<String ID="string_271" HPOS="869" VPOS="1353" WIDTH="121" HEIGHT="21" WC="0.96" CONTENT="återremiss"/><SP WIDTH="16" VPOS="1353" HPOS="990"/>
							<String ID="string_272" HPOS="1006" VPOS="1353" WIDTH="32" HEIGHT="27" WC="0.94" CONTENT="till"/>
						</TextLine>
					</TextBlock>
					<TextBlock ID="block_9" HPOS="216" VPOS="1377" WIDTH="793" HEIGHT="36">
						<TextLine ID="line_35" HPOS="216" VPOS="1377" WIDTH="793" HEIGHT="36">
							<String ID="string_273" HPOS="216" VPOS="1377" WIDTH="111" HEIGHT="36" WC="0.92" CONTENT="utskottet."/><SP WIDTH="681" VPOS="1377" HPOS="327"/>
							<String ID="string_274" HPOS="1008" VPOS="1384" WIDTH="1" HEIGHT="12" WC="0.88" CONTENT="|"/>
						</TextLine>
					</TextBlock>
				</ComposedBlock>
				<ComposedBlock ID="cblock_10" HPOS="286" VPOS="1437" WIDTH="752" HEIGHT="87">
					<TextBlock ID="block_10" HPOS="286" VPOS="1437" WIDTH="752" HEIGHT="87">
						<TextLine ID="line_36" HPOS="286" VPOS="1437" WIDTH="640" HEIGHT="28">
							<String ID="string_275" HPOS="286" VPOS="1438" WIDTH="55" HEIGHT="22" WC="0.96" CONTENT="Herr"/><SP WIDTH="15" VPOS="1438" HPOS="341"/>
							<String ID="string_276" HPOS="356" VPOS="1437" WIDTH="155" HEIGHT="22" WC="0.93" CONTENT="Stenbäck"/><SP WIDTH="16" VPOS="1437" HPOS="511"/>
							<String ID="string_277" HPOS="527" VPOS="1438" WIDTH="101" HEIGHT="22" WC="0.92" CONTENT="förenade"/><SP WIDTH="16" VPOS="1438" HPOS="628"/>
							<String ID="string_278" HPOS="644" VPOS="1438" WIDTH="31" HEIGHT="27" WC="0.96" CONTENT="sig"/><SP WIDTH="15" VPOS="1438" HPOS="675"/>
							<String ID="string_279" HPOS="690" VPOS="1437" WIDTH="47" HEIGHT="22" WC="0.93" CONTENT="med"/><SP WIDTH="16" VPOS="1437" HPOS="737"/>
							<String ID="string_280" HPOS="753" VPOS="1438" WIDTH="49" HEIGHT="21" WC="0.91" CONTENT="herr"/><SP WIDTH="15" VPOS="1438" HPOS="802"/>
							<String ID="string_281" HPOS="817" VPOS="1437" WIDTH="109" HEIGHT="28" WC="0.96" CONTENT="Federley."/>
						</TextLine>
						<TextLine ID="line_37" HPOS="287" VPOS="1496" WIDTH="751" HEIGHT="28">
							<String ID="string_282" HPOS="287" VPOS="1496" WIDTH="151" HEIGHT="22" WC="0.92" CONTENT="Diskussionen"/><SP WIDTH="16" VPOS="1496" HPOS="438"/>
							<String ID="string_283" HPOS="454" VPOS="1496" WIDTH="116" HEIGHT="22" WC="0.91" CONTENT="afslutades"/><SP WIDTH="14" VPOS="1496" HPOS="570"/>
							<String ID="string_284" HPOS="584" VPOS="1496" WIDTH="46" HEIGHT="27" WC="0.96" CONTENT="och,"/><SP WIDTH="17" VPOS="1496" HPOS="630"/>
							<String ID="string_285" HPOS="647" VPOS="1496" WIDTH="65" HEIGHT="21" WC="0.96" CONTENT="sedan"/><SP WIDTH="12" VPOS="1496" HPOS="712"/>
							<String ID="string_286" HPOS="724" VPOS="1496" WIDTH="36" HEIGHT="22" WC="0.96" CONTENT="det"/><SP WIDTH="10" VPOS="1496" HPOS="760"/>
							<String ID="string_287" HPOS="770" VPOS="1496" WIDTH="23" HEIGHT="22" WC="0.93" CONTENT="af"/><SP WIDTH="9" VPOS="1496" HPOS="793"/>
							<String ID="string_288" HPOS="802" VPOS="1496" WIDTH="48" HEIGHT="22" WC="0.93" CONTENT="herr"/><SP WIDTH="10" VPOS="1496" HPOS="850"/>
							<String ID="string_289" HPOS="860" VPOS="1496" WIDTH="102" HEIGHT="28" WC="0.93" CONTENT="Federley"/><SP WIDTH="13" VPOS="1496" HPOS="962"/>
							<String ID="string_290" HPOS="975" VPOS="1496" WIDTH="63" HEIGHT="22" WC="0.92" CONTENT="fram-"/>
						</TextLine>
					</TextBlock>
				</ComposedBlock>
				<ComposedBlock ID="cblock_11" HPOS="217" VPOS="1525" WIDTH="821" HEIGHT="57">
					<TextBlock ID="block_11" HPOS="217" VPOS="1525" WIDTH="821" HEIGHT="57">
						<TextLine ID="line_38" HPOS="217" VPOS="1525" WIDTH="821" HEIGHT="28">
							<String ID="string_291" HPOS="217" VPOS="1525" WIDTH="77" HEIGHT="22" WC="0.96" CONTENT="ställda"/><SP WIDTH="15" VPOS="1525" HPOS="294"/>
							<String ID="string_292" HPOS="309" VPOS="1525" WIDTH="100" HEIGHT="27" WC="0.96" CONTENT="förslaget"/><SP WIDTH="15" VPOS="1525" HPOS="409"/>
							<String ID="string_293" HPOS="424" VPOS="1525" WIDTH="69" HEIGHT="22" WC="0.96" CONTENT="blifvit"/><SP WIDTH="15" VPOS="1525" HPOS="493"/>
							<String ID="string_294" HPOS="508" VPOS="1527" WIDTH="87" HEIGHT="26" WC="0.96" CONTENT="antaget"/><SP WIDTH="15" VPOS="1527" HPOS="595"/>
							<String ID="string_295" HPOS="610" VPOS="1525" WIDTH="34" HEIGHT="22" WC="0.93" CONTENT="till"/><SP WIDTH="15" VPOS="1525" HPOS="644"/>
							<String ID="string_296" HPOS="659" VPOS="1525" WIDTH="215" HEIGHT="28" WC="0.92" CONTENT="kontraproposition,"/><SP WIDTH="17" VPOS="1525" HPOS="874"/>
							<String ID="string_297" HPOS="891" VPOS="1525" WIDTH="31" HEIGHT="22" WC="0.93" CONTENT="lät"/><SP WIDTH="8" VPOS="1525" HPOS="922"/>
							<String ID="string_298" HPOS="930" VPOS="1525" WIDTH="49" HEIGHT="22" WC="0.93" CONTENT="herr"/><SP WIDTH="11" VPOS="1525" HPOS="979"/>
							<String ID="string_299" HPOS="990" VPOS="1525" WIDTH="48" HEIGHT="22" WC="0.93" CONTENT="Tal-"/>
						</TextLine>
						<TextLine ID="line_39" HPOS="217" VPOS="1555" WIDTH="536" HEIGHT="27">
							<String ID="string_300" HPOS="217" VPOS="1561" WIDTH="90" HEIGHT="15" WC="0.92" CONTENT="mannen"/><SP WIDTH="16" VPOS="1561" HPOS="307"/>
							<String ID="string_301" HPOS="323" VPOS="1555" WIDTH="89" HEIGHT="26" WC="0.91" CONTENT="uppläsa"/><SP WIDTH="16" VPOS="1555" HPOS="412"/>
							<String ID="string_302" HPOS="428" VPOS="1561" WIDTH="25" HEIGHT="14" WC="0.97" CONTENT="en"/><SP WIDTH="15" VPOS="1561" HPOS="453"/>
							<String ID="string_303" HPOS="468" VPOS="1555" WIDTH="24" HEIGHT="21" WC="0.96" CONTENT="så"/><SP WIDTH="15" VPOS="1555" HPOS="492"/>
							<String ID="string_304" HPOS="507" VPOS="1555" WIDTH="90" HEIGHT="27" WC="0.96" CONTENT="lydande"/><SP WIDTH="15" VPOS="1555" HPOS="597"/>
							<String ID="string_305" HPOS="612" VPOS="1555" WIDTH="141" HEIGHT="26" WC="0.96" CONTENT="proposition:"/>
						</TextLine>
					</TextBlock>
				</ComposedBlock>
			</PrintSpace>
		</Page>
	</Layout>
</alto>
