1117 1792
331 116 177 21 Borgareständet
521 116 55 18 1882.
601 116 26 17 28
639 120 61 13 mars.
887 110 41 20 695

110 185 35 21 tvä
160 184 114 26 sektioner,
287 184 35 22 det
332 185 68 21 skulle
411 185 85 23 komma
506 191 24 15 en
542 185 39 21 och
590 191 25 15 en
624 185 45 21 half
676 184 93 22 ledamot
779 184 34 21 för
823 184 105 22 hvardera

110 213 116 21 sektionen.
257 213 32 21 Dä
305 220 25 14 en
346 214 66 21 sädan
427 214 119 26 fördelning
567 214 47 21 icke
632 219 64 20 gerna
711 214 24 20 är
750 212 79 27 möjlig,
845 213 42 21 kan
903 218 26 16 en

110 241 144 27 förstärkning
275 241 46 21 icke
343 242 38 20 ske
403 242 32 21 till
458 244 31 20 ett
512 243 77 21 sädant
604 243 137 20 sammansatt
757 241 88 25 utskott,
862 241 67 21 under

110 270 67 21 andra
199 270 153 26 förhällanden,
375 272 26 19 än
424 272 32 20 att
476 271 36 21 det
534 270 65 27 väljes
617 272 31 20 ett
664 272 45 25 nytt
724 270 84 21 utskott
823 270 48 21 med
886 269 43 21 lika

110 299 75 25 många
208 298 142 25 medlemmar,
372 305 45 14 som
439 305 28 14 nu
490 299 64 20 redan
577 299 73 21 finnas.
680 298 33 21 Då
735 298 107 21 dessutom
865 298 63 20 den
915 294 16 34 i

110 326 239 27 Landtdagsordningen
366 327 118 27 äberopade
500 327 126 26 paragrafen
641 326 142 24 föreskrifver,
794 328 31 19 att
836 327 36 20 det
883 326 46 21 icke

111 355 100 22 behöfves
233 358 31 19 ett
285 357 70 20 större
379 357 56 20 antal
452 355 116 22 ledamöter
584 356 5 21 i
605 355 71 27 hvarje
692 355 107 27 afdelning
813 355 24 21 af
850 357 31 19 ett
897 357 32 19 ut-

110 385 64 25 skott,
190 386 27 19 än
233 384 52 25 ätta,
302 384 19 21 d.
337 391 18 14 v.
371 391 16 14 s.
404 385 35 21 tvä
454 384 45 22 frän
515 385 71 26 hvarje
608 385 67 24 ständ,
691 384 35 21 vill
740 384 37 27 jag
791 384 90 27 päpeka,
897 385 32 20 att

111 419 33 15 om
160 413 93 22 Ständen
269 413 67 21 skulle
352 412 82 23 besluta
448 416 32 19 att
495 413 106 22 förstärka
616 415 31 20 ett
664 413 81 22 utskott
760 413 48 21 med
820 414 31 20 ett
861 414 68 20 större

111 441 51 22 eller
177 442 82 21 mindre
273 443 59 20 antal
347 442 143 27 medlemmar,
505 443 24 21 sä
544 443 68 20 skulle
628 443 35 20 det
674 441 65 28 enligt
751 442 67 21 denna
830 441 99 27 paragraf

111 471 6 21 i
134 471 41 21 alla
191 471 36 21 fall
243 471 32 21 stä
291 471 105 21 utskottet
412 471 44 21 fritt
471 473 33 19 att
519 471 81 22 fördela
616 471 32 26 sig
662 471 7 21 i
684 473 32 19 tre
731 470 52 22 eller
797 469 51 22 flere
863 470 65 22 afdel-

110 499 81 28 ningar,
215 499 54 21 blott
290 499 28 28 pä
341 499 72 28 hvarje
435 499 105 28 afdelning
562 500 84 22 komme
668 501 75 20 tvenne
766 505 101 21 personer
882 499 46 22 från

110 529 62 20 hvart
187 529 68 20 stånd.
285 528 62 21 Hvad
362 528 100 22 särskildt
485 529 25 21 de
531 529 70 26 frågor
617 528 105 26 beträftar,
739 527 32 22 för
785 528 72 21 hvilka
872 534 56 15 sam-

111 559 106 20 mansatta
233 557 42 27 lag-
291 557 40 22 och
347 557 203 28 ekonomiutskottet
565 558 39 21 har
619 557 55 22 velat
696 557 82 22 fördela
800 557 31 26 sig
854 557 28 26 på
897 557 31 20 af-

111 586 114 25 delningar,
247 586 40 21 har
309 587 42 24 det,
374 587 68 20 såsom
459 586 50 21 herr
523 587 81 21 Öhman
620 587 81 26 ganska
715 586 74 27 rigtigt
804 585 123 27 frambållit,

110 614 54 21 varit
180 613 59 28 fråga
255 621 32 14 om
304 615 156 26 propositionen
476 616 108 25 angående
600 617 64 24 vägar
679 614 39 22 och
730 614 64 22 broar
803 617 55 19 samt
869 614 59 21 kom-

110 643 249 26 munalförfattningarna
382 643 106 22 äfvensom
511 644 206 26 petitionsfrågorna,
739 643 111 21 hvaremot
872 649 56 15 sam-

110 673 105 20 mansatta
237 672 44 26 lag-
303 672 39 21 och
365 672 203 22 ekonomiutskottet
590 675 70 19 ansett
682 674 31 19 att
728 678 75 20 genom
819 677 26 16 en
861 672 66 21 sådan

111 700 84 27 delning
217 700 69 22 kunde
309 701 142 27 möjliggöras,
475 703 31 20 att
528 702 104 21 utskottet
648 701 7 20 i
670 701 32 22 sin
718 701 72 21 helbet
805 701 71 20 kunde
891 701 37 20 be-

110 729 77 21 handla
210 729 40 21 den
266 730 78 27 vigtiga
359 730 40 21 och
414 731 23 20 så
452 737 40 20 nya
508 733 54 19 samt
578 730 70 22 derför
659 732 31 19 ett
701 731 67 26 större
779 729 57 22 antal
847 729 80 22 krafter

110 758 137 21 erfordrande
270 758 73 28 frågan
359 765 32 15 om
408 759 220 26 länsrepresentation.
651 759 54 20 Herr
717 758 82 21 Öhman
815 758 38 21 har
864 758 63 22 fram-

110 786 67 26 bållit,
201 787 100 21 hurusom
324 787 73 27 frågan
419 794 33 15 om
475 790 65 24 vägar
562 787 39 22 och
619 788 63 21 broar
698 789 54 19 samt
767 793 34 16 om
817 787 110 26 ändring
915 782 15 37 i

110 815 301 28 kommunalförfattningarna
432 822 51 16 vore
499 816 21 21 af
536 817 38 21 den
590 815 178 28 genomgripande
783 816 44 27 vigt
843 815 38 22 och
892 815 35 22 be-

110 844 86 27 tydelse,
217 847 32 18 att
272 845 35 21 det
331 851 49 15 vore
404 845 78 26 vådligt
505 848 31 19 att
554 845 94 22 anförtro
665 845 61 21 dessa
741 845 22 21 åt
778 844 89 27 utskott,
883 850 44 16 som

110 873 87 21 bestode
219 873 23 21 af
263 873 75 21 endast
360 874 46 20 åtta
428 879 107 21 personer.
565 874 41 27 Jag
621 873 36 21 vill
674 873 71 21 dervid
761 873 118 25 framhålla,
895 875 33 19 att

110 901 74 27 frågan
200 908 33 14 om
249 904 65 24 vägar
330 901 39 22 och
386 902 62 21 broar
464 902 54 22 varit
532 902 46 22 före
592 902 34 21 vid
645 901 50 22 flere
710 902 133 27 landtdagar,
857 902 24 21 så
896 904 32 18 att

109 930 137 26 meningarna
261 930 32 21 för
309 930 38 21 och
363 933 57 19 emot
435 931 65 21 redan
516 933 36 19 äro
568 931 80 26 ganska
663 930 33 21 väl
718 930 101 26 dryftade,
842 930 85 21 hvartill

108 960 56 19 ännu
179 958 102 24 kommer,
297 961 32 19 att
345 959 39 21 den
400 959 131 27 proposition
546 960 8 21 i
569 962 77 23 ämnet,
662 965 45 15 som
728 965 28 15 nu
773 960 25 19 är
816 958 32 21 till
866 958 61 22 Stän-

110 988 64 20 derna
198 987 147 26 öfverlemnad,
369 988 86 21 alldeles
478 988 197 22 öfverensstämmer
690 988 47 20 med
753 987 41 21 den
808 987 22 21 af
845 989 83 19 senaste

110 1015 100 27 landtdag
226 1016 116 26 beslutade,
358 1016 48 22 med
420 1017 109 27 undantag
544 1017 66 26 deraf,
626 1019 32 19 att
677 1016 102 22 särskilda
795 1016 132 21 administra-

109 1045 42 21 tiva
175 1044 158 28 bestämningar
355 1046 37 20 äro
415 1045 121 22 öfverförda
550 1046 32 21 till
605 1052 25 14 en
646 1045 91 21 särskild
752 1044 131 28 kungörelse.
899 1056 28 4 —

110 1074 59 20 Hvad
193 1074 46 21 åter
262 1074 129 21 vidkommer
412 1074 183 27 propositionerna
610 1074 90 22 rörande
717 1074 113 26 ändringar
845 1073 6 21 i
867 1074 61 20 kom-

109 1102 256 27 munalförfattningarna,
381 1103 24 21 så
419 1102 106 22 innehålla
541 1103 60 21 dessa
616 1102 46 22 icke
678 1102 65 26 några
758 1102 118 26 egentligen
892 1108 36 20 ge-

109 1131 150 27 nomgripande
281 1131 153 27 förändringar,
451 1132 47 21 med
521 1132 108 26 undantag
644 1132 22 20 af
680 1131 72 27 frågan
768 1137 34 15 om
817 1130 110 22 bevillnin-

109 1166 50 20 gens
175 1159 40 22 och
230 1160 256 27 kommunaltaxeringens
498 1160 114 27 bringande
623 1160 33 21 till
667 1159 188 27 samstämmighet.
878 1158 49 22 Med

110 1190 39 19 den
164 1188 118 21 kännedom
299 1195 48 14 man
363 1189 117 21 emellertid
496 1189 64 21 redan
577 1196 49 19 eger
641 1195 33 15 om
687 1188 24 21 de
721 1188 156 27 propositioner
888 1188 39 20 och

108 1216 261 28 utskottsförhandlingar,
394 1224 44 14 som
457 1219 53 25 angå
526 1218 73 26 frågan
615 1224 34 14 om
664 1217 208 27 fastighetsskattens
888 1216 39 21 och

109 1245 106 21 allmänna
236 1246 246 26 inkomstbevillningens
504 1246 114 24 ordnande,
641 1246 60 21 torde
724 1252 48 14 man
795 1244 27 28 på
837 1244 91 22 förhand

109 1274 70 21 kunna
195 1277 50 23 taga
260 1274 33 21 för
307 1275 72 26 gifvet,
395 1277 31 19 att
442 1274 127 22 åtminstone
589 1275 47 21 icke
652 1274 34 21 vid
702 1274 68 27 denna
785 1273 102 27 landtdag
902 1279 25 15 en

109 1302 78 22 reform
202 1302 6 22 i
223 1303 75 27 antydt
313 1303 99 21 afseende
428 1304 41 20 kan
485 1303 84 21 komma
584 1304 6 20 i
606 1303 65 27 fråga.
701 1302 74 27 Ofriga
793 1302 134 22 bestämmel-

108 1338 33 15 ser
157 1331 6 21 i
179 1332 304 27 kommunalförfattningarna,
507 1338 44 15 som
574 1338 28 15 nu
622 1334 36 19 äro
674 1331 120 26 föreslagna
809 1330 32 22 till
856 1330 72 22 förän-

109 1360 66 27 dring,
198 1362 49 20 röra
268 1360 144 27 detaljfrågor,
433 1361 71 21 hvilka
518 1360 122 27 visserligen
656 1360 32 22 till
704 1366 25 16 en
746 1360 34 21 del
795 1361 36 20 äro
847 1359 80 27 ganska

110 1389 83 27 vigtiga,
216 1396 48 15 men
287 1389 64 22 likväl
373 1390 62 26 ingen
454 1390 21 20 af
490 1390 40 22 den
545 1389 177 27 genomgripande
745 1388 108 28 betydelse
876 1388 52 21 eller

109 1418 40 21 den
171 1417 62 21 svåra
255 1420 40 22 art,
318 1420 32 18 att
369 1418 59 20 deraf
442 1419 68 19 skulle
525 1418 183 26 nödvändiggöras
723 1418 62 20 deras
800 1416 128 27 behandling

109 1446 23 21 af
153 1448 31 18 ett
207 1447 74 19 sexton
304 1451 113 21 personers
439 1446 89 21 utskott.
558 1446 41 26 Jag
619 1445 67 21 skulle
701 1445 72 21 derför
789 1445 91 25 anhålla,
896 1446 32 19 att

109 1475 84 21 ståndet
215 1474 48 21 ville
287 1474 72 22 bifalla
382 1473 32 22 till
432 1476 152 19 sammansatta
598 1474 44 26 lag-
658 1473 39 22 och
713 1473 215 22 ekonomiutskottets

108 1503 81 28 förslag
203 1503 40 22 och
258 1503 65 21 redan
339 1504 7 20 i
362 1503 68 21 denna
445 1503 40 26 dag
501 1503 83 22 besluta
599 1502 77 27 dertill,
691 1503 88 21 emedan
795 1507 76 17 annars
887 1502 40 21 den
