1109 1831
188 127 54 21 1112
430 131 177 22 Borgareståndet
620 133 55 16 1882.
699 132 13 17 4
724 132 47 20 maj.

186 203 46 19 mot
255 200 86 22 norden.
371 200 30 21 Af
422 201 48 21 fullt
492 201 96 27 pålitliga
596 206 114 44 ahmii
724 200 40 21 har
777 200 37 27 jag
828 200 49 21 hört
892 200 116 27 uppgifvas,

186 232 32 18 att
241 229 25 21 de
288 229 110 27 ångbåtar,
421 229 71 21 hvilka
506 229 28 26 gå
549 229 31 21 till
627 229 113 23 Österbotten,
756 228 184 27 hufvudsakligast
955 227 55 23 lefva

185 257 29 28 pä
236 257 31 23 S:t
288 257 141 27 Petersburg.
452 257 98 22 Derifrän
574 257 19 22 få
617 258 25 20 de
658 257 45 22 sina
718 259 68 20 mesta
801 263 63 15 varor
879 257 39 21 och
933 257 77 27 högsta

186 287 86 26 frakter,
298 286 26 22 dä
347 287 95 21 deremot
464 286 90 22 trafiken
576 286 89 21 emellan
690 286 25 21 de
738 285 70 22 skilda
823 288 63 23 orter,
902 285 26 22 de
943 285 67 22 under

186 317 67 25 vägen
275 315 83 26 beröra,
380 317 24 19 är
426 315 24 21 af
470 321 24 16 en
510 315 148 22 underordnad
674 314 114 28 betydelse.
819 315 103 21 Närmare
936 315 74 21 utred-

185 345 51 26 ning
250 344 92 21 rörande
358 344 69 21 denna
442 344 60 27 fräga
517 344 65 21 borde
598 343 53 22 dock
667 350 50 15 vara
733 343 40 22 lätt
789 345 31 20 att
836 343 82 22 erhälla
932 349 77 20 genom

186 376 32 19 att
241 373 65 22 anlita
329 373 26 21 de
380 373 119 27 respektive
521 373 193 26 ängbätsbolagens
737 372 183 26 manifestböcker,
937 372 71 21 hvilka

186 402 108 21 sannolikt
316 402 68 21 skulle
405 402 33 21 stä
460 408 25 15 en
509 402 5 21 i
531 401 73 27 frågan
620 401 75 22 tillsatt
710 401 137 22 kommission
862 401 53 21 eller
929 401 81 22 komit6

187 431 34 21 till
236 431 70 27 tjenst.

253 459 41 28 Jag
309 459 43 24 ber,
362 459 68 22 såsom
446 459 68 27 sagdt,
528 461 33 19 att
575 459 22 22 få
611 459 85 21 förorda
710 458 161 27 Kuopio-linien
887 458 39 22 och
941 465 67 20 anser,

186 490 33 20 att
242 488 42 21 ifall
307 488 155 27 Kuopiobanan
485 487 87 27 utföres,
597 487 31 22 till
652 489 60 20 nästa
728 487 102 27 landtdag
845 493 26 16 en
886 487 123 28 ytterligare

186 517 112 27 utredning
320 517 38 21 bör
374 516 135 24 införskaffas
524 517 90 22 rörande
630 517 40 22 den
686 516 158 27 förmänligaste
859 517 150 27 sträckningen

186 546 22 22 af
223 552 26 16 en
265 546 55 22 bana
335 552 42 21 upp
393 546 33 22 till
442 546 113 27 Uleåborg.

256 604 56 22 Herr
327 604 162 21 Sanmark:
505 605 41 25 Jag
561 604 54 21 hade
631 604 74 27 begärt
720 604 60 22 ordet
796 604 34 22 för
844 606 32 20 att
886 604 86 22 bemöta
982 604 28 22 de

185 633 130 27 pästäenden
330 633 66 27 nägra
418 633 65 21 ärade
498 633 68 21 talare
581 633 115 22 framställt
711 636 57 18 emot
784 633 39 22 den
840 632 169 23 österbottniska

187 661 78 23 banan.
288 662 70 22 Sedan
374 662 57 21 tiden
440 668 28 14 nu
484 662 116 21 emellertid
616 664 24 19 är
655 662 23 21 sä
694 662 58 26 längt
767 662 140 22 framskriden
922 662 36 21 vill
972 662 37 27 jag

186 690 46 22 icke
256 691 73 26 längre
352 693 50 24 taga
424 690 96 22 ständets
542 691 186 27 uppmärksamhet
748 692 6 20 i
770 691 98 27 anspräk,
886 690 123 28 öfvertygad

186 725 46 17 som
252 720 38 26 jag
312 721 30 25 är,
360 722 32 18 att
407 720 66 26 nägra
488 720 64 21 motiv
568 720 46 20 icke
629 720 72 21 vidare
717 720 87 21 inverka
819 720 27 27 pä
862 720 95 21 ständets
973 720 35 21 be-

186 749 44 21 slut
245 749 7 20 i
268 748 81 27 frågan.
380 748 41 26 Jag
444 748 41 21 kan
502 748 63 22 likväl
581 748 47 22 icke
642 749 113 21 underlåta
770 751 32 19 att
817 751 119 25 protestera
952 750 56 20 emot

186 777 41 21 den
243 777 78 27 kalkyl,
332 777 137 27 hvarigenom
480 778 116 20 utskottets
607 776 109 28 pluralitet
726 778 56 21 velat
793 778 77 25 bevisa,
882 780 32 19 att
920 777 88 27 Kuopio

186 806 68 22 skulle
273 812 51 15 vara
340 812 25 15 en
382 806 96 21 starkare
494 806 109 26 ändpunkt
626 808 26 18 än
666 806 114 27 Uleäborg,
797 809 55 19 samt
868 806 85 28 Nyslott
968 806 40 21 och

186 835 32 22 S:t
242 834 77 23 Michel
338 834 96 22 starkare
449 834 170 28 mellanpunkter
633 836 27 20 än
675 835 100 21 städerna
790 834 125 28 Brahestad,
932 834 76 23 Gamla

186 864 101 26 Karleby,
308 863 118 22 Jakobstad
449 864 39 21 och
511 864 32 27 Ny
566 863 93 28 Karleby
682 864 145 21 tillsammans.
856 864 42 27 Jag
919 866 39 24 gör
972 864 37 21 det

186 893 88 21 emedan
298 899 25 15 en
346 892 90 22 medlem
458 892 22 21 af
499 892 156 33 Ridderskapet
670 893 39 21 och
725 892 67 22 Adeln
808 892 86 28 upplyst
910 892 42 27 mig
967 898 41 20 om,

186 923 32 21 att
242 922 41 24 det,
306 921 66 27 enligt
394 921 52 21 hans
469 921 61 27 äsigt,
553 921 56 22 varit
631 922 27 26 pä
676 922 68 26 grund
760 922 22 20 af
796 922 61 21 dessa
872 921 76 26 siffror,
962 927 46 16 som

186 950 60 22 detta
268 950 62 22 ständ
353 950 60 26 gifvit
429 950 121 27 dräpslaget
564 950 22 21 ät
602 950 39 21 den
658 950 167 22 österbottniska
841 950 76 22 banan.

186 979 142 22 ordföranden
351 979 6 21 i
379 974 262 41 jernvägskommissionen
665 980 53 21 hade
739 980 105 26 nämligen
868 981 38 20 der
920 963 87 48 påstått,

186 1010 33 20 att
234 1008 28 27 2/,
277 1008 23 22 af
313 1007 91 27 Viborgs
426 1007 78 27 import
518 1009 39 25 går
572 1014 42 21 upp
631 1007 32 22 för
679 1008 84 21 Saimen
779 1008 38 22 och
834 1009 122 26 derigenom
972 1008 36 21 be-

185 1037 56 21 visat
262 1037 26 21 de
310 1036 150 22 Savolaksiska
482 1037 110 22 städernas
615 1037 81 26 mycket
711 1039 69 19 större
796 1036 129 28 betydenhet
940 1038 27 20 än
982 1037 29 21 de

186 1065 168 22 österbottniska
369 1065 69 21 såsom
453 1066 86 25 import-
555 1066 39 21 och
609 1065 212 22 konsumtionsorter.

255 1094 42 21 För
319 1096 32 19 att
373 1095 85 20 komma
480 1094 32 21 till
534 1097 31 18 ett
580 1094 76 21 sädant
671 1094 90 22 resultat
775 1094 57 21 hvad
849 1096 101 25 exporten
965 1093 44 22 vid-

186 1123 96 21 kommer
304 1123 39 21 har
365 1129 48 15 man
436 1122 158 27 hopsummerat
616 1123 151 26 exportvärdet
782 1123 67 22 under
864 1123 24 21 är
906 1124 54 21 1878
975 1123 35 21 för

186 1151 104 22 hvardera
305 1157 126 21 grupperna.
463 1151 100 22 Summan
579 1151 21 22 af
614 1152 149 26 exportvärdet
778 1152 33 21 för
822 1153 25 20 de
858 1151 150 22 Savolaksiska

187 1181 100 21 städerna
309 1182 63 25 utgör
398 1181 110 24 1,636,148
531 1181 69 25 mark;
622 1181 33 20 för
670 1181 26 21 de
712 1181 167 21 österbottniska
894 1181 111 26 4,478,591

186 1209 68 21 mark.
284 1208 50 23 Man
357 1209 68 21 skulle
441 1209 69 26 tycka,
526 1211 32 19 att
574 1209 35 21 det
624 1210 54 21 varit
694 1210 57 21 svärt
766 1211 32 19 att
813 1209 70 22 vända
898 1215 34 16 om
948 1209 60 21 detta

187 1237 89 22 faktum.
306 1237 49 22 Icke
378 1238 36 21 det
436 1237 102 26 ringaste!
570 1237 48 22 Man
642 1238 138 21 subtraherar
801 1238 46 22 från
870 1239 40 20 den
933 1243 77 16 senare

186 1272 96 15 summan
306 1266 73 21 värdet
400 1265 23 22 af
444 1268 187 25 trävaruexporten
654 1267 65 26 enligt
739 1267 83 27 uppgift
836 1267 47 21 frän
899 1266 109 22 tulldirek-

187 1295 71 21 tionen
281 1295 119 26 utgörande
422 1295 112 25 3,436,728
557 1295 59 21 mark
639 1295 67 22 under
721 1295 122 27 pästäende,
859 1297 32 20 att
906 1295 40 21 den
962 1295 47 21 icke

186 1323 100 22 influerar
308 1323 28 27 pä
353 1323 190 27 jernvägstrafiken
558 1323 39 22 och
612 1323 92 22 erhäller
719 1324 89 21 sälunda
824 1326 30 19 ett
869 1324 140 27 exportvärde

187 1352 23 21 af
224 1352 112 25 1,041,775
357 1352 60 21 mark
436 1352 33 21 för
485 1351 24 22 de
526 1352 167 21 österbottniska
708 1352 100 21 städerna
823 1355 57 18 emot
896 1352 114 25 1,636,148

186 1380 34 20 för
242 1381 27 19 de
291 1380 155 21 Savolaksiska.
478 1380 38 20 Att
531 1380 45 20 frän
592 1380 40 21 den
649 1380 57 21 förra
721 1385 97 16 summan
834 1380 130 21 ätminstone
979 1379 30 21 af-

187 1408 65 27 draga
274 1407 73 22 värdet
370 1407 32 21 för
425 1407 89 25 336,403
531 1407 40 22 L
584 1408 54 27 jern,
655 1414 45 15 som
716 1410 74 20 nästan
805 1407 44 23 lika
861 1408 47 22 litet
923 1408 86 29 komma

187 1439 32 20 att
241 1436 95 28 begagna
354 1436 122 28 jernvägen,
500 1442 62 16 anser
576 1443 48 15 man
639 1437 47 21 icke
702 1443 51 16 vara
768 1437 136 28 nödvändigt.
934 1431 21 27 Ä
970 1438 42 26 2,50

186 1472 38 21 per
240 1465 38 22 LZ
293 1467 63 25 utgör
371 1465 58 22 detta
444 1465 64 22 värde
524 1465 117 23 emellertid
657 1466 91 26 841,000
764 1467 60 21 mark
839 1468 40 20 och
894 1466 115 22 reducerar

186 1495 90 23 sälunda
291 1494 25 22 de
332 1494 150 24 Savolaksiska
497 1494 110 22 städernas
622 1498 75 24 export
712 1495 32 22 till
761 1496 91 26 795,000
868 1496 66 22 mark.
