1109 1795
200 141 41 20 840
425 145 176 21 Borgareståndet
615 146 54 16 1882.
695 146 23 15 18
731 145 58 20 april.

201 213 51 20 rade
275 213 97 20 hemman
396 213 38 20 och
458 212 153 21 båtsmanshåll
634 213 105 26 utgående
755 211 165 27 vakansafgifter
936 212 38 21 och
990 213 31 20 in-

201 241 102 27 dragning
319 240 22 22 af
354 241 25 21 de
395 241 117 21 rusthållen
535 241 98 21 anvisade
656 243 119 24 augments-
791 240 40 21 och
854 240 66 27 öfriga
941 242 79 19 räntor.

588 326 47 27 81.

271 384 54 21 Herr
348 383 168 22 Molander:
540 383 32 21 Då
587 385 72 19 senast
680 383 126 21 församlade
829 383 91 21 Ständer
940 383 82 21 beslöto

202 414 46 22 »att
263 413 26 20 de
304 412 46 21 från
372 412 117 20 rusthållen
511 414 55 18 samt
589 411 97 21 roterade
701 411 98 21 hemman
815 411 39 21 och
870 411 152 21 båtsmanshåll

201 441 33 20 för
249 441 132 20 närvarande
397 440 105 26 utgående
517 441 88 20 vakans-
621 440 39 21 och
671 440 219 27 passevolansafgifter
901 440 40 24 må,
952 440 70 21 såsom

201 469 75 26 bidrag
291 469 33 20 till
340 469 145 20 bestridandet
501 469 21 20 af
536 467 163 22 militiefondens
721 468 95 27 utgifter,
833 467 31 22 till
885 468 138 21 oförändradt

204 497 77 27 belopp
297 497 51 27 utgå
363 497 31 21 till
405 497 37 21 och
452 497 46 21 med
515 497 24 21 år
555 497 60 25 1882,
631 497 106 20 hvarefter
746 497 61 21 dessa
815 497 85 26 afgifter
911 496 51 22 böra
972 503 52 20 upp-

202 525 58 26 höra,
283 526 74 21 såvida
376 525 248 22 nästsammanträdande
647 525 90 21 Ständer
761 525 44 21 före
821 525 91 21 nämnda
925 525 99 27 tidpunkt

202 555 31 20 till
250 555 65 25 sagda
330 553 97 22 ändamål
443 555 82 20 anvisat
541 560 68 15 annan
625 554 64 27 skatt,
705 553 65 22 sådan
785 560 45 15 som
846 553 39 22 här
900 554 68 21 nedan
980 560 43 15 om-

201 583 121 26 förmäles*,
338 583 67 22 skulle
419 583 37 27 jag
471 584 33 21 för
518 583 43 21 min
577 583 34 21 del
626 583 63 26 bedja
704 585 33 18 att
752 583 20 21 få
787 583 84 26 föreslå,
883 583 36 20 det
929 583 95 21 behand-

202 612 70 27 lingen
289 613 22 20 af
325 611 68 22 denna
415 612 100 27 paragraf
535 611 68 22 skulle
624 611 125 28 uppskjutas
768 611 31 22 till
816 612 47 21 dess
878 612 20 21 vi
914 612 88 21 kommit
1018 611 5 21 i

203 641 84 21 tillfälle
302 643 32 19 att
350 641 82 21 besluta
447 641 91 21 rörande
554 641 169 21 statsutskottets
739 641 134 20 betänkande
889 641 6 20 i
911 641 113 26 anledning

202 669 21 22 af
238 670 130 27 proposition
384 676 33 15 om
434 670 56 21 skatt
506 670 27 27 på
546 670 151 27 jordegendom
714 670 39 21 och
769 676 68 15 annan
852 669 100 22 inkomst.

271 727 56 21 Herr
342 727 61 26 Ny
413 734 51 14 bom:
480 727 41 26 Jag
536 727 38 21 ber
589 729 32 19 att
636 727 21 21 få
672 727 137 26 understödja
825 727 35 21 det
876 727 23 20 af
912 727 50 20 herr
978 727 45 21 Mo-

202 756 73 21 lander
291 756 74 21 väckta
380 755 106 28 förslaget,
503 759 32 18 att
550 755 154 27 behandlingen
721 756 23 20 af
757 756 69 20 denna
843 756 9 20 1
870 757 11 24 8
890 756 66 20 måtte
968 755 56 22 hvila

203 785 32 20 till
252 785 47 20 dess
323 785 84 20 ståndet
429 785 70 20 blifvit
514 785 6 20 i
536 785 83 20 tillfälle
635 787 32 18 att
680 785 91 25 jemföra
790 784 162 26 ifrågavarande
967 785 57 20 skatt

203 813 47 20 med
267 813 68 27 öfriga
350 813 119 26 föreslagna
485 813 87 21 skatter.
603 813 10 20 I
628 813 73 26 hvarje
716 813 101 21 händelse
833 813 93 20 önskade
938 813 43 26 jag,
996 813 28 26 på

202 842 68 25 grund
293 842 22 21 af
336 841 56 21 hvad
414 842 104 20 utskottet
541 843 62 25 säger
618 841 7 20 i
641 841 72 26 början
737 841 22 20 af
779 847 46 21 pag.
844 842 32 25 10,
892 843 32 19 att
940 841 84 21 ståndet

203 870 74 21 främst
299 870 68 21 skulle
389 870 105 21 behandla
516 871 13 25 &
545 871 12 20 2
580 869 39 22 och
638 869 152 28 efterföljande,
807 870 60 21 äfven
883 869 32 21 för
930 870 36 21 det
981 869 43 27 fall,

203 900 33 19 att
251 899 84 20 ståndet
357 898 47 21 icke
426 898 67 21 skulle
509 898 50 26 vilja
576 911 23 2 —
616 899 69 21 såsom
699 898 36 27 jag
752 898 54 21 dock
821 898 81 27 hoppas
917 898 54 21 skall
987 898 37 21 ske

202 939 28 3 —
246 927 74 21 bifalla
335 927 32 21 till
383 927 34 21 det
433 928 21 20 af
468 927 50 21 herr
533 927 111 21 Molander
659 927 134 21 framställda
807 927 108 26 förslaget.
945 927 30 26 Ty
990 928 34 20 så-

203 962 44 14 som
270 956 105 21 utskottet
397 958 62 24 säger
474 956 27 26 på
516 962 47 20 pag.
580 956 26 20 10
621 958 24 18 är
661 956 68 20 denna
747 958 8 18 1
773 956 12 26 $
801 955 39 21 och
864 956 47 20 dess
931 955 93 21 innehåll

204 984 105 22 beroende
325 984 24 21 af
363 985 10 25 $
390 986 11 18 2
418 984 38 21 och
473 984 24 21 de
514 984 93 27 följande
623 984 38 21 och
677 984 41 21 kan
736 984 122 21 densamma
874 984 82 21 således
972 984 51 26 icke,

203 1015 50 19 utan
270 1016 32 18 att
318 1013 60 21 dessa
401 1013 65 21 andra
489 1013 52 21 först
560 1015 35 19 äro
613 1012 102 27 afgjorda,
731 1013 106 26 företagas
852 1012 33 22 till
901 1012 73 26 slutlig
989 1013 35 21 be-

203 1041 106 27 handling.

273 1098 54 21 Herr
343 1098 142 22 Castrén:
511 1098 70 21 Jemte
597 1098 35 21 det
647 1098 62 20 äfven
722 1098 36 26 jag
773 1098 68 21 skulle
856 1104 50 14 anse
922 1098 37 21 det
974 1104 50 14 vara

204 1126 121 27 önskvärdt,
341 1128 32 20 att
388 1127 39 20 den
445 1128 9 19 1
472 1126 11 26 &
499 1126 142 22 behandlades
657 1126 114 22 eventuellt
787 1126 38 21 och
841 1129 32 19 att
889 1126 47 21 dess
952 1126 72 21 defini-

204 1156 43 20 tiva
263 1155 114 27 afgörande
401 1155 107 21 lemnades
528 1155 106 21 beroende
650 1156 32 20 till
699 1156 47 20 dess
762 1155 74 27 frågan
852 1162 33 14 om
901 1155 124 26 fastighets-

204 1184 57 21 skatt
277 1184 51 21 eller
347 1184 228 26 icke-fastighetsskatt
597 1184 68 20 blifvit
680 1184 89 26 afgjord,
785 1184 67 20 finner
865 1184 37 26 jag
917 1184 60 25 dock,
994 1186 31 18 att

204 1212 35 22 det
255 1213 68 21 skulle
338 1212 48 22 leda
402 1212 31 21 till
450 1219 25 14 en
491 1212 78 21 faktisk
585 1212 134 27 ajournering
735 1213 22 20 af
771 1212 47 21 hela
835 1213 68 21 denna
918 1213 65 26 fråga,
994 1218 30 15 om

203 1241 126 27 paragrafen
344 1242 7 20 i
367 1242 46 20 dess
429 1241 121 21 nuvarande
566 1241 58 21 skick
640 1241 107 21 lemnades
763 1242 112 20 beroende.
905 1242 41 26 Jag
957 1241 67 21 skulle

205 1270 72 20 derför
293 1270 90 26 anhålla,
399 1272 31 18 att
445 1270 85 20 ståndet
545 1270 50 21 ville
610 1269 84 21 besluta
709 1270 32 26 sig
755 1270 33 21 för
803 1272 33 19 att
851 1270 115 21 eventuellt
974 1269 50 27 god-

204 1298 69 21 känna
289 1298 46 22 icke
351 1298 68 21 denna
434 1298 106 27 paragraf,
556 1304 47 16 men
620 1299 12 25 &
650 1300 9 18 1
677 1298 39 21 och
733 1298 24 21 de
773 1298 91 26 följande
875 1298 150 27 paragraferna

204 1327 22 21 af
241 1327 36 20 det
292 1328 7 19 i
315 1327 48 20 herr
379 1326 114 21 Mechelins
509 1326 130 21 reservation
654 1327 103 24 ingående
779 1343 5 6 ,
785 1327 96 24 Förslag
896 1328 32 19 till
944 1327 81 20 förord-

204 1354 50 26 ning
269 1354 108 26 angående
393 1353 137 27 upphörande
546 1354 21 20 af
581 1354 26 20 de
622 1353 45 21 från
684 1353 116 22 rusthållen
816 1354 104 26 utgående
936 1354 89 21 vakans-

204 1381 86 27 afgifter
313 1382 39 21 och
374 1382 125 25 indragning
521 1382 22 21 af
564 1383 149 20 motsvarande
729 1382 75 27 belopp
826 1383 199 26 rustningsräntor*,

204 1412 55 19 samt
274 1413 77 24 antaga
367 1410 68 21 denna
450 1410 100 27 paragraf
564 1411 69 21 såsom
649 1413 31 18 ett
695 1411 100 21 särskildt
811 1411 120 27 lagförslag.

274 1469 55 20 Herr
351 1468 161 25 Ignatius:
535 1468 40 27 Jag
591 1468 37 21 ber
644 1470 31 19 att
691 1468 20 21 få
727 1468 137 27 understödja
879 1469 49 21 herr
943 1469 82 26 Nybom

206 1497 69 22 såvidt
297 1497 36 21 det
356 1497 65 27 gäller
443 1497 35 21 det
497 1503 75 15 senare
588 1496 140 28 alternativet,
745 1498 104 26 nämligen
865 1500 31 19 att
912 1497 114 28 uppskjuta

206 1526 125 27 afgörandet
347 1526 22 21 af
384 1527 11 26 $
413 1527 7 20 1
440 1526 31 21 till
488 1526 46 21 dess
550 1526 147 27 efterföljande
713 1527 123 26 paragrafer
852 1527 69 21 blifvit
936 1527 23 21 af
969 1527 56 21 stån-
