1139 1834
208 134 54 34 1020
432 142 177 22 Borgareständet
621 143 58 17 1882.
703 143 26 16 29
741 142 60 21 april.

276 212 64 21 Mom.
357 212 19 26 3,
392 211 105 22 äfvensom

276 269 24 28 88
316 270 70 20 5—10
402 269 64 21 Mom.
483 271 11 18 1
510 268 122 28 godkändes
649 270 50 19 utan
715 268 126 22 diskussion.

538 355 11 25 8
567 355 25 20 10
607 354 56 21 Mom
681 354 18 20 2.

277 412 56 21 Herr
355 412 127 21 Berner:
512 411 11 22 I
545 412 158 26 propositionen
726 412 85 25 stadgas
827 412 6 19 i
852 412 23 26 $$
892 412 11 21 7
920 411 38 22 och
975 412 20 25 9,
1009 411 24 22 af

209 441 71 22 hvilka
296 441 40 21 den
352 447 73 16 senare
441 443 119 19 motsvarar
576 441 137 21 förevarande
729 441 12 26 $
759 441 25 21 10
799 441 8 21 i
822 441 116 21 utskottets
957 441 73 21 betän-

208 470 76 26 kande,
300 476 80 15 samma
396 475 76 16 ansvar
486 469 32 22 för
533 470 7 21 i
556 470 61 21 dessa
632 469 123 26 paragrafer
771 470 126 21 omnämnda
913 469 118 26 förseelser,

209 499 105 27 nämligen
332 501 30 18 ett
378 505 76 14 ansvar
468 498 47 21 från
533 500 25 19 10
574 499 32 20 till
621 499 42 20 500
678 499 66 20 mark.
775 498 65 21 Detta
855 505 74 15 ansvar
945 498 38 21 har
998 500 33 19 ut-

209 527 81 22 skottet
305 527 33 28 pä,
355 527 69 22 såsom
440 527 42 26 mig
497 533 68 21 synes,
581 527 55 27 goda
651 526 47 22 skäl
714 527 84 21 nedsatt
817 527 7 20 i
841 528 11 20 7
867 527 12 28 $
895 527 32 21 till
943 533 26 15 en
984 527 47 21 lati-

209 556 37 21 tud
264 556 44 21 frän
327 557 26 20 10
368 556 32 21 till
416 556 42 21 200
473 556 66 23 mark,
556 562 46 15 men
618 556 6 20 i
640 555 138 22 förevarande
797 557 24 20 10
829 551 12 36 &
865 555 31 22 till
912 558 31 19 ett
954 555 77 28 belopp

209 585 47 20 från
273 585 38 21 och
328 585 46 20 med
393 585 24 20 10
433 584 32 21 till
480 585 39 20 och
535 584 47 21 med
598 584 42 21 300
662 585 65 20 mark.
758 584 33 21 Då
804 584 37 27 jag
856 585 46 20 icke
917 585 42 20 kan
974 584 57 21 finna

209 613 84 22 hvilken
310 613 63 21 orsak
389 613 98 26 betingar
502 613 68 21 denna
585 613 83 21 skilnad
683 613 7 21 i
706 619 77 15 ansvar
799 614 5 20 i
821 615 11 19 7
849 613 38 21 och
903 615 24 19 10
938 613 32 27 $$,
981 615 52 19 enär

207 643 43 26 jag,
267 643 89 20 oaktadt
371 644 119 24 noggrannt
505 642 155 26 begrundande,
676 642 46 21 icke
738 642 81 21 kunnat
834 642 63 25 finna,
908 644 32 19 att
950 642 26 21 de
989 642 43 21 för-

210 671 84 24 seelser,
317 671 72 20 hvilka
408 671 48 26 10
446 666 15 36 &
472 671 96 25 omtalar,
592 672 36 19 äro
652 670 23 21 af
696 672 68 25 någon
780 670 85 21 svårare
888 670 146 21 beskaffenhet

211 701 26 19 än
254 699 32 26 de,
302 699 72 21 hvilka
389 699 6 20 i
412 700 11 20 7
440 699 12 27 &
467 699 124 26 innehällas,
608 702 50 18 utan
677 700 42 25 mig
738 699 41 21 fast
802 699 65 21 hellre
884 705 61 21 synes
961 700 71 20 såsom

211 734 33 15 om
269 730 31 19 ett
322 728 113 25 skadande,
460 728 109 21 rubbande
584 728 52 21 eller
651 727 133 22 förstörande
800 728 19 21 af
835 728 41 21 fast
892 728 142 26 fornlemning

210 763 88 15 snarare
312 763 50 14 vore
378 763 25 14 en
420 757 129 25 graverande
565 756 106 25 förseelse,
687 758 26 19 än
730 757 25 20 de
771 757 118 24 förseelser,
906 757 71 20 hvilka
988 763 44 14 om-

210 785 55 21 talas
280 786 7 20 i
304 786 26 21 10
346 786 18 26 8,
381 785 67 21 skulle
461 785 37 27 jag
513 785 32 21 för
561 785 154 26 likformighets
738 785 55 21 skull
812 785 83 26 föreslå,
913 787 33 19 att
964 785 69 22 bötes-

211 817 98 18 ansvaret
324 813 60 22 äfven
400 814 7 20 i
424 814 68 21 denna
507 813 100 27 paragraf
620 816 89 19 utsättes
725 813 46 22 frän
787 813 39 22 och
843 814 46 21 med
906 814 27 20 10
949 813 32 22 till
993 814 39 21 och

211 843 47 21 med
275 843 41 20 200
332 843 66 20 mark.

280 900 56 21 Herr
358 899 149 22 Grönvik:
537 899 11 21 1
570 899 114 26 anledning
706 899 22 21 af
749 899 50 21 herr
821 899 90 22 Berners
933 899 99 27 yttrande

211 928 39 22 ber
262 928 36 27 jag
313 930 32 20 att
360 928 20 21 fä
398 928 88 26 päpeka,
507 928 99 21 hurusom
631 928 103 20 latituden
758 928 34 21 vid
816 928 36 21 det
867 934 82 20 ansvar,
965 934 44 15 som
1026 928 7 21 i

212 958 27 20 10
256 956 10 28 $
282 957 66 21 finnes
364 960 72 22 utsatt,
450 956 67 22 mäste
533 963 49 15 vara
598 958 75 24 större,
689 957 88 21 emedan
793 956 38 22 här
847 960 128 24 egennyttan
990 957 42 21 kan

211 985 74 22 utöfva
299 986 115 26 inflytande
429 986 28 26 pä
473 986 87 25 brottet,
576 986 26 20 dä
618 985 95 21 deremot
729 986 35 20 det
780 985 65 27 brott,
861 992 44 14 som
922 986 5 20 i
942 987 9 20 7
962 986 12 27 $
985 986 47 20 med

211 1014 63 22 straff
294 1014 104 27 belägges,
422 1014 46 21 icke
491 1020 65 20 gerna
576 1014 42 20 kan
637 1014 120 21 föranledas
772 1014 23 20 af
809 1014 136 27 egennyttiga
961 1015 72 20 motiv.

210 1043 42 27 Jag
267 1046 45 18 tror
327 1043 77 24 derför,
420 1045 32 19 att
468 1043 38 21 den
523 1043 191 26 omständigheten,
729 1045 32 19 att
772 1042 104 22 latituden
887 1043 7 21 i
906 1043 60 22 dessa
978 1043 57 21 bäda

211 1072 37 21 fall
264 1074 24 19 är
304 1072 62 26 olika,
382 1072 34 20 väl
432 1072 107 21 försvarar
554 1072 33 20 sin
603 1071 61 27 plats.

281 1130 55 20 Herr
360 1129 127 21 Berner:
519 1129 76 21 Dertill
617 1129 36 21 vill
674 1129 36 27 jag
733 1129 74 21 endast
830 1130 107 25 anmärka,
954 1131 32 19 att
1001 1130 32 20 ett

211 1158 181 27 undanrödjande,
408 1158 108 21 rubbande
534 1158 51 21 eller
600 1158 134 21 förstörande
749 1158 23 20 af
786 1158 42 21 fast
838 1158 141 26 fornlemning
989 1158 44 21 lika

212 1188 34 20 väl
270 1187 41 21 kan
335 1188 37 21 ske
394 1187 24 21 af
439 1188 135 27 egennyttiga
596 1187 73 26 motiv,
694 1193 45 15 som
763 1190 30 18 ett
818 1187 169 26 undandöljande
1012 1187 22 21 af

212 1216 105 27 fornfynd.

281 1273 57 21 Herr
360 1273 124 21 Heikel:
514 1273 42 27 Jag
577 1273 37 21 ber
637 1275 32 18 att
692 1273 21 20 fä
728 1273 135 26 understödja
879 1273 49 21 herr
943 1273 90 21 Berners

212 1302 79 26 förslag
314 1302 38 21 och
376 1302 41 21 kan
432 1302 46 21 icke
494 1302 112 26 godkänna
622 1301 35 21 det
673 1301 22 21 af
709 1301 48 22 herr
772 1301 95 22 Grönvik
885 1301 89 22 anförda
989 1307 44 15 mo-

212 1331 54 20 tivet
289 1330 33 21 för
344 1331 40 20 den
403 1331 65 25 högre
484 1330 114 22 latitudens
615 1330 148 21 bibehållande
779 1331 28 26 pä
822 1330 61 21 detta
897 1330 69 24 ställe,
982 1332 51 19 enär

213 1360 69 26 någon
305 1361 114 25 egennytta
440 1359 104 26 knappast
559 1359 41 21 kan
616 1359 85 21 komma
717 1359 6 20 i
739 1359 65 26 fråga,
820 1359 27 20 dä
861 1358 136 27 upphittaren
1012 1359 24 20 af

213 1390 31 18 ett
259 1388 75 20 sädant
349 1387 97 26 fornfynd
463 1387 37 20 har
516 1387 31 26 sig
562 1393 74 20 genom
654 1387 35 20 det
704 1387 127 26 föregäende
854 1389 115 18 momentet
991 1386 44 21 till-

213 1415 119 21 försäkradt
349 1414 52 22 fulla
416 1415 74 20 värdet
505 1415 39 21 och
560 1416 26 20 25
597 1415 27 26 %,
639 1415 120 20 derutöfver
774 1415 6 20 i
797 1415 123 26 ersättning.

282 1501 89 22 Ständet
386 1501 68 21 beslöt
470 1501 52 21 härä
537 1501 47 22 med
595 1501 152 27 öfvervägande
758 1501 111 28 pluralitet
879 1503 32 20 att
921 1501 113 28 godkänna

213 1533 116 19 momentet
345 1530 137 22 oförändradt
498 1530 65 27 enligt
577 1530 150 21 betänkandet.
