1120 1803
333 123 176 22 Borgareståndet
522 123 55 17 1882.
601 124 14 15 4
627 123 45 20 maj.
856 116 54 21 1089

159 193 45 22 Går
227 199 48 15 man
298 193 65 21 sedan
380 193 57 21 öfver
452 193 31 21 till
500 193 39 20 den
556 192 85 26 rörelse,
658 192 39 21 den
712 191 137 23 rentabilitet,
865 197 44 16 som

91 228 50 15 vore
164 224 32 19 att
219 221 95 27 päräkna
336 221 13 21 &
371 221 103 21 hvardera
489 221 75 26 banan,
581 221 65 21 måste
662 226 48 15 man
725 220 56 22 fästa
795 221 115 26 uppmärk-

90 251 84 20 samhet
188 251 36 20 vid
243 252 100 24 exporten
360 249 39 22 och
414 249 104 27 importen
533 251 13 20 &
562 250 25 20 de
603 252 63 21 orter,
684 249 61 21 dessa
761 249 66 20 banor
842 249 69 20 skulle

91 279 81 21 beröra.
204 278 144 21 Sammanslår
371 284 48 15 man
442 279 26 20 då
488 280 99 24 exporten
604 278 23 20 af
640 277 42 21 alla
698 277 71 21 städer
785 277 45 21 från
847 276 63 22 Uleå-

91 307 52 26 borg
159 307 55 20 ända
229 306 33 21 till
279 307 38 20 och
333 307 47 21 med
395 300 53 32 Åbo,
464 306 95 21 kommer
574 312 50 15 man
639 305 65 26 enligt
720 306 55 21 1878
792 306 34 21 års
841 305 67 22 tabel-

92 336 31 21 ler
139 334 30 22 till
186 342 25 14 en
227 341 82 16 summa
324 334 22 21 af
360 335 127 25 22,900,00)
503 334 65 26 mark,
577 335 67 20 under
659 333 37 22 det
711 333 87 28 Wiborg
806 334 70 21 allena
884 333 27 22 då

91 363 55 22 hade
168 369 26 16 en
218 366 75 24 export
316 363 22 21 af
359 364 125 24 22,785,000
507 363 66 26 mark,
589 363 82 21 säledes
686 368 22 16 se
724 363 26 24 vi,
768 365 40 26 att
820 362 92 27 Wiborgs

93 394 74 26 export
182 393 82 27 uppgår
279 393 33 21 till
327 398 81 16 samma
423 392 64 28 siffra,
502 399 44 15 som
561 391 49 22 hela
624 391 140 22 kustlandets.
794 391 66 22 Äfven
877 398 33 15 om

93 422 18 21 vi
128 422 100 21 betrakta
244 422 104 27 importen
364 421 56 21 finna
436 421 26 25 vi,
478 423 31 19 att
525 422 121 21 densamma
662 420 56 22 hvad
733 420 88 28 Wiborg
832 420 78 22 beträf-

92 451 32 21 far
146 450 99 28 utgjorde
264 452 26 20 29
306 450 102 27 miljoner,
426 450 26 22 dä
467 450 47 22 hela
529 450 40 22 den
585 450 158 26 sammanlagda
758 450 104 27 importen
878 450 34 21 för

93 480 41 21 alla
157 478 25 23 de
204 482 71 19 vestra
289 479 99 22 städerna
404 479 97 27 utgjorde
516 479 74 21 endast
605 480 25 20 31
648 478 97 27 miljoner
760 478 67 22 mark.
857 479 54 21 Dra-

93 515 36 20 ger
145 514 47 16 man
208 509 49 20 bort
272 508 94 22 härifrän
382 509 26 19 19
424 508 105 22 millioner
545 508 58 21 mark
619 508 33 21 för
666 502 46 26 Äbo
729 508 54 26 stad,
798 508 24 21 sä
834 508 78 21 under-

93 538 65 25 stiger
172 537 105 27 importen
293 536 32 22 till
340 536 42 22 alla
398 536 25 22 de
440 536 67 27 öfriga
522 536 99 22 städerna
636 537 47 20 med
692 542 24 15 en
726 536 95 27 betydlig
829 542 82 16 summa

92 565 98 27 Wiborgs
204 566 85 26 import.
319 565 50 21 Man
383 566 38 20 har
437 566 120 26 visserligen
573 565 87 27 pästätt,
676 567 32 19 att
723 565 98 27 Wiborgs
836 569 75 24 export

94 594 181 27 hufvudsakligast
286 595 71 20 består
368 594 21 21 af
399 594 82 21 bräder.
497 594 48 22 Men
556 594 62 21 äfven
629 595 187 26 trävaruexporten
826 593 6 22 i
840 593 71 22 Öster-

93 623 73 21 botten
177 625 24 19 är
211 623 102 27 ansenlig.
332 623 41 21 Det
384 625 24 19 är
418 622 53 22 dock
482 623 45 21 icke
538 624 74 20 staden
623 622 93 26 Wiborg,
727 628 46 16 som
784 623 128 26 importerar

93 653 62 20 dessa
169 658 87 15 enorma
271 652 138 26 gvantiteter;
425 651 26 22 de
466 652 27 26 gä
507 651 46 22 frän
568 651 87 26 Wiborg
670 650 31 21 till
718 650 35 23 det
768 651 45 21 inre
828 651 24 22 af
865 651 46 21 lan-

92 681 37 20 det
144 681 39 21 och
198 681 59 21 detta
272 681 83 21 komme
368 681 190 26 jernvägstrafiken
574 680 33 22 till
622 680 60 26 godo.
698 679 41 27 Jag
754 686 62 15 anser
830 680 82 22 säledes

93 710 61 20 dessa
176 709 71 21 siffror
264 709 45 21 tala
323 710 38 24 för,
377 712 31 18 att
424 709 36 21 det
476 709 99 26 ofantliga
590 709 57 21 bälte
662 709 6 20 i
685 709 35 21 det
736 709 45 21 inre
796 709 24 20 af
833 709 77 25 landet,

92 744 44 15 som
159 738 39 21 har
214 738 86 26 Wiborg
315 738 33 21 till
364 737 36 22 sitt
416 737 166 25 traikeentrum,
598 739 23 19 är
638 743 24 15 en
679 737 113 27 produktiv
810 737 101 25 landsort,

92 773 25 15 en
134 766 101 26 landsort,
251 772 44 16 som
313 766 83 28 mycket
410 767 33 21 väl
459 767 41 21 kan
516 766 72 22 ställas
604 767 6 20 i
625 766 100 21 afseende
741 766 12 22 &
769 766 53 22 bäde
838 770 74 23 export

92 795 39 21 och
146 796 78 26 import
240 795 5 21 i
259 795 125 27 jemnbredd
400 796 47 20 med
464 796 39 21 den
519 795 33 21 del
567 796 22 20 af
603 795 96 23 Finland,
716 801 45 15 som
777 796 95 20 sträcker
879 796 33 26 sig

93 824 88 21 emellan
198 824 64 21 Wasa
278 825 37 20 och
332 824 112 26 Uleäborg.

162 853 54 20 Herr
231 853 95 25 Ignatius
343 852 97 21 framhöl!
457 853 33 21 vid
505 852 154 26 granskningen
675 852 21 21 af
711 852 26 22 de
753 852 55 21 olika
816 852 96 26 artiklar,

93 887 44 15 som
160 885 123 23 exporteras
305 881 46 21 frän
375 881 90 21 Karelen
481 881 38 21 och
536 882 35 20 det
586 880 45 22 inre
646 880 24 21 af
682 880 79 26 landet,
777 882 32 20 att
824 880 26 22 de
865 880 47 22 icke

92 910 27 26 gä
143 910 41 21 alla
206 910 32 20 till
261 910 31 21 S:t
315 910 134 26 Petersburg,
468 912 50 19 utan
535 910 94 26 uppsöka
644 909 66 21 andra
726 909 186 27 afsättningsorter

93 939 40 21 och
148 941 32 19 att
196 939 35 21 det
247 938 60 22 äfven
323 945 49 15 vore
388 938 120 25 önskvärdt,
524 942 32 18 att
571 938 24 21 sä
609 938 68 21 skulle
693 938 5 20 i
714 940 57 19 ännu
786 938 65 27 högre
859 938 52 27 grad

93 967 42 21 ske.
166 967 65 22 Detta
256 968 34 20 vill
311 968 37 26 jag
366 968 51 20 visst
432 967 45 22 icke
493 968 99 20 bestrida.
624 967 41 28 Jag
680 968 24 20 är
719 966 129 28 fullkomligt
862 973 50 15 ense

93 996 79 25 derom,
188 1000 32 18 att
236 996 64 22 redan
317 1003 27 14 nu
360 1003 25 15 en
400 999 45 19 stor
460 996 33 22 del
509 996 21 21 af
545 998 84 25 smöret,
642 996 23 26 ja
681 1002 48 15 man
745 995 42 21 kan
802 998 51 25 säga
870 996 41 21 den

93 1027 67 19 större
176 1025 61 21 delen
254 1025 59 22 deraf
326 1025 62 22 söker
404 1031 25 15 en
446 1032 68 15 annan
530 1025 102 21 marknad
654 1026 26 20 än
698 1024 134 28 Petersburg.
863 1025 48 21 Men

92 1054 36 21 det
149 1054 63 22 säkra
227 1056 24 18 är
267 1054 60 24 dock,
343 1057 31 18 att
390 1054 37 21 allt
443 1055 58 21 detta
516 1056 62 21 smör,
593 1054 60 21 äfven
669 1054 36 21 det
720 1060 45 15 som
782 1054 86 21 afsättes
884 1054 27 26 pä

91 1089 70 14 annan
184 1086 34 18 ort
240 1084 27 20 än
290 1083 134 26 Petersburg,
446 1083 38 26 gär
498 1088 76 21 genom
589 1082 87 26 Wiborg
692 1082 39 21 och
747 1082 68 21 skulle
830 1082 82 22 säledes

92 1111 46 21 frän
162 1111 34 22 det
220 1111 44 22 inre
286 1112 22 21 af
322 1111 72 22 landet
409 1111 52 22 söka
476 1111 31 26 sig
523 1112 59 26 längs
596 1111 114 26 jernvägen
727 1117 37 14 ner
779 1111 30 20 till
827 1111 83 21 kusten.

93 1141 40 19 Det
157 1142 23 19 är
204 1140 83 21 säledes
309 1140 17 27 ej
343 1140 64 27 nägot
422 1140 46 21 skäl
483 1144 44 17 mot
543 1140 39 21 den
599 1140 44 20 inre
659 1139 125 22 stambanan
800 1142 32 19 att
847 1140 65 21 fram-

91 1169 58 20 hålla
172 1169 39 21 den
234 1171 59 19 stora
315 1168 141 27 afsättningen
472 1169 22 20 af
508 1171 56 18 smör
579 1169 27 26 pä
621 1168 107 27 Tyskland
744 1169 39 20 och
798 1169 66 20 andra
880 1175 32 15 or-

93 1200 37 18 ter.
160 1197 40 27 Jag
223 1197 36 22 vill
275 1197 118 25 framhälla,
409 1200 31 18 att
458 1197 40 21 den
514 1198 93 20 centrala
623 1197 68 20 banan
708 1196 86 22 förenar
809 1198 57 26 uppä
881 1199 31 19 ett

92 1226 43 21 lika
151 1226 69 21 direkt
236 1228 43 19 sätt
294 1225 42 22 alla
352 1227 24 20 de
392 1226 62 21 södra
470 1226 85 21 delarna
571 1225 22 22 af
607 1225 71 21 landet
694 1225 46 21 med
757 1226 36 20 det
803 1225 52 22 inre,
864 1232 45 15 som

93 1255 102 26 någonsin
223 1255 117 21 kustbanan
356 1255 48 20 med
420 1255 80 27 Hangö,
515 1255 39 21 den
570 1255 70 23 hamn,
656 1261 44 14 som
716 1254 67 21 under
798 1254 39 21 den
854 1255 58 26 läng-

92 1286 34 18 sta
151 1283 58 22 tiden
224 1283 115 22 förmedlar
354 1283 90 22 trafiken
461 1284 88 20 emellan
565 1283 96 21 utlandet
676 1282 39 22 och
731 1282 102 22 Finlands
849 1283 63 21 södra

93 1312 54 21 kust.
167 1324 23 3 —
207 1313 61 20 Hvad
285 1312 49 21 herr
349 1312 94 27 Ignatius
459 1312 86 21 anförde
561 1318 33 15 om
610 1311 85 22 renkött
711 1311 39 21 och
765 1311 40 21 fisk
814 1312 52 21 inser
878 1311 35 27 jag

92 1341 19 26 ej
127 1340 67 22 heller
209 1343 31 19 att
256 1341 67 21 skulle
339 1341 43 21 tala
397 1344 44 18 mot
457 1341 39 20 den
512 1341 93 21 centrala
616 1341 79 24 banan;
707 1339 60 22 äfven
777 1340 58 27 längs
844 1340 68 22 denna

93 1369 68 22 skulle
184 1370 62 21 dessa
261 1369 90 22 artiklar
365 1369 139 22 framkomma
518 1370 106 26 hastigare
639 1369 39 22 och
694 1369 47 21 med
757 1369 81 22 mindre
854 1370 58 20 kost-

93 1399 41 20 nad
157 1398 32 21 till
213 1398 215 23 bestämmelseorten,
452 1400 27 19 än
500 1399 27 26 pä
542 1399 39 20 den
597 1398 62 26 länga
675 1400 66 24 vägen
757 1398 72 21 utmed
845 1400 67 19 öster-

93 1427 108 20 bottniska
223 1428 128 19 kustlandet.
377 1439 26 3 —
420 1427 60 20 Hvad
496 1427 136 25 spannmälen
648 1427 137 23 vidkommer,
802 1426 109 21 framhölls

93 1454 41 20 den
155 1457 57 18 stora
233 1455 77 25 mängd
332 1455 64 22 deraf,
412 1460 45 15 som
472 1455 115 26 utskeppas
602 1454 46 21 frän
665 1455 46 20 värt
727 1454 55 20 land.
813 1455 40 24 Jag
869 1457 45 18 tror

94 1482 60 25 dock,
170 1485 32 18 att
215 1483 48 27 med
279 1482 224 27 spannmälsexporten
517 1483 35 20 det
568 1482 100 21 förhäller
684 1482 31 27 sig
731 1483 29 24 sä,
777 1484 31 19 att
824 1483 35 20 det
871 1489 42 15 me-

93 1515 34 17 sta
142 1511 47 22 frän
205 1507 136 26 Österbotten
358 1511 88 22 afsättes
462 1512 67 20 säsom
546 1511 73 21 utsäde
636 1511 30 20 till
676 1498 91 39 Sverige.
798 1510 10 22 I
816 1517 25 15 en
851 1511 63 22 fram-

824 1552 20 17 69
