1114 1809
240 135 40 21 796
459 139 177 21 Borgareståndet
649 140 57 16 1882.
731 140 24 16 14
767 138 58 22 april.

239 208 87 26 dragits,
341 208 149 26 kapitaliseras
513 208 39 21 och
567 208 78 21 inlösas
660 207 24 21 af
697 208 82 21 kronan
794 206 48 22 med
857 206 202 28 statsobligationer,

240 238 56 20 samt
310 238 33 20 att
358 236 117 22 rusthållen
491 236 92 21 derefter
597 236 69 21 skulle
681 236 61 21 träda
757 236 7 20 i
779 235 38 21 full
832 235 58 21 skatt
906 235 39 21 och
960 235 100 27 lägenhe-

240 267 60 19 terna
315 264 74 27 återgå
404 264 32 22 till
452 264 40 22 den
508 267 68 24 natur,
593 265 26 21 de
633 264 56 22 hade
704 264 34 22 vid
753 264 266 26 rustningsinstitutionens
1029 264 32 21 in-

238 294 94 22 förande.
362 293 129 27 Derigenom
514 293 68 23 skulle
603 294 62 26 ingen
686 293 63 27 utgift
764 293 126 27 tillskyndas
905 295 77 25 staten,
997 293 63 27 ingen

239 324 68 20 större
323 324 65 26 tunga
403 322 33 22 för
451 322 117 22 rusthållen
583 322 84 28 uppstå,
683 324 26 19 än
720 322 55 22 hvad
786 322 116 22 utskottets
912 322 80 27 förslag
1002 322 58 22 inne-

239 352 39 21 bär
292 352 56 21 samt
363 350 128 23 rusthållens
506 351 42 21 alla
563 353 72 20 räntor
651 351 72 21 kunna
737 357 52 16 vara
811 351 103 27 indragna
930 350 54 22 efter
999 357 26 15 en
1041 351 19 27 ej

239 381 23 21 så
277 380 94 28 aflägsen
386 380 101 27 tidrymd,
503 380 62 22 hvars
581 380 62 27 längd
659 380 93 22 berodde
768 380 65 28 deraf,
849 380 54 22 efter
918 380 85 21 hvilken
1011 386 48 22 pro-

240 411 48 20 cent
302 416 49 15 man
366 409 164 27 kapitaliserade
551 410 208 26 rustningsräntorna
775 409 40 21 och
830 409 48 22 med
899 408 85 22 hvilken
999 410 63 21 ränta

240 438 223 28 statsobligationerna
479 438 68 22 skulle
562 438 55 28 löpa.

308 467 43 21 För
374 467 43 21 min
440 467 34 21 del
497 467 37 21 ber
554 467 37 28 jag
609 467 90 21 sålunda
711 468 32 20 att
758 467 22 21 få
795 466 106 28 tillstyrka
913 468 32 20 att
961 466 99 28 borgare-

240 495 86 23 ståndet
344 495 66 28 jemte
432 496 153 27 godkännande
608 496 23 21 af
651 495 239 23 utskottsbetänkandet
906 496 6 20 i
928 494 63 28 öfrigt
1012 495 50 22 ville

240 524 157 22 återremittera
412 525 117 21 detsamma
545 524 32 22 till
591 524 106 22 utskottet
711 530 46 16 som
773 524 53 28 egde
841 524 107 22 inkomma
959 525 48 21 med
1018 525 44 21 för-

239 553 45 27 slag
300 553 34 21 till
349 553 81 21 inlösen
446 553 23 21 af
481 554 50 20 hela
547 553 34 21 det
596 554 77 26 belopp
689 553 117 27 rustnings-
821 552 39 22 och
877 555 185 25 augmentsräntor

239 582 101 22 hvarmed
356 582 108 22 desamma
487 582 129 27 öfverskjuta
631 582 36 21 det
683 582 22 21 af
719 582 106 22 utskottet
843 582 33 21 till
890 582 126 27 indragning
1031 582 30 21 fö-

241 610 96 28 reslagna
352 611 100 27 beloppet
467 611 23 21 af
504 612 25 20 76
546 611 137 21 skatterubel.

309 668 56 22 Herr
380 668 131 22 Castrén
527 668 69 22 afstod
612 668 46 22 från
675 668 66 22 ordet.

309 726 56 21 Herr
387 726 146 22 Neovius:
556 726 40 26 Jag
617 726 91 27 begärde
724 726 60 22 ordet
800 726 33 22 för
848 728 31 20 att
894 726 86 23 bemöta
995 727 68 27 några

241 755 165 27 anmärkningar
428 756 45 20 mot
495 755 48 21 mitt
563 755 126 27 föregående
705 755 142 27 andragande,
863 755 75 28 gjorda
954 756 21 21 af
989 755 74 22 herrar

241 784 124 20 Liukkonen
388 783 38 21 och
449 784 88 27 Nysten.
567 784 85 21 Främst
667 783 32 22 får
711 785 36 25 jag
763 784 73 21 dervid
851 784 102 22 anmärka
969 785 47 21 med
1032 784 30 22 af-

241 812 76 22 seende
333 813 13 21 å
360 812 51 22 herr
432 812 137 22 Liukkonens
591 812 133 26 bemötande,
740 815 32 19 att
794 813 27 21 då
841 813 37 27 jag
892 813 122 26 framhållit,
1031 815 32 20 att

241 840 193 27 indelningsverket
449 841 68 21 skulle
532 841 7 21 i
555 841 106 22 orubbadt
675 841 60 21 skick
750 841 53 21 böra
817 841 120 22 bibehållas
952 842 27 26 på
994 842 68 26 grund

241 869 22 21 af
277 870 11 27 8
304 871 11 19 2
332 870 7 20 i
355 869 197 27 värnepligtslagen,
566 870 36 27 jag
617 870 88 21 härmed
720 870 114 26 ingalunda
852 871 57 21 stödt
924 871 43 26 mig
976 871 28 26 pä
1015 872 47 20 vär-

241 898 208 28 nepligtsutskottets
473 898 154 26 betänkanden,
651 899 92 21 hvarken
766 899 40 21 N:o
831 899 18 26 1,
868 899 13 21 2
905 898 51 22 eller
976 899 20 26 3,
1010 901 52 19 utan

241 927 57 27 uppå
313 926 129 23 Ständernas
458 927 34 21 vid
508 930 82 19 senaste
609 927 101 27 landtdag
725 934 49 14 svar
789 928 39 21 och
845 928 39 20 den
900 928 126 26 motivering
1042 928 23 21 af

241 956 11 27 $
268 957 20 25 2,
304 962 46 15 som
365 956 7 20 i
388 956 58 21 detta
461 962 49 15 svar
525 956 121 22 återfinnes.
675 956 42 21 Det
733 956 67 21 måste
816 956 34 22 väl
864 956 83 22 således
962 957 57 27 gälla
1029 958 33 20 så-

241 991 44 15 som
309 991 25 15 en
356 984 82 27 verklig
460 984 72 27 slutlig
548 985 110 27 belysning
672 984 24 22 af
709 985 116 22 innehållet
840 986 46 21 utaf
900 986 12 26 $
928 987 19 19 2.
978 987 10 19 I
1003 986 60 22 detta

242 1013 129 22 Ständernas
386 1019 48 16 svar
449 1014 27 26 på
492 1013 40 21 den
545 1014 77 28 nådiga
637 1014 159 26 propositionen
812 1014 115 22 återfinnes
940 1014 45 28 just
1000 1015 26 21 de
1041 1014 24 22 af

241 1042 42 26 mig
298 1042 89 22 anförda
408 1043 122 27 yttranden,
545 1043 105 27 nämligen
671 1045 32 19 att
718 1042 120 22 Ständerna
853 1050 50 15 anse
920 1044 26 21 de
961 1044 7 20 i
980 1044 82 26 föregå-

241 1071 53 22 ende
316 1077 64 15 mom.
402 1070 89 22 anförda
514 1071 73 22 skälen
609 1088 8 8 ,
623 1074 76 25 utgöra
719 1072 73 27 giltiga
815 1072 65 22 motiv
901 1072 33 22 för
950 1072 35 22 det
1000 1073 7 21 i
1022 1074 12 24 $
1049 1074 13 20 2

242 1100 102 27 stadgade
359 1099 160 22 bibehållandet
533 1100 23 21 af
568 1101 194 27 indelningsverket
777 1101 7 20 i
800 1100 105 22 orubbadt
920 1101 80 21 skick".
1022 1101 41 27 Jag

241 1131 52 23 tror,
310 1131 32 19 att
358 1129 60 21 dessa
430 1128 39 22 ord
484 1129 46 21 icke
546 1129 71 21 kunna
632 1130 27 26 på
674 1130 65 25 något
753 1132 65 19 annat
834 1132 43 19 sätt
892 1130 84 24 förstås,
988 1132 26 19 än
1030 1132 32 19 att

242 1157 130 22 Ständernas
395 1157 84 27 mening
494 1158 6 20 i
515 1157 74 26 sjelfva
604 1158 73 21 verket
693 1158 33 21 vid
741 1159 130 26 antagandet
887 1158 22 22 af
923 1159 139 27 värnepligts-

241 1186 61 26 lagen
318 1192 38 15 var
371 1188 32 19 att
419 1186 107 21 bibehålla
541 1186 194 27 indelningsverket
750 1187 8 21 i
774 1187 106 21 orubbadt
900 1187 65 26 skick,
980 1188 39 20 och
1035 1187 28 21 då

241 1214 39 22 här
301 1214 47 22 icke
369 1216 87 20 nämnes
478 1221 35 15 om
528 1214 68 27 någon
612 1215 85 27 speciell
714 1215 32 21 del
759 1215 25 21 af
798 1215 198 27 indelningsverket,
1011 1218 51 20 utan

240 1242 195 28 indelningsverket
450 1243 6 21 i
473 1243 121 27 allmänhet,
609 1244 67 22 måste
699 1244 34 21 väl
753 1244 88 22 härmed
856 1245 77 21 förstås
948 1244 58 23 såväl
1022 1245 40 21 den

241 1272 80 21 indelta
342 1272 253 27 infanteriinstitutionen,
619 1278 45 16 som
686 1272 62 22 äfven
772 1273 214 22 rusthållsinstitutet.
1022 1274 40 26 Jag

241 1300 88 22 anförde
352 1301 122 27 visserligen
497 1301 62 21 äfven
581 1302 152 26 motiveringen
749 1302 6 20 i
771 1302 11 27 $
798 1302 19 24 5,
833 1308 47 16 men
902 1303 75 21 endast
992 1302 70 22 såsom

240 1331 116 25 yttermera
378 1329 115 27 belysande
516 1330 41 22 den
579 1330 70 25 saken,
665 1332 32 20 att
716 1330 119 22 Ständerna
850 1330 34 22 vid
900 1331 126 21 affattandet
1042 1331 21 21 af

241 1358 37 20 sitt
292 1363 49 15 svar
363 1358 116 26 ingalunda
497 1364 50 15 voro
564 1358 100 21 betänkta
680 1359 27 25 på
722 1364 26 15 en
764 1359 90 25 ändring
869 1359 22 21 af
905 1360 75 20 endast
994 1359 67 21 infan-

241 1386 69 25 teriet,
324 1388 51 18 utan
398 1387 32 19 att
452 1385 63 22 äfven
537 1385 55 21 hvad
608 1386 39 22 den
666 1386 154 28 värnepligtiga
836 1387 71 21 armén
923 1387 138 27 vidkommer,

241 1413 119 22 Ständerna
383 1414 84 27 ansågo,
484 1416 33 19 att
539 1414 35 20 det
597 1414 48 26 mål,
661 1414 85 22 hvartill
762 1415 100 21 Finlands
877 1415 186 29 krigsförfattning

240 1442 40 22 bör
302 1442 85 26 sträfva,
404 1444 23 19 är
443 1444 31 20 ett
492 1442 136 27 härväsende,
643 1448 45 17 som
703 1444 8 21 i
726 1443 114 22 framtiden
854 1444 85 22 komme
954 1446 33 20 att
1002 1447 60 24 utgö-

241 1477 35 15 ras
291 1471 23 22 af
327 1472 58 21 såväl
400 1471 77 22 fotfolk
499 1478 46 15 som
561 1472 96 26 artilleri,
673 1472 80 22 hvilket
768 1474 24 20 är
808 1472 35 23 det
858 1473 69 22 förras
947 1473 114 23 nödvändi-

240 1502 60 25 gaste
316 1500 149 28 komplement,
482 1500 108 22 äfvensom
606 1501 23 21 af
642 1502 82 27 rytteri,
735 1501 204 29 ingenieurtrupper,
949 1504 62 23 samt,
1027 1509 34 15 om

240 1528 162 23 förhållandena
418 1529 35 22 det
468 1529 117 27 medgåfve,
601 1530 62 22 äfven
678 1530 23 22 af
715 1532 31 20 ett
761 1530 69 28 billigt
851 1531 139 23 kustförevar.
1020 1532 42 22 Vill
