1123 1825
323 134 179 22 Borgareståndet
512 135 59 17 1882.
594 135 27 17 23
633 139 64 13 mars.
883 129 40 21 675

105 204 59 22 tiden
181 204 33 22 till
230 207 32 18 tre
278 204 101 22 mänader
394 206 23 20 är
432 204 6 21 i
453 204 51 21 flere
519 204 113 22 afseenden
648 204 80 27 vädligt
743 203 54 22 bäde
812 203 32 22 för
858 205 66 20 stom-

105 233 188 27 lägenhetsegaren
317 234 40 20 och
379 232 162 28 parcellegaren.
558 246 26 2 —
600 234 41 25 Jag
661 233 36 21 vill
715 232 99 28 slutligen
830 232 95 27 tillägga,

104 264 32 19 att
149 262 37 26 jag
207 267 68 20 anser,
292 264 31 18 att
339 268 33 14 om
389 262 59 20 detta
469 261 116 27 stadgande
607 261 62 27 utgår
689 260 44 22 från
749 262 37 20 vär
801 261 122 21 nuvarande

105 290 132 26 lagstiftning
260 290 63 21 hafva
338 290 21 21 vi
373 290 54 27 tagit
451 289 47 22 bort
520 290 48 21 med
591 296 39 15 ena
653 290 88 25 handen,
757 290 54 20 hvad
828 290 19 20 vi
862 289 62 27 gifvit

104 319 47 21 med
168 319 40 20 den
225 318 66 22 andra
307 319 38 21 och
364 318 89 22 sålunda
468 319 128 26 väsentligen
614 318 104 21 försvårat
727 314 198 36 jordparcellering.

173 376 56 21 Herr
244 375 123 22 Heikel:
391 375 39 22 Till
445 376 48 21 stöd
510 376 32 21 för
558 376 35 21 det
608 375 79 27 förslag
699 375 36 27 jag
751 378 36 24 tog
803 376 42 26 mig
859 375 64 21 frihe-

104 406 35 20 ten
155 404 119 22 framställa
289 404 34 21 för
338 405 35 21 det
389 404 104 27 vällofliga
509 404 84 22 ständet
608 404 38 21 ber
658 404 37 26 jag
709 404 123 27 ytterligare
848 404 21 21 fä
884 404 39 26 pä-

104 433 54 27 peka
174 435 39 23 att,
229 433 65 27 enligt
315 433 54 21 hvad
391 433 104 21 utskottet
510 433 6 21 i
531 433 108 26 ingressen
662 432 32 22 till
713 433 58 21 detta
787 432 135 22 betänkande

104 462 105 26 upplyser,
218 462 96 26 samtlige
330 461 110 21 Hofrätter
455 461 62 22 hafva
536 462 67 20 blifvit
618 461 67 21 hörda
708 461 90 21 rörande
817 461 106 22 komitöns

104 490 7 21 i
127 491 69 20 denna
215 490 59 26 fråga
289 490 79 26 afgifna
389 490 85 27 förslag.
504 490 72 22 Skulle
599 490 135 21 Hofrätterne
757 490 63 21 hafva
836 490 47 26 hyst
899 490 24 21 så

104 520 59 20 stora
178 519 170 26 betänkligheter
369 519 90 21 rörande
477 519 107 26 förslaget,
600 520 69 20 såsom
685 519 21 21 af
719 518 50 22 herr
784 518 93 22 Grönvik
894 525 28 15 nu

104 547 121 26 framstälts,
241 547 68 21 skulle
325 547 25 22 de
365 549 51 19 utan
438 547 72 22 tvifvel
533 548 61 21 hafva
614 547 73 22 länkat
710 548 134 26 regeringens
870 553 53 21 upp-

104 576 144 22 märksamhet
264 576 70 27 derpå,
349 576 39 22 och
404 577 123 26 regeringen
542 576 55 22 hade
612 576 45 22 icke
673 576 80 21 kunnat
769 576 111 22 underlåta
891 579 34 18 att

105 605 72 22 dervid
193 606 56 21 fästa
263 605 98 27 behörigt
376 605 104 22 afseende.
511 605 117 27 Kejserliga
648 605 157 28 propositionen
821 606 23 20 är
859 606 65 21 emel-

106 634 65 22 lertid
186 635 5 21 i
208 635 69 21 denna
292 634 33 21 del
341 634 48 21 fullt
404 634 228 22 öfverensstämmande
656 635 47 20 med
719 635 104 20 komiténs
838 633 87 28 förslag.

105 663 41 22 Det
162 664 54 21 enda
238 663 80 28 tillägg,
334 669 46 16 som
398 663 68 22 blifvit
489 663 69 27 gjordt
580 663 32 21 för
635 666 33 19 att
687 664 41 20 öka
743 663 132 26 säkerheten,
894 665 32 24 är,

107 693 69 21 såsom
190 693 37 26 jag
241 693 65 20 redan
322 692 89 26 tidigare
426 692 121 24 framhållit,
564 694 31 19 att
610 699 26 14 en
647 692 150 27 planteckning
807 691 54 22 skall
872 699 54 20 upp-

105 723 62 25 göras
184 721 57 21 öfver
257 721 39 21 den
312 720 101 22 utbrutna
429 720 124 27 lägenheten
570 721 39 21 och
625 727 25 15 en
667 721 126 25 anteckning
806 721 72 22 derom
888 721 37 21 ske

104 751 12 20 å
132 749 243 22 landtmäterikontoret.
406 749 32 22 Då
460 750 23 21 så
504 749 101 22 förhåller
627 749 32 27 sig
675 749 34 21 må
725 755 47 15 man
788 749 77 22 förlåta
880 749 45 27 mig

104 785 34 14 om
152 779 36 26 jag
203 779 70 20 såsom
296 778 47 21 icke
363 778 62 27 jurist
440 778 7 21 i
463 784 25 15 en
502 778 90 27 juridisk
614 778 61 26 fråga
698 778 65 21 hellre
783 778 82 21 förlitar
881 779 44 26 mig

105 809 27 26 på
147 807 96 27 samtlige
258 807 120 22 Hofrätters
394 807 115 25 utlåtande,
525 809 26 19 än
566 807 28 27 på
608 813 26 15 en
653 807 195 22 hofrättsledamots
861 807 63 26 åsigt.

174 865 55 22 Herr
251 865 173 22 Fabritius:
449 865 40 26 Jag
512 865 37 21 har
573 865 74 26 begärt
671 865 60 21 ordet
754 865 75 22 endast
847 865 32 21 för
895 866 31 19 att

106 896 77 19 nämna
198 895 45 20 mot
258 893 49 22 herr
323 893 107 29 Federley,
445 895 32 19 att
493 900 47 15 man
556 895 54 20 dock
633 893 46 22 icke
696 893 59 22 alltid
771 894 46 21 från
834 894 92 26 länesty-

105 924 81 21 relsens
202 923 60 21 akter
277 922 33 22 får
325 923 50 21 reda
391 924 26 26 på
433 923 40 21 den
489 922 65 22 förste
570 929 76 21 egaren
663 923 22 21 af
700 929 25 15 en
740 923 86 26 parcell,
837 922 88 22 emedan

104 952 140 28 parcellering
259 953 65 25 enligt
339 952 94 21 ståndets
450 951 133 22 härförinnan
599 952 81 20 fattade
694 952 68 21 beslut
777 952 40 21 kan
835 952 91 21 ansökas

105 981 23 21 af
139 981 128 27 jordegaren
282 982 45 20 före
342 981 64 27 köpet
422 980 38 22 och
477 980 129 27 följaktligen
622 980 63 27 ingen
709 980 194 22 öfverlätelseskrift
919 981 7 20 i

106 1010 131 21 sistnämnda
252 1010 36 21 fall
305 1010 142 20 förekommer
457 1009 6 20 i
473 1010 220 26 guvernörsembetets
716 1010 65 20 akter.
797 1022 27 2 —
843 1009 83 21 Beträf-

106 1039 62 21 fande
184 1038 146 27 skyldigheten
353 1040 32 19 att
401 1038 84 21 anmäla
503 1039 63 25 köpet
582 1038 38 21 hos
636 1038 161 25 Häradsrätten,
813 1044 62 15 anser
888 1038 38 26 jag

106 1074 24 14 en
147 1068 66 20 sådan
229 1067 120 28 skyldighet
364 1073 50 15 vara
430 1067 98 27 betingad
551 1067 60 21 äfven
628 1066 65 26 deraf,
709 1070 32 18 att
757 1074 76 20 egaren
849 1073 76 20 genom

106 1099 31 19 att
152 1096 116 21 försumma
283 1102 25 15 en
325 1096 57 26 dylik
398 1095 95 22 anmälan
509 1096 71 20 kunde
595 1096 34 20 för
641 1096 46 21 sina
705 1096 169 27 fordringsegare
890 1102 36 14 un-

106 1125 99 21 danhälla
221 1131 24 15 en
262 1125 79 26 ganska
364 1124 94 27 betydlig
476 1124 93 27 tillgång.
599 1124 33 21 Då
648 1124 41 21 han
705 1124 46 22 icke
767 1125 80 21 anmält
861 1124 66 27 köpet

107 1153 39 22 hos
169 1154 154 21 Häradsrätten
346 1153 42 21 kan
410 1152 183 28 fordringsegaren
608 1152 47 22 icke
670 1154 6 20 i
692 1153 106 27 parcellen
814 1153 111 21 bekomma

106 1184 69 26 någon
192 1182 130 27 inteckning;
338 1182 67 22 likaså
420 1182 47 21 litet
483 1182 49 21 eller
548 1182 129 21 åtminstone
693 1182 46 21 med
755 1184 78 19 största
844 1182 81 27 svårig-

106 1211 36 22 het
157 1212 42 20 kan
214 1211 41 21 han
272 1211 21 22 få
309 1212 40 21 den
365 1211 107 21 exekutivt
487 1211 79 22 försåld
581 1211 32 21 för
628 1211 33 21 sin
677 1211 90 21 fordran.
799 1211 86 22 Således
901 1213 25 19 är

107 1241 59 21 detta
188 1241 118 26 stadgande
328 1239 74 27 nödigt
424 1240 33 21 för
479 1243 32 18 att
534 1240 76 21 bevara
634 1239 53 22 både
702 1240 167 26 parcellegarens
885 1240 40 21 och

106 1269 53 21 hans
174 1269 130 21 kreditorers
319 1271 48 19 rätt.
384 1280 27 3 —
426 1268 167 22 Vidkommande
616 1268 46 22 åter
677 1269 58 21 tiden
751 1268 32 21 för
798 1269 126 21 återlösnin-

107 1304 39 20 gen
162 1300 44 18 tror
220 1298 42 26 jag,
279 1300 32 18 att
333 1297 68 20 denna
423 1297 129 26 återlösning
572 1296 67 21 skulle
655 1297 64 20 blifva
734 1297 129 26 fullkomligt
879 1298 47 20 illu-

108 1326 68 21 sorisk
192 1326 38 21 och
246 1325 120 22 ändamålet
382 1325 85 22 dermed
483 1325 46 21 icke
544 1326 80 25 vinnas,
641 1331 34 15 om
691 1325 56 21 tiden
764 1325 118 22 bestämdes
895 1326 32 21 till

108 1360 25 15 en
150 1355 76 20 månad
242 1355 6 20 i
264 1355 71 20 stället
351 1353 32 22 för
398 1357 40 18 tre.

176 1411 57 22 Herr
257 1407 30 25 Öh
295 1417 72 16 man:
390 1411 59 22 Inom
465 1413 151 19 sammansatta
631 1411 44 27 lag-
691 1411 39 21 och
746 1411 182 22 ekonomiutskot-

108 1442 31 19 tet
155 1440 168 20 underkastades
345 1439 36 22 det
396 1440 23 21 af
433 1440 48 20 herr
504 1439 75 21 Heikel
595 1440 5 20 i
617 1440 41 26 dag
682 1439 124 21 framstälda
826 1441 102 25 förslaget

109 1474 25 15 en
150 1467 45 21 vidt
210 1467 130 22 omfattande
363 1467 38 22 och
423 1473 108 20 noggrann
547 1467 137 26 granskning.
714 1468 37 20 Ett
767 1468 110 20 enahanda
893 1474 35 21 yr-

108 1497 69 20 kande
193 1495 54 22 hade
263 1496 104 26 nämligen
383 1496 57 21 inom
455 1495 104 21 utskottet
575 1496 31 20 sin
617 1496 108 21 målsman.
757 1496 58 21 Dock
827 1496 102 21 förenade

108 1526 32 26 sig
155 1525 105 22 utskottet
281 1526 52 20 nära
355 1531 41 21 nog
418 1523 102 28 enhälligt
543 1531 33 14 om
597 1526 32 19 att
645 1524 71 27 intaga
732 1531 24 14 en
773 1525 156 27 bestämning
918 1519 14 37 i
