1117 1823
309 134 176 21 Borgareständet
498 135 56 18 1882.
579 136 23 17 21
615 136 59 21 april.
853 131 39 21 911

72 201 67 27 jemte
154 201 56 22 kaffe
226 202 39 21 och
282 203 35 20 the
332 205 55 19 samt
410 203 82 22 diverse
514 204 147 27 läskedrycker
676 205 62 21 äfven
754 205 20 21 öl
790 205 39 22 och
844 211 52 21 por-

74 233 34 18 ter
122 231 34 20 mä
171 231 123 21 utskänkas.
324 231 80 22 Sädant
426 234 24 19 är
473 233 55 20 ändä
550 233 106 21 sannolikt
674 234 84 26 mycket
774 234 70 21 bättre
866 235 28 20 än

74 258 36 50 a
125 254 31 58 att
172 259 79 22 inrätta
266 259 96 28 formliga
378 260 102 22 värdshus
503 261 37 21 der
562 261 112 22 allehauda
694 262 116 26 spritvaror
826 261 70 22 hållas

73 287 15 21 till
120 293 53 16 salu.

142 315 40 27 Jag
197 316 68 21 skulle
280 316 72 21 derför
367 317 82 25 föreslå,
466 319 31 20 att
512 317 127 28 paragrafen
652 319 193 21 återremitterades
861 319 32 20 till

73 344 105 21 utskottet
201 345 33 21 för
256 347 32 19 att
311 345 142 27 omredigeras
468 347 6 20 i
490 346 36 21 det
541 346 60 27 syfte,
618 349 31 18 att
664 347 36 21 det
716 347 128 21 åtminstone
859 347 38 21 må

73 379 52 15 vara
140 373 79 22 tillåtet
234 374 48 21 med
298 374 224 22 kommunalstämmas
542 375 125 28 begifvande
683 378 32 18 att
730 376 27 26 på
773 375 72 22 landet
860 376 33 21 in-

74 403 58 20 rätta
147 402 71 27 dylika
233 403 237 27 utskänkningsställen.

142 459 55 21 Herr
212 459 170 28 Lindberg:
414 460 73 21 Såsom
504 461 21 21 af
539 461 49 21 mitt
603 461 114 21 anförande
733 462 27 26 på
775 461 117 22 förmidda-

72 494 38 20 gen
127 488 98 26 framgår,
241 489 68 20 skulle
322 489 36 26 jag
374 489 72 21 förena
462 489 41 26 mig
518 496 34 15 om
568 489 42 26 det,
621 495 45 16 som
682 489 49 22 herr
746 490 106 21 Snellman
864 496 31 15 nu

72 517 76 23 anfört,
165 523 47 14 men
229 517 35 20 det
280 517 60 21 torde
356 523 50 16 vara
422 518 6 20 i
444 518 55 21 strid
514 519 47 20 med
576 518 96 21 ståndets
687 518 58 21 förut
760 518 81 21 fattade
857 519 35 20 be-

72 545 43 21 slut
130 545 7 21 i
153 551 25 15 en
194 545 126 27 föregående
336 545 106 28 paragraf.

141 602 56 21 Herr
212 603 174 22 Lindholm:
416 603 84 27 Frågan
523 610 33 15 om
579 603 120 22 inrättande
714 603 22 22 af
751 603 102 22 värdshus
868 606 28 19 är

70 631 24 27 ju
110 631 64 27 enligt
189 632 37 21 vår
242 631 131 28 lagstiftning
388 632 99 25 temligen
503 632 65 21 oklar.
590 632 41 21 Det
647 633 62 20 beror
724 633 26 26 på
766 635 124 24 guvernörs-

73 659 110 22 embetena
198 673 27 3 —
241 661 26 26 på
284 661 84 21 hvilken
390 661 68 26 grund
473 661 41 20 kan
528 661 36 26 jag
584 661 33 21 för
632 661 91 21 tillfället
739 661 46 21 icke
801 661 93 21 bestämt

73 688 70 21 erinra
159 690 47 26 mig.
238 689 48 21 Men
309 689 80 21 faktum
413 691 24 19 är
460 689 123 26 emellertid,
598 691 32 19 att
646 689 34 21 det
696 689 66 22 finnes
778 690 26 26 på
820 690 72 21 landet

72 717 108 22 inrättade
196 718 108 23 värdshus,
320 719 127 26 exempelvis
470 719 26 26 på
518 718 208 27 jernvägsstationer,
744 719 32 20 vid
792 719 99 26 ångbåts-

72 745 92 28 bryggor
172 747 39 21 och
221 747 70 26 dylika
306 747 86 26 platser,
408 747 39 21 och
463 747 26 20 då
505 753 47 15 man
570 753 25 14 en
611 747 55 27 gång
680 747 70 21 stiftar
766 754 24 14 en
807 747 35 27 lag
856 753 35 15 om

72 775 143 27 utskänkning
231 775 22 21 af
267 776 20 21 öl
303 775 38 22 och
358 778 78 25 porter,
452 775 39 22 hör
506 776 36 21 det
557 775 32 22 väl
606 775 31 22 till
653 776 64 21 saken
734 778 30 19 att
781 776 109 28 uttryckli-

71 810 40 20 gen
128 806 56 26 säga,
200 807 33 19 att
248 805 142 26 utskänkning
406 804 23 22 af
444 805 19 21 öl
480 804 38 22 och
541 808 71 24 porter
627 805 27 27 på
677 804 71 28 dylika
767 805 74 21 ställen
858 805 36 21 får

72 839 39 20 ega
125 840 53 14 rum.
208 834 111 21 Utskottet
334 834 38 20 har
389 834 71 21 derför
483 834 53 26 tagit
558 834 30 26 sig
612 834 90 20 fribeten
724 836 33 19 att
772 834 120 25 hemställa,

73 862 35 21 det
125 862 117 22 Ständerna
258 863 68 21 skulle
341 862 49 27 ingå
405 862 32 22 till
453 864 122 25 regeringen
591 863 45 21 med
654 869 25 14 en
695 863 98 21 anhållan
810 869 32 15 om
859 865 32 19 att

72 890 20 22 få
108 890 32 22 till
156 893 62 20 nästa
234 891 147 22 Ständermöte
392 893 31 20 ett
433 891 115 28 lagförslag
558 892 30 27 sig
600 891 102 27 förelagdt
717 891 91 22 rörande
819 891 71 22 värds-

71 919 40 22 hus
126 920 128 21 inrättande.
284 921 74 21 Såsom
381 920 179 27 Borgareståndet
584 921 39 20 har
648 921 31 25 sig
695 921 85 24 bekant,
796 920 94 21 innehöll

73 949 39 20 den
128 949 148 27 ursprungliga
291 949 158 27 propositionen
466 951 30 19 ett
512 949 115 28 lagförslag
642 949 89 21 rörande
748 949 144 26 utskänkning

72 977 22 22 af
108 977 26 26 öl,
150 981 72 24 porter
237 978 39 21 och
292 979 66 20 andra
370 978 56 27 jästa
442 978 90 27 drycker
550 980 56 19 samt
622 980 30 19 ett
668 981 64 18 annat
748 979 90 20 rörande
853 977 37 22 vil-

72 1007 65 20 koren
154 1007 32 21 för
201 1007 131 27 försäljning,
348 1007 31 21 till
395 1007 102 26 förtäring
512 1008 28 25 på
554 1007 77 25 stället,
646 1007 22 20 af
682 1007 40 24 vin,
739 1007 60 26 kaffe,
816 1007 74 21 choco-

71 1035 35 22 lad
121 1035 39 22 och
176 1035 72 28 dylikt.
278 1035 112 22 Utskottet
412 1036 49 21 fann
486 1036 35 20 det
544 1035 53 22 dock
620 1037 53 20 mest
688 1036 107 26 praktiskt
810 1038 32 19 att
857 1038 36 18 ut-

72 1066 94 19 mönstra
182 1065 38 20 allt
235 1067 57 18 utom
309 1065 42 26 det,
367 1071 45 15 som
428 1065 100 21 särskildt
544 1067 35 18 rör
595 1065 175 26 maltdryckerna.
785 1077 27 3 —
828 1064 61 21 Hvad

71 1093 131 21 vidkommer
217 1093 111 27 yrkandet,
344 1096 32 18 att
392 1093 19 21 öl
427 1093 39 21 och
482 1096 72 23 porter
578 1093 66 21 borde
660 1093 21 21 få
696 1093 116 22 utskänkas
827 1093 64 21 äfven

71 1123 27 26 på
114 1123 76 24 landet,
208 1123 60 20 torde
284 1122 35 21 det
334 1129 51 14 vara
407 1122 96 27 omöjligt
523 1124 31 19 att
570 1121 79 22 föreslå
664 1122 64 27 något
744 1122 72 27 dylikt.
848 1122 41 21 Det

72 1151 64 24 skrik,
153 1157 44 14 som
214 1151 38 20 har
268 1151 73 21 väckts
364 1153 42 19 mot
432 1151 175 27 maltdryckerna,
623 1151 39 20 har
677 1151 65 20 redan
758 1150 134 21 framkallats

72 1179 24 21 af
110 1180 176 27 utminuteringen
309 1179 27 28 på
359 1179 77 22 landet.
467 1179 52 22 Dess
535 1181 59 19 värre
617 1179 67 22 skulle
701 1180 35 20 det
756 1179 135 26 naturligtvis

73 1208 69 26 blifva,
154 1215 32 14 om
198 1209 142 26 utskänkning
355 1208 85 21 tillätes.
470 1209 101 20 Deremot
586 1210 24 19 är
625 1208 35 21 det
673 1208 23 27 ju
712 1210 32 19 att
759 1211 83 23 antaga,
858 1209 31 20 att

72 1237 38 21 der
125 1237 118 26 ordentliga
258 1237 103 21 värdshus
376 1237 96 24 inrättas,
486 1244 46 13 man
548 1237 42 20 kan
602 1243 50 14 vara
667 1237 63 21 säker
745 1237 27 26 på
787 1239 32 18 att
832 1243 58 14 mera

72 1266 90 26 ordning
177 1265 39 22 och
232 1266 81 21 mindre
328 1266 106 21 missbruk
450 1266 53 21 skall
519 1266 58 20 råda.
842 1267 4 2 N

140 1323 56 21 Herr
211 1322 179 22 Rönnbäck:
420 1323 40 26 Jag
476 1324 23 19 är
521 1329 49 14 ense
594 1322 46 21 med
663 1322 49 21 herr
727 1322 107 21 Snellman
850 1321 40 22 och

72 1351 48 22 ville
136 1352 76 21 endast
228 1351 84 24 föreslä,
328 1354 32 19 att
383 1351 32 21 till
438 1352 64 20 slutet
524 1351 22 20 af
566 1350 125 28 paragrafen
708 1351 67 20 skulle
791 1351 101 26 tilläggas

72 1396 8 9 »
86 1380 108 26 Föröfrigt
204 1386 50 15 vare
269 1379 142 26 utskänkning
425 1380 23 20 af
462 1380 19 20 öl
498 1380 50 21 eller
559 1382 71 24 porter
645 1379 27 26 pä
687 1379 71 22 landet
773 1379 46 21 icke
834 1379 56 21 tillä-

72 1411 41 23 ten,
128 1409 72 21 såvida
216 1409 46 20 icke
277 1408 223 27 kommunalstyrelsen
517 1409 67 20 dertill
602 1407 100 22 bifaller".
723 1408 44 26 Mig
782 1407 109 22 förefaller

72 1438 36 20 det
123 1437 69 21 såsom
210 1443 33 14 om
266 1438 36 20 det
324 1437 98 26 anspråk,
438 1443 44 14 som
506 1437 45 20 från
575 1437 213 20 landskommunerna
810 1437 79 24 väckts,

68 1466 46 26 just
128 1465 40 21 har
182 1465 66 26 syftat
270 1465 72 26 derpå,
358 1467 32 18 att
410 1465 151 20 kommunerna
584 1465 67 20 skulle
668 1469 37 19 ega
721 1464 169 21 beslutanderätt

72 1494 6 20 i
95 1493 68 21 denna
178 1493 67 26 fråga,
262 1494 38 20 och
316 1494 27 20 då
359 1492 34 21 må
416 1493 32 20 väl
471 1493 152 20 kommunerna
639 1493 70 20 kunna
725 1492 81 21 erhålla
821 1493 69 20 denna

72 1524 48 20 rätt.
150 1521 40 27 Jag
206 1522 80 27 hoppas
302 1521 111 27 nämligen,
425 1523 31 19 att
472 1521 68 21 denna
557 1522 33 26 lag
606 1521 94 21 kommer
711 1523 31 19 att
753 1520 54 22 lefva
817 1521 74 26 längre
