<?xml version="1.0" encoding="UTF-8"?>
<alto xmlns="http://www.loc.gov/standards/alto/ns-v3#" xmlns:xlink="http://www.w3.org/1999/xlink" xmlns:xsi="http://www.w3.org/2001/XMLSchema-instance" xsi:schemaLocation="http://www.loc.gov/standards/alto/ns-v3# http://www.loc.gov/alto/v3/alto-3-0.xsd">
	<Description>
		<MeasurementUnit>pixel</MeasurementUnit>
		<sourceImageInformation>
			<fileName>/tmp/tess_0pt516eq_input.PNG</fileName>
		</sourceImageInformation>
		<OCRProcessing ID="OCR_0">
			<ocrProcessingStep>
				<processingSoftware>
					<softwareName>tesseract 5.3.4</softwareName>
				</processingSoftware>
			</ocrProcessingStep>
		</OCRProcessing>
	</Description>
	<Layout>
		<Page WIDTH="1111" HEIGHT="1789" PHYSICAL_IMG_NR="0" ID="page_0">
			<PrintSpace HPOS="0" VPOS="0" WIDTH="1111" HEIGHT="1789">
				<ComposedBlock ID="cblock_0" HPOS="190" VPOS="114" WIDTH="593" HEIGHT="26">
					<TextBlock ID="block_0" HPOS="190" VPOS="114" WIDTH="593" HEIGHT="26">
						<TextLine ID="line_0" HPOS="190" VPOS="114" WIDTH="593" HEIGHT="26">
							<String ID="string_0" HPOS="190" VPOS="114" WIDTH="42" HEIGHT="21" WC="0.96" CONTENT="808"/><SP WIDTH="186" VPOS="114" HPOS="232"/>
							<String ID="string_1" HPOS="418" VPOS="118" WIDTH="177" HEIGHT="22" WC="0.89" CONTENT="Borgareståndet"/><SP WIDTH="12" VPOS="118" HPOS="595"/>
							<String ID="string_2" HPOS="607" VPOS="119" WIDTH="57" HEIGHT="17" WC="0.96" CONTENT="1882."/><SP WIDTH="24" VPOS="119" HPOS="664"/>
							<String ID="string_3" HPOS="688" VPOS="119" WIDTH="24" HEIGHT="17" WC="0.96" CONTENT="14"/><SP WIDTH="12" VPOS="119" HPOS="712"/>
							<String ID="string_4" HPOS="724" VPOS="118" WIDTH="59" HEIGHT="22" WC="0.86" CONTENT="april."/>
						</TextLine>
					</TextBlock>
				</ComposedBlock>
				<GraphicalElement ID="cblock_1" HPOS="190" VPOS="145" WIDTH="800" HEIGHT="9"></GraphicalElement >
				<ComposedBlock ID="cblock_2" HPOS="190" VPOS="187" WIDTH="826" HEIGHT="1061">
					<TextBlock ID="block_1" HPOS="190" VPOS="187" WIDTH="824" HEIGHT="544">
						<TextLine ID="line_1" HPOS="190" VPOS="187" WIDTH="818" HEIGHT="28">
							<String ID="string_5" HPOS="190" VPOS="187" WIDTH="130" HEIGHT="22" WC="0.91" CONTENT="rusthållens"/><SP WIDTH="15" VPOS="187" HPOS="320"/>
							<String ID="string_6" HPOS="335" VPOS="187" WIDTH="63" HEIGHT="22" WC="0.96" CONTENT="värde"/><SP WIDTH="16" VPOS="187" HPOS="398"/>
							<String ID="string_7" HPOS="414" VPOS="187" WIDTH="39" HEIGHT="21" WC="0.96" CONTENT="och"/><SP WIDTH="15" VPOS="187" HPOS="453"/>
							<String ID="string_8" HPOS="468" VPOS="187" WIDTH="82" HEIGHT="22" WC="0.96" CONTENT="således"/><SP WIDTH="15" VPOS="187" HPOS="550"/>
							<String ID="string_9" HPOS="565" VPOS="189" WIDTH="31" HEIGHT="20" WC="0.96" CONTENT="ett"/><SP WIDTH="16" VPOS="189" HPOS="596"/>
							<String ID="string_10" HPOS="612" VPOS="187" WIDTH="84" HEIGHT="28" WC="0.96" CONTENT="intrång"/><SP WIDTH="15" VPOS="187" HPOS="696"/>
							<String ID="string_11" HPOS="711" VPOS="188" WIDTH="6" HEIGHT="20" WC="0.96" CONTENT="i"/><SP WIDTH="17" VPOS="188" HPOS="717"/>
							<String ID="string_12" HPOS="734" VPOS="188" WIDTH="60" HEIGHT="21" WC="0.93" CONTENT="deras"/><SP WIDTH="11" VPOS="188" HPOS="794"/>
							<String ID="string_13" HPOS="805" VPOS="193" WIDTH="72" HEIGHT="21" WC="0.92" CONTENT="egares"/><SP WIDTH="12" VPOS="193" HPOS="877"/>
							<String ID="string_14" HPOS="889" VPOS="187" WIDTH="119" HEIGHT="28" WC="0.90" CONTENT="förmögen-"/>
						</TextLine>
						<TextLine ID="line_2" HPOS="190" VPOS="215" WIDTH="819" HEIGHT="22">
							<String ID="string_15" HPOS="190" VPOS="215" WIDTH="201" HEIGHT="22" WC="0.92" CONTENT="hetsförhållanden."/><SP WIDTH="32" VPOS="215" HPOS="391"/>
							<String ID="string_16" HPOS="423" VPOS="216" WIDTH="32" HEIGHT="21" WC="0.95" CONTENT="Då"/><SP WIDTH="15" VPOS="216" HPOS="455"/>
							<String ID="string_17" HPOS="470" VPOS="222" WIDTH="49" HEIGHT="15" WC="0.95" CONTENT="man"/><SP WIDTH="16" VPOS="222" HPOS="519"/>
							<String ID="string_18" HPOS="535" VPOS="217" WIDTH="75" HEIGHT="20" WC="0.96" CONTENT="citerar"/><SP WIDTH="12" VPOS="217" HPOS="610"/>
							<String ID="string_19" HPOS="622" VPOS="218" WIDTH="84" HEIGHT="19" WC="0.93" CONTENT="senaste"/><SP WIDTH="16" VPOS="218" HPOS="706"/>
							<String ID="string_20" HPOS="722" VPOS="215" WIDTH="101" HEIGHT="22" WC="0.92" CONTENT="Ständers"/><SP WIDTH="15" VPOS="215" HPOS="823"/>
							<String ID="string_21" HPOS="838" VPOS="215" WIDTH="69" HEIGHT="22" WC="0.96" CONTENT="beslut"/><SP WIDTH="15" VPOS="215" HPOS="907"/>
							<String ID="string_22" HPOS="922" VPOS="216" WIDTH="87" HEIGHT="21" WC="0.96" CONTENT="såsom"/><SP WIDTH="-16" VPOS="216" HPOS="1009"/>
							<String ID="string_23" HPOS="993" VPOS="211" WIDTH="19" HEIGHT="37" WC="0.96" CONTENT="i"/>
						</TextLine>
						<TextLine ID="line_3" HPOS="190" VPOS="244" WIDTH="820" HEIGHT="27">
							<String ID="string_24" HPOS="190" VPOS="245" WIDTH="42" HEIGHT="21" WC="0.95" CONTENT="viss"/><SP WIDTH="22" VPOS="245" HPOS="232"/>
							<String ID="string_25" HPOS="254" VPOS="245" WIDTH="47" HEIGHT="21" WC="0.96" CONTENT="mån"/><SP WIDTH="25" VPOS="245" HPOS="301"/>
							<String ID="string_26" HPOS="326" VPOS="244" WIDTH="103" HEIGHT="22" WC="0.95" CONTENT="bindande"/><SP WIDTH="24" VPOS="244" HPOS="429"/>
							<String ID="string_27" HPOS="453" VPOS="244" WIDTH="32" HEIGHT="21" WC="0.96" CONTENT="för"/><SP WIDTH="22" VPOS="244" HPOS="485"/>
							<String ID="string_28" HPOS="507" VPOS="245" WIDTH="51" HEIGHT="20" WC="0.93" CONTENT="våra"/><SP WIDTH="18" VPOS="245" HPOS="558"/>
							<String ID="string_29" HPOS="576" VPOS="244" WIDTH="141" HEIGHT="27" WC="0.92" CONTENT="tillgöranden"/><SP WIDTH="16" VPOS="244" HPOS="717"/>
							<String ID="string_30" HPOS="733" VPOS="245" WIDTH="6" HEIGHT="20" WC="0.96" CONTENT="i"/><SP WIDTH="16" VPOS="245" HPOS="739"/>
							<String ID="string_31" HPOS="755" VPOS="245" WIDTH="68" HEIGHT="21" WC="0.96" CONTENT="denna"/><SP WIDTH="16" VPOS="245" HPOS="823"/>
							<String ID="string_32" HPOS="839" VPOS="244" WIDTH="67" HEIGHT="27" WC="0.96" CONTENT="fråga,"/><SP WIDTH="16" VPOS="244" HPOS="906"/>
							<String ID="string_33" HPOS="922" VPOS="244" WIDTH="39" HEIGHT="21" WC="0.96" CONTENT="har"/><SP WIDTH="12" VPOS="244" HPOS="961"/>
							<String ID="string_34" HPOS="973" VPOS="245" WIDTH="37" HEIGHT="26" WC="0.95" CONTENT="jag"/>
						</TextLine>
						<TextLine ID="line_4" HPOS="192" VPOS="273" WIDTH="818" HEIGHT="28">
							<String ID="string_35" HPOS="192" VPOS="273" WIDTH="55" HEIGHT="22" WC="0.96" CONTENT="velat"/><SP WIDTH="15" VPOS="273" HPOS="247"/>
							<String ID="string_36" HPOS="262" VPOS="274" WIDTH="70" HEIGHT="21" WC="0.96" CONTENT="erinra"/><SP WIDTH="16" VPOS="274" HPOS="332"/>
							<String ID="string_37" HPOS="348" VPOS="273" WIDTH="79" HEIGHT="21" WC="0.96" CONTENT="härom."/><SP WIDTH="30" VPOS="273" HPOS="427"/>
							<String ID="string_38" HPOS="457" VPOS="273" WIDTH="43" HEIGHT="22" WC="0.95" CONTENT="För"/><SP WIDTH="14" VPOS="273" HPOS="500"/>
							<String ID="string_39" HPOS="514" VPOS="273" WIDTH="44" HEIGHT="22" WC="0.95" CONTENT="min"/><SP WIDTH="16" VPOS="273" HPOS="558"/>
							<String ID="string_40" HPOS="574" VPOS="273" WIDTH="33" HEIGHT="22" WC="0.94" CONTENT="del"/><SP WIDTH="17" VPOS="273" HPOS="607"/>
							<String ID="string_41" HPOS="624" VPOS="273" WIDTH="36" HEIGHT="22" WC="0.96" CONTENT="vill"/><SP WIDTH="14" VPOS="273" HPOS="660"/>
							<String ID="string_42" HPOS="674" VPOS="273" WIDTH="36" HEIGHT="28" WC="0.96" CONTENT="jag"/><SP WIDTH="15" VPOS="273" HPOS="710"/>
							<String ID="string_43" HPOS="725" VPOS="273" WIDTH="106" HEIGHT="22" WC="0.96" CONTENT="bestämdt"/><SP WIDTH="19" VPOS="273" HPOS="831"/>
							<String ID="string_44" HPOS="850" VPOS="275" WIDTH="103" HEIGHT="20" WC="0.96" CONTENT="motsätta"/><SP WIDTH="14" VPOS="275" HPOS="953"/>
							<String ID="string_45" HPOS="967" VPOS="273" WIDTH="43" HEIGHT="27" WC="0.96" CONTENT="mig"/>
						</TextLine>
						<TextLine ID="line_5" HPOS="191" VPOS="301" WIDTH="819" HEIGHT="28">
							<String ID="string_46" HPOS="191" VPOS="309" WIDTH="25" HEIGHT="15" WC="0.96" CONTENT="en"/><SP WIDTH="18" VPOS="309" HPOS="216"/>
							<String ID="string_47" HPOS="234" VPOS="302" WIDTH="81" HEIGHT="27" WC="0.96" CONTENT="åtgärd,"/><SP WIDTH="16" VPOS="302" HPOS="315"/>
							<String ID="string_48" HPOS="331" VPOS="308" WIDTH="44" HEIGHT="16" WC="0.96" CONTENT="som"/><SP WIDTH="16" VPOS="308" HPOS="375"/>
							<String ID="string_49" HPOS="391" VPOS="301" WIDTH="60" HEIGHT="22" WC="0.96" CONTENT="leder"/><SP WIDTH="14" VPOS="301" HPOS="451"/>
							<String ID="string_50" HPOS="465" VPOS="301" WIDTH="32" HEIGHT="22" WC="0.96" CONTENT="till"/><SP WIDTH="16" VPOS="301" HPOS="497"/>
							<String ID="string_51" HPOS="513" VPOS="302" WIDTH="85" HEIGHT="27" WC="0.96" CONTENT="intrång"/><SP WIDTH="14" VPOS="302" HPOS="598"/>
							<String ID="string_52" HPOS="612" VPOS="302" WIDTH="7" HEIGHT="21" WC="0.96" CONTENT="i"/><SP WIDTH="16" VPOS="302" HPOS="619"/>
							<String ID="string_53" HPOS="635" VPOS="302" WIDTH="26" HEIGHT="22" WC="0.96" CONTENT="de"/><SP WIDTH="15" VPOS="302" HPOS="661"/>
							<String ID="string_54" HPOS="676" VPOS="309" WIDTH="28" HEIGHT="14" WC="0.96" CONTENT="nu"/><SP WIDTH="16" VPOS="309" HPOS="704"/>
							<String ID="string_55" HPOS="720" VPOS="302" WIDTH="114" HEIGHT="21" WC="0.92" CONTENT="bestående"/><SP WIDTH="20" VPOS="302" HPOS="834"/>
							<String ID="string_56" HPOS="854" VPOS="301" WIDTH="156" HEIGHT="28" WC="0.92" CONTENT="egendomsför-"/>
						</TextLine>
						<TextLine ID="line_6" HPOS="190" VPOS="330" WIDTH="821" HEIGHT="28">
							<String ID="string_57" HPOS="190" VPOS="330" WIDTH="134" HEIGHT="23" WC="0.91" CONTENT="hållandena."/><SP WIDTH="30" VPOS="330" HPOS="324"/>
							<String ID="string_58" HPOS="354" VPOS="330" WIDTH="41" HEIGHT="27" WC="0.96" CONTENT="Jag"/><SP WIDTH="21" VPOS="330" HPOS="395"/>
							<String ID="string_59" HPOS="416" VPOS="331" WIDTH="68" HEIGHT="21" WC="0.95" CONTENT="skulle"/><SP WIDTH="22" VPOS="331" HPOS="484"/>
							<String ID="string_60" HPOS="506" VPOS="331" WIDTH="71" HEIGHT="21" WC="0.96" CONTENT="derför"/><SP WIDTH="14" VPOS="331" HPOS="577"/>
							<String ID="string_61" HPOS="591" VPOS="331" WIDTH="55" HEIGHT="21" WC="0.96" CONTENT="helst"/><SP WIDTH="15" VPOS="331" HPOS="646"/>
							<String ID="string_62" HPOS="661" VPOS="331" WIDTH="88" HEIGHT="21" WC="0.95" CONTENT="anslutit"/><SP WIDTH="15" VPOS="331" HPOS="749"/>
							<String ID="string_63" HPOS="764" VPOS="331" WIDTH="42" HEIGHT="27" WC="0.96" CONTENT="mig"/><SP WIDTH="15" VPOS="331" HPOS="806"/>
							<String ID="string_64" HPOS="821" VPOS="330" WIDTH="32" HEIGHT="22" WC="0.96" CONTENT="till"/><SP WIDTH="16" VPOS="330" HPOS="853"/>
							<String ID="string_65" HPOS="869" VPOS="331" WIDTH="25" HEIGHT="21" WC="0.96" CONTENT="de"/><SP WIDTH="16" VPOS="331" HPOS="894"/>
							<String ID="string_66" HPOS="910" VPOS="330" WIDTH="21" HEIGHT="22" WC="0.96" CONTENT="af"/><SP WIDTH="14" VPOS="330" HPOS="931"/>
							<String ID="string_67" HPOS="945" VPOS="331" WIDTH="66" HEIGHT="26" WC="0.96" CONTENT="några"/>
						</TextLine>
						<TextLine ID="line_7" HPOS="190" VPOS="359" WIDTH="821" HEIGHT="28">
							<String ID="string_68" HPOS="190" VPOS="359" WIDTH="74" HEIGHT="28" WC="0.96" CONTENT="talare,"/><SP WIDTH="25" VPOS="359" HPOS="264"/>
							<String ID="string_69" HPOS="289" VPOS="359" WIDTH="75" HEIGHT="22" WC="0.96" CONTENT="främst"/><SP WIDTH="21" VPOS="359" HPOS="364"/>
							<String ID="string_70" HPOS="385" VPOS="359" WIDTH="49" HEIGHT="22" WC="0.95" CONTENT="herr"/><SP WIDTH="22" VPOS="359" HPOS="434"/>
							<String ID="string_71" HPOS="456" VPOS="359" WIDTH="124" HEIGHT="28" WC="0.95" CONTENT="Malmgren,"/><SP WIDTH="17" VPOS="359" HPOS="580"/>
							<String ID="string_72" HPOS="597" VPOS="359" WIDTH="76" HEIGHT="27" WC="0.96" CONTENT="gjorda"/><SP WIDTH="19" VPOS="359" HPOS="673"/>
							<String ID="string_73" HPOS="692" VPOS="359" WIDTH="79" HEIGHT="27" WC="0.96" CONTENT="förslag"/><SP WIDTH="15" VPOS="359" HPOS="771"/>
							<String ID="string_74" HPOS="786" VPOS="365" WIDTH="34" HEIGHT="16" WC="0.96" CONTENT="om"/><SP WIDTH="16" VPOS="365" HPOS="820"/>
							<String ID="string_75" HPOS="836" VPOS="361" WIDTH="32" HEIGHT="20" WC="0.96" CONTENT="att"/><SP WIDTH="15" VPOS="361" HPOS="868"/>
							<String ID="string_76" HPOS="883" VPOS="359" WIDTH="128" HEIGHT="22" WC="0.95" CONTENT="åtminstone"/>
						</TextLine>
						<TextLine ID="line_8" HPOS="191" VPOS="387" WIDTH="819" HEIGHT="28">
							<String ID="string_77" HPOS="191" VPOS="389" WIDTH="118" HEIGHT="21" WC="0.96" CONTENT="tillsvidare"/><SP WIDTH="15" VPOS="389" HPOS="309"/>
							<String ID="string_78" HPOS="324" VPOS="388" WIDTH="39" HEIGHT="21" WC="0.95" CONTENT="och"/><SP WIDTH="16" VPOS="388" HPOS="363"/>
							<String ID="string_79" HPOS="379" VPOS="387" WIDTH="31" HEIGHT="22" WC="0.95" CONTENT="till"/><SP WIDTH="16" VPOS="387" HPOS="410"/>
							<String ID="string_80" HPOS="426" VPOS="388" WIDTH="49" HEIGHT="21" WC="0.95" CONTENT="dess"/><SP WIDTH="16" VPOS="388" HPOS="475"/>
							<String ID="string_81" HPOS="491" VPOS="394" WIDTH="25" HEIGHT="15" WC="0.96" CONTENT="en"/><SP WIDTH="16" VPOS="394" HPOS="516"/>
							<String ID="string_82" HPOS="532" VPOS="394" WIDTH="107" HEIGHT="21" WC="0.96" CONTENT="noggrann"/><SP WIDTH="17" VPOS="394" HPOS="639"/>
							<String ID="string_83" HPOS="656" VPOS="388" WIDTH="113" HEIGHT="27" WC="0.96" CONTENT="utredning"/><SP WIDTH="15" VPOS="388" HPOS="769"/>
							<String ID="string_84" HPOS="784" VPOS="387" WIDTH="22" HEIGHT="23" WC="0.96" CONTENT="af"/><SP WIDTH="13" VPOS="387" HPOS="806"/>
							<String ID="string_85" HPOS="819" VPOS="388" WIDTH="88" HEIGHT="22" WC="0.96" CONTENT="ärendet"/><SP WIDTH="13" VPOS="388" HPOS="907"/>
							<String ID="string_86" HPOS="920" VPOS="388" WIDTH="90" HEIGHT="25" WC="0.96" CONTENT="vunnits,"/>
						</TextLine>
						<TextLine ID="line_9" HPOS="191" VPOS="417" WIDTH="820" HEIGHT="27">
							<String ID="string_87" HPOS="191" VPOS="417" WIDTH="39" HEIGHT="22" WC="0.94" CONTENT="allt"/><SP WIDTH="21" VPOS="417" HPOS="230"/>
							<String ID="string_88" HPOS="251" VPOS="417" WIDTH="74" HEIGHT="22" WC="0.94" CONTENT="förblir"/><SP WIDTH="22" VPOS="417" HPOS="325"/>
							<String ID="string_89" HPOS="347" VPOS="417" WIDTH="34" HEIGHT="21" WC="0.96" CONTENT="vid"/><SP WIDTH="22" VPOS="417" HPOS="381"/>
							<String ID="string_90" HPOS="403" VPOS="417" WIDTH="36" HEIGHT="22" WC="0.96" CONTENT="det"/><SP WIDTH="22" VPOS="417" HPOS="439"/>
							<String ID="string_91" HPOS="461" VPOS="417" WIDTH="76" HEIGHT="26" WC="0.95" CONTENT="gamla."/><SP WIDTH="31" VPOS="417" HPOS="537"/>
							<String ID="string_92" HPOS="568" VPOS="417" WIDTH="49" HEIGHT="22" WC="0.96" CONTENT="Men"/><SP WIDTH="15" VPOS="417" HPOS="617"/>
							<String ID="string_93" HPOS="632" VPOS="417" WIDTH="36" HEIGHT="21" WC="0.97" CONTENT="två"/><SP WIDTH="14" VPOS="417" HPOS="668"/>
							<String ID="string_94" HPOS="682" VPOS="417" WIDTH="110" HEIGHT="27" WC="0.96" CONTENT="praktiska"/><SP WIDTH="12" VPOS="417" HPOS="792"/>
							<String ID="string_95" HPOS="804" VPOS="417" WIDTH="130" HEIGHT="27" WC="0.96" CONTENT="synpunkter"/><SP WIDTH="15" VPOS="417" HPOS="934"/>
							<String ID="string_96" HPOS="949" VPOS="423" WIDTH="62" HEIGHT="20" WC="0.95" CONTENT="synas"/>
						</TextLine>
						<TextLine ID="line_10" HPOS="192" VPOS="445" WIDTH="820" HEIGHT="28">
							<String ID="string_97" HPOS="192" VPOS="446" WIDTH="43" HEIGHT="26" WC="0.96" CONTENT="mig"/><SP WIDTH="15" VPOS="446" HPOS="235"/>
							<String ID="string_98" HPOS="250" VPOS="446" WIDTH="44" HEIGHT="21" WC="0.93" CONTENT="tala"/><SP WIDTH="16" VPOS="446" HPOS="294"/>
							<String ID="string_99" HPOS="310" VPOS="446" WIDTH="100" HEIGHT="20" WC="0.91" CONTENT="deremot."/><SP WIDTH="31" VPOS="446" HPOS="410"/>
							<String ID="string_100" HPOS="441" VPOS="445" WIDTH="46" HEIGHT="21" WC="0.96" CONTENT="Den"/><SP WIDTH="15" VPOS="445" HPOS="487"/>
							<String ID="string_101" HPOS="502" VPOS="445" WIDTH="66" HEIGHT="22" WC="0.96" CONTENT="första"/><SP WIDTH="14" VPOS="445" HPOS="568"/>
							<String ID="string_102" HPOS="582" VPOS="447" WIDTH="30" HEIGHT="26" WC="0.96" CONTENT="är,"/><SP WIDTH="16" VPOS="447" HPOS="612"/>
							<String ID="string_103" HPOS="628" VPOS="447" WIDTH="31" HEIGHT="20" WC="0.96" CONTENT="att"/><SP WIDTH="15" VPOS="447" HPOS="659"/>
							<String ID="string_104" HPOS="674" VPOS="445" WIDTH="7" HEIGHT="21" WC="0.96" CONTENT="i"/><SP WIDTH="15" VPOS="445" HPOS="681"/>
							<String ID="string_105" HPOS="696" VPOS="446" WIDTH="65" HEIGHT="20" WC="0.96" CONTENT="sådan"/><SP WIDTH="23" VPOS="446" HPOS="761"/>
							<String ID="string_106" HPOS="784" VPOS="445" WIDTH="100" HEIGHT="22" WC="0.96" CONTENT="händelse"/><SP WIDTH="20" VPOS="445" HPOS="884"/>
							<String ID="string_107" HPOS="904" VPOS="445" WIDTH="108" HEIGHT="21" WC="0.90" CONTENT="sannolikt"/>
						</TextLine>
						<TextLine ID="line_11" HPOS="193" VPOS="474" WIDTH="818" HEIGHT="27">
							<String ID="string_108" HPOS="193" VPOS="474" WIDTH="62" HEIGHT="22" WC="0.93" CONTENT="äfven"/><SP WIDTH="15" VPOS="474" HPOS="255"/>
							<String ID="string_109" HPOS="270" VPOS="474" WIDTH="180" HEIGHT="22" WC="0.91" CONTENT="rotevakanserna"/><SP WIDTH="15" VPOS="474" HPOS="450"/>
							<String ID="string_110" HPOS="465" VPOS="474" WIDTH="68" HEIGHT="21" WC="0.96" CONTENT="skulle"/><SP WIDTH="15" VPOS="474" HPOS="533"/>
							<String ID="string_111" HPOS="548" VPOS="474" WIDTH="84" HEIGHT="21" WC="0.96" CONTENT="komma"/><SP WIDTH="16" VPOS="474" HPOS="632"/>
							<String ID="string_112" HPOS="648" VPOS="476" WIDTH="32" HEIGHT="19" WC="0.93" CONTENT="att"/><SP WIDTH="20" VPOS="476" HPOS="680"/>
							<String ID="string_113" HPOS="700" VPOS="475" WIDTH="90" HEIGHT="26" WC="0.92" CONTENT="gvarstä."/><SP WIDTH="29" VPOS="475" HPOS="790"/>
							<String ID="string_114" HPOS="819" VPOS="474" WIDTH="40" HEIGHT="27" WC="0.96" CONTENT="Jag"/><SP WIDTH="15" VPOS="474" HPOS="859"/>
							<String ID="string_115" HPOS="874" VPOS="475" WIDTH="24" HEIGHT="20" WC="0.93" CONTENT="är"/><SP WIDTH="16" VPOS="475" HPOS="898"/>
							<String ID="string_116" HPOS="914" VPOS="474" WIDTH="97" HEIGHT="21" WC="0.92" CONTENT="fullkom-"/>
						</TextLine>
						<TextLine ID="line_12" HPOS="192" VPOS="502" WIDTH="820" HEIGHT="28">
							<String ID="string_117" HPOS="192" VPOS="503" WIDTH="40" HEIGHT="27" WC="0.96" CONTENT="ligt"/><SP WIDTH="23" VPOS="503" HPOS="232"/>
							<String ID="string_118" HPOS="255" VPOS="509" WIDTH="49" HEIGHT="16" WC="0.96" CONTENT="ense"/><SP WIDTH="22" VPOS="509" HPOS="304"/>
							<String ID="string_119" HPOS="326" VPOS="502" WIDTH="48" HEIGHT="22" WC="0.96" CONTENT="med"/><SP WIDTH="19" VPOS="502" HPOS="374"/>
							<String ID="string_120" HPOS="393" VPOS="502" WIDTH="54" HEIGHT="26" WC="0.96" CONTENT="dem,"/><SP WIDTH="16" VPOS="502" HPOS="447"/>
							<String ID="string_121" HPOS="463" VPOS="502" WIDTH="71" HEIGHT="22" WC="0.96" CONTENT="hvilka"/><SP WIDTH="15" VPOS="502" HPOS="534"/>
							<String ID="string_122" HPOS="549" VPOS="502" WIDTH="37" HEIGHT="22" WC="0.96" CONTENT="här"/><SP WIDTH="15" VPOS="502" HPOS="586"/>
							<String ID="string_123" HPOS="601" VPOS="502" WIDTH="57" HEIGHT="27" WC="0.96" CONTENT="gjort"/><SP WIDTH="14" VPOS="502" HPOS="658"/>
							<String ID="string_124" HPOS="672" VPOS="503" WIDTH="105" HEIGHT="26" WC="0.96" CONTENT="gällande,"/><SP WIDTH="16" VPOS="503" HPOS="777"/>
							<String ID="string_125" HPOS="793" VPOS="504" WIDTH="31" HEIGHT="20" WC="0.96" CONTENT="att"/><SP WIDTH="15" VPOS="504" HPOS="824"/>
							<String ID="string_126" HPOS="839" VPOS="503" WIDTH="69" HEIGHT="21" WC="0.93" CONTENT="denna"/><SP WIDTH="14" VPOS="503" HPOS="908"/>
							<String ID="string_127" HPOS="922" VPOS="502" WIDTH="90" HEIGHT="22" WC="0.90" CONTENT="vakans-"/>
						</TextLine>
						<TextLine ID="line_13" HPOS="192" VPOS="530" WIDTH="819" HEIGHT="29">
							<String ID="string_128" HPOS="192" VPOS="532" WIDTH="60" HEIGHT="27" WC="0.91" CONTENT="afgift"/><SP WIDTH="16" VPOS="532" HPOS="252"/>
							<String ID="string_129" HPOS="268" VPOS="532" WIDTH="112" HEIGHT="26" WC="0.96" CONTENT="rätteligen"/><SP WIDTH="15" VPOS="532" HPOS="380"/>
							<String ID="string_130" HPOS="395" VPOS="531" WIDTH="46" HEIGHT="22" WC="0.93" CONTENT="icke"/><SP WIDTH="15" VPOS="531" HPOS="441"/>
							<String ID="string_131" HPOS="456" VPOS="531" WIDTH="100" HEIGHT="22" WC="0.92" CONTENT="behöfver"/><SP WIDTH="14" VPOS="531" HPOS="556"/>
							<String ID="string_132" HPOS="570" VPOS="531" WIDTH="89" HEIGHT="27" WC="0.92" CONTENT="aflyftas,"/><SP WIDTH="16" VPOS="531" HPOS="659"/>
							<String ID="string_133" HPOS="675" VPOS="531" WIDTH="70" HEIGHT="21" WC="0.96" CONTENT="förrän"/><SP WIDTH="16" VPOS="531" HPOS="745"/>
							<String ID="string_134" HPOS="761" VPOS="538" WIDTH="26" HEIGHT="14" WC="0.96" CONTENT="en"/><SP WIDTH="10" VPOS="538" HPOS="787"/>
							<String ID="string_135" HPOS="797" VPOS="531" WIDTH="58" HEIGHT="22" WC="0.96" CONTENT="skatt"/><SP WIDTH="9" VPOS="531" HPOS="855"/>
							<String ID="string_136" HPOS="864" VPOS="531" WIDTH="28" HEIGHT="27" WC="0.93" CONTENT="på"/><SP WIDTH="8" VPOS="531" HPOS="892"/>
							<String ID="string_137" HPOS="900" VPOS="530" WIDTH="111" HEIGHT="28" WC="0.92" CONTENT="jordegen-"/>
						</TextLine>
						<TextLine ID="line_14" HPOS="193" VPOS="560" WIDTH="819" HEIGHT="26">
							<String ID="string_138" HPOS="193" VPOS="560" WIDTH="76" HEIGHT="22" WC="0.95" CONTENT="domen"/><SP WIDTH="16" VPOS="560" HPOS="269"/>
							<String ID="string_139" HPOS="285" VPOS="560" WIDTH="39" HEIGHT="22" WC="0.96" CONTENT="och"/><SP WIDTH="15" VPOS="560" HPOS="324"/>
							<String ID="string_140" HPOS="339" VPOS="566" WIDTH="69" HEIGHT="16" WC="0.96" CONTENT="annan"/><SP WIDTH="13" VPOS="566" HPOS="408"/>
							<String ID="string_141" HPOS="421" VPOS="560" WIDTH="147" HEIGHT="26" WC="0.96" CONTENT="förmögenhet"/><SP WIDTH="15" VPOS="560" HPOS="568"/>
							<String ID="string_142" HPOS="583" VPOS="561" WIDTH="89" HEIGHT="21" WC="0.96" CONTENT="ersätter"/><SP WIDTH="16" VPOS="561" HPOS="672"/>
							<String ID="string_143" HPOS="688" VPOS="560" WIDTH="126" HEIGHT="22" WC="0.95" CONTENT="densamma."/><SP WIDTH="30" VPOS="560" HPOS="814"/>
							<String ID="string_144" HPOS="844" VPOS="560" WIDTH="50" HEIGHT="21" WC="0.95" CONTENT="Men"/><SP WIDTH="16" VPOS="560" HPOS="894"/>
							<String ID="string_145" HPOS="910" VPOS="566" WIDTH="25" HEIGHT="15" WC="0.96" CONTENT="en"/><SP WIDTH="11" VPOS="566" HPOS="935"/>
							<String ID="string_146" HPOS="946" VPOS="560" WIDTH="66" HEIGHT="21" WC="0.96" CONTENT="sådan"/>
						</TextLine>
						<TextLine ID="line_15" HPOS="192" VPOS="588" WIDTH="821" HEIGHT="28">
							<String ID="string_147" HPOS="192" VPOS="589" WIDTH="58" HEIGHT="22" WC="0.95" CONTENT="skatt"/><SP WIDTH="15" VPOS="589" HPOS="250"/>
							<String ID="string_148" HPOS="265" VPOS="589" WIDTH="61" HEIGHT="21" WC="0.96" CONTENT="torde"/><SP WIDTH="16" VPOS="589" HPOS="326"/>
							<String ID="string_149" HPOS="342" VPOS="588" WIDTH="125" HEIGHT="28" WC="0.96" CONTENT="näppeligen"/><SP WIDTH="15" VPOS="588" HPOS="467"/>
							<String ID="string_150" HPOS="482" VPOS="589" WIDTH="35" HEIGHT="21" WC="0.96" CONTENT="vid"/><SP WIDTH="16" VPOS="589" HPOS="517"/>
							<String ID="string_151" HPOS="533" VPOS="588" WIDTH="67" HEIGHT="22" WC="0.93" CONTENT="denna"/><SP WIDTH="17" VPOS="588" HPOS="600"/>
							<String ID="string_152" HPOS="617" VPOS="588" WIDTH="101" HEIGHT="27" WC="0.92" CONTENT="landtdag"/><SP WIDTH="14" VPOS="588" HPOS="718"/>
							<String ID="string_153" HPOS="732" VPOS="589" WIDTH="85" HEIGHT="21" WC="0.96" CONTENT="komma"/><SP WIDTH="15" VPOS="589" HPOS="817"/>
							<String ID="string_154" HPOS="832" VPOS="588" WIDTH="6" HEIGHT="22" WC="0.96" CONTENT="i"/><SP WIDTH="15" VPOS="588" HPOS="838"/>
							<String ID="string_155" HPOS="853" VPOS="588" WIDTH="65" HEIGHT="27" WC="0.96" CONTENT="fråga,"/><SP WIDTH="10" VPOS="588" HPOS="918"/>
							<String ID="string_156" HPOS="928" VPOS="588" WIDTH="40" HEIGHT="22" WC="0.95" CONTENT="och"/><SP WIDTH="8" VPOS="588" HPOS="968"/>
							<String ID="string_157" HPOS="976" VPOS="588" WIDTH="37" HEIGHT="28" WC="0.96" CONTENT="jag"/>
						</TextLine>
						<TextLine ID="line_16" HPOS="192" VPOS="617" WIDTH="821" HEIGHT="28">
							<String ID="string_158" HPOS="192" VPOS="618" WIDTH="94" HEIGHT="25" WC="0.96" CONTENT="befarar,"/><SP WIDTH="17" VPOS="618" HPOS="286"/>
							<String ID="string_159" HPOS="303" VPOS="619" WIDTH="33" HEIGHT="20" WC="0.96" CONTENT="att"/><SP WIDTH="14" VPOS="619" HPOS="336"/>
							<String ID="string_160" HPOS="350" VPOS="624" WIDTH="34" HEIGHT="15" WC="0.96" CONTENT="om"/><SP WIDTH="17" VPOS="624" HPOS="384"/>
							<String ID="string_161" HPOS="401" VPOS="617" WIDTH="89" HEIGHT="22" WC="0.93" CONTENT="sålunda"/><SP WIDTH="14" VPOS="617" HPOS="490"/>
							<String ID="string_162" HPOS="504" VPOS="618" WIDTH="180" HEIGHT="21" WC="0.91" CONTENT="rotevakanserna"/><SP WIDTH="14" VPOS="618" HPOS="684"/>
							<String ID="string_163" HPOS="698" VPOS="618" WIDTH="85" HEIGHT="21" WC="0.95" CONTENT="komme"/><SP WIDTH="15" VPOS="618" HPOS="783"/>
							<String ID="string_164" HPOS="798" VPOS="619" WIDTH="32" HEIGHT="20" WC="0.93" CONTENT="att"/><SP WIDTH="16" VPOS="619" HPOS="830"/>
							<String ID="string_165" HPOS="846" VPOS="618" WIDTH="92" HEIGHT="27" WC="0.90" CONTENT="qvarstå,"/><SP WIDTH="15" VPOS="618" HPOS="938"/>
							<String ID="string_166" HPOS="953" VPOS="618" WIDTH="60" HEIGHT="21" WC="0.95" CONTENT="detta"/>
						</TextLine>
						<TextLine ID="line_17" HPOS="193" VPOS="646" WIDTH="821" HEIGHT="27">
							<String ID="string_167" HPOS="193" VPOS="646" WIDTH="68" HEIGHT="22" WC="0.96" CONTENT="skulle"/><SP WIDTH="15" VPOS="646" HPOS="261"/>
							<String ID="string_168" HPOS="276" VPOS="647" WIDTH="68" HEIGHT="21" WC="0.96" CONTENT="väcka"/><SP WIDTH="14" VPOS="647" HPOS="344"/>
							<String ID="string_169" HPOS="358" VPOS="646" WIDTH="84" HEIGHT="26" WC="0.96" CONTENT="mycket"/><SP WIDTH="15" VPOS="646" HPOS="442"/>
							<String ID="string_170" HPOS="457" VPOS="646" WIDTH="99" HEIGHT="27" WC="0.96" CONTENT="missnöje"/><SP WIDTH="14" VPOS="646" HPOS="556"/>
							<String ID="string_171" HPOS="570" VPOS="646" WIDTH="38" HEIGHT="22" WC="0.96" CONTENT="hos"/><SP WIDTH="16" VPOS="646" HPOS="608"/>
							<String ID="string_172" HPOS="624" VPOS="646" WIDTH="112" HEIGHT="27" WC="0.96" CONTENT="allmogen,"/><SP WIDTH="10" VPOS="646" HPOS="736"/>
							<String ID="string_173" HPOS="746" VPOS="652" WIDTH="46" HEIGHT="16" WC="0.96" CONTENT="som"/><SP WIDTH="11" VPOS="652" HPOS="792"/>
							<String ID="string_174" HPOS="803" VPOS="646" WIDTH="122" HEIGHT="27" WC="0.93" CONTENT="härigenom"/><SP WIDTH="11" VPOS="646" HPOS="925"/>
							<String ID="string_175" HPOS="936" VPOS="647" WIDTH="78" HEIGHT="26" WC="0.92" CONTENT="ansåge"/>
						</TextLine>
						<TextLine ID="line_18" HPOS="194" VPOS="674" WIDTH="819" HEIGHT="28">
							<String ID="string_176" HPOS="194" VPOS="675" WIDTH="31" HEIGHT="27" WC="0.93" CONTENT="sig"/><SP WIDTH="16" VPOS="675" HPOS="225"/>
							<String ID="string_177" HPOS="241" VPOS="675" WIDTH="100" HEIGHT="27" WC="0.91" CONTENT="duperad."/><SP WIDTH="30" VPOS="675" HPOS="341"/>
							<String ID="string_178" HPOS="371" VPOS="674" WIDTH="42" HEIGHT="22" WC="0.96" CONTENT="För"/><SP WIDTH="16" VPOS="674" HPOS="413"/>
							<String ID="string_179" HPOS="429" VPOS="675" WIDTH="42" HEIGHT="21" WC="0.96" CONTENT="min"/><SP WIDTH="16" VPOS="675" HPOS="471"/>
							<String ID="string_180" HPOS="487" VPOS="675" WIDTH="34" HEIGHT="21" WC="0.96" CONTENT="del"/><SP WIDTH="15" VPOS="675" HPOS="521"/>
							<String ID="string_181" HPOS="536" VPOS="675" WIDTH="46" HEIGHT="21" WC="0.96" CONTENT="ville"/><SP WIDTH="14" VPOS="675" HPOS="582"/>
							<String ID="string_182" HPOS="596" VPOS="675" WIDTH="37" HEIGHT="27" WC="0.96" CONTENT="jag"/><SP WIDTH="15" VPOS="675" HPOS="633"/>
							<String ID="string_183" HPOS="648" VPOS="674" WIDTH="113" HEIGHT="27" WC="0.95" CONTENT="ingalunda"/><SP WIDTH="14" VPOS="674" HPOS="761"/>
							<String ID="string_184" HPOS="775" VPOS="681" WIDTH="76" HEIGHT="21" WC="0.96" CONTENT="genom"/><SP WIDTH="16" VPOS="681" HPOS="851"/>
							<String ID="string_185" HPOS="867" VPOS="681" WIDTH="26" HEIGHT="15" WC="0.95" CONTENT="en"/><SP WIDTH="11" VPOS="681" HPOS="893"/>
							<String ID="string_186" HPOS="904" VPOS="674" WIDTH="65" HEIGHT="22" WC="0.93" CONTENT="sådan"/><SP WIDTH="13" VPOS="674" HPOS="969"/>
							<String ID="string_187" HPOS="982" VPOS="674" WIDTH="31" HEIGHT="21" WC="0.93" CONTENT="åt-"/>
						</TextLine>
						<TextLine ID="line_19" HPOS="193" VPOS="703" WIDTH="684" HEIGHT="28">
							<String ID="string_188" HPOS="193" VPOS="704" WIDTH="52" HEIGHT="27" WC="0.91" CONTENT="gärd"/><SP WIDTH="17" VPOS="704" HPOS="245"/>
							<String ID="string_189" HPOS="262" VPOS="704" WIDTH="40" HEIGHT="21" WC="0.96" CONTENT="öka"/><SP WIDTH="15" VPOS="704" HPOS="302"/>
							<String ID="string_190" HPOS="317" VPOS="703" WIDTH="81" HEIGHT="28" WC="0.96" CONTENT="klyftan"/><SP WIDTH="16" VPOS="703" HPOS="398"/>
							<String ID="string_191" HPOS="414" VPOS="703" WIDTH="78" HEIGHT="21" WC="0.96" CONTENT="mellan"/><SP WIDTH="15" VPOS="703" HPOS="492"/>
							<String ID="string_192" HPOS="507" VPOS="703" WIDTH="57" HEIGHT="22" WC="0.96" CONTENT="olika"/><SP WIDTH="14" VPOS="703" HPOS="564"/>
							<String ID="string_193" HPOS="578" VPOS="703" WIDTH="78" HEIGHT="22" WC="0.96" CONTENT="sociala"/><SP WIDTH="16" VPOS="703" HPOS="656"/>
							<String ID="string_194" HPOS="672" VPOS="703" WIDTH="73" HEIGHT="27" WC="0.95" CONTENT="lager"/><SP WIDTH="-5" VPOS="703" HPOS="745"/>
							<String ID="string_195" HPOS="740" VPOS="699" WIDTH="12" HEIGHT="36" WC="0.95" CONTENT="i"/><SP WIDTH="6" VPOS="699" HPOS="752"/>
							<String ID="string_196" HPOS="758" VPOS="704" WIDTH="119" HEIGHT="21" WC="0.92" CONTENT="samhället."/>
						</TextLine>
					</TextBlock>
					<TextBlock ID="block_2" HPOS="193" VPOS="732" WIDTH="823" HEIGHT="516">
						<TextLine ID="line_20" HPOS="262" VPOS="732" WIDTH="752" HEIGHT="28">
							<String ID="string_197" HPOS="262" VPOS="732" WIDTH="33" HEIGHT="21" WC="0.96" CONTENT="En"/><SP WIDTH="16" VPOS="732" HPOS="295"/>
							<String ID="string_198" HPOS="311" VPOS="738" WIDTH="69" HEIGHT="15" WC="0.95" CONTENT="annan"/><SP WIDTH="17" VPOS="738" HPOS="380"/>
							<String ID="string_199" HPOS="397" VPOS="732" WIDTH="156" HEIGHT="27" WC="0.96" CONTENT="omständighet"/><SP WIDTH="15" VPOS="732" HPOS="553"/>
							<String ID="string_200" HPOS="568" VPOS="738" WIDTH="44" HEIGHT="16" WC="0.96" CONTENT="som"/><SP WIDTH="16" VPOS="738" HPOS="612"/>
							<String ID="string_201" HPOS="628" VPOS="738" WIDTH="61" HEIGHT="21" WC="0.96" CONTENT="synes"/><SP WIDTH="23" VPOS="738" HPOS="689"/>
							<String ID="string_202" HPOS="712" VPOS="732" WIDTH="42" HEIGHT="26" WC="0.96" CONTENT="mig"/><SP WIDTH="16" VPOS="732" HPOS="754"/>
							<String ID="string_203" HPOS="770" VPOS="732" WIDTH="43" HEIGHT="22" WC="0.96" CONTENT="tala"/><SP WIDTH="15" VPOS="732" HPOS="813"/>
							<String ID="string_204" HPOS="828" VPOS="734" WIDTH="56" HEIGHT="20" WC="0.96" CONTENT="emot"/><SP WIDTH="16" VPOS="734" HPOS="884"/>
							<String ID="string_205" HPOS="900" VPOS="734" WIDTH="31" HEIGHT="20" WC="0.96" CONTENT="ett"/><SP WIDTH="16" VPOS="734" HPOS="931"/>
							<String ID="string_206" HPOS="947" VPOS="732" WIDTH="67" HEIGHT="28" WC="0.96" CONTENT="dylikt"/>
						</TextLine>
						<TextLine ID="line_21" HPOS="194" VPOS="761" WIDTH="819" HEIGHT="27">
							<String ID="string_207" HPOS="194" VPOS="761" WIDTH="97" HEIGHT="27" WC="0.91" CONTENT="uppskof,"/><SP WIDTH="16" VPOS="761" HPOS="291"/>
							<String ID="string_208" HPOS="307" VPOS="763" WIDTH="24" HEIGHT="19" WC="0.96" CONTENT="är"/><SP WIDTH="15" VPOS="763" HPOS="331"/>
							<String ID="string_209" HPOS="346" VPOS="761" WIDTH="48" HEIGHT="26" WC="0.96" CONTENT="den,"/><SP WIDTH="16" VPOS="761" HPOS="394"/>
							<String ID="string_210" HPOS="410" VPOS="763" WIDTH="32" HEIGHT="19" WC="0.96" CONTENT="att"/><SP WIDTH="15" VPOS="763" HPOS="442"/>
							<String ID="string_211" HPOS="457" VPOS="761" WIDTH="59" HEIGHT="21" WC="0.93" CONTENT="detta"/><SP WIDTH="23" VPOS="761" HPOS="516"/>
							<String ID="string_212" HPOS="539" VPOS="761" WIDTH="113" HEIGHT="22" WC="0.92" CONTENT="Damokles"/><SP WIDTH="23" VPOS="761" HPOS="652"/>
							<String ID="string_213" HPOS="675" VPOS="762" WIDTH="68" HEIGHT="26" WC="0.96" CONTENT="svärd,"/><SP WIDTH="16" VPOS="762" HPOS="743"/>
							<String ID="string_214" HPOS="759" VPOS="768" WIDTH="45" HEIGHT="15" WC="0.96" CONTENT="som"/><SP WIDTH="16" VPOS="768" HPOS="804"/>
							<String ID="string_215" HPOS="820" VPOS="761" WIDTH="105" HEIGHT="22" WC="0.93" CONTENT="alltsedan"/><SP WIDTH="14" VPOS="761" HPOS="925"/>
							<String ID="string_216" HPOS="939" VPOS="761" WIDTH="74" HEIGHT="21" WC="0.92" CONTENT="försla-"/>
						</TextLine>
						<TextLine ID="line_22" HPOS="194" VPOS="790" WIDTH="820" HEIGHT="28">
							<String ID="string_217" HPOS="194" VPOS="792" WIDTH="35" HEIGHT="26" WC="0.96" CONTENT="get"/><SP WIDTH="15" VPOS="792" HPOS="229"/>
							<String ID="string_218" HPOS="244" VPOS="796" WIDTH="35" HEIGHT="16" WC="0.96" CONTENT="om"/><SP WIDTH="16" VPOS="796" HPOS="279"/>
							<String ID="string_219" HPOS="295" VPOS="790" WIDTH="69" HEIGHT="22" WC="0.96" CONTENT="denna"/><SP WIDTH="14" VPOS="790" HPOS="364"/>
							<String ID="string_220" HPOS="378" VPOS="790" WIDTH="112" HEIGHT="22" WC="0.96" CONTENT="reduktion"/><SP WIDTH="16" VPOS="790" HPOS="490"/>
							<String ID="string_221" HPOS="506" VPOS="790" WIDTH="92" HEIGHT="25" WC="0.96" CONTENT="väcktes,"/><SP WIDTH="11" VPOS="790" HPOS="598"/>
							<String ID="string_222" HPOS="609" VPOS="790" WIDTH="80" HEIGHT="27" WC="0.96" CONTENT="hänger"/><SP WIDTH="13" VPOS="790" HPOS="689"/>
							<String ID="string_223" HPOS="702" VPOS="790" WIDTH="59" HEIGHT="22" WC="0.93" CONTENT="öfver"/><SP WIDTH="14" VPOS="790" HPOS="761"/>
							<String ID="string_224" HPOS="775" VPOS="790" WIDTH="162" HEIGHT="27" WC="0.91" CONTENT="rusthållarene,"/><SP WIDTH="9" VPOS="790" HPOS="937"/>
							<String ID="string_225" HPOS="946" VPOS="790" WIDTH="68" HEIGHT="22" WC="0.96" CONTENT="skulle"/>
						</TextLine>
						<TextLine ID="line_23" HPOS="193" VPOS="819" WIDTH="821" HEIGHT="28">
							<String ID="string_226" HPOS="193" VPOS="819" WIDTH="91" HEIGHT="22" WC="0.91" CONTENT="fortfara"/><SP WIDTH="22" VPOS="819" HPOS="284"/>
							<String ID="string_227" HPOS="306" VPOS="819" WIDTH="128" HEIGHT="22" WC="0.96" CONTENT="åtminstone"/><SP WIDTH="16" VPOS="819" HPOS="434"/>
							<String ID="string_228" HPOS="450" VPOS="819" WIDTH="31" HEIGHT="21" WC="0.96" CONTENT="till"/><SP WIDTH="16" VPOS="819" HPOS="481"/>
							<String ID="string_229" HPOS="497" VPOS="821" WIDTH="61" HEIGHT="20" WC="0.93" CONTENT="nästa"/><SP WIDTH="15" VPOS="821" HPOS="558"/>
							<String ID="string_230" HPOS="573" VPOS="819" WIDTH="108" HEIGHT="27" WC="0.91" CONTENT="landtdag,"/><SP WIDTH="15" VPOS="819" HPOS="681"/>
							<String ID="string_231" HPOS="696" VPOS="819" WIDTH="81" HEIGHT="22" WC="0.96" CONTENT="kanske"/><SP WIDTH="21" VPOS="819" HPOS="777"/>
							<String ID="string_232" HPOS="798" VPOS="820" WIDTH="78" HEIGHT="27" WC="0.96" CONTENT="längre."/><SP WIDTH="31" VPOS="820" HPOS="876"/>
							<String ID="string_233" HPOS="907" VPOS="820" WIDTH="33" HEIGHT="21" WC="0.92" CONTENT="En"/><SP WIDTH="15" VPOS="820" HPOS="940"/>
							<String ID="string_234" HPOS="955" VPOS="820" WIDTH="59" HEIGHT="32" WC="0.95" CONTENT="hvar,"/>
						</TextLine>
						<TextLine ID="line_24" HPOS="194" VPOS="848" WIDTH="821" HEIGHT="28">
							<String ID="string_235" HPOS="194" VPOS="854" WIDTH="46" HEIGHT="16" WC="0.96" CONTENT="som"/><SP WIDTH="15" VPOS="854" HPOS="240"/>
							<String ID="string_236" HPOS="255" VPOS="848" WIDTH="49" HEIGHT="21" WC="0.96" CONTENT="ville"/><SP WIDTH="15" VPOS="848" HPOS="304"/>
							<String ID="string_237" HPOS="319" VPOS="848" WIDTH="55" HEIGHT="27" WC="0.96" CONTENT="köpa"/><SP WIDTH="16" VPOS="848" HPOS="374"/>
							<String ID="string_238" HPOS="390" VPOS="850" WIDTH="31" HEIGHT="20" WC="0.93" CONTENT="ett"/><SP WIDTH="15" VPOS="850" HPOS="421"/>
							<String ID="string_239" HPOS="436" VPOS="848" WIDTH="97" HEIGHT="25" WC="0.92" CONTENT="rusthäll,"/><SP WIDTH="16" VPOS="848" HPOS="533"/>
							<String ID="string_240" HPOS="549" VPOS="848" WIDTH="67" HEIGHT="22" WC="0.96" CONTENT="måste"/><SP WIDTH="16" VPOS="848" HPOS="616"/>
							<String ID="string_241" HPOS="632" VPOS="848" WIDTH="26" HEIGHT="22" WC="0.96" CONTENT="då"/><SP WIDTH="16" VPOS="848" HPOS="658"/>
							<String ID="string_242" HPOS="674" VPOS="849" WIDTH="50" HEIGHT="26" WC="0.96" CONTENT="taga"/><SP WIDTH="15" VPOS="849" HPOS="724"/>
							<String ID="string_243" HPOS="739" VPOS="848" WIDTH="6" HEIGHT="21" WC="0.96" CONTENT="i"/><SP WIDTH="16" VPOS="848" HPOS="745"/>
							<String ID="string_244" HPOS="761" VPOS="848" WIDTH="139" HEIGHT="22" WC="0.96" CONTENT="betraktande"/><SP WIDTH="12" VPOS="848" HPOS="900"/>
							<String ID="string_245" HPOS="912" VPOS="849" WIDTH="40" HEIGHT="21" WC="0.93" CONTENT="den"/><SP WIDTH="11" VPOS="849" HPOS="952"/>
							<String ID="string_246" HPOS="963" VPOS="848" WIDTH="52" HEIGHT="28" WC="0.92" CONTENT="möj-"/>
						</TextLine>
						<TextLine ID="line_25" HPOS="193" VPOS="876" WIDTH="822" HEIGHT="28">
							<String ID="string_247" HPOS="193" VPOS="877" WIDTH="44" HEIGHT="27" WC="0.96" CONTENT="liga"/><SP WIDTH="15" VPOS="877" HPOS="237"/>
							<String ID="string_248" HPOS="252" VPOS="877" WIDTH="72" HEIGHT="21" WC="0.96" CONTENT="risken"/><SP WIDTH="15" VPOS="877" HPOS="324"/>
							<String ID="string_249" HPOS="339" VPOS="878" WIDTH="32" HEIGHT="20" WC="0.96" CONTENT="att"/><SP WIDTH="15" VPOS="878" HPOS="371"/>
							<String ID="string_250" HPOS="386" VPOS="876" WIDTH="80" HEIGHT="22" WC="0.95" CONTENT="förlora"/><SP WIDTH="14" VPOS="876" HPOS="466"/>
							<String ID="string_251" HPOS="480" VPOS="865" WIDTH="55" HEIGHT="33" WC="0.96" CONTENT="hvad"/><SP WIDTH="23" VPOS="865" HPOS="535"/>
							<String ID="string_252" HPOS="558" VPOS="884" WIDTH="45" HEIGHT="15" WC="0.95" CONTENT="som"/><SP WIDTH="17" VPOS="884" HPOS="603"/>
							<String ID="string_253" HPOS="620" VPOS="883" WIDTH="28" HEIGHT="15" WC="0.96" CONTENT="nu"/><SP WIDTH="15" VPOS="883" HPOS="648"/>
							<String ID="string_254" HPOS="663" VPOS="876" WIDTH="68" HEIGHT="22" WC="0.96" CONTENT="blifvit"/><SP WIDTH="15" VPOS="876" HPOS="731"/>
							<String ID="string_255" HPOS="746" VPOS="877" WIDTH="113" HEIGHT="27" WC="0.96" CONTENT="föreslaget"/><SP WIDTH="15" VPOS="877" HPOS="859"/>
							<String ID="string_256" HPOS="874" VPOS="880" WIDTH="32" HEIGHT="19" WC="0.96" CONTENT="att"/><SP WIDTH="16" VPOS="880" HPOS="906"/>
							<String ID="string_257" HPOS="922" VPOS="877" WIDTH="31" HEIGHT="21" WC="0.93" CONTENT="till"/><SP WIDTH="13" VPOS="877" HPOS="953"/>
							<String ID="string_258" HPOS="966" VPOS="877" WIDTH="49" HEIGHT="22" WC="0.91" CONTENT="kro-"/>
						</TextLine>
						<TextLine ID="line_26" HPOS="194" VPOS="905" WIDTH="821" HEIGHT="28">
							<String ID="string_259" HPOS="194" VPOS="912" WIDTH="41" HEIGHT="16" WC="0.93" CONTENT="nan"/><SP WIDTH="22" VPOS="912" HPOS="235"/>
							<String ID="string_260" HPOS="257" VPOS="905" WIDTH="107" HEIGHT="28" WC="0.91" CONTENT="indragas,"/><SP WIDTH="23" VPOS="905" HPOS="364"/>
							<String ID="string_261" HPOS="387" VPOS="906" WIDTH="51" HEIGHT="21" WC="0.95" CONTENT="eller"/><SP WIDTH="22" VPOS="906" HPOS="438"/>
							<String ID="string_262" HPOS="460" VPOS="905" WIDTH="80" HEIGHT="23" WC="0.96" CONTENT="kanske"/><SP WIDTH="23" VPOS="905" HPOS="540"/>
							<String ID="string_263" HPOS="563" VPOS="908" WIDTH="56" HEIGHT="20" WC="0.96" CONTENT="ännu"/><SP WIDTH="22" VPOS="908" HPOS="619"/>
							<String ID="string_264" HPOS="641" VPOS="912" WIDTH="51" HEIGHT="15" WC="0.94" CONTENT="mer."/><SP WIDTH="30" VPOS="912" HPOS="692"/>
							<String ID="string_265" HPOS="722" VPOS="906" WIDTH="41" HEIGHT="22" WC="0.96" CONTENT="Det"/><SP WIDTH="24" VPOS="906" HPOS="763"/>
							<String ID="string_266" HPOS="787" VPOS="906" WIDTH="67" HEIGHT="22" WC="0.93" CONTENT="skulle"/><SP WIDTH="23" VPOS="906" HPOS="854"/>
							<String ID="string_267" HPOS="877" VPOS="906" WIDTH="138" HEIGHT="22" WC="0.90" CONTENT="öfverhufvud"/>
						</TextLine>
						<TextLine ID="line_27" HPOS="194" VPOS="934" WIDTH="819" HEIGHT="28">
							<String ID="string_268" HPOS="194" VPOS="934" WIDTH="108" HEIGHT="23" WC="0.94" CONTENT="sannolikt"/><SP WIDTH="14" VPOS="934" HPOS="302"/>
							<String ID="string_269" HPOS="316" VPOS="934" WIDTH="65" HEIGHT="22" WC="0.93" CONTENT="blifva"/><SP WIDTH="14" VPOS="934" HPOS="381"/>
							<String ID="string_270" HPOS="395" VPOS="935" WIDTH="58" HEIGHT="22" WC="0.96" CONTENT="svårt"/><SP WIDTH="15" VPOS="935" HPOS="453"/>
							<String ID="string_271" HPOS="468" VPOS="935" WIDTH="33" HEIGHT="21" WC="0.93" CONTENT="för"/><SP WIDTH="22" VPOS="935" HPOS="501"/>
							<String ID="string_272" HPOS="523" VPOS="935" WIDTH="152" HEIGHT="21" WC="0.91" CONTENT="rusthällarene"/><SP WIDTH="20" VPOS="935" HPOS="675"/>
							<String ID="string_273" HPOS="695" VPOS="936" WIDTH="32" HEIGHT="21" WC="0.96" CONTENT="att"/><SP WIDTH="15" VPOS="936" HPOS="727"/>
							<String ID="string_274" HPOS="742" VPOS="934" WIDTH="101" HEIGHT="22" WC="0.96" CONTENT="realisera"/><SP WIDTH="14" VPOS="934" HPOS="843"/>
							<String ID="string_275" HPOS="857" VPOS="934" WIDTH="33" HEIGHT="22" WC="0.96" CONTENT="sin"/><SP WIDTH="14" VPOS="934" HPOS="890"/>
							<String ID="string_276" HPOS="904" VPOS="935" WIDTH="109" HEIGHT="27" WC="0.96" CONTENT="egendom,"/>
						</TextLine>
						<TextLine ID="line_28" HPOS="194" VPOS="963" WIDTH="821" HEIGHT="28">
							<String ID="string_277" HPOS="194" VPOS="964" WIDTH="45" HEIGHT="21" WC="0.93" CONTENT="låta"/><SP WIDTH="16" VPOS="964" HPOS="239"/>
							<String ID="string_278" HPOS="255" VPOS="963" WIDTH="99" HEIGHT="22" WC="0.83" CONTENT="inteckoa"/><SP WIDTH="15" VPOS="963" HPOS="354"/>
							<String ID="string_279" HPOS="369" VPOS="964" WIDTH="40" HEIGHT="21" WC="0.95" CONTENT="den"/><SP WIDTH="16" VPOS="964" HPOS="409"/>
							<String ID="string_280" HPOS="425" VPOS="969" WIDTH="18" HEIGHT="16" WC="0.95" CONTENT="o."/><SP WIDTH="17" VPOS="969" HPOS="443"/>
							<String ID="string_281" HPOS="460" VPOS="969" WIDTH="15" HEIGHT="15" WC="0.95" CONTENT="s."/><SP WIDTH="18" VPOS="969" HPOS="475"/>
							<String ID="string_282" HPOS="493" VPOS="970" WIDTH="18" HEIGHT="14" WC="0.95" CONTENT="v."/><SP WIDTH="30" VPOS="970" HPOS="511"/>
							<String ID="string_283" HPOS="541" VPOS="964" WIDTH="41" HEIGHT="21" WC="0.96" CONTENT="Det"/><SP WIDTH="16" VPOS="964" HPOS="582"/>
							<String ID="string_284" HPOS="598" VPOS="965" WIDTH="24" HEIGHT="20" WC="0.96" CONTENT="är"/><SP WIDTH="16" VPOS="965" HPOS="622"/>
							<String ID="string_285" HPOS="638" VPOS="964" WIDTH="60" HEIGHT="21" WC="0.96" CONTENT="dessa"/><SP WIDTH="19" VPOS="964" HPOS="698"/>
							<String ID="string_286" HPOS="717" VPOS="964" WIDTH="186" HEIGHT="27" WC="0.96" CONTENT="omständigheter,"/><SP WIDTH="15" VPOS="964" HPOS="903"/>
							<String ID="string_287" HPOS="918" VPOS="970" WIDTH="46" HEIGHT="15" WC="0.93" CONTENT="som"/><SP WIDTH="15" VPOS="970" HPOS="964"/>
							<String ID="string_288" HPOS="979" VPOS="964" WIDTH="36" HEIGHT="21" WC="0.92" CONTENT="be-"/>
						</TextLine>
						<TextLine ID="line_29" HPOS="195" VPOS="991" WIDTH="819" HEIGHT="28">
							<String ID="string_289" HPOS="195" VPOS="994" WIDTH="64" HEIGHT="20" WC="0.96" CONTENT="stämt"/><SP WIDTH="16" VPOS="994" HPOS="259"/>
							<String ID="string_290" HPOS="275" VPOS="993" WIDTH="42" HEIGHT="26" WC="0.96" CONTENT="mig"/><SP WIDTH="15" VPOS="993" HPOS="317"/>
							<String ID="string_291" HPOS="332" VPOS="993" WIDTH="32" HEIGHT="20" WC="0.93" CONTENT="att"/><SP WIDTH="13" VPOS="993" HPOS="364"/>
							<String ID="string_292" HPOS="377" VPOS="992" WIDTH="53" HEIGHT="27" WC="0.96" CONTENT="yrka"/><SP WIDTH="15" VPOS="992" HPOS="430"/>
							<String ID="string_293" HPOS="445" VPOS="993" WIDTH="28" HEIGHT="25" WC="0.96" CONTENT="pä"/><SP WIDTH="15" VPOS="993" HPOS="473"/>
							<String ID="string_294" HPOS="488" VPOS="992" WIDTH="118" HEIGHT="27" WC="0.96" CONTENT="antagande"/><SP WIDTH="16" VPOS="992" HPOS="606"/>
							<String ID="string_295" HPOS="622" VPOS="992" WIDTH="6" HEIGHT="21" WC="0.96" CONTENT="i"/><SP WIDTH="16" VPOS="992" HPOS="628"/>
							<String ID="string_296" HPOS="644" VPOS="992" WIDTH="81" HEIGHT="27" WC="0.96" CONTENT="princip"/><SP WIDTH="15" VPOS="992" HPOS="725"/>
							<String ID="string_297" HPOS="740" VPOS="991" WIDTH="23" HEIGHT="22" WC="0.58" CONTENT="af"/><SP WIDTH="6" VPOS="991" HPOS="763"/>
							<String ID="string_298" HPOS="769" VPOS="992" WIDTH="40" HEIGHT="21" WC="0.58" CONTENT="den"/><SP WIDTH="9" VPOS="992" HPOS="809"/>
							<String ID="string_299" HPOS="818" VPOS="992" WIDTH="24" HEIGHT="22" WC="0.93" CONTENT="af"/><SP WIDTH="6" VPOS="992" HPOS="842"/>
							<String ID="string_300" HPOS="848" VPOS="992" WIDTH="74" HEIGHT="22" WC="0.92" CONTENT="herrar"/><SP WIDTH="7" VPOS="992" HPOS="922"/>
							<String ID="string_301" HPOS="929" VPOS="992" WIDTH="85" HEIGHT="21" WC="0.92" CONTENT="Meche-"/>
						</TextLine>
						<TextLine ID="line_30" HPOS="194" VPOS="1008" WIDTH="820" HEIGHT="40">
							<String ID="string_302" HPOS="194" VPOS="1021" WIDTH="37" HEIGHT="24" WC="0.96" CONTENT="lin,"/><SP WIDTH="16" VPOS="1021" HPOS="231"/>
							<String ID="string_303" HPOS="247" VPOS="1008" WIDTH="69" HEIGHT="39" WC="0.94" CONTENT="Boije"/><SP WIDTH="6" VPOS="1008" HPOS="316"/>
							<String ID="string_304" HPOS="322" VPOS="1021" WIDTH="39" HEIGHT="21" WC="0.96" CONTENT="och"/><SP WIDTH="9" VPOS="1021" HPOS="361"/>
							<String ID="string_305" HPOS="370" VPOS="1021" WIDTH="146" HEIGHT="32" WC="0.93" CONTENT="Charpentier"/><SP WIDTH="22" VPOS="1021" HPOS="516"/>
							<String ID="string_306" HPOS="538" VPOS="1020" WIDTH="80" HEIGHT="28" WC="0.92" CONTENT="afgifna"/><SP WIDTH="21" VPOS="1020" HPOS="618"/>
							<String ID="string_307" HPOS="639" VPOS="1021" WIDTH="164" HEIGHT="22" WC="0.96" CONTENT="reservationen."/><SP WIDTH="30" VPOS="1021" HPOS="803"/>
							<String ID="string_308" HPOS="833" VPOS="1021" WIDTH="74" HEIGHT="21" WC="0.93" CONTENT="Denna"/><SP WIDTH="15" VPOS="1021" HPOS="907"/>
							<String ID="string_309" HPOS="922" VPOS="1027" WIDTH="92" HEIGHT="16" WC="0.93" CONTENT="reserva-"/>
						</TextLine>
						<TextLine ID="line_31" HPOS="194" VPOS="1049" WIDTH="821" HEIGHT="27">
							<String ID="string_310" HPOS="194" VPOS="1050" WIDTH="46" HEIGHT="21" WC="0.95" CONTENT="tion"/><SP WIDTH="23" VPOS="1050" HPOS="240"/>
							<String ID="string_311" HPOS="263" VPOS="1055" WIDTH="60" HEIGHT="21" WC="0.96" CONTENT="synes"/><SP WIDTH="23" VPOS="1055" HPOS="323"/>
							<String ID="string_312" HPOS="346" VPOS="1049" WIDTH="49" HEIGHT="27" WC="0.96" CONTENT="mig,"/><SP WIDTH="23" VPOS="1049" HPOS="395"/>
							<String ID="string_313" HPOS="418" VPOS="1050" WIDTH="58" HEIGHT="21" WC="0.96" CONTENT="utom"/><SP WIDTH="17" VPOS="1050" HPOS="476"/>
							<String ID="string_314" HPOS="493" VPOS="1049" WIDTH="26" HEIGHT="21" WC="0.96" CONTENT="de"/><SP WIDTH="21" VPOS="1049" HPOS="519"/>
							<String ID="string_315" HPOS="540" VPOS="1049" WIDTH="52" HEIGHT="26" WC="0.96" CONTENT="skäl,"/><SP WIDTH="16" VPOS="1049" HPOS="592"/>
							<String ID="string_316" HPOS="608" VPOS="1055" WIDTH="44" HEIGHT="16" WC="0.96" CONTENT="som"/><SP WIDTH="17" VPOS="1055" HPOS="652"/>
							<String ID="string_317" HPOS="669" VPOS="1049" WIDTH="6" HEIGHT="21" WC="0.96" CONTENT="i"/><SP WIDTH="16" VPOS="1049" HPOS="675"/>
							<String ID="string_318" HPOS="691" VPOS="1049" WIDTH="152" HEIGHT="26" WC="0.96" CONTENT="motiveringen"/><SP WIDTH="15" VPOS="1049" HPOS="843"/>
							<String ID="string_319" HPOS="858" VPOS="1049" WIDTH="23" HEIGHT="22" WC="0.96" CONTENT="af"/><SP WIDTH="14" VPOS="1049" HPOS="881"/>
							<String ID="string_320" HPOS="895" VPOS="1049" WIDTH="120" HEIGHT="22" WC="0.95" CONTENT="densamma"/>
						</TextLine>
						<TextLine ID="line_32" HPOS="195" VPOS="1066" WIDTH="821" HEIGHT="39">
							<String ID="string_321" HPOS="195" VPOS="1078" WIDTH="93" HEIGHT="27" WC="0.96" CONTENT="anföras,"/><SP WIDTH="15" VPOS="1078" HPOS="288"/>
							<String ID="string_322" HPOS="303" VPOS="1078" WIDTH="63" HEIGHT="21" WC="0.96" CONTENT="hafva"/><SP WIDTH="11" VPOS="1078" HPOS="366"/>
							<String ID="string_323" HPOS="377" VPOS="1066" WIDTH="44" HEIGHT="33" WC="0.88" CONTENT="den"/><SP WIDTH="16" VPOS="1066" HPOS="421"/>
							<String ID="string_324" HPOS="437" VPOS="1078" WIDTH="132" HEIGHT="27" WC="0.91" CONTENT="förtjensten,"/><SP WIDTH="17" VPOS="1078" HPOS="569"/>
							<String ID="string_325" HPOS="586" VPOS="1080" WIDTH="31" HEIGHT="20" WC="0.96" CONTENT="att"/><SP WIDTH="16" VPOS="1080" HPOS="617"/>
							<String ID="string_326" HPOS="633" VPOS="1078" WIDTH="40" HEIGHT="21" WC="0.96" CONTENT="den"/><SP WIDTH="16" VPOS="1078" HPOS="673"/>
							<String ID="string_327" HPOS="689" VPOS="1078" WIDTH="62" HEIGHT="21" WC="0.96" CONTENT="söker"/><SP WIDTH="19" VPOS="1078" HPOS="751"/>
							<String ID="string_328" HPOS="770" VPOS="1066" WIDTH="107" HEIGHT="39" WC="0.96" CONTENT="verkligen"/><SP WIDTH="16" VPOS="1066" HPOS="877"/>
							<String ID="string_329" HPOS="893" VPOS="1079" WIDTH="82" HEIGHT="26" WC="0.95" CONTENT="reglera"/><SP WIDTH="15" VPOS="1079" HPOS="975"/>
							<String ID="string_330" HPOS="990" VPOS="1078" WIDTH="26" HEIGHT="22" WC="0.96" CONTENT="de"/>
						</TextLine>
						<TextLine ID="line_33" HPOS="194" VPOS="1106" WIDTH="821" HEIGHT="28">
							<String ID="string_331" HPOS="194" VPOS="1108" WIDTH="7" HEIGHT="21" WC="0.96" CONTENT="i"/><SP WIDTH="16" VPOS="1108" HPOS="201"/>
							<String ID="string_332" HPOS="217" VPOS="1107" WIDTH="56" HEIGHT="21" WC="0.93" CONTENT="vissa"/><SP WIDTH="23" VPOS="1107" HPOS="273"/>
							<String ID="string_333" HPOS="296" VPOS="1107" WIDTH="112" HEIGHT="21" WC="0.91" CONTENT="afseenden"/><SP WIDTH="23" VPOS="1107" HPOS="408"/>
							<String ID="string_334" HPOS="431" VPOS="1107" WIDTH="118" HEIGHT="27" WC="0.91" CONTENT="oegentliga"/><SP WIDTH="23" VPOS="1107" HPOS="549"/>
							<String ID="string_335" HPOS="572" VPOS="1106" WIDTH="268" HEIGHT="26" WC="0.92" CONTENT="rusthällsförhällandena,"/><SP WIDTH="16" VPOS="1106" HPOS="840"/>
							<String ID="string_336" HPOS="856" VPOS="1109" WIDTH="53" HEIGHT="20" WC="0.96" CONTENT="utan"/><SP WIDTH="19" VPOS="1109" HPOS="909"/>
							<String ID="string_337" HPOS="928" VPOS="1109" WIDTH="33" HEIGHT="20" WC="0.96" CONTENT="att"/><SP WIDTH="14" VPOS="1109" HPOS="961"/>
							<String ID="string_338" HPOS="975" VPOS="1107" WIDTH="40" HEIGHT="21" WC="0.96" CONTENT="den"/>
						</TextLine>
						<TextLine ID="line_34" HPOS="196" VPOS="1135" WIDTH="820" HEIGHT="28">
							<String ID="string_339" HPOS="196" VPOS="1136" WIDTH="55" HEIGHT="22" WC="0.96" CONTENT="dock"/><SP WIDTH="22" VPOS="1136" HPOS="251"/>
							<String ID="string_340" HPOS="273" VPOS="1137" WIDTH="38" HEIGHT="26" WC="0.93" CONTENT="gör"/><SP WIDTH="22" VPOS="1137" HPOS="311"/>
							<String ID="string_341" HPOS="333" VPOS="1136" WIDTH="85" HEIGHT="27" WC="0.92" CONTENT="inträng"/><SP WIDTH="15" VPOS="1136" HPOS="418"/>
							<String ID="string_342" HPOS="433" VPOS="1136" WIDTH="7" HEIGHT="21" WC="0.93" CONTENT="i"/><SP WIDTH="15" VPOS="1136" HPOS="440"/>
							<String ID="string_343" HPOS="455" VPOS="1135" WIDTH="115" HEIGHT="22" WC="0.92" CONTENT="bestäende"/><SP WIDTH="23" VPOS="1135" HPOS="570"/>
							<String ID="string_344" HPOS="593" VPOS="1135" WIDTH="269" HEIGHT="28" WC="0.91" CONTENT="egendomsförhällanden."/><SP WIDTH="30" VPOS="1135" HPOS="862"/>
							<String ID="string_345" HPOS="892" VPOS="1135" WIDTH="39" HEIGHT="28" WC="0.93" CONTENT="Jag"/><SP WIDTH="21" VPOS="1135" HPOS="931"/>
							<String ID="string_346" HPOS="952" VPOS="1137" WIDTH="64" HEIGHT="25" WC="0.93" CONTENT="vägar"/>
						</TextLine>
						<TextLine ID="line_35" HPOS="196" VPOS="1164" WIDTH="819" HEIGHT="27">
							<String ID="string_347" HPOS="196" VPOS="1165" WIDTH="72" HEIGHT="21" WC="0.93" CONTENT="derför"/><SP WIDTH="15" VPOS="1165" HPOS="268"/>
							<String ID="string_348" HPOS="283" VPOS="1165" WIDTH="107" HEIGHT="21" WC="0.93" CONTENT="vördsamt"/><SP WIDTH="16" VPOS="1165" HPOS="390"/>
							<String ID="string_349" HPOS="406" VPOS="1164" WIDTH="91" HEIGHT="25" WC="0.93" CONTENT="anhälla,"/><SP WIDTH="15" VPOS="1164" HPOS="497"/>
							<String ID="string_350" HPOS="512" VPOS="1167" WIDTH="32" HEIGHT="19" WC="0.93" CONTENT="att"/><SP WIDTH="14" VPOS="1167" HPOS="544"/>
							<String ID="string_351" HPOS="558" VPOS="1164" WIDTH="180" HEIGHT="27" WC="0.92" CONTENT="Borgareständet"/><SP WIDTH="15" VPOS="1164" HPOS="738"/>
							<String ID="string_352" HPOS="753" VPOS="1164" WIDTH="49" HEIGHT="21" WC="0.93" CONTENT="ville"/><SP WIDTH="15" VPOS="1164" HPOS="802"/>
							<String ID="string_353" HPOS="817" VPOS="1167" WIDTH="49" HEIGHT="24" WC="0.93" CONTENT="taga"/><SP WIDTH="16" VPOS="1167" HPOS="866"/>
							<String ID="string_354" HPOS="882" VPOS="1164" WIDTH="61" HEIGHT="22" WC="0.93" CONTENT="äfven"/><SP WIDTH="14" VPOS="1164" HPOS="943"/>
							<String ID="string_355" HPOS="957" VPOS="1165" WIDTH="58" HEIGHT="21" WC="0.95" CONTENT="detta"/>
						</TextLine>
						<TextLine ID="line_36" HPOS="195" VPOS="1193" WIDTH="821" HEIGHT="26">
							<String ID="string_356" HPOS="195" VPOS="1193" WIDTH="78" HEIGHT="26" WC="0.96" CONTENT="förslag"/><SP WIDTH="24" VPOS="1193" HPOS="273"/>
							<String ID="string_357" HPOS="297" VPOS="1193" WIDTH="67" HEIGHT="22" WC="0.92" CONTENT="under"/><SP WIDTH="22" VPOS="1193" HPOS="364"/>
							<String ID="string_358" HPOS="386" VPOS="1193" WIDTH="154" HEIGHT="26" WC="0.92" CONTENT="öfvervägande"/><SP WIDTH="14" VPOS="1193" HPOS="540"/>
							<String ID="string_359" HPOS="554" VPOS="1193" WIDTH="35" HEIGHT="21" WC="0.96" CONTENT="vid"/><SP WIDTH="13" VPOS="1193" HPOS="589"/>
							<String ID="string_360" HPOS="602" VPOS="1193" WIDTH="59" HEIGHT="22" WC="0.96" CONTENT="sidan"/><SP WIDTH="15" VPOS="1193" HPOS="661"/>
							<String ID="string_361" HPOS="676" VPOS="1193" WIDTH="23" HEIGHT="21" WC="0.96" CONTENT="af"/><SP WIDTH="15" VPOS="1193" HPOS="699"/>
							<String ID="string_362" HPOS="714" VPOS="1193" WIDTH="25" HEIGHT="22" WC="0.93" CONTENT="de"/><SP WIDTH="15" VPOS="1193" HPOS="739"/>
							<String ID="string_363" HPOS="754" VPOS="1193" WIDTH="35" HEIGHT="22" WC="0.92" CONTENT="tvä"/><SP WIDTH="16" VPOS="1193" HPOS="789"/>
							<String ID="string_364" HPOS="805" VPOS="1193" WIDTH="65" HEIGHT="22" WC="0.96" CONTENT="andra"/><SP WIDTH="15" VPOS="1193" HPOS="870"/>
							<String ID="string_365" HPOS="885" VPOS="1193" WIDTH="65" HEIGHT="22" WC="0.93" CONTENT="redan"/><SP WIDTH="16" VPOS="1193" HPOS="950"/>
							<String ID="string_366" HPOS="966" VPOS="1193" WIDTH="50" HEIGHT="22" WC="0.93" CONTENT="tidi-"/>
						</TextLine>
						<TextLine ID="line_37" HPOS="194" VPOS="1222" WIDTH="197" HEIGHT="26">
							<String ID="string_367" HPOS="194" VPOS="1227" WIDTH="51" HEIGHT="21" WC="0.93" CONTENT="gare"/><SP WIDTH="15" VPOS="1227" HPOS="245"/>
							<String ID="string_368" HPOS="260" VPOS="1222" WIDTH="131" HEIGHT="21" WC="0.84" CONTENT="framstälda."/>
						</TextLine>
					</TextBlock>
				</ComposedBlock>
				<ComposedBlock ID="cblock_3" HPOS="194" VPOS="1278" WIDTH="822" HEIGHT="257">
					<TextBlock ID="block_3" HPOS="194" VPOS="1278" WIDTH="822" HEIGHT="257">
						<TextLine ID="line_38" HPOS="264" VPOS="1278" WIDTH="748" HEIGHT="27">
							<String ID="string_369" HPOS="264" VPOS="1279" WIDTH="55" HEIGHT="21" WC="0.96" CONTENT="Herr"/><SP WIDTH="16" VPOS="1279" HPOS="319"/>
							<String ID="string_370" HPOS="335" VPOS="1278" WIDTH="120" HEIGHT="22" WC="0.93" CONTENT="Heikel:"/><SP WIDTH="17" VPOS="1278" HPOS="455"/>
							<String ID="string_371" HPOS="472" VPOS="1278" WIDTH="33" HEIGHT="21" WC="0.96" CONTENT="Då"/><SP WIDTH="12" VPOS="1278" HPOS="505"/>
							<String ID="string_372" HPOS="517" VPOS="1278" WIDTH="37" HEIGHT="27" WC="0.96" CONTENT="jag"/><SP WIDTH="14" VPOS="1278" HPOS="554"/>
							<String ID="string_373" HPOS="568" VPOS="1279" WIDTH="56" HEIGHT="21" WC="0.93" CONTENT="inom"/><SP WIDTH="16" VPOS="1279" HPOS="624"/>
							<String ID="string_374" HPOS="640" VPOS="1279" WIDTH="104" HEIGHT="21" WC="0.96" CONTENT="utskottet"/><SP WIDTH="15" VPOS="1279" HPOS="744"/>
							<String ID="string_375" HPOS="759" VPOS="1278" WIDTH="125" HEIGHT="22" WC="0.95" CONTENT="medverkat"/><SP WIDTH="14" VPOS="1278" HPOS="884"/>
							<String ID="string_376" HPOS="898" VPOS="1278" WIDTH="35" HEIGHT="22" WC="0.93" CONTENT="vid"/><SP WIDTH="13" VPOS="1278" HPOS="933"/>
							<String ID="string_377" HPOS="946" VPOS="1279" WIDTH="66" HEIGHT="21" WC="0.92" CONTENT="tram-"/>
						</TextLine>
						<TextLine ID="line_39" HPOS="195" VPOS="1307" WIDTH="819" HEIGHT="26">
							<String ID="string_378" HPOS="195" VPOS="1307" WIDTH="115" HEIGHT="22" WC="0.85" CONTENT="ställandet"/><SP WIDTH="20" VPOS="1307" HPOS="310"/>
							<String ID="string_379" HPOS="330" VPOS="1307" WIDTH="24" HEIGHT="21" WC="0.96" CONTENT="af"/><SP WIDTH="21" VPOS="1307" HPOS="354"/>
							<String ID="string_380" HPOS="375" VPOS="1307" WIDTH="35" HEIGHT="22" WC="0.95" CONTENT="det"/><SP WIDTH="22" VPOS="1307" HPOS="410"/>
							<String ID="string_381" HPOS="432" VPOS="1307" WIDTH="85" HEIGHT="26" WC="0.96" CONTENT="förslag,"/><SP WIDTH="15" VPOS="1307" HPOS="517"/>
							<String ID="string_382" HPOS="532" VPOS="1313" WIDTH="44" HEIGHT="16" WC="0.93" CONTENT="som"/><SP WIDTH="16" VPOS="1313" HPOS="576"/>
							<String ID="string_383" HPOS="592" VPOS="1307" WIDTH="61" HEIGHT="26" WC="0.96" CONTENT="ingår"/><SP WIDTH="14" VPOS="1307" HPOS="653"/>
							<String ID="string_384" HPOS="667" VPOS="1307" WIDTH="70" HEIGHT="22" WC="0.93" CONTENT="såsom"/><SP WIDTH="15" VPOS="1307" HPOS="737"/>
							<String ID="string_385" HPOS="752" VPOS="1307" WIDTH="147" HEIGHT="26" WC="0.92" CONTENT="pluralitetens"/><SP WIDTH="15" VPOS="1307" HPOS="899"/>
							<String ID="string_386" HPOS="914" VPOS="1307" WIDTH="7" HEIGHT="20" WC="0.93" CONTENT="i"/><SP WIDTH="10" VPOS="1307" HPOS="921"/>
							<String ID="string_387" HPOS="931" VPOS="1307" WIDTH="83" HEIGHT="20" WC="0.93" CONTENT="utskot-"/>
						</TextLine>
						<TextLine ID="line_40" HPOS="196" VPOS="1334" WIDTH="818" HEIGHT="27">
							<String ID="string_388" HPOS="196" VPOS="1338" WIDTH="42" HEIGHT="18" WC="0.92" CONTENT="tets"/><SP WIDTH="14" VPOS="1338" HPOS="238"/>
							<String ID="string_389" HPOS="252" VPOS="1336" WIDTH="140" HEIGHT="24" WC="0.88" CONTENT="betäukande,"/><SP WIDTH="17" VPOS="1336" HPOS="392"/>
							<String ID="string_390" HPOS="409" VPOS="1335" WIDTH="36" HEIGHT="20" WC="0.96" CONTENT="ber"/><SP WIDTH="13" VPOS="1335" HPOS="445"/>
							<String ID="string_391" HPOS="458" VPOS="1335" WIDTH="37" HEIGHT="26" WC="0.96" CONTENT="jag"/><SP WIDTH="16" VPOS="1335" HPOS="495"/>
							<String ID="string_392" HPOS="511" VPOS="1337" WIDTH="30" HEIGHT="18" WC="0.96" CONTENT="att"/><SP WIDTH="15" VPOS="1337" HPOS="541"/>
							<String ID="string_393" HPOS="556" VPOS="1335" WIDTH="48" HEIGHT="20" WC="0.93" CONTENT="med"/><SP WIDTH="22" VPOS="1335" HPOS="604"/>
							<String ID="string_394" HPOS="626" VPOS="1335" WIDTH="66" HEIGHT="25" WC="0.92" CONTENT="nägra"/><SP WIDTH="14" VPOS="1335" HPOS="692"/>
							<String ID="string_395" HPOS="706" VPOS="1334" WIDTH="39" HEIGHT="21" WC="0.93" CONTENT="ord"/><SP WIDTH="14" VPOS="1334" HPOS="745"/>
							<String ID="string_396" HPOS="759" VPOS="1335" WIDTH="22" HEIGHT="20" WC="0.92" CONTENT="fä"/><SP WIDTH="15" VPOS="1335" HPOS="781"/>
							<String ID="string_397" HPOS="796" VPOS="1334" WIDTH="112" HEIGHT="22" WC="0.89" CONTENT="framhälla"/><SP WIDTH="16" VPOS="1334" HPOS="908"/>
							<String ID="string_398" HPOS="924" VPOS="1334" WIDTH="26" HEIGHT="21" WC="0.93" CONTENT="de"/><SP WIDTH="16" VPOS="1334" HPOS="950"/>
							<String ID="string_399" HPOS="966" VPOS="1341" WIDTH="48" HEIGHT="20" WC="0.92" CONTENT="syn-"/>
						</TextLine>
						<TextLine ID="line_41" HPOS="194" VPOS="1362" WIDTH="821" HEIGHT="28">
							<String ID="string_400" HPOS="194" VPOS="1363" WIDTH="99" HEIGHT="27" WC="0.93" CONTENT="punkter,"/><SP WIDTH="16" VPOS="1363" HPOS="293"/>
							<String ID="string_401" HPOS="309" VPOS="1363" WIDTH="47" HEIGHT="21" WC="0.96" CONTENT="från"/><SP WIDTH="23" VPOS="1363" HPOS="356"/>
							<String ID="string_402" HPOS="379" VPOS="1362" WIDTH="72" HEIGHT="22" WC="0.96" CONTENT="hvilka"/><SP WIDTH="17" VPOS="1362" HPOS="451"/>
							<String ID="string_403" HPOS="468" VPOS="1362" WIDTH="37" HEIGHT="27" WC="0.93" CONTENT="jag"/><SP WIDTH="15" VPOS="1362" HPOS="505"/>
							<String ID="string_404" HPOS="520" VPOS="1362" WIDTH="108" HEIGHT="21" WC="0.96" CONTENT="betraktat"/><SP WIDTH="16" VPOS="1362" HPOS="628"/>
							<String ID="string_405" HPOS="644" VPOS="1362" WIDTH="69" HEIGHT="21" WC="0.93" CONTENT="denna"/><SP WIDTH="11" VPOS="1362" HPOS="713"/>
							<String ID="string_406" HPOS="724" VPOS="1362" WIDTH="66" HEIGHT="27" WC="0.96" CONTENT="fråga,"/><SP WIDTH="17" VPOS="1362" HPOS="790"/>
							<String ID="string_407" HPOS="807" VPOS="1363" WIDTH="38" HEIGHT="21" WC="0.96" CONTENT="och"/><SP WIDTH="18" VPOS="1363" HPOS="845"/>
							<String ID="string_408" HPOS="863" VPOS="1363" WIDTH="32" HEIGHT="21" WC="0.93" CONTENT="att"/><SP WIDTH="16" VPOS="1363" HPOS="895"/>
							<String ID="string_409" HPOS="911" VPOS="1362" WIDTH="68" HEIGHT="22" WC="0.96" CONTENT="tillika"/><SP WIDTH="15" VPOS="1362" HPOS="979"/>
							<String ID="string_410" HPOS="994" VPOS="1363" WIDTH="21" HEIGHT="21" WC="0.96" CONTENT="få"/>
						</TextLine>
						<TextLine ID="line_42" HPOS="195" VPOS="1391" WIDTH="820" HEIGHT="28">
							<String ID="string_411" HPOS="195" VPOS="1391" WIDTH="85" HEIGHT="23" WC="0.96" CONTENT="bemöta"/><SP WIDTH="15" VPOS="1391" HPOS="280"/>
							<String ID="string_412" HPOS="295" VPOS="1391" WIDTH="67" HEIGHT="28" WC="0.96" CONTENT="några"/><SP WIDTH="15" VPOS="1391" HPOS="362"/>
							<String ID="string_413" HPOS="377" VPOS="1391" WIDTH="22" HEIGHT="22" WC="0.96" CONTENT="af"/><SP WIDTH="14" VPOS="1391" HPOS="399"/>
							<String ID="string_414" HPOS="413" VPOS="1391" WIDTH="25" HEIGHT="22" WC="0.97" CONTENT="de"/><SP WIDTH="16" VPOS="1391" HPOS="438"/>
							<String ID="string_415" HPOS="454" VPOS="1391" WIDTH="168" HEIGHT="27" WC="0.95" CONTENT="anmärkningar,"/><SP WIDTH="15" VPOS="1391" HPOS="622"/>
							<String ID="string_416" HPOS="637" VPOS="1397" WIDTH="45" HEIGHT="16" WC="0.96" CONTENT="som"/><SP WIDTH="19" VPOS="1397" HPOS="682"/>
							<String ID="string_417" HPOS="701" VPOS="1391" WIDTH="67" HEIGHT="28" WC="0.96" CONTENT="gjorts"/><SP WIDTH="15" VPOS="1391" HPOS="768"/>
							<String ID="string_418" HPOS="783" VPOS="1395" WIDTH="45" HEIGHT="18" WC="0.96" CONTENT="mot"/><SP WIDTH="15" VPOS="1395" HPOS="828"/>
							<String ID="string_419" HPOS="843" VPOS="1391" WIDTH="114" HEIGHT="22" WC="0.93" CONTENT="utskottets"/><SP WIDTH="15" VPOS="1391" HPOS="957"/>
							<String ID="string_420" HPOS="972" VPOS="1391" WIDTH="43" HEIGHT="22" WC="0.91" CONTENT="för-"/>
						</TextLine>
						<TextLine ID="line_43" HPOS="195" VPOS="1419" WIDTH="820" HEIGHT="29">
							<String ID="string_421" HPOS="195" VPOS="1420" WIDTH="53" HEIGHT="27" WC="0.94" CONTENT="slag."/><SP WIDTH="30" VPOS="1420" HPOS="248"/>
							<String ID="string_422" HPOS="278" VPOS="1420" WIDTH="42" HEIGHT="22" WC="0.96" CONTENT="Det"/><SP WIDTH="15" VPOS="1420" HPOS="320"/>
							<String ID="string_423" HPOS="335" VPOS="1422" WIDTH="23" HEIGHT="20" WC="0.96" CONTENT="är"/><SP WIDTH="16" VPOS="1422" HPOS="358"/>
							<String ID="string_424" HPOS="374" VPOS="1422" WIDTH="31" HEIGHT="20" WC="0.96" CONTENT="ett"/><SP WIDTH="15" VPOS="1422" HPOS="405"/>
							<String ID="string_425" HPOS="420" VPOS="1419" WIDTH="142" HEIGHT="28" WC="0.96" CONTENT="egendomligt"/><SP WIDTH="15" VPOS="1419" HPOS="562"/>
							<String ID="string_426" HPOS="577" VPOS="1419" WIDTH="133" HEIGHT="23" WC="0.78" CONTENT="förhållande"/><SP WIDTH="14" VPOS="1419" HPOS="710"/>
							<String ID="string_427" HPOS="724" VPOS="1420" WIDTH="7" HEIGHT="21" WC="0.96" CONTENT="i"/><SP WIDTH="12" VPOS="1420" HPOS="731"/>
							<String ID="string_428" HPOS="743" VPOS="1420" WIDTH="196" HEIGHT="23" WC="0.92" CONTENT="afseende"/><SP WIDTH="-87" VPOS="1420" HPOS="939"/>
							<String ID="string_429" HPOS="852" VPOS="1415" WIDTH="10" HEIGHT="37" WC="0.92" CONTENT="å"/><SP WIDTH="13" VPOS="1415" HPOS="862"/>
							<String ID="string_430" HPOS="875" VPOS="1420" WIDTH="59" HEIGHT="23" WC="0.96" CONTENT="denna"/><SP WIDTH="15" VPOS="1420" HPOS="934"/>
							<String ID="string_431" HPOS="949" VPOS="1421" WIDTH="66" HEIGHT="27" WC="0.96" CONTENT="fråga,"/>
						</TextLine>
						<TextLine ID="line_44" HPOS="196" VPOS="1449" WIDTH="820" HEIGHT="28">
							<String ID="string_432" HPOS="196" VPOS="1450" WIDTH="36" HEIGHT="21" WC="0.96" CONTENT="det"/><SP WIDTH="22" VPOS="1450" HPOS="232"/>
							<String ID="string_433" HPOS="254" VPOS="1449" WIDTH="113" HEIGHT="28" WC="0.96" CONTENT="nämligen,"/><SP WIDTH="18" VPOS="1449" HPOS="367"/>
							<String ID="string_434" HPOS="385" VPOS="1451" WIDTH="32" HEIGHT="20" WC="0.96" CONTENT="att"/><SP WIDTH="21" VPOS="1451" HPOS="417"/>
							<String ID="string_435" HPOS="438" VPOS="1449" WIDTH="43" HEIGHT="22" WC="0.96" CONTENT="alla"/><SP WIDTH="15" VPOS="1449" HPOS="481"/>
							<String ID="string_436" HPOS="496" VPOS="1449" WIDTH="26" HEIGHT="22" WC="0.96" CONTENT="de"/><SP WIDTH="15" VPOS="1449" HPOS="522"/>
							<String ID="string_437" HPOS="537" VPOS="1449" WIDTH="57" HEIGHT="21" WC="0.93" CONTENT="olika"/><SP WIDTH="23" VPOS="1449" HPOS="594"/>
							<String ID="string_438" HPOS="617" VPOS="1449" WIDTH="194" HEIGHT="27" WC="0.91" CONTENT="förslagställarene"/><SP WIDTH="14" VPOS="1449" HPOS="811"/>
							<String ID="string_439" HPOS="825" VPOS="1449" WIDTH="7" HEIGHT="21" WC="0.96" CONTENT="i"/><SP WIDTH="16" VPOS="1449" HPOS="832"/>
							<String ID="string_440" HPOS="848" VPOS="1449" WIDTH="120" HEIGHT="22" WC="0.96" CONTENT="densamma"/><SP WIDTH="15" VPOS="1449" HPOS="968"/>
							<String ID="string_441" HPOS="983" VPOS="1449" WIDTH="33" HEIGHT="22" WC="0.96" CONTENT="för"/>
						</TextLine>
						<TextLine ID="line_45" HPOS="195" VPOS="1477" WIDTH="820" HEIGHT="29">
							<String ID="string_442" HPOS="195" VPOS="1479" WIDTH="33" HEIGHT="27" WC="0.95" CONTENT="sig"/><SP WIDTH="14" VPOS="1479" HPOS="228"/>
							<String ID="string_443" HPOS="242" VPOS="1479" WIDTH="50" HEIGHT="26" WC="0.93" CONTENT="vilja"/><SP WIDTH="15" VPOS="1479" HPOS="292"/>
							<String ID="string_444" HPOS="307" VPOS="1478" WIDTH="106" HEIGHT="22" WC="0.92" CONTENT="vindicera"/><SP WIDTH="15" VPOS="1478" HPOS="413"/>
							<String ID="string_445" HPOS="428" VPOS="1477" WIDTH="89" HEIGHT="23" WC="0.96" CONTENT="rättvisa"/><SP WIDTH="16" VPOS="1477" HPOS="517"/>
							<String ID="string_446" HPOS="533" VPOS="1477" WIDTH="38" HEIGHT="22" WC="0.93" CONTENT="och"/><SP WIDTH="16" VPOS="1477" HPOS="571"/>
							<String ID="string_447" HPOS="587" VPOS="1477" WIDTH="105" HEIGHT="28" WC="0.92" CONTENT="billighet,"/><SP WIDTH="10" VPOS="1477" HPOS="692"/>
							<String ID="string_448" HPOS="702" VPOS="1478" WIDTH="76" HEIGHT="22" WC="0.96" CONTENT="medan"/><SP WIDTH="9" VPOS="1478" HPOS="778"/>
							<String ID="string_449" HPOS="787" VPOS="1479" WIDTH="25" HEIGHT="21" WC="0.96" CONTENT="de"/><SP WIDTH="10" VPOS="1479" HPOS="812"/>
							<String ID="string_450" HPOS="822" VPOS="1485" WIDTH="44" HEIGHT="16" WC="0.96" CONTENT="mer"/><SP WIDTH="9" VPOS="1485" HPOS="866"/>
							<String ID="string_451" HPOS="875" VPOS="1479" WIDTH="52" HEIGHT="22" WC="0.96" CONTENT="eller"/><SP WIDTH="8" VPOS="1479" HPOS="927"/>
							<String ID="string_452" HPOS="935" VPOS="1479" WIDTH="80" HEIGHT="22" WC="0.96" CONTENT="mindre"/>
						</TextLine>
						<TextLine ID="line_46" HPOS="196" VPOS="1507" WIDTH="819" HEIGHT="28">
							<String ID="string_453" HPOS="196" VPOS="1507" WIDTH="106" HEIGHT="23" WC="0.92" CONTENT="oförtäckt"/><SP WIDTH="21" VPOS="1507" HPOS="302"/>
							<String ID="string_454" HPOS="323" VPOS="1507" WIDTH="118" HEIGHT="22" WC="0.91" CONTENT="frånkänna"/><SP WIDTH="22" VPOS="1507" HPOS="441"/>
							<String ID="string_455" HPOS="463" VPOS="1507" WIDTH="43" HEIGHT="22" WC="0.96" CONTENT="alla"/><SP WIDTH="22" VPOS="1507" HPOS="506"/>
							<String ID="string_456" HPOS="528" VPOS="1507" WIDTH="66" HEIGHT="21" WC="0.96" CONTENT="andra"/><SP WIDTH="18" VPOS="1507" HPOS="594"/>
							<String ID="string_457" HPOS="612" VPOS="1507" WIDTH="78" HEIGHT="27" WC="0.96" CONTENT="förslag"/><SP WIDTH="16" VPOS="1507" HPOS="690"/>
							<String ID="string_458" HPOS="706" VPOS="1507" WIDTH="61" HEIGHT="22" WC="0.96" CONTENT="dessa"/><SP WIDTH="16" VPOS="1507" HPOS="767"/>
							<String ID="string_459" HPOS="783" VPOS="1507" WIDTH="135" HEIGHT="28" WC="0.95" CONTENT="egenskaper."/><SP WIDTH="31" VPOS="1507" HPOS="918"/>
							<String ID="string_460" HPOS="949" VPOS="1508" WIDTH="66" HEIGHT="22" WC="0.95" CONTENT="Detta"/>
						</TextLine>
					</TextBlock>
				</ComposedBlock>
			</PrintSpace>
		</Page>
	</Layout>
</alto>
