1111 1803
327 133 177 21 Borgareståndet
516 133 57 17 1882.
598 133 24 16 14
634 132 59 22 april.
876 127 41 20 837

168 203 32 20 2:0
226 201 169 22 statsutskottets
417 201 133 22 betänkande
573 201 40 22 N:o
629 202 13 20 4
664 202 7 20 i
693 201 113 26 anledning
822 201 23 21 af
858 201 60 22 Hans

97 230 119 27 Kejserliga
235 230 110 26 Majestäts
361 230 75 26 nådiga
452 230 129 26 proposition
597 230 109 26 angående
721 230 81 20 inlösen
817 229 23 21 af
854 230 64 21 dona-

97 258 135 27 tionsgodsen
248 258 8 21 i
271 258 89 27 Viborgs
376 258 39 22 och
430 258 32 22 S:t
477 258 88 22 Michels
580 258 45 26 län;

166 287 34 21 3:0
216 286 150 27 lagutskottets
383 287 132 21 betänkande
531 287 39 21 N:o
587 287 11 21 5
615 287 6 21 i
637 286 111 27 anledning
763 286 21 21 af
798 286 60 21 Hans
868 286 50 27 Kej-

97 315 78 26 serliga
194 315 111 27 Majestäts
321 315 76 27 nådiga
412 315 131 27 proposition
559 315 108 26 angående
682 315 92 21 arvoden
790 314 34 22 för
839 314 80 22 sådana

97 342 196 28 bouppteckningar
317 344 38 21 och
377 344 110 21 arfskiften
510 344 6 20 i
536 343 53 24 stad,
615 344 33 20 till
663 343 82 21 hvilkas
762 342 157 23 verkställande

96 371 189 28 förrättningsmän
300 372 24 21 af
336 372 165 21 Rådstufvurätt
516 373 67 24 utses;
599 373 56 20 samt

166 401 34 20 4:0
216 401 215 21 ekonomiutskottets
450 401 133 20 betänkande
598 400 40 21 N:o
655 401 12 20 3
682 400 6 21 i
704 399 113 28 anledning
827 399 23 22 af
859 399 59 22 Hans

97 428 119 28 Kejserliga
231 429 110 26 Majestäts
357 429 77 26 nådiga
448 429 131 26 proposition
595 428 40 22 N:o
652 430 25 19 16
700 429 108 26 angående
824 428 95 21 vilkoren

97 457 32 21 för
151 457 20 27 ej
194 457 81 22 mindre
298 457 123 27 försäljning
444 457 32 21 till
499 457 131 27 afhemtning
642 457 23 21 af
679 457 146 26 maltdrycker,
842 458 26 19 än
884 459 35 18 ut-

97 486 119 27 skänkning
239 486 60 21 deraf
313 486 38 21 och
368 486 65 21 andra
448 486 46 21 icke
510 486 112 27 spirituösa
638 486 95 27 drycker,
746 486 69 21 såsom
832 485 38 22 ock
886 487 33 19 rö-

97 515 65 20 rande
185 514 89 27 ändring
296 514 23 21 af
340 514 148 27 förordningen
512 521 33 15 om
567 515 127 26 näringarne
717 514 21 21 af
761 514 40 22 den
818 515 24 20 31
861 513 58 22 Mars

99 543 73 21 1879.

167 600 117 26 bordlades,
307 600 25 21 de
354 601 76 21 tvenne
452 600 145 22 förstnämnda
619 600 161 21 betänkandena
803 599 32 22 till
858 602 64 19 nästa

98 629 157 21 sammanträde
270 631 56 19 samt
342 629 25 21 de
383 635 73 15 senare
471 630 33 20 till
520 629 65 21 andra
601 629 84 27 plenum
701 629 6 21 i
723 630 61 20 nästa
800 628 72 22 vecka.

167 772 55 21 Herr
244 772 129 21 Talmannen
395 772 131 27 meddelade,
549 774 31 20 att
596 771 65 28 enligt
677 770 244 23 talmanskonferensens

99 800 67 22 denne
188 801 40 26 dag
251 801 81 21 fattade
356 801 68 21 beslut
446 802 62 26 plena
531 802 7 20 i
560 803 62 19 nästa
637 801 66 21 vecka
717 801 69 20 skulle
800 799 69 23 hällas
885 805 34 16 om

99 829 70 27 tisdag
184 829 40 22 och
240 829 70 27 fredag
327 829 28 22 kl.
373 831 23 20 11
413 829 15 21 f.
444 837 26 14 m.

167 974 116 25 Anmältes,
306 975 32 20 att
360 973 130 28 protokollet
506 974 32 21 för
554 974 38 21 den
609 974 25 21 21
652 973 57 21 Mars
725 979 17 15 e.
759 979 27 15 m.
802 979 37 15 var
855 972 63 21 fram-

98 1002 59 27 lagdt
173 1002 33 21 till
220 1002 109 27 justering.

167 1133 171 22 Sammanträdet
361 1133 131 22 förklarades
515 1133 87 22 härmed
624 1133 108 24 afslutadt,
755 1133 39 21 och
818 1132 101 22 medlem-

99 1168 72 15 marne
188 1161 101 22 ätskildes
305 1163 27 20 kl.
352 1163 25 20 10
393 1169 15 15 e.
426 1169 27 14 m.

683 1218 21 17 In
715 1218 63 17 fidem:

608 1258 57 21 Karl
681 1257 168 28 Langenskiöld.
