1111 1786
203 131 44 21 858
432 135 176 21 Borgareståndet
621 136 55 17 1882.
700 135 23 16 18
735 134 57 22 april.

204 205 40 21 har
259 205 64 21 redan
340 210 25 15 en
381 204 127 27 föregående
531 203 66 22 talare
620 203 91 27 påpekat
727 210 24 14 en
767 205 71 25 utväg,
853 209 44 16 som
913 202 100 22 förefinnes

204 233 33 21 för
253 233 61 22 dessa
329 232 96 25 rusthåll,
442 232 39 20 den
497 232 104 26 nämligen
627 234 32 19 att
682 231 80 23 erhålla
778 231 202 27 skatteförmedling.

203 262 41 26 Jag
260 261 35 22 vill
311 261 39 22 här
365 249 101 33 särskildt
481 261 88 27 påpeka,
585 262 33 20 att
633 260 39 22 den
688 260 64 27 fråga,
764 266 45 16 som
825 266 28 17 nu
868 260 111 26 föreligger
990 257 31 24 till

204 291 122 26 afgörande,
342 290 108 26 verkligen
466 289 46 22 icke
528 292 24 19 är
566 290 22 21 af
602 290 24 21 så
640 289 61 27 ringa
715 290 44 27 vigt
774 289 33 21 för
822 290 46 20 vårt
884 288 55 24 land.
961 289 63 22 Rust-

204 319 82 22 hällens
302 319 57 21 antal
374 320 7 19 i
397 318 73 22 landet
490 320 23 19 är
528 318 121 27 visserligen
671 317 56 22 blott
749 318 68 27 2,250,
832 323 47 17 men
895 318 66 21 under
977 317 47 22 dem

205 348 50 27 lyda
270 354 25 15 en
310 347 81 27 ganska
415 346 93 27 betydlig
534 347 75 27 mängd
631 346 123 27 lägenheter
769 347 69 20 såsom
854 346 170 26 augmentshem-

204 383 56 18 man,
276 376 40 22 och
331 377 68 25 dessa,
415 375 72 22 hvilka
502 375 122 28 antagligen
645 375 70 27 uppgå
730 375 32 21 till
779 375 59 21 öfver
854 376 83 25 10,000,
953 375 71 22 betala

204 406 9 21 i
228 406 184 25 augmentsräntor
428 405 22 20 åt
465 404 116 22 rusthållen
592 411 26 14 en
631 410 82 15 summa
723 404 23 21 af
754 404 92 25 625,000
857 404 59 21 mark
927 410 34 15 om
973 403 51 24 året,

204 434 49 21 med
275 433 66 22 andra
366 433 39 21 ord
427 433 25 21 de
475 435 78 24 utgöra
573 439 25 15 en
622 432 101 27 fjärdedel
743 433 23 20 af
778 432 48 22 hela
842 432 40 22 den
898 433 6 21 i
919 433 105 20 allmänna

206 462 132 23 statsfonden
353 468 28 15 nu
397 464 108 25 upptagna
526 461 142 27 jordskatten.
698 461 42 22 Det
762 463 24 19 är
806 461 82 22 således
911 461 60 27 fråga
991 467 34 16 om

204 494 32 19 att
253 491 38 21 här
306 491 6 21 i
328 491 73 21 landet
423 491 33 21 för
478 491 61 20 alltid
563 490 101 22 afskrifva
679 496 26 15 en
720 489 101 28 fjärdedel
837 490 22 21 af
874 490 39 21 den
929 490 96 21 säkraste

204 521 66 25 skatt,
286 526 45 15 som
347 520 5 21 i
369 519 72 27 hvarje
464 519 49 21 land
536 525 61 16 anses
618 519 120 25 förefinnas,
761 519 83 21 skatten
866 519 26 27 på
908 519 41 21 fast
964 525 61 20 egen-

205 549 57 21 dom.
278 561 28 2 —
321 549 33 20 En
369 548 127 26 föregående
518 548 69 21 talare
609 548 38 21 har
669 547 61 21 äfven
753 548 79 21 erinrat
847 553 34 16 oss
897 548 78 26 derom,
992 549 33 20 att

206 578 61 21 dessa
282 579 73 19 räntor
370 565 69 38 aldrig
455 576 68 21 blifvit
538 576 92 22 afhända
645 573 24 24 af
685 577 87 23 kronan,
789 578 51 19 utan
855 576 75 21 endast
945 565 80 37 tempo-

204 607 46 20 rärt
272 605 129 22 anordnade.
417 617 27 3 —
460 605 32 21 Då
512 605 36 27 jag
571 605 82 22 säledes
673 611 67 20 anser,
756 606 32 19 att
810 605 71 26 hvarje
902 605 123 26 ytterligare

205 634 93 27 uppskof
316 634 48 21 med
386 633 74 27 frågan
482 634 75 21 endast
579 633 66 28 gifver
663 633 132 22 försvararne
811 633 21 21 af
847 633 178 25 rusthällsintres-

206 669 51 15 sena
271 663 123 26 ytterligare
409 663 48 20 stöd
470 662 33 22 för
518 663 37 20 sitt
572 662 100 27 yrkande,
689 662 95 22 anhäller
804 661 43 28 jag,
862 664 32 19 att
909 661 72 28 frägan
997 668 13 15 n

205 693 67 20 mätte
286 691 90 27 afgöras,
393 691 39 21 och
448 691 35 20 vill
496 691 42 27 jag,
554 691 68 21 säsom
647 691 68 26 sagdt,
731 691 111 26 godkänna
858 690 116 22 utskottets
988 691 37 21 be-

205 720 107 21 tänkande
334 720 45 21 icke
402 719 78 26 derför,
495 722 33 19 att
546 720 35 27 jag
597 719 71 22 vorei
684 719 80 27 princip
786 719 48 23 fullt
854 725 50 16 ense
919 719 47 22 med
981 719 46 22 det-

205 755 87 19 samma,
307 755 48 15 men
369 749 88 20 emedan
473 748 159 21 betänkandet
623 743 10 37 i
643 747 98 22 afseende
754 748 12 21 &
782 748 35 21 det
832 748 110 27 praktiska
957 749 67 20 resul-

205 779 55 20 tatet
275 779 94 20 närmast
393 777 197 22 öfverensstämmer
614 777 47 22 med
687 776 40 22 den
750 777 55 26 äsigt
827 777 37 26 jag
888 777 65 20 redan
969 777 57 21 inom

206 806 167 21 skattekomiten
389 805 79 22 uttalat
483 806 5 21 i
504 806 72 21 saken.

275 864 55 21 Herr
346 863 166 27 Wallgren:
543 864 41 26 Jag
599 863 68 22 skulle
682 863 53 27 yrka
748 863 34 27 pä,
798 865 33 19 att
846 863 47 21 med
902 863 124 27 algörandet

206 893 22 21 af
241 893 46 20 icke
303 892 55 21 blott
374 894 10 23 $
401 892 20 24 2,
438 894 50 19 utan
504 892 60 21 äfven
580 892 42 20 alla
644 891 91 27 följande
757 892 123 26 paragrafer
896 892 6 22 i
918 892 59 20 detta
992 889 34 54 JN

206 921 69 21 skotts
290 920 134 22 betänkande
440 920 66 21 mätte
520 920 80 22 lemnas
616 920 105 21 beroende
737 920 43 20 tills
796 920 40 21 den
852 920 119 26 utredning,
980 926 23 14 so

207 949 49 21 herr
272 949 110 21 Molander
397 951 100 22 omnämt,
514 949 89 22 vunnits.
634 948 74 22 Säsom
721 949 36 27 jag
772 948 57 22 förut
849 948 122 26 framhällit,
988 950 37 22 ön-

206 978 51 21 skar
279 978 60 21 äfven
362 977 36 27 jag
423 978 184 26 rusthällsfrägans
633 976 106 22 definitiva
759 976 115 28 afgörande
900 977 34 28 vid
957 977 68 21 denna

207 1006 108 26 landtdag.
345 1006 48 22 Men
407 1006 35 27 jag
458 1006 79 21 önskar
552 1006 106 27 derjemte,
674 1008 33 18 att
727 1012 39 15 om:
777 1005 81 27 möjligt
873 1006 153 21 rotevakansen

210 1035 66 20 mätte
291 1036 71 19 kunna
378 1034 89 27 aflyftas.

276 1091 55 21 Herr
346 1091 129 21 Kurtén:
506 1091 40 27 Jag
561 1091 38 21 har
615 1091 118 26 egentligen
747 1091 47 21 icke
809 1091 65 27 något
890 1092 33 19 att
938 1091 88 27 tillägga

208 1120 31 21 till
256 1120 35 21 det
306 1120 136 25 andragande
455 1120 36 26 jag
506 1119 53 22 hade
576 1119 31 22 till
624 1119 81 22 förmän
718 1119 33 21 för
761 1119 115 22 utskottets
892 1119 134 22 betänkande

207 1149 34 20 vid
258 1148 39 21 den
313 1148 153 21 förberedande
481 1148 146 21 diskussionen
639 1149 6 20 i
657 1147 79 27 frägan.
762 1148 41 27 Jag
819 1147 47 22 ville
882 1148 75 21 endast
972 1148 54 21 fästa

207 1177 214 27 uppmärksamheten
436 1177 42 25 vid,
495 1179 32 18 att
548 1177 105 21 utskottet
675 1177 40 20 fätt
738 1176 158 27 beskyllningar
911 1177 32 20 för
959 1179 67 18 orätt-

208 1206 44 20 visa
268 1205 45 21 frän
329 1205 104 21 hvardera
448 1204 72 22 hället.
550 1205 81 21 Herrar
655 1204 107 22 Fabritius
775 1204 39 22 och
829 1204 77 22 Ervast
922 1206 56 25 säga,
995 1207 32 19 att

208 1234 105 21 utskottet
328 1234 54 21 varit
398 1233 32 21 för
446 1234 83 26 mycket
545 1233 90 25 liberalt,
653 1234 26 20 dä
695 1233 36 21 det
744 1233 110 27 föreslagit
868 1234 125 26 indragning
1006 1233 22 21 af

208 1262 75 22 endast
299 1264 26 19 76
341 1262 142 22 rubelskatter
505 1262 66 21 under
594 1262 71 26 loppet
686 1262 22 20 af
723 1262 33 21 nio
772 1263 30 20 är.
833 1262 32 22 De
880 1262 68 21 skulle
964 1262 63 21 hafva

209 1292 83 24 önskat,
308 1293 32 19 att
354 1290 105 22 utskottet
484 1290 54 22 hade
563 1291 46 27 följt
628 1291 40 21 den
685 1290 111 28 kejserliga
812 1291 159 26 propositionen
987 1290 39 23 och

208 1308 93 37 indragit
326 1320 42 20 alla
393 1320 81 20 skatter
496 1320 67 20 under
584 1320 71 25 loppet
670 1319 21 20 af
706 1321 24 19 51
748 1320 30 24 år,
794 1319 40 21 och
849 1320 25 19 de
890 1320 63 19 hafva
967 1319 59 25 gifvit

208 1347 109 27 tillkänna,
333 1349 32 19 att
380 1347 35 21 det
430 1348 24 20 är
469 1347 138 26 synnerligast
623 1347 26 20 de
664 1348 68 20 större
747 1332 123 45 rusthällen,
886 1353 44 15 som
944 1346 83 26 utskot-

208 1377 31 19 tet
254 1377 84 25 gynnat.
368 1375 11 21 I
394 1375 113 25 anledning
522 1375 61 21 häraf
597 1375 37 20 ber
647 1375 38 27 jag
699 1375 75 21 främst
789 1377 32 20 att
837 1374 20 22 fä
872 1375 106 27 päminna,
993 1377 33 18 att

208 1392 104 33 utskottet
323 1404 6 20 i
341 1403 143 27 verkligheten
499 1404 98 27 indrager
613 1404 25 21 95
655 1404 147 27 rubelskatter,
818 1404 87 21 säframt
921 1404 106 26 nämligen

208 1432 193 28 vakansafgifterna
419 1432 46 22 frän
489 1433 165 21 knekterotarna
679 1432 60 22 skola
754 1433 92 21 kvarstä.
876 1432 61 22 Efter
953 1440 26 14 en
994 1432 31 22 sä-

209 1462 41 21 dan
266 1462 125 26 indragning
406 1461 42 21 blir
463 1462 35 20 det
513 1461 45 21 icke
573 1468 26 15 en
615 1462 22 20 sä
653 1461 98 28 ofantligt
762 1464 45 19 stor
822 1462 33 21 del
871 1461 23 24 af
902 1461 123 25 rusthällen,

209 1497 45 14 som
270 1490 68 21 skulle
353 1491 84 20 komma
453 1492 31 19 att
500 1490 64 21 blifva
586 1490 122 26 skattefria;
730 1491 81 21 antalet
833 1491 23 21 af
869 1491 47 21 dem
933 1491 92 21 minskas

209 1519 109 27 betydligt.
348 1519 48 22 Men
413 1525 33 15 om
466 1525 26 15 en
515 1520 54 26 gäng
592 1519 39 21 den
655 1519 68 27 öfriga
735 1520 82 26 jorden,
833 1526 44 15 som
893 1519 54 21 skall
963 1519 62 25 ställä
