<?xml version="1.0" encoding="UTF-8"?>
<alto xmlns="http://www.loc.gov/standards/alto/ns-v3#" xmlns:xlink="http://www.w3.org/1999/xlink" xmlns:xsi="http://www.w3.org/2001/XMLSchema-instance" xsi:schemaLocation="http://www.loc.gov/standards/alto/ns-v3# http://www.loc.gov/alto/v3/alto-3-0.xsd">
	<Description>
		<MeasurementUnit>pixel</MeasurementUnit>
		<sourceImageInformation>
			<fileName>/tmp/tess_sb6cv771_input.PNG</fileName>
		</sourceImageInformation>
		<OCRProcessing ID="OCR_0">
			<ocrProcessingStep>
				<processingSoftware>
					<softwareName>tesseract 5.3.4</softwareName>
				</processingSoftware>
			</ocrProcessingStep>
		</OCRProcessing>
	</Description>
	<Layout>
		<Page WIDTH="1123" HEIGHT="1817" PHYSICAL_IMG_NR="0" ID="page_0">
			<PrintSpace HPOS="0" VPOS="0" WIDTH="1123" HEIGHT="1817">
				<ComposedBlock ID="cblock_0" HPOS="227" VPOS="129" WIDTH="594" HEIGHT="26">
					<TextBlock ID="block_0" HPOS="227" VPOS="129" WIDTH="594" HEIGHT="26">
						<TextLine ID="line_0" HPOS="227" VPOS="129" WIDTH="594" HEIGHT="26">
							<String ID="string_0" HPOS="227" VPOS="129" WIDTH="42" HEIGHT="21" WC="0.95" CONTENT="682"/><SP WIDTH="180" VPOS="129" HPOS="269"/>
							<String ID="string_1" HPOS="449" VPOS="134" WIDTH="178" HEIGHT="21" WC="0.91" CONTENT="Borgareständet"/><SP WIDTH="13" VPOS="134" HPOS="627"/>
							<String ID="string_2" HPOS="640" VPOS="134" WIDTH="58" HEIGHT="18" WC="0.95" CONTENT="1882."/><SP WIDTH="24" VPOS="134" HPOS="698"/>
							<String ID="string_3" HPOS="722" VPOS="135" WIDTH="26" HEIGHT="17" WC="0.70" CONTENT="238"/><SP WIDTH="12" VPOS="135" HPOS="748"/>
							<String ID="string_4" HPOS="760" VPOS="138" WIDTH="61" HEIGHT="14" WC="0.96" CONTENT="mars."/>
						</TextLine>
					</TextBlock>
				</ComposedBlock>
				<GraphicalElement ID="cblock_1" HPOS="226" VPOS="163" WIDTH="821" HEIGHT="4"></GraphicalElement >
				<ComposedBlock ID="cblock_2" HPOS="227" VPOS="202" WIDTH="820" HEIGHT="85">
					<TextBlock ID="block_1" HPOS="227" VPOS="202" WIDTH="820" HEIGHT="85">
						<TextLine ID="line_1" HPOS="296" VPOS="202" WIDTH="751" HEIGHT="28">
							<String ID="string_5" HPOS="296" VPOS="202" WIDTH="55" HEIGHT="22" WC="0.92" CONTENT="Herr"/><SP WIDTH="22" VPOS="202" HPOS="351"/>
							<String ID="string_6" HPOS="373" VPOS="202" WIDTH="126" HEIGHT="22" WC="0.89" CONTENT="Heikel:"/><SP WIDTH="25" VPOS="202" HPOS="499"/>
							<String ID="string_7" HPOS="524" VPOS="203" WIDTH="41" HEIGHT="27" WC="0.96" CONTENT="Jag"/><SP WIDTH="15" VPOS="203" HPOS="565"/>
							<String ID="string_8" HPOS="580" VPOS="203" WIDTH="38" HEIGHT="21" WC="0.96" CONTENT="ber"/><SP WIDTH="15" VPOS="203" HPOS="618"/>
							<String ID="string_9" HPOS="633" VPOS="204" WIDTH="32" HEIGHT="19" WC="0.95" CONTENT="att"/><SP WIDTH="16" VPOS="204" HPOS="665"/>
							<String ID="string_10" HPOS="681" VPOS="202" WIDTH="36" HEIGHT="21" WC="0.96" CONTENT="det"/><SP WIDTH="14" VPOS="202" HPOS="717"/>
							<String ID="string_11" HPOS="731" VPOS="202" WIDTH="65" HEIGHT="22" WC="0.92" CONTENT="måtte"/><SP WIDTH="16" VPOS="202" HPOS="796"/>
							<String ID="string_12" HPOS="812" VPOS="202" WIDTH="139" HEIGHT="21" WC="0.91" CONTENT="ötverlemnas"/><SP WIDTH="16" VPOS="202" HPOS="951"/>
							<String ID="string_13" HPOS="967" VPOS="202" WIDTH="32" HEIGHT="21" WC="0.93" CONTENT="till"/><SP WIDTH="16" VPOS="202" HPOS="999"/>
							<String ID="string_14" HPOS="1015" VPOS="204" WIDTH="32" HEIGHT="20" WC="0.93" CONTENT="ut-"/>
						</TextLine>
						<TextLine ID="line_2" HPOS="228" VPOS="230" WIDTH="819" HEIGHT="28">
							<String ID="string_15" HPOS="228" VPOS="231" WIDTH="92" HEIGHT="21" WC="0.91" CONTENT="skottets"/><SP WIDTH="16" VPOS="231" HPOS="320"/>
							<String ID="string_16" HPOS="336" VPOS="230" WIDTH="133" HEIGHT="28" WC="0.92" CONTENT="bepröfning,"/><SP WIDTH="16" VPOS="230" HPOS="469"/>
							<String ID="string_17" HPOS="485" VPOS="230" WIDTH="104" HEIGHT="22" WC="0.96" CONTENT="huruvida"/><SP WIDTH="15" VPOS="230" HPOS="589"/>
							<String ID="string_18" HPOS="604" VPOS="230" WIDTH="69" HEIGHT="27" WC="0.96" CONTENT="någon"/><SP WIDTH="19" VPOS="230" HPOS="673"/>
							<String ID="string_19" HPOS="692" VPOS="231" WIDTH="88" HEIGHT="26" WC="0.96" CONTENT="ändring"/><SP WIDTH="16" VPOS="231" HPOS="780"/>
							<String ID="string_20" HPOS="796" VPOS="231" WIDTH="6" HEIGHT="21" WC="0.97" CONTENT="i"/><SP WIDTH="17" VPOS="231" HPOS="802"/>
							<String ID="string_21" HPOS="819" VPOS="231" WIDTH="34" HEIGHT="21" WC="0.96" CONTENT="det"/><SP WIDTH="15" VPOS="231" HPOS="853"/>
							<String ID="string_22" HPOS="868" VPOS="230" WIDTH="22" HEIGHT="22" WC="0.96" CONTENT="af"/><SP WIDTH="15" VPOS="230" HPOS="890"/>
							<String ID="string_23" HPOS="905" VPOS="230" WIDTH="49" HEIGHT="22" WC="0.96" CONTENT="herr"/><SP WIDTH="14" VPOS="230" HPOS="954"/>
							<String ID="string_24" HPOS="968" VPOS="231" WIDTH="79" HEIGHT="21" WC="0.96" CONTENT="Berner"/>
						</TextLine>
						<TextLine ID="line_3" HPOS="227" VPOS="259" WIDTH="354" HEIGHT="28">
							<String ID="string_25" HPOS="227" VPOS="259" WIDTH="120" HEIGHT="27" WC="0.95" CONTENT="föreslagna"/><SP WIDTH="16" VPOS="259" HPOS="347"/>
							<String ID="string_26" HPOS="363" VPOS="260" WIDTH="54" HEIGHT="27" WC="0.96" CONTENT="syfte"/><SP WIDTH="15" VPOS="260" HPOS="417"/>
							<String ID="string_27" HPOS="432" VPOS="261" WIDTH="24" HEIGHT="19" WC="0.96" CONTENT="är"/><SP WIDTH="15" VPOS="261" HPOS="456"/>
							<String ID="string_28" HPOS="471" VPOS="259" WIDTH="21" HEIGHT="22" WC="0.95" CONTENT="af"/><SP WIDTH="14" VPOS="259" HPOS="492"/>
							<String ID="string_29" HPOS="506" VPOS="260" WIDTH="75" HEIGHT="22" WC="0.89" CONTENT="nöden."/>
						</TextLine>
					</TextBlock>
				</ComposedBlock>
				<ComposedBlock ID="cblock_3" HPOS="295" VPOS="317" WIDTH="668" HEIGHT="27">
					<TextBlock ID="block_2" HPOS="295" VPOS="317" WIDTH="668" HEIGHT="27">
						<TextLine ID="line_4" HPOS="295" VPOS="317" WIDTH="668" HEIGHT="27">
							<String ID="string_30" HPOS="295" VPOS="317" WIDTH="56" HEIGHT="21" WC="0.96" CONTENT="Herr"/><SP WIDTH="15" VPOS="317" HPOS="351"/>
							<String ID="string_31" HPOS="366" VPOS="317" WIDTH="127" HEIGHT="21" WC="0.93" CONTENT="Berner:"/><SP WIDTH="25" VPOS="317" HPOS="493"/>
							<String ID="string_32" HPOS="518" VPOS="317" WIDTH="103" HEIGHT="22" WC="0.92" CONTENT="Häremot"/><SP WIDTH="16" VPOS="317" HPOS="621"/>
							<String ID="string_33" HPOS="637" VPOS="317" WIDTH="38" HEIGHT="21" WC="0.96" CONTENT="har"/><SP WIDTH="13" VPOS="317" HPOS="675"/>
							<String ID="string_34" HPOS="688" VPOS="317" WIDTH="36" HEIGHT="27" WC="0.96" CONTENT="jag"/><SP WIDTH="15" VPOS="317" HPOS="724"/>
							<String ID="string_35" HPOS="739" VPOS="317" WIDTH="54" HEIGHT="21" WC="0.96" CONTENT="intet"/><SP WIDTH="15" VPOS="317" HPOS="793"/>
							<String ID="string_36" HPOS="808" VPOS="319" WIDTH="33" HEIGHT="19" WC="0.96" CONTENT="att"/><SP WIDTH="14" VPOS="319" HPOS="841"/>
							<String ID="string_37" HPOS="855" VPOS="317" WIDTH="108" HEIGHT="21" WC="0.96" CONTENT="anmärka."/>
						</TextLine>
					</TextBlock>
				</ComposedBlock>
				<ComposedBlock ID="cblock_4" HPOS="227" VPOS="374" WIDTH="821" HEIGHT="171">
					<TextBlock ID="block_3" HPOS="227" VPOS="374" WIDTH="821" HEIGHT="171">
						<TextLine ID="line_5" HPOS="296" VPOS="374" WIDTH="752" HEIGHT="22">
							<String ID="string_38" HPOS="296" VPOS="374" WIDTH="156" HEIGHT="22" WC="0.90" CONTENT="Diskussionen"/><SP WIDTH="23" VPOS="374" HPOS="452"/>
							<String ID="string_39" HPOS="475" VPOS="374" WIDTH="115" HEIGHT="22" WC="0.90" CONTENT="afslutades"/><SP WIDTH="23" VPOS="374" HPOS="590"/>
							<String ID="string_40" HPOS="613" VPOS="374" WIDTH="87" HEIGHT="22" WC="0.96" CONTENT="härmed"/><SP WIDTH="15" VPOS="374" HPOS="700"/>
							<String ID="string_41" HPOS="715" VPOS="374" WIDTH="40" HEIGHT="22" WC="0.96" CONTENT="och"/><SP WIDTH="15" VPOS="374" HPOS="755"/>
							<String ID="string_42" HPOS="770" VPOS="375" WIDTH="84" HEIGHT="21" WC="0.96" CONTENT="ståndet"/><SP WIDTH="15" VPOS="375" HPOS="854"/>
							<String ID="string_43" HPOS="869" VPOS="374" WIDTH="70" HEIGHT="22" WC="0.96" CONTENT="beslöt"/><SP WIDTH="14" VPOS="374" HPOS="939"/>
							<String ID="string_44" HPOS="953" VPOS="376" WIDTH="32" HEIGHT="20" WC="0.96" CONTENT="att"/><SP WIDTH="15" VPOS="376" HPOS="985"/>
							<String ID="string_45" HPOS="1000" VPOS="374" WIDTH="48" HEIGHT="22" WC="0.96" CONTENT="med"/>
						</TextLine>
						<TextLine ID="line_6" HPOS="227" VPOS="402" WIDTH="820" HEIGHT="28">
							<String ID="string_46" HPOS="227" VPOS="403" WIDTH="82" HEIGHT="27" WC="0.94" CONTENT="hänsyn"/><SP WIDTH="23" VPOS="403" HPOS="309"/>
							<String ID="string_47" HPOS="332" VPOS="403" WIDTH="33" HEIGHT="21" WC="0.95" CONTENT="till"/><SP WIDTH="24" VPOS="403" HPOS="365"/>
							<String ID="string_48" HPOS="389" VPOS="404" WIDTH="114" HEIGHT="26" WC="0.96" CONTENT="ingressen,"/><SP WIDTH="17" VPOS="404" HPOS="503"/>
							<String ID="string_49" HPOS="520" VPOS="409" WIDTH="44" HEIGHT="15" WC="0.96" CONTENT="som"/><SP WIDTH="16" VPOS="409" HPOS="564"/>
							<String ID="string_50" HPOS="580" VPOS="404" WIDTH="6" HEIGHT="20" WC="0.96" CONTENT="i"/><SP WIDTH="16" VPOS="404" HPOS="586"/>
							<String ID="string_51" HPOS="602" VPOS="404" WIDTH="63" HEIGHT="26" WC="0.96" CONTENT="öfrigt"/><SP WIDTH="15" VPOS="404" HPOS="665"/>
							<String ID="string_52" HPOS="680" VPOS="403" WIDTH="129" HEIGHT="27" WC="0.93" CONTENT="godkändes,"/><SP WIDTH="16" VPOS="403" HPOS="809"/>
							<String ID="string_53" HPOS="825" VPOS="403" WIDTH="127" HEIGHT="21" WC="0.91" CONTENT="öfverlemna"/><SP WIDTH="15" VPOS="403" HPOS="952"/>
							<String ID="string_54" HPOS="967" VPOS="402" WIDTH="32" HEIGHT="22" WC="0.93" CONTENT="till"/><SP WIDTH="15" VPOS="402" HPOS="999"/>
							<String ID="string_55" HPOS="1014" VPOS="405" WIDTH="33" HEIGHT="19" WC="0.93" CONTENT="ut-"/>
						</TextLine>
						<TextLine ID="line_7" HPOS="227" VPOS="432" WIDTH="821" HEIGHT="28">
							<String ID="string_56" HPOS="227" VPOS="432" WIDTH="92" HEIGHT="22" WC="0.92" CONTENT="skottets"/><SP WIDTH="16" VPOS="432" HPOS="319"/>
							<String ID="string_57" HPOS="335" VPOS="432" WIDTH="106" HEIGHT="27" WC="0.92" CONTENT="pröfning,"/><SP WIDTH="16" VPOS="432" HPOS="441"/>
							<String ID="string_58" HPOS="457" VPOS="432" WIDTH="105" HEIGHT="21" WC="0.96" CONTENT="huruvida"/><SP WIDTH="15" VPOS="432" HPOS="562"/>
							<String ID="string_59" HPOS="577" VPOS="432" WIDTH="18" HEIGHT="28" WC="0.96" CONTENT="ej"/><SP WIDTH="16" VPOS="432" HPOS="595"/>
							<String ID="string_60" HPOS="611" VPOS="438" WIDTH="76" HEIGHT="21" WC="0.91" CONTENT="genom"/><SP WIDTH="15" VPOS="438" HPOS="687"/>
							<String ID="string_61" HPOS="702" VPOS="432" WIDTH="96" HEIGHT="21" WC="0.91" CONTENT="ståndets"/><SP WIDTH="14" VPOS="432" HPOS="798"/>
							<String ID="string_62" HPOS="812" VPOS="432" WIDTH="89" HEIGHT="27" WC="0.96" CONTENT="tidigare"/><SP WIDTH="16" VPOS="432" HPOS="901"/>
							<String ID="string_63" HPOS="917" VPOS="432" WIDTH="80" HEIGHT="21" WC="0.92" CONTENT="fattade"/><SP WIDTH="14" VPOS="432" HPOS="997"/>
							<String ID="string_64" HPOS="1011" VPOS="432" WIDTH="37" HEIGHT="21" WC="0.92" CONTENT="be-"/>
						</TextLine>
						<TextLine ID="line_8" HPOS="228" VPOS="461" WIDTH="820" HEIGHT="27">
							<String ID="string_65" HPOS="228" VPOS="461" WIDTH="43" HEIGHT="21" WC="0.95" CONTENT="slut"/><SP WIDTH="22" VPOS="461" HPOS="271"/>
							<String ID="string_66" HPOS="293" VPOS="461" WIDTH="77" HEIGHT="26" WC="0.94" CONTENT="Kongl."/><SP WIDTH="26" VPOS="461" HPOS="370"/>
							<String ID="string_67" HPOS="396" VPOS="461" WIDTH="159" HEIGHT="26" WC="0.96" CONTENT="Förordningen"/><SP WIDTH="17" VPOS="461" HPOS="555"/>
							<String ID="string_68" HPOS="572" VPOS="462" WIDTH="20" HEIGHT="20" WC="0.96" CONTENT="af"/><SP WIDTH="16" VPOS="462" HPOS="592"/>
							<String ID="string_69" HPOS="608" VPOS="462" WIDTH="41" HEIGHT="21" WC="0.96" CONTENT="den"/><SP WIDTH="16" VPOS="462" HPOS="649"/>
							<String ID="string_70" HPOS="665" VPOS="463" WIDTH="26" HEIGHT="20" WC="0.96" CONTENT="13"/><SP WIDTH="15" VPOS="463" HPOS="691"/>
							<String ID="string_71" HPOS="706" VPOS="461" WIDTH="50" HEIGHT="22" WC="0.96" CONTENT="Juni"/><SP WIDTH="18" VPOS="461" HPOS="756"/>
							<String ID="string_72" HPOS="774" VPOS="462" WIDTH="59" HEIGHT="26" WC="0.96" CONTENT="1800,"/><SP WIDTH="24" VPOS="462" HPOS="833"/>
							<String ID="string_73" HPOS="857" VPOS="467" WIDTH="32" HEIGHT="15" WC="0.95" CONTENT="om"/><SP WIDTH="24" VPOS="467" HPOS="889"/>
							<String ID="string_74" HPOS="913" VPOS="461" WIDTH="76" HEIGHT="26" WC="0.90" CONTENT="lagfart"/><SP WIDTH="20" VPOS="461" HPOS="989"/>
							<String ID="string_75" HPOS="1009" VPOS="461" WIDTH="39" HEIGHT="22" WC="0.96" CONTENT="och"/>
						</TextLine>
						<TextLine ID="line_9" HPOS="228" VPOS="489" WIDTH="819" HEIGHT="28">
							<String ID="string_76" HPOS="228" VPOS="490" WIDTH="53" HEIGHT="21" WC="0.96" CONTENT="börd"/><SP WIDTH="16" VPOS="490" HPOS="281"/>
							<String ID="string_77" HPOS="297" VPOS="490" WIDTH="22" HEIGHT="21" WC="0.96" CONTENT="af"/><SP WIDTH="12" VPOS="490" HPOS="319"/>
							<String ID="string_78" HPOS="331" VPOS="489" WIDTH="48" HEIGHT="27" WC="0.93" CONTENT="jord"/><SP WIDTH="16" VPOS="489" HPOS="379"/>
							<String ID="string_79" HPOS="395" VPOS="490" WIDTH="13" HEIGHT="21" WC="0.93" CONTENT="å"/><SP WIDTH="17" VPOS="490" HPOS="408"/>
							<String ID="string_80" HPOS="425" VPOS="490" WIDTH="78" HEIGHT="24" WC="0.93" CONTENT="landet,"/><SP WIDTH="16" VPOS="490" HPOS="503"/>
							<String ID="string_81" HPOS="519" VPOS="490" WIDTH="116" HEIGHT="27" WC="0.92" CONTENT="undergått"/><SP WIDTH="15" VPOS="490" HPOS="635"/>
							<String ID="string_82" HPOS="650" VPOS="490" WIDTH="65" HEIGHT="22" WC="0.96" CONTENT="sådan"/><SP WIDTH="16" VPOS="490" HPOS="715"/>
							<String ID="string_83" HPOS="731" VPOS="490" WIDTH="88" HEIGHT="26" WC="0.96" CONTENT="ändring"/><SP WIDTH="15" VPOS="490" HPOS="819"/>
							<String ID="string_84" HPOS="834" VPOS="491" WIDTH="32" HEIGHT="20" WC="0.96" CONTENT="att"/><SP WIDTH="18" VPOS="491" HPOS="866"/>
							<String ID="string_85" HPOS="884" VPOS="490" WIDTH="72" HEIGHT="21" WC="0.91" CONTENT="derom"/><SP WIDTH="13" VPOS="490" HPOS="956"/>
							<String ID="string_86" HPOS="969" VPOS="489" WIDTH="78" HEIGHT="27" WC="0.91" CONTENT="jemväl"/>
						</TextLine>
						<TextLine ID="line_10" HPOS="227" VPOS="518" WIDTH="463" HEIGHT="27">
							<String ID="string_87" HPOS="227" VPOS="518" WIDTH="66" HEIGHT="22" WC="0.96" CONTENT="borde"/><SP WIDTH="17" VPOS="518" HPOS="293"/>
							<String ID="string_88" HPOS="310" VPOS="519" WIDTH="31" HEIGHT="20" WC="0.96" CONTENT="uti"/><SP WIDTH="15" VPOS="519" HPOS="341"/>
							<String ID="string_89" HPOS="356" VPOS="518" WIDTH="109" HEIGHT="27" WC="0.95" CONTENT="ingressen"/><SP WIDTH="15" VPOS="518" HPOS="465"/>
							<String ID="string_90" HPOS="480" VPOS="518" WIDTH="100" HEIGHT="22" WC="0.96" CONTENT="särskildt"/><SP WIDTH="16" VPOS="518" HPOS="580"/>
							<String ID="string_91" HPOS="596" VPOS="521" WIDTH="94" HEIGHT="19" WC="0.96" CONTENT="nämnas."/>
						</TextLine>
					</TextBlock>
				</ComposedBlock>
				<ComposedBlock ID="cblock_5" HPOS="227" VPOS="577" WIDTH="821" HEIGHT="90">
					<TextBlock ID="block_4" HPOS="227" VPOS="577" WIDTH="821" HEIGHT="90">
						<TextLine ID="line_11" HPOS="298" VPOS="577" WIDTH="750" HEIGHT="32">
							<String ID="string_92" HPOS="298" VPOS="577" WIDTH="127" HEIGHT="32" WC="0.91" CONTENT="Öfvergicks"/><SP WIDTH="23" VPOS="577" HPOS="425"/>
							<String ID="string_93" HPOS="448" VPOS="582" WIDTH="31" HEIGHT="21" WC="0.95" CONTENT="till"/><SP WIDTH="24" VPOS="582" HPOS="479"/>
							<String ID="string_94" HPOS="503" VPOS="582" WIDTH="129" HEIGHT="27" WC="0.96" CONTENT="granskning"/><SP WIDTH="15" VPOS="582" HPOS="632"/>
							<String ID="string_95" HPOS="647" VPOS="583" WIDTH="22" HEIGHT="21" WC="0.96" CONTENT="af"/><SP WIDTH="13" VPOS="583" HPOS="669"/>
							<String ID="string_96" HPOS="682" VPOS="583" WIDTH="115" HEIGHT="21" WC="0.96" CONTENT="utskottets"/><SP WIDTH="22" VPOS="583" HPOS="797"/>
							<String ID="string_97" HPOS="819" VPOS="583" WIDTH="78" HEIGHT="26" WC="0.95" CONTENT="förslag"/><SP WIDTH="22" VPOS="583" HPOS="897"/>
							<String ID="string_98" HPOS="919" VPOS="582" WIDTH="33" HEIGHT="22" WC="0.93" CONTENT="till"/><SP WIDTH="15" VPOS="582" HPOS="952"/>
							<String ID="string_99" HPOS="967" VPOS="582" WIDTH="81" HEIGHT="22" WC="0.92" CONTENT="förord-"/>
						</TextLine>
						<TextLine ID="line_12" HPOS="227" VPOS="611" WIDTH="820" HEIGHT="28">
							<String ID="string_100" HPOS="227" VPOS="611" WIDTH="50" HEIGHT="27" WC="0.96" CONTENT="ning"/><SP WIDTH="23" VPOS="611" HPOS="277"/>
							<String ID="string_101" HPOS="300" VPOS="611" WIDTH="111" HEIGHT="26" WC="0.96" CONTENT="angående"/><SP WIDTH="21" VPOS="611" HPOS="411"/>
							<String ID="string_102" HPOS="432" VPOS="611" WIDTH="113" HEIGHT="21" WC="0.96" CONTENT="förändrad"/><SP WIDTH="23" VPOS="611" HPOS="545"/>
							<String ID="string_103" HPOS="568" VPOS="611" WIDTH="78" HEIGHT="27" WC="0.96" CONTENT="lydelse"/><SP WIDTH="23" VPOS="611" HPOS="646"/>
							<String ID="string_104" HPOS="669" VPOS="611" WIDTH="22" HEIGHT="21" WC="0.96" CONTENT="af"/><SP WIDTH="20" VPOS="611" HPOS="691"/>
							<String ID="string_105" HPOS="711" VPOS="612" WIDTH="26" HEIGHT="27" WC="0.64" CONTENT="$$"/><SP WIDTH="24" VPOS="612" HPOS="737"/>
							<String ID="string_106" HPOS="761" VPOS="611" WIDTH="12" HEIGHT="21" WC="0.96" CONTENT="2"/><SP WIDTH="22" VPOS="611" HPOS="773"/>
							<String ID="string_107" HPOS="795" VPOS="611" WIDTH="40" HEIGHT="22" WC="0.96" CONTENT="och"/><SP WIDTH="16" VPOS="611" HPOS="835"/>
							<String ID="string_108" HPOS="851" VPOS="613" WIDTH="12" HEIGHT="19" WC="0.96" CONTENT="3"/><SP WIDTH="15" VPOS="613" HPOS="863"/>
							<String ID="string_109" HPOS="878" VPOS="612" WIDTH="7" HEIGHT="21" WC="0.96" CONTENT="i"/><SP WIDTH="15" VPOS="612" HPOS="885"/>
							<String ID="string_110" HPOS="900" VPOS="611" WIDTH="147" HEIGHT="27" WC="0.96" CONTENT="förordningen"/>
						</TextLine>
						<TextLine ID="line_13" HPOS="229" VPOS="639" WIDTH="697" HEIGHT="28">
							<String ID="string_111" HPOS="229" VPOS="646" WIDTH="33" HEIGHT="15" WC="0.96" CONTENT="om"/><SP WIDTH="17" VPOS="646" HPOS="262"/>
							<String ID="string_112" HPOS="279" VPOS="639" WIDTH="125" HEIGHT="28" WC="0.96" CONTENT="inteckning"/><SP WIDTH="15" VPOS="639" HPOS="404"/>
							<String ID="string_113" HPOS="419" VPOS="640" WIDTH="6" HEIGHT="21" WC="0.95" CONTENT="i"/><SP WIDTH="16" VPOS="640" HPOS="425"/>
							<String ID="string_114" HPOS="441" VPOS="639" WIDTH="42" HEIGHT="22" WC="0.96" CONTENT="fast"/><SP WIDTH="15" VPOS="639" HPOS="483"/>
							<String ID="string_115" HPOS="498" VPOS="639" WIDTH="101" HEIGHT="28" WC="0.96" CONTENT="egendom"/><SP WIDTH="16" VPOS="639" HPOS="599"/>
							<String ID="string_116" HPOS="615" VPOS="640" WIDTH="24" HEIGHT="21" WC="0.96" CONTENT="af"/><SP WIDTH="14" VPOS="640" HPOS="639"/>
							<String ID="string_117" HPOS="653" VPOS="639" WIDTH="39" HEIGHT="22" WC="0.96" CONTENT="den"/><SP WIDTH="17" VPOS="639" HPOS="692"/>
							<String ID="string_118" HPOS="709" VPOS="641" WIDTH="12" HEIGHT="20" WC="0.96" CONTENT="9"/><SP WIDTH="15" VPOS="641" HPOS="721"/>
							<String ID="string_119" HPOS="736" VPOS="640" WIDTH="115" HEIGHT="21" WC="0.96" CONTENT="november"/><SP WIDTH="16" VPOS="640" HPOS="851"/>
							<String ID="string_120" HPOS="867" VPOS="641" WIDTH="59" HEIGHT="20" WC="0.96" CONTENT="1868."/>
						</TextLine>
					</TextBlock>
				</ComposedBlock>
				<ComposedBlock ID="cblock_6" HPOS="297" VPOS="702" WIDTH="386" HEIGHT="27">
					<TextBlock ID="block_5" HPOS="297" VPOS="702" WIDTH="386" HEIGHT="27">
						<TextLine ID="line_14" HPOS="297" VPOS="702" WIDTH="386" HEIGHT="27">
							<String ID="string_121" HPOS="297" VPOS="703" WIDTH="12" HEIGHT="26" WC="0.80" CONTENT="8"/><SP WIDTH="18" VPOS="703" HPOS="309"/>
							<String ID="string_122" HPOS="327" VPOS="703" WIDTH="10" HEIGHT="20" WC="0.94" CONTENT="2"/><SP WIDTH="17" VPOS="703" HPOS="337"/>
							<String ID="string_123" HPOS="354" VPOS="702" WIDTH="122" HEIGHT="27" WC="0.96" CONTENT="godkändes"/><SP WIDTH="15" VPOS="702" HPOS="476"/>
							<String ID="string_124" HPOS="491" VPOS="706" WIDTH="50" HEIGHT="18" WC="0.96" CONTENT="utan"/><SP WIDTH="17" VPOS="706" HPOS="541"/>
							<String ID="string_125" HPOS="558" VPOS="702" WIDTH="125" HEIGHT="22" WC="0.96" CONTENT="diskussion."/>
						</TextLine>
					</TextBlock>
				</ComposedBlock>
				<ComposedBlock ID="cblock_7" HPOS="614" VPOS="789" WIDTH="47" HEIGHT="27">
					<TextBlock ID="block_6" HPOS="614" VPOS="789" WIDTH="47" HEIGHT="27">
						<TextLine ID="line_15" HPOS="614" VPOS="789" WIDTH="47" HEIGHT="27">
							<String ID="string_126" HPOS="614" VPOS="789" WIDTH="47" HEIGHT="27" WC="0.64" CONTENT="83."/>
						</TextLine>
					</TextBlock>
				</ComposedBlock>
				<ComposedBlock ID="cblock_8" HPOS="227" VPOS="845" WIDTH="821" HEIGHT="110">
					<TextBlock ID="block_7" HPOS="227" VPOS="845" WIDTH="821" HEIGHT="110">
						<TextLine ID="line_16" HPOS="296" VPOS="845" WIDTH="752" HEIGHT="28">
							<String ID="string_127" HPOS="296" VPOS="845" WIDTH="220" HEIGHT="23" WC="0.90" CONTENT="Herr.Grönvik:"/><SP WIDTH="25" VPOS="845" HPOS="516"/>
							<String ID="string_128" HPOS="541" VPOS="847" WIDTH="41" HEIGHT="26" WC="0.96" CONTENT="Jag"/><SP WIDTH="11" VPOS="847" HPOS="582"/>
							<String ID="string_129" HPOS="593" VPOS="845" WIDTH="68" HEIGHT="22" WC="0.95" CONTENT="skulle"/><SP WIDTH="15" VPOS="845" HPOS="661"/>
							<String ID="string_130" HPOS="676" VPOS="845" WIDTH="33" HEIGHT="22" WC="0.96" CONTENT="för"/><SP WIDTH="14" VPOS="845" HPOS="709"/>
							<String ID="string_131" HPOS="723" VPOS="846" WIDTH="42" HEIGHT="21" WC="0.97" CONTENT="min"/><SP WIDTH="16" VPOS="846" HPOS="765"/>
							<String ID="string_132" HPOS="781" VPOS="847" WIDTH="36" HEIGHT="21" WC="0.93" CONTENT="del"/><SP WIDTH="14" VPOS="847" HPOS="817"/>
							<String ID="string_133" HPOS="831" VPOS="845" WIDTH="91" HEIGHT="27" WC="0.92" CONTENT="förorda,"/><SP WIDTH="14" VPOS="845" HPOS="922"/>
							<String ID="string_134" HPOS="936" VPOS="849" WIDTH="31" HEIGHT="20" WC="0.96" CONTENT="att"/><SP WIDTH="15" VPOS="849" HPOS="967"/>
							<String ID="string_135" HPOS="982" VPOS="847" WIDTH="66" HEIGHT="22" WC="0.96" CONTENT="andra"/>
						</TextLine>
						<TextLine ID="line_17" HPOS="229" VPOS="875" WIDTH="818" HEIGHT="27">
							<String ID="string_136" HPOS="229" VPOS="875" WIDTH="112" HEIGHT="27" WC="0.91" CONTENT="meningen"/><SP WIDTH="16" VPOS="875" HPOS="341"/>
							<String ID="string_137" HPOS="357" VPOS="875" WIDTH="6" HEIGHT="21" WC="0.93" CONTENT="i"/><SP WIDTH="16" VPOS="875" HPOS="363"/>
							<String ID="string_138" HPOS="379" VPOS="875" WIDTH="126" HEIGHT="27" WC="0.92" CONTENT="paragrafen"/><SP WIDTH="16" VPOS="875" HPOS="505"/>
							<String ID="string_139" HPOS="521" VPOS="875" WIDTH="68" HEIGHT="22" WC="0.93" CONTENT="skulle"/><SP WIDTH="15" VPOS="875" HPOS="589"/>
							<String ID="string_140" HPOS="604" VPOS="875" WIDTH="91" HEIGHT="21" WC="0.91" CONTENT="derifrän"/><SP WIDTH="16" VPOS="875" HPOS="695"/>
							<String ID="string_141" HPOS="711" VPOS="875" WIDTH="110" HEIGHT="22" WC="0.91" CONTENT="uteslutas."/><SP WIDTH="30" VPOS="875" HPOS="821"/>
							<String ID="string_142" HPOS="851" VPOS="875" WIDTH="46" HEIGHT="22" WC="0.96" CONTENT="Den"/><SP WIDTH="16" VPOS="875" HPOS="897"/>
							<String ID="string_143" HPOS="913" VPOS="878" WIDTH="23" HEIGHT="19" WC="0.92" CONTENT="är"/><SP WIDTH="15" VPOS="878" HPOS="936"/>
							<String ID="string_144" HPOS="951" VPOS="875" WIDTH="96" HEIGHT="22" WC="0.92" CONTENT="fullkom-"/>
						</TextLine>
						<TextLine ID="line_18" HPOS="227" VPOS="903" WIDTH="821" HEIGHT="29">
							<String ID="string_145" HPOS="227" VPOS="905" WIDTH="40" HEIGHT="26" WC="0.93" CONTENT="ligt"/><SP WIDTH="16" VPOS="905" HPOS="267"/>
							<String ID="string_146" HPOS="283" VPOS="904" WIDTH="77" HEIGHT="27" WC="0.92" CONTENT="onödig"/><SP WIDTH="17" VPOS="904" HPOS="360"/>
							<String ID="string_147" HPOS="377" VPOS="903" WIDTH="39" HEIGHT="23" WC="0.93" CONTENT="och"/><SP WIDTH="16" VPOS="903" HPOS="416"/>
							<String ID="string_148" HPOS="432" VPOS="904" WIDTH="115" HEIGHT="21" WC="0.92" CONTENT="innefattar"/><SP WIDTH="20" VPOS="904" HPOS="547"/>
							<String ID="string_149" HPOS="567" VPOS="906" WIDTH="31" HEIGHT="19" WC="0.93" CONTENT="ett"/><SP WIDTH="14" VPOS="906" HPOS="598"/>
							<String ID="string_150" HPOS="612" VPOS="904" WIDTH="65" HEIGHT="27" WC="0.92" CONTENT="tväng"/><SP WIDTH="15" VPOS="904" HPOS="677"/>
							<String ID="string_151" HPOS="692" VPOS="903" WIDTH="27" HEIGHT="27" WC="0.96" CONTENT="pä"/><SP WIDTH="18" VPOS="903" HPOS="719"/>
							<String ID="string_152" HPOS="737" VPOS="904" WIDTH="42" HEIGHT="21" WC="0.93" CONTENT="alla"/><SP WIDTH="22" VPOS="904" HPOS="779"/>
							<String ID="string_153" HPOS="801" VPOS="904" WIDTH="151" HEIGHT="28" WC="0.92" CONTENT="inteckningar,"/><SP WIDTH="16" VPOS="904" HPOS="952"/>
							<String ID="string_154" HPOS="968" VPOS="905" WIDTH="80" HEIGHT="22" WC="0.93" CONTENT="hvilket"/>
						</TextLine>
						<TextLine ID="line_19" HPOS="227" VPOS="933" WIDTH="343" HEIGHT="22">
							<String ID="string_155" HPOS="227" VPOS="933" WIDTH="96" HEIGHT="22" WC="0.96" CONTENT="kommer"/><SP WIDTH="14" VPOS="933" HPOS="323"/>
							<String ID="string_156" HPOS="337" VPOS="935" WIDTH="33" HEIGHT="20" WC="0.96" CONTENT="att"/><SP WIDTH="15" VPOS="935" HPOS="370"/>
							<String ID="string_157" HPOS="385" VPOS="933" WIDTH="66" HEIGHT="22" WC="0.93" CONTENT="skada"/><SP WIDTH="16" VPOS="933" HPOS="451"/>
							<String ID="string_158" HPOS="467" VPOS="933" WIDTH="103" HEIGHT="21" WC="0.92" CONTENT="krediten."/>
						</TextLine>
					</TextBlock>
				</ComposedBlock>
				<ComposedBlock ID="cblock_9" HPOS="227" VPOS="996" WIDTH="822" HEIGHT="228">
					<TextBlock ID="block_8" HPOS="227" VPOS="996" WIDTH="822" HEIGHT="228">
						<TextLine ID="line_20" HPOS="296" VPOS="996" WIDTH="751" HEIGHT="28">
							<String ID="string_159" HPOS="296" VPOS="997" WIDTH="57" HEIGHT="21" WC="0.93" CONTENT="Herr"/><SP WIDTH="15" VPOS="997" HPOS="353"/>
							<String ID="string_160" HPOS="368" VPOS="996" WIDTH="131" HEIGHT="28" WC="0.92" CONTENT="Nysten:"/><SP WIDTH="16" VPOS="996" HPOS="499"/>
							<String ID="string_161" HPOS="515" VPOS="997" WIDTH="40" HEIGHT="26" WC="0.96" CONTENT="Jag"/><SP WIDTH="16" VPOS="997" HPOS="555"/>
							<String ID="string_162" HPOS="571" VPOS="997" WIDTH="37" HEIGHT="20" WC="0.96" CONTENT="ber"/><SP WIDTH="16" VPOS="997" HPOS="608"/>
							<String ID="string_163" HPOS="624" VPOS="999" WIDTH="31" HEIGHT="19" WC="0.93" CONTENT="att"/><SP WIDTH="16" VPOS="999" HPOS="655"/>
							<String ID="string_164" HPOS="671" VPOS="996" WIDTH="20" HEIGHT="21" WC="0.92" CONTENT="fä"/><SP WIDTH="16" VPOS="996" HPOS="691"/>
							<String ID="string_165" HPOS="707" VPOS="996" WIDTH="73" HEIGHT="22" WC="0.92" CONTENT="förena"/><SP WIDTH="15" VPOS="996" HPOS="780"/>
							<String ID="string_166" HPOS="795" VPOS="998" WIDTH="42" HEIGHT="26" WC="0.96" CONTENT="mig"/><SP WIDTH="15" VPOS="998" HPOS="837"/>
							<String ID="string_167" HPOS="852" VPOS="997" WIDTH="48" HEIGHT="21" WC="0.93" CONTENT="med"/><SP WIDTH="16" VPOS="997" HPOS="900"/>
							<String ID="string_168" HPOS="916" VPOS="997" WIDTH="49" HEIGHT="21" WC="0.92" CONTENT="herr"/><SP WIDTH="15" VPOS="997" HPOS="965"/>
							<String ID="string_169" HPOS="980" VPOS="997" WIDTH="67" HEIGHT="22" WC="0.91" CONTENT="Grön-"/>
						</TextLine>
						<TextLine ID="line_21" HPOS="227" VPOS="1025" WIDTH="821" HEIGHT="28">
							<String ID="string_170" HPOS="227" VPOS="1025" WIDTH="44" HEIGHT="21" WC="0.92" CONTENT="vik."/><SP WIDTH="30" VPOS="1025" HPOS="271"/>
							<String ID="string_171" HPOS="301" VPOS="1025" WIDTH="42" HEIGHT="22" WC="0.96" CONTENT="Det"/><SP WIDTH="16" VPOS="1025" HPOS="343"/>
							<String ID="string_172" HPOS="359" VPOS="1027" WIDTH="24" HEIGHT="19" WC="0.93" CONTENT="är"/><SP WIDTH="17" VPOS="1027" HPOS="383"/>
							<String ID="string_173" HPOS="400" VPOS="1025" WIDTH="46" HEIGHT="22" WC="0.92" CONTENT="icke"/><SP WIDTH="16" VPOS="1025" HPOS="446"/>
							<String ID="string_174" HPOS="462" VPOS="1031" WIDTH="25" HEIGHT="15" WC="0.96" CONTENT="en"/><SP WIDTH="16" VPOS="1031" HPOS="487"/>
							<String ID="string_175" HPOS="503" VPOS="1025" WIDTH="24" HEIGHT="21" WC="0.93" CONTENT="sä"/><SP WIDTH="15" VPOS="1025" HPOS="527"/>
							<String ID="string_176" HPOS="542" VPOS="1025" WIDTH="60" HEIGHT="28" WC="0.93" CONTENT="ringa"/><SP WIDTH="16" VPOS="1025" HPOS="602"/>
							<String ID="string_177" HPOS="618" VPOS="1025" WIDTH="95" HEIGHT="27" WC="0.92" CONTENT="omgäng,"/><SP WIDTH="16" VPOS="1025" HPOS="713"/>
							<String ID="string_178" HPOS="729" VPOS="1031" WIDTH="44" HEIGHT="16" WC="0.96" CONTENT="som"/><SP WIDTH="16" VPOS="1031" HPOS="773"/>
							<String ID="string_179" HPOS="789" VPOS="1025" WIDTH="40" HEIGHT="22" WC="0.93" CONTENT="här"/><SP WIDTH="19" VPOS="1025" HPOS="829"/>
							<String ID="string_180" HPOS="848" VPOS="1025" WIDTH="93" HEIGHT="25" WC="0.90" CONTENT="föresläs,"/><SP WIDTH="16" VPOS="1025" HPOS="941"/>
							<String ID="string_181" HPOS="957" VPOS="1026" WIDTH="28" HEIGHT="22" WC="0.96" CONTENT="dä"/><SP WIDTH="15" VPOS="1026" HPOS="985"/>
							<String ID="string_182" HPOS="1000" VPOS="1033" WIDTH="48" HEIGHT="15" WC="0.96" CONTENT="man"/>
						</TextLine>
						<TextLine ID="line_22" HPOS="227" VPOS="1053" WIDTH="822" HEIGHT="28">
							<String ID="string_183" HPOS="227" VPOS="1053" WIDTH="103" HEIGHT="22" WC="0.95" CONTENT="betänker"/><SP WIDTH="27" VPOS="1053" HPOS="330"/>
							<String ID="string_184" HPOS="357" VPOS="1054" WIDTH="35" HEIGHT="21" WC="0.95" CONTENT="det"/><SP WIDTH="24" VPOS="1054" HPOS="392"/>
							<String ID="string_185" HPOS="416" VPOS="1057" WIDTH="57" HEIGHT="18" WC="0.96" CONTENT="stora"/><SP WIDTH="24" VPOS="1057" HPOS="473"/>
							<String ID="string_186" HPOS="497" VPOS="1054" WIDTH="79" HEIGHT="21" WC="0.93" CONTENT="antalet"/><SP WIDTH="22" VPOS="1054" HPOS="576"/>
							<String ID="string_187" HPOS="598" VPOS="1054" WIDTH="225" HEIGHT="27" WC="0.92" CONTENT="inteckningsärenden"/><SP WIDTH="21" VPOS="1054" HPOS="823"/>
							<String ID="string_188" HPOS="844" VPOS="1055" WIDTH="7" HEIGHT="20" WC="0.97" CONTENT="i"/><SP WIDTH="19" VPOS="1055" HPOS="851"/>
							<String ID="string_189" HPOS="870" VPOS="1055" WIDTH="78" HEIGHT="21" WC="0.91" CONTENT="landet."/><SP WIDTH="38" VPOS="1055" HPOS="948"/>
							<String ID="string_190" HPOS="986" VPOS="1055" WIDTH="63" HEIGHT="22" WC="0.78" CONTENT="Afser"/>
						</TextLine>
						<TextLine ID="line_23" HPOS="228" VPOS="1083" WIDTH="820" HEIGHT="27">
							<String ID="string_191" HPOS="228" VPOS="1083" WIDTH="127" HEIGHT="26" WC="0.92" CONTENT="stadgandet"/><SP WIDTH="23" VPOS="1083" HPOS="355"/>
							<String ID="string_192" HPOS="378" VPOS="1085" WIDTH="32" HEIGHT="18" WC="0.96" CONTENT="att"/><SP WIDTH="22" VPOS="1085" HPOS="410"/>
							<String ID="string_193" HPOS="432" VPOS="1083" WIDTH="82" HEIGHT="26" WC="0.93" CONTENT="skydda"/><SP WIDTH="22" VPOS="1083" HPOS="514"/>
							<String ID="string_194" HPOS="536" VPOS="1083" WIDTH="190" HEIGHT="26" WC="0.92" CONTENT="fordringsegaren,"/><SP WIDTH="22" VPOS="1083" HPOS="726"/>
							<String ID="string_195" HPOS="748" VPOS="1083" WIDTH="24" HEIGHT="21" WC="0.96" CONTENT="sä"/><SP WIDTH="25" VPOS="1083" HPOS="772"/>
							<String ID="string_196" HPOS="797" VPOS="1085" WIDTH="25" HEIGHT="19" WC="0.96" CONTENT="är"/><SP WIDTH="21" VPOS="1085" HPOS="822"/>
							<String ID="string_197" HPOS="843" VPOS="1084" WIDTH="42" HEIGHT="21" WC="0.96" CONTENT="han"/><SP WIDTH="20" VPOS="1084" HPOS="885"/>
							<String ID="string_198" HPOS="905" VPOS="1084" WIDTH="24" HEIGHT="26" WC="0.85" CONTENT="ju"/><SP WIDTH="15" VPOS="1084" HPOS="929"/>
							<String ID="string_199" HPOS="944" VPOS="1084" WIDTH="7" HEIGHT="21" WC="0.94" CONTENT="i"/><SP WIDTH="15" VPOS="1084" HPOS="951"/>
							<String ID="string_200" HPOS="966" VPOS="1084" WIDTH="82" HEIGHT="21" WC="0.95" CONTENT="tillfälle"/>
						</TextLine>
						<TextLine ID="line_24" HPOS="228" VPOS="1111" WIDTH="820" HEIGHT="27">
							<String ID="string_201" HPOS="228" VPOS="1113" WIDTH="32" HEIGHT="19" WC="0.96" CONTENT="att"/><SP WIDTH="15" VPOS="1113" HPOS="260"/>
							<String ID="string_202" HPOS="275" VPOS="1114" WIDTH="51" HEIGHT="18" WC="0.93" CONTENT="utan"/><SP WIDTH="17" VPOS="1114" HPOS="326"/>
							<String ID="string_203" HPOS="343" VPOS="1111" WIDTH="64" HEIGHT="26" WC="0.93" CONTENT="tväng"/><SP WIDTH="16" VPOS="1111" HPOS="407"/>
							<String ID="string_204" HPOS="423" VPOS="1111" WIDTH="67" HEIGHT="22" WC="0.92" CONTENT="skaffa"/><SP WIDTH="16" VPOS="1111" HPOS="490"/>
							<String ID="string_205" HPOS="506" VPOS="1112" WIDTH="31" HEIGHT="26" WC="0.96" CONTENT="sig"/><SP WIDTH="16" VPOS="1112" HPOS="537"/>
							<String ID="string_206" HPOS="553" VPOS="1111" WIDTH="39" HEIGHT="21" WC="0.96" CONTENT="den"/><SP WIDTH="19" VPOS="1111" HPOS="592"/>
							<String ID="string_207" HPOS="611" VPOS="1111" WIDTH="120" HEIGHT="27" WC="0.96" CONTENT="utredning,"/><SP WIDTH="15" VPOS="1111" HPOS="731"/>
							<String ID="string_208" HPOS="746" VPOS="1117" WIDTH="45" HEIGHT="16" WC="0.96" CONTENT="som"/><SP WIDTH="16" VPOS="1117" HPOS="791"/>
							<String ID="string_209" HPOS="807" VPOS="1113" WIDTH="24" HEIGHT="20" WC="0.96" CONTENT="är"/><SP WIDTH="15" VPOS="1113" HPOS="831"/>
							<String ID="string_210" HPOS="846" VPOS="1112" WIDTH="23" HEIGHT="21" WC="0.93" CONTENT="af"/><SP WIDTH="12" VPOS="1112" HPOS="869"/>
							<String ID="string_211" HPOS="881" VPOS="1112" WIDTH="75" HEIGHT="21" WC="0.88" CONTENT="nöden."/><SP WIDTH="31" VPOS="1112" HPOS="956"/>
							<String ID="string_212" HPOS="987" VPOS="1112" WIDTH="61" HEIGHT="21" WC="0.91" CONTENT="Afser"/>
						</TextLine>
						<TextLine ID="line_25" HPOS="228" VPOS="1140" WIDTH="820" HEIGHT="28">
							<String ID="string_213" HPOS="228" VPOS="1140" WIDTH="36" HEIGHT="21" WC="0.92" CONTENT="det"/><SP WIDTH="15" VPOS="1140" HPOS="264"/>
							<String ID="string_214" HPOS="279" VPOS="1141" WIDTH="46" HEIGHT="20" WC="0.92" CONTENT="äter"/><SP WIDTH="19" VPOS="1141" HPOS="325"/>
							<String ID="string_215" HPOS="344" VPOS="1142" WIDTH="33" HEIGHT="19" WC="0.96" CONTENT="att"/><SP WIDTH="16" VPOS="1142" HPOS="377"/>
							<String ID="string_216" HPOS="393" VPOS="1140" WIDTH="79" HEIGHT="27" WC="0.92" CONTENT="skydda"/><SP WIDTH="15" VPOS="1140" HPOS="472"/>
							<String ID="string_217" HPOS="487" VPOS="1140" WIDTH="168" HEIGHT="27" WC="0.91" CONTENT="parcellegarens"/><SP WIDTH="23" VPOS="1140" HPOS="655"/>
							<String ID="string_218" HPOS="678" VPOS="1141" WIDTH="48" HEIGHT="25" WC="0.95" CONTENT="rätt,"/><SP WIDTH="16" VPOS="1141" HPOS="726"/>
							<String ID="string_219" HPOS="742" VPOS="1140" WIDTH="40" HEIGHT="21" WC="0.92" CONTENT="kan"/><SP WIDTH="20" VPOS="1140" HPOS="782"/>
							<String ID="string_220" HPOS="802" VPOS="1141" WIDTH="121" HEIGHT="21" WC="0.92" CONTENT="densamma"/><SP WIDTH="14" VPOS="1141" HPOS="923"/>
							<String ID="string_221" HPOS="937" VPOS="1141" WIDTH="47" HEIGHT="21" WC="0.92" CONTENT="icke"/><SP WIDTH="15" VPOS="1141" HPOS="984"/>
							<String ID="string_222" HPOS="999" VPOS="1141" WIDTH="49" HEIGHT="27" WC="0.92" CONTENT="löpa"/>
						</TextLine>
						<TextLine ID="line_26" HPOS="228" VPOS="1168" WIDTH="820" HEIGHT="27">
							<String ID="string_223" HPOS="228" VPOS="1169" WIDTH="69" HEIGHT="26" WC="0.92" CONTENT="nägon"/><SP WIDTH="16" VPOS="1169" HPOS="297"/>
							<String ID="string_224" HPOS="313" VPOS="1168" WIDTH="52" HEIGHT="26" WC="0.92" CONTENT="fara,"/><SP WIDTH="18" VPOS="1168" HPOS="365"/>
							<String ID="string_225" HPOS="383" VPOS="1168" WIDTH="44" HEIGHT="21" WC="0.89" CONTENT="ifall"/><SP WIDTH="15" VPOS="1168" HPOS="427"/>
							<String ID="string_226" HPOS="442" VPOS="1169" WIDTH="148" HEIGHT="26" WC="0.87" CONTENT="inteckningen"/><SP WIDTH="16" VPOS="1169" HPOS="590"/>
							<String ID="string_227" HPOS="606" VPOS="1171" WIDTH="24" HEIGHT="19" WC="0.93" CONTENT="är"/><SP WIDTH="15" VPOS="1171" HPOS="630"/>
							<String ID="string_228" HPOS="645" VPOS="1169" WIDTH="96" HEIGHT="22" WC="0.92" CONTENT="faststäld"/><SP WIDTH="17" VPOS="1169" HPOS="741"/>
							<String ID="string_229" HPOS="758" VPOS="1171" WIDTH="31" HEIGHT="19" WC="0.93" CONTENT="att"/><SP WIDTH="15" VPOS="1171" HPOS="789"/>
							<String ID="string_230" HPOS="804" VPOS="1169" WIDTH="55" HEIGHT="26" WC="0.93" CONTENT="gälla"/><SP WIDTH="15" VPOS="1169" HPOS="859"/>
							<String ID="string_231" HPOS="874" VPOS="1169" WIDTH="47" HEIGHT="22" WC="0.92" CONTENT="frän"/><SP WIDTH="16" VPOS="1169" HPOS="921"/>
							<String ID="string_232" HPOS="937" VPOS="1176" WIDTH="25" HEIGHT="14" WC="0.96" CONTENT="en"/><SP WIDTH="11" VPOS="1176" HPOS="962"/>
							<String ID="string_233" HPOS="973" VPOS="1176" WIDTH="75" HEIGHT="15" WC="0.96" CONTENT="senare"/>
						</TextLine>
						<TextLine ID="line_27" HPOS="228" VPOS="1197" WIDTH="397" HEIGHT="27">
							<String ID="string_234" HPOS="228" VPOS="1197" WIDTH="37" HEIGHT="26" WC="0.96" CONTENT="tid,"/><SP WIDTH="16" VPOS="1197" HPOS="265"/>
							<String ID="string_235" HPOS="281" VPOS="1199" WIDTH="27" HEIGHT="19" WC="0.93" CONTENT="än"/><SP WIDTH="16" VPOS="1199" HPOS="308"/>
							<String ID="string_236" HPOS="324" VPOS="1197" WIDTH="167" HEIGHT="27" WC="0.91" CONTENT="parcelleringen"/><SP WIDTH="16" VPOS="1197" HPOS="491"/>
							<String ID="string_237" HPOS="507" VPOS="1197" WIDTH="118" HEIGHT="27" WC="0.92" CONTENT="försiggätt."/>
						</TextLine>
					</TextBlock>
				</ComposedBlock>
				<ComposedBlock ID="cblock_10" HPOS="227" VPOS="1255" WIDTH="821" HEIGHT="111">
					<TextBlock ID="block_9" HPOS="227" VPOS="1255" WIDTH="821" HEIGHT="111">
						<TextLine ID="line_28" HPOS="296" VPOS="1255" WIDTH="752" HEIGHT="32">
							<String ID="string_238" HPOS="296" VPOS="1259" WIDTH="56" HEIGHT="22" WC="0.96" CONTENT="Herr"/><SP WIDTH="23" VPOS="1259" HPOS="352"/>
							<String ID="string_239" HPOS="375" VPOS="1255" WIDTH="123" HEIGHT="26" WC="0.96" CONTENT="Öhman:"/><SP WIDTH="22" VPOS="1255" HPOS="498"/>
							<String ID="string_240" HPOS="520" VPOS="1259" WIDTH="41" HEIGHT="27" WC="0.96" CONTENT="Jag"/><SP WIDTH="23" VPOS="1259" HPOS="561"/>
							<String ID="string_241" HPOS="584" VPOS="1260" WIDTH="37" HEIGHT="21" WC="0.95" CONTENT="ber"/><SP WIDTH="16" VPOS="1260" HPOS="621"/>
							<String ID="string_242" HPOS="637" VPOS="1262" WIDTH="31" HEIGHT="19" WC="0.93" CONTENT="att"/><SP WIDTH="15" VPOS="1262" HPOS="668"/>
							<String ID="string_243" HPOS="683" VPOS="1259" WIDTH="20" HEIGHT="22" WC="0.91" CONTENT="fä"/><SP WIDTH="15" VPOS="1259" HPOS="703"/>
							<String ID="string_244" HPOS="718" VPOS="1259" WIDTH="57" HEIGHT="28" WC="0.93" CONTENT="gifva"/><SP WIDTH="20" VPOS="1259" HPOS="775"/>
							<String ID="string_245" HPOS="795" VPOS="1259" WIDTH="109" HEIGHT="26" WC="0.87" CONTENT="tillkänna,"/><SP WIDTH="15" VPOS="1259" HPOS="904"/>
							<String ID="string_246" HPOS="919" VPOS="1263" WIDTH="33" HEIGHT="19" WC="0.96" CONTENT="att"/><SP WIDTH="15" VPOS="1263" HPOS="952"/>
							<String ID="string_247" HPOS="967" VPOS="1260" WIDTH="59" HEIGHT="21" WC="0.96" CONTENT="detta"/><SP WIDTH="15" VPOS="1260" HPOS="1026"/>
							<String ID="string_248" HPOS="1041" VPOS="1261" WIDTH="7" HEIGHT="21" WC="0.96" CONTENT="i"/>
						</TextLine>
						<TextLine ID="line_29" HPOS="229" VPOS="1288" WIDTH="819" HEIGHT="27">
							<String ID="string_249" HPOS="229" VPOS="1288" WIDTH="117" HEIGHT="27" WC="0.92" CONTENT="frägasatta"/><SP WIDTH="16" VPOS="1288" HPOS="346"/>
							<String ID="string_250" HPOS="362" VPOS="1288" WIDTH="75" HEIGHT="27" WC="0.93" CONTENT="tillägg"/><SP WIDTH="15" VPOS="1288" HPOS="437"/>
							<String ID="string_251" HPOS="452" VPOS="1288" WIDTH="7" HEIGHT="21" WC="0.93" CONTENT="i"/><SP WIDTH="16" VPOS="1288" HPOS="459"/>
							<String ID="string_252" HPOS="475" VPOS="1288" WIDTH="105" HEIGHT="21" WC="0.92" CONTENT="utskottet"/><SP WIDTH="14" VPOS="1288" HPOS="580"/>
							<String ID="string_253" HPOS="594" VPOS="1291" WIDTH="76" HEIGHT="24" WC="0.93" CONTENT="antogs"/><SP WIDTH="16" VPOS="1291" HPOS="670"/>
							<String ID="string_254" HPOS="686" VPOS="1289" WIDTH="47" HEIGHT="20" WC="0.96" CONTENT="med"/><SP WIDTH="16" VPOS="1289" HPOS="733"/>
							<String ID="string_255" HPOS="749" VPOS="1295" WIDTH="25" HEIGHT="14" WC="0.96" CONTENT="en"/><SP WIDTH="11" VPOS="1295" HPOS="774"/>
							<String ID="string_256" HPOS="785" VPOS="1289" WIDTH="83" HEIGHT="26" WC="0.96" CONTENT="mycket"/><SP WIDTH="10" VPOS="1289" HPOS="868"/>
							<String ID="string_257" HPOS="878" VPOS="1289" WIDTH="52" HEIGHT="21" WC="0.93" CONTENT="liten"/><SP WIDTH="11" VPOS="1289" HPOS="930"/>
							<String ID="string_258" HPOS="941" VPOS="1289" WIDTH="107" HEIGHT="26" WC="0.92" CONTENT="majoritet"/>
						</TextLine>
						<TextLine ID="line_30" HPOS="229" VPOS="1316" WIDTH="819" HEIGHT="29">
							<String ID="string_259" HPOS="229" VPOS="1317" WIDTH="38" HEIGHT="21" WC="0.96" CONTENT="och"/><SP WIDTH="16" VPOS="1317" HPOS="267"/>
							<String ID="string_260" HPOS="283" VPOS="1318" WIDTH="33" HEIGHT="20" WC="0.96" CONTENT="att"/><SP WIDTH="13" VPOS="1318" HPOS="316"/>
							<String ID="string_261" HPOS="329" VPOS="1316" WIDTH="37" HEIGHT="27" WC="0.96" CONTENT="jag"/><SP WIDTH="16" VPOS="1316" HPOS="366"/>
							<String ID="string_262" HPOS="382" VPOS="1316" WIDTH="66" HEIGHT="21" WC="0.96" CONTENT="hörde"/><SP WIDTH="16" VPOS="1316" HPOS="448"/>
							<String ID="string_263" HPOS="464" VPOS="1317" WIDTH="31" HEIGHT="21" WC="0.96" CONTENT="till"/><SP WIDTH="17" VPOS="1317" HPOS="495"/>
							<String ID="string_264" HPOS="512" VPOS="1317" WIDTH="53" HEIGHT="26" WC="0.96" CONTENT="dem,"/><SP WIDTH="17" VPOS="1317" HPOS="565"/>
							<String ID="string_265" HPOS="582" VPOS="1323" WIDTH="43" HEIGHT="15" WC="0.93" CONTENT="som"/><SP WIDTH="16" VPOS="1323" HPOS="625"/>
							<String ID="string_266" HPOS="641" VPOS="1317" WIDTH="80" HEIGHT="27" WC="0.92" CONTENT="yrkade"/><SP WIDTH="16" VPOS="1317" HPOS="721"/>
							<String ID="string_267" HPOS="737" VPOS="1317" WIDTH="34" HEIGHT="28" WC="0.96" CONTENT="pä,"/><SP WIDTH="16" VPOS="1317" HPOS="771"/>
							<String ID="string_268" HPOS="787" VPOS="1320" WIDTH="32" HEIGHT="18" WC="0.96" CONTENT="att"/><SP WIDTH="16" VPOS="1320" HPOS="819"/>
							<String ID="string_269" HPOS="835" VPOS="1320" WIDTH="30" HEIGHT="19" WC="0.93" CONTENT="ett"/><SP WIDTH="15" VPOS="1320" HPOS="865"/>
							<String ID="string_270" HPOS="880" VPOS="1318" WIDTH="75" HEIGHT="21" WC="0.91" CONTENT="sädant"/><SP WIDTH="21" VPOS="1318" HPOS="955"/>
							<String ID="string_271" HPOS="976" VPOS="1317" WIDTH="72" HEIGHT="27" WC="0.90" CONTENT="tillägg"/>
						</TextLine>
						<TextLine ID="line_31" HPOS="227" VPOS="1345" WIDTH="229" HEIGHT="21">
							<String ID="string_272" HPOS="227" VPOS="1345" WIDTH="46" HEIGHT="21" WC="0.92" CONTENT="icke"/><SP WIDTH="16" VPOS="1345" HPOS="273"/>
							<String ID="string_273" HPOS="289" VPOS="1345" WIDTH="67" HEIGHT="21" WC="0.96" CONTENT="skulle"/><SP WIDTH="15" VPOS="1345" HPOS="356"/>
							<String ID="string_274" HPOS="371" VPOS="1345" WIDTH="85" HEIGHT="20" WC="0.96" CONTENT="införas."/>
						</TextLine>
					</TextBlock>
				</ComposedBlock>
				<ComposedBlock ID="cblock_11" HPOS="227" VPOS="1406" WIDTH="821" HEIGHT="144">
					<TextBlock ID="block_10" HPOS="227" VPOS="1406" WIDTH="821" HEIGHT="144">
						<TextLine ID="line_32" HPOS="297" VPOS="1406" WIDTH="750" HEIGHT="30">
							<String ID="string_275" HPOS="297" VPOS="1408" WIDTH="57" HEIGHT="20" WC="0.96" CONTENT="Herr"/><SP WIDTH="24" VPOS="1408" HPOS="354"/>
							<String ID="string_276" HPOS="378" VPOS="1406" WIDTH="129" HEIGHT="22" WC="0.96" CONTENT="Berner:"/><SP WIDTH="28" VPOS="1406" HPOS="507"/>
							<String ID="string_277" HPOS="535" VPOS="1408" WIDTH="39" HEIGHT="25" WC="0.96" CONTENT="Jag"/><SP WIDTH="16" VPOS="1408" HPOS="574"/>
							<String ID="string_278" HPOS="590" VPOS="1409" WIDTH="23" HEIGHT="19" WC="0.96" CONTENT="är"/><SP WIDTH="15" VPOS="1409" HPOS="613"/>
							<String ID="string_279" HPOS="628" VPOS="1408" WIDTH="48" HEIGHT="20" WC="0.93" CONTENT="med"/><SP WIDTH="25" VPOS="1408" HPOS="676"/>
							<String ID="string_280" HPOS="701" VPOS="1407" WIDTH="73" HEIGHT="22" WC="0.89" CONTENT="herrar"/><SP WIDTH="21" VPOS="1407" HPOS="774"/>
							<String ID="string_281" HPOS="795" VPOS="1408" WIDTH="95" HEIGHT="22" WC="0.92" CONTENT="Grönvik"/><SP WIDTH="23" VPOS="1408" HPOS="890"/>
							<String ID="string_282" HPOS="913" VPOS="1408" WIDTH="38" HEIGHT="22" WC="0.93" CONTENT="och"/><SP WIDTH="16" VPOS="1408" HPOS="951"/>
							<String ID="string_283" HPOS="967" VPOS="1409" WIDTH="80" HEIGHT="27" WC="0.92" CONTENT="Nysten"/>
						</TextLine>
						<TextLine ID="line_33" HPOS="228" VPOS="1436" WIDTH="820" HEIGHT="27">
							<String ID="string_284" HPOS="228" VPOS="1442" WIDTH="49" HEIGHT="15" WC="0.96" CONTENT="ense"/><SP WIDTH="23" VPOS="1442" HPOS="277"/>
							<String ID="string_285" HPOS="300" VPOS="1442" WIDTH="42" HEIGHT="19" WC="0.96" CONTENT="om,"/><SP WIDTH="23" VPOS="1442" HPOS="342"/>
							<String ID="string_286" HPOS="365" VPOS="1438" WIDTH="32" HEIGHT="18" WC="0.96" CONTENT="att"/><SP WIDTH="23" VPOS="1438" HPOS="397"/>
							<String ID="string_287" HPOS="420" VPOS="1436" WIDTH="67" HEIGHT="21" WC="0.93" CONTENT="andra"/><SP WIDTH="22" VPOS="1436" HPOS="487"/>
							<String ID="string_288" HPOS="509" VPOS="1436" WIDTH="137" HEIGHT="21" WC="0.96" CONTENT="momentet"/><SP WIDTH="-8" VPOS="1436" HPOS="646"/>
							<String ID="string_289" HPOS="638" VPOS="1432" WIDTH="15" HEIGHT="35" WC="0.93" CONTENT="i"/><SP WIDTH="15" VPOS="1432" HPOS="653"/>
							<String ID="string_290" HPOS="668" VPOS="1437" WIDTH="125" HEIGHT="26" WC="0.93" CONTENT="paragrafen"/><SP WIDTH="24" VPOS="1437" HPOS="793"/>
							<String ID="string_291" HPOS="817" VPOS="1438" WIDTH="108" HEIGHT="21" WC="0.86" CONTENT="uteslutes."/><SP WIDTH="32" VPOS="1438" HPOS="925"/>
							<String ID="string_292" HPOS="957" VPOS="1437" WIDTH="48" HEIGHT="22" WC="0.96" CONTENT="Men"/><SP WIDTH="16" VPOS="1437" HPOS="1005"/>
							<String ID="string_293" HPOS="1021" VPOS="1436" WIDTH="27" HEIGHT="22" WC="0.96" CONTENT="dä"/>
						</TextLine>
						<TextLine ID="line_34" HPOS="227" VPOS="1464" WIDTH="821" HEIGHT="30">
							<String ID="string_294" HPOS="227" VPOS="1465" WIDTH="59" HEIGHT="21" WC="0.95" CONTENT="detta"/><SP WIDTH="15" VPOS="1465" HPOS="286"/>
							<String ID="string_295" HPOS="301" VPOS="1464" WIDTH="68" HEIGHT="22" WC="0.96" CONTENT="andra"/><SP WIDTH="16" VPOS="1464" HPOS="369"/>
							<String ID="string_296" HPOS="385" VPOS="1470" WIDTH="63" HEIGHT="16" WC="0.96" CONTENT="mom."/><SP WIDTH="16" VPOS="1470" HPOS="448"/>
							<String ID="string_297" HPOS="464" VPOS="1466" WIDTH="24" HEIGHT="20" WC="0.96" CONTENT="är"/><SP WIDTH="16" VPOS="1466" HPOS="488"/>
							<String ID="string_298" HPOS="504" VPOS="1465" WIDTH="39" HEIGHT="21" WC="0.93" CONTENT="den"/><SP WIDTH="16" VPOS="1465" HPOS="543"/>
							<String ID="string_299" HPOS="559" VPOS="1464" WIDTH="54" HEIGHT="22" WC="0.96" CONTENT="enda"/><SP WIDTH="16" VPOS="1464" HPOS="613"/>
							<String ID="string_300" HPOS="629" VPOS="1464" WIDTH="128" HEIGHT="28" WC="0.96" CONTENT="förändring,"/><SP WIDTH="16" VPOS="1464" HPOS="757"/>
							<String ID="string_301" HPOS="773" VPOS="1472" WIDTH="45" HEIGHT="16" WC="0.96" CONTENT="som"/><SP WIDTH="16" VPOS="1472" HPOS="818"/>
							<String ID="string_302" HPOS="834" VPOS="1467" WIDTH="24" HEIGHT="20" WC="0.93" CONTENT="är"/><SP WIDTH="14" VPOS="1467" HPOS="858"/>
							<String ID="string_303" HPOS="872" VPOS="1466" WIDTH="132" HEIGHT="27" WC="0.93" CONTENT="föreslagen"/><SP WIDTH="-6" VPOS="1466" HPOS="1004"/>
							<String ID="string_304" HPOS="998" VPOS="1460" WIDTH="11" HEIGHT="38" WC="0.84" CONTENT="i"/><SP WIDTH="6" VPOS="1460" HPOS="1009"/>
							<String ID="string_305" HPOS="1015" VPOS="1466" WIDTH="33" HEIGHT="28" WC="0.84" CONTENT="38"/>
						</TextLine>
						<TextLine ID="line_35" HPOS="227" VPOS="1493" WIDTH="820" HEIGHT="29">
							<String ID="string_306" HPOS="227" VPOS="1494" WIDTH="8" HEIGHT="21" WC="0.96" CONTENT="i"/><SP WIDTH="15" VPOS="1494" HPOS="235"/>
							<String ID="string_307" HPOS="250" VPOS="1500" WIDTH="29" HEIGHT="16" WC="0.96" CONTENT="nu"/><SP WIDTH="14" VPOS="1500" HPOS="279"/>
							<String ID="string_308" HPOS="293" VPOS="1493" WIDTH="98" HEIGHT="27" WC="0.93" CONTENT="gällande"/><SP WIDTH="19" VPOS="1493" HPOS="391"/>
							<String ID="string_309" HPOS="410" VPOS="1493" WIDTH="263" HEIGHT="27" WC="0.87" CONTENT="inteckningsförordning,"/><SP WIDTH="16" VPOS="1493" HPOS="673"/>
							<String ID="string_310" HPOS="689" VPOS="1494" WIDTH="67" HEIGHT="22" WC="0.96" CONTENT="finner"/><SP WIDTH="12" VPOS="1494" HPOS="756"/>
							<String ID="string_311" HPOS="768" VPOS="1494" WIDTH="43" HEIGHT="28" WC="0.96" CONTENT="jag,"/><SP WIDTH="16" VPOS="1494" HPOS="811"/>
							<String ID="string_312" HPOS="827" VPOS="1497" WIDTH="30" HEIGHT="19" WC="0.96" CONTENT="att"/><SP WIDTH="16" VPOS="1497" HPOS="857"/>
							<String ID="string_313" HPOS="873" VPOS="1495" WIDTH="48" HEIGHT="21" WC="0.97" CONTENT="hela"/><SP WIDTH="16" VPOS="1495" HPOS="921"/>
							<String ID="string_314" HPOS="937" VPOS="1496" WIDTH="12" HEIGHT="26" WC="0.54" CONTENT="8"/><SP WIDTH="16" VPOS="1496" HPOS="949"/>
							<String ID="string_315" HPOS="965" VPOS="1496" WIDTH="13" HEIGHT="21" WC="0.95" CONTENT="3"/><SP WIDTH="15" VPOS="1496" HPOS="978"/>
							<String ID="string_316" HPOS="993" VPOS="1496" WIDTH="8" HEIGHT="21" WC="0.93" CONTENT="i"/><SP WIDTH="14" VPOS="1496" HPOS="1001"/>
							<String ID="string_317" HPOS="1015" VPOS="1497" WIDTH="32" HEIGHT="21" WC="0.93" CONTENT="ut-"/>
						</TextLine>
						<TextLine ID="line_36" HPOS="228" VPOS="1522" WIDTH="364" HEIGHT="28">
							<String ID="string_318" HPOS="228" VPOS="1523" WIDTH="91" HEIGHT="22" WC="0.92" CONTENT="skottets"/><SP WIDTH="15" VPOS="1523" HPOS="319"/>
							<String ID="string_319" HPOS="334" VPOS="1522" WIDTH="133" HEIGHT="22" WC="0.92" CONTENT="betänkande"/><SP WIDTH="16" VPOS="1522" HPOS="467"/>
							<String ID="string_320" HPOS="483" VPOS="1523" WIDTH="38" HEIGHT="21" WC="0.93" CONTENT="bör"/><SP WIDTH="15" VPOS="1523" HPOS="521"/>
							<String ID="string_321" HPOS="536" VPOS="1523" WIDTH="56" HEIGHT="27" WC="0.92" CONTENT="utgä."/>
						</TextLine>
					</TextBlock>
				</ComposedBlock>
			</PrintSpace>
		</Page>
	</Layout>
</alto>
