1111 1811
300 143 178 22 Borgareständet
490 144 56 17 1882.
571 144 25 17 25
609 143 58 22 april.
857 138 41 21 965

75 213 33 21 väl
130 213 53 21 dock
205 212 47 21 icke
274 218 50 16 vara
340 213 67 25 någon
423 213 44 20 risk
482 214 32 19 att
530 212 106 22 bibehålla
651 213 36 20 det
702 212 76 22 hittills
793 212 105 27 gällande,

75 241 52 22 eller
150 243 33 19 att
201 241 46 22 den,
264 247 44 15 som
324 242 68 26 åtagit
406 241 33 27 sig
454 243 33 18 att
503 241 91 26 fullgöra
609 247 26 15 en
651 247 82 15 annans
747 241 75 27 skjuts,
837 241 62 21 äfven

75 270 53 21 skall
143 270 69 27 plikta
228 269 33 21 för
277 269 25 22 de
318 269 154 27 felaktigheter,
489 269 40 22 han
545 270 48 27 sjelf
607 269 70 27 begår.
846 289 4 4 N

145 327 54 21 Herr
241 326 148 22 Rönnbäck:
406 326 41 22 Det
463 328 23 19 är
503 327 32 21 väl
551 327 38 21 här
605 326 118 27 egentligen
735 326 46 22 icke
792 326 60 27 fräga
863 332 34 15 om

75 358 32 19 att
129 356 54 26 begå
205 356 70 26 något,
297 362 43 15 som
364 356 102 26 förtjenar
489 355 65 25 straft,
577 357 51 19 utan
652 356 35 20 det
703 357 24 19 är
741 355 61 27 fråga
817 362 32 14 om
866 357 32 19 att

75 384 90 27 fullgöra
181 384 53 21 hvad
252 391 47 15 man
315 385 66 25 åtagit
397 385 31 25 sig
444 384 38 21 och
499 391 88 15 ansvara
604 384 77 21 derför.
713 384 37 22 Om
768 385 68 25 någon
852 384 46 21 icke

75 413 77 27 fullgör
168 413 37 21 sitt
221 413 111 27 åtagande,
347 414 41 20 kan
404 419 48 15 man
468 414 33 20 väl
517 413 45 21 icke
578 412 58 22 hålla
651 413 32 25 sig
698 413 31 21 till
742 413 69 26 någon
830 419 68 15 annan

76 444 26 19 än
119 442 46 25 den,
182 441 62 22 hvars
259 442 122 27 skyldighet
397 442 35 21 det
448 442 54 21 varit
518 445 32 18 att
565 442 90 26 fullgöra
671 441 126 27 åliggandet.
825 441 73 21 Denne

75 470 34 22 får
123 470 34 22 väl
173 470 63 22 sedan
253 472 52 20 söka
320 471 32 21 sin
368 477 54 15 man.

144 528 54 21 Herr
222 528 165 22 Stenbäck:
411 528 41 21 Det
472 528 76 21 hittills
563 528 98 26 gällande
676 527 126 27 stadgandet
817 527 6 21 i
839 527 59 21 detta

75 556 100 22 afseende
198 557 69 27 lyder:
289 557 58 27 ,Den
362 563 44 15 som
423 557 81 27 påtagit
520 557 32 27 sig
567 559 32 18 att
615 556 81 28 skjutsa
711 556 33 21 för
759 562 75 20 annan,
850 562 47 15 men

75 586 128 21 försummar
226 586 42 25 det,
291 586 66 26 plikte
381 586 38 21 ock
437 586 34 21 för
486 586 67 21 denne
569 585 156 22 försummelse"
740 592 20 14 o.
777 591 15 14 s.
810 591 18 14 v.
858 584 41 27 Jag

75 614 42 21 kan
133 615 18 26 ej
167 615 45 21 inse
227 614 85 22 hvarför
328 615 45 20 icke
389 621 81 15 samma
482 614 116 28 stadgande
609 614 130 21 fortfarande
750 614 40 21 kan
802 613 21 22 fä
835 613 63 27 gälla.

144 672 55 22 Herr
240 672 126 27 Federley
381 673 145 21 understödde
541 672 48 21 herr
605 672 112 22 Stenbäck.

143 730 56 21 Herr
222 730 161 27 Clouberg:
406 730 40 26 Jag
466 730 68 21 skulle
549 730 107 21 vördsamt
671 729 51 28 vilja
737 729 111 21 hemställa
865 729 31 21 till

74 759 86 22 ståndet
183 759 103 21 huruvida
310 759 35 21 det
366 759 45 21 icke
436 765 49 15 vore
501 759 45 21 skäl
563 761 32 19 att
610 759 27 21 dä
652 758 77 27 plikter
744 757 131 22 förekomma
891 758 6 21 i

75 788 70 21 denna
167 788 41 27 lag,
232 790 80 19 utsätta
332 788 64 21 orden
411 787 43 27 ,till
470 788 38 21 och
525 788 63 25 med*,
603 788 7 21 i
626 787 71 22 stället
712 787 32 21 för
760 787 68 25 ,ända
843 787 54 21 till*.

76 817 40 22 Det
139 817 45 21 stär
206 817 39 20 här
268 816 96 29 vanligen
381 805 69 37 jända
466 816 74 21 till
529 801 24 48 t.
564 823 32 14 ex.
621 817 40 20 100
677 816 65 21 mark.
773 815 49 22 Men
838 815 60 21 detta

75 845 56 22 afser
146 845 134 27 naturligtvis
296 849 32 18 att
343 846 60 21 äfven
419 852 25 14 en
461 845 53 27 plikt
530 845 24 22 af
569 846 40 20 100
624 845 61 21 mark
701 844 53 21 skall
766 844 70 21 kunna
846 844 51 21 ädö-

75 881 51 15 mas.
156 875 85 21 Samma
257 874 89 27 ändring
357 875 65 20 borde
433 874 26 21 dä
470 874 62 21 äfven
547 874 37 22 ske
600 875 27 26 pä
642 874 43 21 alla
701 874 25 21 de
737 873 67 27 öfriga
814 873 83 27 ställen,

75 904 38 21 der
128 905 31 20 ett
175 903 67 27 dylikt
258 903 85 27 uttryck
358 903 148 21 förekommer.

143 961 54 21 Herr
240 964 88 24 Nysten
344 960 142 22 understödde
502 960 49 22 herr
566 960 111 26 Olouberg.

143 1012 150 22 Diskussionen
310 1012 116 22 afslutades
442 1012 39 21 och
496 1012 84 22 ständet
596 1012 68 21 beslöt
680 1012 46 21 med
742 1012 160 26 öfvervägande:

74 1041 110 28 pluralitet
207 1040 53 22 först
284 1043 30 19 att
338 1041 157 21 äterremittera
513 1040 123 28 paragrafen
652 1040 32 22 till
698 1041 106 21 utskottet
819 1041 26 27 pä
861 1041 43 21 det:

75 1072 31 19 att
123 1070 64 21 orden
203 1070 51 26 ,den
270 1076 44 16 som
331 1070 31 21 till
377 1069 113 27 hällskjuts
505 1069 66 22 indelt
587 1070 34 20 är"
637 1070 66 21 måtte
715 1070 46 21 med
772 1072 31 19 ett
814 1069 88 27 lämpli--

74 1105 50 21 gare
140 1099 86 27 uttryck
242 1101 96 19 ersättas.
898 1104 2 2 ä

143 1150 133 22 Beträffande
300 1151 36 20 det
358 1151 21 20 af
403 1150 49 21 herr
467 1151 106 21 Stenbäck
589 1151 124 21 framstälda
728 1151 102 26 förslaget
845 1157 52 20 upp-

74 1180 64 21 lästes
155 1180 50 21 derä
221 1186 25 15 en
262 1180 23 21 sä
301 1180 89 27 lydande
405 1180 143 26 proposition:

143 1230 50 28 yDe,
215 1230 71 22 hvilka
307 1230 113 27 godkänna
440 1231 116 21 utskottets
581 1230 134 22 betänkande
734 1230 7 22 i
757 1230 139 22 förevarande

75 1259 35 21 del
127 1259 133 24 oförändrad,
278 1262 58 18 rösta
352 1260 29 26 ja;

143 1288 73 21 vinner
237 1288 39 26 nej,
293 1288 38 21 har
346 1288 84 21 ståndet
446 1288 86 21 beslutit
548 1294 33 14 om
597 1288 121 20 återremiss
733 1288 22 20 af
769 1288 127 26 paragrafen

73 1316 6 20 i
96 1316 39 21 och
151 1316 33 22 för
199 1317 155 25 omredigering
369 1316 6 20 i
391 1316 61 27 syfte,
468 1319 31 18 att
516 1316 45 25 den,
577 1322 46 15 som
638 1316 67 26 åtagit
720 1316 32 26 sig
762 1318 32 18 att
805 1316 91 27 fullgöra

74 1350 81 16 annans
177 1344 256 28 skjutsningsskyldighet,
449 1345 47 26 sjelf
510 1346 71 22 måtte,
598 1345 65 25 enligt
678 1344 55 21 hvad
748 1344 98 27 gällande
862 1344 34 27 lag

73 1372 94 28 stadgar,
183 1380 89 14 ansvara
287 1373 33 21 för
334 1373 56 21 hvad
406 1374 41 20 han
463 1373 73 21 dervid
551 1373 148 21 åsidosätter."

142 1425 161 25 Propositionen
319 1424 127 21 besvarades
462 1425 47 20 med
526 1425 26 20 28
565 1424 23 26 ja
603 1424 38 21 och
659 1424 25 20 17
699 1424 43 26 nej;
759 1424 85 21 hvarför
858 1430 37 20 pa-

73 1452 99 26 ragrafen
187 1452 83 21 således
284 1452 7 20 i
308 1452 59 21 detta
383 1452 99 21 afseende
497 1452 122 26 godkändes
635 1452 133 20 oförändrad.

142 1502 103 27 Slutligen
271 1503 79 21 beslöts
374 1505 32 19 att
431 1503 48 21 med
510 1502 79 27 hänsyn
619 1502 33 21 till
682 1502 213 27 vitesbestämningen

74 1531 79 28 »plikte
176 1532 55 21 ända
254 1531 32 22 till
309 1531 115 22 etthundra
447 1531 70 22 mark"
540 1531 64 22 orden
621 1531 70 25 ,ända
706 1530 45 22 till"
768 1531 68 22 skulle
850 1533 45 19 mot
