1123 1786
547 70 8 9 +

312 127 176 20 Borgareständet
501 128 57 17 1882.
582 129 25 16 25
621 128 58 21 april.
866 123 40 20 987

86 195 68 26 bigätt
170 195 47 22 hela
232 192 72 24 saken.
334 195 41 28 Jag
390 197 51 26 tror,
457 198 31 19 att
504 197 61 26 lagen
581 197 89 21 sålunda
685 197 73 22 vinner
773 197 133 22 både
829 188 13 40 i
849 197 57 22 klar-

86 223 36 22 het
138 223 38 22 och
192 223 156 28 tillämplighet.

154 280 56 21 Herr
232 281 145 26 Procopé:
400 281 40 27 Jag
462 282 105 21 erkänner
581 282 128 28 fullkomligt
725 283 40 20 den
780 283 126 26 föregående

85 308 93 22 talarens
200 309 100 27 yttrande
322 309 40 21 och
377 309 36 21 vill
427 310 95 27 upplysa,
537 313 32 18 att
584 310 105 22 utskottet
704 311 105 21 afskrifvit
824 311 83 21 föreva-

86 337 65 21 rande
173 338 102 27 paragraf
295 338 46 21 från
358 339 25 20 12
400 339 10 25 S
425 338 6 21 i
447 339 77 26 nådiga
548 339 163 27 propositionen.
742 339 48 21 Men
804 340 37 26 jag
855 340 52 26 god-

84 366 82 21 känner
188 366 64 22 ocksä
270 366 68 22 denna
354 366 21 22 af
389 366 49 22 herr
453 367 95 22 Grönvik
563 368 121 26 föreslagna
699 368 122 27 förändring
836 368 70 21 säsom

85 395 130 26 lämpligare.

155 452 153 21 Diskussionen
324 458 33 16 om
373 453 68 21 denna
457 453 101 27 paragraf
572 453 116 21 afslutades
699 453 93 25 härmed,
801 454 39 20 och
851 454 56 20 stän-

86 480 36 21 det
135 480 68 21 beslöt
218 481 47 20 med
281 480 153 27 öfvervägande
449 481 110 27 pluralitet
575 484 30 19 att
621 482 112 26 godkänna
749 488 62 15 mom.
829 484 9 18 1
852 482 56 21 oför-

87 509 100 26 ändradt;
204 508 109 22 hvaremot
334 510 91 23 ständet,
441 510 48 22 med
505 510 136 22 förkastande
657 510 22 22 af
693 510 115 22 utskottets
825 511 81 27 redige-

85 538 47 26 ring
154 538 24 20 af
198 541 93 18 moment
307 539 19 25 2,
348 538 68 22 beslöt
439 541 32 19 att
494 539 55 26 gifva
572 539 116 21 detsamma
708 539 93 28 följande
817 539 89 27 lydelse:

87 582 9 8 »
101 566 134 24 Beträffande
258 567 146 27 skyldigheten
426 570 32 18 att
481 568 93 21 bestrida
590 568 178 21 omkostnaderna
782 568 33 21 för
830 568 76 26 skjuts-

86 594 39 21 och
148 595 245 27 gästgifverihällningen
409 596 5 20 i
430 596 48 21 stad
499 596 66 26 gäller
589 596 54 21 hvad
658 596 6 20 i
681 599 11 18 7
709 596 11 27 8
735 597 7 20 i
757 596 150 26 förordningen

86 623 22 20 af
124 623 39 21 den
179 623 13 20 8
209 623 115 22 December
350 625 52 20 1873
426 630 33 15 om
482 624 251 27 kommunalförvaltning
749 625 6 20 i
770 625 48 21 stad
840 625 67 20 finnes

86 652 118 25 stadgadt'.

155 679 107 27 Derjemte
277 681 95 20 rättades
388 681 35 20 det
438 682 6 20 i
460 682 125 26 paragrafen
605 681 172 21 förekommande
795 681 113 27 tryckfelet

86 708 5 20 i
108 709 36 20 det
159 710 31 19 att
207 709 25 20 de
248 709 54 21 efter
318 709 61 21 ordet
394 709 171 27 ,skjutsanstalt*
578 709 145 22 bortlemnade
734 709 65 22 orden
811 711 40 25 ,,pä
865 709 43 22 lan-

86 737 49 20 det"
152 737 94 21 insattes.

474 794 11 27 g
502 795 18 20 2.

155 851 55 21 Herr
226 851 176 21 Lindholm:
424 851 112 28 Uttrycket
552 867 11 9 ,
567 854 59 19 extra
641 851 85 26 skjuts,
742 858 45 14 som
803 851 104 22 förekom-

87 886 43 14 mer
146 880 25 26 på
188 881 12 19 5
217 881 71 24 raden,
310 886 63 15 anser
393 880 36 26 jag
451 887 51 14 vara
524 879 148 22 vilseledande.
703 881 46 20 Den
771 881 74 25 skjuts,
862 886 45 15 som

86 908 90 22 erhålles
192 908 45 21 från
253 909 209 25 reservstationerna,
479 909 39 20 kan
535 914 48 16 man
596 909 24 26 ju
631 908 62 21 äfven
704 908 65 27 enligt
780 909 34 25 lag
825 908 83 26 kräfva;

87 937 39 21 den
137 939 24 19 är
176 939 32 19 att
224 937 98 21 betrakta
337 937 70 21 såsom
423 944 26 14 en
465 938 106 20 ordinarie
587 937 67 27 skjuts
669 937 46 21 från
726 938 54 24 dem,
792 937 66 21 ehuru
871 944 37 14 un-

87 966 36 20 der
138 966 56 20 vissa
209 966 74 21 vilkor,
300 966 27 21 då
342 966 94 21 deremot
452 966 107 27 uttrycket
575 968 74 24 ,,extra
669 966 80 27 skjuts'
765 965 68 22 skulle
849 966 58 21 inne-

88 994 50 21 bära
154 995 65 20 sådan
235 995 75 26 skjuts,
326 1000 45 15 som
388 1000 46 14 man
451 995 118 27 egentligen
593 994 45 21 icke
654 995 41 20 kan
711 994 79 26 fordra,
806 998 51 18 utan
874 1000 33 15 om

86 1022 85 21 hvilken
186 1023 100 21 särskildt
302 1023 52 21 aftal
370 1029 48 14 vore
431 1022 106 27 behöfligt.
567 1016 135 28 Åtminstone
713 1023 114 27 uppfattas,
838 1023 70 21 såvidt

84 1051 35 27 jag
135 1054 40 22 vet,
191 1052 58 20 detta
265 1051 85 27 uttryck
365 1051 32 21 för
405 1052 130 21 närvarande
551 1051 94 21 sålunda.
668 1051 39 27 Jag
718 1052 64 26 yrkar
793 1051 70 21 derför
873 1051 33 27 på,

86 1082 32 19 att
134 1080 60 21 ordet
211 1082 86 24 ,,extra'
315 1080 65 21 måtte
396 1080 56 26 utgå.

155 1137 56 21 Herr
234 1137 173 21 Wasenius:
432 1137 27 21 Af
480 1137 161 26 landtdagsman
663 1137 112 27 Leppänen
791 1136 39 22 har
845 1136 62 22 fram-

85 1166 61 21 stälts
162 1172 23 15 en
199 1167 135 24 reservation,
348 1166 44 21 deri
403 1166 41 20 han
453 1166 94 23 föreslår,
557 1168 32 19 att
599 1166 149 21 reservstation
758 1166 67 21 skulle
837 1165 71 27 åligga

86 1196 32 19 att
133 1194 155 21 frambefordra
303 1196 75 25 posten
394 1197 44 18 mot
453 1194 60 21 enkel
530 1194 115 27 skjutslega
656 1194 27 26 pä
694 1195 26 20 de
731 1194 82 25 ställen,
822 1194 86 21 hvarest

86 1223 45 21 icke
147 1222 67 21 finnes
229 1223 128 26 gästgifveri.
388 1223 74 21 Sävidt
478 1223 35 20 det
529 1223 55 21 varit
599 1223 43 26 mig
658 1222 81 27 möjligt
755 1224 32 19 att
797 1224 57 19 sätta
866 1222 42 27 mig

84 1251 22 21 in
121 1251 7 21 i
144 1251 79 26 frägan,
238 1252 72 26 tycker
324 1251 41 27 jag,
381 1254 32 18 att
429 1251 52 21 hans
496 1251 131 21 reservation
644 1251 38 20 har
697 1251 56 26 goda
768 1251 46 21 skäl
826 1251 33 21 för
868 1251 38 25 sig,

86 1280 39 21 och
149 1280 35 21 det
206 1279 100 22 förvänar
328 1281 48 25 mig,
392 1282 31 19 att
446 1279 46 21 icke
515 1280 52 21 hans
583 1280 84 25 mening
683 1279 68 22 blifvit
766 1280 22 21 af
801 1279 106 21 utskottet

86 1309 104 25 godkänd.
222 1309 40 26 Jag
284 1309 69 20 skulle
368 1308 26 21 be
410 1309 32 20 att
458 1308 20 21 få
494 1308 127 27 upplysning
645 1314 34 14 om
699 1308 54 21 hvad
770 1309 35 20 det
816 1309 29 23 är,
862 1314 45 15 som

86 1337 71 26 lägger
172 1337 76 21 hinder
263 1337 5 20 i
286 1339 65 24 vägen
367 1336 33 21 för
415 1337 119 26 antagande
550 1337 23 20 af
585 1337 53 20 hans
653 1335 84 28 förslag.

154 1393 57 21 Herr
232 1394 179 20 Rönnbäck:
432 1394 41 25 Jag
496 1393 34 21 vill
546 1393 89 27 upplysa
650 1399 41 19 om,
707 1395 32 19 att
754 1393 36 21 det
805 1393 55 21 varit
876 1395 32 19 ut-

86 1421 90 22 skottets
193 1422 89 25 mening,
298 1423 32 19 att
346 1422 37 19 der
399 1422 175 20 reservstationer
588 1421 68 20 finnas
667 1421 207 21 frambefordrandet
887 1421 23 20 af

86 1452 74 24 posten
176 1452 44 18 mot
236 1449 62 21 enkel
313 1449 116 26 skjutslega
444 1449 68 21 skulle
527 1449 23 20 af
564 1449 61 21 dessa
641 1449 135 21 innehafvare
791 1449 22 20 af
827 1455 80 15 reserv-

86 1478 102 22 stationer
212 1478 124 26 öfvertagas.
367 1477 49 21 Men
432 1478 36 20 det
484 1478 96 20 kommer
598 1477 65 26 enligt
679 1477 114 21 utskottets
810 1477 49 27 plan
876 1479 32 19 att

86 1506 66 22 finnas
176 1509 69 25 vägar,
266 1506 30 28 pä
318 1506 72 22 hvilka
412 1506 93 22 hvarken
530 1506 83 27 vanliga
635 1506 147 27 gästgifverier
805 1506 18 26 ej
839 1506 69 21 heller
