1106 1814
314 133 178 22 Borgareståndet
503 135 58 17 1882.
586 135 13 17 8
611 135 47 20 maj.
844 131 55 21 1187

77 208 33 16 om
127 202 47 21 dess
190 203 121 21 ersättande
327 203 47 21 med
389 209 28 21 ny
432 204 58 21 skatt
512 205 55 20 ännu
583 203 45 22 icke
644 204 22 21 af
679 204 104 22 utskottet
798 204 100 22 återlem-

77 233 53 23 nats,
146 231 24 22 så
185 231 71 22 kunna
272 232 118 21 Ständerna
413 232 46 21 icke
482 232 73 27 afgöra
574 233 39 20 den
629 233 59 20 förra
702 233 74 26 frågan
792 233 62 20 innan
871 233 27 21 de

76 260 90 21 kommit
180 261 7 20 i
203 259 83 22 tillfälle
302 263 30 18 att
349 259 72 28 pröfva
437 261 39 20 den
492 267 80 15 senare.
602 261 100 21 Tvärtom
726 264 24 18 är
769 262 24 26 ju
809 262 40 20 den
865 267 34 15 se-

76 294 51 15 nare
143 289 84 21 skatten
242 289 118 21 motiverad
375 289 75 21 endast
465 289 43 21 ifall
525 289 39 20 den
580 289 56 22 förra
651 289 90 27 aflyftas.

145 345 56 21 Herr
239 345 147 22 Stenbäck:
416 345 40 28 Jag
472 346 37 21 ber
524 347 31 20 att
570 347 21 20 få
611 347 56 20 fästa
683 346 214 27 uppmärksamheten

76 374 34 21 vid
132 376 33 19 att
187 374 39 21 här
248 376 24 19 är
294 374 58 27 fråga
375 375 53 21 både
444 381 33 15 om
494 375 152 21 rotevakansen
662 375 39 21 och
716 375 179 22 rusthållsvakan-

76 409 43 15 sen.
143 403 72 26 Enligt
226 403 24 21 de
267 403 155 27 upplysningar,
438 409 44 16 som
498 410 26 15 en
540 403 23 21 af
576 404 169 21 statsutskottets
761 404 138 21 medlemmar

78 431 112 27 meddelat,
214 431 38 22 har
274 433 160 20 statsutskottet
458 432 32 21 vid
514 433 46 21 sina
579 432 95 27 kalkyler
690 433 75 26 tagit
761 427 13 37 i
782 433 116 26 beräkning

77 461 215 24 rusthällsvakansen,
310 461 19 20 d.
345 467 18 14 v.
380 468 16 14 s.
412 461 48 21 med
475 461 67 22 andra
558 461 38 21 ord
607 461 45 26 lagt
668 462 39 21 den
724 462 111 27 kejserliga
850 468 48 21 pro-

76 490 118 26 positionen
210 490 32 21 till
258 490 67 27 grund
341 490 33 21 för
389 490 45 21 sina
449 490 141 26 beräkningar
607 490 39 21 och
670 490 88 27 säledes,
774 492 67 20 under
857 491 40 21 den

78 518 158 27 förutsättning,
260 521 31 19 att
315 519 47 20 dess
384 518 140 29 beräkningar
546 519 68 21 skulle
636 521 95 26 antagas,
753 520 74 21 endast
843 522 56 19 rote-

77 547 107 22 vakansen
207 548 117 27 egentligen
342 547 85 22 komma
449 551 31 18 att
504 547 88 28 aflyftas.
622 548 26 21 Vi
673 549 71 21 kunna
771 549 84 21 således
879 549 18 25 ej

78 577 84 21 komma
184 576 54 21 ifrån
259 579 31 18 att
313 576 95 27 begagna
431 583 25 15 en
479 576 33 22 del
535 577 21 21 af
576 577 112 26 vakansen,
705 577 65 22 ehuru
786 577 67 22 under
873 583 25 15 en

78 612 68 15 annan
163 605 59 22 form.
253 605 41 22 Det
309 607 23 19 är
347 605 67 22 under
430 605 68 22 denna
514 606 65 21 andra
601 605 53 22 form
677 613 44 14 som
740 606 36 27 jag
792 607 106 20 bestämdt

78 635 67 21 skulle
168 636 102 19 motsätta
292 635 48 26 mig,
363 637 31 18 att
414 634 206 22 rusthällsvakansen
636 635 68 21 skulle
720 635 57 27 utgä,
792 635 106 27 nämligen

80 666 32 19 att
128 663 39 22 den
183 663 68 21 skulle
266 663 65 21 blifva
346 662 28 22 fix
388 663 64 22 skatt.

146 693 11 20 I
180 692 68 21 denna
264 691 11 28 &
293 694 8 19 1
319 692 44 21 står
385 692 74 27 frågan
482 699 33 14 om
538 694 55 20 rote-
613 692 39 21 och
668 692 208 22 rusthällsvakansen
891 693 7 20 i

79 723 31 19 ett
125 720 132 22 omedelbart
272 721 153 27 sammanhang
441 721 47 22 med
504 721 38 22 den
560 721 59 22 2:dra
635 721 11 28 $
662 721 6 21 i
684 722 108 26 förslaget.
822 721 30 28 Ty
863 722 36 21 det

78 756 40 15 ena
133 750 40 21 blir
188 762 27 3 —
230 749 42 22 kan
295 756 48 15 man
364 751 52 25 säga
430 763 28 2 —
474 757 26 14 en
523 750 121 21 omedelbar
666 750 50 27 följd
738 750 22 22 af
774 751 36 20 det
825 751 73 20 andra.

78 779 90 27 Aflyftas
183 778 209 23 rusthällsvakansen
413 779 54 21 skall
491 779 39 21 den
553 782 74 24 genast
643 781 90 20 ersättas
749 779 23 22 af
785 779 40 22 fast
841 780 58 21 skatt

79 807 26 27 pä
120 807 124 22 rusthällen.
274 807 125 22 Rusthällen
420 808 62 21 skola
503 808 45 21 helt
563 809 38 20 och
618 808 66 21 hållet
698 809 66 21 ändra
780 809 40 20 den
836 810 64 19 natur

79 837 26 21 de
120 837 76 22 hittills
211 836 45 22 haft
271 837 39 21 och
325 837 69 21 säsom
410 837 36 21 det
462 837 59 21 heter
536 837 72 27 ätergä
624 837 33 22 till
673 838 100 27 rotering.
802 837 43 21 För
856 837 44 28 mig

79 865 100 22 framstär
194 866 60 21 detta
268 865 130 22 förhällande
414 866 69 21 säsom
499 866 65 26 nägot
584 865 109 22 stridande
710 871 57 16 emot
782 866 26 21 de
823 866 76 27 princi-

79 901 43 21 per,
146 901 44 15 som
214 895 52 20 böra
288 895 61 26 följas
370 894 34 21 vid
420 894 118 21 ordnandet
553 894 21 21 af
589 895 68 21 denna
672 894 166 27 rusthällsfräga.
868 895 31 27 Ty

76 925 37 26 jag
135 923 48 26 kan,
207 924 70 21 säsom
299 923 58 22 förut
380 923 94 25 nämndt,
497 923 45 21 icke
558 923 112 26 godkänna
686 924 25 21 de
726 923 112 28 principer,
853 929 46 16 som

79 952 79 22 uttalas
173 953 6 20 i
196 951 178 23 skattekomitens
388 952 110 21 utlåtande
514 954 55 20 samt
584 958 74 15 senare
673 952 7 21 i
696 953 112 26 kejserliga
822 958 78 21 propo-

80 981 96 26 sitionen,
192 981 6 21 i
214 981 36 22 det
265 985 15 17 t.
296 987 31 15 ex.
342 981 94 22 komiten
451 983 68 24 säger,
534 983 32 19 att
582 981 107 22 komitens
711 981 109 28 pluralitet
842 987 58 18 ,,om-

79 1010 63 21 fattat
158 1009 40 22 den
214 1010 60 27 äsigt,
291 1011 33 20 att
338 1009 247 22 rusthällsinstitutionen
608 1012 62 25 utgör
686 1016 25 15 en
726 1009 90 22 särskild
833 1010 68 21 öfver-

80 1038 97 27 byggnad
192 1038 90 27 ofvanpä
298 1039 40 20 den
354 1039 107 20 allmänna
476 1039 206 26 knekteroteringen,
698 1039 86 21 hvarför
794 1038 60 22 äfven
866 1039 34 20 vid

80 1067 257 26 rusthällsinrättningens
360 1067 126 27 upplösning
502 1067 231 26 rusthällshemmanen,
749 1067 69 22 såsom
835 1067 64 21 redan

80 1095 61 22 ofvan
157 1095 107 27 nämndes,
282 1096 66 21 borde
363 1095 97 22 äterfalla
482 1096 67 21 under
567 1097 93 26 rotering
676 1096 51 21 eller
743 1097 97 20 deremot
855 1102 45 15 sva-

80 1125 64 21 rande
160 1125 195 26 rotevakansafgift,
372 1125 70 21 derest
458 1124 68 22 denna
541 1124 136 29 bibehölles.*
703 1125 49 21 Man
764 1125 38 21 har
812 1125 90 25 således,

80 1160 34 15 om
130 1153 19 22 vi
164 1153 68 22 skulle
248 1153 106 22 bibehälla
368 1153 160 25 rotevakansen,
544 1159 47 16 men
603 1153 106 27 upphäfva
719 1154 181 21 rusthällsvakan-

80 1189 43 19 sen,
146 1184 73 19 ämnat
241 1183 74 26 päföra
336 1182 118 21 rusthällen
476 1189 26 14 en
517 1181 27 22 fix
560 1182 67 25 skatt;
647 1183 7 20 i
669 1183 72 21 stället
756 1182 33 21 för
804 1183 96 26 rustning

80 1211 68 22 skulle
164 1211 26 21 de
205 1211 86 21 komma
306 1213 32 19 att
353 1213 75 25 utgöra
443 1211 133 21 rotevakans.
599 1211 41 27 Jag
651 1211 98 22 framhöll
761 1212 65 20 redan
843 1209 69 23 förra'

80 1240 88 27 gången,
186 1239 26 22 dä
228 1239 74 28 frågan
318 1239 148 27 behandlades,
483 1242 31 19 att
530 1240 122 26 rustningen
663 1242 24 19 är
697 1240 21 21 af
728 1240 90 27 tidigare
828 1241 72 20 datum

80 1269 7 20 i
102 1269 97 24 Finland,
216 1271 26 18 än
258 1269 128 26 roteringen.
416 1269 41 20 Vid
481 1269 54 21 1682
558 1269 34 21 års
608 1269 87 26 riksdag
710 1269 123 27 godkändes
848 1268 52 21 Karl

79 1297 48 22 XI:s
149 1297 79 27 förslag
251 1304 32 14 om
307 1297 133 21 utbildandet
462 1297 22 21 af
506 1297 193 26 indelningsverket
722 1298 66 26 enligt
804 1297 39 21 den
859 1296 41 21 till-

80 1326 126 27 stymmelse,
222 1332 44 15 som
283 1325 135 22 derförinnan
437 1326 66 21 fanns.
534 1326 47 21 Men
598 1326 25 21 de
638 1325 68 22 finska
721 1326 129 26 deputerade
865 1325 36 21 vid

80 1355 111 26 riksdagen
214 1355 112 26 godkände
349 1355 35 20 det
399 1355 52 24 icke,
468 1354 84 21 hvarför
567 1355 37 20 det
618 1355 65 21 ocksä
698 1355 85 25 beslöts,
800 1357 31 18 att
847 1354 55 21 tills-

81 1384 71 21 vidare
167 1383 88 22 Finland
272 1383 67 22 skulle
355 1382 98 22 förblifva
468 1383 33 20 vid
519 1383 35 21 det
568 1383 76 27 gamla,
660 1383 19 21 d.
696 1390 18 13 v.
731 1390 16 14 s.
764 1383 34 20 vid
813 1383 87 21 utskrif-

81 1413 83 26 ningen.
194 1411 40 22 Till
256 1411 51 28 följd
327 1411 61 22 deraf
402 1411 48 22 kom
466 1411 18 27 ej
501 1411 65 22 heller
582 1413 65 25 något
662 1412 102 21 kontrakt
779 1412 47 21 med
843 1418 59 19 rege-

81 1441 72 25 ringen
176 1441 32 20 till
231 1441 62 20 stånd
309 1441 6 20 i
331 1440 91 20 Finland
443 1440 70 20 förrän
529 1440 23 20 år
569 1441 60 19 1694.
661 1441 33 19 Då
709 1441 138 26 upprättades
862 1440 40 20 här

82 1469 36 20 det
132 1468 66 21 första
214 1468 124 21 kontraktet
354 1468 6 20 i
377 1468 58 20 detta
450 1468 105 21 afseende.
584 1468 42 21 Det
642 1468 89 21 handlar
747 1474 33 15 om
796 1463 48 26 Åbo
856 1468 45 20 läns

81 1497 39 21 och
143 1497 141 26 Björneborgs
306 1497 46 20 läns
372 1499 133 22 regementen
525 1496 37 21 och
578 1497 6 20 i
600 1497 59 20 detta
674 1496 101 21 kontrakt
790 1497 61 20 heter
866 1497 36 20 det

82 1525 147 28 uttryckligen,
246 1527 32 19 att
292 1525 45 22 från
354 1525 94 26 rotering
463 1525 131 26 undantages
610 1525 64 21 bland
690 1525 64 22 andra
771 1525 59 22 äfven
847 1528 56 19 rust-
