1123 1823
304 136 180 22 Borgareståndet
496 138 59 18 1882.
579 139 27 17 25
618 140 60 20 april.
859 135 39 21 961

190 308 61 25 Den
270 308 37 26 25
325 308 75 33 april
419 308 37 26 kl.
477 309 28 34 !/,
517 308 18 27 6
552 310 74 25 efter
644 309 158 34 middagen.

149 375 40 22 Vid
209 376 116 22 verkstäldt
340 383 81 21 upprop
437 377 104 22 befunnos
556 378 92 26 följande
664 379 138 21 medlemmar
819 380 83 21 frånva-

80 404 71 26 rande,
162 404 104 27 nämligen
277 405 73 21 herrar
361 405 88 27 Nybom,
466 406 94 27 Ingman,
577 406 91 22 Neovius
683 407 39 21 och
738 407 56 22 Göös
810 408 22 21 af
846 408 56 22 förut

79 433 120 20 antecknad
222 434 69 24 orsak,
315 434 73 21 herrar
403 434 106 21 Snellman
526 436 39 20 och
581 434 119 27 Chydenius
716 436 6 21 i
738 437 68 26 grund
822 436 22 21 af
857 436 47 22 utaf

80 461 85 21 ståndet
181 468 28 15 nu
224 462 94 21 lemnadt
333 462 130 28 begifvande,
480 463 49 21 herr
544 463 124 28 Malmgren,
683 464 85 22 hvilken
784 465 68 22 skulle
867 465 35 22 vid

80 490 204 27 stadsfullmäktiges
300 491 31 21 till
348 491 66 22 denne
431 492 40 26 dag
486 494 81 19 utsatta
577 493 157 22 sammanträde
745 493 48 22 leda
803 494 99 21 förhand-

80 519 102 26 lingarna,
198 523 56 18 samt
269 520 49 21 herr
332 519 107 28 Lindberg
454 523 51 18 utan
521 521 95 21 anmäldt
631 521 77 22 förfall.
738 522 80 21 Herrar
834 522 68 22 Snell-

81 553 48 15 man
146 548 38 21 och
200 547 120 28 Chydenius
335 548 86 22 infunno
437 549 31 26 sig
485 549 53 22 dock
553 556 80 15 senare.

150 691 118 22 Fortsattes
291 692 48 21 med
355 691 119 22 diskussion
490 693 22 20 af
525 695 153 19 sammansatta
693 693 54 28 Lag-
763 693 39 22 och
817 693 85 22 Ekono-

81 719 145 22 miutskottets
242 719 133 22 betänkande
391 720 38 22 N:o
445 722 13 20 4
473 721 7 21 i
496 721 112 27 anledning
624 721 23 22 af
656 721 76 28 nådiga
743 722 159 27 propositionen

81 747 40 22 N:o
137 749 27 21 29
179 749 109 27 angående
304 749 117 22 ordnandet
436 749 23 22 af
473 750 188 27 skjutshållningen
672 751 40 21 och
722 751 180 27 gästgifverierna.

150 806 12 27 8
179 807 25 20 14
220 806 122 27 godkändes
357 809 50 19 utan
423 807 126 22 diskussion.

409 893 11 27 $
439 894 24 20 15
479 899 62 16 mom.
559 895 18 20 1.

151 950 55 21 Herr
229 950 169 21 Wasenius:
420 951 41 25 Jag
484 950 95 22 anhåller
601 953 32 19 att
655 950 21 22 få
691 950 83 26 föreslå,
790 952 36 21 det
841 958 62 21 para-

82 978 72 26 grafen
170 979 194 21 återremitterades
375 979 31 21 till
417 980 106 20 utskottet
536 980 6 20 i
553 979 38 21 och
600 979 33 21 för
642 980 162 27 omredigering,
816 981 88 20 emedan

84 1007 41 25 det,
142 1007 68 21 såvidt
223 1007 37 26 jag
277 1008 40 20 kan
334 1007 71 25 förstå,
421 1008 66 21 finnes
502 1009 32 20 ett
550 1008 83 27 mycket
648 1010 54 19 stort
718 1008 28 21 fel
762 1009 6 21 i
784 1008 74 28 sjelfva
867 1009 37 21 sti-

82 1035 120 28 liseringen.
242 1036 116 21 Momentet
388 1036 68 27 lyder:
482 1053 9 11 ,
495 1037 44 20 Har
561 1037 212 26 entreprenadanbud
797 1037 33 21 för
851 1037 54 22 håll-

82 1065 118 26 skjutsning
223 1065 19 27 ej
264 1065 67 27 gjorts
354 1065 50 21 eller
426 1065 46 21 icke
494 1065 68 22 blifvit
576 1065 116 28 godkändt,
708 1066 60 21 skola
784 1067 26 20 de
826 1067 78 26 skjuts-

83 1093 163 27 ningsskyldige,
269 1094 13 21 å
303 1100 80 15 samma
402 1094 213 21 kommunalstämma
631 1100 44 15 som
692 1094 32 21 för
739 1095 166 21 auktionsanbu-

83 1122 51 21 dens
155 1122 100 28 pröfning
274 1122 179 23 sammankallats,
477 1123 49 26 ingå
548 1123 212 22 öfverenskommelse
779 1129 33 16 om
829 1123 76 27 skjuts-

83 1151 87 27 ningens
193 1151 118 26 fördelning
334 1151 46 21 dem
404 1151 107 21 emellan.
542 1152 40 20 Det
606 1153 24 20 är
643 1152 23 26 ju
681 1152 87 21 alldeles
784 1153 120 26 otänkbart,

82 1182 33 19 att
136 1180 211 26 entreprenadanbud
370 1180 79 21 kunnat
473 1180 64 21 blifva
558 1181 58 26 ,icke
638 1180 119 27 godkändt*
781 1181 63 21 innan
868 1181 37 21 det

82 1210 57 19 ännu
161 1209 70 20 blifvit
253 1209 153 20 un:erkastadt
421 1209 67 26 någon
505 1209 103 26 pröfning.
639 1209 76 22 Derför
731 1210 60 21 torde
807 1209 98 22 formule-

84 1237 72 26 ringen
172 1237 64 26 nägot
252 1237 51 22 böra
316 1237 89 28 jemkas,
420 1237 27 27 pä
463 1237 35 21 det
514 1240 31 19 att
560 1237 47 22 icke
629 1244 26 15 en
678 1238 64 21 sädan
763 1238 142 27 oformlighet,

83 1272 45 15 som
145 1272 27 15 nu
188 1265 119 24 förefinnes,
323 1267 84 20 komme
421 1269 33 18 att
469 1267 91 26 gvarstä.
591 1266 45 21 Allt
652 1266 58 21 detta
724 1267 43 21 kan
783 1267 123 26 visserligen

84 1295 84 20 förstäs.
200 1295 47 20 Men
262 1295 36 26 jag
317 1295 40 20 kan
373 1294 105 27 knappast
493 1295 66 21 förstä
574 1295 54 21 huru
644 1301 25 15 en
685 1295 41 26 lag,
742 1301 45 16 som
803 1295 101 26 utfärdas,

82 1323 55 21 skall
152 1323 72 20 kunna
240 1323 106 21 innehälla
356 1323 23 21 sä
390 1324 60 20 svära
461 1323 166 26 oegentligheter
643 1323 39 22 och
690 1323 27 22 dä
726 1324 69 21 dertill
804 1325 103 24 kommer,

83 1353 33 19 att
138 1351 60 22 detta
220 1351 46 22 icke
287 1352 74 21 endast
376 1353 24 20 är
416 1358 24 15 en
462 1352 135 27 regeringens
612 1351 41 28 lag,
669 1354 50 19 utan
736 1359 24 14 en
777 1352 129 22 Ständernas

84 1380 40 26 lag,
140 1386 44 15 som
201 1380 53 21 skall
270 1381 102 26 granskas
388 1380 22 21 af
423 1380 46 27 fyra
484 1381 69 23 ständ,
568 1381 50 26 säge
634 1381 36 21 det
685 1382 65 26 nägot
760 1381 105 22 värdslöst
876 1384 30 21 ut,

84 1415 34 14 om
142 1409 124 26 paragrafen
289 1409 69 21 skulle
380 1409 6 20 i
413 1409 39 21 den
469 1409 54 21 form
539 1409 123 22 densamma
677 1416 27 14 nu
720 1410 39 21 har
774 1411 26 25 gä
816 1411 90 25 igenom.

153 1465 116 21 Momentet
284 1465 123 26 godkändes
422 1465 50 21 derä
488 1465 144 21 oförändradt.

155 1521 63 22 Mom.
235 1521 12 20 2
263 1521 122 26 godkändes
401 1521 104 22 likaledes.

817 1563 20 17 61
