1700 1973
506 204 40 22 736
727 210 178 21 Borgareständet
917 210 56 17 1882.
997 211 22 17 81
1032 214 61 13 mars.

574 279 46 21 Den
635 278 7 22 i
657 278 60 22 detta
731 278 196 28 protokollsutdrag
941 278 76 27 gjorda
1036 278 124 27 inbjudning
1176 278 43 22 blef
1232 278 23 22 af
1268 279 58 21 stän-

505 308 36 20 det
556 306 104 28 bordlagd
675 308 32 20 till
723 309 61 19 nästa
799 307 167 25 sammanträde;
981 309 56 19 samt

574 365 34 21 2:0
625 364 46 22 från
687 364 159 22 Bondeständet
860 364 33 21 för
909 365 40 21 den
964 364 27 22 28
1007 364 85 27 dennes,
1108 364 48 22 med
1171 364 155 22 underrättelse

505 400 34 14 om
554 393 97 22 ständets
666 392 70 22 beslut
751 393 7 21 i
774 393 113 27 anledning
902 393 31 21 af:

575 428 25 15 en
623 421 110 23 skrifvelse
756 422 46 21 frän
825 423 151 21 sammansatta
998 422 43 26 lag-
1057 422 39 21 och
1120 421 206 23 ekonomiutskottet

505 451 47 21 med
569 450 98 22 anhållan
684 456 33 16 om
733 450 58 22 detta
807 451 92 21 utskotts
914 450 118 28 fördelning
1047 450 28 28 pä
1089 452 78 20 tvänne
1182 450 142 27 afdelningar
1314 446 12 36 ;

506 480 106 22 äfvensom

573 508 108 22 allmänna
697 508 203 22 besvärsutskottets
915 508 148 22 betänkanden
1079 508 57 22 N:ris
1152 511 12 19 7
1181 508 39 22 och
1236 511 20 20 8.

573 658 134 27 Föredrogos
722 658 39 21 och
777 658 112 22 bordlades
914 658 103 22 likaledes
1039 658 33 21 till
1093 660 61 19 nästa
1169 659 156 21 sammanträde

504 688 153 20 sammansatta
673 687 44 26 lag-
734 687 39 21 och
789 687 213 22 ekonomiutskottets
1025 687 78 25 förslag
1119 687 32 21 till
1165 687 160 27 sammanjemk-

506 715 51 26 ning
572 715 23 22 af
609 715 26 21 de
651 715 66 22 delvis
733 715 120 27 skiljaktiga
869 715 84 27 äsigter,
964 715 59 21 hvari
1038 715 89 21 ständen
1144 717 85 20 stannat
1239 716 35 21 vid
1290 715 36 22 be-

505 743 128 28 handlingen
656 744 23 21 af
699 744 117 21 utskottets
838 744 134 22 betänkande
993 743 41 22 N:o
1051 746 10 19 1
1078 744 6 21 i
1099 743 114 27 anledning
1231 744 22 21 af
1267 745 58 20 Hans

505 772 121 27 Kejserliga.
637 771 111 28 Majestäts
769 773 77 26 nådiga
867 773 130 27 proposition
1012 772 108 27 angående
1141 772 123 22 lösdrifvare
1286 773 39 21 och

505 800 62 22 deras
583 801 138 26 behandling;
737 803 54 19 samt

573 830 106 21 allmänna
695 830 201 21 besvärsutskottets
911 829 159 22 betänkanden:

572 858 41 22 N:o
629 859 12 20 9
657 859 7 20 i
679 858 114 28 anledning
807 859 22 21 af
843 861 74 19 trenne
931 858 58 21 inom
1004 858 179 27 Borgareståndet
1198 859 76 21 väckta
1289 866 35 21 pe-

504 886 155 28 titionsförslag
675 893 33 16 om
724 887 143 27 restaurering
882 887 23 21 af
912 881 53 30 Åbo,
976 887 90 26 Viborgs
1083 887 39 22 och
1137 887 115 22 Kexholms
1268 888 58 25 slott,

505 916 107 21 äfvensom

573 944 40 22 N:o
631 945 25 20 10
671 946 47 19 med
734 944 114 27 anledning
863 944 22 21 af
899 947 31 19 ett
944 944 58 21 inom
1019 944 160 23 Bondeståndet
1194 945 62 22 väckt
1271 947 53 26 peti-

504 973 137 27 tionsförslag
656 973 90 21 rörande
769 973 179 27 virkestransport
970 973 13 21 å
1005 973 39 22 och
1059 973 7 22 i
1082 974 102 22 närheten
1207 973 23 23 af
1242 974 32 28 Ijo
1290 975 34 21 elf.

574 1117 109 21 Anmältes
698 1119 32 19 att
744 1117 134 28 protokollen
894 1117 33 21 för
943 1116 39 22 den
1000 1118 24 20 15
1041 1117 58 22 Mars
1114 1118 42 21 för-
1167 1118 39 21 och
1217 1118 107 22 eftermid-

504 1146 68 27 dagen
588 1152 51 16 voro
655 1146 118 27 framlagda
788 1146 32 21 till
833 1146 113 28 justering.

572 1278 70 22 Sedan
657 1278 85 22 ståndet
764 1278 77 22 bifallit
857 1279 22 21 af
891 1278 74 22 herrar
989 1279 142 24 Neovius,
1156 1279 168 25 Lindblom,

503 1307 122 26 Kurtén,
651 1307 162 26 Andersin,
837 1308 88 26 Blom,
949 1307 144 27 Procopö,
1119 1307 142 23 Hedlund
1284 1308 40 22 och

504 1335 182 22 Liukkonen
711 1336 60 26 gjord
788 1336 99 21 anhållan
903 1338 31 19 att
949 1336 21 21 få
984 1342 51 16 vara
1051 1336 140 22 frånvarande
1206 1336 47 22 från
1269 1337 55 21 båda

503 1364 62 26 plena
580 1364 7 21 i
602 1366 62 19 nästa
680 1365 71 23 vecka,
767 1364 130 22 förklarades
913 1365 167 21 sammanträdet
1095 1365 101 21 afslutadt
1212 1366 38 20 och
1266 1366 58 21 med-

502 1392 116 22 lemmarne
633 1392 102 22 ätskildes
750 1392 28 21 kl.
792 1393 40 26 1/,3
848 1393 171 28 eftermiddagen.

1096 1449 23 18 In
1131 1449 66 18 fidem:

1010 1500 59 22 Karl
1084 1500 170 28 Langenskiöld.
