1109 1798
207 134 55 21 1038
447 138 178 22 Borgareståndet
637 138 56 16 1882.
718 138 13 16 2
743 138 47 20 maj.

208 208 47 21 sina
277 207 110 27 umgälder
409 207 6 21 i
438 206 116 27 spannmål,
578 206 45 22 ifall
646 206 26 20 de
694 206 37 20 det
746 205 100 25 önskade,
863 204 39 22 och
919 204 26 22 dä
960 204 74 22 skulle:

207 236 70 26 precis
293 242 82 14 samma
389 234 90 22 resultat
494 235 6 21 i
517 235 58 21 detta
591 234 98 22 afseende
704 234 83 26 uppstä,
804 239 45 16 som
865 233 64 22 förut.
952 233 29 26 Ty
994 233 36 21 det

208 264 40 22 har
271 264 61 21 äfven
354 264 78 21 hittills
447 264 55 20 varit
516 263 130 27 fullkomligt
661 262 96 27 frivilligt
772 262 33 22 för
821 262 26 22 de
862 262 170 26 skattdragande

209 295 32 19 att
256 292 71 22 betala
343 293 46 21 sina
403 292 110 26 umgälder
527 292 6 20 i
549 292 111 27 spannmä!
675 291 51 21 eller
742 292 25 26 ej.

277 350 56 20 Herr
347 349 175 21 Lindblom:
539 349 42 26 Jag
595 348 38 22 ber
648 350 31 19 att
696 348 21 21 fä
732 348 94 28 upplysa,
837 351 32 19 att
880 348 59 22 detta
949 348 81 21 undan-

208 378 172 26 tagsstadgande,
403 384 44 14 som
471 377 39 21 här
527 379 24 19 är
567 377 120 25 föreslaget,
703 376 66 28 gäller
785 377 64 26 nägra
865 377 57 21 vissa
937 376 58 21 delar
1010 376 24 22 af

208 407 79 25 landet,
307 406 37 22 der
359 406 36 21 det
410 406 61 21 torde
486 406 63 21 blifva
566 406 127 26 nödvändigt
709 408 31 19 att
756 405 96 27 tillämpa
867 405 92 22 nämnda
975 405 58 21 stad-

208 435 74 27 gande,
304 435 112 26 nämligen,
438 435 70 21 säsom
527 434 36 22 det
578 435 55 20 inom
650 434 105 21 utskottet
770 434 96 28 uppgafs,
883 434 86 24 sädana,
984 440 46 15 som

209 465 36 20 äro
269 463 87 27 aflägset
379 463 89 27 belägna
490 462 46 28 och
553 462 37 22 der
605 462 36 22 det
655 462 66 22 finnes
737 463 66 27 nägra
817 462 142 25 kronobodar,
976 465 55 19 samt

209 492 95 26 speciellt
320 492 47 22 med
382 491 97 22 afseende
495 492 12 20 &
522 491 143 22 Österbotten.
696 492 41 26 Jag
752 495 52 23 tror,
815 494 32 19 att
863 498 34 14 om
913 491 117 27 petitionen

209 521 68 21 skulle
300 524 89 22 antagas
411 520 39 21 och
473 520 131 27 proposition
628 520 23 21 af
669 520 118 22 Ständerna
803 520 33 22 vid
852 522 60 19 nästa
930 520 101 26 landtdag

210 550 125 26 föreläggas,
352 551 55 19 samt
422 549 68 21 denna
505 549 132 27 proposition
649 549 130 27 godkändes,
790 548 122 22 leveransen
923 549 21 21 in
956 552 75 18 natura

209 579 8 21 i
231 578 114 26 praktiken
364 578 84 21 komme
463 580 32 19 att
510 580 76 24 utgöra
601 579 31 20 ett
648 578 61 26 högst
724 578 60 26 ringa
800 578 83 27 belopp.
913 578 42 27 Jag
970 584 62 15 anser

210 606 77 23 derför,
312 609 32 19 att
366 607 26 21 de
414 606 166 27 sifferuppgifter
595 607 37 27 jag
647 607 98 21 lemnade
761 606 65 22 borde
841 613 50 15 vara
906 607 48 21 med
970 606 62 22 verk-

210 636 93 25 ligheten
319 635 236 22 öfverensstämmande.

278 693 55 21 Herr
349 691 122 23 Heikel:
488 692 27 21 Af
531 692 43 21 min
590 691 64 22 ärade
669 698 80 21 granne
765 691 31 22 till
812 692 71 27 höger,
899 692 49 21 herr
959 691 74 22 Wase-

210 722 53 25 nius,
286 721 39 21 har
346 721 131 26 framhällits,
501 723 32 18 att
547 720 46 22 ifall
605 721 125 26 jordräntan
747 720 119 22 förvandlas
882 721 31 21 till
930 720 38 21 fixt
983 727 49 20 pen-

210 750 140 27 ningebelopp
365 756 26 14 en
405 749 142 26 jordbrukare
563 750 128 26 derigenom,
706 752 31 18 att
748 749 117 28 penningen
876 749 156 26 faller
947 745 9 36 i
965 749 67 26 värde,

210 779 69 20 skulle
294 779 21 21 fä
330 785 26 14 en
372 778 73 26 obillig
461 778 168 26 skattelindring.
659 778 40 27 Jag
715 779 66 20 mäste
797 784 49 15 anse
862 779 35 20 det
907 785 51 14 vara
969 778 63 28 högst

211 807 97 27 önskligt,
331 810 33 19 att
383 813 24 15 en
423 807 65 21 sådan
505 807 164 27 skattelindring
684 806 67 22 skulle
766 807 85 21 komma
863 807 169 26 jordbrukarene

211 836 32 21 till
258 837 62 26 godo,
337 836 33 26 dä,
391 836 69 21 såsom
476 836 65 21 redan
557 836 22 21 af
593 835 48 22 herr
657 835 81 22 Kurtén
755 835 134 26 frambällits,
904 836 84 21 skatten
1005 837 27 26 pä

209 865 49 26 jord
281 864 73 22 träffar
377 865 70 20 denna
466 865 49 26 jord
537 864 65 27 högst
624 865 85 26 ojemnt.
740 864 32 21 En
796 865 40 25 del,
859 871 25 15 en
901 867 45 18 stor
962 865 34 20 del
1011 865 22 20 af

209 893 75 28 jorden
307 895 24 20 är
354 893 93 22 derifrän
470 893 44 22 helt
537 893 40 22 och
595 893 66 22 hället
676 893 87 25 befriad,
779 893 75 21 medan
870 893 85 22 skatten
972 893 59 22 desto

210 925 75 24 tyngre
308 922 91 21 drabbar
422 928 24 15 en
469 928 69 16 annan
562 922 33 22 del
611 922 22 21 af
647 922 128 21 densamma.
806 922 55 21 Herr
876 922 96 26 Ignatius
987 922 45 26 har,

211 952 28 26 pä
254 951 35 21 det
315 953 32 19 att
361 951 70 21 denna
445 950 68 22 fördel
528 950 46 22 icke
590 951 65 21 mätte
671 951 85 21 komma
765 950 168 26 jordbrukarene
944 951 88 26 tillgodo

212 980 39 20 och
273 980 131 21 statskassan
427 979 132 21 fortfarande
576 979 45 21 frän
635 980 75 26 jorden
727 986 50 14 vara
793 979 143 22 tillförsäkrad
952 986 80 14 samma

211 1008 100 27 inkomst,
333 1014 44 15 som
398 1008 63 26 förut,
485 1008 111 27 föreslagit
617 1010 32 19 att
664 1008 68 21 denna
748 1008 41 21 fixa
802 1008 162 27 penningeskatt
980 1008 53 22 efter

210 1038 55 20 vissa
280 1038 23 20 är
318 1036 68 22 skulle
401 1037 113 21 successivt
529 1036 98 27 förhöjas.
659 1037 36 21 Ett
711 1037 67 25 dylikt
793 1036 78 27 förslag
886 1036 142 22 framställdes

211 1064 68 26 äfven,
302 1066 68 20 säsom
395 1065 35 21 det
453 1066 104 25 framgick
579 1065 23 21 af
621 1065 120 26 Kejserliga
757 1065 103 21 Senatens
875 1065 115 27 protokoll,
1006 1065 27 21 dä

212 1094 68 20 denna
296 1094 60 26 fräga
371 1094 48 20 med
435 1094 113 26 anledning
564 1094 23 20 af
601 1096 83 19 senaste
695 1093 182 27 Ständerpetition
888 1094 145 21 behandlades

211 1123 6 21 i
233 1122 99 22 Senaten.
362 1122 34 21 Då
409 1122 35 26 jag
459 1123 33 20 för
507 1123 42 21 min
566 1122 33 21 del
615 1128 62 15 anser
693 1122 35 21 det
743 1128 50 15 vara
809 1123 121 26 önskvärdt,
946 1125 33 19 att
991 1122 42 22 alla

212 1151 82 21 skatter
317 1150 38 22 och
379 1150 61 22 äfven
461 1151 134 27 jordskatten
618 1151 74 21 träftar
707 1151 26 21 de
749 1150 165 28 skattdragande
929 1152 23 20 sä
966 1152 67 26 jemnt

213 1186 44 15 som
281 1180 87 26 möjligt,
392 1179 67 21 skulle
479 1180 36 26 jag
538 1180 33 20 för
593 1180 60 26 ingen
678 1179 32 21 del
735 1179 52 27 vilja
804 1180 53 26 yrka
871 1180 34 26 pä,
922 1182 32 18 att
970 1186 24 14 er
1010 1180 24 21 sä

212 1208 68 26 ojemn
295 1208 65 25 skatt,
376 1214 44 15 som
437 1208 40 20 den
493 1209 122 20 nuvarande
627 1208 141 27 jordskatten,
783 1208 68 21 skulle
861 1208 115 22 successivt
991 1208 42 21 för-

212 1236 66 26 höjas.
309 1236 86 27 Nedgär
415 1236 134 27 jordskatten
573 1238 30 24 sä,
625 1236 7 21 i
655 1236 132 22 förhållande
809 1236 32 21 till
864 1236 55 22 hvad
942 1243 44 15 som
1002 1237 32 21 för

212 1265 143 22 statskassans
371 1264 92 28 fyllande
478 1271 61 15 anses
555 1265 80 26 nödigt,
651 1267 32 19 att
699 1272 24 14 en
739 1264 121 27 förhöjning
875 1266 23 20 af
912 1265 122 21 densamma

213 1295 24 19 är
251 1293 108 27 påkallad,
383 1294 27 20 dä
424 1293 65 21 hafva
505 1294 17 20 vi
539 1300 25 14 en
580 1294 84 27 mycket
677 1294 95 26 jemnare
787 1294 38 20 och
841 1294 113 21 rättvisare
970 1296 64 25 utväg

213 1322 33 21 för
267 1325 31 18 att
321 1322 51 26 fylla
395 1322 69 22 denna
480 1322 68 22 lucka.
578 1322 73 22 Redan
667 1322 35 21 vid
718 1323 68 20 denna
802 1322 101 26 landtdag
919 1322 39 21 har
972 1322 62 21 fram-

213 1350 70 20 ställts
299 1352 32 18 ett
346 1350 79 26 förslag
441 1356 33 14 om
485 1350 110 20 införande
606 1350 23 20 af
637 1350 77 20 allmän
726 1349 176 28 fastighetsskatt,
911 1356 44 14 som
967 1350 67 21 skulle

213 1378 62 20 träfla
297 1378 47 20 icke
360 1378 55 21 blott
431 1378 39 20 den
486 1384 27 14 nu
529 1378 126 21 beskattade
669 1378 82 26 jorden,
767 1381 51 18 utan
833 1378 28 20 all
875 1378 55 26 jord.
961 1378 75 21 Denna

213 1408 64 24 utväg
292 1406 100 21 behöfver
407 1406 46 21 icke
469 1412 28 15 nu
513 1406 82 25 anlitas,
611 1412 47 15 men
675 1406 95 21 kommer
787 1407 107 20 sannolikt
909 1407 35 20 vid
960 1409 29 18 ett
998 1406 37 22 föl-

211 1435 65 26 jande
291 1434 149 22 Ständermöte
456 1435 31 20 till
503 1435 119 24 utförande,
638 1434 39 22 och
689 1441 61 15 anser
761 1442 48 14 man
817 1435 76 27 jorden
903 1435 7 21 i
921 1435 114 22 framtiden

214 1464 52 21 böra
288 1464 7 20 i
315 1464 66 27 högre
396 1464 52 26 grad
462 1463 89 28 bidraga
567 1463 31 22 till
613 1465 144 20 statskassans
772 1464 98 27 fyllande,
886 1468 46 17 tror
947 1465 39 26 jag,
1003 1466 33 20 att

213 1493 69 21 denna
301 1495 64 25 utväg
387 1493 39 21 bör
441 1493 78 21 anlitas
534 1492 39 22 och
587 1493 48 21 icke
650 1493 40 21 den
705 1493 22 21 af
740 1493 50 22 herr
805 1493 95 28 Ignatius
915 1493 121 29 föreslagna
