1109 1823
321 127 2 3 !
330 126 180 23 Borgareständet
520 128 58 17 1882.
603 129 14 16 4
628 129 47 20 maj.
859 122 54 21 1045

163 195 152 22 Diskussionen
337 195 114 22 afslutades
471 195 94 25 härmed,
581 197 40 20 och
636 197 85 21 ständet
736 196 69 21 beslöt
820 197 48 21 med
884 196 31 21 öf-

94 223 131 27 vervägande
241 223 110 27 pluralitet
366 227 32 18 att
413 224 52 21 först
479 227 93 24 upptaga
583 225 32 21 till
631 225 130 27 behandling
771 225 66 21 andra
847 225 67 21 kläm-

94 257 48 15 men
158 251 6 21 i
179 252 117 21 utskottets
311 253 140 20 betänkande.

163 308 56 21 Derä
235 307 107 28 upplästes
358 315 25 14 en
399 309 23 20 sä
437 308 91 27 lydande
543 309 138 27 proposition:

162 353 50 27 yDe,
235 353 72 21 hvilka
330 353 49 28 vilja
401 357 94 24 upptaga
517 354 40 21 den
573 354 66 27 tredje
655 354 105 21 klämmen
777 354 6 20 i
799 354 116 21 utskottets

94 381 135 22 betänkande
251 381 32 22 till
299 381 128 28 behandling
446 384 47 19 näst
509 383 53 21 efter
577 381 125 28 afgörandet
717 382 23 22 af
753 383 106 21 klämmen
874 383 40 21 N:o

94 411 20 26 2,
128 412 57 20 rösta
198 411 33 26 ja;

163 439 73 21 vinner
251 439 42 26 nej,
308 439 39 21 har
363 440 84 21 ståndet
463 440 87 21 beslutit
565 442 32 19 att
608 440 67 21 lemna
688 440 160 26 ifrågavarande
857 439 57 21 kläm

93 467 105 22 beroende
214 467 32 22 till
263 468 46 21 dess
325 467 74 26 frågan
415 474 33 15 om
465 469 40 21 den
519 468 227 27 jernvägssträckning,
757 475 44 14 som
813 469 52 20 först
877 469 38 20 bör

93 496 87 27 byggas,
196 496 69 21 blifvit
279 496 101 27 afgjord.*

161 553 162 27 Propositionen
346 553 127 22 besvarades
496 555 47 20 med
560 555 25 20 19
600 554 21 26 ja
637 553 39 22 och
692 555 24 20 31
734 554 40 27 nej,
791 553 39 22 och
846 553 68 22 skulle

93 582 83 21 således
196 583 47 20 med
260 582 153 27 behandlingen
429 583 24 20 af
466 583 103 21 klämmen
585 583 40 20 N:o
641 583 13 20 3
670 583 6 20 i
693 582 144 22 betänkandet
852 582 61 21 anstå

93 610 32 22 till
146 611 48 21 dess
209 611 73 26 frågan
299 617 33 15 om
349 611 40 21 den
403 611 227 27 jernvägssträckning,
646 617 45 15 som
707 611 52 22 först
775 612 38 20 bör
828 612 85 26 byggas,

93 639 70 22 blifvit
178 639 89 28 afgjord.

162 691 55 22 Herr
238 692 93 21 Kurténs
357 691 80 27 förslag
457 691 43 22 blef
513 692 7 21 i
536 692 63 26 öfrigt
614 692 23 21 af
650 692 85 21 ståndet
749 691 108 27 godkändt
873 691 39 22 och

93 720 68 21 skulle
184 720 115 22 utskottets
321 721 104 21 klämmar
445 720 92 22 derefter
553 721 119 21 diskuteras
687 721 6 20 i
709 720 91 27 följande
816 721 95 26 ordning,

94 749 113 26 nämligen:
224 749 56 21 N:ris
296 750 19 24 4,
332 751 19 23 5,
368 751 19 24 6,
403 751 19 22 3,
441 751 18 22 1,
476 751 11 20 7
503 750 40 21 och
559 751 18 20 8.

162 806 59 22 Härå
237 807 107 22 lemnades
360 807 61 21 ordet
435 807 23 21 åt

163 852 55 21 Herr
233 852 121 26 Heikel,
370 859 44 15 som
429 852 93 27 yttrade:
553 853 40 26 Jag
609 858 36 21 ger
661 852 104 22 utskottet
780 852 48 21 fullt
839 853 75 21 erkän-

94 880 68 22 nande
178 881 32 21 för
232 882 39 20 den
293 881 64 22 möda
372 881 39 21 och
427 882 35 21 det
477 881 79 27 arbete,
573 882 36 20 det
625 881 85 26 nedlagt
724 880 28 27 på
768 881 58 21 detta
841 880 74 22 betän-

94 910 70 21 kande
186 910 40 21 och
249 910 39 21 den
312 909 160 28 mångsidighet,
496 910 47 21 med
563 910 85 21 hvilken
665 909 36 22 det
715 909 115 22 bebandlat
845 910 70 23 denna

94 938 65 27 fråga.
189 938 49 22 Men
259 939 36 27 jag
318 939 41 21 kan
383 939 53 21 dock
457 939 18 27 ej
491 939 111 21 underlåta
617 941 32 19 att
664 939 55 26 rigta
735 945 25 14 en
776 939 140 28 anmärkning

96 969 44 19 mot
164 967 35 22 det
221 969 49 25 sätt,
287 968 79 27 hvarpå
381 968 104 21 utskottet
501 968 93 26 umgåtts
609 968 47 21 med
673 967 73 21 siffror.
777 967 63 27 Uppå
854 968 60 21 sidan

94 996 13 19 6
123 996 61 21 anför
207 996 104 21 utskottet
335 997 26 20 de
382 996 187 27 zonberäkningar,
585 996 72 21 hvilka
673 995 20 22 af
707 995 163 22 kommissionen
886 996 30 21 af-

95 1026 52 19 setts
170 1026 31 19 att
225 1027 75 24 utgöra
325 1025 38 21 bas
386 1025 31 20 för
441 1025 26 21 de
482 1024 144 22 koefficienter
642 1025 33 20 för
689 1025 226 26 passagerareantalet,

94 1059 45 15 som
155 1053 49 26 ingå
220 1053 5 21 i
241 1059 80 16 samma
336 1053 149 22 kominissions
500 1053 138 22 betänkande.
665 1053 78 21 Vidare
759 1055 62 25 säger
835 1053 81 21 utskot-

95 1083 32 20 tet
142 1081 121 22 sedermera
278 1083 67 20 under
360 1083 59 20 citat:

165 1110 80 24 »Dessa
260 1110 30 21 tal
305 1111 50 25 visa,
371 1113 32 18 att
419 1111 35 20 det
472 1110 129 27 ojämförligt
616 1112 79 19 största
711 1110 80 21 antalet
806 1112 24 19 är
845 1110 72 21 bosatt

95 1139 57 20 inom
169 1139 34 20 två
220 1139 35 20 mil
271 1139 46 21 från
334 1140 112 25 stationen,
463 1139 38 20 och
517 1141 32 19 att
557 1139 125 26 jernvägens
698 1139 96 26 förmåga
809 1141 31 19 att
851 1139 66 26 draga

95 1167 33 21 till
144 1167 32 26 sig
191 1173 137 21 passagerare
344 1167 45 22 från
411 1167 136 26 omnejderna
562 1168 5 20 i
583 1167 116 21 allmänhet
714 1168 46 21 icke
776 1168 94 21 sträcker
885 1168 32 25 sig

95 1196 73 25 längre
190 1197 25 19 än
242 1198 31 19 tre
289 1196 36 21 mil
341 1196 27 27 på
384 1196 103 21 hvardera
503 1195 60 22 sidan
580 1195 20 22 af
615 1195 76 26 banan,
707 1196 38 21 der
760 1195 17 27 ej
795 1196 66 26 någon
879 1195 37 21 all-

95 1226 101 19 männare
219 1224 227 21 kommunikationsled
461 1224 34 21 till
511 1225 59 20 lands
585 1224 52 21 eller
651 1224 42 26 sjös
710 1224 67 21 tillför
795 1225 121 20 densamma

96 1251 64 23 trafik
177 1253 45 21 från
239 1259 44 14 mer
299 1253 93 27 aflägsna
407 1253 72 21 städer
495 1253 39 21 och
549 1253 66 21 andra
631 1253 155 21 centralorter".

164 1281 33 21 Då
220 1281 111 22 Utskottet
353 1282 53 26 tagit
429 1282 61 21 dessa
512 1281 69 22 siffror
604 1281 38 21 och
659 1281 35 22 det
720 1281 94 23 resultat,
829 1281 88 21 hvartill

95 1309 165 22 kommissionen
283 1310 90 21 kommit
393 1310 66 21 under
475 1309 160 27 öfvervägande,
651 1310 38 21 har
705 1309 109 22 Utskottet
831 1311 86 20 stannat

95 1339 35 20 vid
146 1338 40 21 den
203 1339 139 26 öfvertygelse
361 1341 38 23 att,
415 1339 66 20 ehuru
497 1339 25 20 de
538 1339 57 20 förra
611 1338 102 27 framgått
727 1345 25 14 ur
768 1345 25 14 en
807 1337 110 27 jämförel-

96 1367 55 21 sevis
171 1367 49 21 kort
242 1367 123 27 tidsperiod,
387 1367 108 21 desamma
517 1367 53 22 dock
586 1367 55 26 gifva
657 1373 25 15 en
699 1367 123 27 tillförlitlig
838 1366 42 21 bild
897 1366 21 21 af

96 1395 26 21 de
144 1395 69 21 skilda
235 1402 102 15 zonernas
359 1395 107 28 betydelse
481 1396 32 20 för
528 1395 97 26 trafiken,
641 1395 39 22 och
695 1398 30 19 att
743 1395 25 22 de
784 1397 37 20 äro
837 1395 80 26 ganska

96 1424 136 21 användbara
250 1424 69 22 såsom
335 1424 131 21 relationsta!
482 1424 34 21 vid
529 1424 143 27 jemförandet
687 1424 23 21 af
723 1424 57 21 olika
796 1423 121 22 bansträck-

96 1452 93 25 ningar."

165 1480 75 22 Denna
262 1479 156 28 framställning
434 1480 22 21 af
470 1480 176 21 kommissionens
671 1480 137 27 uppfattning
823 1482 24 19 är
861 1481 56 20 dock

96 1508 46 22 icke
165 1508 87 22 alldeles
270 1509 71 27 riktig.
371 1509 80 21 Citatet
466 1510 24 20 är
505 1508 53 22 först
573 1508 40 22 och
628 1509 74 21 främst
717 1509 18 27 ej
752 1508 92 22 korrekt.
875 1509 42 21 Det
