1109 1811
320 131 178 21 Borgareståndet
508 132 59 17 1882.
592 133 12 16 5
616 132 48 20 maj.
848 126 54 20 1177

84 201 44 21 låta
142 200 126 25 undersöka,
291 200 32 21 får
342 200 36 27 jag
394 202 44 19 mot
460 200 48 21 herr
524 196 85 31 Öhberg
632 200 108 25 anmärka,
763 201 39 23 att,
818 205 33 15 om
868 199 35 21 det

84 229 64 20 också
163 228 41 21 kan
220 235 50 14 vara
286 229 87 26 onödigt
388 230 32 19 att
435 229 67 20 uttala
518 229 31 25 sig
565 234 33 15 om
616 229 39 20 den
671 234 40 15 ena
719 229 52 20 eller
778 228 66 21 andra
852 228 50 20 ban-

84 257 155 26 sträckningen,
256 257 35 20 det
314 257 53 20 dock
383 257 13 20 å
410 257 67 20 andra
500 257 58 20 sidan
580 257 41 20 kan
638 263 49 14 vara
710 256 22 20 af
746 258 45 19 stor
806 256 49 25 vigt,
872 258 32 18 att

84 284 218 26 bansträckningarna
317 287 37 18 äro
369 285 129 21 undersökta
514 285 32 20 för
562 287 32 18 att
610 285 56 25 ligga
682 284 31 20 till
722 284 67 26 grund
804 284 33 20 för
844 284 60 20 kom-

84 314 75 20 mande
175 312 102 22 Ständers
293 312 74 22 beslut.
397 312 39 21 Till
453 313 25 21 de
494 312 67 26 linier,
578 318 43 16 som
638 312 50 21 herr
709 312 87 22 Castrén
812 312 92 26 uppräk-

84 341 60 24 nade,
160 341 38 21 ber
211 341 37 27 jag
263 343 31 19 att
310 341 21 21 få
346 342 62 26 lägga
422 340 99 22 sträckan
538 341 89 21 emellan
642 341 80 21 Imatra
738 340 38 21 och
792 340 40 21 den
849 340 54 21 före-

84 370 74 26 slagna
173 370 83 27 Kuopio
280 369 76 27 banan,
379 370 87 20 emedan
487 370 36 26 jag
546 370 68 20 håller
633 369 51 26 före,
700 371 32 19 att
747 369 35 21 det
798 375 49 15 vore
864 369 39 21 den

84 398 135 27 lämpligaste
242 399 148 25 sträckningen
413 399 33 20 för
468 398 40 21 den
531 398 125 21 savolaxska
676 397 116 27 jernvägen
816 397 38 21 och
868 397 36 27 jag

84 426 89 22 föreslår
189 427 59 21 detta
263 427 23 20 så
301 428 84 25 mycket
400 433 50 18 mer,
466 433 45 14 som
528 433 48 14 man
592 426 75 25 anfört,
684 428 31 19 att
733 426 69 21 denna
817 428 39 23 väg
871 426 32 21 så-

84 455 40 21 dan
142 455 39 21 den
198 461 26 15 nu
248 455 112 24 förordats,
384 455 67 21 skulle
474 455 88 26 erbjuda
581 457 59 18 stora
655 454 96 21 tekniska
766 453 137 28 svårigheter.

154 512 54 21 Herr
232 511 88 22 Göös:
350 511 183 27 Understödjande
549 512 49 21 herr
613 511 100 21 Castréns
724 511 84 26 förslag,
822 511 37 20 ber
868 511 36 26 jag

85 540 75 22 endast
176 543 32 18 att
223 541 21 20 få
259 540 95 27 tillägga,
377 542 31 19 att
424 547 24 14 en
472 540 78 21 bibana
572 540 46 21 från
634 539 150 27 Kangasniemi
800 539 32 21 till
848 539 56 21 Kuo-

85 569 35 26 pio
138 569 64 21 borde
218 575 25 14 ur
266 569 123 22 ekonomisk
407 569 106 26 synpunkt
536 569 138 21 undersökas.
704 567 162 22 Instrumentalt
881 569 24 19 är

85 597 40 21 den
142 598 64 20 redan
223 599 131 25 uppgången.

154 654 55 21 Herr
231 650 123 26 Öhman:
384 654 40 27 Jag
440 654 37 21 ber
492 656 32 19 att
540 654 22 21 få
577 654 137 26 understödja
736 654 50 21 herr
801 653 104 22 Sanmark

85 682 40 22 och
142 683 94 21 önskade
252 683 106 26 särskildt,
374 686 32 18 att
422 683 39 21 den
478 683 22 20 af
514 683 77 21 honom
607 685 71 19 senast
694 682 126 22 omnämnda
836 682 69 21 banan

85 712 47 20 från
151 712 87 26 Wiborg
254 712 58 21 öfver
327 712 81 20 Imatra
423 714 73 18 norrut
512 712 66 20 måtte
593 712 136 21 undersökas.

154 769 55 21 Herr
225 768 151 22 Neovius:
406 768 39 26 Jag
469 769 34 20 vill
527 771 83 22 nämna,
633 770 32 19 att
685 768 36 27 jag
742 768 74 21 väckte
832 768 73 26 frågan

80 804 40 14 om
137 798 163 26 undersökning,
316 798 74 20 endast
406 797 32 21 för
454 799 32 19 att
498 798 70 20 kunna
578 796 137 27 understödja
727 796 49 22 herr
792 796 114 21 Sanmarks

85 826 85 27 förslag,
186 828 22 24 ty
224 832 25 14 en
266 826 156 26 undersökning
437 826 22 20 af
473 826 63 20 linien
553 826 57 21 öfver
627 825 103 21 Puumala
746 825 53 21 sund
814 826 24 19 är
848 824 22 20 af
880 830 25 15 en

86 854 114 27 afgörande
216 854 50 27 vigt,
282 856 27 26 på
325 855 36 21 det
376 861 48 14 man
440 854 54 21 skall
517 854 71 21 kunna
604 854 57 21 bilda
682 854 32 26 sig
729 854 64 26 något
809 853 96 21 omdöme

86 884 6 20 i
108 884 74 26 frågan
198 890 34 14 om
248 890 24 14 en
296 884 56 20 bana
373 883 46 21 från
435 883 87 26 Wiborg
544 883 58 21 öfver
616 882 80 21 Imatra
711 889 42 20 upp
769 882 32 21 till
816 882 90 21 Savolax

86 911 39 22 och
147 911 99 26 Karelen,
269 911 68 22 denna
360 911 60 25 bana,
444 917 44 15 som
504 911 7 21 i
526 911 24 21 så
572 911 76 26 många
671 911 133 21 hänseenden
820 916 49 15 vore
884 909 23 22 af

86 942 44 20 stor
145 940 115 28 betydelse.

156 998 55 21 Herr
233 997 163 27 Federley:
429 997 31 20 Då
480 997 37 26 jag
532 999 24 18 är
580 996 127 26 fullkomligt
723 1002 49 15 ense
793 995 49 22 med
856 995 50 22 flere

88 1026 126 26 föregående
238 1026 67 21 talare
328 1026 79 23 derom,
430 1027 32 19 att
477 1025 69 20 banan
564 1024 236 27 Kuopio—Davidstad,
816 1024 91 21 alterna-

88 1055 40 20 tivt
140 1055 94 25 Wiborg,
250 1055 27 20 då
293 1055 40 20 den
349 1054 94 21 kommer
459 1053 33 21 till
508 1053 118 25 utförande,
643 1052 120 27 lämpligast
773 1052 65 21 borde
849 1052 59 21 ledas

90 1083 28 25 på
133 1083 36 20 det
184 1083 24 20 af
225 1083 48 20 herr
288 1083 105 20 Sanmark
408 1082 6 20 i
430 1082 53 21 hans
499 1082 128 20 reservation
643 1081 119 26 föreslagna
777 1083 49 23 sätt,
840 1081 68 21 skulle

86 1111 77 26 jemväl
178 1111 35 26 jag
229 1111 91 23 anhålla,
336 1113 38 24 att,
390 1111 70 20 derest
468 1110 85 21 ståndet
562 1109 92 22 besluter
662 1109 31 26 sig
702 1109 32 20 för
742 1111 32 19 att
786 1109 121 24 bestämma,

89 1139 71 21 hvilka
176 1140 67 20 banor
264 1145 44 15 som
332 1139 60 21 skola
414 1140 97 19 närmare
534 1137 136 26 undersökas,
693 1137 59 21 äfven
769 1138 39 20 den
824 1137 22 21 af
860 1137 48 21 herr

88 1167 103 22 Sanmark
207 1168 120 25 föreslagna
342 1167 148 26 sträckningen
514 1167 66 21 borde
595 1166 141 21 underkastas
752 1166 64 21 sådan
832 1166 76 21 under-

88 1196 94 27 sökning.

156 1253 56 21 Herr
236 1253 117 26 Procopé
389 1252 101 21 förenade
506 1252 31 26 sig
552 1252 48 21 med
616 1252 49 20 herr
680 1247 90 30 Öhberg.

158 1310 55 21 Herr
236 1310 130 21 Castrén
382 1308 100 22 förenade
498 1309 31 26 sig
544 1316 33 14 om
594 1308 49 22 herr
658 1308 114 22 Sanmarks
789 1308 82 27 förslag.

158 1367 152 21 Diskussionen
326 1366 123 26 afslutades,
466 1366 38 21 och
530 1366 65 21 sedan
616 1366 85 21 ståndet
716 1366 56 24 derå,
789 1365 36 21 vid
840 1365 32 21 val
888 1364 22 22 af

88 1396 210 26 kontraproposition
316 1397 44 19 mot
375 1395 138 21 förevarande
529 1394 232 22 moment
625 1389 10 37 i
643 1394 118 22 utskottets
770 1393 139 25 betänkande,

91 1424 47 21 med
155 1423 153 27 öfvervägande
323 1423 107 27 pluralitet
446 1423 115 25 föredragit
577 1424 34 20 det
628 1422 22 22 af
664 1422 48 22 herr
728 1422 103 27 Sanmark
846 1422 64 21 fram-

90 1451 78 21 ställda
190 1452 102 25 förslaget
314 1451 87 21 framför
424 1451 25 20 de
465 1451 23 21 af
501 1450 74 21 herrar
598 1450 58 21 Göös
672 1450 38 21 och
726 1450 86 26 Öhberg
826 1450 82 22 väckta,

88 1480 109 27 upplästes
213 1479 68 22 denna
296 1479 286 27 omröstningsproposition
573 1475 12 36 :
