1114 1814
305 129 180 21 Borgareståndet
496 131 58 17 1882.
578 131 26 17 25
617 131 60 20 april
866 126 39 21 981

85 199 94 26 stadgas:
204 198 146 27 ,Gästgifvare
373 205 60 15 svare
455 199 49 27 sjelf
525 199 32 22 för
579 200 40 21 den
643 201 62 24 orätt,
729 206 45 15 som
797 200 42 21 han
855 200 52 21 eller

85 227 52 21 haus
160 227 49 27 hjon
230 229 38 24 gör
284 228 40 21 den
340 228 135 26 vägfarande,
491 229 38 20 och
545 228 32 21 för
594 228 110 27 bedrägeri
720 229 51 20 eller
786 229 55 20 stöld
857 228 52 21 böte

85 256 108 21 dubbelt".
224 257 9 20 I
258 255 60 22 detta
340 256 100 22 afseende
467 257 68 20 skulle
558 257 82 21 således
662 257 144 26 föreliggande
829 257 79 26 förslag

85 286 187 19 sammanstämma
293 285 46 21 med
362 285 97 26 gällande
483 285 39 26 lag.
553 285 49 21 Men
623 285 76 26 jemför
723 291 48 15 man
787 285 68 28 öfriga
870 285 36 21 be-

84 313 139 26 stämmelser,
245 313 141 21 förekommer
402 313 6 21 i
424 315 26 20 42
467 313 47 27 kap.
532 314 12 21 3
559 314 11 27 $
586 314 28 20 M.
630 314 24 21 B.
671 313 92 27 följande
778 313 129 27 stadgande:

85 341 66 27 »Stjäl
175 342 110 27 skeppare,
308 342 90 26 forman,
421 343 51 21 eller
495 343 62 20 deras
572 342 50 26 folk,
639 343 36 20 det
691 343 45 20 dem
753 342 66 26 gifvet
835 344 23 19 är
874 344 32 19 att

83 370 47 21 föra
145 371 52 20 eller
212 370 90 27 förvara,
318 371 62 26 gälde
396 372 35 21 det
447 371 52 27 åter,
516 371 38 21 och
570 371 50 21 böte
635 371 136 27 fyradubbelt
784 371 124 27 tjufnadens

84 399 70 21 värde.
186 399 9 21 I
211 399 36 27 thy
262 400 36 21 fall
316 406 49 15 vare
380 406 81 15 samma
482 400 40 26 lag,
539 399 37 22 der
591 400 134 26 gästgifvare,
741 400 51 21 eller
808 400 97 26 krögare,

84 427 45 22 från
149 430 75 25 gästen
240 428 65 27 stjäl*.
336 428 114 22 Skilnaden
467 428 88 21 emellan
573 429 60 21 dessa
649 435 27 14 nu
692 429 99 26 upplästa
806 430 99 26 stadgan-

85 457 39 20 den
149 459 24 19 är
197 457 92 27 tydligen
313 458 47 25 den,
383 461 32 18 att
438 458 36 20 det
490 458 37 20 sist
543 458 98 27 upplästa
657 459 127 25 stadgandet
800 457 54 22 afser
870 457 37 21 det

83 485 44 25 fall,
151 486 27 21 dä
200 487 104 20 resanden
327 486 80 21 lemnar
430 487 31 20 sin
478 486 101 26 egendom
595 486 6 20 i
618 486 69 21 förvar
703 487 38 20 hos
756 486 152 27 gästgifvaren,

84 514 35 21 det
144 515 59 20 förra
226 515 44 20 äter
289 515 27 21 dä
337 516 23 21 sä
375 515 45 21 icke
436 517 23 18 är
475 515 64 20 fallet.
569 515 59 21 Bäda
644 515 61 21 dessa
721 515 63 26 brott,
802 515 42 23 det,
860 521 46 14 som

84 544 138 21 omnämndes
246 543 46 22 frän
314 543 207 28 Byggningabalken,
539 543 38 22 och
593 543 35 22 det
645 546 83 19 senaste
743 543 47 22 frän
807 543 97 28 Missger-

84 571 139 28 ningsbalken
242 573 105 26 upplästa,
363 573 56 24 falla,
435 573 66 24 enligt
517 573 42 20 min
575 572 140 27 uppfattning,
731 572 68 21 under
814 573 91 20 bestäm-

84 601 104 21 melserna
203 601 7 21 i
225 601 27 21 33
268 601 18 28 $,
300 601 39 21 och
354 601 82 22 således
451 601 68 21 skulle
536 602 58 20 detta
609 601 79 27 förslag
703 601 94 21 medföra
813 608 25 13 en
853 601 52 21 änd-

85 629 45 27 ring
145 629 22 22 af
181 636 27 15 nu
224 630 98 25 gällande
337 630 129 27 stadganden
483 636 33 15 om
533 636 75 15 ansvar
624 629 32 22 för
671 630 135 27 gästgifvare,
822 629 27 21 dä
862 629 42 21 han

85 657 103 28 svikligen
212 658 98 27 tillegnar
333 659 30 26 sig
387 659 100 20 resandes
504 659 107 26 egendom,
628 665 44 14 som
689 661 23 18 är
727 658 78 21 honom
822 658 84 21 lemnad

83 687 6 20 i
106 686 80 22 förvar.
217 687 78 22 Vidare
317 687 117 22 innehåller
450 688 68 20 denna
534 688 99 26 paragraf
647 687 116 26 stadgande
779 686 79 26 derom,
874 689 32 19 att

84 715 110 27 bedrägeri
217 715 21 22 af
260 716 127 27 gästgifvare
410 717 44 20 mot
469 717 88 20 resande
572 716 68 21 skulle
655 715 86 22 straffas
757 715 89 22 dubbelt
860 717 46 19 mot

83 744 55 21 hvad
162 744 34 26 lag
218 744 32 21 för
272 745 58 20 detta
353 745 58 20 brott
431 744 60 27 eljest
507 745 91 26 stadgar.
629 745 38 20 Ett
682 744 148 21 motsvarande
846 744 59 21 stad-

83 773 69 26 gande
176 773 140 21 förekommer
336 774 6 20 i
366 780 27 14 nu
415 773 99 26 gällande
529 773 41 26 lag.
601 773 48 22 Men
666 773 96 22 deremot
777 772 67 21 finnes
859 773 46 21 icke

83 801 32 21 för
137 802 137 23 närvarande,
290 802 68 21 såvidt
372 803 36 26 jag
423 804 41 24 vet,
487 802 64 26 något
565 802 117 26 stadgande
698 801 148 22 motsvarande
862 801 42 25 det,

83 836 45 15 som
151 829 39 22 här
212 831 24 19 är
259 829 77 22 infördt
359 830 79 25 derom,
454 832 33 19 att
510 831 89 20 resande
619 831 26 20 då
662 830 40 21 han
718 830 48 26 stjäl
783 829 22 22 af
818 829 87 27 gästgif-

83 865 50 14 vare
151 859 53 20 eller
219 859 103 26 bedrager
337 859 76 21 honom
430 858 53 22 skall
500 859 49 21 böta
565 858 87 22 dubbelt
668 860 44 19 mot
728 857 54 22 hvad
798 858 34 27 lag
847 858 58 21 stad-

83 893 43 20 gar.
158 887 42 22 Det
222 887 92 27 framgår
336 887 47 22 icke
406 887 77 27 tydligt
506 888 102 21 huruvida
623 888 104 21 utskottet
742 887 62 21 tänkt
819 887 37 26 sig,
872 889 33 18 att

84 917 26 20 33
133 915 11 28 $
167 915 69 23 skulle
258 917 66 20 ändra
339 916 99 27 upplästa
453 916 116 27 stadgande
584 917 7 20 i
608 916 228 27 Missgerningsbalken
853 915 53 22 eller

83 945 53 20 icke.
166 945 40 27 Jag
229 947 46 19 tror
297 946 36 20 det
357 951 74 15 senare
455 945 54 21 dock
532 947 23 18 är
578 945 66 26 fallet,
660 944 98 22 eftersom
775 945 6 20 i
797 945 114 26 ingressen:

83 973 46 22 icke
152 975 87 20 nämnes
261 973 66 28 något
349 973 79 22 härom.
460 973 47 22 Men
523 980 49 15 vare
595 974 86 21 dermed
704 974 55 20 huru
782 979 44 15 som
843 972 61 25 helst,

83 1002 68 21 skulle
172 1002 37 27 jag
232 1003 47 21 icke
302 1009 49 15 anse
373 1003 35 20 det
424 1003 95 26 lämpligt
536 1005 32 18 att
587 1003 2 20 i
605 1002 151 26 sammanhang
773 1002 47 21 med
836 1002 69 21 denna

83 1031 104 26 skjutslag
210 1031 130 22 underkasta
362 1031 97 27 gällande
483 1030 131 28 lagstiftning
633 1038 34 14 om
683 1030 199 28 egendomsbrotten
898 1031 6 20 i

84 1060 61 21 dessa
168 1059 37 22 fall
229 1067 25 14 en
278 1060 96 25 revision,
396 1060 26 21 då
438 1060 36 21 det
489 1062 24 19 är
529 1060 72 24 kändt,
617 1063 32 18 att
665 1060 40 21 den
721 1065 41 20 nya
778 1059 132 26 strafflagen.

84 1090 24 19 är
131 1089 66 20 under
219 1089 148 24 utarbetande,
392 1089 38 20 och
451 1089 61 21 dessa
527 1088 63 22 straff
604 1089 27 20 då
646 1089 85 20 komma
746 1090 32 19 att
793 1090 111 24 upptagas.

83 1117 41 26 Jag
146 1117 68 21 skulle
238 1117 70 22 derför
330 1117 112 27 tillstyrka,
465 1120 33 18 att
514 1123 46 15 man
576 1117 116 21 tillsvidare
707 1117 87 27 åtnöjde
809 1117 32 26 sig
856 1117 48 20 med

83 1152 28 14 nu
125 1145 98 27 gällande
239 1146 166 26 lagstadganden
421 1147 7 19 i
444 1146 61 21 dessa
520 1145 36 22 fall
572 1146 39 20 och
627 1148 32 19 att
675 1145 88 22 sålunda
778 1145 126 26 paragrafen

83 1174 93 27 utginge.
208 1174 79 22 Genom
304 1177 31 18 att
351 1175 69 21 denna
436 1175 102 26 paragraf
553 1174 102 22 uteslutes
670 1175 75 23 skulle,
761 1174 27 21 då
804 1173 6 21 i
826 1174 79 26 ingres-

83 1209 36 15 sen
143 1205 93 24 nämnes,
261 1205 32 20 att
316 1203 26 21 28
364 1203 48 26 kap.
435 1203 24 21 B.
481 1203 24 21 B.
523 1203 88 25 ,endast
625 1203 6 21 i
647 1203 26 21 de
689 1203 58 21 delar
762 1203 87 20 hvarom
866 1203 39 20 här

83 1232 68 21 nedan
174 1231 73 28 säges"
271 1232 113 27 undergått
399 1232 96 26 ändring,
511 1238 28 15 nu
553 1232 98 27 gällande
666 1231 192 27 lagbestämningar
874 1231 32 21 uti

83 1261 161 27 ifrågavarande
266 1261 99 21 afseende
387 1267 51 15 vara
461 1261 124 27 tillämpliga
607 1261 24 20 så
655 1261 60 26 länge
731 1261 39 20 och
786 1260 54 21 intill
856 1260 49 21 dess

83 1289 107 22 desamma
206 1290 26 26 på
248 1290 39 21 den
304 1291 40 26 väg
356 1290 37 27 jag
408 1296 49 21 nyss
473 1291 74 25 antydt
562 1290 85 21 komma
662 1293 31 17 att
709 1289 64 21 blifva
789 1289 99 21 ändrade.

151 1346 56 21 Herr
222 1346 147 21 Grönvik:
393 1347 33 21 Då
440 1347 41 26 jag,
497 1347 87 20 likasom
602 1347 48 20 herr
665 1347 87 26 Nysten,
770 1352 61 15 anser
847 1345 58 21 före-

82 1375 92 21 varande
194 1375 104 26 paragraf,
313 1375 64 21 sådan
394 1376 39 20 den
450 1375 40 21 här
505 1375 73 26 ingått,
600 1376 1 19 i
617 1375 76 26 många
709 1375 112 20 afseenden
837 1375 67 20 ändra

82 1403 98 26 gällande
204 1403 153 26 brottmålslag,
381 1404 38 21 och
433 1403 36 27 jag
486 1403 67 24 äfven,
568 1403 89 21 likasom
673 1403 50 21 herr
738 1403 88 26 Nysten,
842 1408 63 16 anser

83 1432 36 19 det
136 1432 81 20 mindre
234 1432 102 25 lämpligt,
345 1434 31 17 att
392 1433 5 19 i
414 1433 59 20 detta
488 1433 153 24 sammanhang
656 1431 83 22 skrides
755 1431 33 21 till
804 1438 25 13 en
846 1431 58 26 dylik

82 1459 90 25 ändring
195 1464 55 16 samt
272 1459 104 27 slutligen,
398 1460 27 26 på
448 1462 43 19 sätt
506 1460 49 21 herr
571 1459 80 27 Nysten
665 1459 76 26 jemväl
757 1459 99 26 påpekat,
873 1459 31 20 in-

82 1493 86 22 gressen
184 1488 31 20 till
232 1487 142 27 lagförslaget,
391 1488 64 21 sådan
473 1489 38 20 den
528 1488 21 21 af
564 1488 103 21 utskottet
683 1487 104 26 affattats,
802 1489 38 24 gör
856 1487 48 21 hela
