<?xml version="1.0" encoding="UTF-8"?>
<alto xmlns="http://www.loc.gov/standards/alto/ns-v3#" xmlns:xlink="http://www.w3.org/1999/xlink" xmlns:xsi="http://www.w3.org/2001/XMLSchema-instance" xsi:schemaLocation="http://www.loc.gov/standards/alto/ns-v3# http://www.loc.gov/alto/v3/alto-3-0.xsd">
	<Description>
		<MeasurementUnit>pixel</MeasurementUnit>
		<sourceImageInformation>
			<fileName>/tmp/tess_u4olp4dq_input.PNG</fileName>
		</sourceImageInformation>
		<OCRProcessing ID="OCR_0">
			<ocrProcessingStep>
				<processingSoftware>
					<softwareName>tesseract 5.3.4</softwareName>
				</processingSoftware>
			</ocrProcessingStep>
		</OCRProcessing>
	</Description>
	<Layout>
		<Page WIDTH="1109" HEIGHT="1825" PHYSICAL_IMG_NR="0" ID="page_0">
			<PrintSpace HPOS="0" VPOS="0" WIDTH="1109" HEIGHT="1825">
				<ComposedBlock ID="cblock_0" HPOS="335" VPOS="133" WIDTH="592" HEIGHT="26">
					<TextBlock ID="block_0" HPOS="335" VPOS="133" WIDTH="592" HEIGHT="26">
						<TextLine ID="line_0" HPOS="335" VPOS="133" WIDTH="592" HEIGHT="26">
							<String ID="string_0" HPOS="335" VPOS="136" WIDTH="179" HEIGHT="22" WC="0.91" CONTENT="Borgareståndet"/><SP WIDTH="12" VPOS="136" HPOS="514"/>
							<String ID="string_1" HPOS="526" VPOS="138" WIDTH="57" HEIGHT="17" WC="0.96" CONTENT="1882."/><SP WIDTH="24" VPOS="138" HPOS="583"/>
							<String ID="string_2" HPOS="607" VPOS="138" WIDTH="27" HEIGHT="17" WC="0.96" CONTENT="25"/><SP WIDTH="13" VPOS="138" HPOS="634"/>
							<String ID="string_3" HPOS="647" VPOS="138" WIDTH="60" HEIGHT="21" WC="0.93" CONTENT="april."/><SP WIDTH="178" VPOS="138" HPOS="707"/>
							<String ID="string_4" HPOS="885" VPOS="133" WIDTH="42" HEIGHT="21" WC="0.95" CONTENT="997"/>
						</TextLine>
					</TextBlock>
				</ComposedBlock>
				<GraphicalElement ID="cblock_1" HPOS="250" VPOS="165" WIDTH="676" HEIGHT="5"></GraphicalElement >
				<ComposedBlock ID="cblock_2" HPOS="104" VPOS="204" WIDTH="823" HEIGHT="142">
					<TextBlock ID="block_1" HPOS="104" VPOS="204" WIDTH="823" HEIGHT="142">
						<TextLine ID="line_1" HPOS="175" VPOS="204" WIDTH="751" HEIGHT="30">
							<String ID="string_5" HPOS="175" VPOS="205" WIDTH="46" HEIGHT="21" WC="0.92" CONTENT="med"/><SP WIDTH="16" VPOS="205" HPOS="221"/>
							<String ID="string_6" HPOS="237" VPOS="204" WIDTH="138" HEIGHT="23" WC="0.92" CONTENT="förkastande"/><SP WIDTH="20" VPOS="204" HPOS="375"/>
							<String ID="string_7" HPOS="395" VPOS="206" WIDTH="24" HEIGHT="21" WC="0.96" CONTENT="af"/><SP WIDTH="14" VPOS="206" HPOS="419"/>
							<String ID="string_8" HPOS="433" VPOS="206" WIDTH="114" HEIGHT="22" WC="0.96" CONTENT="utskottets"/><SP WIDTH="23" VPOS="206" HPOS="547"/>
							<String ID="string_9" HPOS="570" VPOS="207" WIDTH="142" HEIGHT="26" WC="0.96" CONTENT="betänkande,"/><SP WIDTH="21" VPOS="207" HPOS="712"/>
							<String ID="string_10" HPOS="733" VPOS="207" WIDTH="48" HEIGHT="21" WC="0.95" CONTENT="ville"/><SP WIDTH="16" VPOS="207" HPOS="781"/>
							<String ID="string_11" HPOS="797" VPOS="207" WIDTH="83" HEIGHT="22" WC="0.95" CONTENT="besluta"/><SP WIDTH="15" VPOS="207" HPOS="880"/>
							<String ID="string_12" HPOS="895" VPOS="207" WIDTH="31" HEIGHT="27" WC="0.96" CONTENT="sig"/>
						</TextLine>
						<TextLine ID="line_2" HPOS="106" VPOS="232" WIDTH="821" HEIGHT="28">
							<String ID="string_13" HPOS="106" VPOS="232" WIDTH="32" HEIGHT="22" WC="0.96" CONTENT="för"/><SP WIDTH="16" VPOS="232" HPOS="138"/>
							<String ID="string_14" HPOS="154" VPOS="233" WIDTH="33" HEIGHT="21" WC="0.96" CONTENT="val"/><SP WIDTH="15" VPOS="233" HPOS="187"/>
							<String ID="string_15" HPOS="202" VPOS="233" WIDTH="23" HEIGHT="21" WC="0.95" CONTENT="af"/><SP WIDTH="15" VPOS="233" HPOS="225"/>
							<String ID="string_16" HPOS="240" VPOS="240" WIDTH="24" HEIGHT="15" WC="0.95" CONTENT="en"/><SP WIDTH="17" VPOS="240" HPOS="264"/>
							<String ID="string_17" HPOS="281" VPOS="234" WIDTH="127" HEIGHT="26" WC="0.96" CONTENT="delegation,"/><SP WIDTH="23" VPOS="234" HPOS="408"/>
							<String ID="string_18" HPOS="431" VPOS="241" WIDTH="44" HEIGHT="15" WC="0.96" CONTENT="som"/><SP WIDTH="24" VPOS="241" HPOS="475"/>
							<String ID="string_19" HPOS="499" VPOS="235" WIDTH="67" HEIGHT="21" WC="0.96" CONTENT="skulle"/><SP WIDTH="15" VPOS="235" HPOS="566"/>
							<String ID="string_20" HPOS="581" VPOS="235" WIDTH="32" HEIGHT="21" WC="0.96" CONTENT="till"/><SP WIDTH="24" VPOS="235" HPOS="613"/>
							<String ID="string_21" HPOS="637" VPOS="236" WIDTH="176" HEIGHT="21" WC="0.93" CONTENT="nästkommande"/><SP WIDTH="18" VPOS="236" HPOS="813"/>
							<String ID="string_22" HPOS="831" VPOS="236" WIDTH="96" HEIGHT="20" WC="0.92" CONTENT="ständer-"/>
						</TextLine>
						<TextLine ID="line_3" HPOS="104" VPOS="262" WIDTH="822" HEIGHT="28">
							<String ID="string_23" HPOS="104" VPOS="263" WIDTH="57" HEIGHT="20" WC="0.96" CONTENT="möte"/><SP WIDTH="16" VPOS="263" HPOS="161"/>
							<String ID="string_24" HPOS="177" VPOS="262" WIDTH="107" HEIGHT="21" WC="0.96" CONTENT="inkomma"/><SP WIDTH="16" VPOS="262" HPOS="284"/>
							<String ID="string_25" HPOS="300" VPOS="263" WIDTH="47" HEIGHT="20" WC="0.95" CONTENT="med"/><SP WIDTH="16" VPOS="263" HPOS="347"/>
							<String ID="string_26" HPOS="363" VPOS="263" WIDTH="76" HEIGHT="26" WC="0.95" CONTENT="förslag"/><SP WIDTH="17" VPOS="263" HPOS="439"/>
							<String ID="string_27" HPOS="456" VPOS="263" WIDTH="32" HEIGHT="21" WC="0.96" CONTENT="till"/><SP WIDTH="17" VPOS="263" HPOS="488"/>
							<String ID="string_28" HPOS="505" VPOS="264" WIDTH="100" HEIGHT="26" WC="0.95" CONTENT="lämpliga"/><SP WIDTH="15" VPOS="264" HPOS="605"/>
							<String ID="string_29" HPOS="620" VPOS="264" WIDTH="39" HEIGHT="21" WC="0.96" CONTENT="och"/><SP WIDTH="16" VPOS="264" HPOS="659"/>
							<String ID="string_30" HPOS="675" VPOS="264" WIDTH="32" HEIGHT="21" WC="0.96" CONTENT="för"/><SP WIDTH="16" VPOS="264" HPOS="707"/>
							<String ID="string_31" HPOS="723" VPOS="264" WIDTH="79" HEIGHT="21" WC="0.95" CONTENT="inlösen"/><SP WIDTH="12" VPOS="264" HPOS="802"/>
							<String ID="string_32" HPOS="814" VPOS="264" WIDTH="33" HEIGHT="21" WC="0.92" CONTENT="till"/><SP WIDTH="10" VPOS="264" HPOS="847"/>
							<String ID="string_33" HPOS="857" VPOS="264" WIDTH="69" HEIGHT="20" WC="0.92" CONTENT="öfver-"/>
						</TextLine>
						<TextLine ID="line_4" HPOS="105" VPOS="290" WIDTH="821" HEIGHT="28">
							<String ID="string_34" HPOS="105" VPOS="290" WIDTH="115" HEIGHT="21" WC="0.91" CONTENT="enskomna"/><SP WIDTH="16" VPOS="290" HPOS="220"/>
							<String ID="string_35" HPOS="236" VPOS="296" WIDTH="93" HEIGHT="15" WC="0.92" CONTENT="summor"/><SP WIDTH="20" VPOS="296" HPOS="329"/>
							<String ID="string_36" HPOS="349" VPOS="290" WIDTH="116" HEIGHT="22" WC="0.91" CONTENT="förvissade"/><SP WIDTH="15" VPOS="290" HPOS="465"/>
							<String ID="string_37" HPOS="480" VPOS="292" WIDTH="80" HEIGHT="26" WC="0.96" CONTENT="platser"/><SP WIDTH="23" VPOS="292" HPOS="560"/>
							<String ID="string_38" HPOS="583" VPOS="292" WIDTH="32" HEIGHT="21" WC="0.96" CONTENT="för"/><SP WIDTH="16" VPOS="292" HPOS="615"/>
							<String ID="string_39" HPOS="631" VPOS="295" WIDTH="30" HEIGHT="18" WC="0.93" CONTENT="ett"/><SP WIDTH="16" VPOS="295" HPOS="661"/>
							<String ID="string_40" HPOS="677" VPOS="292" WIDTH="107" HEIGHT="21" WC="0.92" CONTENT="blifvande"/><SP WIDTH="15" VPOS="292" HPOS="784"/>
							<String ID="string_41" HPOS="799" VPOS="292" WIDTH="127" HEIGHT="21" WC="0.92" CONTENT="ständerhus"/>
						</TextLine>
						<TextLine ID="line_5" HPOS="104" VPOS="318" WIDTH="533" HEIGHT="28">
							<String ID="string_42" HPOS="104" VPOS="319" WIDTH="6" HEIGHT="20" WC="0.96" CONTENT="i"/><SP WIDTH="16" VPOS="319" HPOS="110"/>
							<String ID="string_43" HPOS="126" VPOS="318" WIDTH="132" HEIGHT="27" WC="0.96" CONTENT="Helsingfors"/><SP WIDTH="16" VPOS="318" HPOS="258"/>
							<String ID="string_44" HPOS="274" VPOS="319" WIDTH="39" HEIGHT="21" WC="0.96" CONTENT="och"/><SP WIDTH="16" VPOS="319" HPOS="313"/>
							<String ID="string_45" HPOS="329" VPOS="325" WIDTH="26" HEIGHT="21" WC="0.96" CONTENT="ny"/><SP WIDTH="16" VPOS="325" HPOS="355"/>
							<String ID="string_46" HPOS="371" VPOS="319" WIDTH="77" HEIGHT="27" WC="0.96" CONTENT="ritning"/><SP WIDTH="17" VPOS="319" HPOS="448"/>
							<String ID="string_47" HPOS="465" VPOS="320" WIDTH="31" HEIGHT="21" WC="0.96" CONTENT="till"/><SP WIDTH="17" VPOS="320" HPOS="496"/>
							<String ID="string_48" HPOS="513" VPOS="319" WIDTH="124" HEIGHT="22" WC="0.95" CONTENT="detsamma."/>
						</TextLine>
					</TextBlock>
				</ComposedBlock>
				<ComposedBlock ID="cblock_3" HPOS="98" VPOS="376" WIDTH="831" HEIGHT="1171">
					<TextBlock ID="block_2" HPOS="101" VPOS="376" WIDTH="828" HEIGHT="773">
						<TextLine ID="line_6" HPOS="173" VPOS="376" WIDTH="751" HEIGHT="29">
							<String ID="string_49" HPOS="173" VPOS="376" WIDTH="56" HEIGHT="22" WC="0.96" CONTENT="Herr"/><SP WIDTH="22" VPOS="376" HPOS="229"/>
							<String ID="string_50" HPOS="251" VPOS="377" WIDTH="131" HEIGHT="28" WC="0.96" CONTENT="Öhberg:"/><SP WIDTH="31" VPOS="377" HPOS="382"/>
							<String ID="string_51" HPOS="413" VPOS="378" WIDTH="56" HEIGHT="21" WC="0.95" CONTENT="Herr"/><SP WIDTH="26" VPOS="378" HPOS="469"/>
							<String ID="string_52" HPOS="495" VPOS="377" WIDTH="116" HEIGHT="22" WC="0.96" CONTENT="Rönnbäck"/><SP WIDTH="23" VPOS="377" HPOS="611"/>
							<String ID="string_53" HPOS="634" VPOS="378" WIDTH="39" HEIGHT="20" WC="0.96" CONTENT="har"/><SP WIDTH="22" VPOS="378" HPOS="673"/>
							<String ID="string_54" HPOS="695" VPOS="378" WIDTH="48" HEIGHT="20" WC="0.96" CONTENT="sökt"/><SP WIDTH="16" VPOS="378" HPOS="743"/>
							<String ID="string_55" HPOS="759" VPOS="379" WIDTH="51" HEIGHT="25" WC="0.96" CONTENT="göra"/><SP WIDTH="21" VPOS="379" HPOS="810"/>
							<String ID="string_56" HPOS="831" VPOS="377" WIDTH="35" HEIGHT="21" WC="0.92" CONTENT="det"/><SP WIDTH="16" VPOS="377" HPOS="866"/>
							<String ID="string_57" HPOS="882" VPOS="379" WIDTH="42" HEIGHT="19" WC="0.92" CONTENT="tro-"/>
						</TextLine>
						<TextLine ID="line_7" HPOS="104" VPOS="405" WIDTH="820" HEIGHT="28">
							<String ID="string_58" HPOS="104" VPOS="405" WIDTH="44" HEIGHT="27" WC="0.96" CONTENT="ligt,"/><SP WIDTH="16" VPOS="405" HPOS="148"/>
							<String ID="string_59" HPOS="164" VPOS="407" WIDTH="32" HEIGHT="19" WC="0.96" CONTENT="att"/><SP WIDTH="16" VPOS="407" HPOS="196"/>
							<String ID="string_60" HPOS="212" VPOS="408" WIDTH="31" HEIGHT="19" WC="0.93" CONTENT="ett"/><SP WIDTH="15" VPOS="408" HPOS="243"/>
							<String ID="string_61" HPOS="258" VPOS="406" WIDTH="133" HEIGHT="26" WC="0.90" CONTENT="ständerhus,"/><SP WIDTH="17" VPOS="406" HPOS="391"/>
							<String ID="string_62" HPOS="408" VPOS="406" WIDTH="101" HEIGHT="27" WC="0.91" CONTENT="uppfördt"/><SP WIDTH="24" VPOS="406" HPOS="509"/>
							<String ID="string_63" HPOS="533" VPOS="407" WIDTH="26" HEIGHT="26" WC="0.92" CONTENT="på"/><SP WIDTH="20" VPOS="407" HPOS="559"/>
							<String ID="string_64" HPOS="579" VPOS="406" WIDTH="238" HEIGHT="26" WC="0.91" CONTENT="Ulrikasborgsbergen,"/><SP WIDTH="20" VPOS="406" HPOS="817"/>
							<String ID="string_65" HPOS="837" VPOS="406" WIDTH="18" HEIGHT="26" WC="0.96" CONTENT="ej"/><SP WIDTH="16" VPOS="406" HPOS="855"/>
							<String ID="string_66" HPOS="871" VPOS="405" WIDTH="53" HEIGHT="22" WC="0.96" CONTENT="skall"/>
						</TextLine>
						<TextLine ID="line_8" HPOS="104" VPOS="433" WIDTH="821" HEIGHT="29">
							<String ID="string_67" HPOS="104" VPOS="433" WIDTH="64" HEIGHT="22" WC="0.96" CONTENT="hafva"/><SP WIDTH="15" VPOS="433" HPOS="168"/>
							<String ID="string_68" HPOS="183" VPOS="434" WIDTH="68" HEIGHT="26" WC="0.96" CONTENT="någon"/><SP WIDTH="16" VPOS="434" HPOS="251"/>
							<String ID="string_69" HPOS="267" VPOS="441" WIDTH="69" HEIGHT="14" WC="0.96" CONTENT="annan"/><SP WIDTH="17" VPOS="441" HPOS="336"/>
							<String ID="string_70" HPOS="353" VPOS="435" WIDTH="66" HEIGHT="21" WC="0.96" CONTENT="fördel"/><SP WIDTH="17" VPOS="435" HPOS="419"/>
							<String ID="string_71" HPOS="436" VPOS="435" WIDTH="47" HEIGHT="21" WC="0.96" CONTENT="med"/><SP WIDTH="16" VPOS="435" HPOS="483"/>
							<String ID="string_72" HPOS="499" VPOS="435" WIDTH="38" HEIGHT="27" WC="0.96" CONTENT="sig,"/><SP WIDTH="16" VPOS="435" HPOS="537"/>
							<String ID="string_73" HPOS="553" VPOS="437" WIDTH="26" HEIGHT="19" WC="0.96" CONTENT="än"/><SP WIDTH="16" VPOS="437" HPOS="579"/>
							<String ID="string_74" HPOS="595" VPOS="437" WIDTH="33" HEIGHT="18" WC="0.96" CONTENT="att"/><SP WIDTH="14" VPOS="437" HPOS="628"/>
							<String ID="string_75" HPOS="642" VPOS="437" WIDTH="52" HEIGHT="24" WC="0.96" CONTENT="göra"/><SP WIDTH="15" VPOS="437" HPOS="694"/>
							<String ID="string_76" HPOS="709" VPOS="435" WIDTH="40" HEIGHT="20" WC="0.96" CONTENT="den"/><SP WIDTH="20" VPOS="435" HPOS="749"/>
							<String ID="string_77" HPOS="769" VPOS="441" WIDTH="28" HEIGHT="14" WC="0.93" CONTENT="nu"/><SP WIDTH="16" VPOS="441" HPOS="797"/>
							<String ID="string_78" HPOS="813" VPOS="435" WIDTH="42" HEIGHT="20" WC="0.93" CONTENT="fula"/><SP WIDTH="15" VPOS="435" HPOS="855"/>
							<String ID="string_79" HPOS="870" VPOS="434" WIDTH="55" HEIGHT="27" WC="0.92" CONTENT="plat-"/>
						</TextLine>
						<TextLine ID="line_9" HPOS="104" VPOS="462" WIDTH="821" HEIGHT="27">
							<String ID="string_80" HPOS="104" VPOS="468" WIDTH="36" HEIGHT="15" WC="0.96" CONTENT="sen"/><SP WIDTH="18" VPOS="468" HPOS="140"/>
							<String ID="string_81" HPOS="158" VPOS="462" WIDTH="95" HEIGHT="27" WC="0.96" CONTENT="bebyggd"/><SP WIDTH="16" VPOS="462" HPOS="253"/>
							<String ID="string_82" HPOS="269" VPOS="464" WIDTH="39" HEIGHT="21" WC="0.96" CONTENT="och"/><SP WIDTH="16" VPOS="464" HPOS="308"/>
							<String ID="string_83" HPOS="324" VPOS="464" WIDTH="82" HEIGHT="21" WC="0.96" CONTENT="således"/><SP WIDTH="16" VPOS="464" HPOS="406"/>
							<String ID="string_84" HPOS="422" VPOS="463" WIDTH="61" HEIGHT="22" WC="0.96" CONTENT="äfven"/><SP WIDTH="17" VPOS="463" HPOS="483"/>
							<String ID="string_85" HPOS="500" VPOS="465" WIDTH="81" HEIGHT="20" WC="0.95" CONTENT="vacker."/><SP WIDTH="31" VPOS="465" HPOS="581"/>
							<String ID="string_86" HPOS="612" VPOS="463" WIDTH="47" HEIGHT="21" WC="0.92" CONTENT="Han"/><SP WIDTH="17" VPOS="463" HPOS="659"/>
							<String ID="string_87" HPOS="676" VPOS="463" WIDTH="38" HEIGHT="21" WC="0.95" CONTENT="har"/><SP WIDTH="15" VPOS="463" HPOS="714"/>
							<String ID="string_88" HPOS="729" VPOS="463" WIDTH="46" HEIGHT="22" WC="0.96" CONTENT="icke"/><SP WIDTH="15" VPOS="463" HPOS="775"/>
							<String ID="string_89" HPOS="790" VPOS="463" WIDTH="39" HEIGHT="21" WC="0.95" CONTENT="alls"/><SP WIDTH="12" VPOS="463" HPOS="829"/>
							<String ID="string_90" HPOS="841" VPOS="463" WIDTH="41" HEIGHT="21" WC="0.96" CONTENT="fäst"/><SP WIDTH="12" VPOS="463" HPOS="882"/>
							<String ID="string_91" HPOS="894" VPOS="463" WIDTH="31" HEIGHT="26" WC="0.96" CONTENT="sig"/>
						</TextLine>
						<TextLine ID="line_10" HPOS="104" VPOS="491" WIDTH="821" HEIGHT="28">
							<String ID="string_92" HPOS="104" VPOS="491" WIDTH="34" HEIGHT="21" WC="0.96" CONTENT="vid"/><SP WIDTH="16" VPOS="491" HPOS="138"/>
							<String ID="string_93" HPOS="154" VPOS="491" WIDTH="55" HEIGHT="21" WC="0.96" CONTENT="hvad"/><SP WIDTH="14" VPOS="491" HPOS="209"/>
							<String ID="string_94" HPOS="223" VPOS="492" WIDTH="36" HEIGHT="26" WC="0.96" CONTENT="jag"/><SP WIDTH="15" VPOS="492" HPOS="259"/>
							<String ID="string_95" HPOS="274" VPOS="492" WIDTH="90" HEIGHT="26" WC="0.96" CONTENT="tidigare"/><SP WIDTH="15" VPOS="492" HPOS="364"/>
							<String ID="string_96" HPOS="379" VPOS="492" WIDTH="55" HEIGHT="21" WC="0.96" CONTENT="hade"/><SP WIDTH="16" VPOS="492" HPOS="434"/>
							<String ID="string_97" HPOS="450" VPOS="494" WIDTH="50" HEIGHT="19" WC="0.96" CONTENT="äran"/><SP WIDTH="16" VPOS="494" HPOS="500"/>
							<String ID="string_98" HPOS="516" VPOS="495" WIDTH="63" HEIGHT="24" WC="0.95" CONTENT="yttra,"/><SP WIDTH="16" VPOS="495" HPOS="579"/>
							<String ID="string_99" HPOS="595" VPOS="494" WIDTH="32" HEIGHT="19" WC="0.96" CONTENT="att"/><SP WIDTH="16" VPOS="494" HPOS="627"/>
							<String ID="string_100" HPOS="643" VPOS="494" WIDTH="31" HEIGHT="19" WC="0.93" CONTENT="ett"/><SP WIDTH="16" VPOS="494" HPOS="674"/>
							<String ID="string_101" HPOS="690" VPOS="492" WIDTH="126" HEIGHT="21" WC="0.92" CONTENT="ständerhus"/><SP WIDTH="22" VPOS="492" HPOS="816"/>
							<String ID="string_102" HPOS="838" VPOS="491" WIDTH="87" HEIGHT="27" WC="0.96" CONTENT="uppfört"/>
						</TextLine>
						<TextLine ID="line_11" HPOS="108" VPOS="519" WIDTH="817" HEIGHT="28">
							<String ID="string_103" HPOS="108" VPOS="520" WIDTH="38" HEIGHT="21" WC="0.96" CONTENT="der"/><SP WIDTH="14" VPOS="520" HPOS="146"/>
							<String ID="string_104" HPOS="160" VPOS="519" WIDTH="68" HEIGHT="22" WC="0.96" CONTENT="skulle"/><SP WIDTH="17" VPOS="519" HPOS="228"/>
							<String ID="string_105" HPOS="245" VPOS="519" WIDTH="64" HEIGHT="22" WC="0.96" CONTENT="blifva"/><SP WIDTH="22" VPOS="519" HPOS="309"/>
							<String ID="string_106" HPOS="331" VPOS="520" WIDTH="95" HEIGHT="26" WC="0.95" CONTENT="billigare"/><SP WIDTH="23" VPOS="520" HPOS="426"/>
							<String ID="string_107" HPOS="449" VPOS="523" WIDTH="27" HEIGHT="18" WC="0.96" CONTENT="än"/><SP WIDTH="23" VPOS="523" HPOS="476"/>
							<String ID="string_108" HPOS="499" VPOS="520" WIDTH="51" HEIGHT="21" WC="0.95" CONTENT="hvar"/><SP WIDTH="11" VPOS="520" HPOS="550"/>
							<String ID="string_109" HPOS="561" VPOS="527" WIDTH="45" HEIGHT="15" WC="0.93" CONTENT="som"/><SP WIDTH="18" VPOS="527" HPOS="606"/>
							<String ID="string_110" HPOS="624" VPOS="520" WIDTH="56" HEIGHT="21" WC="0.90" CONTENT="belst"/><SP WIDTH="15" VPOS="520" HPOS="680"/>
							<String ID="string_111" HPOS="695" VPOS="521" WIDTH="145" HEIGHT="26" WC="0.95" CONTENT="annorstädes,"/><SP WIDTH="17" VPOS="521" HPOS="840"/>
							<String ID="string_112" HPOS="857" VPOS="520" WIDTH="68" HEIGHT="21" WC="0.94" CONTENT="skulle"/>
						</TextLine>
						<TextLine ID="line_12" HPOS="106" VPOS="548" WIDTH="819" HEIGHT="27">
							<String ID="string_113" HPOS="106" VPOS="553" WIDTH="122" HEIGHT="22" WC="0.96" CONTENT="presentera"/><SP WIDTH="15" VPOS="553" HPOS="228"/>
							<String ID="string_114" HPOS="243" VPOS="549" WIDTH="32" HEIGHT="26" WC="0.96" CONTENT="sig"/><SP WIDTH="23" VPOS="549" HPOS="275"/>
							<String ID="string_115" HPOS="298" VPOS="549" WIDTH="71" HEIGHT="21" WC="0.96" CONTENT="bättre"/><SP WIDTH="23" VPOS="549" HPOS="369"/>
							<String ID="string_116" HPOS="392" VPOS="551" WIDTH="26" HEIGHT="19" WC="0.96" CONTENT="än"/><SP WIDTH="23" VPOS="551" HPOS="418"/>
							<String ID="string_117" HPOS="441" VPOS="549" WIDTH="139" HEIGHT="21" WC="0.96" CONTENT="annorstädes"/><SP WIDTH="22" VPOS="549" HPOS="580"/>
							<String ID="string_118" HPOS="602" VPOS="549" WIDTH="38" HEIGHT="21" WC="0.96" CONTENT="och"/><SP WIDTH="24" VPOS="549" HPOS="640"/>
							<String ID="string_119" HPOS="664" VPOS="549" WIDTH="67" HEIGHT="21" WC="0.96" CONTENT="skulle"/><SP WIDTH="22" VPOS="549" HPOS="731"/>
							<String ID="string_120" HPOS="753" VPOS="549" WIDTH="46" HEIGHT="20" WC="0.96" CONTENT="icke"/><SP WIDTH="17" VPOS="549" HPOS="799"/>
							<String ID="string_121" HPOS="816" VPOS="548" WIDTH="109" HEIGHT="22" WC="0.96" CONTENT="föranleda"/>
						</TextLine>
						<TextLine ID="line_13" HPOS="105" VPOS="577" WIDTH="818" HEIGHT="28">
							<String ID="string_122" HPOS="105" VPOS="577" WIDTH="32" HEIGHT="21" WC="0.91" CONTENT="till"/><SP WIDTH="16" VPOS="577" HPOS="137"/>
							<String ID="string_123" HPOS="153" VPOS="577" WIDTH="77" HEIGHT="27" WC="0.91" CONTENT="rifning"/><SP WIDTH="15" VPOS="577" HPOS="230"/>
							<String ID="string_124" HPOS="245" VPOS="577" WIDTH="22" HEIGHT="21" WC="0.96" CONTENT="af"/><SP WIDTH="14" VPOS="577" HPOS="267"/>
							<String ID="string_125" HPOS="281" VPOS="584" WIDTH="28" HEIGHT="15" WC="0.93" CONTENT="nu"/><SP WIDTH="16" VPOS="584" HPOS="309"/>
							<String ID="string_126" HPOS="325" VPOS="577" WIDTH="106" HEIGHT="27" WC="0.92" CONTENT="behöfliga"/><SP WIDTH="15" VPOS="577" HPOS="431"/>
							<String ID="string_127" HPOS="446" VPOS="578" WIDTH="72" HEIGHT="21" WC="0.96" CONTENT="starka"/><SP WIDTH="16" VPOS="578" HPOS="518"/>
							<String ID="string_128" HPOS="534" VPOS="578" WIDTH="39" HEIGHT="21" WC="0.96" CONTENT="och"/><SP WIDTH="15" VPOS="578" HPOS="573"/>
							<String ID="string_129" HPOS="588" VPOS="577" WIDTH="55" HEIGHT="28" WC="0.96" CONTENT="goda"/><SP WIDTH="15" VPOS="577" HPOS="643"/>
							<String ID="string_130" HPOS="658" VPOS="578" WIDTH="83" HEIGHT="26" WC="0.96" CONTENT="gårdar."/><SP WIDTH="31" VPOS="578" HPOS="741"/>
							<String ID="string_131" HPOS="772" VPOS="577" WIDTH="47" HEIGHT="22" WC="0.96" CONTENT="Han"/><SP WIDTH="23" VPOS="577" HPOS="819"/>
							<String ID="string_132" HPOS="842" VPOS="577" WIDTH="39" HEIGHT="21" WC="0.93" CONTENT="har"/><SP WIDTH="16" VPOS="577" HPOS="881"/>
							<String ID="string_133" HPOS="897" VPOS="577" WIDTH="26" HEIGHT="20" WC="0.91" CONTENT="vi-"/>
						</TextLine>
						<TextLine ID="line_14" HPOS="105" VPOS="605" WIDTH="819" HEIGHT="27">
							<String ID="string_134" HPOS="105" VPOS="606" WIDTH="51" HEIGHT="21" WC="0.95" CONTENT="dare"/><SP WIDTH="15" VPOS="606" HPOS="156"/>
							<String ID="string_135" HPOS="171" VPOS="609" WIDTH="53" HEIGHT="23" WC="0.96" CONTENT="sagt,"/><SP WIDTH="17" VPOS="609" HPOS="224"/>
							<String ID="string_136" HPOS="241" VPOS="608" WIDTH="31" HEIGHT="19" WC="0.96" CONTENT="att"/><SP WIDTH="16" VPOS="608" HPOS="272"/>
							<String ID="string_137" HPOS="288" VPOS="605" WIDTH="33" HEIGHT="22" WC="0.95" CONTENT="vid"/><SP WIDTH="16" VPOS="605" HPOS="321"/>
							<String ID="string_138" HPOS="337" VPOS="609" WIDTH="30" HEIGHT="19" WC="0.96" CONTENT="ett"/><SP WIDTH="16" VPOS="609" HPOS="367"/>
							<String ID="string_139" HPOS="383" VPOS="607" WIDTH="75" HEIGHT="21" WC="0.96" CONTENT="sådant"/><SP WIDTH="23" VPOS="607" HPOS="458"/>
							<String ID="string_140" HPOS="481" VPOS="606" WIDTH="39" HEIGHT="22" WC="0.96" CONTENT="hus"/><SP WIDTH="16" VPOS="606" HPOS="520"/>
							<String ID="string_141" HPOS="536" VPOS="613" WIDTH="48" HEIGHT="15" WC="0.96" CONTENT="man"/><SP WIDTH="20" VPOS="613" HPOS="584"/>
							<String ID="string_142" HPOS="604" VPOS="608" WIDTH="74" HEIGHT="20" WC="0.95" CONTENT="endast"/><SP WIDTH="16" VPOS="608" HPOS="678"/>
							<String ID="string_143" HPOS="694" VPOS="606" WIDTH="38" HEIGHT="21" WC="0.96" CONTENT="bör"/><SP WIDTH="16" VPOS="606" HPOS="732"/>
							<String ID="string_144" HPOS="748" VPOS="606" WIDTH="61" HEIGHT="21" WC="0.96" CONTENT="hafva"/><SP WIDTH="16" VPOS="606" HPOS="809"/>
							<String ID="string_145" HPOS="825" VPOS="605" WIDTH="99" HEIGHT="22" WC="0.96" CONTENT="afseende"/>
						</TextLine>
						<TextLine ID="line_15" HPOS="104" VPOS="634" WIDTH="821" HEIGHT="28">
							<String ID="string_146" HPOS="104" VPOS="636" WIDTH="27" HEIGHT="26" WC="0.96" CONTENT="på"/><SP WIDTH="15" VPOS="636" HPOS="131"/>
							<String ID="string_147" HPOS="146" VPOS="634" WIDTH="117" HEIGHT="22" WC="0.96" CONTENT="skönheten"/><SP WIDTH="16" VPOS="634" HPOS="263"/>
							<String ID="string_148" HPOS="279" VPOS="636" WIDTH="6" HEIGHT="20" WC="0.95" CONTENT="i"/><SP WIDTH="16" VPOS="636" HPOS="285"/>
							<String ID="string_149" HPOS="301" VPOS="635" WIDTH="117" HEIGHT="27" WC="0.96" CONTENT="detaljerna"/><SP WIDTH="15" VPOS="635" HPOS="418"/>
							<String ID="string_150" HPOS="433" VPOS="635" WIDTH="38" HEIGHT="21" WC="0.96" CONTENT="och"/><SP WIDTH="17" VPOS="635" HPOS="471"/>
							<String ID="string_151" HPOS="488" VPOS="638" WIDTH="32" HEIGHT="18" WC="0.96" CONTENT="att"/><SP WIDTH="15" VPOS="638" HPOS="520"/>
							<String ID="string_152" HPOS="535" VPOS="636" WIDTH="35" HEIGHT="21" WC="0.96" CONTENT="det"/><SP WIDTH="23" VPOS="636" HPOS="570"/>
							<String ID="string_153" HPOS="593" VPOS="635" WIDTH="71" HEIGHT="21" WC="0.96" CONTENT="derför"/><SP WIDTH="15" VPOS="635" HPOS="664"/>
							<String ID="string_154" HPOS="679" VPOS="636" WIDTH="41" HEIGHT="20" WC="0.96" CONTENT="kan"/><SP WIDTH="21" VPOS="636" HPOS="720"/>
							<String ID="string_155" HPOS="741" VPOS="635" WIDTH="106" HEIGHT="27" WC="0.93" CONTENT="förläggas"/><SP WIDTH="16" VPOS="635" HPOS="847"/>
							<String ID="string_156" HPOS="863" VPOS="634" WIDTH="62" HEIGHT="22" WC="0.92" CONTENT="hvart"/>
						</TextLine>
						<TextLine ID="line_16" HPOS="105" VPOS="663" WIDTH="819" HEIGHT="27">
							<String ID="string_157" HPOS="105" VPOS="670" WIDTH="45" HEIGHT="15" WC="0.96" CONTENT="som"/><SP WIDTH="17" VPOS="670" HPOS="150"/>
							<String ID="string_158" HPOS="167" VPOS="663" WIDTH="54" HEIGHT="22" WC="0.96" CONTENT="helst"/><SP WIDTH="15" VPOS="663" HPOS="221"/>
							<String ID="string_159" HPOS="236" VPOS="664" WIDTH="138" HEIGHT="26" WC="0.95" CONTENT="skymundan."/><SP WIDTH="31" VPOS="664" HPOS="374"/>
							<String ID="string_160" HPOS="405" VPOS="664" WIDTH="40" HEIGHT="26" WC="0.96" CONTENT="Jag"/><SP WIDTH="15" VPOS="664" HPOS="445"/>
							<String ID="string_161" HPOS="460" VPOS="667" WIDTH="51" HEIGHT="23" WC="0.96" CONTENT="tror,"/><SP WIDTH="16" VPOS="667" HPOS="511"/>
							<String ID="string_162" HPOS="527" VPOS="667" WIDTH="31" HEIGHT="19" WC="0.96" CONTENT="att"/><SP WIDTH="24" VPOS="667" HPOS="558"/>
							<String ID="string_163" HPOS="582" VPOS="664" WIDTH="36" HEIGHT="21" WC="0.96" CONTENT="det"/><SP WIDTH="15" VPOS="664" HPOS="618"/>
							<String ID="string_164" HPOS="633" VPOS="664" WIDTH="41" HEIGHT="20" WC="0.93" CONTENT="kan"/><SP WIDTH="16" VPOS="664" HPOS="674"/>
							<String ID="string_165" HPOS="690" VPOS="664" WIDTH="66" HEIGHT="26" WC="0.92" CONTENT="gifvas"/><SP WIDTH="17" VPOS="664" HPOS="756"/>
							<String ID="string_166" HPOS="773" VPOS="664" WIDTH="22" HEIGHT="20" WC="0.96" CONTENT="ät"/><SP WIDTH="16" VPOS="664" HPOS="795"/>
							<String ID="string_167" HPOS="811" VPOS="664" WIDTH="58" HEIGHT="20" WC="0.96" CONTENT="detta"/><SP WIDTH="15" VPOS="664" HPOS="869"/>
							<String ID="string_168" HPOS="884" VPOS="663" WIDTH="40" HEIGHT="21" WC="0.96" CONTENT="hus"/>
						</TextLine>
						<TextLine ID="line_17" HPOS="105" VPOS="692" WIDTH="819" HEIGHT="27">
							<String ID="string_169" HPOS="105" VPOS="694" WIDTH="31" HEIGHT="20" WC="0.96" CONTENT="ett"/><SP WIDTH="16" VPOS="694" HPOS="136"/>
							<String ID="string_170" HPOS="152" VPOS="692" WIDTH="46" HEIGHT="21" WC="0.96" CONTENT="fullt"/><SP WIDTH="16" VPOS="692" HPOS="198"/>
							<String ID="string_171" HPOS="214" VPOS="693" WIDTH="84" HEIGHT="26" WC="0.96" CONTENT="värdigt"/><SP WIDTH="15" VPOS="693" HPOS="298"/>
							<String ID="string_172" HPOS="313" VPOS="693" WIDTH="38" HEIGHT="21" WC="0.96" CONTENT="och"/><SP WIDTH="24" VPOS="693" HPOS="351"/>
							<String ID="string_173" HPOS="375" VPOS="693" WIDTH="120" HEIGHT="21" WC="0.94" CONTENT="ändamålet"/><SP WIDTH="23" VPOS="693" HPOS="495"/>
							<String ID="string_174" HPOS="518" VPOS="692" WIDTH="149" HEIGHT="22" WC="0.96" CONTENT="motsvarande"/><SP WIDTH="22" VPOS="692" HPOS="667"/>
							<String ID="string_175" HPOS="689" VPOS="692" WIDTH="108" HEIGHT="27" WC="0.93" CONTENT="utseende,"/><SP WIDTH="16" VPOS="692" HPOS="797"/>
							<String ID="string_176" HPOS="813" VPOS="692" WIDTH="62" HEIGHT="21" WC="0.96" CONTENT="äfven"/><SP WIDTH="15" VPOS="692" HPOS="875"/>
							<String ID="string_177" HPOS="890" VPOS="698" WIDTH="34" HEIGHT="14" WC="0.96" CONTENT="om"/>
						</TextLine>
						<TextLine ID="line_18" HPOS="105" VPOS="720" WIDTH="819" HEIGHT="28">
							<String ID="string_178" HPOS="105" VPOS="721" WIDTH="34" HEIGHT="21" WC="0.92" CONTENT="det"/><SP WIDTH="17" VPOS="721" HPOS="139"/>
							<String ID="string_179" HPOS="156" VPOS="721" WIDTH="99" HEIGHT="27" WC="0.92" CONTENT="uppföres"/><SP WIDTH="15" VPOS="721" HPOS="255"/>
							<String ID="string_180" HPOS="270" VPOS="722" WIDTH="27" HEIGHT="26" WC="0.93" CONTENT="på"/><SP WIDTH="19" VPOS="722" HPOS="297"/>
							<String ID="string_181" HPOS="316" VPOS="721" WIDTH="229" HEIGHT="27" WC="0.91" CONTENT="Ulrikasborgsbergen"/><SP WIDTH="24" VPOS="721" HPOS="545"/>
							<String ID="string_182" HPOS="569" VPOS="721" WIDTH="38" HEIGHT="21" WC="0.96" CONTENT="och"/><SP WIDTH="24" VPOS="721" HPOS="607"/>
							<String ID="string_183" HPOS="631" VPOS="723" WIDTH="32" HEIGHT="19" WC="0.93" CONTENT="att"/><SP WIDTH="15" VPOS="723" HPOS="663"/>
							<String ID="string_184" HPOS="678" VPOS="721" WIDTH="109" HEIGHT="21" WC="0.90" CONTENT="derstädes"/><SP WIDTH="20" VPOS="721" HPOS="787"/>
							<String ID="string_185" HPOS="807" VPOS="720" WIDTH="117" HEIGHT="22" WC="0.96" CONTENT="skönheten"/>
						</TextLine>
						<TextLine ID="line_19" HPOS="104" VPOS="749" WIDTH="820" HEIGHT="27">
							<String ID="string_186" HPOS="104" VPOS="750" WIDTH="6" HEIGHT="20" WC="0.96" CONTENT="i"/><SP WIDTH="17" VPOS="750" HPOS="110"/>
							<String ID="string_187" HPOS="127" VPOS="750" WIDTH="36" HEIGHT="21" WC="0.96" CONTENT="det"/><SP WIDTH="16" VPOS="750" HPOS="163"/>
							<String ID="string_188" HPOS="179" VPOS="750" WIDTH="46" HEIGHT="20" WC="0.96" CONTENT="hela"/><SP WIDTH="17" VPOS="750" HPOS="225"/>
							<String ID="string_189" HPOS="242" VPOS="750" WIDTH="113" HEIGHT="26" WC="0.96" CONTENT="ingalunda"/><SP WIDTH="16" VPOS="750" HPOS="355"/>
							<String ID="string_190" HPOS="371" VPOS="750" WIDTH="53" HEIGHT="21" WC="0.93" CONTENT="skall"/><SP WIDTH="17" VPOS="750" HPOS="424"/>
							<String ID="string_191" HPOS="441" VPOS="750" WIDTH="81" HEIGHT="26" WC="0.92" CONTENT="förtaga"/><SP WIDTH="17" VPOS="750" HPOS="522"/>
							<String ID="string_192" HPOS="539" VPOS="750" WIDTH="115" HEIGHT="22" WC="0.96" CONTENT="skönheten"/><SP WIDTH="17" VPOS="750" HPOS="654"/>
							<String ID="string_193" HPOS="671" VPOS="750" WIDTH="6" HEIGHT="20" WC="0.96" CONTENT="i"/><SP WIDTH="16" VPOS="750" HPOS="677"/>
							<String ID="string_194" HPOS="693" VPOS="749" WIDTH="122" HEIGHT="27" WC="0.93" CONTENT="detaljerna."/><SP WIDTH="15" VPOS="749" HPOS="815"/>
							<String ID="string_195" HPOS="830" VPOS="762" WIDTH="27" HEIGHT="3" WC="0.92" CONTENT="—"/><SP WIDTH="12" VPOS="762" HPOS="857"/>
							<String ID="string_196" HPOS="869" VPOS="749" WIDTH="55" HEIGHT="21" WC="0.96" CONTENT="Herr"/>
						</TextLine>
						<TextLine ID="line_20" HPOS="104" VPOS="777" WIDTH="823" HEIGHT="28">
							<String ID="string_197" HPOS="104" VPOS="778" WIDTH="155" HEIGHT="27" WC="0.92" CONTENT="Neppenström"/><SP WIDTH="17" VPOS="778" HPOS="259"/>
							<String ID="string_198" HPOS="276" VPOS="782" WIDTH="51" HEIGHT="23" WC="0.96" CONTENT="tror,"/><SP WIDTH="16" VPOS="782" HPOS="327"/>
							<String ID="string_199" HPOS="343" VPOS="781" WIDTH="32" HEIGHT="19" WC="0.93" CONTENT="att"/><SP WIDTH="10" VPOS="781" HPOS="375"/>
							<String ID="string_200" HPOS="385" VPOS="778" WIDTH="149" HEIGHT="22" WC="0.92" CONTENT="ständerhuset"/><SP WIDTH="15" VPOS="778" HPOS="534"/>
							<String ID="string_201" HPOS="549" VPOS="780" WIDTH="84" HEIGHT="20" WC="0.95" CONTENT="komme"/><SP WIDTH="16" VPOS="780" HPOS="633"/>
							<String ID="string_202" HPOS="649" VPOS="780" WIDTH="32" HEIGHT="20" WC="0.96" CONTENT="att"/><SP WIDTH="8" VPOS="780" HPOS="681"/>
							<String ID="string_203" HPOS="689" VPOS="785" WIDTH="50" HEIGHT="15" WC="0.96" CONTENT="vara"/><SP WIDTH="16" VPOS="785" HPOS="739"/>
							<String ID="string_204" HPOS="755" VPOS="779" WIDTH="6" HEIGHT="20" WC="0.96" CONTENT="i"/><SP WIDTH="16" VPOS="779" HPOS="761"/>
							<String ID="string_205" HPOS="777" VPOS="785" WIDTH="25" HEIGHT="14" WC="0.96" CONTENT="en"/><SP WIDTH="10" VPOS="785" HPOS="802"/>
							<String ID="string_206" HPOS="812" VPOS="778" WIDTH="76" HEIGHT="21" WC="0.96" CONTENT="utkant"/><SP WIDTH="16" VPOS="778" HPOS="888"/>
							<String ID="string_207" HPOS="904" VPOS="777" WIDTH="23" HEIGHT="21" WC="0.97" CONTENT="af"/>
						</TextLine>
						<TextLine ID="line_21" HPOS="104" VPOS="807" WIDTH="820" HEIGHT="27">
							<String ID="string_208" HPOS="104" VPOS="808" WIDTH="82" HEIGHT="24" WC="0.93" CONTENT="staden,"/><SP WIDTH="17" VPOS="808" HPOS="186"/>
							<String ID="string_209" HPOS="203" VPOS="807" WIDTH="43" HEIGHT="21" WC="0.90" CONTENT="ifall"/><SP WIDTH="17" VPOS="807" HPOS="246"/>
							<String ID="string_210" HPOS="263" VPOS="807" WIDTH="36" HEIGHT="21" WC="0.93" CONTENT="det"/><SP WIDTH="15" VPOS="807" HPOS="299"/>
							<String ID="string_211" HPOS="314" VPOS="807" WIDTH="115" HEIGHT="27" WC="0.92" CONTENT="uppfördes"/><SP WIDTH="16" VPOS="807" HPOS="429"/>
							<String ID="string_212" HPOS="445" VPOS="807" WIDTH="27" HEIGHT="27" WC="0.93" CONTENT="pä"/><SP WIDTH="22" VPOS="807" HPOS="472"/>
							<String ID="string_213" HPOS="494" VPOS="807" WIDTH="236" HEIGHT="27" WC="0.92" CONTENT="Ulrikasborgsbergen,"/><SP WIDTH="23" VPOS="807" HPOS="730"/>
							<String ID="string_214" HPOS="753" VPOS="807" WIDTH="38" HEIGHT="21" WC="0.96" CONTENT="och"/><SP WIDTH="16" VPOS="807" HPOS="791"/>
							<String ID="string_215" HPOS="807" VPOS="808" WIDTH="67" HEIGHT="25" WC="0.96" CONTENT="säger,"/><SP WIDTH="18" VPOS="808" HPOS="874"/>
							<String ID="string_216" HPOS="892" VPOS="809" WIDTH="32" HEIGHT="18" WC="0.96" CONTENT="att"/>
						</TextLine>
						<TextLine ID="line_22" HPOS="104" VPOS="835" WIDTH="819" HEIGHT="27">
							<String ID="string_217" HPOS="104" VPOS="835" WIDTH="36" HEIGHT="21" WC="0.96" CONTENT="det"/><SP WIDTH="15" VPOS="835" HPOS="140"/>
							<String ID="string_218" HPOS="155" VPOS="836" WIDTH="6" HEIGHT="20" WC="0.93" CONTENT="i"/><SP WIDTH="17" VPOS="836" HPOS="161"/>
							<String ID="string_219" HPOS="178" VPOS="838" WIDTH="107" HEIGHT="24" WC="0.91" CONTENT="gvarteret"/><SP WIDTH="22" VPOS="838" HPOS="285"/>
							<String ID="string_220" HPOS="307" VPOS="835" WIDTH="112" HEIGHT="22" WC="0.92" CONTENT="Tumlaren"/><SP WIDTH="24" VPOS="835" HPOS="419"/>
							<String ID="string_221" HPOS="443" VPOS="842" WIDTH="50" HEIGHT="14" WC="0.92" CONTENT="vore"/><SP WIDTH="23" VPOS="842" HPOS="493"/>
							<String ID="string_222" HPOS="516" VPOS="836" WIDTH="5" HEIGHT="20" WC="0.93" CONTENT="i"/><SP WIDTH="17" VPOS="836" HPOS="521"/>
							<String ID="string_223" HPOS="538" VPOS="836" WIDTH="78" HEIGHT="21" WC="0.92" CONTENT="midten"/><SP WIDTH="24" VPOS="836" HPOS="616"/>
							<String ID="string_224" HPOS="640" VPOS="835" WIDTH="22" HEIGHT="21" WC="0.96" CONTENT="af"/><SP WIDTH="21" VPOS="835" HPOS="662"/>
							<String ID="string_225" HPOS="683" VPOS="836" WIDTH="80" HEIGHT="21" WC="0.92" CONTENT="staden."/><SP WIDTH="30" VPOS="836" HPOS="763"/>
							<String ID="string_226" HPOS="793" VPOS="835" WIDTH="73" HEIGHT="21" WC="0.92" CONTENT="Säsom"/><SP WIDTH="20" VPOS="835" HPOS="866"/>
							<String ID="string_227" HPOS="886" VPOS="835" WIDTH="37" HEIGHT="27" WC="0.96" CONTENT="jag"/>
						</TextLine>
						<TextLine ID="line_23" HPOS="104" VPOS="863" WIDTH="820" HEIGHT="27">
							<String ID="string_228" HPOS="104" VPOS="864" WIDTH="64" HEIGHT="21" WC="0.95" CONTENT="redan"/><SP WIDTH="17" VPOS="864" HPOS="168"/>
							<String ID="string_229" HPOS="185" VPOS="864" WIDTH="89" HEIGHT="26" WC="0.93" CONTENT="tidigare"/><SP WIDTH="15" VPOS="864" HPOS="274"/>
							<String ID="string_230" HPOS="289" VPOS="864" WIDTH="97" HEIGHT="24" WC="0.92" CONTENT="nämnde,"/><SP WIDTH="17" VPOS="864" HPOS="386"/>
							<String ID="string_231" HPOS="403" VPOS="866" WIDTH="23" HEIGHT="19" WC="0.96" CONTENT="är"/><SP WIDTH="16" VPOS="866" HPOS="426"/>
							<String ID="string_232" HPOS="442" VPOS="864" WIDTH="36" HEIGHT="21" WC="0.96" CONTENT="det"/><SP WIDTH="16" VPOS="864" HPOS="478"/>
							<String ID="string_233" HPOS="494" VPOS="864" WIDTH="74" HEIGHT="22" WC="0.93" CONTENT="endast"/><SP WIDTH="11" VPOS="864" HPOS="568"/>
							<String ID="string_234" HPOS="579" VPOS="865" WIDTH="64" HEIGHT="25" WC="0.92" CONTENT="nägra"/><SP WIDTH="12" VPOS="865" HPOS="643"/>
							<String ID="string_235" HPOS="655" VPOS="865" WIDTH="95" HEIGHT="20" WC="0.92" CONTENT="stenkast"/><SP WIDTH="11" VPOS="865" HPOS="750"/>
							<String ID="string_236" HPOS="761" VPOS="864" WIDTH="89" HEIGHT="21" WC="0.92" CONTENT="emellan"/><SP WIDTH="13" VPOS="864" HPOS="850"/>
							<String ID="string_237" HPOS="863" VPOS="863" WIDTH="61" HEIGHT="22" WC="0.96" CONTENT="dessa"/>
						</TextLine>
						<TextLine ID="line_24" HPOS="105" VPOS="892" WIDTH="824" HEIGHT="27">
							<String ID="string_238" HPOS="105" VPOS="892" WIDTH="65" HEIGHT="27" WC="0.95" CONTENT="begge"/><SP WIDTH="23" VPOS="892" HPOS="170"/>
							<String ID="string_239" HPOS="193" VPOS="893" WIDTH="85" HEIGHT="26" WC="0.93" CONTENT="platser."/><SP WIDTH="31" VPOS="893" HPOS="278"/>
							<String ID="string_240" HPOS="309" VPOS="892" WIDTH="114" HEIGHT="22" WC="0.91" CONTENT="Skilnaden"/><SP WIDTH="24" VPOS="892" HPOS="423"/>
							<String ID="string_241" HPOS="447" VPOS="892" WIDTH="40" HEIGHT="21" WC="0.96" CONTENT="blir"/><SP WIDTH="16" VPOS="892" HPOS="487"/>
							<String ID="string_242" HPOS="503" VPOS="894" WIDTH="80" HEIGHT="23" WC="0.91" CONTENT="endast,"/><SP WIDTH="22" VPOS="894" HPOS="583"/>
							<String ID="string_243" HPOS="605" VPOS="895" WIDTH="34" HEIGHT="18" WC="0.93" CONTENT="att"/><SP WIDTH="15" VPOS="895" HPOS="639"/>
							<String ID="string_244" HPOS="654" VPOS="893" WIDTH="61" HEIGHT="20" WC="0.96" CONTENT="huset"/><SP WIDTH="14" VPOS="893" HPOS="715"/>
							<String ID="string_245" HPOS="729" VPOS="892" WIDTH="28" HEIGHT="27" WC="0.93" CONTENT="pä"/><SP WIDTH="15" VPOS="892" HPOS="757"/>
							<String ID="string_246" HPOS="772" VPOS="892" WIDTH="157" HEIGHT="27" WC="0.87" CONTENT="Ulrikasborgs:"/>
						</TextLine>
						<TextLine ID="line_25" HPOS="104" VPOS="921" WIDTH="819" HEIGHT="27">
							<String ID="string_247" HPOS="104" VPOS="921" WIDTH="76" HEIGHT="27" WC="0.91" CONTENT="bergen"/><SP WIDTH="16" VPOS="921" HPOS="180"/>
							<String ID="string_248" HPOS="196" VPOS="921" WIDTH="85" HEIGHT="21" WC="0.92" CONTENT="komme"/><SP WIDTH="15" VPOS="921" HPOS="281"/>
							<String ID="string_249" HPOS="296" VPOS="925" WIDTH="32" HEIGHT="18" WC="0.93" CONTENT="att"/><SP WIDTH="15" VPOS="925" HPOS="328"/>
							<String ID="string_250" HPOS="343" VPOS="921" WIDTH="65" HEIGHT="21" WC="0.92" CONTENT="blifva"/><SP WIDTH="15" VPOS="921" HPOS="408"/>
							<String ID="string_251" HPOS="423" VPOS="927" WIDTH="58" HEIGHT="15" WC="0.93" CONTENT="mera"/><SP WIDTH="15" VPOS="927" HPOS="481"/>
							<String ID="string_252" HPOS="496" VPOS="921" WIDTH="114" HEIGHT="22" WC="0.93" CONTENT="fristäende"/><SP WIDTH="15" VPOS="921" HPOS="610"/>
							<String ID="string_253" HPOS="625" VPOS="921" WIDTH="40" HEIGHT="22" WC="0.93" CONTENT="och"/><SP WIDTH="15" VPOS="921" HPOS="665"/>
							<String ID="string_254" HPOS="680" VPOS="922" WIDTH="82" HEIGHT="21" WC="0.92" CONTENT="säledes"/><SP WIDTH="15" VPOS="922" HPOS="762"/>
							<String ID="string_255" HPOS="777" VPOS="921" WIDTH="84" HEIGHT="26" WC="0.92" CONTENT="mycket"/><SP WIDTH="18" VPOS="921" HPOS="861"/>
							<String ID="string_256" HPOS="879" VPOS="927" WIDTH="44" HEIGHT="14" WC="0.96" CONTENT="mer"/>
						</TextLine>
						<TextLine ID="line_26" HPOS="104" VPOS="949" WIDTH="823" HEIGHT="28">
							<String ID="string_257" HPOS="104" VPOS="950" WIDTH="78" HEIGHT="27" WC="0.96" CONTENT="synligt"/><SP WIDTH="22" VPOS="950" HPOS="182"/>
							<String ID="string_258" HPOS="204" VPOS="953" WIDTH="55" HEIGHT="18" WC="0.96" CONTENT="samt"/><SP WIDTH="22" VPOS="953" HPOS="259"/>
							<String ID="string_259" HPOS="281" VPOS="957" WIDTH="25" HEIGHT="14" WC="0.92" CONTENT="en"/><SP WIDTH="24" VPOS="957" HPOS="306"/>
							<String ID="string_260" HPOS="330" VPOS="950" WIDTH="81" HEIGHT="26" WC="0.94" CONTENT="verklig"/><SP WIDTH="22" VPOS="950" HPOS="411"/>
							<String ID="string_261" HPOS="433" VPOS="950" WIDTH="94" HEIGHT="27" WC="0.96" CONTENT="prydnad"/><SP WIDTH="20" VPOS="950" HPOS="527"/>
							<String ID="string_262" HPOS="547" VPOS="950" WIDTH="33" HEIGHT="21" WC="0.96" CONTENT="för"/><SP WIDTH="15" VPOS="950" HPOS="580"/>
							<String ID="string_263" HPOS="595" VPOS="951" WIDTH="80" HEIGHT="20" WC="0.92" CONTENT="staden."/><SP WIDTH="32" VPOS="951" HPOS="675"/>
							<String ID="string_264" HPOS="707" VPOS="949" WIDTH="155" HEIGHT="28" WC="0.45" CONTENT="Omgifningen,"/><SP WIDTH="15" VPOS="949" HPOS="862"/>
							<String ID="string_265" HPOS="877" VPOS="956" WIDTH="50" HEIGHT="14" WC="0.95" CONTENT="som."/>
						</TextLine>
						<TextLine ID="line_27" HPOS="104" VPOS="978" WIDTH="819" HEIGHT="28">
							<String ID="string_266" HPOS="104" VPOS="978" WIDTH="61" HEIGHT="22" WC="0.96" CONTENT="huset"/><SP WIDTH="16" VPOS="978" HPOS="165"/>
							<String ID="string_267" HPOS="181" VPOS="979" WIDTH="37" HEIGHT="21" WC="0.96" CONTENT="der"/><SP WIDTH="17" VPOS="979" HPOS="218"/>
							<String ID="string_268" HPOS="235" VPOS="979" WIDTH="68" HEIGHT="21" WC="0.48" CONTENT="skulle"/><SP WIDTH="9" VPOS="979" HPOS="303"/>
							<String ID="string_269" HPOS="312" VPOS="979" WIDTH="21" HEIGHT="21" WC="0.96" CONTENT="få"/><SP WIDTH="8" VPOS="979" HPOS="333"/>
							<String ID="string_270" HPOS="341" VPOS="979" WIDTH="39" HEIGHT="21" WC="0.96" CONTENT="och"/><SP WIDTH="15" VPOS="979" HPOS="380"/>
							<String ID="string_271" HPOS="395" VPOS="979" WIDTH="32" HEIGHT="21" WC="0.93" CONTENT="för"/><SP WIDTH="16" VPOS="979" HPOS="427"/>
							<String ID="string_272" HPOS="443" VPOS="979" WIDTH="70" HEIGHT="20" WC="0.96" CONTENT="hvilka"/><SP WIDTH="12" VPOS="979" HPOS="513"/>
							<String ID="string_273" HPOS="525" VPOS="979" WIDTH="48" HEIGHT="21" WC="0.93" CONTENT="herr"/><SP WIDTH="10" VPOS="979" HPOS="573"/>
							<String ID="string_274" HPOS="583" VPOS="979" WIDTH="154" HEIGHT="27" WC="0.92" CONTENT="Neppenström"/><SP WIDTH="12" VPOS="979" HPOS="737"/>
							<String ID="string_275" HPOS="749" VPOS="979" WIDTH="57" HEIGHT="20" WC="0.93" CONTENT="velat"/><SP WIDTH="10" VPOS="979" HPOS="806"/>
							<String ID="string_276" HPOS="816" VPOS="978" WIDTH="107" HEIGHT="21" WC="0.96" CONTENT="skrämma"/>
						</TextLine>
						<TextLine ID="line_28" HPOS="104" VPOS="1007" WIDTH="819" HEIGHT="28">
							<String ID="string_277" HPOS="104" VPOS="1008" WIDTH="89" HEIGHT="25" WC="0.92" CONTENT="ständet,"/><SP WIDTH="17" VPOS="1008" HPOS="193"/>
							<String ID="string_278" HPOS="210" VPOS="1009" WIDTH="85" HEIGHT="25" WC="0.92" CONTENT="utgöres"/><SP WIDTH="16" VPOS="1009" HPOS="295"/>
							<String ID="string_279" HPOS="311" VPOS="1008" WIDTH="23" HEIGHT="21" WC="0.96" CONTENT="af"/><SP WIDTH="14" VPOS="1008" HPOS="334"/>
							<String ID="string_280" HPOS="348" VPOS="1014" WIDTH="25" HEIGHT="15" WC="0.93" CONTENT="en"/><SP WIDTH="17" VPOS="1014" HPOS="373"/>
							<String ID="string_281" HPOS="390" VPOS="1008" WIDTH="81" HEIGHT="27" WC="0.92" CONTENT="prydlig"/><SP WIDTH="16" VPOS="1008" HPOS="471"/>
							<String ID="string_282" HPOS="487" VPOS="1010" WIDTH="45" HEIGHT="19" WC="0.93" CONTENT="stor"/><SP WIDTH="15" VPOS="1010" HPOS="532"/>
							<String ID="string_283" HPOS="547" VPOS="1008" WIDTH="152" HEIGHT="27" WC="0.92" CONTENT="skolbyggnad,"/><SP WIDTH="17" VPOS="1008" HPOS="699"/>
							<String ID="string_284" HPOS="716" VPOS="1013" WIDTH="24" HEIGHT="15" WC="0.93" CONTENT="en"/><SP WIDTH="17" VPOS="1013" HPOS="740"/>
							<String ID="string_285" HPOS="757" VPOS="1007" WIDTH="77" HEIGHT="21" WC="0.93" CONTENT="vacker"/><SP WIDTH="15" VPOS="1007" HPOS="834"/>
							<String ID="string_286" HPOS="849" VPOS="1007" WIDTH="74" HEIGHT="26" WC="0.97" CONTENT="kyrka,"/>
						</TextLine>
						<TextLine ID="line_29" HPOS="102" VPOS="1035" WIDTH="820" HEIGHT="28">
							<String ID="string_287" HPOS="102" VPOS="1035" WIDTH="153" HEIGHT="22" WC="0.92" CONTENT="observatoriet"/><SP WIDTH="16" VPOS="1035" HPOS="255"/>
							<String ID="string_288" HPOS="271" VPOS="1037" WIDTH="38" HEIGHT="20" WC="0.96" CONTENT="och"/><SP WIDTH="17" VPOS="1037" HPOS="309"/>
							<String ID="string_289" HPOS="326" VPOS="1037" WIDTH="36" HEIGHT="20" WC="0.93" CONTENT="det"/><SP WIDTH="15" VPOS="1037" HPOS="362"/>
							<String ID="string_290" HPOS="377" VPOS="1036" WIDTH="108" HEIGHT="21" WC="0.93" CONTENT="blifvande"/><SP WIDTH="15" VPOS="1036" HPOS="485"/>
							<String ID="string_291" HPOS="500" VPOS="1036" WIDTH="127" HEIGHT="25" WC="0.92" CONTENT="stadshuset,"/><SP WIDTH="17" VPOS="1036" HPOS="627"/>
							<String ID="string_292" HPOS="644" VPOS="1043" WIDTH="44" HEIGHT="14" WC="0.96" CONTENT="som"/><SP WIDTH="23" VPOS="1043" HPOS="688"/>
							<String ID="string_293" HPOS="711" VPOS="1037" WIDTH="95" HEIGHT="20" WC="0.96" CONTENT="kommer"/><SP WIDTH="15" VPOS="1037" HPOS="806"/>
							<String ID="string_294" HPOS="821" VPOS="1037" WIDTH="32" HEIGHT="20" WC="0.93" CONTENT="att"/><SP WIDTH="14" VPOS="1037" HPOS="853"/>
							<String ID="string_295" HPOS="867" VPOS="1042" WIDTH="55" HEIGHT="21" WC="0.91" CONTENT="upp-"/>
						</TextLine>
						<TextLine ID="line_30" HPOS="101" VPOS="1064" WIDTH="822" HEIGHT="29">
							<String ID="string_296" HPOS="101" VPOS="1064" WIDTH="57" HEIGHT="22" WC="0.93" CONTENT="föras"/><SP WIDTH="12" VPOS="1064" HPOS="158"/>
							<String ID="string_297" HPOS="170" VPOS="1065" WIDTH="45" HEIGHT="26" WC="0.97" CONTENT="just"/><SP WIDTH="15" VPOS="1065" HPOS="215"/>
							<String ID="string_298" HPOS="230" VPOS="1065" WIDTH="27" HEIGHT="27" WC="0.96" CONTENT="pä"/><SP WIDTH="15" VPOS="1065" HPOS="257"/>
							<String ID="string_299" HPOS="272" VPOS="1065" WIDTH="59" HEIGHT="22" WC="0.96" CONTENT="detta"/><SP WIDTH="15" VPOS="1065" HPOS="331"/>
							<String ID="string_300" HPOS="346" VPOS="1065" WIDTH="22" HEIGHT="21" WC="0.93" CONTENT="af"/><SP WIDTH="19" VPOS="1065" HPOS="368"/>
							<String ID="string_301" HPOS="387" VPOS="1065" WIDTH="50" HEIGHT="21" WC="0.91" CONTENT="herr"/><SP WIDTH="22" VPOS="1065" HPOS="437"/>
							<String ID="string_302" HPOS="459" VPOS="1065" WIDTH="154" HEIGHT="26" WC="0.91" CONTENT="Neppenström"/><SP WIDTH="16" VPOS="1065" HPOS="613"/>
							<String ID="string_303" HPOS="629" VPOS="1065" WIDTH="106" HEIGHT="27" WC="0.92" CONTENT="utpekade"/><SP WIDTH="15" VPOS="1065" HPOS="735"/>
							<String ID="string_304" HPOS="750" VPOS="1065" WIDTH="63" HEIGHT="28" WC="0.93" CONTENT="ryska"/><SP WIDTH="16" VPOS="1065" HPOS="813"/>
							<String ID="string_305" HPOS="829" VPOS="1064" WIDTH="94" HEIGHT="27" WC="0.92" CONTENT="mjölma-"/>
						</TextLine>
						<TextLine ID="line_31" HPOS="101" VPOS="1094" WIDTH="821" HEIGHT="27">
							<String ID="string_306" HPOS="101" VPOS="1094" WIDTH="71" HEIGHT="25" WC="0.91" CONTENT="gasins"/><SP WIDTH="14" VPOS="1094" HPOS="172"/>
							<String ID="string_307" HPOS="186" VPOS="1095" WIDTH="121" HEIGHT="20" WC="0.96" CONTENT="nuvarande"/><SP WIDTH="15" VPOS="1095" HPOS="307"/>
							<String ID="string_308" HPOS="322" VPOS="1095" WIDTH="57" HEIGHT="26" WC="0.92" CONTENT="plats"/><SP WIDTH="15" VPOS="1095" HPOS="379"/>
							<String ID="string_309" HPOS="394" VPOS="1106" WIDTH="27" HEIGHT="3" WC="0.92" CONTENT="—"/><SP WIDTH="16" VPOS="1106" HPOS="421"/>
							<String ID="string_310" HPOS="437" VPOS="1094" WIDTH="88" HEIGHT="21" WC="0.96" CONTENT="sålunda"/><SP WIDTH="16" VPOS="1094" HPOS="525"/>
							<String ID="string_311" HPOS="541" VPOS="1094" WIDTH="64" HEIGHT="27" WC="0.96" CONTENT="enligt"/><SP WIDTH="16" VPOS="1094" HPOS="605"/>
							<String ID="string_312" HPOS="621" VPOS="1095" WIDTH="42" HEIGHT="20" WC="0.93" CONTENT="min"/><SP WIDTH="16" VPOS="1095" HPOS="663"/>
							<String ID="string_313" HPOS="679" VPOS="1095" WIDTH="54" HEIGHT="25" WC="0.93" CONTENT="äsigt"/><SP WIDTH="11" VPOS="1095" HPOS="733"/>
							<String ID="string_314" HPOS="744" VPOS="1097" WIDTH="31" HEIGHT="18" WC="0.96" CONTENT="ett"/><SP WIDTH="9" VPOS="1097" HPOS="775"/>
							<String ID="string_315" HPOS="784" VPOS="1094" WIDTH="81" HEIGHT="25" WC="0.93" CONTENT="ganska"/><SP WIDTH="11" VPOS="1094" HPOS="865"/>
							<String ID="string_316" HPOS="876" VPOS="1095" WIDTH="46" HEIGHT="19" WC="0.83" CONTENT="vär-"/>
						</TextLine>
						<TextLine ID="line_32" HPOS="102" VPOS="1122" WIDTH="407" HEIGHT="27">
							<String ID="string_317" HPOS="102" VPOS="1122" WIDTH="44" HEIGHT="26" WC="0.89" CONTENT="digt"/><SP WIDTH="15" VPOS="1122" HPOS="146"/>
							<String ID="string_318" HPOS="161" VPOS="1122" WIDTH="104" HEIGHT="27" WC="0.92" CONTENT="granskap"/><SP WIDTH="18" VPOS="1122" HPOS="265"/>
							<String ID="string_319" HPOS="283" VPOS="1123" WIDTH="32" HEIGHT="20" WC="0.96" CONTENT="för"/><SP WIDTH="15" VPOS="1123" HPOS="315"/>
							<String ID="string_320" HPOS="330" VPOS="1125" WIDTH="31" HEIGHT="19" WC="0.93" CONTENT="ett"/><SP WIDTH="16" VPOS="1125" HPOS="361"/>
							<String ID="string_321" HPOS="377" VPOS="1122" WIDTH="132" HEIGHT="21" WC="0.92" CONTENT="ständerhus."/>
						</TextLine>
					</TextBlock>
					<TextBlock ID="block_3" HPOS="98" VPOS="1150" WIDTH="826" HEIGHT="312">
						<TextLine ID="line_33" HPOS="169" VPOS="1150" WIDTH="755" HEIGHT="28">
							<String ID="string_322" HPOS="169" VPOS="1151" WIDTH="45" HEIGHT="21" WC="0.93" CONTENT="När"/><SP WIDTH="15" VPOS="1151" HPOS="214"/>
							<String ID="string_323" HPOS="229" VPOS="1151" WIDTH="49" HEIGHT="20" WC="0.89" CONTENT="herr"/><SP WIDTH="20" VPOS="1151" HPOS="278"/>
							<String ID="string_324" HPOS="298" VPOS="1151" WIDTH="155" HEIGHT="27" WC="0.89" CONTENT="Neppenström"/><SP WIDTH="24" VPOS="1151" HPOS="453"/>
							<String ID="string_325" HPOS="477" VPOS="1153" WIDTH="67" HEIGHT="24" WC="0.91" CONTENT="säger,"/><SP WIDTH="23" VPOS="1153" HPOS="544"/>
							<String ID="string_326" HPOS="567" VPOS="1153" WIDTH="32" HEIGHT="19" WC="0.93" CONTENT="att"/><SP WIDTH="21" VPOS="1153" HPOS="599"/>
							<String ID="string_327" HPOS="620" VPOS="1151" WIDTH="106" HEIGHT="21" WC="0.92" CONTENT="utskottet"/><SP WIDTH="21" VPOS="1151" HPOS="726"/>
							<String ID="string_328" HPOS="747" VPOS="1151" WIDTH="84" HEIGHT="21" WC="0.93" CONTENT="förfarit"/><SP WIDTH="16" VPOS="1151" HPOS="831"/>
							<String ID="string_329" HPOS="847" VPOS="1150" WIDTH="77" HEIGHT="27" WC="0.92" CONTENT="oprak-"/>
						</TextLine>
						<TextLine ID="line_34" HPOS="101" VPOS="1179" WIDTH="821" HEIGHT="26">
							<String ID="string_330" HPOS="101" VPOS="1179" WIDTH="59" HEIGHT="24" WC="0.92" CONTENT="tiskt,"/><SP WIDTH="16" VPOS="1179" HPOS="160"/>
							<String ID="string_331" HPOS="176" VPOS="1179" WIDTH="27" HEIGHT="21" WC="0.96" CONTENT="dä"/><SP WIDTH="14" VPOS="1179" HPOS="203"/>
							<String ID="string_332" HPOS="217" VPOS="1179" WIDTH="35" HEIGHT="21" WC="0.93" CONTENT="det"/><SP WIDTH="16" VPOS="1179" HPOS="252"/>
							<String ID="string_333" HPOS="268" VPOS="1179" WIDTH="86" HEIGHT="22" WC="0.91" CONTENT="beslutit"/><SP WIDTH="14" VPOS="1179" HPOS="354"/>
							<String ID="string_334" HPOS="368" VPOS="1180" WIDTH="31" HEIGHT="25" WC="0.97" CONTENT="sig"/><SP WIDTH="16" VPOS="1180" HPOS="399"/>
							<String ID="string_335" HPOS="415" VPOS="1179" WIDTH="32" HEIGHT="21" WC="0.93" CONTENT="för"/><SP WIDTH="16" VPOS="1179" HPOS="447"/>
							<String ID="string_336" HPOS="463" VPOS="1183" WIDTH="107" HEIGHT="22" WC="0.92" CONTENT="gvarteret"/><SP WIDTH="23" VPOS="1183" HPOS="570"/>
							<String ID="string_337" HPOS="593" VPOS="1179" WIDTH="108" HEIGHT="26" WC="0.92" CONTENT="Servalen,"/><SP WIDTH="16" VPOS="1179" HPOS="701"/>
							<String ID="string_338" HPOS="717" VPOS="1180" WIDTH="6" HEIGHT="19" WC="0.96" CONTENT="i"/><SP WIDTH="16" VPOS="1180" HPOS="723"/>
							<String ID="string_339" HPOS="739" VPOS="1179" WIDTH="36" HEIGHT="21" WC="0.96" CONTENT="det"/><SP WIDTH="18" VPOS="1179" HPOS="775"/>
							<String ID="string_340" HPOS="793" VPOS="1182" WIDTH="32" HEIGHT="18" WC="0.92" CONTENT="att"/><SP WIDTH="14" VPOS="1182" HPOS="825"/>
							<String ID="string_341" HPOS="839" VPOS="1180" WIDTH="83" HEIGHT="20" WC="0.91" CONTENT="utskot-"/>
						</TextLine>
						<TextLine ID="line_35" HPOS="101" VPOS="1207" WIDTH="820" HEIGHT="28">
							<String ID="string_342" HPOS="101" VPOS="1209" WIDTH="31" HEIGHT="19" WC="0.92" CONTENT="tet"/><SP WIDTH="22" VPOS="1209" HPOS="132"/>
							<String ID="string_343" HPOS="154" VPOS="1207" WIDTH="46" HEIGHT="22" WC="0.92" CONTENT="icke"/><SP WIDTH="24" VPOS="1207" HPOS="200"/>
							<String ID="string_344" HPOS="224" VPOS="1207" WIDTH="68" HEIGHT="23" WC="0.96" CONTENT="skulle"/><SP WIDTH="22" VPOS="1207" HPOS="292"/>
							<String ID="string_345" HPOS="314" VPOS="1215" WIDTH="50" HEIGHT="15" WC="0.93" CONTENT="vara"/><SP WIDTH="23" VPOS="1215" HPOS="364"/>
							<String ID="string_346" HPOS="387" VPOS="1209" WIDTH="62" HEIGHT="20" WC="0.92" CONTENT="säker"/><SP WIDTH="24" VPOS="1209" HPOS="449"/>
							<String ID="string_347" HPOS="473" VPOS="1208" WIDTH="33" HEIGHT="26" WC="0.96" CONTENT="pä,"/><SP WIDTH="24" VPOS="1208" HPOS="506"/>
							<String ID="string_348" HPOS="530" VPOS="1211" WIDTH="30" HEIGHT="19" WC="0.96" CONTENT="att"/><SP WIDTH="22" VPOS="1211" HPOS="560"/>
							<String ID="string_349" HPOS="582" VPOS="1209" WIDTH="82" HEIGHT="26" WC="0.96" CONTENT="platsen"/><SP WIDTH="18" VPOS="1209" HPOS="664"/>
							<String ID="string_350" HPOS="682" VPOS="1209" WIDTH="41" HEIGHT="20" WC="0.93" CONTENT="kan"/><SP WIDTH="17" VPOS="1209" HPOS="723"/>
							<String ID="string_351" HPOS="740" VPOS="1208" WIDTH="77" HEIGHT="21" WC="0.90" CONTENT="inlösas"/><SP WIDTH="17" VPOS="1208" HPOS="817"/>
							<String ID="string_352" HPOS="834" VPOS="1209" WIDTH="31" HEIGHT="19" WC="0.97" CONTENT="för"/><SP WIDTH="16" VPOS="1209" HPOS="865"/>
							<String ID="string_353" HPOS="881" VPOS="1207" WIDTH="40" HEIGHT="22" WC="0.96" CONTENT="den"/>
						</TextLine>
						<TextLine ID="line_36" HPOS="100" VPOS="1236" WIDTH="822" HEIGHT="28">
							<String ID="string_354" HPOS="100" VPOS="1242" WIDTH="89" HEIGHT="19" WC="0.95" CONTENT="summa,"/><SP WIDTH="21" VPOS="1242" HPOS="189"/>
							<String ID="string_355" HPOS="210" VPOS="1243" WIDTH="44" HEIGHT="14" WC="0.92" CONTENT="som"/><SP WIDTH="23" VPOS="1243" HPOS="254"/>
							<String ID="string_356" HPOS="277" VPOS="1237" WIDTH="122" HEIGHT="27" WC="0.84" CONTENT="uppgifvits,"/><SP WIDTH="24" VPOS="1237" HPOS="399"/>
							<String ID="string_357" HPOS="423" VPOS="1236" WIDTH="22" HEIGHT="22" WC="0.96" CONTENT="sä"/><SP WIDTH="24" VPOS="1236" HPOS="445"/>
							<String ID="string_358" HPOS="469" VPOS="1237" WIDTH="32" HEIGHT="21" WC="0.93" CONTENT="far"/><SP WIDTH="22" VPOS="1237" HPOS="501"/>
							<String ID="string_359" HPOS="523" VPOS="1237" WIDTH="50" HEIGHT="21" WC="0.93" CONTENT="herr"/><SP WIDTH="14" VPOS="1237" HPOS="573"/>
							<String ID="string_360" HPOS="587" VPOS="1237" WIDTH="157" HEIGHT="27" WC="0.92" CONTENT="Neppenström"/><SP WIDTH="16" VPOS="1237" HPOS="744"/>
							<String ID="string_361" HPOS="760" VPOS="1236" WIDTH="57" HEIGHT="22" WC="0.95" CONTENT="vilse."/><SP WIDTH="31" VPOS="1236" HPOS="817"/>
							<String ID="string_362" HPOS="848" VPOS="1236" WIDTH="74" HEIGHT="22" WC="0.93" CONTENT="Ehuru"/>
						</TextLine>
						<TextLine ID="line_37" HPOS="98" VPOS="1265" WIDTH="824" HEIGHT="28">
							<String ID="string_363" HPOS="98" VPOS="1265" WIDTH="36" HEIGHT="26" WC="0.93" CONTENT="jag"/><SP WIDTH="16" VPOS="1265" HPOS="134"/>
							<String ID="string_364" HPOS="150" VPOS="1265" WIDTH="45" HEIGHT="21" WC="0.88" CONTENT="icke"/><SP WIDTH="16" VPOS="1265" HPOS="195"/>
							<String ID="string_365" HPOS="211" VPOS="1265" WIDTH="70" HEIGHT="21" WC="0.93" CONTENT="skulle"/><SP WIDTH="16" VPOS="1265" HPOS="281"/>
							<String ID="string_366" HPOS="297" VPOS="1266" WIDTH="106" HEIGHT="27" WC="0.91" CONTENT="tillstyrka"/><SP WIDTH="8" VPOS="1266" HPOS="403"/>
							<String ID="string_367" HPOS="411" VPOS="1265" WIDTH="160" HEIGHT="22" WC="0.92" CONTENT="ständerhusets"/><SP WIDTH="9" VPOS="1265" HPOS="571"/>
							<String ID="string_368" HPOS="580" VPOS="1266" WIDTH="130" HEIGHT="26" WC="0.92" CONTENT="uppförande"/><SP WIDTH="15" VPOS="1266" HPOS="710"/>
							<String ID="string_369" HPOS="725" VPOS="1265" WIDTH="8" HEIGHT="21" WC="0.93" CONTENT="i"/><SP WIDTH="16" VPOS="1265" HPOS="733"/>
							<String ID="string_370" HPOS="749" VPOS="1268" WIDTH="108" HEIGHT="24" WC="0.92" CONTENT="gvarteret"/><SP WIDTH="16" VPOS="1268" HPOS="857"/>
							<String ID="string_371" HPOS="873" VPOS="1265" WIDTH="49" HEIGHT="21" WC="0.93" CONTENT="Ser-"/>
						</TextLine>
						<TextLine ID="line_38" HPOS="100" VPOS="1294" WIDTH="823" HEIGHT="26">
							<String ID="string_372" HPOS="100" VPOS="1294" WIDTH="67" HEIGHT="25" WC="0.96" CONTENT="valen,"/><SP WIDTH="17" VPOS="1294" HPOS="167"/>
							<String ID="string_373" HPOS="184" VPOS="1294" WIDTH="67" HEIGHT="21" WC="0.96" CONTENT="måste"/><SP WIDTH="12" VPOS="1294" HPOS="251"/>
							<String ID="string_374" HPOS="263" VPOS="1294" WIDTH="37" HEIGHT="26" WC="0.96" CONTENT="jag"/><SP WIDTH="16" VPOS="1294" HPOS="300"/>
							<String ID="string_375" HPOS="316" VPOS="1294" WIDTH="53" HEIGHT="22" WC="0.93" CONTENT="dock"/><SP WIDTH="19" VPOS="1294" HPOS="369"/>
							<String ID="string_376" HPOS="388" VPOS="1298" WIDTH="49" HEIGHT="22" WC="0.96" CONTENT="taga"/><SP WIDTH="23" VPOS="1298" HPOS="437"/>
							<String ID="string_377" HPOS="460" VPOS="1294" WIDTH="115" HEIGHT="22" WC="0.96" CONTENT="utskottets"/><SP WIDTH="21" VPOS="1294" HPOS="575"/>
							<String ID="string_378" HPOS="596" VPOS="1295" WIDTH="55" HEIGHT="25" WC="0.96" CONTENT="parti"/><SP WIDTH="17" VPOS="1295" HPOS="651"/>
							<String ID="string_379" HPOS="668" VPOS="1294" WIDTH="39" HEIGHT="21" WC="0.93" CONTENT="och"/><SP WIDTH="16" VPOS="1294" HPOS="707"/>
							<String ID="string_380" HPOS="723" VPOS="1294" WIDTH="98" HEIGHT="25" WC="0.95" CONTENT="förklara,"/><SP WIDTH="17" VPOS="1294" HPOS="821"/>
							<String ID="string_381" HPOS="838" VPOS="1296" WIDTH="32" HEIGHT="19" WC="0.93" CONTENT="att"/><SP WIDTH="15" VPOS="1296" HPOS="870"/>
							<String ID="string_382" HPOS="885" VPOS="1300" WIDTH="38" HEIGHT="14" WC="0.91" CONTENT="en-"/>
						</TextLine>
						<TextLine ID="line_39" HPOS="100" VPOS="1322" WIDTH="821" HEIGHT="26">
							<String ID="string_383" HPOS="100" VPOS="1322" WIDTH="39" HEIGHT="26" WC="0.92" CONTENT="ligt"/><SP WIDTH="23" VPOS="1322" HPOS="139"/>
							<String ID="string_384" HPOS="162" VPOS="1322" WIDTH="27" HEIGHT="21" WC="0.93" CONTENT="all"/><SP WIDTH="16" VPOS="1322" HPOS="189"/>
							<String ID="string_385" HPOS="205" VPOS="1322" WIDTH="136" HEIGHT="22" WC="0.92" CONTENT="sannolikhet"/><SP WIDTH="15" VPOS="1322" HPOS="341"/>
							<String ID="string_386" HPOS="356" VPOS="1323" WIDTH="61" HEIGHT="21" WC="0.95" CONTENT="dessa"/><SP WIDTH="16" VPOS="1323" HPOS="417"/>
							<String ID="string_387" HPOS="433" VPOS="1324" WIDTH="78" HEIGHT="20" WC="0.95" CONTENT="tomter"/><SP WIDTH="16" VPOS="1324" HPOS="511"/>
							<String ID="string_388" HPOS="527" VPOS="1323" WIDTH="71" HEIGHT="21" WC="0.93" CONTENT="kunna"/><SP WIDTH="15" VPOS="1323" HPOS="598"/>
							<String ID="string_389" HPOS="613" VPOS="1322" WIDTH="79" HEIGHT="22" WC="0.92" CONTENT="inlösas"/><SP WIDTH="15" VPOS="1322" HPOS="692"/>
							<String ID="string_390" HPOS="707" VPOS="1322" WIDTH="32" HEIGHT="21" WC="0.93" CONTENT="för"/><SP WIDTH="11" VPOS="1322" HPOS="739"/>
							<String ID="string_391" HPOS="750" VPOS="1323" WIDTH="91" HEIGHT="25" WC="0.90" CONTENT="215,000"/><SP WIDTH="12" VPOS="1323" HPOS="841"/>
							<String ID="string_392" HPOS="853" VPOS="1322" WIDTH="68" HEIGHT="21" WC="0.96" CONTENT="mark."/>
						</TextLine>
						<TextLine ID="line_40" HPOS="100" VPOS="1350" WIDTH="821" HEIGHT="28">
							<String ID="string_393" HPOS="100" VPOS="1350" WIDTH="72" HEIGHT="22" WC="0.96" CONTENT="Skulle"/><SP WIDTH="23" VPOS="1350" HPOS="172"/>
							<String ID="string_394" HPOS="195" VPOS="1352" WIDTH="104" HEIGHT="20" WC="0.74" CONTENT="utskottet"/><SP WIDTH="22" VPOS="1352" HPOS="299"/>
							<String ID="string_395" HPOS="321" VPOS="1352" WIDTH="49" HEIGHT="20" WC="0.96" CONTENT="sökt"/><SP WIDTH="25" VPOS="1352" HPOS="370"/>
							<String ID="string_396" HPOS="395" VPOS="1353" WIDTH="32" HEIGHT="18" WC="0.92" CONTENT="att"/><SP WIDTH="16" VPOS="1353" HPOS="427"/>
							<String ID="string_397" HPOS="443" VPOS="1351" WIDTH="20" HEIGHT="21" WC="0.95" CONTENT="få"/><SP WIDTH="17" VPOS="1351" HPOS="463"/>
							<String ID="string_398" HPOS="480" VPOS="1351" WIDTH="109" HEIGHT="21" WC="0.96" CONTENT="bestämda"/><SP WIDTH="23" VPOS="1351" HPOS="589"/>
							<String ID="string_399" HPOS="612" VPOS="1352" WIDTH="106" HEIGHT="26" WC="0.93" CONTENT="uppgifter"/><SP WIDTH="16" VPOS="1352" HPOS="718"/>
							<String ID="string_400" HPOS="734" VPOS="1351" WIDTH="46" HEIGHT="21" WC="0.96" CONTENT="från"/><SP WIDTH="16" VPOS="1351" HPOS="780"/>
							<String ID="string_401" HPOS="796" VPOS="1350" WIDTH="42" HEIGHT="22" WC="0.93" CONTENT="alla"/><SP WIDTH="15" VPOS="1350" HPOS="838"/>
							<String ID="string_402" HPOS="853" VPOS="1350" WIDTH="68" HEIGHT="27" WC="0.96" CONTENT="öfriga"/>
						</TextLine>
						<TextLine ID="line_41" HPOS="99" VPOS="1378" WIDTH="821" HEIGHT="28">
							<String ID="string_403" HPOS="99" VPOS="1378" WIDTH="50" HEIGHT="26" WC="0.96" CONTENT="håll,"/><SP WIDTH="16" VPOS="1378" HPOS="149"/>
							<String ID="string_404" HPOS="165" VPOS="1381" WIDTH="23" HEIGHT="19" WC="0.96" CONTENT="är"/><SP WIDTH="16" VPOS="1381" HPOS="188"/>
							<String ID="string_405" HPOS="204" VPOS="1380" WIDTH="35" HEIGHT="20" WC="0.96" CONTENT="det"/><SP WIDTH="20" VPOS="1380" HPOS="239"/>
							<String ID="string_406" HPOS="259" VPOS="1380" WIDTH="83" HEIGHT="26" WC="0.91" CONTENT="möjligt"/><SP WIDTH="16" VPOS="1380" HPOS="342"/>
							<String ID="string_407" HPOS="358" VPOS="1392" WIDTH="27" HEIGHT="2" WC="0.91" CONTENT="—"/><SP WIDTH="16" VPOS="1392" HPOS="385"/>
							<String ID="string_408" HPOS="401" VPOS="1379" WIDTH="67" HEIGHT="21" WC="0.96" CONTENT="ehuru"/><SP WIDTH="17" VPOS="1379" HPOS="468"/>
							<String ID="string_409" HPOS="485" VPOS="1380" WIDTH="36" HEIGHT="20" WC="0.96" CONTENT="det"/><SP WIDTH="15" VPOS="1380" HPOS="521"/>
							<String ID="string_410" HPOS="536" VPOS="1380" WIDTH="66" HEIGHT="26" WC="0.93" CONTENT="ligger"/><SP WIDTH="16" VPOS="1380" HPOS="602"/>
							<String ID="string_411" HPOS="618" VPOS="1380" WIDTH="98" HEIGHT="26" WC="0.92" CONTENT="temligen"/><SP WIDTH="16" VPOS="1380" HPOS="716"/>
							<String ID="string_412" HPOS="732" VPOS="1380" WIDTH="7" HEIGHT="20" WC="0.96" CONTENT="i"/><SP WIDTH="16" VPOS="1380" HPOS="739"/>
							<String ID="string_413" HPOS="755" VPOS="1380" WIDTH="34" HEIGHT="21" WC="0.92" CONTENT="det"/><SP WIDTH="18" VPOS="1380" HPOS="789"/>
							<String ID="string_414" HPOS="807" VPOS="1380" WIDTH="70" HEIGHT="20" WC="0.91" CONTENT="ovissa"/><SP WIDTH="15" VPOS="1380" HPOS="877"/>
							<String ID="string_415" HPOS="892" VPOS="1392" WIDTH="28" HEIGHT="2" WC="0.93" CONTENT="—"/>
						</TextLine>
						<TextLine ID="line_42" HPOS="100" VPOS="1407" WIDTH="820" HEIGHT="27">
							<String ID="string_416" HPOS="100" VPOS="1409" WIDTH="32" HEIGHT="19" WC="0.96" CONTENT="att"/><SP WIDTH="15" VPOS="1409" HPOS="132"/>
							<String ID="string_417" HPOS="147" VPOS="1408" WIDTH="104" HEIGHT="20" WC="0.96" CONTENT="utskottet"/><SP WIDTH="16" VPOS="1408" HPOS="251"/>
							<String ID="string_418" HPOS="267" VPOS="1409" WIDTH="80" HEIGHT="19" WC="0.96" CONTENT="kunnat"/><SP WIDTH="16" VPOS="1409" HPOS="347"/>
							<String ID="string_419" HPOS="363" VPOS="1408" WIDTH="20" HEIGHT="20" WC="0.96" CONTENT="få"/><SP WIDTH="16" VPOS="1408" HPOS="383"/>
							<String ID="string_420" HPOS="399" VPOS="1408" WIDTH="78" HEIGHT="26" WC="0.96" CONTENT="dylika,"/><SP WIDTH="16" VPOS="1408" HPOS="477"/>
							<String ID="string_421" HPOS="493" VPOS="1414" WIDTH="46" HEIGHT="14" WC="0.96" CONTENT="men"/><SP WIDTH="17" VPOS="1414" HPOS="539"/>
							<String ID="string_422" HPOS="556" VPOS="1409" WIDTH="62" HEIGHT="25" WC="0.96" CONTENT="ingen"/><SP WIDTH="21" VPOS="1409" HPOS="618"/>
							<String ID="string_423" HPOS="639" VPOS="1408" WIDTH="100" HEIGHT="21" WC="0.95" CONTENT="säkerhet"/><SP WIDTH="15" VPOS="1408" HPOS="739"/>
							<String ID="string_424" HPOS="754" VPOS="1407" WIDTH="66" HEIGHT="21" WC="0.96" CONTENT="finnes"/><SP WIDTH="15" VPOS="1407" HPOS="820"/>
							<String ID="string_425" HPOS="835" VPOS="1408" WIDTH="33" HEIGHT="20" WC="0.96" CONTENT="för"/><SP WIDTH="20" VPOS="1408" HPOS="868"/>
							<String ID="string_426" HPOS="888" VPOS="1409" WIDTH="32" HEIGHT="19" WC="0.95" CONTENT="att"/>
						</TextLine>
						<TextLine ID="line_43" HPOS="100" VPOS="1436" WIDTH="739" HEIGHT="26">
							<String ID="string_427" HPOS="100" VPOS="1436" WIDTH="61" HEIGHT="20" WC="0.96" CONTENT="dessa"/><SP WIDTH="15" VPOS="1436" HPOS="161"/>
							<String ID="string_428" HPOS="176" VPOS="1436" WIDTH="108" HEIGHT="26" WC="0.96" CONTENT="uppgifter"/><SP WIDTH="16" VPOS="1436" HPOS="284"/>
							<String ID="string_429" HPOS="300" VPOS="1436" WIDTH="53" HEIGHT="20" WC="0.96" CONTENT="efter"/><SP WIDTH="16" VPOS="1436" HPOS="353"/>
							<String ID="string_430" HPOS="369" VPOS="1437" WIDTH="63" HEIGHT="25" WC="0.96" CONTENT="några"/><SP WIDTH="18" VPOS="1437" HPOS="432"/>
							<String ID="string_431" HPOS="450" VPOS="1436" WIDTH="100" HEIGHT="21" WC="0.96" CONTENT="månader"/><SP WIDTH="15" VPOS="1436" HPOS="550"/>
							<String ID="string_432" HPOS="565" VPOS="1436" WIDTH="54" HEIGHT="21" WC="0.96" CONTENT="hade"/><SP WIDTH="17" VPOS="1436" HPOS="619"/>
							<String ID="string_433" HPOS="636" VPOS="1437" WIDTH="54" HEIGHT="20" WC="0.96" CONTENT="varit"/><SP WIDTH="15" VPOS="1437" HPOS="690"/>
							<String ID="string_434" HPOS="705" VPOS="1439" WIDTH="32" HEIGHT="17" WC="0.96" CONTENT="att"/><SP WIDTH="16" VPOS="1439" HPOS="737"/>
							<String ID="string_435" HPOS="753" VPOS="1436" WIDTH="38" HEIGHT="20" WC="0.96" CONTENT="lita"/><SP WIDTH="15" VPOS="1436" HPOS="791"/>
							<String ID="string_436" HPOS="806" VPOS="1436" WIDTH="33" HEIGHT="26" WC="0.96" CONTENT="på."/>
						</TextLine>
					</TextBlock>
					<TextBlock ID="block_4" HPOS="98" VPOS="1463" WIDTH="821" HEIGHT="84">
						<TextLine ID="line_44" HPOS="167" VPOS="1463" WIDTH="752" HEIGHT="27">
							<String ID="string_437" HPOS="167" VPOS="1463" WIDTH="41" HEIGHT="21" WC="0.96" CONTENT="Till"/><SP WIDTH="15" VPOS="1463" HPOS="208"/>
							<String ID="string_438" HPOS="223" VPOS="1464" WIDTH="39" HEIGHT="20" WC="0.96" CONTENT="sist"/><SP WIDTH="15" VPOS="1464" HPOS="262"/>
							<String ID="string_439" HPOS="277" VPOS="1464" WIDTH="34" HEIGHT="20" WC="0.96" CONTENT="vill"/><SP WIDTH="15" VPOS="1464" HPOS="311"/>
							<String ID="string_440" HPOS="326" VPOS="1464" WIDTH="37" HEIGHT="26" WC="0.96" CONTENT="jag"/><SP WIDTH="22" VPOS="1464" HPOS="363"/>
							<String ID="string_441" HPOS="385" VPOS="1465" WIDTH="77" HEIGHT="19" WC="0.96" CONTENT="nämna"/><SP WIDTH="23" VPOS="1465" HPOS="462"/>
							<String ID="string_442" HPOS="485" VPOS="1464" WIDTH="64" HEIGHT="26" WC="0.91" CONTENT="några"/><SP WIDTH="15" VPOS="1464" HPOS="549"/>
							<String ID="string_443" HPOS="564" VPOS="1464" WIDTH="38" HEIGHT="20" WC="0.95" CONTENT="ord"/><SP WIDTH="24" VPOS="1464" HPOS="602"/>
							<String ID="string_444" HPOS="626" VPOS="1470" WIDTH="32" HEIGHT="14" WC="0.91" CONTENT="om"/><SP WIDTH="17" VPOS="1470" HPOS="658"/>
							<String ID="string_445" HPOS="675" VPOS="1464" WIDTH="155" HEIGHT="26" WC="0.91" CONTENT="återremissen,"/><SP WIDTH="15" VPOS="1464" HPOS="830"/>
							<String ID="string_446" HPOS="845" VPOS="1464" WIDTH="74" HEIGHT="20" WC="0.91" CONTENT="nämli-"/>
						</TextLine>
						<TextLine ID="line_45" HPOS="98" VPOS="1491" WIDTH="817" HEIGHT="27">
							<String ID="string_447" HPOS="98" VPOS="1497" WIDTH="40" HEIGHT="21" WC="0.96" CONTENT="gen"/><SP WIDTH="16" VPOS="1497" HPOS="138"/>
							<String ID="string_448" HPOS="154" VPOS="1493" WIDTH="31" HEIGHT="19" WC="0.96" CONTENT="att"/><SP WIDTH="16" VPOS="1493" HPOS="185"/>
							<String ID="string_449" HPOS="201" VPOS="1492" WIDTH="87" HEIGHT="20" WC="0.96" CONTENT="ärendet"/><SP WIDTH="17" VPOS="1492" HPOS="288"/>
							<String ID="string_450" HPOS="305" VPOS="1492" WIDTH="5" HEIGHT="19" WC="0.96" CONTENT="i"/><SP WIDTH="17" VPOS="1492" HPOS="310"/>
							<String ID="string_451" HPOS="327" VPOS="1491" WIDTH="42" HEIGHT="21" WC="0.96" CONTENT="alla"/><SP WIDTH="16" VPOS="1491" HPOS="369"/>
							<String ID="string_452" HPOS="385" VPOS="1491" WIDTH="112" HEIGHT="21" WC="0.96" CONTENT="händelser"/><SP WIDTH="23" VPOS="1491" HPOS="497"/>
							<String ID="string_453" HPOS="520" VPOS="1492" WIDTH="67" HEIGHT="21" WC="0.93" CONTENT="måste"/><SP WIDTH="18" VPOS="1492" HPOS="587"/>
							<String ID="string_454" HPOS="605" VPOS="1492" WIDTH="168" HEIGHT="20" WC="0.91" CONTENT="återremitteras"/><SP WIDTH="16" VPOS="1492" HPOS="773"/>
							<String ID="string_455" HPOS="789" VPOS="1492" WIDTH="31" HEIGHT="20" WC="0.93" CONTENT="till"/><SP WIDTH="16" VPOS="1492" HPOS="820"/>
							<String ID="string_456" HPOS="836" VPOS="1492" WIDTH="79" HEIGHT="20" WC="0.92" CONTENT="utskot-"/>
						</TextLine>
						<TextLine ID="line_46" HPOS="99" VPOS="1519" WIDTH="820" HEIGHT="28">
							<String ID="string_457" HPOS="99" VPOS="1521" WIDTH="31" HEIGHT="20" WC="0.96" CONTENT="tet"/><SP WIDTH="15" VPOS="1521" HPOS="130"/>
							<String ID="string_458" HPOS="145" VPOS="1519" WIDTH="99" HEIGHT="27" WC="0.95" CONTENT="antingen"/><SP WIDTH="21" VPOS="1519" HPOS="244"/>
							<String ID="string_459" HPOS="265" VPOS="1519" WIDTH="85" HEIGHT="22" WC="0.96" CONTENT="ståndet"/><SP WIDTH="23" VPOS="1519" HPOS="350"/>
							<String ID="string_460" HPOS="373" VPOS="1519" WIDTH="93" HEIGHT="22" WC="0.94" CONTENT="besluter"/><SP WIDTH="23" VPOS="1519" HPOS="466"/>
							<String ID="string_461" HPOS="489" VPOS="1520" WIDTH="31" HEIGHT="27" WC="0.96" CONTENT="sig"/><SP WIDTH="24" VPOS="1520" HPOS="520"/>
							<String ID="string_462" HPOS="544" VPOS="1519" WIDTH="32" HEIGHT="22" WC="0.96" CONTENT="för"/><SP WIDTH="21" VPOS="1519" HPOS="576"/>
							<String ID="string_463" HPOS="597" VPOS="1526" WIDTH="25" HEIGHT="15" WC="0.96" CONTENT="en"/><SP WIDTH="17" VPOS="1526" HPOS="622"/>
							<String ID="string_464" HPOS="639" VPOS="1520" WIDTH="41" HEIGHT="21" WC="0.96" CONTENT="viss"/><SP WIDTH="14" VPOS="1520" HPOS="680"/>
							<String ID="string_465" HPOS="694" VPOS="1521" WIDTH="57" HEIGHT="25" WC="0.96" CONTENT="plats"/><SP WIDTH="22" VPOS="1521" HPOS="751"/>
							<String ID="string_466" HPOS="773" VPOS="1519" WIDTH="52" HEIGHT="22" WC="0.96" CONTENT="eller"/><SP WIDTH="14" VPOS="1519" HPOS="825"/>
							<String ID="string_467" HPOS="839" VPOS="1519" WIDTH="33" HEIGHT="22" WC="0.96" CONTENT="för"/><SP WIDTH="15" VPOS="1519" HPOS="872"/>
							<String ID="string_468" HPOS="887" VPOS="1521" WIDTH="32" HEIGHT="20" WC="0.96" CONTENT="att"/>
						</TextLine>
					</TextBlock>
				</ComposedBlock>
			</PrintSpace>
		</Page>
	</Layout>
</alto>
