1111 1809
200 136 43 22 882
426 141 176 21 Borgareståndet
615 142 55 16 1882.
694 142 22 16 21
729 141 59 21 april.

202 210 35 26 lag
257 210 39 26 går
320 210 6 20 i
342 210 40 20 den
398 211 54 19 mest
468 209 88 21 liberala
571 210 64 25 anda,
649 215 45 15 som
710 209 66 21 under
791 209 71 26 dylika
877 208 147 22 förhållanden

202 240 24 20 är
241 238 79 26 möjlig,
336 238 38 21 ber
387 238 37 26 jag
439 240 33 19 att
486 238 28 26 på
529 238 26 21 de
570 238 71 24 motiv,
658 238 104 20 utskottet
778 237 121 26 framhållit,
915 237 108 21 äfvensom

202 267 32 24 de,
250 266 72 22 hvilka
338 266 69 22 blifvit
421 266 40 21 här
476 266 123 27 ytterligare
614 266 133 26 framhållna,
764 266 21 21 få
800 266 88 21 förorda
903 266 121 27 antagande

202 295 23 21 af
240 296 68 21 denna
324 294 99 28 paragraf
437 296 6 19 i
458 294 115 22 utskottets
589 295 139 21 betänkande.

270 346 56 22 Herr
341 346 89 27 Berg:
447 346 33 21 Då
495 346 49 21 herr
558 347 81 20 Berner
653 346 47 21 icke
715 346 73 27 tyckes
802 347 44 20 rätt
861 345 61 22 hafva
939 346 87 21 förstått

202 375 48 26 mig,
265 375 67 21 måste
344 375 43 27 jag,
404 375 66 21 ehuru
486 381 83 20 ogerna,
587 377 54 19 ännu
658 381 26 15 en
699 375 53 26 gång
769 375 84 21 anhålla
869 381 33 15 om
919 375 60 21 ordet
990 375 34 26 för

202 406 32 19 att
256 406 52 24 göra
324 404 49 21 herr
388 403 80 22 Berner
483 404 149 27 uppmärksam
649 404 32 27 på,
698 406 31 19 att
745 411 25 13 en
786 403 238 28 maltdrycksfabrikant

201 432 42 21 kan
267 432 122 27 misslyckas
411 433 6 20 i
441 432 32 22 sin
496 433 134 26 tillverkning
645 433 39 21 och
701 433 32 20 till
748 432 51 27 följd
816 432 61 21 deraf
892 432 63 22 blifva
971 425 52 64 utan

202 467 56 20 vara,
284 461 38 21 och
347 462 35 20 det
404 467 50 15 vore
477 461 27 21 dä
527 462 88 21 ledsamt
635 461 32 21 för
682 461 83 26 honom,
782 467 34 15 om
832 461 40 21 han
888 461 67 22 mäste
971 467 53 15 und-

201 496 51 15 vara
274 491 40 20 den
337 490 62 26 vinst,
409 495 45 16 som
471 489 40 22 han
528 490 50 27 eljes
593 490 68 21 skulle
676 490 70 21 kunna
762 490 67 21 hafva.
860 490 105 27 Föröfrigt
981 490 42 21 kan

202 519 36 20 det
259 519 27 26 gå
309 519 86 25 derhän,
410 521 32 18 att
458 525 25 14 en
499 521 45 18 stor
558 519 54 24 stad,
629 521 14 18 t.
660 525 30 14 ex,
707 519 138 26 Helsingfors,
861 519 37 20 der
914 520 35 20 det
964 521 57 19 stun-

202 547 48 21 dom
276 547 100 24 inträffat,
392 549 32 18 att
440 547 41 20 alla
497 547 121 27 bryggerier
633 547 27 27 pä
675 548 81 25 engång
772 547 67 22 blifvit
855 550 50 18 utan
922 547 19 21 öl
958 548 65 21 redan

201 576 7 21 i
227 576 45 27 juni
296 576 83 24 mänad,
403 575 67 22 mäste
492 577 95 21 undvara
609 577 68 20 denna
699 577 70 26 dryck,
789 583 45 14 som
851 576 53 21 dock
920 578 62 25 utgör
997 583 26 14 en

201 605 81 26 ganska
296 607 45 19 stor
357 605 133 21 beständsdel
507 605 23 20 af
544 605 109 21 städernas
669 605 153 26 näringsämne.

270 656 56 21 Herr
348 656 170 21 Lindholm:
542 657 55 21 Herr
612 656 95 27 Procop6
723 657 38 20 har
775 657 61 26 gifvit
863 657 1 20 2
881 663 60 15 mom.
959 657 5 20 i
981 657 12 27 $
1012 659 8 19 1

202 691 25 15 en
251 685 95 27 tydning,
369 691 44 15 som
435 686 35 26 jag
486 685 46 21 icke
547 685 40 22 kan
603 686 73 21 förstå.
707 685 116 22 Momentet
838 686 87 21 innebär
941 685 81 26 endast,

202 716 31 19 att
256 714 82 21 enskild
361 714 122 26 bolagsman
506 715 46 20 icke
568 716 23 19 är
607 717 30 18 att
654 715 109 20 betraktas
779 715 69 21 säsom
865 715 121 21 tillverkare
1002 715 23 21 af

201 742 151 27 maltdrycker;
375 743 76 21 honom
483 743 44 21 stär
553 743 53 21 dock
629 743 44 21 fritt
696 745 31 20 att
750 743 66 22 skaffa
837 744 31 26 sig
884 750 81 15 samma
981 745 42 20 rät-

201 771 97 26 tigheter,
314 777 45 16 som
376 771 71 26 hvarje
462 777 69 16 annan
548 778 82 20 person.

269 823 56 21 Herr
340 823 112 21 Härdh:
468 823 40 26 Jag
524 823 33 21 för
573 824 40 20 min
631 824 32 21 del
680 824 48 21 ville
744 824 138 27 understödja
898 824 35 21 det
944 824 23 21 af
976 825 47 20 herr

200 851 94 27 Procop6
314 852 75 26 gjorda
404 852 111 27 yrkandet,
531 855 31 18 att
577 859 62 14 mom.
656 853 13 20 2
685 853 23 20 af
721 853 11 26 &
749 855 8 18 1
775 853 74 25 skulle,
864 853 28 27 pä
907 852 23 22 af
943 853 78 21 honom

200 880 88 21 anförda
312 881 97 26 grunder,
433 881 56 26 utgä.
520 881 47 21 Men
590 881 101 26 derjemte
707 881 67 21 skulle
786 881 38 28 jag
840 881 83 25 föreslä,
939 883 31 19 att
986 882 37 20 det

201 909 91 26 uttryck,
316 915 44 14 som
383 909 67 21 finnes
465 909 6 20 i
488 909 72 27 början
577 909 24 22 af
616 912 9 19 1
644 917 62 14 mom.
723 910 21 21 af
757 910 133 27 paragrafen,
906 911 116 26 nämligen:

200 937 141 28 nTillverkare
356 937 22 22 af
391 937 163 27 maltdrycker*,
570 939 66 20 måtte
652 939 85 27 utbytas
753 941 44 18 mot
813 939 41 25 det,
870 945 46 15 som
931 939 67 22 finnes
1015 940 6 20 i

200 967 157 26 propositionen
380 967 52 20 eller
455 966 153 24 ,Innehafvare
631 967 22 21 af
674 967 96 27 bryggeri
794 967 32 21 för
850 968 135 26 tillverkning
1000 967 25 22 af

200 995 159 26 maltdryeker.*
389 995 45 20 Här
455 994 39 22 har
516 995 66 27 gjorts
603 996 139 26 anmärkning
760 1003 33 14 om
809 996 55 21 vissa
880 996 142 27 otydligheter

200 1023 38 22 och
261 1023 162 26 tvetydigheter,
446 1024 39 20 och
506 1024 36 27 jag
565 1030 62 15 anser
647 1025 58 20 detta
721 1025 37 20 ord
782 1025 122 20 tillverkare
920 1025 52 21 höra
988 1025 33 21 till

201 1053 61 20 deras
277 1051 64 22 antal.
371 1051 31 27 Ty
414 1058 47 14 man
477 1052 41 21 kan
535 1053 85 21 dermed
636 1053 66 21 förstä
717 1053 139 27 ölbryggaren
868 1053 38 21 och
917 1053 46 22 icke
973 1053 49 26 den,

200 1086 45 16 som
262 1087 49 20 eger
323 1080 126 27 bryggeriet.

269 1131 55 22 Herr
339 1131 146 28 Procopö:
501 1132 41 27 Jag
557 1133 80 20 känner
651 1133 46 21 icke
713 1133 55 21 hvad
778 1133 64 26 afsigt
852 1133 104 21 utskottet
967 1133 54 25 haft,

200 1160 26 22 då
242 1160 34 21 det
292 1160 123 21 formulerat
431 1161 59 20 2:dra
506 1167 60 15 mom.
596 1161 47 21 Men
660 1161 75 27 tydligt
750 1161 94 27 framgår
854 1162 70 24 derur,
937 1164 32 19 att
980 1158 40 60 den

199 1189 95 21 enskilde
310 1189 111 26 delegaren
438 1189 5 20 i
459 1192 30 18 ett
506 1189 61 27 bolag
583 1190 46 21 icke
644 1190 67 21 skulle
727 1190 61 21 hafva
798 1191 25 20 de
831 1191 132 26 rättigheter,
974 1197 23 15 so

200 1217 85 26 bolaget
307 1217 135 21 tillkommer.
472 1218 48 21 Just
542 1225 74 20 genom
640 1219 39 20 den
699 1219 141 26 formulering,
856 1225 44 14 som
916 1219 105 21 utskottet

198 1245 60 27 gifvit
282 1246 22 21 ät
334 1248 122 21 momentet,
480 1248 24 19 är
527 1247 96 26 delegare
646 1247 110 26 fråntagen
779 1248 40 20 den
843 1247 110 27 rättighet,
974 1253 47 16 som

199 1274 71 26 hvarje
296 1281 69 14 annan
381 1275 139 26 medborgare
535 1281 74 20 genom
627 1276 25 26 $$
668 1276 13 20 2
697 1276 37 20 och
752 1276 12 21 3
780 1275 38 21 har
835 1275 128 22 beträffande
979 1275 44 22 för-

199 1303 89 25 säljning
303 1303 23 20 af
340 1302 26 21 öl.

267 1353 55 20 Herr
338 1353 167 21 Molander:
521 1354 10 20 I
546 1354 66 21 likhet
628 1355 46 20 med
690 1354 49 21 herr
753 1354 112 21 Lindholm
877 1355 97 20 förvånar
982 1355 39 26 jag

199 1381 43 26 mig
260 1381 64 25 öfver,
345 1383 31 18 att
392 1381 49 20 herr
456 1381 95 27 Procop6
566 1383 45 20 icke
626 1382 105 26 uppfattat
748 1383 59 20 2:dra
823 1389 63 14 mom.
916 1383 43 20 Der
975 1384 47 20 stär

198 1409 141 27 uttryckligen
363 1409 103 25 ,Utöfvas
488 1410 178 27 bryggerirörelse
689 1410 21 21 af
731 1410 69 28 bolag,
824 1411 116 21 tillkomme
956 1411 63 22 den
1004 1405 20 37 i

199 1438 126 26 föregäende
348 1445 62 14 mom.
434 1439 139 21 omförmälda
588 1439 103 27 rättighet
705 1439 90 27 bolaget,
814 1446 46 15 men
876 1440 46 21 icke
937 1441 82 21 enskild

198 1467 98 27 delegare
312 1467 57 21 deri*
386 1468 19 20 d.
420 1475 18 13 v.
455 1474 15 15 s.
488 1468 85 27 bolaget
588 1469 128 20 tillkommer
727 1469 39 21 den
778 1469 5 20 i
803 1471 2 18 1
819 1475 61 15 mom.
893 1470 129 21 omnämnda.

198 1497 101 26 rättighet
314 1499 32 18 att
361 1496 45 21 från
422 1497 37 21 sitt
476 1497 96 27 bryggeri
588 1497 32 21 till
631 1497 130 27 afhemtning
773 1498 87 27 försälja
872 1499 147 27 maltdrycker.

197 1525 65 22 Detta
278 1528 92 18 moment
382 1525 116 22 innefattar
512 1526 109 27 ingenting
636 1529 71 23 annat,
722 1529 25 19 än
764 1528 31 20 att
812 1527 39 21 den
868 1528 93 21 enskilde
975 1528 46 21 del
