1111 1823
221 129 42 23 862
450 135 176 22 Borgareståndet
639 136 56 16 1882.
721 136 23 16 18
755 134 60 22 april.

222 211 46 15 som
284 205 117 21 utskottets
416 204 141 24 betänkande,
572 204 32 21 för
619 203 133 21 närvarande
767 203 52 21 böra
833 202 108 22 förkastas
956 202 38 22 och
1010 209 35 15 sa-

222 234 42 20 ken
280 233 82 21 lemnas
377 232 106 22 beroende
498 232 33 22 till
546 238 24 16 en
586 232 129 22 kommande
730 232 106 26 landtdag.

292 290 55 22 Herr
362 290 194 26 Borgström:
587 289 10 22 I
612 288 101 23 händelse
733 288 6 28 8
755 289 12 21 2
783 295 29 15 nu
827 288 95 22 kommer
937 288 32 21 till
985 284 58 30 afgö-

223 319 73 24 rande,
312 319 69 21 skulle
402 319 35 26 jag
458 318 54 27 yrka
526 318 33 26 på.
575 320 33 20 att
631 318 39 21 den
693 317 22 21 af
736 317 49 21 herr
804 317 104 22 Mechelin
924 317 123 26 föreslagna

223 347 95 27 lydelsen
333 347 22 21 af
368 347 132 27 paragrafen,
517 346 64 22 sådan
597 347 42 21 han
655 346 5 20 i
677 346 31 21 sin
731 346 129 22 reservation
880 346 98 26 upptagit
994 346 49 21 den-

224 382 87 20 samma,
327 376 68 22 skulle
410 378 94 25 antagas.
1015 399 1 25 |

292 432 152 22 Diskussionen
463 432 130 21 förklarades
616 432 88 21 härmed
720 432 92 20 afslutad
828 431 38 22 och
882 432 49 20 herr
946 431 98 21 Talman-

224 467 41 16 nen
280 462 31 20 lät
325 461 88 28 uppläsa
428 468 26 15 en
470 461 24 21 så
509 461 90 27 lydande
614 460 142 28 proposition:

294 519 51 26 »De,
361 518 71 22 hvilka
455 519 69 21 såsom
547 517 209 28 kontraproposition
772 520 44 19 mot
830 518 110 27 yrkandet,
955 519 32 20 att
1003 518 12 27 &
1031 519 12 20 2

224 550 74 24 genast
313 547 83 27 afgöres
419 547 113 27 föredraga
555 547 100 26 förslaget
671 550 32 18 att
718 547 126 26 afgörandet
859 547 24 20 af
897 547 68 21 denna
980 553 63 20 para-

224 577 48 26 graf
286 576 123 27 ajourneras
424 575 31 22 till
472 577 47 20 dess
541 575 85 22 ståndet
648 575 55 22 varit
718 576 7 21 i
740 575 83 22 tillfälle
844 578 32 19 att
890 575 76 28 pröfva
980 578 64 19 stats-

224 606 116 21 utskottets
356 605 132 21 betänkande
511 605 107 26 angående
640 604 76 27 nådiga
740 604 158 27 propositionen
922 611 33 15 om
971 604 74 21 bevill-

223 635 51 26 ning
289 634 13 21 å
317 633 41 21 fast
373 634 101 26 egendom
491 633 39 22 och
546 633 97 25 inkomst,
661 635 58 19 rösta
732 633 32 26 ja;

292 662 72 21 vinner
380 662 39 27 nej,
436 662 38 21 bar
496 662 84 22 ståndet
596 662 6 21 i
619 662 76 21 sådant
717 661 99 22 afseende
838 661 81 27 antagit
935 661 108 28 förslaget,

223 693 33 19 att
278 691 95 22 besluten
397 691 108 26 angående
528 691 68 21 denna
619 691 100 26 paragraf
743 693 37 19 äro
806 691 115 20 eventuellt
939 690 106 22 beroende

222 720 66 26 deraf,
305 725 33 16 om
355 719 193 27 vakansafgifterna
563 719 84 22 komma
663 722 32 18 att
709 719 103 27 aflyftas*.

292 749 162 27 Propositionen
470 748 127 21 besvarades
612 747 48 22 med
676 749 26 20 25
715 748 23 27 ja
754 747 39 22 och
810 748 26 21 23
852 748 40 27 nej.

292 805 69 22 Sedan
377 805 208 27 kontraproposition
608 805 89 21 sålunda
719 805 69 22 blifvit
803 805 83 26 funnen,
903 805 70 22 beslöt
987 806 59 21 stån-

225 834 37 21 det
277 835 47 20 med
340 833 154 28 öfvervägande
509 834 109 27 pluralitet
637 836 31 19 att
683 833 125 34 afgörandet
827 834 23 21 af
863 834 68 21 denna
947 834 100 27 paragraf

223 863 67 22 skulle
306 863 122 27 ajourneras
443 863 32 21 till
492 863 46 21 dess
549 863 84 21 ståndet
649 863 55 20 varit
719 863 6 21 i
742 863 84 22 tillfälle
841 865 33 19 att
888 863 76 27 pröfva
979 865 65 20 stats-

224 892 116 21 utskottets
356 891 133 22 betänkande
511 891 108 27 angående
642 891 81 27 nådiga
742 891 158 28 propositionen
923 898 33 16 om
972 885 74 50 bevill-

224 921 51 27 ning
289 922 13 20 å
318 921 42 21 fast
376 921 101 26 egendom
494 921 38 21 och
548 921 99 21 inkomst.

293 950 11 21 I
319 937 113 39 anledning
448 950 60 20 häraf
523 950 79 21 beslöts
625 949 61 21 äfven
708 952 32 18 att
756 950 48 21 med
820 950 124 27 afgörandet
960 950 22 21 af
995 950 50 21 hela

225 978 36 21 det
276 978 160 26 ifrågavarande
452 978 136 27 lagförslaget
610 977 68 22 skulle
701 978 125 27 uppskjutas
849 978 31 22 till
897 978 47 22 dess
959 979 86 21 ståndet

224 1006 85 28 pröfvat
324 1013 49 21 nyss
388 1007 92 21 nämnda
492 1007 139 22 betänkande.

293 1064 55 22 Herr
363 1064 157 26 Ignatius:
550 1064 33 22 Då
605 1071 29 15 nu
656 1064 84 21 ståndet
765 1064 87 22 beslutit
874 1066 33 20 att
928 1065 117 27 uppskjuta

224 1092 125 28 afgörandet
364 1093 22 21 af
400 1094 69 20 denna
485 1093 78 27 vigtiga
589 1093 59 27 fråga
663 1092 32 22 till
712 1093 139 26 landtdagens
866 1094 52 21 sista
934 1094 55 21 tider
1005 1094 38 20 och

223 1121 132 27 följaktligen
370 1122 61 26 ingen
448 1121 64 27 utsigt
527 1121 119 26 förefinnes,
662 1123 33 20 att
711 1122 39 20 den
766 1122 27 20 då
808 1122 40 21 kan
864 1122 90 27 afgöras,
970 1122 73 21 anbål-

224 1150 32 22 ler
268 1150 37 27 jag
321 1152 31 19 att
368 1150 21 21 få
404 1150 84 28 inlägga
504 1150 42 21 min
561 1150 131 21 reservation
707 1152 46 19 mot
768 1150 97 22 beslutet.
1013 1153 1 10 |

290 1208 56 20 Herr
361 1208 127 20 Ervast:
517 1207 40 27 Jag
573 1208 38 20 ber
625 1209 32 19 att
673 1208 22 20 få
710 1207 73 21 förena
799 1207 41 27 mig
855 1208 7 20 i
877 1208 50 21 herr
941 1208 102 26 Ignatius”

221 1236 138 22 reservation.

571 1288 9 4 a
1013 1274 1 14 |

291 1292 55 21 Herr
362 1292 174 21 Lindblom:
566 1292 68 22 Äfven
655 1292 36 27 jag
714 1292 96 22 anhåller
829 1295 32 19 att
876 1293 21 21 få
912 1293 83 27 inlägga
1011 1297 33 17 re-

221 1321 108 21 servation
345 1323 44 19 mot
405 1321 59 21 detta
479 1321 76 21 beslut.

290 1376 57 22 Herr
361 1376 159 26 Ignatius:
550 1376 41 26 Jag
606 1376 48 21 ville
677 1376 87 27 tillägga
786 1376 32 22 till
840 1377 43 21 min
907 1377 136 25 reservation,

221 1407 33 19 att
266 1406 38 26 jag
318 1410 62 16 anser
396 1405 59 21 detta
470 1405 72 21 beslut
559 1405 46 21 icke
621 1410 50 16 vara
694 1405 97 27 förenligt
807 1406 47 20 med
868 1405 173 27 Landtdagsord-

221 1434 88 26 ningens
324 1434 124 26 stadgande.

288 1492 45 22 Vid
348 1492 63 21 väckt
426 1492 60 26 fråga
502 1498 34 15 om
551 1492 102 22 huruvida
669 1492 85 22 ståndet
769 1498 29 16 nu
812 1492 69 22 skulle
897 1492 97 28 företaga
1009 1492 32 22 till

221 1520 129 28 behandling
372 1520 170 22 Bondeständets
563 1520 36 23 vid
621 1520 58 22 detta
700 1521 85 27 plenum
808 1521 33 22 till
861 1521 180 27 Borgareständet
