1117 1786
319 124 177 23 Borgareståndet
508 125 56 17 1882.
588 126 22 16 21
624 125 58 22 april
873 121 40 20 901

164 195 51 26 »De,
232 194 71 21 hvilka
318 194 112 27 godkänna
446 194 68 21 första
529 194 110 27 meningen
655 194 23 21 af
691 194 11 27 $
718 196 11 19 7
741 195 47 20 med
800 195 51 21 eller
861 197 53 19 utan

95 223 130 28 uteslutning
241 223 22 21 af
277 224 65 20 orden
359 229 38 18 ,en
413 225 56 19 verst
484 223 46 21 från
545 223 67 26 kyrka
628 223 57 25 och",
701 225 57 19 rösta
771 223 32 26 ja;

161 279 75 21 vinner
257 280 40 26 nej,
322 280 38 20 har
375 280 83 20 ståndet
475 280 93 26 beslutit,
584 282 32 18 att
632 279 110 27 meningen
759 279 38 21 bör
812 285 26 15 ur
852 285 62 21 para-

94 308 71 26 grafen
181 308 71 26 utgå".

161 393 161 27 Propositionen
345 393 125 21 besvarades
494 394 46 21 med
565 394 25 21 22
607 394 23 26 ja
646 393 39 22 och
700 394 27 20 27
744 393 45 27 nej;
805 394 39 20 och
859 393 55 22 hade

93 423 84 21 ståndet
200 422 83 22 således
306 422 87 22 beslutit
411 424 32 20 att
458 422 66 22 första
539 423 110 27 meningen
665 429 25 15 ur
705 422 124 28 paragrafen
845 422 69 22 skulle

93 452 56 26 utgå.

161 508 46 22 Mot
230 509 105 26 utgången
358 508 23 22 af
403 508 67 21 denna
493 509 130 25 omröstning
643 508 134 22 reserverade
793 508 31 26 sig
839 508 76 20 herrar

93 537 178 26 Fabritius,
288 536 196 26 Liukkonen,
501 536 157 27 Hedlund,
675 536 102 22 Härdh
800 536 39 22 och
859 536 54 21 An-

93 566 111 21 dersin.

161 623 49 22 Med
233 622 154 28 öfvervägande
410 623 110 26 pluralitet
542 622 80 21 beslöts
646 621 50 22 derä
719 623 32 20 att
771 621 60 22 äfven
847 621 67 21 andra

94 653 110 26 meningen
221 652 22 21 af
257 652 124 27 paragrafen
398 651 68 22 skulle
482 653 135 20 utmönstras.

161 807 33 21 Då
217 807 56 21 tiden
296 807 65 21 redan
383 805 130 22 framskridit
528 805 32 21 till
576 805 28 21 kl.
618 806 12 19 3
640 805 28 26 '/,
683 804 53 21 efter
751 804 117 26 middagen,
885 804 29 20 af-

97 835 59 22 bröts
172 835 147 22 diskussionen
335 835 32 21 för
382 836 31 19 att
428 834 111 21 fortsättas
553 834 28 21 kl.
598 834 18 21 6.

676 912 23 18 In
710 912 65 18 fidem:

600 965 58 21 Karl
674 964 170 28 Langenskiöld.
