1123 1800
293 136 177 22 Borgareståndet
483 138 56 17 1882.
562 139 26 16 25
601 138 58 21 april.
845 133 42 22 943

66 204 67 22 skulle
149 210 50 16 anse
215 204 134 27 öfverflödigt
363 206 32 20 att
411 205 109 27 härvidlag
541 205 54 22 fatta
615 206 65 26 något
695 206 114 22 eventuellt
818 206 68 22 beslut

65 233 6 20 i
88 232 77 27 frågan.

134 284 56 20 Herr
212 283 141 21 Castrén:
381 284 40 25 Jag
445 284 47 20 ville
515 286 57 19 emot
595 284 40 21 den
657 285 50 21 siste
723 286 65 20 ärade
803 285 82 21 talaren

65 312 75 20 främst
155 312 106 23 anmärka,
278 314 32 18 att
326 312 35 21 det
376 312 47 21 icke
438 318 57 14 mera
511 312 67 26 gäller
593 312 94 26 häradet,
705 313 26 21 då
747 320 47 14 man
803 314 83 26 engång

64 340 100 26 upplöser
179 340 88 21 häradet
282 341 69 21 såsom
368 340 37 22 bas
421 340 32 21 för
468 340 196 27 skjutshållningen,
675 343 51 19 utan
738 342 64 26 något
820 345 65 18 annat

64 369 82 21 mindre
169 369 52 21 eller
243 371 67 19 större
333 369 92 25 område,
442 369 39 21 och
503 372 32 18 att
556 376 47 14 man
626 370 81 21 således
723 370 46 22 icke
784 371 41 21 kan
841 371 45 21 tala

65 404 40 18 om,
122 400 32 18 att
170 400 31 18 ett
216 398 79 21 härads
318 397 69 22 beslut
405 398 69 21 skulle
489 399 141 21 underkastas
645 399 115 26 afgörande
777 399 23 21 af
814 400 26 20 de
856 400 29 20 öf-

64 426 46 27 riga
131 426 100 21 häraden.
248 439 23 2 —
289 426 61 21 Hvad
371 427 124 26 pröfningen
511 427 6 20 i
533 428 64 20 saken
622 427 135 24 vidkommer,
780 430 45 19 tror
842 428 44 27 jag,

65 457 32 18 att
112 461 46 14 man
175 455 46 21 icke
237 455 100 21 behöfver
351 455 70 21 frukta
439 455 32 21 för
487 458 31 18 att
533 455 47 21 icke
595 457 130 24 guvernören
741 456 54 21 skall
812 457 19 20 få
847 457 37 20 nå-

64 486 37 23 got
123 483 86 21 dermed
231 486 32 19 att
284 483 76 26 skaffa;
377 486 22 25 ty
414 484 65 26 enligt
502 485 41 20 min
563 485 134 26 uppfattning
713 485 38 20 och
768 485 65 26 enligt
849 485 36 21 det

65 512 84 27 förslag,
166 519 43 14 som
235 513 116 26 föreligger,
373 512 96 22 erfordra
493 513 26 20 de
541 513 59 21 flesta
623 513 23 20 af
668 513 124 26 länstingets
815 513 70 22 beslut

65 541 97 20 sanktion
179 541 21 21 af
215 543 138 25 guvernören.

134 592 54 22 Herr
204 592 152 28 Procopé:
372 592 39 22 Om
428 592 63 22 också
507 593 61 21 ordet
582 594 93 24 ,,annat'
691 593 5 20 i
712 593 125 27 paragrafen
854 594 30 20 in-

64 620 66 22 nebär
152 623 32 19 att
206 622 95 20 området
318 622 32 21 för
366 621 129 27 ekjutslagen
511 621 41 21 kan
568 622 103 26 inrymma
688 621 50 21 flere
761 622 123 22 kommuner

64 652 25 19 än
114 650 31 25 de,
161 656 44 15 som
230 650 51 21 höra
304 650 30 22 till
358 650 95 24 häradet,
470 651 40 20 kan
527 650 71 27 frågan
616 657 41 18 om,
673 653 32 19 att
720 653 58 19 utom
795 651 89 21 häradet

64 678 89 26 belägna
168 679 125 21 kommuner
309 679 67 21 skulle
393 679 72 21 förena
481 680 30 25 sig
528 680 46 20 med
590 680 67 20 andra
672 680 123 21 kommuner
807 686 33 15 om
851 683 32 18 att

64 710 76 23 utgöra
163 710 31 18 ett
216 708 109 27 skjutslag,
341 708 46 21 icke
407 708 76 20 beröra
498 708 66 26 några
580 708 66 21 andra
670 710 26 19 än
712 709 25 20 de
753 709 131 27 kommuner,

65 736 70 21 hvilka
158 737 50 26 vilja
232 737 71 20 förena
327 737 36 27 sig,
381 737 38 21 och
435 737 82 21 således
533 743 49 15 vore
598 738 35 20 det
649 736 62 28 högst
727 737 109 27 olämpligt
851 740 33 18 att

64 765 126 21 öfverlemna
213 765 195 22 beslutanderätten
424 766 6 20 i
447 766 38 20 den
509 766 64 20 saken
598 766 21 20 ät
642 766 120 27 länstinget.
801 766 82 21 Guver-

64 796 64 18 nören
144 794 48 23 kan,
209 801 34 14 om
259 795 250 25 länstingsinstitutionen
526 795 95 21 kommer
637 794 32 21 till
685 795 68 24 stånd,
766 795 51 21 höra
828 795 56 21 läns-

64 823 68 26 tinget
155 823 59 21 öfver
237 823 149 27 lämpligheten
403 823 6 21 i
425 823 58 21 detta
507 823 104 25 afseende,
628 830 47 14 men
697 824 185 26 afgöranderätten

64 858 61 14 anser
138 852 36 26 jag
192 852 51 20 böra
258 852 117 21 tillkomma
391 854 138 24 guvernören.

133 903 55 21 Herr
204 903 142 21 Castrén:
366 903 84 21 Samma
465 903 52 25 skäl,
530 903 49 21 herr
590 903 95 27 Procopé
696 910 61 14 anser
768 904 43 20 tala
822 906 63 20 emot,

63 934 33 19 att
112 932 35 21 det
163 932 68 21 blefve
246 932 119 26 länstinget,
382 938 44 14 som
443 932 68 20 skulle
527 932 61 20 hafva
604 932 186 26 afgöranderätten
800 932 5 20 i
815 932 68 21 denna

64 960 64 27 fråga,
144 961 55 21 talar
215 961 59 21 äfven
291 963 62 23 emot,
369 963 31 18 att
415 962 132 25 guvernören
564 960 66 22 skulle
641 961 73 27 afgöra
725 961 93 21 ärendet.
842 960 41 21 Det

63 996 61 20 synes
147 990 41 26 mig
212 990 71 20 derför
305 990 69 20 såsom
390 995 33 15 om
440 989 35 21 det
491 990 65 26 enligt
578 990 50 20 herr
643 990 105 26 Procopés
763 990 55 26 åsigt
833 996 50 14 vore

63 1019 35 20 det
114 1019 96 20 enklaste
226 1021 31 18 att
273 1018 128 21 öfverlemna
417 1018 22 21 ät
455 1018 152 21 kommunerna
622 1018 74 27 sjelfva
711 1021 32 18 att
759 1018 52 21 efter
822 1018 62 21 bästa

62 1047 95 26 förmäga
180 1047 84 21 komma
288 1047 96 21 öfverens
406 1053 32 15 om
463 1047 70 20 saken.
565 1047 48 21 Men
638 1048 26 20 dä
687 1049 30 19 ett
737 1047 64 26 högre
817 1053 65 19 organ

62 1075 61 21 torde
139 1075 105 24 behöfvas,
262 1076 5 20 i
284 1075 100 21 händelse
400 1076 25 20 de
441 1076 57 26 lägre
517 1076 45 20 icke
578 1076 69 20 kunde
671 1076 84 21 komma
771 1076 30 20 till
819 1076 64 26 nägot

63 1104 228 21 Ofverensstämmande
307 1104 96 24 resultat,
419 1104 41 20 kan
474 1104 37 26 jag
525 1104 46 21 icke
587 1105 44 20 inse
653 1104 84 21 hvarför
753 1104 45 21 icke
814 1104 69 20 denna

63 1134 44 20 rätt
122 1133 70 20 kunde
208 1132 139 22 öfverlemnas
366 1132 44 21 lika
425 1133 34 21 väl
474 1133 22 20 ät
512 1133 120 26 länstinget,
649 1139 44 14 som
708 1133 23 20 ät
745 1134 140 25 guvernören,

63 1160 26 22 dä
106 1161 39 21 den
161 1167 74 15 senare
250 1161 5 21 i
272 1162 41 20 alla
329 1160 35 22 fall
380 1160 67 22 skulle
464 1161 63 21 hafva
542 1161 161 21 sanktionsrätt.

131 1213 152 21 Diskussionen
300 1219 33 14 om
351 1213 67 20 denna
433 1213 101 26 paragraf
547 1212 115 22 afslutades
673 1212 94 27 härmed,
779 1213 37 20 och
826 1212 56 21 stän-

63 1241 35 22 det
121 1241 69 22 beslöt
213 1241 47 22 med
284 1240 153 28 öfvervägande
460 1241 108 26 pluralitet
583 1243 32 19 att
630 1241 112 26 godkänna
758 1241 124 26 paragrafen

63 1270 133 21 oförändrad.

449 1327 11 27 8
477 1329 19 19 4.

133 1385 53 20 Herr
210 1384 128 27 Nysten:
361 1384 10 21 I
387 1385 12 25 $
415 1386 13 19 4
444 1384 94 26 föreslås,
554 1387 32 18 att
602 1384 117 21 ordnandet
735 1384 21 20 af
770 1383 114 27 skjutsfrä-

62 1419 41 21 gan
119 1413 6 20 i
140 1413 48 21 stad
210 1413 68 21 skulle
299 1414 114 20 ankomma
428 1414 13 20 &
456 1428 5 8 ,
463 1413 164 25 vederbörande
652 1412 142 27 myndighet".
825 1412 56 20 Hvil-

63 1442 41 20 ken
127 1441 122 26 myndighet
270 1442 105 19 utskottet
397 1441 86 20 dermed
507 1440 62 21 afsett
584 1440 93 26 framgär
693 1440 46 20 icke
755 1440 22 20 af
790 1440 92 20 motiven

62 1469 33 21 till
111 1469 150 20 betänkandet.
292 1469 41 20 Det
356 1468 65 21 finnes
445 1474 86 15 numera
554 1471 76 17 tvenne
646 1468 145 26 myndigheter
807 1468 6 20 i
829 1468 54 24 stad,

62 1497 110 27 magistrat
189 1497 39 21 och
244 1496 197 27 stadsfullmäktige,
457 1497 39 21 och
512 1496 127 27 stadgandet
654 1496 40 21 kan
711 1496 46 21 icke
773 1496 42 21 afse
832 1495 49 21 flere

62 1528 26 20 än
112 1526 39 21 den
174 1532 39 16 ena
228 1526 23 20 af
266 1526 59 21 dessa
349 1528 83 19 tvenne.
463 1526 42 20 För
525 1526 41 20 min
584 1525 33 21 del
633 1525 48 21 ville
694 1524 43 28 jag,
754 1525 33 21 till
802 1524 81 22 undan-
