1120 1798
206 133 40 20 746
437 136 177 22 Borgareståndet
625 137 58 16 1882.
707 136 14 17 3
733 135 59 20 april

205 206 141 27 upprättande
369 205 23 22 af
413 205 71 27 dylika
505 205 140 27 parcellbyar;
672 204 35 21 det
723 206 23 19 är
761 203 140 27 uppkomsten
916 203 23 21 af
953 203 70 26 dylika

205 235 58 26 byar,
285 240 44 15 som
353 235 61 25 utgör
436 234 74 26 sjelfva
533 233 147 26 kärnpunkten
696 233 6 20 i
717 232 53 21 hans
792 231 85 27 förslag,
892 231 39 21 och
947 231 27 21 dä
986 231 37 26 jag

205 263 48 21 icke
267 263 42 20 kan
325 263 51 24 inse,
393 264 31 19 att
440 262 70 27 dylika
526 261 130 28 parcellbyar
671 267 50 14 vore
737 262 31 19 att
784 259 173 22 rekommendera
972 260 52 20 eller

206 293 32 19 att
260 291 31 21 för
307 291 47 21 dem
370 291 102 26 föreligga
487 291 95 20 vilkoren
598 289 33 22 för
646 295 25 16 en
687 289 53 21 sund
756 289 38 21 och
810 288 41 27 god
867 289 98 25 existens,
981 288 42 21 kan

204 320 36 27 jag
256 319 46 22 icke
318 319 83 22 biträda
416 319 144 27 föreliggande
576 318 85 26 förslag.
673 329 27 4 —
711 317 55 22 Herr
776 317 116 21 Rönnbäck
902 316 40 21 har
952 317 72 21 vidare

207 349 104 26 anmärkt,
327 349 32 20 att
374 348 60 21 äfven
450 348 27 26 pä
492 347 127 22 arrenderad
632 346 48 27 jord
696 346 63 27 högst
776 345 80 22 osunda
867 345 39 22 och
917 345 107 22 oordnade

206 377 100 22 bostäder
328 377 71 20 kunna
421 377 133 26 uppkomma.
585 376 65 21 Detta
672 377 23 18 är
717 375 88 21 alldeles
820 374 79 27 rigtigt.
929 374 49 21 Men
994 376 30 19 ett

206 405 63 28 bolag
285 405 51 22 eller
352 412 26 14 en
393 405 107 26 kommun,
511 411 44 15 som
567 404 36 21 vill
614 404 61 21 vinna
687 404 34 21 det
733 403 104 26 ändamål,
847 403 82 21 hvilket
936 403 88 27 åsyftas,

206 435 42 20 kan
269 434 129 21 åtminstone
419 434 28 27 pä
469 433 127 22 arrenderad
612 433 60 21 mark
687 432 82 21 bevaka
784 432 45 21 sina
844 431 126 27 rättigheter
985 431 39 22 och

207 463 113 21 öfvervaka
342 463 35 20 det
392 462 54 25 hela,
462 469 47 14 men
525 462 75 21 sådant
615 462 41 20 kan
672 461 45 21 icke
733 461 36 21 ske
785 467 34 14 om
835 467 47 14 man
898 460 63 27 säljer
976 460 48 21 bort

207 498 25 14 en
247 491 99 27 lägenhet
361 491 6 21 i
382 491 45 21 smä
443 491 106 26 parceller.

274 548 56 21 Herr
354 548 142 21 Castrén:
522 547 40 27 Jag
584 547 38 21 ber
643 548 32 20 att
697 546 21 21 få
740 546 72 21 förena
833 546 42 26 mig
900 546 48 20 med
974 545 50 22 herr

207 576 122 22 Rönnbäck.

274 633 150 21 Diskussionen
432 627 9 36 :
449 632 133 22 förklarades
604 632 87 21 härmed
713 632 98 24 afslutad,
837 632 39 21 och
901 631 50 21 herr
974 631 50 21 Tal-

207 668 90 15 mannen
313 662 29 21 lät
357 662 32 20 till
404 661 130 21 besvarande
550 660 88 28 uppläsa
653 667 26 14 en
694 660 23 22 så
733 660 88 27 lydande
836 660 141 27 proposition:

276 719 52 25 »De,
358 719 70 20 hvilka
458 719 68 21 såsom
556 718 207 26 kontraproposition
795 719 45 19 mot
864 717 160 27 inbjudningens

208 748 118 26 antagande
347 747 7 21 i
378 747 126 21 oförändrad
527 747 143 26 formulering,
693 746 112 26 föredraga
827 746 48 21 herr
898 746 127 21 Rönnbäcks

207 776 84 27 förslag,
309 778 57 19 rösta
379 776 32 27 ja;

275 805 73 21 vinner
370 805 40 25 nej,
434 806 87 24 antages
544 804 7 20 i
573 804 75 21 sådant
667 803 97 21 afseende
779 803 104 27 yrkandet
899 804 27 26 på
941 802 83 27 inbjud-

207 834 88 26 ningens
310 832 154 22 förkastande*.

275 890 161 27 Propositionen
452 890 125 21 besvarades
593 889 48 22 med
657 890 25 21 15
696 890 23 26 ja
735 888 38 23 och
789 890 26 21 25
832 889 39 27 nej.

276 947 70 22 Sedan
369 947 88 22 sålunda
478 947 104 28 yrkandet
596 947 28 27 på
639 947 161 26 inbjudningens
816 947 135 21 förkastande
966 949 59 19 anta-

207 977 41 27 gits
264 977 33 21 till
311 976 215 28 kontraproposition,
542 977 68 21 beslöt
624 976 85 22 ståndet
723 975 48 22 med
786 975 154 28 öfvervägande
955 976 70 27 plura-

208 1007 47 20 litet
269 1008 33 19 att
318 1006 72 26 afböja
406 1006 159 27 ifrågavarande
580 1005 129 27 inbjudning.

277 1064 55 20 Herr
354 1063 119 26 Öhberg
494 1064 84 26 yttrade
600 1063 61 20 härå:
684 1062 11 21 I
717 1062 36 21 det
771 1062 195 27 protokollsutdrag
981 1062 44 21 från

209 1092 165 25 Presteståndet,
390 1098 45 14 som
449 1092 105 20 föranledt
565 1092 40 20 den
616 1097 27 15 nu
654 1091 103 21 afslutade
769 1091 152 26 diskussionen,
933 1093 92 23 nämnes,

209 1122 32 19 att
255 1120 101 26 förslaget
375 1120 68 20 blifvit
459 1120 61 20 väckt
535 1120 22 21 af
570 1119 106 27 professor
691 1119 115 21 Koskinen.
836 1119 32 21 En
885 1126 74 20 person
975 1119 51 21 eller

209 1148 92 22 ledamot
316 1149 7 21 i
338 1148 159 22 Presteståndet
512 1148 48 22 med
576 1148 58 21 detta
649 1154 62 15 namn
727 1148 66 21 finnes
808 1148 52 21 icke.
886 1148 41 21 Det
938 1150 24 18 är
972 1148 54 21 dock

208 1178 49 25 mig,
271 1177 44 21 lika
330 1177 33 21 väl
379 1183 44 15 som
440 1177 41 20 alla
496 1177 65 21 andra
576 1177 6 20 i
598 1176 90 26 ståndet,
704 1176 84 26 bekant,
804 1178 32 19 att
846 1176 108 26 professor
964 1176 62 22 Fors-

209 1212 47 14 man
265 1206 108 26 begagnar
381 1205 31 27 sig
420 1206 23 20 af
449 1205 155 27 pseudonymen
613 1205 108 21 Koskinen
730 1204 69 22 såsom
807 1204 155 22 skriftställare.
977 1204 49 22 Men

207 1234 36 26 jag
259 1235 79 26 tycker,
349 1235 33 20 att
397 1234 35 21 det
442 1234 46 20 icke
498 1236 24 18 är
532 1234 7 20 i
550 1234 32 21 sin
592 1234 95 26 ordning,
699 1235 31 19 att
741 1233 68 22 denna
819 1233 34 21 lek
863 1234 49 20 med
923 1236 30 19 ett
964 1240 62 14 namn

210 1262 106 26 begagnas
331 1263 6 21 i
352 1268 26 15 en
394 1262 83 21 officiell
492 1262 114 21 skrifvelse.
638 1262 41 21 Det
695 1262 38 21 har
747 1262 121 26 påtagligen
884 1262 57 21 skett
954 1263 28 25 så,
995 1264 32 18 att

209 1291 145 21 sekreteraren
376 1291 24 21 af
420 1291 132 21 förbiseende
570 1290 66 22 infört
651 1290 35 22 det
701 1291 7 20 i
724 1290 147 27 expeditionen
887 1291 39 21 och
941 1290 85 22 ståndet

209 1319 102 22 likaledes
326 1319 24 21 af
363 1319 131 21 förbiseende
509 1319 35 21 vid
557 1319 130 27 justeringen
702 1318 48 22 låtit
765 1319 35 21 det
815 1319 26 26 gå
855 1319 34 21 för
899 1319 52 21 fullt.
977 1319 49 21 Men

209 1348 36 20 det
266 1349 30 23 är,
319 1348 70 20 såsom
404 1348 67 25 sagdt,
487 1348 46 20 icke
548 1348 51 24 godt
614 1350 31 18 att
660 1347 97 21 officiella
773 1348 114 20 dokument
903 1347 27 26 på
945 1348 23 20 så
983 1349 43 19 sätt

209 1375 124 25 behandlas,
356 1375 39 21 och
415 1375 37 26 jag
473 1375 39 21 har
532 1374 71 21 derför
619 1375 55 21 velat
689 1376 53 24 göra
757 1375 68 21 denna
839 1375 141 26 anmärkning
994 1374 33 21 till

208 1403 128 27 protokollet
352 1403 7 21 i
374 1403 56 27 hopp
446 1409 40 20 om,
495 1405 33 19 att
537 1403 45 21 icke
593 1403 71 21 vidare
675 1403 71 27 dylika
756 1402 119 22 skrifvelser
886 1403 45 21 från
942 1403 84 21 Preste-

209 1432 85 21 ståndet
309 1432 66 22 måtte
391 1438 33 15 oss
437 1431 115 22 tillsändas.
