1123 1800
315 134 177 22 Borgareständet
505 135 57 17 1882.
587 136 25 16 25
626 136 57 20 april.
868 130 39 20 941

87 206 32 18 tet
141 203 44 26 har,
204 203 27 21 dä
251 203 74 26 frägan
348 209 34 15 om
405 203 241 26 länsrepresentationen
662 204 18 25 ej
697 210 37 14 var
756 204 88 26 afgjord,
860 204 47 20 icke

86 232 82 20 kunnat
190 231 64 21 ställa
277 231 31 26 sig
332 231 27 26 pä
381 231 64 20 basen
461 231 26 26 af,
503 234 32 19 att
550 238 26 14 en
591 231 64 21 sädan
676 232 119 21 institution
812 237 49 16 vore
876 231 31 21 in-

86 259 54 26 förd,
158 259 132 27 öfvertygadt
304 265 46 16 som
366 260 104 20 utskottet
486 265 36 16 var
541 266 41 19 om,
597 262 39 21 att,
652 259 6 21 i
674 259 100 22 händelse
790 260 117 26 länsrepre-

85 288 133 21 sentationen
242 287 84 26 införes,
342 288 36 20 det
400 288 45 20 icke
469 287 40 21 kan
533 290 57 19 möta
610 289 66 25 några
691 289 131 25 svårigheter
836 290 32 19 att
885 287 21 22 få

86 317 56 20 vissa
164 316 78 26 frågor,
258 316 70 21 hvilka
351 316 37 21 här
404 318 36 19 äro
457 315 155 22 öfverlemnade
627 317 23 20 ät
665 317 66 20 andra
754 316 152 27 myndigheter,

86 345 119 21 Ofverförda
228 345 28 26 pä
278 345 248 26 länsrepresentationen.
558 345 48 20 Men
624 345 36 26 jag
676 347 45 19 tror
736 345 54 21 dock
805 345 52 24 icke,
874 347 33 18 att

86 373 58 22 länet
166 373 60 21 äfven
249 373 65 21 under
337 373 79 21 sädana
440 373 147 21 förhällanden
610 373 41 20 kan
674 373 64 21 blifva
756 373 110 27 skjutslag,
882 374 24 20 sä

86 403 61 26 länge
170 402 95 26 skjutsen
283 402 53 21 skall
352 402 71 20 kunna
438 404 87 24 utgöras
540 403 21 20 in
578 404 81 18 natura.
689 401 41 22 Det
746 402 68 21 bletve
830 403 76 25 mänga

85 430 131 26 svärigheter
231 433 32 18 att
278 430 72 21 kunna
365 430 56 21 öfver
436 429 48 22 hela
499 431 57 20 länet
572 429 81 21 fördela
664 430 40 21 aila
715 430 125 26 skjutsdygn
848 430 57 20 inom

85 459 64 25 länet,
166 459 26 20 dä
207 459 76 21 sädant
299 459 95 20 deremot
409 458 38 26 gär
462 460 83 25 mycket
561 458 85 21 enklare
662 457 33 22 för
710 459 37 26 sig,
763 465 33 14 om
813 460 31 19 ett
852 458 54 21 min-

85 488 38 20 dre
146 487 92 26 omräde,
254 487 69 20 säsom
347 486 94 26 häradet,
457 487 71 26 lägges
551 487 32 21 till
606 487 67 25 grund
693 487 32 20 för
741 487 69 20 denna
825 487 80 20 fördel-

86 516 56 26 ning.
173 515 42 27 Jag
231 515 67 21 skulle
322 515 113 25 dessutom,
451 515 60 21 äfven
527 515 105 25 förutsatt,
650 517 32 19 att
697 515 208 27 länsrepresentatio-

86 551 40 14 nen
149 544 127 25 förcfunnes,
292 544 18 26 ej
327 543 48 21 fullt
397 549 49 16 vara
461 543 22 21 af
497 550 81 15 samma
600 543 60 27 äsigt,
676 550 44 15 som
744 544 49 21 herr
816 543 87 22 Castrén

85 572 131 22 beträffande
238 573 39 20 den
301 572 87 27 uppgift,
411 579 44 14 som
479 572 241 27 länsrepresentationen
736 573 5 20 i
758 572 98 21 afseende
878 573 27 26 pä

86 601 189 27 hällskjutsningen
292 602 65 20 borde
372 607 45 21 ega.
447 602 42 20 Det
504 601 108 22 förefaller
622 602 42 24 mig
675 601 69 21 såsom
755 601 50 21 herr
816 600 88 22 Castrén

86 630 69 21 skulle
172 631 72 23 önska,
260 632 32 19 att
307 630 42 20 alla
365 629 25 22 de
405 630 84 27 förslag,
505 636 45 15 som
569 630 65 26 enligt
645 630 115 21 utskottets
771 630 133 20 betänkande

86 660 116 25 upprättas,
218 659 21 20 af
253 659 98 25 samtliga
364 658 134 21 kommuners
514 661 170 24 representanter
699 659 6 20 i
722 661 30 18 ett
768 658 72 25 härad,
850 665 55 14 sam-

86 687 48 21 lade
156 688 67 21 under
245 687 155 26 kronofogdens
423 687 187 26 ordförandeskap,
630 687 68 20 skulle
720 687 141 20 öfverlemnas
884 687 22 20 ät

85 716 121 27 länstinget.
237 715 40 27 Jag
292 718 44 19 tror
352 715 60 25 dock,
427 718 32 18 att
475 715 35 21 det
527 715 39 20 blir
582 715 129 26 lämpligare,
729 717 32 18 att
777 717 31 19 ett
823 715 82 21 mindre

85 745 87 21 område
187 745 85 26 pröfvar
287 743 71 28 frågor
373 744 90 21 rörande
484 744 79 21 sådana
586 744 231 26 detaljbestämmelser,
833 744 72 20 hvilka

85 773 114 21 förutsätta
220 776 41 17 ort-
277 773 39 20 och
340 772 182 22 lokalkännedom.
554 771 46 23 Men
625 773 93 20 deremot
742 773 68 20 skulle
831 773 35 26 jag
882 773 22 20 åt

86 801 114 27 länstinget
216 802 48 26 vilja
280 801 128 21 öfverlemna
424 802 39 19 den
481 801 115 27 afgörande
612 803 43 19 rätt
671 801 4 20 i
692 801 61 20 dessa
770 801 77 26 frågor,
859 807 45 14 som

86 836 27 15 nu
130 833 23 18 är
168 829 142 22 öfverlemnad
325 831 23 20 åt
362 831 137 26 guvernören,
516 830 105 25 nämligen
632 832 32 18 att
674 829 98 26 slutligen
781 829 73 27 pröfva
862 829 43 20 alla

86 859 26 21 de
128 859 45 21 från
196 859 163 20 häradsmötena
382 858 147 21 inkommande
552 858 112 26 förslagen.
702 858 64 21 Detta
794 860 45 19 tror
867 858 37 26 jag

86 887 69 22 skulle
171 887 64 21 blifva
251 887 124 26 länstingets
391 889 56 18 rätta
462 887 126 26 befogenhet
603 887 6 20 i
626 887 67 20 denna
704 887 44 20 sak.
760 899 27 2 —
799 887 49 20 Mitt
859 886 45 21 huf-

85 916 125 27 vudsakliga
230 916 115 26 påstående
361 917 23 19 är
400 915 75 26 derför,
493 918 30 19 att
544 916 36 27 jag
598 916 46 20 icke
660 918 44 18 tror
720 915 36 21 det
771 922 51 14 vara
838 915 66 26 lämp-

86 945 38 27 ligt
140 947 37 24 att,
194 945 27 20 då
236 945 189 26 skjutshållningen
449 944 53 21 skall
525 945 71 20 kunna
611 946 87 25 utgöras
714 945 20 20 in
751 947 82 22 natura,
848 943 57 21 bilda

86 976 32 19 ett
133 974 23 20 så
171 975 55 20 stort
248 974 111 26 skjutslag,
375 979 44 14 som
442 972 62 21 länet.
536 973 72 21 Skulle
632 973 75 20 sådant
727 973 116 21 emellertid
860 973 44 20 visa

85 1003 33 26 sig
140 1008 50 15 vara
213 1002 102 26 lämpligt,
332 1001 87 21 hindrar
433 1001 46 21 icke
493 1002 39 21 den
549 1002 21 20 af
584 1001 104 21 utskottet
703 1001 85 21 införda
803 1007 101 20 paragra-

87 1031 34 20 fen
143 1031 65 20 detta.
239 1031 48 21 Men
310 1031 104 20 utskottet
436 1030 39 20 har
498 1030 47 21 med
568 1030 40 21 den
625 1030 153 25 bestämmelse,
794 1036 45 15 som
856 1029 48 20 herr

85 1059 91 21 Castrén
199 1059 95 26 anförde,
311 1059 60 21 äfven
387 1070 27 3 —
429 1058 39 21 och
484 1059 59 20 detta
558 1059 6 20 i
581 1058 89 21 främsta
692 1061 90 18 rummet
799 1071 26 2 —
841 1058 63 20 afsett

86 1090 32 19 att
134 1088 70 20 kunna
219 1089 51 24 göra
286 1090 30 19 ett
332 1087 81 21 mindre
428 1087 86 21 område
536 1089 26 18 än
578 1087 90 20 häradet
690 1087 32 20 till
738 1087 109 26 skjutslag,
859 1086 44 20 d.ä.

86 1123 26 14 en
127 1116 100 21 kommun
244 1123 71 14 ensam
331 1116 51 20 eller
398 1117 30 19 ett
443 1121 38 21 par
494 1117 125 19 kommuner
634 1115 146 21 tillsammans.
813 1115 46 20 Men
873 1115 31 20 så-

84 1144 53 22 dant
153 1145 67 21 måste
234 1146 62 26 göras
312 1144 104 21 beroende
432 1145 23 20 af
469 1144 42 21 alla
526 1144 56 21 inom
600 1144 87 20 häradet
703 1144 89 26 belägna
807 1143 96 21 kommu-

85 1179 48 15 ners
156 1173 65 21 bifall.
252 1173 38 21 Om
314 1173 104 25 nämligen
441 1173 33 21 vid
496 1172 194 27 gästgifverierna
686 1168 15 35 i
707 1179 24 14 en
752 1173 106 25 kommun,
876 1173 30 19 ett

84 1203 69 20 större
177 1202 56 21 antal
258 1202 124 27 skjutsdygn
404 1201 53 21 skall
474 1203 85 24 utgöras
583 1203 26 18 än
626 1201 26 26 på
668 1202 138 20 kommunens
829 1203 77 24 anpart

85 1230 55 21 efter
155 1230 118 26 fördelning
289 1230 65 26 enligt
375 1231 79 20 mantal
475 1230 67 21 skulle
558 1230 119 25 ankomma,
694 1237 46 14 men
757 1229 69 21 denna
841 1228 63 22 likväl

85 1259 69 20 skulle
177 1265 51 15 anse
252 1259 32 20 för
299 1259 31 26 sig
346 1258 165 27 fördelaktigare
527 1261 32 18 att
575 1259 69 20 kunna
660 1259 44 20 helt
720 1258 38 21 och
774 1258 65 20 hållet
854 1260 51 19 utan

86 1287 69 27 någon
177 1287 138 26 inblandning
330 1287 22 20 af
366 1286 69 27 öfriga
457 1287 126 20 kommuner
597 1287 7 20 i
620 1287 88 20 häradet
731 1287 90 25 fullgöra
837 1286 69 21 denna

84 1315 33 21 sin
134 1315 124 27 skyldighet,
273 1317 23 19 så
312 1315 66 21 skulle
394 1316 39 20 den
449 1315 135 26 naturligtvis
599 1315 53 21 söka
668 1317 31 18 att
715 1315 57 20 bilda
787 1316 31 19 ett
830 1315 76 26 skjuts-

85 1343 35 26 lag
140 1343 33 22 för
195 1345 37 25 sig,
248 1343 39 22 och
310 1346 32 18 att
358 1343 26 21 de
399 1343 66 26 öfriga
481 1344 152 21 kommunerna
649 1344 5 20 i
671 1343 89 21 häradet
775 1343 46 21 icke
837 1343 69 21 skulle

85 1371 64 22 hafva
172 1373 64 26 något
260 1373 101 23 deremot,
378 1374 23 19 är
416 1372 62 23 klart,
495 1372 87 21 emedan
598 1372 26 21 de
639 1371 67 22 skulie
730 1371 64 21 blifva
813 1371 93 21 befriade

85 1400 47 21 från
148 1407 25 14 en
190 1401 33 20 del
240 1401 21 20 af
274 1401 32 20 sin
322 1400 169 27 skjutshållniog.
522 1400 73 21 Skulle
618 1401 95 20 deremot
736 1399 48 22 hela
799 1399 59 21 länet
873 1403 33 17 ut-

84 1431 52 23 göra
158 1429 109 26 skjutslag,
283 1429 68 20 skulle
373 1429 76 20 sådant
472 1429 129 25 väsentligen
620 1429 110 20 motverka
754 1428 84 26 delning
860 1429 6 19 i
882 1428 24 20 så

84 1458 46 20 små
146 1457 109 26 skjutslag,
270 1463 45 14 som
331 1463 25 14 en
373 1457 51 20 eller
439 1462 38 20 par
493 1456 129 21 kommuner.
