1109 1809
192 142 42 20 986
416 144 180 22 Borgareståndet
608 145 58 17 1882.
690 145 27 17 25
730 144 60 20 april.

191 216 15 20 å
221 214 169 26 skjutsväsendet
405 214 5 20 i
427 213 93 24 landet",
536 213 86 21 hvarom
639 212 59 21 Hans
713 212 117 26 Kejserliga
846 211 101 27 Majestät
960 212 55 20 velat

193 242 95 22 inhämta
304 242 129 22 Ständernas
449 241 111 21 utlåtande
574 241 84 27 yttrade

264 300 53 20 Herr
370 298 156 22 Nummelin:
557 298 39 27 Då,
620 298 68 21 såsom
709 298 38 27 jag
762 298 65 21 redan
843 298 54 22 hade
912 300 51 18 äran
978 304 37 14 an-

194 329 52 25 föra,
270 328 36 21 det
330 328 6 21 i
359 328 71 20 landet
452 327 67 22 finnes
546 326 151 28 gästgifverier,
714 326 92 22 derifrån
822 326 118 27 skjutsning
956 326 58 21 verk-

194 357 72 22 ställes
284 356 47 22 med
354 362 68 17 renar,
446 356 38 21 och
509 356 46 27 lega
570 355 33 22 för
617 354 69 28 skjuts
702 356 46 20 med
764 361 36 16 ren
816 354 89 22 likasom
922 356 32 20 för
969 354 46 22 båt-

192 386 69 26 skjuts
290 385 66 22 finnes
379 385 112 26 fastställd,
515 391 61 21 synes
600 385 46 26 mig,
670 386 32 19 att
721 391 24 14 en
762 384 148 22 bestämmelse
926 390 33 15 om
976 384 39 21 den

192 422 18 14 s.
230 415 20 20 k.
266 414 132 26 renskjutsen
414 413 58 22 äfven
488 414 67 21 borde
570 413 48 27 ingå
633 414 5 19 i
654 413 12 26 8
682 413 12 21 2
709 414 6 20 i
731 413 67 21 denna
814 414 132 26 kungörelse.
976 412 39 26 Jag

194 444 38 20 ber
254 443 70 21 derför
346 445 32 19 att
401 442 20 21 få
440 442 31 21 till
486 442 86 21 ståndet
587 441 134 27 öfverlemna,
738 442 102 21 huruvida
855 442 45 21 icke
914 448 24 14 en
955 444 60 24 anty-

194 473 40 20 dan
251 472 5 21 i
272 471 137 22 omförmäldt
424 471 54 26 syfte
495 472 72 22 borde,
581 471 65 26 jemte
662 470 68 27 öfriga
745 470 21 20 af
780 471 104 21 utskottet
896 470 120 26 föreslagna

194 501 170 26 anmärkningar,
384 502 62 25 göras
472 499 131 22 beträffande
627 499 161 26 ifrågavarande
809 499 104 27 paragraf.
944 498 72 22 Skulle

194 530 47 20 mitt
264 529 77 27 förslag
363 529 130 26 godkännas,
517 529 23 21 så
556 535 49 15 vore
618 528 79 26 jemväl
716 528 7 21 i
740 529 12 25 &
769 528 12 21 3
798 528 23 21 af
836 528 143 26 kungörelsen,
991 534 24 15 en

194 559 82 21 mindre
292 558 156 26 omredigering
463 557 105 27 påkallad.

262 615 50 21 Med
334 615 154 26 öfvervägande
511 615 109 27 pluralitet
642 614 70 22 beslöt
727 614 85 21 ståndet
828 614 49 22 derå
894 616 32 19 att
942 614 73 22 bifalla

194 644 30 22 till
248 644 115 22 utskottets
384 644 160 26 ifrågavarande
566 642 133 27 hemställan,
714 650 46 14 men
776 643 50 21 ville
841 644 84 20 ståndet
941 643 53 21 dock
1010 644 6 20 i

194 673 93 27 enlighet
310 673 46 21 med
379 673 54 21 hvad
454 672 49 22 herr
519 672 119 22 Nummelin
655 672 114 26 föreslagit,
784 672 69 25 hafva,
869 673 6 21 i
892 673 39 21 den
947 678 69 16 svars-

194 702 110 21 skrifvelse
326 702 119 22 Ständerna
468 702 5 21 i
490 702 64 21 saken
571 702 83 21 komme
670 704 32 18 att
717 701 84 27 afgifva,
817 702 30 21 till
864 702 11 27 $
892 702 12 20 2
920 702 30 20 uti
966 701 50 21 ifrä-

193 732 119 26 gavarande
337 732 125 26 kungörelse
479 730 104 27 anmärkt,
600 733 32 19 att
650 730 3 21 i
670 730 68 21 denna
753 730 101 27 paragraf
865 731 79 27 jemväl
960 730 56 22 stad-

194 761 68 26 gande
286 760 64 22 borde
366 760 50 27 ingå
432 766 32 15 om
482 760 39 21 den
538 760 6 20 i
561 760 82 21 landets
658 758 96 28 nordliga
770 759 59 21 delar
844 759 172 21 förekommande

194 789 139 26 renskjutsen.

262 933 118 26 Föredrogs
396 932 243 22 ständerhusutskottets
654 932 134 22 betänkande
803 933 61 21 N:o
857 928 14 35 1
884 933 45 21 med
945 933 71 21 anled-

194 962 50 26 ning
268 962 21 21 af
311 962 39 21 den
367 961 35 21 vid
420 962 52 21 1877
488 962 34 21 års
538 961 102 28 landtdag
655 962 98 21 nedsatta
769 962 247 27 Ständerhusdelegatio-

194 997 52 15 nens
262 990 122 22 berättelse.

253 1048 78 21 Härom
348 1050 89 24 utspann
454 1048 31 26 sig
500 1047 92 27 följande
608 1048 132 21 diskussion
729 1043 15 36 :

262 1105 56 21 Herr
333 1104 167 27 Lindberg:
524 1105 41 26 Jag
580 1104 68 22 skulle
664 1104 84 22 anhålla
764 1111 34 15 om
814 1104 123 28 ytterligare
953 1104 63 22 bord-

194 1134 99 26 läggning
310 1133 21 21 af
345 1133 149 21 betänkandet.

262 1190 56 21 Herr
339 1190 157 26 Ignatius:
526 1190 41 26 Jag
590 1190 67 21 måste
680 1191 104 23 bekänna,
809 1192 31 18 att
860 1190 37 26 jag
913 1190 45 20 icke
975 1190 40 21 kan

194 1225 50 15 ause
268 1219 41 25 mig
332 1224 50 15 vara
398 1218 46 21 fullt
467 1218 154 21 tillfredsställd
644 1219 48 20 med
707 1218 38 22 det
760 1220 49 22 sätt,
826 1219 79 26 hvarpå
921 1218 95 22 ständer-

194 1248 146 20 husutskottet
362 1247 45 27 gått
430 1246 86 27 tillväga
531 1246 35 22 vid
582 1247 154 27 behandlingen
752 1247 22 21 af
789 1247 59 21 detta
863 1248 83 20 ärende.
977 1248 41 26 Jag

194 1276 55 21 hade
271 1276 106 26 nämligen
399 1276 81 22 önskat,
498 1278 31 18 att
545 1276 109 25 utskottet,
672 1276 26 21 då
714 1277 35 20 det
764 1276 70 26 gällde
851 1276 55 21 valet
920 1276 24 21 af
963 1279 54 18 tomt

194 1305 34 21 för
243 1306 36 20 det
295 1305 105 21 blifvande
415 1304 155 26 ständerhuset,
586 1304 54 21 hade
657 1304 4 20 i
678 1304 58 27 fråga
752 1311 33 15 om
802 1304 26 21 de
843 1304 104 22 särskilda
964 1305 51 26 plat-

195 1340 39 17 ser,
258 1333 71 21 hvilka
352 1333 38 21 här
412 1335 36 19 äro
472 1333 125 25 föreslagna,
621 1332 109 22 förskaffat
745 1334 31 25 sig
792 1333 103 25 skriftliga
911 1334 69 20 anbud
997 1334 22 20 af

196 1361 156 21 vederbörande
374 1362 133 24 gärdsegarc,
531 1360 78 24 anbud,
632 1360 72 21 hvilka
726 1361 68 20 skulle
818 1360 61 21 hafva
895 1361 54 21 varit
972 1360 44 21 bin-

195 1388 69 21 dande
286 1389 128 20 ätminstone
437 1388 31 20 för
491 1395 25 14 en
532 1390 42 19 viss
590 1389 36 24 tid,
641 1388 29 20 lät
686 1395 50 14 vara
752 1395 36 15 sex
804 1390 100 20 månader
919 1389 52 20 eller
987 1391 31 19 ett

195 1417 30 21 är.
258 1417 126 26 Derigenom
407 1416 55 22 hade
485 1422 47 16 man
557 1416 44 22 haft
623 1417 63 21 säkra
702 1417 94 27 kalkyler
812 1420 32 18 att
859 1418 69 26 stödja
944 1418 30 25 sig
990 1417 27 27 pä

196 1445 130 22 beträffande
351 1446 145 21 kostnaderna
520 1446 32 21 för
578 1445 79 21 inlösen
684 1446 23 21 af
729 1446 25 21 de
777 1446 104 22 särskilda
902 1446 114 27 platserna.

196 1475 44 21 Här
263 1474 67 22 finnas
353 1474 45 22 icke
423 1475 65 26 nägra
510 1474 81 22 sädana
614 1475 63 21 säkra
690 1475 112 27 uppgifter,
818 1478 50 18 utan
885 1475 73 21 endast
974 1474 43 23 helt

196 1504 40 21 och
260 1503 65 22 hållet
348 1504 166 27 approximativa
538 1504 77 26 dylika,
630 1504 27 27 pä
679 1504 70 20 hvilka
765 1510 48 16 man
828 1504 46 22 icke
890 1504 39 22 kan
947 1504 70 22 förlita

196 1533 38 27 sig,
258 1533 26 21 dä
302 1533 36 21 det
353 1532 67 27 gäller
435 1535 30 19 ett
482 1532 102 22 definitivt
601 1532 147 22 fastställande
764 1533 23 21 af
800 1534 27 20 de
843 1533 105 22 blifvande
964 1536 53 19 tom-
