1106 1809
213 128 55 21 1196
451 133 179 21 Borgareständet
643 133 57 17 1882.
723 134 14 16 8
749 132 48 22 maj.

212 202 42 21 blir
278 202 26 21 då
326 202 81 26 ganska
429 202 58 22 svårt
508 202 33 22 för
559 204 31 19 ett
605 201 62 22 stånd
683 203 32 20 att
730 203 57 20 sätta
802 202 32 26 sig
849 201 101 26 deremot,
967 200 26 22 då
1008 208 26 15 en

212 230 114 28 tvingande
349 230 158 27 nödvändighet
529 230 112 28 föreligger
663 232 33 19 att
717 229 96 23 anskaffa
836 230 74 21 medel.
929 242 28 4 —
972 230 63 22 Hvad

212 259 74 27 frågan
310 266 33 14 om
367 258 128 23 rusthällens
517 266 15 14 s.
548 260 21 20 k.
585 259 134 27 betungande
735 259 101 21 beträffar
852 258 38 22 hör
905 259 47 27 den,
968 259 67 21 ehuru

210 288 43 22 den
268 294 30 15 nu
312 288 65 21 redan
394 288 69 22 blifvit
478 288 84 25 berörd,
578 288 32 21 till
627 287 91 28 följande
733 288 106 27 paragraf,
855 288 86 22 hvarför
955 287 36 27 jag
1006 294 29 15 nu

212 316 95 28 förbigär
322 317 127 21 densamma.
465 329 27 3 —
508 317 100 21 Deremot
623 316 36 22 vill
672 316 37 27 jag
723 316 124 27 ytterligare
861 316 71 22 erinra
952 329 15 3 —
979 316 55 22 hvad

212 346 65 21 redan
294 345 116 24 framhölls,
430 346 26 20 dä
473 345 67 21 denna
556 346 59 26 fräga
631 346 66 21 första
713 346 81 26 gängen
810 346 82 20 förevar
907 346 7 20 i
929 345 107 27 Borgare-

210 374 88 21 ständet
320 386 27 4 —
371 377 32 19 att
424 374 158 22 bibehällandet
605 374 22 21 af
648 374 194 27 vakansafgifterna
865 374 32 21 för
919 373 116 23 rusthällen

213 403 69 21 skulle
302 409 50 15 vara
374 405 32 19 att
429 403 59 21 äfven
509 402 106 22 bibehälla
631 404 35 20 det
682 403 114 21 Damokles
811 403 70 26 svärd,
897 409 45 15 som
958 403 7 21 i
981 402 54 22 form

212 432 24 21 af
256 432 265 27 rustningsskyldighetens
544 432 133 27 fullgörande
699 432 21 20 in
743 434 76 19 natura
835 432 65 27 hängt
915 432 58 21 öfver
988 431 47 22 dem

212 460 40 22 och
267 461 57 27 gjort
338 460 189 27 egendomsvärdet
551 460 31 22 för
597 460 117 22 rusthällen
729 460 123 22 vacklande.
869 473 27 3 —
911 460 40 27 Jag
967 460 69 22 skulle

212 488 72 22 derför
300 495 57 19 anse,
374 491 32 19 att
422 496 25 14 en
463 489 65 22 sädan
545 489 82 27 lösning
643 490 22 21 af
673 489 138 22 förevarande
822 489 59 27 fräga
891 496 52 15 vore
951 489 86 28 mycket

212 518 98 28 olycklig.

283 588 56 21 Herr
362 587 174 22 Molander:
559 588 40 26 Jag
622 588 68 21 skulle
713 590 44 18 mot
778 588 49 21 herr
842 587 77 22 Heikel
933 587 50 26 vilja
997 593 40 15 an-

215 616 80 26 märka,
314 618 32 18 att
362 616 20 21 vi
398 616 62 21 hafva
475 616 120 21 erfarenhet
610 616 45 21 från
671 616 53 22 sista
739 616 134 26 landtdagen,
889 616 100 21 hurusom
1005 618 31 18 ett

215 644 62 22 stånd
300 645 30 21 lät
346 644 102 22 öfvertala
464 645 31 26 sig
511 646 87 25 ungefär
614 646 29 22 så,
659 651 45 15 som
720 645 49 21 herr
785 644 74 22 Heikel
875 651 28 15 nu
919 644 35 22 vill
970 644 66 21 öfver-

215 672 44 22 tala
274 673 179 27 Borgareståndet
469 676 31 18 att
515 674 27 26 gå
557 674 20 20 in
594 674 27 26 på
635 680 26 14 en
677 674 37 20 sak
729 674 67 20 under
812 673 50 21 löfte
876 680 33 14 om
921 673 115 26 någonting

215 704 72 22 annat,
310 702 67 21 eburu
401 702 58 21 detta
474 702 52 21 löfte
539 702 26 21 dä
581 704 74 19 endast
671 708 36 15 var
722 705 30 17 ett
767 702 108 26 vilkorligt
890 702 83 22 sådant.
1002 700 33 22 Nu

215 730 68 22 skulle
299 730 49 22 herr
370 730 75 22 Heikel
461 731 49 27 vilja
525 730 74 28 aflyfta
614 737 25 15 en
655 731 91 26 gammal
761 730 134 22 häfdvunnen
911 731 64 24 skatt,
991 736 44 16 som

216 759 18 27 ej
250 759 80 21 kännes
350 759 71 21 alltför
437 762 58 24 tung,
510 760 66 21 under
592 760 157 26 förutsättning,
765 762 32 19 att
807 760 126 21 kommande
946 760 93 21 Ständer

215 794 41 20 nog
272 788 68 21 skulle
354 788 70 21 kunna
441 788 118 22 bestämma
574 795 25 15 en
615 788 147 22 motsvarande
778 789 63 21 skatt.
862 788 49 22 Man
926 788 40 22 har
974 789 63 21 emel-

216 816 63 22 lertid
301 820 42 18 sett
363 817 44 21 från
423 818 205 26 riksdagshistorien,
644 817 100 21 hurusom
761 820 30 19 ett
807 818 61 21 stånd
884 818 56 21 velat
955 818 81 21 undan-

216 846 66 25 draga
304 846 32 27 sig
359 845 62 28 skatt,
445 846 39 21 och
506 846 55 21 huru
585 846 70 21 derför
673 846 53 21 varit
741 846 81 26 ganska
837 846 57 22 svårt
909 849 32 19 att
956 846 81 22 erhålla

216 874 74 26 medel,
308 874 67 22 ehuru
390 875 116 26 trängande
524 874 62 22 behof
600 874 133 22 förefunnits.

283 961 153 22 Diskussionen
458 962 115 22 afslutades
588 962 93 26 härmed,
697 962 39 22 och
752 963 30 20 lät
797 962 49 22 herr
860 962 129 22 Talmannen
1005 962 32 22 till

214 991 104 21 vinnande
340 990 22 21 af
381 990 207 28 kontraproposition
604 994 45 19 mot
664 992 115 21 utskottets
794 991 140 26 betänkande,
950 991 88 27 uppläsa

214 1019 93 27 följande
324 1020 283 27 omröstningsproposition:

284 1088 38 25 De,
348 1088 71 22 hvilka
434 1088 31 22 till
481 1089 207 27 kontraproposition
705 1092 44 18 mot
765 1088 138 22 oförändradt
918 1089 119 27 antagande

216 1116 23 22 af
260 1117 118 22 utskottets
401 1117 134 21 betänkande
556 1118 112 27 föredraga
690 1118 105 26 yrkandet
818 1124 33 15 om
875 1117 119 28 antagande
1017 1117 24 22 af

215 1146 94 21 nämnda
324 1146 12 27 &
352 1146 48 21 med
415 1146 130 26 uteslutning
560 1147 24 21 af
598 1146 64 22 orden
677 1146 102 27 ,rusthåll
795 1146 123 26 äfvensom",
933 1149 58 19 rösta
1005 1146 31 27 ja;

284 1204 74 20 vinner
381 1203 33 26 nej
436 1203 39 21 har
498 1204 84 21 ståndet
597 1204 6 20 i
619 1204 76 20 sådant
711 1203 98 22 afseende
825 1204 94 26 godkänt
934 1203 104 28 yrkandet

216 1237 34 15 om
266 1231 136 27 paragrafens
417 1231 144 22 förkastande.

286 1288 129 22 Besvarades
431 1289 48 21 med
496 1289 25 21 18
534 1289 23 27 ja
572 1289 39 21 och
627 1290 26 20 29
670 1290 44 26 nej;
737 1288 106 23 hvarefter
858 1289 99 27 slutligen
973 1296 26 14 en
1015 1290 25 20 så

216 1317 92 28 lydande
324 1317 131 27 proposition
471 1317 117 28 upplästes:

285 1373 39 26 De,
340 1379 46 15 som
402 1374 77 25 antaga
495 1374 10 26 $
523 1375 9 19 1
550 1373 134 25 oförändrad,
701 1375 58 19 rösta
771 1373 32 27 ja;

285 1430 73 21 vinner
381 1430 40 27 nej,
444 1429 40 21 har
505 1430 69 21 denna
589 1429 102 28 paragraf
703 1430 22 21 af
739 1430 85 21 ståndet
841 1429 66 22 blifvit
922 1429 117 22 förkastad.

287 1486 162 28 Propositionen
465 1486 126 23 besvarades
607 1487 46 21 med
670 1488 27 21 19
710 1488 22 26 ja
747 1487 40 22 och
802 1488 28 21 28
845 1487 43 28 nej;
905 1487 86 22 hvarför
1005 1488 35 22 så-

216 1516 58 21 ledes
292 1516 139 22 förevarande
446 1516 99 27 paragraf
559 1516 22 22 af
594 1516 85 22 ståndet
694 1516 68 22 blifvit
777 1516 117 22 förkastad.
