1109 1809
293 131 179 22 Borgareståndet
483 132 59 17 1882.
566 133 27 16 25
605 132 60 20 april.
863 126 42 21 985

84 200 85 28 höjning
192 201 22 21 af
227 200 131 28 skjutslegan
374 201 38 21 och
429 201 89 26 ändring
533 200 22 22 af
569 200 39 22 den
624 200 98 26 gällande
737 200 168 27 bestämningen,

84 232 33 19 att
132 236 26 14 en
174 229 91 21 hållhäst
281 230 46 20 icke
343 229 100 21 behöfver
459 232 76 24 utgöra
551 235 56 15 mera
631 231 26 19 än
674 235 24 15 en
715 230 66 25 skjuts
797 230 6 19 i
819 229 86 27 dygnet.

85 258 40 27 Jag
141 258 37 21 ber
195 260 32 19 att
242 258 21 20 få
278 264 108 15 reservera
402 258 41 26 mig
460 261 43 17 mot
518 257 129 27 antagandet
663 257 22 21 af
700 258 59 20 detta
774 258 120 26 lagförslag.

153 315 55 21 Herr
234 314 163 27 Federley:
427 314 11 21 I
461 314 67 21 likhet
550 315 47 20 med
619 314 48 21 herr
689 314 82 21 Kurtén
794 320 61 16 anser
869 315 38 26 jag

85 343 35 21 det
136 343 22 21 af
171 343 49 21 herr
236 342 87 22 Castrén
340 344 74 20 väckta
430 342 100 27 förslaget
545 350 49 14 vara
609 344 6 20 i
632 343 63 21 förtid
706 343 135 21 framställdt.
863 342 42 22 Det

84 373 24 19 är
129 372 41 20 tids
186 378 41 20 nog
243 374 37 21 att,
297 378 33 14 om
346 372 149 26 förordningen
511 371 107 27 angående
634 371 213 27 länsrepresentation
865 372 40 20 blir

84 400 21 21 af
126 400 119 22 Ständerna
268 403 89 23 antagen
381 400 39 21 och
444 401 45 21 icke
512 400 6 21 i
535 400 148 26 förordningen
700 400 72 21 härom
789 400 68 21 blifvit
873 400 32 21 in-

84 430 61 20 förda
168 430 79 21 sädana
269 430 138 26 stadganden,
423 432 32 18 att
470 429 47 21 hela
534 429 35 21 det
584 435 29 15 nu
628 428 75 22 väckta
720 428 100 27 förslaget
835 431 24 19 är
875 428 29 21 öf-

85 458 117 27 verflödigt,
226 458 27 21 då
269 458 117 22 framställa
402 460 31 19 ett
448 458 79 27 förslag
542 464 33 15 om
592 458 25 21 de
633 458 115 26 ändringar
763 458 6 20 i
786 457 119 22 förordnin-

84 493 66 19 garna
173 494 32 14 om
229 487 196 27 hällskjutsningen,
450 488 75 25 vägars
549 487 38 21 och
610 487 75 21 broars
707 486 98 27 byggnad
828 493 26 15 m.
872 493 34 18 m.,

86 516 70 21 hvilka
180 516 69 21 kunna
271 516 120 21 föranledas
414 516 20 20 af
455 515 129 27 antagandet
600 516 22 20 af
635 515 149 26 förordningen
801 522 32 14 om
850 516 55 20 läns-

84 542 174 29 representation.

154 602 55 20 Herr
225 601 144 22 Castrén:
401 602 42 21 Det
458 602 110 26 riktigaste
584 601 67 22 skulle
667 601 111 27 onekligen
794 601 62 21 hafva
872 607 34 15 va-

84 630 34 25 rit,
134 632 32 19 att
182 630 35 22 det
233 637 27 14 nu
276 630 144 28 föreliggande
437 630 142 22 betänkandet
594 631 45 20 icke
650 630 23 21 af
683 630 118 22 Ständerna
812 630 92 22 behand-

85 660 41 20 lats
142 659 69 21 förrän
229 660 72 26 frågan
318 666 33 14 om
368 659 244 27 länsrepresentationen
629 658 69 22 blifvit
714 658 88 29 afgjord,
817 661 51 19 enär
879 658 26 21 de

85 688 76 21 beröra
178 688 77 26 vigtiga
270 694 155 21 gemensamma
441 688 110 27 principer.
581 689 42 20 Det
638 687 39 22 har
693 688 53 21 dock
763 688 45 21 icke
823 688 83 21 kunnat

84 717 51 21 falla
151 718 41 25 mig
209 717 20 21 in
245 720 31 18 att
292 717 117 21 framställa
425 720 31 18 ett
471 718 75 20 sådant
560 717 94 27 yrkande
669 717 7 21 i
688 717 139 21 betraktande
839 716 65 26 deraf,

85 748 31 19 att
138 746 88 21 sålunda
250 753 24 14 en
295 746 91 22 svårlöst
409 746 58 27 fråga
489 746 68 21 skulle
572 746 129 27 uppskjutits
717 746 32 21 till
766 746 139 26 landtdagens

84 775 52 21 sista
159 775 89 21 timmar.
280 775 32 21 Då
335 774 139 22 förhållandet
491 782 37 14 var
551 775 80 25 sådant,
648 775 56 21 tillät
718 775 37 27 jag
771 775 42 26 mig
829 774 77 22 föreslå

85 810 25 15 en
133 804 104 22 eventuell
255 804 126 26 behandling
397 804 21 21 af
433 804 103 21 särskilda
551 804 124 27 paragrafer
689 804 6 20 i
712 804 58 22 detta
786 803 120 27 lagförslag.

86 833 63 21 Detta
165 840 52 14 vann
241 833 46 21 icke
311 834 94 20 ståndets
423 833 64 21 bifall.
519 834 73 20 Såsom
609 834 89 20 sakerna
713 840 28 14 vu
757 833 38 25 stå,
811 834 96 20 kommer

85 862 77 24 förslaget
201 868 33 15 om
251 862 213 26 länsrepresentation
480 863 98 25 antingen
595 864 32 19 att
644 862 62 20 blifva
721 864 94 23 antaget,
831 862 6 20 i
853 861 53 21 hvil-

85 890 36 22 ket
144 891 36 21 fail
203 894 30 17 ett
257 890 108 22 uttalande
390 891 22 21 af
433 891 59 21 detta
508 890 44 28 slag
568 890 60 22 torde
645 890 93 22 befinnas
753 890 28 27 på
795 891 32 21 sin
842 890 64 26 plats,

86 920 50 20 eller
160 920 63 20 också
238 921 76 20 varder
337 920 117 20 detsamma
478 920 97 21 hvilande
591 919 30 21 till
637 921 61 19 nästa
713 920 107 25 landtdag,
836 919 70 21 såsom

84 948 101 21 trontalet
210 948 128 24 förutsätter,
363 948 38 21 och
417 948 27 21 dä
459 949 56 20 lärer
538 955 23 14 en
579 949 83 20 erinran
679 949 5 19 i
701 949 59 21 detta
776 948 53 28 syfte
845 948 61 20 äfven

86 982 49 16 vara
154 977 22 20 af
191 978 74 20 nöden.
297 977 30 27 Ty
343 978 4 19 i
365 983 67 15 annan
448 977 101 21 händelse
564 977 94 21 kommer
675 983 24 14 en
716 977 137 27 proposition,
869 976 37 21 lik-

86 1006 68 20 nande
178 1007 35 19 det
237 1006 120 21 nuvarande
382 1006 32 27 lag

86 1036 60 20 nästa
163 1035 100 25 landtdag
280 1035 144 21 öfverlemnas,

86 1069 43 16 som

87 1092 67 26 tredje

163 1070 106 15 ensamme
286 1060 9 34 =
302 1064 67 21 ordna

181 1092 108 26 möjlighet
313 1095 30 21 är,
370 1095 29 19 att

87 1122 173 26 representation,
286 1122 57 20 fotad
367 1122 27 26 pä
417 1122 65 20 andra
498 1122 97 26 grunder.

88 1150 35 20 det
147 1151 120 29 önskvärdt,
291 1153 30 17 att
345 1150 70 21 samtid

88 1178 89 27 ändring
200 1181 20 18 af
244 1178 173 27 häliskjutsnings

88 1207 45 21 icke
150 1214 50 15 inse,
217 1210 30 18 att
264 1208 35 20 det
315 1208 21 20 af
351 1208 42 26 mig
410 1214 11 14 n

401 1063 144 27 skjutsningen

422 1006 95 26 förslaget
541 1013 31 14 om
589 1006 221 26 länsrepresentation,
827 1007 32 19 att
874 1004 32 22 till

442 1036 73 20 medan
532 1037 165 24 guvernörernes
713 1037 42 19 rätt
771 1038 32 18 att
819 1034 23 22 sä
857 1034 51 27 godt

581 1064 130 20 fortfarande
736 1064 102 26 gvarstär.
875 1063 32 20 En

425 1092 118 22 Ständerna
563 1092 84 28 anhålla
663 1098 32 15 om
713 1099 24 15 en
754 1093 34 26 lag
803 1098 33 15 om
853 1091 55 21 läns-

626 1121 68 21 Afven
710 1122 5 20 i
732 1121 60 21 detta
807 1121 35 21 fall
858 1126 51 16 vore

424 1152 29 24 igt
477 1152 46 19 med
541 1151 37 19 den
596 1156 40 21 nya
651 1150 157 26 propositionen
825 1156 25 14 en
865 1149 42 21 för-

427 1185 52 20 agen
495 1179 68 21 skulle
579 1179 84 20 komma
679 1179 72 25 ifråga.
768 1191 28 2 —
811 1178 40 26 Jag
866 1178 41 20 kan

425 1214 11 14 u
453 1208 75 20 väckta
547 1208 101 26 förslaget
658 1202 84 37 innebär
751 1208 64 26 någon
825 1206 83 21 formell

88 1236 143 26 oegentlighet
248 1236 38 21 och
308 1236 65 27 vågar
389 1236 68 21 derför
474 1236 128 21 fortfarande
613 1236 106 26 tillstyrka
726 1236 47 20 dess
782 1236 125 26 antagande.

158 1293 150 21 Diskussionen
334 1293 121 25 .afslutades,

88 1322 67 26 gande
171 1322 110 26 pluralitet
296 1324 31 19 att
344 1322 71 20 förkas

481 1294 38 20 och
545 1294 68 20 beslöt
641 1293 85 21 ståndet
751 1293 46 21 med
815 1292 94 21 öfvervä-

427 1329 12 13 a
455 1322 36 21 det
506 1322 21 21 af
542 1322 47 21 herr
606 1321 88 22 Castrén
712 1322 73 21 väckta
801 1320 107 27 förslaget.

156 1379 109 25 Ingressen
289 1379 31 21 till
344 1379 149 27 förordningen
515 1379 44 21 blef
581 1378 50 22 derå
653 1379 70 27 gillad,
740 1379 53 21 efter
809 1378 36 22 det
859 1378 51 21 herr

87 1408 166 20 Rönnbäck
269 1408 85 26 anmält,
370 1411 32 18 att
417 1408 34 20 vid
468 1408 137 26 tryckningen
622 1408 60 21 ordet
699 1408 66 28 ,den*
782 1407 89 21 framför
883 1408 27 20 30

88 1436 87 20 Januari
192 1436 110 20 bortfallit.

156 1491 97 22 Rörande
277 1492 115 21 utskottets
414 1492 125 20 hemställan
562 1492 47 20 med
632 1491 112 27 anledning
760 1492 22 20 af
796 1491 36 21 det
847 1491 62 28 ,För-

88 1520 44 28 slag
155 1520 31 22 till
209 1520 131 27 kungörelse,
363 1520 143 22 innefattande
522 1520 103 22 särskilda
641 1520 132 22 föreskrifter
789 1520 5 21 i
810 1520 99 22 afseende
