1700 1959
501 207 41 20 720
671 200 2 2 I
723 212 176 20 Borgareständet
913 212 54 16 1882.
994 212 23 16 31
1030 215 62 13 mars.

500 280 80 21 afviker
595 279 48 21 frän
657 279 196 27 Borgareständets.
883 280 43 20 Det
941 285 60 21 synes
1017 280 43 24 mig
1075 279 54 21 dock
1144 279 69 21 säsom
1225 285 34 15 om
1270 279 50 21 Bor-

500 308 137 26 gareständet
659 314 35 20 nu,
710 310 52 18 enär
777 308 126 27 inbjudning
917 307 85 27 gjordes
1018 308 75 20 endast
1109 308 6 20 i
1131 309 77 20 tvenne
1223 307 97 27 punkter,

500 337 60 21 äfven
587 336 67 22 skulle
677 336 56 22 hålla
756 336 31 27 sig
810 336 74 22 endast
906 337 31 21 till
960 336 47 22 dem
1029 336 40 22 och
1083 337 7 20 i
1105 336 32 21 sin
1152 336 170 22 svarsskrifvelse

501 365 97 22 meddela
620 365 166 27 Bondeständet,
809 367 32 19 att
863 364 178 28 Borgareständet
1056 364 7 22 i
1079 365 26 21 de
1121 364 67 28 öfriga
1202 365 120 27 punkterna

500 395 57 20 velat
583 394 127 22 öfverlemna
735 394 22 22 ät
781 394 106 22 utskottet
913 396 32 19 att
969 394 167 26 sammanjemka
1161 394 26 21 de
1212 394 109 21 stridande

500 423 113 26 äsigterna.

568 486 56 22 Herr
647 486 113 22 Härdh:
780 486 40 27 Jag
843 486 89 22 ämnade
953 488 51 24 göra
1017 486 46 28 just
1078 492 81 16 samma
1174 486 146 27 anmärkning,

501 522 44 15 som
569 516 39 20 den
629 515 126 27 föregäende
770 516 87 21 talaren.
873 528 27 2 —
915 515 63 22 Hvad
992 515 46 21 äter
1054 514 102 22 beträffar
1170 514 151 28 inbjudningen

500 544 91 21 rörande
614 544 91 26 höjande
728 544 21 20 af
771 544 35 21 det
829 544 78 26 anslag,
924 550 45 15 som
985 545 69 20 staten
1070 544 68 21 skulle
1152 544 58 26 gifva
1224 544 23 21 ät
1263 544 59 21 kom-

500 579 102 15 munerna
624 572 70 22 säsom
715 572 122 27 understöd,
856 573 37 21 vill
906 572 37 28 jag
957 572 28 27 pä
1000 572 36 22 det
1051 572 52 22 allra
1121 574 105 20 varmaste
1241 573 7 20 i
1264 573 58 21 detta

500 601 99 22 afseende
621 601 139 27 understödja
782 602 128 26 antagandet
930 600 24 22 af
974 601 157 27 inbjudningen.
1161 601 43 22 Det
1226 601 23 22 af
1263 608 59 20 rege-

500 631 73 26 ringen
595 629 120 28 föreslagna
737 630 95 27 anslaget
854 630 24 21 af
900 631 76 25 28,000
991 630 60 21 mark
1067 632 24 19 är
1106 636 42 20 nog
1164 630 47 22 litet
1226 630 40 22 och
1282 630 39 21 den

500 658 126 27 förhöjning,
649 664 35 16 om
702 658 84 22 hvilken
802 658 158 23 Bondeständet
975 658 102 26 anhäller,
1093 660 24 20 är
1132 659 46 21 icke
1194 661 51 19 stor.
1276 659 45 21 Den

501 694 82 15 summa
603 694 45 15 som
672 687 88 27 begäres
782 687 60 22 torde
857 687 76 27 belöpa
949 687 32 27 sig
995 688 34 20 till
1043 687 74 22 inalles
1133 688 97 26 omkring
1245 688 77 26 40,000

500 716 66 22 mark.

569 779 56 21 Herr
647 778 148 22 Grönvik:
820 779 49 21 Med
892 778 97 22 afseende
1011 780 13 20 &
1047 779 146 27 ordalydelsen
1208 780 8 20 i
1231 780 12 26 $
1259 780 26 20 66
1302 779 22 21 af

500 808 25 21 1.
543 807 30 26 O.
589 810 45 19 tror
646 808 37 26 jag
699 808 35 21 det
750 814 49 15 vore
815 809 76 20 rättast
907 813 33 16 om
956 807 180 27 Borgareständet
1150 808 68 22 skulle
1228 810 50 25 taga
1290 808 32 21 till

501 836 97 26 pröfning
621 836 48 21 icke
691 836 74 21 endast
788 836 25 21 de
837 839 75 19 tvenne
927 836 78 26 frägor,
1021 842 46 16 som
1082 836 24 21 af
1120 836 152 27 deputationen
1288 836 34 21 vid

502 865 151 26 inbjudningen
677 864 107 27 berördes,
807 864 44 22 ifall
867 865 36 21 det
917 864 48 22 icke
979 864 35 22 vid
1027 865 121 26 jemförelse
1164 864 89 22 emellan
1268 865 52 21 Bor-

501 893 147 26 gareständets
663 892 69 22 beslut
748 894 39 20 och
803 894 35 20 det
855 894 74 26 beslut,
945 899 45 15 som
1006 893 160 22 Bondeständet
1181 894 71 26 fattat,
1267 894 56 21 visar

501 922 37 27 sig,
554 924 32 19 att
602 922 75 21 endast
691 921 131 23 beträffande
838 922 61 22 dessa
914 924 75 20 tvenne
1005 922 181 27 omständigheter
1201 922 121 28 skiljaktiga

502 950 68 22 beslut
593 950 88 22 emellan
705 950 25 21 de
752 951 121 27 respektiva
887 951 88 21 stånden
992 950 120 22 förefinnas.
1143 951 30 21 Af
1186 952 66 26 sagda
1267 951 11 27 &
1294 951 26 22 66

501 979 93 28 framgär
616 979 110 27 nämligen,
750 980 65 26 enligt
838 981 41 21 min
902 980 143 28 uppfattning,
1060 982 33 20 att
1105 980 37 22 det
1156 982 25 20 är
1195 980 129 28 protokolls-

500 1009 104 27 utdragen
627 1009 39 21 och
689 1009 36 21 det
747 1009 80 21 skrifna
849 1009 66 27 ordet,
939 1009 28 27 pä
981 1009 71 21 kvilka
1068 1016 48 14 man
1132 1010 121 27 egentligen
1268 1010 53 21 skall

501 1038 70 26 stödja
586 1038 38 26 sig,
641 1037 39 22 och
696 1037 45 22 icke
757 1038 27 26 pä
800 1038 61 26 hvad,
877 1044 45 16 som
936 1038 36 21 vid
988 1038 25 21 de
1028 1038 103 27 muntliga
1146 1038 177 28 inbjudningarna

501 1066 41 22 kan
564 1068 68 24 sägas,
655 1066 71 22 derest
748 1066 61 22 dessa
831 1067 28 27 pä
881 1067 64 26 nägot
961 1068 42 20 sätt
1017 1066 47 22 icke
1079 1067 69 21 skulle
1162 1074 52 15 vara
1228 1067 49 21 fullt
1292 1067 21 21 öf

502 1095 207 21 verensstämmande
730 1095 48 21 med
801 1095 125 22 hvarandra.
943 1108 26 2 —
985 1096 10 20 I
1008 1095 64 27 öfrigt
1087 1096 123 21 instämmer
1223 1096 36 27 jag
1274 1096 47 20 med

502 1123 48 21 herr
572 1123 75 22 Härdh
669 1124 8 20 i
699 1125 32 20 att
752 1124 86 22 förorda
853 1125 119 26 antagande
987 1124 22 21 af
1023 1124 151 28 inbjudningen
1191 1124 129 22 beträffande

502 1152 96 26 anslaget
613 1152 32 21 till
661 1152 159 22 kommunerna.

570 1215 58 21 Härä
644 1214 87 24 beslöts,
749 1216 32 20 att
796 1215 73 27 hvarje
883 1216 74 26 punkt,
973 1215 45 21 deri
1033 1215 148 27 skiljaktighet
1196 1216 90 22 emellan
1297 1216 25 22 de

500 1243 56 21 bäda
571 1243 100 22 ständens
687 1243 69 21 beslut
771 1244 112 26 förefanns,
899 1244 68 21 skulle
982 1244 103 27 granskas
1100 1244 33 22 för
1148 1245 37 26 sig.

569 1306 50 21 Med
641 1306 98 21 afseende
762 1306 13 22 ä
797 1306 151 28 inbjudningen
971 1307 90 21 rörande
1083 1308 13 26 &
1121 1308 9 20 1
1151 1308 6 21 i
1173 1307 149 28 förordningen

502 1335 93 26 yttrade:

570 1398 55 21 Herr
648 1397 170 27 Wallgren:
841 1398 67 22 Äfven
921 1398 38 27 jag
973 1404 63 16 anser
1051 1399 35 21 det
1102 1398 88 22 alldeles
1204 1399 50 22 med
1268 1401 54 19 rätt-

502 1427 43 19 visa
560 1426 40 20 och
615 1426 96 26 billighet
722 1426 105 26 förenligt,
843 1428 32 19 att
885 1426 180 26 Borgareständet
1075 1428 88 24 antager
1173 1427 150 27 inbjudningen

502 1452 131 22 beträffande
657 1455 10 19 1
689 1454 19 26 &.
739 1454 41 26 Jag
803 1454 41 20 kan
867 1454 18 26 ej
905 1454 66 21 tänka
986 1454 48 26 mig,
1051 1457 32 19 att
1098 1455 132 26 regeringen,
1246 1455 27 21 dä
1288 1455 36 21 det

502 1482 83 21 fordras
601 1484 31 20 ett
646 1482 24 21 sä
685 1482 47 22 litet
747 1482 98 26 tillskott,
860 1488 44 16 som
921 1482 96 27 omkring
1034 1483 75 26 12,000
1125 1484 67 24 mark,
1202 1483 69 22 skulle
1280 1484 44 21 läta

502 1510 47 22 hela
565 1510 40 22 den
621 1510 34 22 del
670 1511 23 21 af
706 1510 157 28 författningen,
879 1517 45 16 som
939 1511 87 28 ålägger
1041 1512 151 22 kommunerna
1208 1514 32 20 att
1255 1512 67 22 öfver-

502 1543 49 23 taga
573 1539 166 28 vaccinationen,
762 1540 122 26 derigenom
907 1540 90 22 förfalla.
1027 1540 41 27 Jag
1090 1541 39 21 ber
1151 1541 81 22 säledes
1255 1544 32 19 att
1302 1542 21 21 fä

502 1568 86 22 förorda
603 1568 119 28 antagande
737 1568 23 23 af
774 1569 150 28 inbjudningen
940 1570 7 20 i
963 1569 68 22 denna
1047 1570 40 22 del.
