1114 1817
319 142 177 20 Borgareständet
509 143 56 16 1882.
590 142 23 16 81
631 146 62 12 mars.
867 136 40 20 725

156 211 55 21 Herr
233 210 145 22 Neovius:
402 210 40 28 Jag
465 211 38 21 har
522 211 73 26 begärt
611 210 61 22 ordet
687 210 32 22 för
734 212 32 20 att
781 210 85 22 bemöta
883 210 25 21 de

86 240 127 26 föregäende
235 240 63 21 ärade
320 240 100 21 talarene.
450 239 41 26 Jag
506 245 61 15 anser
583 239 34 21 det
633 245 50 15 vara
699 246 24 14 en
740 238 120 28 skyldighet
875 238 33 21 för

86 268 72 26 hvarje
180 268 49 20 land
252 270 32 19 att
307 268 45 21 lära
375 268 70 20 känna
460 268 31 25 sig
507 267 62 27 sjelft.
600 267 41 21 Det
657 269 23 19 är
695 268 75 20 endast
785 273 75 20 genom
876 269 32 19 att

87 296 60 27 djupt
170 296 97 26 intränga
290 296 6 21 i
319 296 43 21 alla
377 296 25 20 de
418 295 152 25 förhällanden,
587 302 44 14 som
647 296 86 26 betinga
748 302 26 14 en
789 295 120 26 utveckling

87 324 57 22 säväl
168 324 5 21 i
197 324 184 22 materiella-som
404 324 66 21 andra
485 324 141 25 hänseenden,
642 330 45 15 som
703 326 30 19 ett
749 324 50 21 land
814 324 41 21 kan
871 324 37 26 pä-

86 354 68 20 räkna
169 354 31 20 ett
215 352 198 22 framätskridande.
436 352 41 26 Jag
492 359 67 19 anser,
571 355 32 19 att
613 352 33 21 för
656 352 50 21 vära
718 352 117 22 materiella
845 352 66 21 behof

86 384 23 19 är
125 382 119 21 kännedom
260 382 22 20 af
293 382 72 21 landet
380 381 7 21 i
404 381 117 27 geologiskt
536 381 119 21 hänseende
666 381 22 21 af
700 381 92 21 särdeles
802 383 45 19 stor
858 381 50 26 vigt.

86 410 50 22 Man
159 410 68 22 finner
250 410 67 26 äfven,
343 411 31 20 att
398 411 5 20 i
427 410 41 20 alla
490 410 25 21 de
531 410 116 20 förnämsta
663 409 145 22 kulturländer
824 409 46 21 icke
886 410 23 20 sä

86 440 62 27 ringa
170 445 93 15 summor
286 438 101 27 anslagits
410 438 39 22 och
469 438 131 22 fortfarande
615 438 70 22 ansläs
700 438 32 21 för
748 440 30 20 ett
794 438 115 24 ordentligt

87 468 163 21 undersökande
274 468 21 21 af
317 468 73 21 landet
412 467 7 21 i
442 467 118 27 geologiskt
576 467 126 22 hänseende.
732 467 40 26 Jag
788 467 37 21 ber
841 469 31 18 att
888 466 21 21 fä

87 497 113 21 framhälla
224 497 25 21 de
269 496 108 27 betydliga
392 496 80 27 anslag,
489 503 43 14 som
548 498 36 19 äro
601 497 126 20 omnämnda
742 497 27 26 pä
784 496 59 21 sidan
860 497 23 19 11
902 496 7 19 i

86 526 144 21 betänkandet
246 526 38 21 och
300 525 74 22 hvilka
388 525 57 21 klart
454 525 115 26 framhälla,
583 525 6 21 i
601 525 84 21 hvilken
696 525 51 26 grad
759 525 67 26 öfriga
836 524 73 21 länder

87 555 61 21 aktat
170 554 75 27 nödigt
268 554 137 27 understödja
428 554 72 26 dylika
515 554 88 27 företag.
634 553 49 22 Man
700 560 39 19 ser,
756 555 31 20 att
802 554 7 20 i
824 553 86 26 Sverige

87 585 31 20 ett
142 583 64 27 årligt
228 584 73 25 anslag
324 582 21 22 af
360 584 26 21 80
403 583 12 20 å
431 584 77 24 90,000
523 583 80 21 kronor
618 583 103 25 beviljats,
738 585 31 18 att
784 583 6 20 i
806 582 103 21 Preussen

87 612 39 21 och
143 612 105 27 England,
264 612 62 21 hvars
342 611 57 22 areal
415 613 24 19 är
454 612 81 21 mindre
551 613 25 19 än
593 611 108 25 Finlands,
721 611 53 21 dock
790 613 31 18 ett
836 610 74 26 anslag

87 641 22 21 af
131 641 89 23 167,000
239 641 60 20 mark
314 641 7 20 i
338 641 102 21 Preussen
457 640 40 21 och
513 641 90 24 530,000
620 640 59 21 mark
695 640 7 21 i
717 639 97 27 England
830 639 78 26 ärligen

85 669 82 22 lemnas
187 669 31 21 till
235 669 71 27 dylika
321 669 188 26 undersökningar.
540 669 49 21 Man
605 669 61 21 torde
679 669 67 20 mästa
762 668 99 25 erkänna,
878 669 32 20 att

86 699 75 20 endast
176 704 75 21 genom
268 705 25 14 en
309 698 35 21 väl
359 697 80 22 ordnad
456 697 156 28 undersökning
627 697 40 21 och
682 697 145 27 vetenskaplig
842 697 67 20 forsk-

87 727 50 27 ning
160 727 7 21 i
190 727 58 21 detta
264 727 119 21 hänseende
400 733 24 14 en
441 726 133 27 omsorgsfull
590 726 148 27 kartläggning
754 726 22 20 af
790 725 78 26 landet,
884 731 24 14 en

87 762 109 21 noggrann
212 756 119 21 kännedom
348 756 22 21 af
384 755 47 21 dess
447 761 94 15 resurser
557 755 56 21 såväl
624 755 47 21 med
683 755 97 21 afseende
790 755 12 20 å
814 753 96 22 metaller

87 785 39 21 och
142 785 113 20 mineraler
270 791 45 14 som
332 785 36 20 det
383 784 173 26 brännmaterial,
573 790 44 15 som
633 784 50 21 våra
699 784 47 20 rika
757 789 81 16 mossar
848 782 62 21 hafva

87 816 32 19 att
142 813 95 27 erbjuda,
261 814 33 20 stå
318 816 32 18 att
372 813 80 25 vinnas,
476 812 105 22 äfvensom
597 813 119 26 resultater,
733 813 78 26 vigtiga
827 811 32 22 för
874 817 33 15 ve-

89 842 123 27 tenskapen.
250 843 41 26 Jag
314 841 67 22 skulle
404 841 69 22 derför
495 841 28 27 pä
544 842 35 21 det
602 843 105 19 varmaste
730 841 85 21 förorda
838 841 72 20 betän-

86 871 86 22 kandet.
203 871 49 21 Men
272 871 69 21 tillika
356 870 36 21 vill
406 870 36 27 jag
457 873 107 24 gentemot
588 870 35 22 det
639 870 121 27 påstående,
776 872 32 19 att
824 869 86 28 ungefär

87 906 80 15 samma
190 899 90 22 resultat
303 900 71 21 kunde
396 900 80 23 vinnas,
497 900 5 19 i
518 899 100 21 händelse
634 900 61 20 dessa
710 899 133 27 forskningar
858 904 51 21 upp-

87 929 76 26 droges
182 929 22 20 åt
226 929 65 21 redan
314 928 115 21 bestående
445 928 139 24 embetsverk,
600 930 57 25 yttra
673 928 65 26 några
754 927 44 22 ord.
829 927 42 21 Det
886 928 24 19 är

87 957 83 27 tydligt,
187 959 33 19 att
235 957 44 21 ifall
290 958 78 21 sådana
379 956 134 27 forskningar
524 957 120 26 uppdragas
655 957 22 20 åt
689 956 138 26 embetsverk,
838 955 72 21 hvilka

88 987 64 20 hafva
168 992 25 15 en
209 986 97 21 bestämd
321 985 84 28 uppgift
421 988 32 18 att
469 986 67 24 sköta,
553 986 62 20 hvars
638 985 135 27 hufvudsyfte
796 984 115 27 ingalunda

87 1017 24 19 är
127 1015 134 21 anställande
276 1015 22 20 af
312 1013 122 28 geologiska
450 1014 187 27 undersökningar,
654 1014 61 21 dessa
724 1013 132 22 embetsverk
865 1013 46 21 icke

88 1044 59 21 skola
164 1043 64 21 blifva
244 1044 6 20 i
266 1044 62 21 stånd
344 1045 37 24 att,
398 1043 127 21 åtminstone
548 1043 80 25 tidtals,
645 1043 111 26 tillgodose
768 1042 41 21 alla
820 1042 26 21 de
854 1041 56 22 ford-

88 1073 76 26 ringar,
190 1078 45 15 som
256 1079 25 15 en
297 1071 105 28 ordentlig
416 1071 149 27 kartläggning
581 1071 22 21 af
617 1071 72 22 landet
704 1071 6 21 i
726 1071 118 26 geologiskt
859 1071 52 20 hän-

88 1101 76 22 seende
181 1101 73 21 ställer
269 1101 27 27 på
312 1101 114 21 desamma.
457 1101 41 20 Det
514 1100 99 22 behöfves
628 1100 134 27 naturligtvis
777 1099 33 22 för
822 1099 89 22 ledande

89 1130 22 21 af
140 1130 61 21 dessa
231 1131 87 20 arbeten
348 1129 165 27 specialinsigter
543 1129 39 21 och
609 1129 107 21 dessutom
740 1135 24 14 en
786 1131 70 19 värme
879 1128 33 21 för

88 1159 74 27 sjelfva
183 1159 111 26 företaget,
311 1165 44 14 som
371 1158 45 21 icke
440 1157 61 22 alltid
523 1159 44 20 står
590 1159 31 20 att
643 1157 57 22 finna
715 1158 56 21 inom
788 1157 65 21 andra
869 1163 42 14 em-

88 1187 106 22 betsverk.
224 1187 41 26 Jag
284 1187 67 21 skulle
367 1186 84 22 derföre
467 1193 49 14 anse
532 1186 131 22 inrättandet
678 1186 24 21 af
716 1193 24 14 en
756 1185 90 22 särskild
861 1191 51 21 geo-

87 1216 70 27 logisk
180 1216 52 27 byrå
251 1216 32 21 för
301 1215 188 22 åstadkommande
505 1215 23 21 af
543 1215 68 22 denna
625 1215 123 27 geologiska
763 1214 149 27 kartläggning

87 1245 23 20 af
139 1245 71 21 landet
236 1245 69 21 såsom
330 1244 84 27 mycket
433 1244 120 26 väsentligt.
597 1244 42 21 Det
664 1245 24 19 är
710 1242 133 27 naturligtvis
865 1243 46 20 icke

88 1273 60 26 fråga
172 1280 33 15 om
230 1275 32 19 att
284 1273 58 21 bilda
363 1273 45 20 vidt
424 1272 129 21 omfattande
569 1272 134 21 embetsverk
719 1272 47 21 med
782 1271 60 22 tiotal
858 1271 54 26 tjen-

87 1303 81 20 stemän
190 1301 39 22 och
252 1301 99 27 betjente.
382 1301 41 21 Det
446 1303 24 18 är
491 1300 60 27 fråga
569 1307 33 15 om
625 1302 31 19 att
680 1300 56 21 bilda
755 1306 26 15 en
796 1299 52 27 byrå
863 1299 49 21 med

87 1330 75 21 endast
178 1331 35 20 det
228 1330 170 27 oundvikligaste
414 1329 58 21 antal
487 1329 132 22 verksamme
635 1329 142 21 medlemmar.
807 1327 41 28 Jag
862 1327 49 22 ville

86 1359 118 25 framhålla,
228 1361 32 19 att
284 1359 35 21 det
341 1358 85 28 förslag,
443 1363 44 16 som
499 1357 145 23 betänkandet
659 1359 129 25 omnämner,
804 1357 66 21 under
886 1357 26 20 de

86 1388 67 21 första
169 1387 42 22 fem
227 1388 49 20 ären
292 1390 105 24 upptager
409 1387 75 21 endast
499 1393 26 15 en
540 1386 151 26 föreständare,
707 1393 36 15 sex
758 1386 99 26 geologer
872 1385 40 21 och

87 1423 25 15 en
127 1416 117 27 kartograf.
269 1416 72 22 Under
358 1416 24 21 de
393 1415 93 27 följande
499 1415 50 21 ären
560 1415 51 22 ökas
626 1414 46 22 icke
687 1415 81 21 antalet
778 1415 133 27 tjenstemän,

87 1445 36 20 det
145 1447 24 18 är
184 1445 76 20 endast
276 1445 96 25 anslaget
388 1450 45 14 som
449 1444 52 19 ökas
516 1444 32 20 till
565 1443 53 26 följd
633 1443 24 20 af
671 1443 39 20 den
728 1443 123 20 förutsedda
868 1442 44 20 vid-

86 1473 121 21 sträcktare
226 1472 165 27 sysselsättning,
409 1478 45 14 som
473 1472 61 20 dessa
552 1472 125 25 tjenstemän
699 1470 67 22 skulle
781 1471 85 21 komma
880 1471 33 19 att

87 1500 87 22 erhälla.
207 1500 42 22 Det
271 1500 62 22 heter
352 1499 123 27 visserligen
491 1499 6 21 i
513 1498 150 26 betänkandet,
685 1500 33 20 att
733 1500 31 20 ett
780 1498 132 22 embetsverk
