1111 1792
215 128 42 21 810
442 131 178 22 Borgareståndet
632 132 58 16 1882.
714 131 24 17 14
750 130 58 22 april.

215 200 142 22 förhållandet
372 200 48 21 med
436 200 40 21 den
491 206 16 15 s.
523 200 20 20 k.
559 201 27 20 70
602 200 58 26 åriga
680 199 83 21 häfden.
793 199 33 21 Då
842 198 39 21 den
897 198 79 22 indelta
995 198 37 21 mi-

215 230 76 21 litären
306 230 25 20 år
347 229 54 21 1809
422 228 115 27 upplöstes,
560 228 80 22 skedde
662 228 36 21 det
720 228 55 20 blott
794 227 115 21 tillsvidare
924 227 40 21 och
976 228 55 20 rote-

215 258 115 25 hållarene,
346 257 89 21 likasom
451 256 159 26 rusthållarene,
627 256 71 21 ålades
713 256 7 20 i
735 255 72 21 stället
822 257 32 19 att
869 255 71 21 betala
955 261 26 15 en
996 262 36 14 va-

214 286 122 26 kansafgift.
369 285 186 26 Vakansafgiftens
577 285 76 26 belopp
676 284 44 21 blef
739 284 122 26 visserligen
883 283 105 22 beroende
1011 283 23 21 af

214 319 85 22 regents
315 314 38 21 och
370 313 101 22 Ständers
487 313 74 26 beslut,
577 313 24 21 så
617 315 31 18 att
664 313 121 21 densamma
795 312 46 21 icke
852 312 41 21 kan
904 311 60 28 höjas
981 313 51 20 utan

215 343 130 21 Ständernas
368 342 112 27 samtycke.
512 342 48 20 Men
583 341 96 22 deremot
694 341 46 21 stod
764 340 36 21 det
819 342 100 25 regenten
934 340 51 25 fritt,
1000 341 33 20 att

214 373 39 20 när
268 371 41 21 han
326 371 36 21 det
376 370 110 27 behagade
504 370 46 21 åter
571 370 78 21 befalla
664 369 58 22 såväl
737 369 128 21 rotehållare
881 375 45 15 som
943 369 90 21 rusthål-

214 400 45 21 lare
274 401 32 20 att
328 399 7 21 i
351 399 59 21 detta
425 399 97 21 afseende
538 399 19 20 in
573 401 77 18 natura
658 397 89 27 fullgöra
757 398 46 21 sina
814 397 150 27 skyldigheter.
988 397 44 21 Och

215 429 68 21 denna
299 427 121 28 skyldighet
435 428 39 21 har
488 427 93 27 ständigt
603 427 103 26 förelegat
725 427 47 20 dem
787 426 104 21 alltsedan
907 426 53 21 dess.
992 426 41 21 Det

215 459 24 20 är
255 459 54 24 sant,
325 463 45 15 som
392 456 50 21 herr
463 457 89 21 Castrén
567 455 77 26 anfört,
660 457 32 19 att
711 456 54 21 1809
781 454 35 22 års
831 454 91 22 Ständer
937 454 96 25 anhållit,

215 488 32 19 att
263 486 68 21 denna
353 485 119 28 skyldighet
493 485 47 21 icke
554 485 67 21 skulle
638 484 89 21 behöfva
745 483 101 28 fullgöras
861 483 67 22 under
944 483 25 22 de
985 485 47 19 när-

215 516 66 20 maste
306 514 72 21 femtio
403 514 58 25 åren;
479 514 35 21 det
529 516 24 19 är
568 513 64 22 också
647 515 54 24 sant,
717 514 32 19 att
765 513 68 21 denna
849 512 98 21 anhållan
962 512 71 21 blifvit

214 544 6 21 i
237 545 35 20 det
295 545 106 19 närmaste
416 543 118 26 iakttagen,
555 549 48 14 men
626 543 41 20 den
690 541 38 21 har
747 541 68 27 aldrig
829 541 70 21 blifvit
915 541 117 21 stadfästad

214 573 70 20 såsom
300 572 40 27 lag,
356 571 38 22 och
410 571 62 27 ingen
487 571 39 21 har
542 571 71 22 derför
628 571 46 21 haft
689 570 46 21 skäl
750 572 32 19 att
797 572 75 25 trygga
887 569 31 28 sig
933 569 34 22 vid
983 569 50 22 den-

215 607 87 14 samma.
332 600 62 21 Hvad
417 600 193 27 vakansafgifterna
631 599 101 22 beträffar
753 599 38 20 har
814 599 49 20 herr
885 598 88 22 Castrén
996 604 37 15 an-

215 629 48 26 fört,
285 631 32 19 att
335 629 116 20 desammas
467 629 75 26 belopp
558 629 114 26 ingalunda
686 627 121 22 faststäldes
823 627 31 21 för
869 627 93 26 lindrigt.
992 627 42 26 Jag

215 658 39 21 har
269 657 45 22 icke
330 657 54 21 varit
399 657 7 20 i
421 657 83 21 tillfälle
519 659 33 19 att
565 663 23 15 se
604 657 25 21 de
645 658 96 19 närmare
756 656 147 27 beräkningar,
919 656 27 26 på
962 655 72 22 hvilka

215 687 110 20 desamma
340 685 70 27 stödja
425 686 37 26 sig,
478 685 38 22 och
533 686 39 20 kan
589 685 71 22 derför
674 685 46 21 icke
742 684 67 21 heller
824 686 57 25 yttra
896 685 43 26 mig
954 685 79 20 derom.

215 715 49 21 Men
280 715 22 21 af
315 715 49 20 hela
378 715 76 20 sakens
470 714 151 27 sammanhang
636 713 98 27 framgår,
749 715 32 19 att
796 713 107 21 vakansen
914 713 119 21 bestämdes

214 743 45 27 lågt
282 743 33 22 för
338 745 32 19 att
390 742 72 22 landet
478 742 68 23 skulle
561 743 71 20 kunna
646 742 72 21 hemta
734 742 31 26 sig
781 741 52 22 efter
848 742 80 26 krigets
944 741 90 22 förödel-

215 779 40 14 ser.
285 773 42 26 Jag
350 771 37 22 ber
410 774 31 18 att
456 772 7 20 i
480 772 58 21 detta
560 771 97 22 afseende
673 771 21 21 få
709 770 87 27 uppläsa
820 771 65 26 några
907 770 62 21 rader
988 770 45 21 från

215 801 58 21 Hans
297 801 111 26 Maiestäts
430 800 99 22 manifest
544 800 22 21 af
579 800 40 21 den
634 800 27 21 27
677 799 58 22 Mars
751 800 61 20 1810.
843 800 42 21 Det
900 799 60 22 heter
976 799 56 22 deri:

214 846 9 10 n
225 830 26 21 Vi
273 829 62 22 hafva
357 829 116 21 undersökt
495 829 158 26 folkmängdens
672 829 58 20 såväl
745 835 45 16 som
806 829 138 26 näringarnas
960 830 73 19 närva-

214 859 65 20 rande
302 857 96 22 tillständ
413 858 7 20 i
435 858 97 25 Finland,
548 857 39 22 och
610 857 73 22 dervid
705 857 68 21 funnit
793 857 65 27 detta,
874 863 74 21 genom
964 857 70 27 kriget

214 887 125 26 försvagade
362 887 55 25 land,
442 886 90 21 behöfva
554 887 69 25 någon
645 886 43 22 tids
703 886 56 20 hvila
775 886 33 21 för
823 887 31 19 att
869 885 110 22 återvinna
994 885 39 21 och

215 915 40 21 öka
271 915 45 21 sina
331 915 86 21 krafter.

283 944 128 20 Ständernas
434 943 106 28 enhälliga
561 944 79 20 önskan
662 943 40 21 har
720 943 101 26 derjemte
836 942 98 22 förvissat
950 948 34 16 oss
1000 949 34 15 om

215 972 40 21 den
277 972 130 26 välgörande
430 972 118 27 inflytelsen
570 973 61 21 häraf
644 972 28 27 på
687 972 82 21 landets
792 970 85 22 trefnad
896 971 38 21 och
950 971 83 21 sällhet.

283 1001 27 21 Vi
325 1000 63 21 hafva
403 1000 63 22 alltså
481 1001 68 21 funnit
563 1001 33 21 för
611 1001 51 27 godt
677 1002 31 20 att
723 1000 44 21 låta
783 1000 40 21 den
845 1000 83 21 Indelta
944 1000 90 22 Arméen

215 1029 98 21 förblifva
329 1030 7 20 i
352 1030 36 20 det
412 1029 64 21 skede
492 1030 41 21 den
548 1036 28 15 nu
591 1032 30 23 är,
637 1031 51 19 utan
704 1031 31 19 att
750 1028 95 27 påräkna
868 1029 48 21 dess
932 1029 100 27 tjenstgö-

214 1058 53 26 ring,
283 1058 23 20 så
321 1058 61 26 länge
398 1058 208 26 omständigheterna
622 1058 76 21 sådant
713 1057 104 27 medgifva
833 1057 43 21 oci
888 1057 32 21 till
931 1058 47 21 dess
989 1058 44 20 lan-

215 1087 47 21 dets
277 1086 97 28 välstånd
390 1087 96 25 utplånat
501 1088 76 26 spåren
592 1086 24 22 af
628 1086 80 26 krigets
724 1086 136 21 förödelser*.

283 1114 67 22 Äfven
366 1115 25 21 de
408 1118 138 24 reservanter,
561 1122 44 15 som
622 1115 55 21 velat
692 1115 93 26 åberopa
800 1115 40 21 den
852 1116 27 20 70
890 1114 58 27 åriga
956 1114 77 22 häfden

215 1143 39 21 och
269 1143 27 27 på
313 1144 39 20 den
375 1144 67 25 grund
465 1144 91 21 faststält
580 1144 203 26 vakansafgifternas
806 1143 77 27 belopp
905 1144 69 20 såsom
998 1144 36 20 det

214 1172 77 26 högsta
305 1172 83 26 belopp,
404 1172 84 21 hvartill
504 1172 202 22 rusthållsräntorna
721 1178 28 14 nu
766 1172 71 20 kunde
855 1172 104 25 indragas,
970 1172 63 21 hafva

214 1200 111 26 medgifvit
341 1200 35 21 det
392 1199 148 27 förhållandet,
555 1203 32 19 att
603 1200 115 22 rusthållen
734 1200 22 20 af
769 1200 124 26 regeringen
909 1202 52 19 utan
972 1200 62 22 Stän-

215 1228 76 22 dernas
306 1228 95 21 hörande
424 1228 80 22 kunnat
526 1229 86 27 åläggas
628 1231 31 19 att
674 1228 89 27 fullgöra
779 1229 45 21 sina
839 1228 195 28 rusthållsskyldig-

214 1256 66 27 heter,
297 1256 38 22 och
351 1258 33 20 att
400 1256 68 22 denna
484 1257 113 28 befallning
612 1258 39 20 bar
666 1257 81 21 kunnat
761 1257 52 27 utgå
828 1257 85 21 hvilken
928 1258 41 26 dag
988 1264 45 15 som

214 1285 62 25 helst,
291 1285 87 21 hvarför
400 1285 154 21 rusthållarene
572 1286 49 21 bort
636 1292 50 15 vara
702 1286 92 20 beredda
809 1286 28 26 på
852 1288 32 18 att
899 1288 51 24 taga
965 1286 69 21 denna

215 1314 155 25 omständighet
386 1314 47 20 med
448 1314 7 20 i
470 1314 144 27 beräkningen
630 1314 34 20 vid
680 1314 154 21 öfverlåtandet
849 1314 22 21 af
880 1314 46 21 sina
936 1314 96 21 rusthåll.

213 1342 43 20 Det
272 1343 23 19 är
310 1341 88 27 möjligt,
422 1341 69 21 såsom
515 1348 47 15 man
587 1343 37 20 har
646 1344 54 24 sagt,
716 1344 32 18 att
763 1348 26 14 en
805 1342 32 20 del
854 1342 128 21 rusthållare
998 1342 35 21 det

213 1369 48 21 icke
275 1369 62 27 gjort.
368 1369 54 21 Från
439 1372 65 18 annat
519 1370 42 20 håll
577 1370 39 20 har
631 1370 45 20 åter
693 1369 109 27 försports,
819 1372 32 18 att
862 1370 68 21 denna
941 1372 92 20 omstän-

214 1398 73 26 dighet
302 1398 108 27 verkligen
426 1398 98 22 beaktats
540 1398 33 22 vid
589 1398 47 27 köp.
666 1398 11 22 I
692 1398 42 22 alla
755 1398 112 22 händelser
883 1404 49 16 vore
948 1399 42 27 det,
1006 1398 27 22 dä

213 1433 50 15 man
285 1426 69 22 såsom
378 1426 48 22 stöd
450 1426 32 22 för
502 1427 31 21 sin
550 1427 54 27 åsigt
619 1426 75 28 anfört,
712 1429 30 20 att
757 1427 78 22 häfden
851 1427 6 21 i
874 1428 58 22 detta
948 1428 37 22 fall
1000 1430 33 19 ut-

213 1455 67 22 bildat
295 1455 32 28 sig
342 1455 86 27 derhän,
444 1458 32 19 att
492 1456 114 22 rusthållen
622 1456 62 21 hafva
700 1456 105 27 öfvergått
820 1457 46 21 från
883 1463 47 15 man
942 1457 32 21 till
984 1464 48 14 man

214 1486 50 19 utan
287 1487 32 18 att
341 1484 98 21 afseende
460 1485 53 21 fästs
536 1486 35 20 vid
593 1486 260 27 rustningsskyldigheten,
869 1486 22 21 af
910 1486 70 21 nöden
1000 1488 32 20 att

213 1513 54 22 först
281 1515 98 20 närmare
395 1513 78 27 bevisa,
489 1515 32 20 att
536 1514 23 21 sä
575 1513 134 28 allmänligen
720 1515 63 21 skett.
814 1515 80 21 Härför
905 1517 23 20 är
940 1515 36 22 det
986 1515 46 22 icke
