1109 1798
204 125 42 21 916
435 129 176 20 Borgareständet
624 129 57 16 1882.
702 129 23 16 21
738 127 60 21 april.

274 198 56 21 Herr
352 197 171 27 Lindberg:
554 196 42 22 Det
618 197 41 21 kan
679 196 24 26 ju
719 196 76 25 hända,
811 197 32 19 att
859 195 27 22 dä
901 201 103 21 personen
1020 195 5 21 i

206 227 61 26 fräga
281 227 49 21 kom
347 225 33 23 till
395 225 233 26 utskänkningsstället,
643 231 38 14 var
696 225 42 20 han
761 225 46 21 litet
823 224 98 25 drucken,
938 230 48 15 men
994 223 34 23 fär

206 257 31 20 ett
254 255 115 28 ordentligt
384 261 35 14 rus
435 254 54 21 först
505 254 26 22 dä
546 254 41 21 han
604 254 38 21 här
657 253 77 22 förtärt
749 255 56 20 ännu
821 253 66 27 nägra
901 253 45 26 glas
962 253 26 20 öl.

275 325 54 20 Herr
345 323 175 22 Lindholm:
543 323 114 28 Uttrycket
669 323 65 25 eller
745 325 51 20 utan
807 323 50 21 vård
868 323 91 21 lemnas*
969 323 58 22 inne-

207 353 38 21 bär
260 353 45 21 icke
321 353 76 27 precis,
413 355 32 18 att
461 352 40 21 han
518 352 53 21 skall
587 355 76 19 stanna
679 357 51 21 gvar
745 352 58 21 öfver
823 354 80 23 natten,
919 354 51 19 utan
986 352 42 21 han

207 382 42 21 kan
264 381 21 22 fä
301 381 50 21 värd
367 381 61 21 äfven
443 387 76 20 genom
535 383 32 19 att
582 381 139 21 öfverlemnas
737 381 22 21 ät
774 381 87 26 polisen.

276 443 89 22 Ständet
381 443 67 22 beslöt
465 443 50 22 derä
530 446 33 19 att
579 443 108 21 bibehälla
702 445 115 19 momentet
833 443 143 21 oförändradt.

898 487 14 12 Kd

524 548 13 25 8
554 548 31 21 18.
617 546 63 22 Mom.
698 548 17 20 1.

276 605 56 21 Herr
347 598 125 28 Öhman:
502 605 42 21 Det
561 610 62 22 synes
639 604 41 27 mig
696 611 50 15 vara
762 611 25 15 en
803 604 86 22 alldeles
905 605 123 27 öfverflödig

208 633 171 22 omtänksamhet
395 635 31 19 att
441 634 94 25 lagstifta
551 636 44 18 mot
611 633 173 23 ölkonsumenten
805 634 39 21 och
860 634 118 21 bestämma
993 634 36 22 det

209 662 77 22 minsta
308 662 77 27 belopp
408 662 41 21 han
472 662 53 20 skall
548 661 86 23 erhälla.
663 662 40 26 Jag
725 662 68 22 skulle
815 662 70 22 derför
900 662 82 27 föreslä,
997 664 31 20 att

209 691 65 21 orden
290 691 65 25 ,eller
377 690 35 22 vid
435 690 77 22 handel
535 691 63 26 säljer
613 690 52 21 eller
679 691 106 21 utiemnar
801 691 82 21 mindre
898 693 26 19 än
940 692 31 20 till
987 692 41 20 för-

208 719 90 27 säljning
314 718 113 27 medgifvet
443 719 77 21 minsta
536 719 89 27 belopp"
641 719 65 21 måtte
722 720 57 25 utgå.

277 788 56 22 Herr
357 788 129 21 Berner:
516 788 11 21 I
549 788 237 28 författningsförslaget
811 788 67 22 finnes
904 790 124 21 ansvarsbe-

208 817 133 23 stämmelser
356 820 81 18 utsatta
450 817 66 21 under
531 818 13 20 4
559 817 32 28 85.
622 816 43 28 Mig
680 823 62 21 synes
757 817 70 22 såsom
843 824 33 15 om
893 818 60 21 dessa
968 824 61 21 para-

209 846 70 27 grafer
295 847 70 21 kunna
381 846 83 22 förenas
480 846 31 21 till
527 852 25 15 en
568 846 61 25 enda,
644 846 115 22 bestående
775 846 22 21 af
813 848 75 20 tvenne
899 849 98 25 moment,
1009 847 22 22 af

209 875 72 21 hvilka
296 876 37 20 det
349 877 5 19 i
371 875 36 21 det
421 876 67 20 första
503 875 68 21 skulle
586 876 86 26 stadgas
693 882 76 14 ansvar
785 875 32 21 för
833 876 137 27 förbrytelser
984 874 46 24 mot

211 906 25 20 13
252 906 17 25 &,
284 904 72 22 hvilka
371 904 138 27 förbrytelser
524 906 37 19 äro
576 905 23 21 af
613 911 24 15 en
654 904 131 27 allvarligare
801 904 151 27 beskaffenhet,
968 906 39 21 och
1023 905 7 22 i

209 933 67 22 andra
292 935 115 20 momentet
422 935 67 25 sägas,
506 936 32 19 att
554 933 66 27 öfriga
635 933 110 22 förseelser
761 936 44 19 mot
821 934 131 27 stadganden
967 935 7 20 i
988 934 41 21 för-

209 963 116 26 fattningen
341 962 139 22 underkastas
496 963 144 26 bötesansvar,
655 962 66 22 första
737 963 82 27 gången
835 962 45 22 från
893 963 39 21 och
944 963 47 21 med
1002 964 26 21 25

210 992 32 20 till
263 991 39 21 och
325 992 47 20 med
395 992 26 20 75
443 992 59 20 mark
519 998 17 14 o.
552 998 15 14 s.
584 998 19 14 v.
618 991 27 27 pä
660 993 43 19 sätt
718 992 7 20 i
741 991 136 21 förevarande
893 992 99 26 paragraf
1006 994 24 19 är

209 1019 120 27 föreslaget.
358 1020 41 26 Jag
415 1020 68 20 skulle
499 1019 70 21 derför
585 1026 49 15 anse
650 1019 151 27 författningen
825 1020 52 21 böra
901 1020 129 22 beträffande

209 1048 146 26 föreliggande
378 1048 39 21 och
439 1048 26 21 de
488 1050 32 19 tre
543 1048 91 27 följande
649 1048 151 27 paragraferna
815 1048 168 22 äterremitteras
998 1049 32 21 till

209 1077 106 21 utskottet
337 1076 32 22 för
391 1078 32 19 att
446 1077 143 26 omredigeras
604 1077 6 20 i
627 1077 34 20 det
681 1076 23 21 af
724 1077 42 25 mig
787 1077 93 27 antydda
895 1077 61 27 syfte,
971 1078 59 21 hvar-

208 1105 65 27 jemte
287 1105 36 27 jag
338 1106 7 20 i
361 1104 71 28 hvarje
449 1105 99 22 händelse
564 1105 67 21 måste
647 1105 48 21 med
711 1106 98 21 afseende
825 1106 12 20 ä
853 1106 26 21 de
895 1106 69 22 beslut
974 1106 56 26 stän-

210 1135 36 21 det
268 1134 64 22 fattat
353 1134 6 20 i
379 1134 105 21 särskilda
506 1134 91 26 punkter
622 1134 162 22 vidkommande
799 1134 136 28 lagförslaget
950 1136 6 20 i
972 1134 58 28 fråga

209 1163 53 27 yrka
283 1163 28 27 på
333 1163 121 21 återremiss
478 1162 32 22 till
532 1163 105 21 utskottet
659 1163 32 21 för
711 1165 30 19 att
757 1164 105 21 utskottet
878 1164 66 21 måtte
959 1164 72 26 taga
1021 1158 15 36 i

207 1191 165 26 öfvervägande,
392 1191 70 21 hvilka
483 1192 114 26 ändringar
612 1192 6 20 i
633 1192 147 26 ordalydelsen
797 1193 6 19 i
819 1192 62 21 dessa
903 1192 128 27 paragrafer,

212 1222 89 24 18—21,
317 1222 38 19 äro
371 1220 22 20 af
406 1220 68 20 nöden
490 1220 49 21 med
554 1220 114 26 anledning
683 1221 21 20 af
719 1220 26 21 de
761 1221 76 26 många
859 1221 114 27 ändringar
994 1221 38 21 och

207 1248 163 27 uteslutningar,
386 1255 45 15 som
447 1249 6 19 i
469 1248 137 27 lagförslaget
621 1251 35 24 egt
671 1255 53 15 rum.

279 1334 90 20 Ståndet
384 1334 68 19 beslöt
467 1335 32 18 att
514 1336 94 24 upptaga
624 1334 58 19 detta
698 1334 21 20 af
733 1334 50 20 herr
801 1334 79 20 Berner
901 1334 74 25 gjorda
990 1334 43 20 för-

209 1360 47 26 slag
271 1361 32 21 till
319 1360 128 28 behandling
463 1361 64 21 sedan
543 1362 11 26 $
573 1361 80 21 18—21
672 1360 68 22 blifvit
755 1361 7 20 i
777 1361 119 21 hufvudsak
912 1361 108 27 afgjorda.'

279 1424 58 22 Derä
351 1424 123 27 godkändes
489 1424 24 27 8$
530 1425 89 25 18—21,
634 1424 53 22 dock
711 1424 47 22 med
774 1424 26 22 de
813 1424 119 28 ändringar,
948 1425 85 22 hvartill

208 1453 99 22 ståndets
321 1453 58 22 förut
394 1452 80 23 fattade
491 1453 68 22 beslut
575 1453 61 28 gåfvo
652 1453 118 27 anledning.

279 1517 40 22 Vid
336 1517 138 27 företagande
489 1517 22 22 af
525 1517 49 22 herr
589 1517 91 22 Berners
696 1524 48 21 nyss
758 1518 91 21 nämnda
860 1518 78 27 förslag
948 1519 84 27 yttrade
