1120 1789
335 128 178 22 Borgareståndet
525 131 58 17 1882.
606 131 15 16 4
633 131 47 20 maj.
868 126 54 21 1069

102 199 84 26 ningen,
210 197 41 22 blir
273 200 66 25 vägen
363 199 45 20 från
432 198 108 28 Uleåborg
562 199 31 22 till
609 199 129 26 Petersburg
754 199 75 22 endast
844 207 25 14 en
886 200 36 21 mil

102 226 73 27 längre
198 228 26 20 än
246 227 34 21 via
302 227 146 26 Kuopio—S:t
472 227 82 22 Michel.
585 227 27 22 Se
634 229 21 20 vi
678 227 32 22 för
726 228 62 27 öfrigt
811 229 26 26 pä
853 229 69 20 denna

103 255 50 21 linie
174 255 39 21 och
228 255 26 20 de
270 255 130 27 verkningar,
416 261 43 15 som
476 256 40 21 den
532 256 40 21 kan
589 256 73 21 utöfva
677 257 27 25 på
720 257 48 20 hela
783 257 62 20 södra
861 257 60 20 delen

103 283 24 21 af
140 283 118 26 Uleåborgs
281 283 40 25 län,
337 283 71 21 hvilka
424 284 131 21 landsdelars
570 285 88 20 intresse
674 287 94 19 närmast
784 285 66 22 borde
865 285 33 21 stå
914 285 6 20 i

102 311 152 26 sammanhang
276 312 46 21 med
345 312 119 26 Uleåborgs
485 313 58 20 stads
566 313 94 25 intresse,
677 313 23 20 så
716 313 21 20 få
752 313 20 20 vi
789 320 24 14 en
826 313 95 26 jernväg,

100 347 47 14 som
169 341 55 20 ända
246 340 45 21 från
315 340 127 26 Haapajärvi
464 340 38 27 går
518 340 32 21 till
566 340 111 27 Uleåborg.
708 341 93 21 Jemföra
818 342 19 21 vi
853 342 68 20 denna

102 368 49 21 med
166 368 217 21 Savolaks-Karelska
399 369 74 26 banan,
489 369 62 20 hafva
567 369 17 20 vi
601 369 75 21 endast
692 376 25 13 en
728 369 144 27 obetydligare
881 370 40 25 del,

101 403 46 15 som
163 397 68 21 skulle
248 397 85 21 beröras
349 397 22 20 af
384 397 128 21 densamma.
528 397 110 28 Sydligare
646 397 60 21 delen
716 398 19 20 af
744 398 59 21 detta
811 398 34 21 län
854 398 67 21 skulle

102 426 7 20 i
125 426 80 20 saknad
222 425 22 21 af
259 425 68 21 denna
342 426 49 20 linie
407 426 18 26 ej
441 427 70 19 kunna
522 425 63 22 hafva
599 426 63 26 något
674 427 54 25 slags
740 427 181 20 kommunikation

103 454 47 20 med
172 454 69 20 länets
264 454 151 25 residensstad;
440 454 75 21 endast
530 455 25 21 de
571 454 131 26 kommuner,
718 460 46 16 som
780 457 35 19 äro
832 455 89 26 belägna

100 483 8 20 i
125 482 100 22 närheten
242 482 22 22 af
279 482 112 22 Uleåträsk
407 483 38 21 och
462 483 39 21 den
518 482 91 22 derifrån
625 484 80 26 gående
720 483 70 23 linien,
806 484 67 20 skulle
888 484 33 20 stå

101 511 7 21 i
123 511 129 21 förbindelse
268 512 48 20 med
331 511 113 27 Uleåborg.
466 512 31 20 De
514 512 124 21 kommuner
652 512 47 20 åter
714 512 22 20 af
752 512 117 26 Uleåborgs
880 512 41 26 län,

101 540 72 20 hvilka
189 542 37 18 äro
242 540 88 26 belägna
345 542 97 19 närmare
458 540 82 26 kusten,
557 540 62 21 hafva
631 540 24 27 ju
671 540 71 21 hafvet
758 540 32 22 till
805 541 31 21 sin
852 541 69 26 dispo-

98 568 72 27 sition,
194 568 80 21 hvilket
296 569 127 21 åtminstone
446 569 32 21 till
501 569 68 27 någon
593 569 33 21 del
641 569 133 21 underlättar
790 569 61 21 deras
866 576 55 15 sam-

99 596 78 22 färdsel
193 596 26 27 på
234 597 112 27 Uleåborg.

169 626 60 20 Hvad
254 626 39 20 den
317 625 118 27 föreslagna
458 626 91 21 bibanan
572 626 46 21 från
638 625 107 22 Frantsila
760 626 32 21 till
807 626 114 22 Uleåträsk

101 654 137 26 vidkommer,
261 654 67 22 skulle
351 654 40 21 den
410 655 121 26 visserligen
547 655 62 21 hafva
625 661 25 14 en
666 661 69 15 annan
758 655 121 26 sträckning
895 656 26 20 än

100 683 47 26 den,
168 689 45 15 som
229 690 29 14 nu
274 686 22 18 är
311 683 125 27 föreslagen.
467 684 48 20 Men
529 684 36 26 jag
581 686 44 18 tror
640 683 54 26 icke,
710 686 32 18 att
757 683 113 27 Uleåborg,
887 690 33 14 om

100 711 61 22 äfven
182 712 118 26 jernvägen
322 712 46 21 från
393 712 105 21 Frantsila
520 712 68 22 skulle
611 712 119 21 utsträckas
746 712 32 21 till
795 711 125 27 Brahestad,

101 741 67 21 skulle
185 740 81 22 erhälla
281 742 5 20 i
302 741 118 21 Brahestad
436 747 25 15 en
478 742 130 20 konkurrent
624 740 21 22 af
654 741 68 26 någon
733 741 114 27 betydelse.
863 740 57 22 Från

101 769 114 22 Uleåträsk
231 770 51 21 böra
298 770 33 21 väl
348 770 24 21 de
388 776 68 21 varor,
471 770 72 21 hvilka
558 770 71 21 flottas
645 770 40 21 ned
702 770 31 20 till
744 769 113 26 Uleåborg,
870 769 51 21 fort-

100 798 87 22 farande
204 798 70 22 kunna
290 798 26 27 gå
331 799 40 21 den
386 800 67 26 vägen
469 798 38 22 och
524 798 108 28 Uleåborg
647 799 88 21 sålunda
751 798 62 22 hafva
829 798 25 21 de
870 798 49 21 han-

99 826 162 22 delsrelationer
277 828 31 26 sig
323 827 127 26 bibehällna,
464 827 72 22 hvilka
552 828 35 20 det
603 827 74 21 hittills
693 827 45 27 haft
749 827 47 21 med
806 826 115 22 Uleäträsk

101 856 93 21 område.
225 856 100 21 Deremot
341 856 68 21 skulle
424 856 117 22 Brahestad
557 856 68 21 såsom
642 862 25 14 en
683 856 23 20 af
718 856 149 21 Österbottens
877 856 44 26 vig-

100 885 78 27 tigaste
200 884 146 22 handelsorter
369 885 22 21 få
406 891 24 15 en
448 885 76 21 bibana
540 884 6 21 i
563 884 95 27 förening
674 884 47 22 med
736 890 25 15 en
778 884 142 26 centralbana,

101 913 135 27 hvarigenom
260 914 48 20 dess
329 913 175 22 handelsområde
525 914 7 20 i
554 913 91 27 betydlig
662 913 48 21 mån
725 913 73 22 kunde
811 913 108 21 förstoras.

169 942 91 20 Komma
282 942 19 20 vi
324 942 72 21 vidare
411 942 93 25 söderut,
520 942 56 21 finna
592 942 19 20 vi
627 942 90 20 bibanan
733 942 46 20 från
794 942 126 26 Pihtipudas

101 970 32 21 till
149 970 75 21 Gamla
239 970 99 27 Karleby.
369 970 46 21 Den
431 970 68 21 skulle
514 970 27 26 gå
556 973 23 18 ut
595 970 45 21 från
656 976 26 15 en
694 970 63 26 trakt,
768 970 37 21 der
817 970 39 21 den
867 972 53 19 stör-

100 1002 35 18 sta
157 999 88 26 tillgång
261 999 26 27 på
303 1001 95 20 trävaror
413 999 6 20 i
435 999 72 21 landet
521 999 33 21 för
569 999 131 21 närvarande
716 999 60 20 torde
792 998 72 25 finnas,
881 998 39 21 och

100 1027 68 22 skulle
191 1027 143 28 sammanlöpa
356 1028 48 21 med
424 1027 83 22 Keitele
531 1029 155 25 vattensystem,
703 1027 84 21 hvilken
803 1027 69 22 bassin
888 1027 32 21 för

102 1057 130 20 närvarande
255 1059 63 24 utgör
340 1057 35 21 det
397 1057 116 21 förnämsta
536 1055 166 27 vattentilllöde,
718 1055 107 22 hvarifrån
840 1057 80 20 största

101 1085 61 22 delen
184 1085 22 21 af
220 1085 40 22 den
276 1085 170 25 trävarurörelse,
463 1091 44 15 som
524 1091 27 15 nu
567 1085 55 21 varit
637 1085 153 21 koncentrerad;
806 1085 61 26 kring
882 1085 37 26 Jy-

101 1114 91 27 väskylä,
208 1115 54 25 tagit
276 1115 31 20 sin
324 1114 80 27 början.
435 1114 34 21 Nu
484 1116 47 19 veta
547 1114 25 26 vi,
589 1116 31 19 att
636 1120 25 15 en
677 1113 138 26 transportaf
824 1115 96 20 trävaror

100 1143 7 20 i
123 1143 116 21 allmänhet
262 1143 18 26 ej
296 1143 37 21 bär
349 1143 31 26 sig
395 1143 27 27 pä
437 1144 63 25 långa
512 1142 201 27 jernvägssträckor.
744 1142 42 21 Det
801 1142 39 21 har
855 1141 64 22 likväl

101 1171 41 21 fätt
164 1171 31 21 lof
216 1173 31 20 att
270 1178 91 20 passera,
380 1172 39 21 och
435 1177 97 22 passerar
547 1171 137 21 fortfarande.
714 1170 97 22 Granska
826 1171 19 20 vi
860 1170 58 22 Vesi-

96 1200 56 26 järvi
168 1200 89 21 stations
272 1200 100 25 intrader,
387 1200 57 21 finna
459 1200 26 25 vi,
501 1202 32 19 att
544 1200 23 21 är
579 1201 54 20 1880
644 1199 153 27 totalbeloppet
805 1199 23 21 af
836 1199 84 21 afsändt

100 1228 40 21 och
156 1229 87 20 anländt
258 1228 65 22 frakt-
341 1229 39 20 och
395 1229 68 26 ilgods
478 1229 91 26 uppgick
584 1227 31 22 till
632 1228 90 24 880.726
734 1231 92 21 centner,
837 1228 82 20 hvilket

101 1256 181 27 hufvudsakligast
305 1257 75 21 bestod
401 1257 23 20 af
445 1259 102 19 trävaror.
576 1256 56 21 Frän
654 1256 126 27 Pihtipudas
795 1256 32 21 till
843 1255 76 22 Gamla

100 1285 93 28 Karleby
216 1285 68 22 skulle
306 1285 84 21 frakten
414 1292 37 19 per
474 1286 95 21 standert
594 1287 75 24 utgöra
687 1286 25 19 18
728 1285 67 25 mark,
811 1285 107 24 förutsatt,

100 1316 31 19 att
147 1320 25 15 en
188 1314 96 21 standert
299 1316 63 25 väger
379 1315 26 20 70
421 1316 90 23 centner,
526 1314 85 21 hvilken
624 1313 37 27 jag
676 1315 88 25 antager
775 1315 31 19 att
817 1319 49 15 vara
877 1313 41 20 den

99 1343 96 20 normala
216 1343 76 26 vigten.
323 1342 56 22 Frän
393 1342 114 27 Jyväskylä
522 1343 39 20 har
577 1342 116 21 emellertid
709 1348 28 14 nu
753 1343 165 26 transporterats

99 1371 59 21 virke
173 1371 6 21 i
195 1371 111 22 decennier
320 1371 32 22 till
369 1371 79 22 Sörnäs
462 1371 39 22 och
517 1370 200 23 fraktkostnaderna
732 1371 64 20 hafva
810 1370 55 21 varit
881 1370 36 21 föl-

95 1400 77 25 jande:

166 1427 64 22 Först
245 1428 33 21 för
293 1427 97 27 flottning
405 1427 47 22 frän
468 1427 83 22 Keitele
567 1427 70 20 bassin
653 1427 33 20 tili
701 1427 101 26 Päijänne
814 1428 103 19 beräknas

96 1456 99 26 omkring
211 1456 11 20 1
239 1457 59 20 mark
321 1462 38 20 per
374 1457 106 23 standert;
497 1455 92 22 derifrän
605 1457 154 24 transporteras
774 1455 69 21 virket
858 1455 59 26 längs

97 1485 102 27 Päijänne
214 1485 35 21 via
264 1484 104 28 Vesijärvi
383 1484 62 21 kanal
461 1485 31 20 till
507 1483 102 28 Vesijärvi
625 1483 77 21 station
719 1483 38 22 och
774 1486 61 25 utgör
850 1483 66 21 frakt-

97 1514 118 22 kostnaden
240 1515 23 20 11
288 1514 35 20 mk
346 1515 27 20 50
388 1520 19 20 p.
423 1519 38 21 per
476 1513 107 26 standert,
598 1512 182 26 jernvägsfrakten
796 1512 45 21 från
857 1512 60 21 Vesi-
