1114 1820
312 127 178 22 Borgareståndet
503 129 58 17 1882.
585 129 24 17 14
621 129 58 21 april.
863 123 37 20 781

82 198 33 20 att
130 196 117 22 verkställa
261 203 27 20 ny
303 197 158 26 skattläggning
475 197 24 21 af
513 197 96 22 rusthåll.
639 197 113 27 Undantag
773 197 40 21 har
827 197 77 22 visser-

83 225 54 26 ligen
158 226 25 20 år
208 226 54 21 1826
286 225 57 22 skett
361 225 48 21 med
431 226 102 21 Savolaks
555 225 90 22 rusthåll
668 225 27 27 på
717 226 40 21 den
781 226 74 26 grund,
872 228 32 18 att

83 253 76 27 sjelfva
173 253 126 27 landskapet
316 254 37 21 der
367 254 46 21 icke
429 253 91 28 tidigare
535 261 37 14 var
583 254 115 27 ordentligt
709 254 122 27 skattlagdt.
854 254 48 21 Men

83 282 129 21 åtminstone
227 282 7 21 i
270 282 26 21 Åbo
317 283 36 20 län
376 282 38 21 har
434 283 38 26 jag
487 283 58 26 tyckt
559 283 43 26 mig
617 282 55 21 finna
689 283 34 20 vid
738 282 129 27 granskning
882 282 23 21 af

84 311 40 21 den
147 311 132 26 förteckning
301 311 59 21 öfver
382 311 96 25 rusthåll,
503 311 84 21 hvilken
605 310 69 22 blifvit
689 311 86 21 utdelad
790 311 7 20 i
811 311 92 24 ståndet,

83 339 40 22 och
138 339 34 21 vid
185 339 121 28 jemförelse
320 339 48 21 med
383 339 25 21 de
425 339 97 22 officiella
537 339 108 28 uppgifter
660 339 19 21 vi
692 339 62 21 hafva
769 346 34 15 om
818 340 86 21 skatten

84 374 39 21 per
138 367 86 27 mantal,
248 369 32 20 att
302 368 117 21 rusthållen
435 368 37 21 der
487 368 88 22 faktiskt
590 370 37 19 äro
644 367 122 22 debiterade
781 368 34 21 för
830 368 73 27 betyd-

84 397 39 26 ligt
138 398 69 20 större
223 397 64 25 skatt,
303 399 26 19 än
345 397 56 21 hvad
417 398 30 20 ett
461 397 79 21 mantal
555 403 38 21 per
616 397 91 21 medium
722 403 77 14 annars
815 397 88 21 betalar.

83 425 160 22 Kronoskatten
258 431 38 21 per
311 425 79 22 mantal
407 427 24 19 är
445 425 6 21 i
468 425 99 22 medeltal
583 428 15 19 t.
614 431 31 16 ex.
661 426 6 20 i
683 425 82 22 Piikkis
780 425 66 22 härad
862 427 41 20 250

83 454 67 25 mark,
167 454 5 21 i
188 454 94 21 Halikko
298 455 48 24 232,
368 454 1 20 i
384 454 81 21 Wirmo
481 455 41 20 223
540 454 61 21 mark
617 460 18 14 o.
651 460 17 15 s.
684 460 19 15 v.
733 454 101 21 Deremot
849 454 54 26 stiga

84 482 203 22 rusthällsräntorna
310 482 46 22 från
380 485 31 19 ett
433 482 79 22 mantal
527 483 7 21 i
549 489 81 15 samma
652 482 67 22 härad
741 482 46 22 ofta
801 482 55 22 ända
872 482 31 22 till

83 514 43 19 400
141 512 66 21 mark.
237 511 125 22 Rusthällen
380 512 3 20 i
398 505 47 28 Äbo
461 512 84 21 trakten
561 512 39 21 och
616 511 105 22 sannolikt
743 511 61 22 äfven
828 518 77 15 annor-

85 540 71 22 städes
172 546 62 22 synas
250 540 41 27 mig
308 540 71 22 derför
394 540 61 22 hafva
471 542 43 20 rätt
529 542 32 20 att
580 540 114 22 förmedlas
709 540 33 22 till
757 540 32 21 sin
804 540 58 22 skatt
877 540 27 27 pä

84 575 81 16 samma
181 571 50 24 sätt,
246 575 45 15 som
306 569 42 21 alla
363 568 66 22 andra
444 568 129 27 lägenheter.

153 598 42 26 Jag
217 597 94 22 ansluter
334 598 42 25 mig
395 597 87 25 säledes,
497 598 69 21 säsom
583 598 68 26 sagdt,
666 597 8 21 i
689 597 119 22 hufvudsak
825 597 30 21 till
870 599 35 19 ut-

84 626 92 22 skottets
191 626 134 22 betänkande
341 626 39 22 och
396 626 37 21 ber
443 628 32 19 att
491 626 32 27 dä,
534 626 65 27 enligt
610 626 55 21 hvad
675 626 36 27 jag
722 626 87 27 hoppas,
819 626 86 21 ståndet

83 658 60 24 tager
159 656 26 21 de
199 654 105 23 särskilda
319 655 151 27 paragraferna
486 654 61 23 deraf
561 655 66 22 under
635 655 137 26 granskning,
783 655 20 21 fä
815 656 52 26 göra
879 655 25 21 de

84 686 82 19 smärre
181 684 165 27 anmärkningar
358 683 37 27 jag
409 683 40 22 har
464 688 45 17 mot
523 690 26 15 en
565 684 51 21 eller
631 690 69 15 annan
715 684 22 21 af
751 684 112 21 desamma.

154 769 89 22 Ständet
259 769 69 22 beslöt
344 769 51 22 derä
409 771 38 24 att,
464 770 47 21 med
527 769 126 28 afbrytande
670 769 23 21 af
706 769 146 22 diskussionen
869 769 36 21 be-

84 797 103 23 träffande
211 798 138 21 förevarande
372 798 139 27 betänkande,
534 802 93 23 upptaga
646 798 32 21 till
695 799 153 26 öfvervägande
864 797 40 22 den

85 827 46 22 frän
153 827 162 22 Presteständet
337 833 49 20 nyss
405 827 75 27 gjorda
495 827 150 27 inbjudningen
661 827 8 20 i
683 826 80 27 frägan.
793 827 44 21 Och
853 833 51 21 upp-

85 857 64 20 lästes
165 856 50 21 derä
232 855 35 22 det
283 855 23 21 af
316 855 150 27 deputationen
478 855 154 22 öfverlemnade
643 855 217 28 protokollsutdraget
873 856 32 21 för

85 885 41 21 den
142 885 26 21 12
184 884 84 27 dennes,
284 884 124 27 sälydande:

154 941 42 22 Vid
218 941 131 27 behandling
371 941 22 21 af
414 941 175 22 Statsutskottets
609 941 138 21 Betänkande
762 941 40 21 N:o
819 942 12 20 3
846 942 7 20 i
869 947 36 15 an-

86 970 85 27 ledning
185 970 23 21 af
222 970 59 22 Hans
297 970 118 27 Kejserliga
431 970 110 27 Majestäts
562 970 76 26 nädiga
657 970 131 26 proposition
804 975 33 16 om
853 976 54 20 upp-

87 999 94 21 hörande
204 998 22 22 af
248 999 25 21 de
295 999 47 21 frän
365 998 117 22 rusthällen
498 1002 55 18 samt
568 998 99 22 roterade
683 998 98 21 hemman
793 998 40 22 och
848 998 57 22 bäts-

85 1027 104 21 manshäll
205 1027 106 27 utgäende
333 1026 167 27 vakansafgifter
515 1027 39 21 och
569 1027 126 27 indragning
710 1027 23 21 af
747 1027 26 21 de
788 1026 117 22 rusthällen

85 1056 100 21 anvisade
208 1058 122 24 augments-
353 1055 39 22 och
415 1056 68 27 öfriga
498 1057 73 20 räntor
587 1056 69 21 beslöt
671 1055 165 27 Presteständet,
852 1055 54 21 efter

86 1084 128 28 föregängen
239 1084 120 22 diskussion
382 1084 39 21 och
437 1084 21 21 af
472 1084 55 21 Herr
542 1084 129 22 Talmannen
687 1084 108 21 framstäld
811 1084 94 28 proposi-

86 1114 51 26 tion,
153 1116 32 19 att
200 1112 33 22 till
249 1112 128 28 behandling
391 1113 23 21 af
425 1113 84 27 plenum
524 1113 110 27 plenorum
649 1112 114 27 hänskjuta
778 1113 40 21 den
829 1112 78 27 princi-

86 1142 64 27 piella
166 1142 61 21 delen
243 1142 22 21 af
278 1142 139 21 förevarande
432 1142 133 21 betänkande
581 1142 108 21 äfvensom
705 1142 32 20 att
751 1147 75 21 genom
843 1142 64 26 depu-

85 1171 68 21 tation
169 1170 87 27 inbjuda
272 1170 26 22 de
313 1170 68 27 öfriga
397 1170 94 22 Ständen
506 1173 32 19 att
553 1177 34 15 om
604 1170 59 22 detta
678 1170 170 22 Presteständets
872 1171 34 20 be-

85 1200 43 20 slut
143 1199 33 27 sig
190 1199 83 25 förena;

156 1228 44 22 Och
216 1228 67 22 skulle
299 1227 196 28 protokollsutärag
509 1230 74 24 genast
598 1226 96 22 utfärdas
709 1227 32 21 för
757 1229 32 19 att
806 1227 23 21 af
845 1227 62 22 Stän-

86 1256 47 23 dets
148 1256 129 28 deputerade
292 1257 33 21 till
340 1256 119 28 respektive
475 1256 92 22 Ständen
583 1256 144 21 öfverlemnas.

155 1314 57 22 Herr
226 1314 131 27 Nysten:
387 1314 43 21 För
445 1315 43 20 min
504 1314 33 21 del
553 1314 67 21 skulle
633 1313 36 27 jag
685 1313 49 26 vilja
749 1313 94 28 afstyrka
856 1313 51 21 Pre-

87 1343 130 21 steständets
239 1342 79 27 förslag
341 1344 32 20 att
394 1342 115 27 hänskjuta
524 1342 184 27 öfverläggningen
727 1342 24 22 af
765 1342 68 22 denna
848 1342 60 25 fräga

87 1371 33 22 till
142 1372 86 26 plenum
251 1371 117 27 plenorum.
398 1371 41 26 Jag
465 1371 37 21 vill
531 1371 86 21 härmed
640 1371 46 21 icke
711 1371 67 27 pästä,
805 1372 32 20 att
860 1370 47 21 icke

87 1406 26 15 en
135 1406 120 20 gemensam
279 1399 158 27 öfverläggning
459 1400 89 21 emellan
572 1399 89 22 ständen
677 1399 7 21 i
699 1399 56 22 vissa
777 1399 70 27 frägor
865 1400 42 20 kan

87 1428 64 22 hafva
173 1429 32 21 sin
228 1429 115 27 betydelse,
365 1428 40 22 den
427 1428 107 27 betydelse
549 1428 106 27 nämligen
671 1429 31 20 att
717 1428 120 22 underlätta
853 1433 55 16 sam-

88 1456 135 27 stämmighet
238 1458 8 19 i
261 1456 103 22 besluten.
395 1456 48 21 Men
463 1456 27 21 dä
513 1456 72 26 borde,
601 1457 66 25 enligt
690 1457 43 19 min
748 1457 71 24 tanke,
834 1457 73 25 frägan

88 1491 50 15 vara
153 1484 22 22 af
189 1485 40 21 den
246 1484 151 26 beskaffenhet,
412 1486 31 20 att
459 1484 47 22 hela
521 1484 154 26 behandlingen
691 1484 60 21 deraf
759 1484 68 21 skulle
837 1484 71 20 kunna

88 1513 93 28 försiggä
203 1514 8 21 i
232 1513 85 28 plenum
333 1513 116 28 plenorum,
464 1513 25 22 sä
503 1514 32 20 att
550 1512 44 27 allt,
608 1512 56 22 hvad
679 1513 7 21 i
701 1513 65 21 saken
791 1512 116 26 afhandlas,
