<?xml version="1.0" encoding="UTF-8"?>
<alto xmlns="http://www.loc.gov/standards/alto/ns-v3#" xmlns:xlink="http://www.w3.org/1999/xlink" xmlns:xsi="http://www.w3.org/2001/XMLSchema-instance" xsi:schemaLocation="http://www.loc.gov/standards/alto/ns-v3# http://www.loc.gov/alto/v3/alto-3-0.xsd">
	<Description>
		<MeasurementUnit>pixel</MeasurementUnit>
		<sourceImageInformation>
			<fileName>/tmp/tess_y07_y0ly_input.PNG</fileName>
		</sourceImageInformation>
		<OCRProcessing ID="OCR_0">
			<ocrProcessingStep>
				<processingSoftware>
					<softwareName>tesseract 5.3.4</softwareName>
				</processingSoftware>
			</ocrProcessingStep>
		</OCRProcessing>
	</Description>
	<Layout>
		<Page WIDTH="1114" HEIGHT="1817" PHYSICAL_IMG_NR="0" ID="page_0">
			<PrintSpace HPOS="0" VPOS="0" WIDTH="1114" HEIGHT="1817">
				<ComposedBlock ID="cblock_0" HPOS="192" VPOS="134" WIDTH="583" HEIGHT="26">
					<TextBlock ID="block_0" HPOS="192" VPOS="134" WIDTH="583" HEIGHT="26">
						<TextLine ID="line_0" HPOS="192" VPOS="134" WIDTH="583" HEIGHT="26">
							<String ID="string_0" HPOS="192" VPOS="134" WIDTH="41" HEIGHT="20" WC="0.96" CONTENT="756"/><SP WIDTH="186" VPOS="134" HPOS="233"/>
							<String ID="string_1" HPOS="419" VPOS="138" WIDTH="177" HEIGHT="22" WC="0.91" CONTENT="Borgareståndet"/><SP WIDTH="13" VPOS="138" HPOS="596"/>
							<String ID="string_2" HPOS="609" VPOS="139" WIDTH="56" HEIGHT="17" WC="0.96" CONTENT="1882."/><SP WIDTH="23" VPOS="139" HPOS="665"/>
							<String ID="string_3" HPOS="688" VPOS="140" WIDTH="13" HEIGHT="16" WC="0.95" CONTENT="5"/><SP WIDTH="12" VPOS="140" HPOS="701"/>
							<String ID="string_4" HPOS="713" VPOS="139" WIDTH="62" HEIGHT="21" WC="0.81" CONTENT="april."/>
						</TextLine>
					</TextBlock>
				</ComposedBlock>
				<GraphicalElement ID="cblock_1" HPOS="205" VPOS="166" WIDTH="807" HEIGHT="6"></GraphicalElement >
				<ComposedBlock ID="cblock_2" HPOS="189" VPOS="206" WIDTH="826" HEIGHT="834">
					<TextBlock ID="block_1" HPOS="189" VPOS="206" WIDTH="826" HEIGHT="834">
						<TextLine ID="line_1" HPOS="191" VPOS="206" WIDTH="820" HEIGHT="28">
							<String ID="string_5" HPOS="191" VPOS="207" WIDTH="120" HEIGHT="21" WC="0.92" CONTENT="neddrifvet"/><SP WIDTH="22" VPOS="207" HPOS="311"/>
							<String ID="string_6" HPOS="333" VPOS="207" WIDTH="67" HEIGHT="21" WC="0.97" CONTENT="under"/><SP WIDTH="21" VPOS="207" HPOS="400"/>
							<String ID="string_7" HPOS="421" VPOS="207" WIDTH="46" HEIGHT="21" WC="0.96" CONTENT="isen"/><SP WIDTH="15" VPOS="207" HPOS="467"/>
							<String ID="string_8" HPOS="482" VPOS="207" WIDTH="7" HEIGHT="21" WC="0.93" CONTENT="i"/><SP WIDTH="15" VPOS="207" HPOS="489"/>
							<String ID="string_9" HPOS="504" VPOS="206" WIDTH="175" HEIGHT="27" WC="0.91" CONTENT="flottningsleden."/><SP WIDTH="30" VPOS="206" HPOS="679"/>
							<String ID="string_10" HPOS="709" VPOS="207" WIDTH="10" HEIGHT="21" WC="0.92" CONTENT="I"/><SP WIDTH="19" VPOS="207" HPOS="719"/>
							<String ID="string_11" HPOS="738" VPOS="207" WIDTH="7" HEIGHT="27" WC="0.80" CONTENT="8"/><SP WIDTH="24" VPOS="207" HPOS="745"/>
							<String ID="string_12" HPOS="769" VPOS="208" WIDTH="26" HEIGHT="20" WC="0.95" CONTENT="73"/><SP WIDTH="23" VPOS="208" HPOS="795"/>
							<String ID="string_13" HPOS="818" VPOS="207" WIDTH="22" HEIGHT="21" WC="0.96" CONTENT="af"/><SP WIDTH="21" VPOS="207" HPOS="840"/>
							<String ID="string_14" HPOS="861" VPOS="206" WIDTH="150" HEIGHT="27" WC="0.95" CONTENT="förordningen"/>
						</TextLine>
						<TextLine ID="line_2" HPOS="191" VPOS="235" WIDTH="822" HEIGHT="27">
							<String ID="string_15" HPOS="191" VPOS="242" WIDTH="35" HEIGHT="15" WC="0.96" CONTENT="om"/><SP WIDTH="16" VPOS="242" HPOS="226"/>
							<String ID="string_16" HPOS="242" VPOS="236" WIDTH="104" HEIGHT="26" WC="0.96" CONTENT="skogarna"/><SP WIDTH="15" VPOS="236" HPOS="346"/>
							<String ID="string_17" HPOS="361" VPOS="235" WIDTH="7" HEIGHT="21" WC="0.96" CONTENT="i"/><SP WIDTH="16" VPOS="235" HPOS="368"/>
							<String ID="string_18" HPOS="384" VPOS="235" WIDTH="73" HEIGHT="21" WC="0.96" CONTENT="landet"/><SP WIDTH="22" VPOS="235" HPOS="457"/>
							<String ID="string_19" HPOS="479" VPOS="235" WIDTH="24" HEIGHT="21" WC="0.96" CONTENT="af"/><SP WIDTH="20" VPOS="235" HPOS="503"/>
							<String ID="string_20" HPOS="523" VPOS="236" WIDTH="40" HEIGHT="21" WC="0.96" CONTENT="den"/><SP WIDTH="23" VPOS="236" HPOS="563"/>
							<String ID="string_21" HPOS="586" VPOS="238" WIDTH="13" HEIGHT="19" WC="0.96" CONTENT="9"/><SP WIDTH="22" VPOS="238" HPOS="599"/>
							<String ID="string_22" HPOS="621" VPOS="235" WIDTH="125" HEIGHT="27" WC="0.96" CONTENT="September"/><SP WIDTH="18" VPOS="235" HPOS="746"/>
							<String ID="string_23" HPOS="764" VPOS="236" WIDTH="51" HEIGHT="21" WC="0.96" CONTENT="1851"/><SP WIDTH="18" VPOS="236" HPOS="815"/>
							<String ID="string_24" HPOS="833" VPOS="235" WIDTH="98" HEIGHT="27" WC="0.93" CONTENT="stadgas:"/><SP WIDTH="20" VPOS="235" HPOS="931"/>
							<String ID="string_25" HPOS="951" VPOS="235" WIDTH="21" HEIGHT="27" WC="0.90" CONTENT=",I"/><SP WIDTH="15" VPOS="235" HPOS="972"/>
							<String ID="string_26" HPOS="987" VPOS="235" WIDTH="26" HEIGHT="22" WC="0.97" CONTENT="de"/>
						</TextLine>
						<TextLine ID="line_3" HPOS="192" VPOS="263" WIDTH="821" HEIGHT="27">
							<String ID="string_27" HPOS="192" VPOS="264" WIDTH="81" HEIGHT="21" WC="0.96" CONTENT="trakter"/><SP WIDTH="22" VPOS="264" HPOS="273"/>
							<String ID="string_28" HPOS="295" VPOS="264" WIDTH="42" HEIGHT="26" WC="0.96" CONTENT="der,"/><SP WIDTH="15" VPOS="264" HPOS="337"/>
							<String ID="string_29" HPOS="352" VPOS="264" WIDTH="7" HEIGHT="21" WC="0.96" CONTENT="i"/><SP WIDTH="15" VPOS="264" HPOS="359"/>
							<String ID="string_30" HPOS="374" VPOS="264" WIDTH="105" HEIGHT="21" WC="0.96" CONTENT="anseende"/><SP WIDTH="23" VPOS="264" HPOS="479"/>
							<String ID="string_31" HPOS="502" VPOS="264" WIDTH="32" HEIGHT="21" WC="0.96" CONTENT="till"/><SP WIDTH="23" VPOS="264" HPOS="534"/>
							<String ID="string_32" HPOS="557" VPOS="264" WIDTH="103" HEIGHT="21" WC="0.86" CONTENT="närheten"/><SP WIDTH="23" VPOS="264" HPOS="660"/>
							<String ID="string_33" HPOS="683" VPOS="264" WIDTH="22" HEIGHT="21" WC="0.96" CONTENT="af"/><SP WIDTH="20" VPOS="264" HPOS="705"/>
							<String ID="string_34" HPOS="725" VPOS="264" WIDTH="92" HEIGHT="21" WC="0.96" CONTENT="kronans"/><SP WIDTH="25" VPOS="264" HPOS="817"/>
							<String ID="string_35" HPOS="842" VPOS="264" WIDTH="52" HEIGHT="21" WC="0.96" CONTENT="eller"/><SP WIDTH="23" VPOS="264" HPOS="894"/>
							<String ID="string_36" HPOS="917" VPOS="263" WIDTH="96" HEIGHT="22" WC="0.96" CONTENT="enskilda"/>
						</TextLine>
						<TextLine ID="line_4" HPOS="189" VPOS="292" WIDTH="824" HEIGHT="28">
							<String ID="string_37" HPOS="189" VPOS="292" WIDTH="124" HEIGHT="28" WC="0.92" CONTENT="jordegares"/><SP WIDTH="15" VPOS="292" HPOS="313"/>
							<String ID="string_38" HPOS="328" VPOS="293" WIDTH="83" HEIGHT="26" WC="0.96" CONTENT="skogar,"/><SP WIDTH="17" VPOS="293" HPOS="411"/>
							<String ID="string_39" HPOS="428" VPOS="293" WIDTH="99" HEIGHT="27" WC="0.96" CONTENT="tillgrepp"/><SP WIDTH="24" VPOS="293" HPOS="527"/>
							<String ID="string_40" HPOS="551" VPOS="293" WIDTH="22" HEIGHT="21" WC="0.96" CONTENT="af"/><SP WIDTH="14" VPOS="293" HPOS="573"/>
							<String ID="string_41" HPOS="587" VPOS="292" WIDTH="131" HEIGHT="22" WC="0.96" CONTENT="främmande"/><SP WIDTH="25" VPOS="292" HPOS="718"/>
							<String ID="string_42" HPOS="743" VPOS="292" WIDTH="187" HEIGHT="28" WC="0.95" CONTENT="skogsprodukter,"/><SP WIDTH="16" VPOS="292" HPOS="930"/>
							<String ID="string_43" HPOS="946" VPOS="292" WIDTH="67" HEIGHT="22" WC="0.96" CONTENT="under"/>
						</TextLine>
						<TextLine ID="line_5" HPOS="191" VPOS="321" WIDTH="822" HEIGHT="27">
							<String ID="string_44" HPOS="191" VPOS="321" WIDTH="140" HEIGHT="22" WC="0.92" CONTENT="förebärande"/><SP WIDTH="16" VPOS="321" HPOS="331"/>
							<String ID="string_45" HPOS="347" VPOS="324" WIDTH="32" HEIGHT="19" WC="0.96" CONTENT="att"/><SP WIDTH="15" VPOS="324" HPOS="379"/>
							<String ID="string_46" HPOS="394" VPOS="328" WIDTH="51" HEIGHT="14" WC="0.93" CONTENT="vara"/><SP WIDTH="14" VPOS="328" HPOS="445"/>
							<String ID="string_47" HPOS="459" VPOS="322" WIDTH="128" HEIGHT="21" WC="0.92" CONTENT="åverkarens"/><SP WIDTH="15" VPOS="322" HPOS="587"/>
							<String ID="string_48" HPOS="602" VPOS="328" WIDTH="58" HEIGHT="20" WC="0.91" CONTENT="egne,"/><SP WIDTH="17" VPOS="328" HPOS="660"/>
							<String ID="string_49" HPOS="677" VPOS="321" WIDTH="41" HEIGHT="21" WC="0.96" CONTENT="kan"/><SP WIDTH="22" VPOS="321" HPOS="718"/>
							<String ID="string_50" HPOS="740" VPOS="322" WIDTH="134" HEIGHT="26" WC="0.96" CONTENT="förutsättas,"/><SP WIDTH="16" VPOS="322" HPOS="874"/>
							<String ID="string_51" HPOS="890" VPOS="321" WIDTH="54" HEIGHT="21" WC="0.92" CONTENT="skall"/><SP WIDTH="15" VPOS="321" HPOS="944"/>
							<String ID="string_52" HPOS="959" VPOS="321" WIDTH="54" HEIGHT="21" WC="0.92" CONTENT="fors-"/>
						</TextLine>
						<TextLine ID="line_6" HPOS="191" VPOS="350" WIDTH="822" HEIGHT="27">
							<String ID="string_53" HPOS="191" VPOS="350" WIDTH="44" HEIGHT="26" WC="0.96" CONTENT="ling"/><SP WIDTH="15" VPOS="350" HPOS="235"/>
							<String ID="string_54" HPOS="250" VPOS="350" WIDTH="22" HEIGHT="22" WC="0.93" CONTENT="af"/><SP WIDTH="13" VPOS="350" HPOS="272"/>
							<String ID="string_55" HPOS="285" VPOS="350" WIDTH="73" HEIGHT="27" WC="0.92" CONTENT="skogs-"/><SP WIDTH="16" VPOS="350" HPOS="358"/>
							<String ID="string_56" HPOS="374" VPOS="350" WIDTH="39" HEIGHT="21" WC="0.93" CONTENT="och"/><SP WIDTH="22" VPOS="350" HPOS="413"/>
							<String ID="string_57" HPOS="435" VPOS="350" WIDTH="155" HEIGHT="27" WC="0.88" CONTENT="sågprodukter"/><SP WIDTH="22" VPOS="350" HPOS="590"/>
							<String ID="string_58" HPOS="612" VPOS="350" WIDTH="47" HEIGHT="21" WC="0.95" CONTENT="icke"/><SP WIDTH="23" VPOS="350" HPOS="659"/>
							<String ID="string_59" HPOS="682" VPOS="350" WIDTH="79" HEIGHT="21" WC="0.95" CONTENT="tillåtas"/><SP WIDTH="24" VPOS="350" HPOS="761"/>
							<String ID="string_60" HPOS="785" VPOS="350" WIDTH="137" HEIGHT="26" WC="0.96" CONTENT="annorlunda,"/><SP WIDTH="17" VPOS="350" HPOS="922"/>
							<String ID="string_61" HPOS="939" VPOS="352" WIDTH="26" HEIGHT="19" WC="0.95" CONTENT="än"/><SP WIDTH="16" VPOS="352" HPOS="965"/>
							<String ID="string_62" HPOS="981" VPOS="352" WIDTH="32" HEIGHT="19" WC="0.95" CONTENT="att"/>
						</TextLine>
						<TextLine ID="line_7" HPOS="191" VPOS="378" WIDTH="822" HEIGHT="28">
							<String ID="string_63" HPOS="191" VPOS="379" WIDTH="108" HEIGHT="21" WC="0.96" CONTENT="desamma"/><SP WIDTH="21" VPOS="379" HPOS="299"/>
							<String ID="string_64" HPOS="320" VPOS="378" WIDTH="86" HEIGHT="28" WC="0.94" CONTENT="åtföljas"/><SP WIDTH="23" VPOS="378" HPOS="406"/>
							<String ID="string_65" HPOS="429" VPOS="378" WIDTH="21" HEIGHT="22" WC="0.96" CONTENT="af"/><SP WIDTH="21" VPOS="378" HPOS="450"/>
							<String ID="string_66" HPOS="471" VPOS="380" WIDTH="65" HEIGHT="26" WC="0.95" CONTENT="betyg"/><SP WIDTH="22" VPOS="380" HPOS="536"/>
							<String ID="string_67" HPOS="558" VPOS="379" WIDTH="51" HEIGHT="21" WC="0.93" CONTENT="eller"/><SP WIDTH="22" VPOS="379" HPOS="609"/>
							<String ID="string_68" HPOS="631" VPOS="378" WIDTH="140" HEIGHT="28" WC="0.91" CONTENT="förpassning,"/><SP WIDTH="16" VPOS="378" HPOS="771"/>
							<String ID="string_69" HPOS="787" VPOS="384" WIDTH="46" HEIGHT="16" WC="0.96" CONTENT="som"/><SP WIDTH="22" VPOS="384" HPOS="833"/>
							<String ID="string_70" HPOS="855" VPOS="378" WIDTH="158" HEIGHT="22" WC="0.96" CONTENT="vederbörande"/>
						</TextLine>
						<TextLine ID="line_8" HPOS="191" VPOS="406" WIDTH="823" HEIGHT="29">
							<String ID="string_71" HPOS="191" VPOS="408" WIDTH="164" HEIGHT="21" WC="0.96" CONTENT="kronolänsman"/><SP WIDTH="16" VPOS="408" HPOS="355"/>
							<String ID="string_72" HPOS="371" VPOS="414" WIDTH="50" HEIGHT="21" WC="0.96" CONTENT="eger"/><SP WIDTH="14" VPOS="414" HPOS="421"/>
							<String ID="string_73" HPOS="435" VPOS="408" WIDTH="93" HEIGHT="26" WC="0.96" CONTENT="utfärda,"/><SP WIDTH="16" VPOS="408" HPOS="528"/>
							<String ID="string_74" HPOS="544" VPOS="410" WIDTH="55" HEIGHT="19" WC="0.96" CONTENT="samt"/><SP WIDTH="15" VPOS="410" HPOS="599"/>
							<String ID="string_75" HPOS="614" VPOS="408" WIDTH="7" HEIGHT="20" WC="0.95" CONTENT="i"/><SP WIDTH="16" VPOS="408" HPOS="621"/>
							<String ID="string_76" HPOS="637" VPOS="407" WIDTH="100" HEIGHT="21" WC="0.96" CONTENT="händelse"/><SP WIDTH="22" VPOS="407" HPOS="737"/>
							<String ID="string_77" HPOS="759" VPOS="407" WIDTH="121" HEIGHT="27" WC="0.96" CONTENT="produkten"/><SP WIDTH="23" VPOS="407" HPOS="880"/>
							<String ID="string_78" HPOS="903" VPOS="407" WIDTH="19" HEIGHT="27" WC="0.92" CONTENT="ej"/><SP WIDTH="19" VPOS="407" HPOS="922"/>
							<String ID="string_79" HPOS="941" VPOS="406" WIDTH="73" HEIGHT="23" WC="0.88" CONTENT="tillbör"/>
						</TextLine>
						<TextLine ID="line_9" HPOS="194" VPOS="436" WIDTH="821" HEIGHT="27">
							<String ID="string_80" HPOS="194" VPOS="436" WIDTH="47" HEIGHT="27" WC="0.96" CONTENT="den,"/><SP WIDTH="16" VPOS="436" HPOS="241"/>
							<String ID="string_81" HPOS="257" VPOS="442" WIDTH="44" HEIGHT="16" WC="0.96" CONTENT="som"/><SP WIDTH="16" VPOS="442" HPOS="301"/>
							<String ID="string_82" HPOS="317" VPOS="436" WIDTH="122" HEIGHT="22" WC="0.93" CONTENT="densamma"/><SP WIDTH="15" VPOS="436" HPOS="439"/>
							<String ID="string_83" HPOS="454" VPOS="436" WIDTH="137" HEIGHT="25" WC="0.90" CONTENT="framforslar,"/><SP WIDTH="17" VPOS="436" HPOS="591"/>
							<String ID="string_84" HPOS="608" VPOS="436" WIDTH="106" HEIGHT="22" WC="0.96" CONTENT="dessutom"/><SP WIDTH="16" VPOS="436" HPOS="714"/>
							<String ID="string_85" HPOS="730" VPOS="436" WIDTH="22" HEIGHT="21" WC="0.92" CONTENT="af"/><SP WIDTH="14" VPOS="436" HPOS="752"/>
							<String ID="string_86" HPOS="766" VPOS="436" WIDTH="97" HEIGHT="24" WC="0.90" CONTENT="forsedel,"/><SP WIDTH="21" VPOS="436" HPOS="863"/>
							<String ID="string_87" HPOS="884" VPOS="436" WIDTH="93" HEIGHT="27" WC="0.92" CONTENT="utgifven"/><SP WIDTH="15" VPOS="436" HPOS="977"/>
							<String ID="string_88" HPOS="992" VPOS="436" WIDTH="23" HEIGHT="21" WC="0.96" CONTENT="af"/>
						</TextLine>
						<TextLine ID="line_10" HPOS="192" VPOS="465" WIDTH="821" HEIGHT="27">
							<String ID="string_89" HPOS="192" VPOS="471" WIDTH="75" HEIGHT="16" WC="0.93" CONTENT="varans"/><SP WIDTH="22" VPOS="471" HPOS="267"/>
							<String ID="string_90" HPOS="289" VPOS="471" WIDTH="68" HEIGHT="20" WC="0.91" CONTENT="egare."/><SP WIDTH="31" VPOS="471" HPOS="357"/>
							<String ID="string_91" HPOS="388" VPOS="465" WIDTH="38" HEIGHT="22" WC="0.95" CONTENT="Att"/><SP WIDTH="16" VPOS="465" HPOS="426"/>
							<String ID="string_92" HPOS="442" VPOS="465" WIDTH="117" HEIGHT="27" WC="0.95" CONTENT="efterhand,"/><SP WIDTH="15" VPOS="465" HPOS="559"/>
							<String ID="string_93" HPOS="574" VPOS="466" WIDTH="7" HEIGHT="20" WC="0.96" CONTENT="i"/><SP WIDTH="13" VPOS="466" HPOS="581"/>
							<String ID="string_94" HPOS="594" VPOS="465" WIDTH="40" HEIGHT="21" WC="0.96" CONTENT="den"/><SP WIDTH="16" VPOS="465" HPOS="634"/>
							<String ID="string_95" HPOS="650" VPOS="466" WIDTH="48" HEIGHT="20" WC="0.96" CONTENT="mån"/><SP WIDTH="15" VPOS="466" HPOS="698"/>
							<String ID="string_96" HPOS="713" VPOS="466" WIDTH="76" HEIGHT="21" WC="0.96" CONTENT="sådant"/><SP WIDTH="16" VPOS="466" HPOS="789"/>
							<String ID="string_97" HPOS="805" VPOS="465" WIDTH="38" HEIGHT="21" WC="0.96" CONTENT="ske"/><SP WIDTH="14" VPOS="465" HPOS="843"/>
							<String ID="string_98" HPOS="857" VPOS="465" WIDTH="48" HEIGHT="26" WC="0.93" CONTENT="kan,"/><SP WIDTH="18" VPOS="465" HPOS="905"/>
							<String ID="string_99" HPOS="923" VPOS="465" WIDTH="90" HEIGHT="22" WC="0.92" CONTENT="bestäm-"/>
						</TextLine>
						<TextLine ID="line_11" HPOS="191" VPOS="494" WIDTH="821" HEIGHT="27">
							<String ID="string_100" HPOS="191" VPOS="500" WIDTH="35" HEIGHT="15" WC="0.96" CONTENT="ma"/><SP WIDTH="15" VPOS="500" HPOS="226"/>
							<String ID="string_101" HPOS="241" VPOS="494" WIDTH="62" HEIGHT="22" WC="0.96" CONTENT="dessa"/><SP WIDTH="14" VPOS="494" HPOS="303"/>
							<String ID="string_102" HPOS="317" VPOS="494" WIDTH="92" HEIGHT="26" WC="0.95" CONTENT="trakter,"/><SP WIDTH="15" VPOS="494" HPOS="409"/>
							<String ID="string_103" HPOS="424" VPOS="494" WIDTH="74" HEIGHT="22" WC="0.93" CONTENT="tillhör"/><SP WIDTH="15" VPOS="494" HPOS="498"/>
							<String ID="string_104" HPOS="513" VPOS="494" WIDTH="73" HEIGHT="22" WC="0.92" CONTENT="länens"/><SP WIDTH="22" VPOS="494" HPOS="586"/>
							<String ID="string_105" HPOS="608" VPOS="495" WIDTH="124" HEIGHT="26" WC="0.93" CONTENT="styresmän,"/><SP WIDTH="16" VPOS="495" HPOS="732"/>
							<String ID="string_106" HPOS="748" VPOS="494" WIDTH="79" HEIGHT="21" WC="0.91" CONTENT="enhvar"/><SP WIDTH="15" VPOS="494" HPOS="827"/>
							<String ID="string_107" HPOS="842" VPOS="494" WIDTH="56" HEIGHT="21" WC="0.96" CONTENT="inom"/><SP WIDTH="17" VPOS="494" HPOS="898"/>
							<String ID="string_108" HPOS="915" VPOS="495" WIDTH="37" HEIGHT="20" WC="0.96" CONTENT="sitt"/><SP WIDTH="15" VPOS="495" HPOS="952"/>
							<String ID="string_109" HPOS="967" VPOS="495" WIDTH="45" HEIGHT="20" WC="0.96" CONTENT="län:"/>
						</TextLine>
						<TextLine ID="line_12" HPOS="192" VPOS="523" WIDTH="821" HEIGHT="27">
							<String ID="string_110" HPOS="192" VPOS="523" WIDTH="39" HEIGHT="22" WC="0.96" CONTENT="och"/><SP WIDTH="16" VPOS="523" HPOS="231"/>
							<String ID="string_111" HPOS="247" VPOS="523" WIDTH="52" HEIGHT="22" WC="0.93" CONTENT="böra"/><SP WIDTH="15" VPOS="523" HPOS="299"/>
							<String ID="string_112" HPOS="314" VPOS="523" WIDTH="162" HEIGHT="22" WC="0.92" CONTENT="Guvernörerne"/><SP WIDTH="15" VPOS="523" HPOS="476"/>
							<String ID="string_113" HPOS="491" VPOS="523" WIDTH="48" HEIGHT="22" WC="0.96" CONTENT="med"/><SP WIDTH="24" VPOS="523" HPOS="539"/>
							<String ID="string_114" HPOS="563" VPOS="523" WIDTH="46" HEIGHT="22" WC="0.96" CONTENT="sina"/><SP WIDTH="15" VPOS="523" HPOS="609"/>
							<String ID="string_115" HPOS="624" VPOS="523" WIDTH="181" HEIGHT="27" WC="0.96" CONTENT="framställningar"/><SP WIDTH="22" VPOS="523" HPOS="805"/>
							<String ID="string_116" HPOS="827" VPOS="523" WIDTH="75" HEIGHT="21" WC="0.96" CONTENT="härom"/><SP WIDTH="15" VPOS="523" HPOS="902"/>
							<String ID="string_117" HPOS="917" VPOS="523" WIDTH="49" HEIGHT="27" WC="0.96" CONTENT="ingå"/><SP WIDTH="15" VPOS="523" HPOS="966"/>
							<String ID="string_118" HPOS="981" VPOS="523" WIDTH="32" HEIGHT="22" WC="0.96" CONTENT="till"/>
						</TextLine>
						<TextLine ID="line_13" HPOS="191" VPOS="551" WIDTH="822" HEIGHT="28">
							<String ID="string_119" HPOS="191" VPOS="552" WIDTH="102" HEIGHT="22" WC="0.90" CONTENT="Senatens"/><SP WIDTH="23" VPOS="552" HPOS="293"/>
							<String ID="string_120" HPOS="316" VPOS="552" WIDTH="272" HEIGHT="27" WC="0.91" CONTENT="Ekonomiedepartement,"/><SP WIDTH="23" VPOS="552" HPOS="588"/>
							<String ID="string_121" HPOS="611" VPOS="557" WIDTH="46" HEIGHT="16" WC="0.96" CONTENT="som"/><SP WIDTH="22" VPOS="557" HPOS="657"/>
							<String ID="string_122" HPOS="679" VPOS="552" WIDTH="47" HEIGHT="21" WC="0.96" CONTENT="åter"/><SP WIDTH="23" VPOS="552" HPOS="726"/>
							<String ID="string_123" HPOS="749" VPOS="558" WIDTH="49" HEIGHT="21" WC="0.96" CONTENT="eger"/><SP WIDTH="15" VPOS="558" HPOS="798"/>
							<String ID="string_124" HPOS="813" VPOS="552" WIDTH="6" HEIGHT="20" WC="0.96" CONTENT="i"/><SP WIDTH="16" VPOS="552" HPOS="819"/>
							<String ID="string_125" HPOS="835" VPOS="551" WIDTH="52" HEIGHT="28" WC="0.96" CONTENT="följd"/><SP WIDTH="22" VPOS="551" HPOS="887"/>
							<String ID="string_126" HPOS="909" VPOS="551" WIDTH="24" HEIGHT="22" WC="0.96" CONTENT="af"/><SP WIDTH="20" VPOS="551" HPOS="933"/>
							<String ID="string_127" HPOS="953" VPOS="552" WIDTH="60" HEIGHT="21" WC="0.96" CONTENT="dessa"/>
						</TextLine>
						<TextLine ID="line_14" HPOS="191" VPOS="580" WIDTH="822" HEIGHT="28">
							<String ID="string_128" HPOS="191" VPOS="581" WIDTH="182" HEIGHT="26" WC="0.93" CONTENT="framställningar"/><SP WIDTH="24" VPOS="581" HPOS="373"/>
							<String ID="string_129" HPOS="397" VPOS="581" WIDTH="112" HEIGHT="22" WC="0.92" CONTENT="hemställa"/><SP WIDTH="16" VPOS="581" HPOS="509"/>
							<String ID="string_130" HPOS="525" VPOS="581" WIDTH="51" HEIGHT="26" WC="0.96" CONTENT="sina,"/><SP WIDTH="11" VPOS="581" HPOS="576"/>
							<String ID="string_131" HPOS="587" VPOS="580" WIDTH="24" HEIGHT="22" WC="0.96" CONTENT="af"/><SP WIDTH="14" VPOS="580" HPOS="611"/>
							<String ID="string_132" HPOS="625" VPOS="581" WIDTH="150" HEIGHT="27" WC="0.96" CONTENT="upplysningar"/><SP WIDTH="16" VPOS="581" HPOS="775"/>
							<String ID="string_133" HPOS="791" VPOS="587" WIDTH="33" HEIGHT="15" WC="0.93" CONTENT="om"/><SP WIDTH="17" VPOS="587" HPOS="824"/>
							<String ID="string_134" HPOS="841" VPOS="580" WIDTH="172" HEIGHT="23" WC="0.90" CONTENT="lokalförhållan-"/>
						</TextLine>
						<TextLine ID="line_15" HPOS="193" VPOS="609" WIDTH="821" HEIGHT="28">
							<String ID="string_135" HPOS="193" VPOS="610" WIDTH="64" HEIGHT="21" WC="0.92" CONTENT="derne"/><SP WIDTH="15" VPOS="610" HPOS="257"/>
							<String ID="string_136" HPOS="272" VPOS="609" WIDTH="95" HEIGHT="28" WC="0.93" CONTENT="åtföljde,"/><SP WIDTH="15" VPOS="609" HPOS="367"/>
							<String ID="string_137" HPOS="382" VPOS="610" WIDTH="145" HEIGHT="27" WC="0.91" CONTENT="underdåniga"/><SP WIDTH="18" VPOS="610" HPOS="527"/>
							<String ID="string_138" HPOS="545" VPOS="610" WIDTH="124" HEIGHT="21" WC="0.96" CONTENT="utlåtanden"/><SP WIDTH="16" VPOS="610" HPOS="669"/>
							<String ID="string_139" HPOS="685" VPOS="609" WIDTH="32" HEIGHT="22" WC="0.96" CONTENT="till"/><SP WIDTH="22" VPOS="609" HPOS="717"/>
							<String ID="string_140" HPOS="739" VPOS="609" WIDTH="60" HEIGHT="22" WC="0.95" CONTENT="Hans"/><SP WIDTH="15" VPOS="609" HPOS="799"/>
							<String ID="string_141" HPOS="814" VPOS="609" WIDTH="119" HEIGHT="28" WC="0.93" CONTENT="Kejserliga"/><SP WIDTH="16" VPOS="609" HPOS="933"/>
							<String ID="string_142" HPOS="949" VPOS="609" WIDTH="65" HEIGHT="28" WC="0.92" CONTENT="Maje-"/>
						</TextLine>
						<TextLine ID="line_16" HPOS="191" VPOS="638" WIDTH="823" HEIGHT="27">
							<String ID="string_143" HPOS="191" VPOS="640" WIDTH="55" HEIGHT="19" WC="0.92" CONTENT="stäts"/><SP WIDTH="15" VPOS="640" HPOS="246"/>
							<String ID="string_144" HPOS="261" VPOS="638" WIDTH="82" HEIGHT="27" WC="0.92" CONTENT="Nädiga"/><SP WIDTH="23" VPOS="638" HPOS="343"/>
							<String ID="string_145" HPOS="366" VPOS="638" WIDTH="171" HEIGHT="27" WC="0.79" CONTENT="godtfinnande*."/><SP WIDTH="31" VPOS="638" HPOS="537"/>
							<String ID="string_146" HPOS="568" VPOS="638" WIDTH="73" HEIGHT="22" WC="0.94" CONTENT="Under"/><SP WIDTH="24" VPOS="638" HPOS="641"/>
							<String ID="string_147" HPOS="665" VPOS="638" WIDTH="80" HEIGHT="22" WC="0.96" CONTENT="sådana"/><SP WIDTH="24" VPOS="638" HPOS="745"/>
							<String ID="string_148" HPOS="769" VPOS="638" WIDTH="146" HEIGHT="22" WC="0.96" CONTENT="förhållanden"/><SP WIDTH="16" VPOS="638" HPOS="915"/>
							<String ID="string_149" HPOS="931" VPOS="638" WIDTH="40" HEIGHT="22" WC="0.96" CONTENT="och"/><SP WIDTH="16" VPOS="638" HPOS="971"/>
							<String ID="string_150" HPOS="987" VPOS="638" WIDTH="27" HEIGHT="22" WC="0.96" CONTENT="då"/>
						</TextLine>
						<TextLine ID="line_17" HPOS="192" VPOS="667" WIDTH="821" HEIGHT="28">
							<String ID="string_151" HPOS="192" VPOS="667" WIDTH="91" HEIGHT="22" WC="0.93" CONTENT="berörda"/><SP WIDTH="14" VPOS="667" HPOS="283"/>
							<String ID="string_152" HPOS="297" VPOS="667" WIDTH="196" HEIGHT="28" WC="0.92" CONTENT="skogsförordning,"/><SP WIDTH="14" VPOS="667" HPOS="493"/>
							<String ID="string_153" HPOS="507" VPOS="667" WIDTH="85" HEIGHT="22" WC="0.96" CONTENT="hvilken"/><SP WIDTH="15" VPOS="667" HPOS="592"/>
							<String ID="string_154" HPOS="607" VPOS="667" WIDTH="34" HEIGHT="21" WC="0.96" CONTENT="väl"/><SP WIDTH="15" VPOS="667" HPOS="641"/>
							<String ID="string_155" HPOS="656" VPOS="667" WIDTH="39" HEIGHT="21" WC="0.96" CONTENT="har"/><SP WIDTH="14" VPOS="667" HPOS="695"/>
							<String ID="string_156" HPOS="709" VPOS="667" WIDTH="122" HEIGHT="22" WC="0.96" CONTENT="tillkommit"/><SP WIDTH="10" VPOS="667" HPOS="831"/>
							<String ID="string_157" HPOS="841" VPOS="667" WIDTH="28" HEIGHT="28" WC="0.93" CONTENT="på"/><SP WIDTH="10" VPOS="667" HPOS="869"/>
							<String ID="string_158" HPOS="879" VPOS="667" WIDTH="134" HEIGHT="22" WC="0.90" CONTENT="administra-"/>
						</TextLine>
						<TextLine ID="line_18" HPOS="192" VPOS="696" WIDTH="821" HEIGHT="27">
							<String ID="string_159" HPOS="192" VPOS="696" WIDTH="29" HEIGHT="21" WC="0.96" CONTENT="tiv"/><SP WIDTH="16" VPOS="696" HPOS="221"/>
							<String ID="string_160" HPOS="237" VPOS="697" WIDTH="46" HEIGHT="26" WC="0.96" CONTENT="väg,"/><SP WIDTH="16" VPOS="697" HPOS="283"/>
							<String ID="string_161" HPOS="299" VPOS="696" WIDTH="54" HEIGHT="22" WC="0.96" CONTENT="dock"/><SP WIDTH="25" VPOS="696" HPOS="353"/>
							<String ID="string_162" HPOS="378" VPOS="696" WIDTH="129" HEIGHT="22" WC="0.95" CONTENT="fortfarande"/><SP WIDTH="22" VPOS="696" HPOS="507"/>
							<String ID="string_163" HPOS="529" VPOS="698" WIDTH="25" HEIGHT="19" WC="0.96" CONTENT="är"/><SP WIDTH="14" VPOS="698" HPOS="554"/>
							<String ID="string_164" HPOS="568" VPOS="697" WIDTH="7" HEIGHT="20" WC="0.96" CONTENT="i"/><SP WIDTH="15" VPOS="697" HPOS="575"/>
							<String ID="string_165" HPOS="590" VPOS="696" WIDTH="98" HEIGHT="27" WC="0.96" CONTENT="gällande"/><SP WIDTH="21" VPOS="696" HPOS="688"/>
							<String ID="string_166" HPOS="709" VPOS="696" WIDTH="58" HEIGHT="21" WC="0.95" CONTENT="kraft"/><SP WIDTH="22" VPOS="696" HPOS="767"/>
							<String ID="string_167" HPOS="789" VPOS="696" WIDTH="55" HEIGHT="21" WC="0.95" CONTENT="intill"/><SP WIDTH="23" VPOS="696" HPOS="844"/>
							<String ID="string_168" HPOS="867" VPOS="697" WIDTH="48" HEIGHT="21" WC="0.95" CONTENT="dess"/><SP WIDTH="23" VPOS="697" HPOS="915"/>
							<String ID="string_169" HPOS="938" VPOS="702" WIDTH="26" HEIGHT="15" WC="0.95" CONTENT="en"/><SP WIDTH="22" VPOS="702" HPOS="964"/>
							<String ID="string_170" HPOS="986" VPOS="702" WIDTH="27" HEIGHT="21" WC="0.95" CONTENT="ny"/>
						</TextLine>
						<TextLine ID="line_19" HPOS="193" VPOS="724" WIDTH="819" HEIGHT="28">
							<String ID="string_171" HPOS="193" VPOS="724" WIDTH="98" HEIGHT="28" WC="0.90" CONTENT="skogslag"/><SP WIDTH="15" VPOS="724" HPOS="291"/>
							<String ID="string_172" HPOS="306" VPOS="725" WIDTH="101" HEIGHT="26" WC="0.96" CONTENT="utfärdas,"/><SP WIDTH="16" VPOS="725" HPOS="407"/>
							<String ID="string_173" HPOS="423" VPOS="731" WIDTH="62" HEIGHT="20" WC="0.96" CONTENT="synes"/><SP WIDTH="24" VPOS="731" HPOS="485"/>
							<String ID="string_174" HPOS="509" VPOS="725" WIDTH="48" HEIGHT="26" WC="0.96" CONTENT="mig,"/><SP WIDTH="16" VPOS="725" HPOS="557"/>
							<String ID="string_175" HPOS="573" VPOS="727" WIDTH="32" HEIGHT="19" WC="0.96" CONTENT="att"/><SP WIDTH="22" VPOS="727" HPOS="605"/>
							<String ID="string_176" HPOS="627" VPOS="726" WIDTH="103" HEIGHT="25" WC="0.96" CONTENT="styrelsen"/><SP WIDTH="16" VPOS="726" HPOS="730"/>
							<String ID="string_177" HPOS="746" VPOS="727" WIDTH="36" HEIGHT="24" WC="0.96" CONTENT="egt"/><SP WIDTH="24" VPOS="727" HPOS="782"/>
							<String ID="string_178" HPOS="806" VPOS="725" WIDTH="65" HEIGHT="26" WC="0.96" CONTENT="laglig"/><SP WIDTH="14" VPOS="725" HPOS="871"/>
							<String ID="string_179" HPOS="885" VPOS="725" WIDTH="127" HEIGHT="27" WC="0.96" CONTENT="befogenhet"/>
						</TextLine>
						<TextLine ID="line_20" HPOS="192" VPOS="753" WIDTH="821" HEIGHT="28">
							<String ID="string_180" HPOS="192" VPOS="755" WIDTH="32" HEIGHT="19" WC="0.95" CONTENT="att"/><SP WIDTH="15" VPOS="755" HPOS="224"/>
							<String ID="string_181" HPOS="239" VPOS="753" WIDTH="7" HEIGHT="22" WC="0.95" CONTENT="i"/><SP WIDTH="15" VPOS="753" HPOS="246"/>
							<String ID="string_182" HPOS="261" VPOS="754" WIDTH="138" HEIGHT="21" WC="0.96" CONTENT="förevarande"/><SP WIDTH="15" VPOS="754" HPOS="399"/>
							<String ID="string_183" HPOS="414" VPOS="753" WIDTH="35" HEIGHT="22" WC="0.96" CONTENT="fall"/><SP WIDTH="16" VPOS="753" HPOS="449"/>
							<String ID="string_184" HPOS="465" VPOS="754" WIDTH="97" HEIGHT="26" WC="0.96" CONTENT="tillämpa"/><SP WIDTH="15" VPOS="754" HPOS="562"/>
							<String ID="string_185" HPOS="577" VPOS="754" WIDTH="66" HEIGHT="27" WC="0.96" CONTENT="sagda"/><SP WIDTH="22" VPOS="754" HPOS="643"/>
							<String ID="string_186" HPOS="665" VPOS="754" WIDTH="123" HEIGHT="26" WC="0.95" CONTENT="stadgande."/><SP WIDTH="29" VPOS="754" HPOS="788"/>
							<String ID="string_187" HPOS="817" VPOS="753" WIDTH="41" HEIGHT="27" WC="0.96" CONTENT="Jag"/><SP WIDTH="16" VPOS="753" HPOS="858"/>
							<String ID="string_188" HPOS="874" VPOS="753" WIDTH="36" HEIGHT="22" WC="0.96" CONTENT="vill"/><SP WIDTH="15" VPOS="753" HPOS="910"/>
							<String ID="string_189" HPOS="925" VPOS="754" WIDTH="88" HEIGHT="21" WC="0.96" CONTENT="härmed"/>
						</TextLine>
						<TextLine ID="line_21" HPOS="192" VPOS="781" WIDTH="821" HEIGHT="29">
							<String ID="string_190" HPOS="192" VPOS="782" WIDTH="122" HEIGHT="27" WC="0.96" CONTENT="visserligen"/><SP WIDTH="15" VPOS="782" HPOS="314"/>
							<String ID="string_191" HPOS="329" VPOS="782" WIDTH="47" HEIGHT="22" WC="0.96" CONTENT="icke"/><SP WIDTH="16" VPOS="782" HPOS="376"/>
							<String ID="string_192" HPOS="392" VPOS="782" WIDTH="66" HEIGHT="27" WC="0.95" CONTENT="påstå,"/><SP WIDTH="16" VPOS="782" HPOS="458"/>
							<String ID="string_193" HPOS="474" VPOS="785" WIDTH="33" HEIGHT="19" WC="0.96" CONTENT="att"/><SP WIDTH="12" VPOS="785" HPOS="507"/>
							<String ID="string_194" HPOS="519" VPOS="783" WIDTH="24" HEIGHT="27" WC="0.96" CONTENT="ju"/><SP WIDTH="15" VPOS="783" HPOS="543"/>
							<String ID="string_195" HPOS="558" VPOS="783" WIDTH="46" HEIGHT="21" WC="0.96" CONTENT="icke"/><SP WIDTH="25" VPOS="783" HPOS="604"/>
							<String ID="string_196" HPOS="629" VPOS="781" WIDTH="98" HEIGHT="22" WC="0.96" CONTENT="förbudet"/><SP WIDTH="22" VPOS="781" HPOS="727"/>
							<String ID="string_197" HPOS="749" VPOS="782" WIDTH="94" HEIGHT="27" WC="0.96" CONTENT="ingriper"/><SP WIDTH="15" VPOS="782" HPOS="843"/>
							<String ID="string_198" HPOS="858" VPOS="782" WIDTH="7" HEIGHT="21" WC="0.96" CONTENT="i"/><SP WIDTH="16" VPOS="782" HPOS="865"/>
							<String ID="string_199" HPOS="881" VPOS="782" WIDTH="39" HEIGHT="21" WC="0.93" CONTENT="den"/><SP WIDTH="17" VPOS="782" HPOS="920"/>
							<String ID="string_200" HPOS="937" VPOS="782" WIDTH="76" HEIGHT="21" WC="0.91" CONTENT="enskil-"/>
						</TextLine>
						<TextLine ID="line_22" HPOS="193" VPOS="810" WIDTH="821" HEIGHT="28">
							<String ID="string_201" HPOS="193" VPOS="811" WIDTH="37" HEIGHT="21" WC="0.96" CONTENT="des"/><SP WIDTH="21" VPOS="811" HPOS="230"/>
							<String ID="string_202" HPOS="251" VPOS="810" WIDTH="40" HEIGHT="22" WC="0.93" CONTENT="fria"/><SP WIDTH="23" VPOS="810" HPOS="291"/>
							<String ID="string_203" HPOS="314" VPOS="811" WIDTH="180" HEIGHT="26" WC="0.91" CONTENT="förfogningsrätt."/><SP WIDTH="30" VPOS="811" HPOS="494"/>
							<String ID="string_204" HPOS="524" VPOS="811" WIDTH="49" HEIGHT="22" WC="0.95" CONTENT="Men"/><SP WIDTH="22" VPOS="811" HPOS="573"/>
							<String ID="string_205" HPOS="595" VPOS="811" WIDTH="36" HEIGHT="21" WC="0.95" CONTENT="det"/><SP WIDTH="21" VPOS="811" HPOS="631"/>
							<String ID="string_206" HPOS="652" VPOS="810" WIDTH="66" HEIGHT="22" WC="0.96" CONTENT="finnes"/><SP WIDTH="15" VPOS="810" HPOS="718"/>
							<String ID="string_207" HPOS="733" VPOS="811" WIDTH="22" HEIGHT="27" WC="0.96" CONTENT="ju"/><SP WIDTH="15" VPOS="811" HPOS="755"/>
							<String ID="string_208" HPOS="770" VPOS="811" WIDTH="66" HEIGHT="21" WC="0.96" CONTENT="också"/><SP WIDTH="15" VPOS="811" HPOS="836"/>
							<String ID="string_209" HPOS="851" VPOS="811" WIDTH="66" HEIGHT="21" WC="0.93" CONTENT="andra"/><SP WIDTH="15" VPOS="811" HPOS="917"/>
							<String ID="string_210" HPOS="932" VPOS="811" WIDTH="82" HEIGHT="21" WC="0.91" CONTENT="undan-"/>
						</TextLine>
						<TextLine ID="line_23" HPOS="193" VPOS="839" WIDTH="820" HEIGHT="28">
							<String ID="string_211" HPOS="193" VPOS="839" WIDTH="241" HEIGHT="28" WC="0.89" CONTENT="tagslagbestämningar"/><SP WIDTH="21" VPOS="839" HPOS="434"/>
							<String ID="string_212" HPOS="455" VPOS="839" WIDTH="22" HEIGHT="22" WC="0.96" CONTENT="af"/><SP WIDTH="22" VPOS="839" HPOS="477"/>
							<String ID="string_213" HPOS="499" VPOS="841" WIDTH="88" HEIGHT="26" WC="0.96" CONTENT="ungefär"/><SP WIDTH="16" VPOS="841" HPOS="587"/>
							<String ID="string_214" HPOS="603" VPOS="840" WIDTH="92" HEIGHT="21" WC="0.96" CONTENT="likartad"/><SP WIDTH="16" VPOS="840" HPOS="695"/>
							<String ID="string_215" HPOS="711" VPOS="839" WIDTH="152" HEIGHT="22" WC="0.95" CONTENT="beskaffenhet."/><SP WIDTH="30" VPOS="839" HPOS="863"/>
							<String ID="string_216" HPOS="893" VPOS="840" WIDTH="42" HEIGHT="21" WC="0.95" CONTENT="För"/><SP WIDTH="16" VPOS="840" HPOS="935"/>
							<String ID="string_217" HPOS="951" VPOS="840" WIDTH="62" HEIGHT="27" WC="0.96" CONTENT="öfrigt"/>
						</TextLine>
						<TextLine ID="line_24" HPOS="192" VPOS="868" WIDTH="821" HEIGHT="29">
							<String ID="string_218" HPOS="192" VPOS="871" WIDTH="25" HEIGHT="18" WC="0.96" CONTENT="är"/><SP WIDTH="12" VPOS="871" HPOS="217"/>
							<String ID="string_219" HPOS="229" VPOS="869" WIDTH="25" HEIGHT="27" WC="0.96" CONTENT="ju"/><SP WIDTH="15" VPOS="869" HPOS="254"/>
							<String ID="string_220" HPOS="269" VPOS="869" WIDTH="18" HEIGHT="26" WC="0.96" CONTENT="ej"/><SP WIDTH="17" VPOS="869" HPOS="287"/>
							<String ID="string_221" HPOS="304" VPOS="869" WIDTH="66" HEIGHT="22" WC="0.93" CONTENT="heller"/><SP WIDTH="15" VPOS="869" HPOS="370"/>
							<String ID="string_222" HPOS="385" VPOS="869" WIDTH="128" HEIGHT="28" WC="0.91" CONTENT="stadgandet"/><SP WIDTH="16" VPOS="869" HPOS="513"/>
							<String ID="string_223" HPOS="529" VPOS="875" WIDTH="34" HEIGHT="16" WC="0.91" CONTENT="om"/><SP WIDTH="16" VPOS="875" HPOS="563"/>
							<String ID="string_224" HPOS="579" VPOS="868" WIDTH="203" HEIGHT="27" WC="0.91" CONTENT="virkesförpassning"/><SP WIDTH="15" VPOS="868" HPOS="782"/>
							<String ID="string_225" HPOS="797" VPOS="869" WIDTH="24" HEIGHT="21" WC="0.96" CONTENT="af"/><SP WIDTH="14" VPOS="869" HPOS="821"/>
							<String ID="string_226" HPOS="835" VPOS="869" WIDTH="64" HEIGHT="26" WC="0.96" CONTENT="något"/><SP WIDTH="15" VPOS="869" HPOS="899"/>
							<String ID="string_227" HPOS="914" VPOS="870" WIDTH="47" HEIGHT="26" WC="0.93" CONTENT="nytt"/><SP WIDTH="16" VPOS="870" HPOS="961"/>
							<String ID="string_228" HPOS="977" VPOS="869" WIDTH="36" HEIGHT="21" WC="0.92" CONTENT="da-"/>
						</TextLine>
						<TextLine ID="line_25" HPOS="192" VPOS="897" WIDTH="822" HEIGHT="28">
							<String ID="string_229" HPOS="192" VPOS="899" WIDTH="52" HEIGHT="20" WC="0.95" CONTENT="tum."/><SP WIDTH="29" VPOS="899" HPOS="244"/>
							<String ID="string_230" HPOS="273" VPOS="897" WIDTH="31" HEIGHT="28" WC="0.96" CONTENT="Ty"/><SP WIDTH="16" VPOS="897" HPOS="304"/>
							<String ID="string_231" HPOS="320" VPOS="898" WIDTH="65" HEIGHT="21" WC="0.96" CONTENT="redan"/><SP WIDTH="15" VPOS="898" HPOS="385"/>
							<String ID="string_232" HPOS="400" VPOS="898" WIDTH="40" HEIGHT="21" WC="0.96" CONTENT="den"/><SP WIDTH="17" VPOS="898" HPOS="440"/>
							<String ID="string_233" HPOS="457" VPOS="897" WIDTH="126" HEIGHT="27" WC="0.93" CONTENT="föregående"/><SP WIDTH="24" VPOS="897" HPOS="583"/>
							<String ID="string_234" HPOS="607" VPOS="897" WIDTH="214" HEIGHT="28" WC="0.91" CONTENT="skogsförordningen"/><SP WIDTH="15" VPOS="897" HPOS="821"/>
							<String ID="string_235" HPOS="836" VPOS="897" WIDTH="23" HEIGHT="22" WC="0.96" CONTENT="af"/><SP WIDTH="14" VPOS="897" HPOS="859"/>
							<String ID="string_236" HPOS="873" VPOS="898" WIDTH="24" HEIGHT="21" WC="0.96" CONTENT="år"/><SP WIDTH="16" VPOS="898" HPOS="897"/>
							<String ID="string_237" HPOS="913" VPOS="898" WIDTH="55" HEIGHT="21" WC="0.92" CONTENT="1805"/><SP WIDTH="16" VPOS="898" HPOS="968"/>
							<String ID="string_238" HPOS="984" VPOS="898" WIDTH="30" HEIGHT="21" WC="0.91" CONTENT="in-"/>
						</TextLine>
						<TextLine ID="line_26" HPOS="192" VPOS="926" WIDTH="822" HEIGHT="28">
							<String ID="string_239" HPOS="192" VPOS="926" WIDTH="71" HEIGHT="21" WC="0.90" CONTENT="nehöll"/><SP WIDTH="16" VPOS="926" HPOS="263"/>
							<String ID="string_240" HPOS="279" VPOS="926" WIDTH="133" HEIGHT="27" WC="0.96" CONTENT="bestämning"/><SP WIDTH="15" VPOS="926" HPOS="412"/>
							<String ID="string_241" HPOS="427" VPOS="927" WIDTH="5" HEIGHT="20" WC="0.96" CONTENT="i"/><SP WIDTH="16" VPOS="927" HPOS="432"/>
							<String ID="string_242" HPOS="448" VPOS="927" WIDTH="71" HEIGHT="27" WC="0.96" CONTENT="saken,"/><SP WIDTH="16" VPOS="927" HPOS="519"/>
							<String ID="string_243" HPOS="535" VPOS="927" WIDTH="68" HEIGHT="21" WC="0.96" CONTENT="ehuru"/><SP WIDTH="21" VPOS="927" HPOS="603"/>
							<String ID="string_244" HPOS="624" VPOS="927" WIDTH="47" HEIGHT="20" WC="0.96" CONTENT="icke"/><SP WIDTH="22" VPOS="927" HPOS="671"/>
							<String ID="string_245" HPOS="693" VPOS="926" WIDTH="33" HEIGHT="21" WC="0.95" CONTENT="till"/><SP WIDTH="23" VPOS="926" HPOS="726"/>
							<String ID="string_246" HPOS="749" VPOS="926" WIDTH="36" HEIGHT="21" WC="0.96" CONTENT="det"/><SP WIDTH="22" VPOS="926" HPOS="785"/>
							<String ID="string_247" HPOS="807" VPOS="926" WIDTH="92" HEIGHT="27" WC="0.94" CONTENT="omfång,"/><SP WIDTH="16" VPOS="926" HPOS="899"/>
							<String ID="string_248" HPOS="915" VPOS="933" WIDTH="45" HEIGHT="15" WC="0.96" CONTENT="som"/><SP WIDTH="16" VPOS="933" HPOS="960"/>
							<String ID="string_249" HPOS="976" VPOS="926" WIDTH="38" HEIGHT="21" WC="0.96" CONTENT="här"/>
						</TextLine>
						<TextLine ID="line_27" HPOS="192" VPOS="955" WIDTH="822" HEIGHT="27">
							<String ID="string_250" HPOS="192" VPOS="961" WIDTH="28" HEIGHT="15" WC="0.94" CONTENT="nu"/><SP WIDTH="15" VPOS="961" HPOS="220"/>
							<String ID="string_251" HPOS="235" VPOS="957" WIDTH="25" HEIGHT="19" WC="0.96" CONTENT="är"/><SP WIDTH="14" VPOS="957" HPOS="260"/>
							<String ID="string_252" HPOS="274" VPOS="955" WIDTH="6" HEIGHT="20" WC="0.96" CONTENT="i"/><SP WIDTH="16" VPOS="955" HPOS="280"/>
							<String ID="string_253" HPOS="296" VPOS="955" WIDTH="65" HEIGHT="27" WC="0.91" CONTENT="fråga."/><SP WIDTH="17" VPOS="955" HPOS="361"/>
							<String ID="string_254" HPOS="378" VPOS="967" WIDTH="27" HEIGHT="3" WC="0.91" CONTENT="—"/><SP WIDTH="15" VPOS="967" HPOS="405"/>
							<String ID="string_255" HPOS="420" VPOS="955" WIDTH="62" HEIGHT="22" WC="0.95" CONTENT="Hvad"/><SP WIDTH="16" VPOS="955" HPOS="482"/>
							<String ID="string_256" HPOS="498" VPOS="955" WIDTH="99" HEIGHT="22" WC="0.95" CONTENT="särskildt"/><SP WIDTH="15" VPOS="955" HPOS="597"/>
							<String ID="string_257" HPOS="612" VPOS="955" WIDTH="115" HEIGHT="21" WC="0.96" CONTENT="utskottets"/><SP WIDTH="16" VPOS="955" HPOS="727"/>
							<String ID="string_258" HPOS="743" VPOS="955" WIDTH="80" HEIGHT="27" WC="0.93" CONTENT="förslag"/><SP WIDTH="10" VPOS="955" HPOS="823"/>
							<String ID="string_259" HPOS="833" VPOS="955" WIDTH="136" HEIGHT="26" WC="0.91" CONTENT="vidkommer,"/><SP WIDTH="12" VPOS="955" HPOS="969"/>
							<String ID="string_260" HPOS="981" VPOS="955" WIDTH="33" HEIGHT="22" WC="0.96" CONTENT="får"/>
						</TextLine>
						<TextLine ID="line_28" HPOS="189" VPOS="983" WIDTH="824" HEIGHT="28">
							<String ID="string_261" HPOS="189" VPOS="984" WIDTH="37" HEIGHT="27" WC="0.96" CONTENT="jag"/><SP WIDTH="15" VPOS="984" HPOS="226"/>
							<String ID="string_262" HPOS="241" VPOS="985" WIDTH="29" HEIGHT="26" WC="0.96" CONTENT="på"/><SP WIDTH="12" VPOS="985" HPOS="270"/>
							<String ID="string_263" HPOS="282" VPOS="984" WIDTH="26" HEIGHT="21" WC="0.96" CONTENT="de"/><SP WIDTH="12" VPOS="984" HPOS="308"/>
							<String ID="string_264" HPOS="320" VPOS="984" WIDTH="55" HEIGHT="27" WC="0.96" CONTENT="goda"/><SP WIDTH="16" VPOS="984" HPOS="375"/>
							<String ID="string_265" HPOS="391" VPOS="984" WIDTH="45" HEIGHT="21" WC="0.96" CONTENT="skäl"/><SP WIDTH="15" VPOS="984" HPOS="436"/>
							<String ID="string_266" HPOS="451" VPOS="984" WIDTH="107" HEIGHT="22" WC="0.96" CONTENT="utskottet"/><SP WIDTH="16" VPOS="984" HPOS="558"/>
							<String ID="string_267" HPOS="574" VPOS="983" WIDTH="71" HEIGHT="22" WC="0.96" CONTENT="derför"/><SP WIDTH="14" VPOS="983" HPOS="645"/>
							<String ID="string_268" HPOS="659" VPOS="983" WIDTH="39" HEIGHT="22" WC="0.96" CONTENT="har"/><SP WIDTH="16" VPOS="983" HPOS="698"/>
							<String ID="string_269" HPOS="714" VPOS="984" WIDTH="70" HEIGHT="21" WC="0.96" CONTENT="anfört"/><SP WIDTH="16" VPOS="984" HPOS="784"/>
							<String ID="string_270" HPOS="800" VPOS="984" WIDTH="87" HEIGHT="21" WC="0.96" CONTENT="förorda"/><SP WIDTH="14" VPOS="984" HPOS="887"/>
							<String ID="string_271" HPOS="901" VPOS="984" WIDTH="112" HEIGHT="26" WC="0.95" CONTENT="förslagets"/>
						</TextLine>
						<TextLine ID="line_29" HPOS="192" VPOS="1013" WIDTH="160" HEIGHT="27">
							<String ID="string_272" HPOS="192" VPOS="1013" WIDTH="160" HEIGHT="27" WC="0.96" CONTENT="godkännande."/>
						</TextLine>
					</TextBlock>
				</ComposedBlock>
				<ComposedBlock ID="cblock_3" HPOS="193" VPOS="1069" WIDTH="823" HEIGHT="487">
					<TextBlock ID="block_2" HPOS="193" VPOS="1069" WIDTH="823" HEIGHT="487">
						<TextLine ID="line_30" HPOS="261" VPOS="1069" WIDTH="753" HEIGHT="28">
							<String ID="string_273" HPOS="261" VPOS="1070" WIDTH="55" HEIGHT="21" WC="0.95" CONTENT="Herr"/><SP WIDTH="15" VPOS="1070" HPOS="316"/>
							<String ID="string_274" HPOS="331" VPOS="1069" WIDTH="164" HEIGHT="27" WC="0.94" CONTENT="Federley:"/><SP WIDTH="23" VPOS="1069" HPOS="495"/>
							<String ID="string_275" HPOS="518" VPOS="1070" WIDTH="11" HEIGHT="21" WC="0.96" CONTENT="I"/><SP WIDTH="15" VPOS="1070" HPOS="529"/>
							<String ID="string_276" HPOS="544" VPOS="1069" WIDTH="67" HEIGHT="22" WC="0.96" CONTENT="likhet"/><SP WIDTH="22" VPOS="1069" HPOS="611"/>
							<String ID="string_277" HPOS="633" VPOS="1069" WIDTH="47" HEIGHT="22" WC="0.96" CONTENT="med"/><SP WIDTH="22" VPOS="1069" HPOS="680"/>
							<String ID="string_278" HPOS="702" VPOS="1070" WIDTH="105" HEIGHT="21" WC="0.95" CONTENT="utskottet"/><SP WIDTH="22" VPOS="1070" HPOS="807"/>
							<String ID="string_279" HPOS="829" VPOS="1070" WIDTH="68" HEIGHT="21" WC="0.96" CONTENT="finner"/><SP WIDTH="20" VPOS="1070" HPOS="897"/>
							<String ID="string_280" HPOS="917" VPOS="1070" WIDTH="41" HEIGHT="27" WC="0.96" CONTENT="jag,"/><SP WIDTH="24" VPOS="1070" HPOS="958"/>
							<String ID="string_281" HPOS="982" VPOS="1072" WIDTH="32" HEIGHT="19" WC="0.96" CONTENT="att"/>
						</TextLine>
						<TextLine ID="line_31" HPOS="193" VPOS="1098" WIDTH="822" HEIGHT="27">
							<String ID="string_282" HPOS="193" VPOS="1099" WIDTH="36" HEIGHT="20" WC="0.96" CONTENT="det"/><SP WIDTH="15" VPOS="1099" HPOS="229"/>
							<String ID="string_283" HPOS="244" VPOS="1098" WIDTH="139" HEIGHT="22" WC="0.96" CONTENT="förevarande"/><SP WIDTH="15" VPOS="1098" HPOS="383"/>
							<String ID="string_284" HPOS="398" VPOS="1098" WIDTH="77" HEIGHT="26" WC="0.93" CONTENT="nådiga"/><SP WIDTH="15" VPOS="1098" HPOS="475"/>
							<String ID="string_285" HPOS="490" VPOS="1098" WIDTH="81" HEIGHT="22" WC="0.91" CONTENT="brefvet"/><SP WIDTH="22" VPOS="1098" HPOS="571"/>
							<String ID="string_286" HPOS="593" VPOS="1098" WIDTH="23" HEIGHT="21" WC="0.96" CONTENT="af"/><SP WIDTH="20" VPOS="1098" HPOS="616"/>
							<String ID="string_287" HPOS="636" VPOS="1098" WIDTH="40" HEIGHT="21" WC="0.96" CONTENT="den"/><SP WIDTH="16" VPOS="1098" HPOS="676"/>
							<String ID="string_288" HPOS="692" VPOS="1099" WIDTH="13" HEIGHT="20" WC="0.96" CONTENT="5"/><SP WIDTH="16" VPOS="1099" HPOS="705"/>
							<String ID="string_289" HPOS="721" VPOS="1099" WIDTH="42" HEIGHT="26" WC="0.96" CONTENT="Maj"/><SP WIDTH="19" VPOS="1099" HPOS="763"/>
							<String ID="string_290" HPOS="782" VPOS="1099" WIDTH="53" HEIGHT="21" WC="0.96" CONTENT="1881"/><SP WIDTH="17" VPOS="1099" HPOS="835"/>
							<String ID="string_291" HPOS="852" VPOS="1098" WIDTH="117" HEIGHT="22" WC="0.94" CONTENT="innehåller"/><SP WIDTH="15" VPOS="1098" HPOS="969"/>
							<String ID="string_292" HPOS="984" VPOS="1101" WIDTH="31" HEIGHT="18" WC="0.96" CONTENT="ett"/>
						</TextLine>
						<TextLine ID="line_32" HPOS="193" VPOS="1126" WIDTH="821" HEIGHT="28">
							<String ID="string_293" HPOS="193" VPOS="1127" WIDTH="120" HEIGHT="27" WC="0.96" CONTENT="betänkligt"/><SP WIDTH="15" VPOS="1127" HPOS="313"/>
							<String ID="string_294" HPOS="328" VPOS="1127" WIDTH="87" HEIGHT="26" WC="0.96" CONTENT="ingrepp"/><SP WIDTH="12" VPOS="1127" HPOS="415"/>
							<String ID="string_295" HPOS="427" VPOS="1127" WIDTH="5" HEIGHT="20" WC="0.96" CONTENT="i"/><SP WIDTH="14" VPOS="1127" HPOS="432"/>
							<String ID="string_296" HPOS="446" VPOS="1127" WIDTH="40" HEIGHT="21" WC="0.96" CONTENT="den"/><SP WIDTH="16" VPOS="1127" HPOS="486"/>
							<String ID="string_297" HPOS="502" VPOS="1127" WIDTH="94" HEIGHT="21" WC="0.93" CONTENT="enskilde"/><SP WIDTH="16" VPOS="1127" HPOS="596"/>
							<String ID="string_298" HPOS="612" VPOS="1126" WIDTH="153" HEIGHT="28" WC="0.90" CONTENT="skogsegarens"/><SP WIDTH="16" VPOS="1126" HPOS="765"/>
							<String ID="string_299" HPOS="781" VPOS="1129" WIDTH="44" HEIGHT="19" WC="0.96" CONTENT="rätt"/><SP WIDTH="15" VPOS="1129" HPOS="825"/>
							<String ID="string_300" HPOS="840" VPOS="1130" WIDTH="32" HEIGHT="19" WC="0.96" CONTENT="att"/><SP WIDTH="15" VPOS="1130" HPOS="872"/>
							<String ID="string_301" HPOS="887" VPOS="1127" WIDTH="81" HEIGHT="27" WC="0.93" CONTENT="förfoga"/><SP WIDTH="15" VPOS="1127" HPOS="968"/>
							<String ID="string_302" HPOS="983" VPOS="1127" WIDTH="31" HEIGHT="21" WC="0.92" CONTENT="öf-"/>
						</TextLine>
						<TextLine ID="line_33" HPOS="193" VPOS="1155" WIDTH="821" HEIGHT="28">
							<String ID="string_303" HPOS="193" VPOS="1162" WIDTH="37" HEIGHT="15" WC="0.96" CONTENT="ver"/><SP WIDTH="15" VPOS="1162" HPOS="230"/>
							<String ID="string_304" HPOS="245" VPOS="1156" WIDTH="32" HEIGHT="21" WC="0.96" CONTENT="sin"/><SP WIDTH="16" VPOS="1156" HPOS="277"/>
							<String ID="string_305" HPOS="293" VPOS="1156" WIDTH="53" HEIGHT="26" WC="0.96" CONTENT="skog"/><SP WIDTH="15" VPOS="1156" HPOS="346"/>
							<String ID="string_306" HPOS="361" VPOS="1156" WIDTH="40" HEIGHT="21" WC="0.96" CONTENT="och"/><SP WIDTH="15" VPOS="1156" HPOS="401"/>
							<String ID="string_307" HPOS="416" VPOS="1155" WIDTH="37" HEIGHT="22" WC="0.96" CONTENT="det"/><SP WIDTH="15" VPOS="1155" HPOS="453"/>
							<String ID="string_308" HPOS="468" VPOS="1155" WIDTH="93" HEIGHT="22" WC="0.93" CONTENT="därifrån"/><SP WIDTH="15" VPOS="1155" HPOS="561"/>
							<String ID="string_309" HPOS="576" VPOS="1155" WIDTH="57" HEIGHT="22" WC="0.93" CONTENT="fälda"/><SP WIDTH="10" VPOS="1155" HPOS="633"/>
							<String ID="string_310" HPOS="643" VPOS="1156" WIDTH="74" HEIGHT="27" WC="0.96" CONTENT="virket,"/><SP WIDTH="11" VPOS="1156" HPOS="717"/>
							<String ID="string_311" HPOS="728" VPOS="1156" WIDTH="89" HEIGHT="21" WC="0.96" CONTENT="likasom"/><SP WIDTH="14" VPOS="1156" HPOS="817"/>
							<String ID="string_312" HPOS="831" VPOS="1156" WIDTH="36" HEIGHT="27" WC="0.96" CONTENT="jag"/><SP WIDTH="16" VPOS="1156" HPOS="867"/>
							<String ID="string_313" HPOS="883" VPOS="1156" WIDTH="65" HEIGHT="21" WC="0.96" CONTENT="också"/><SP WIDTH="15" VPOS="1156" HPOS="948"/>
							<String ID="string_314" HPOS="963" VPOS="1158" WIDTH="51" HEIGHT="21" WC="0.96" CONTENT="tror,"/>
						</TextLine>
						<TextLine ID="line_34" HPOS="193" VPOS="1184" WIDTH="822" HEIGHT="27">
							<String ID="string_315" HPOS="193" VPOS="1186" WIDTH="32" HEIGHT="19" WC="0.96" CONTENT="att"/><SP WIDTH="17" VPOS="1186" HPOS="225"/>
							<String ID="string_316" HPOS="242" VPOS="1185" WIDTH="26" HEIGHT="21" WC="0.93" CONTENT="de"/><SP WIDTH="17" VPOS="1185" HPOS="268"/>
							<String ID="string_317" HPOS="285" VPOS="1184" WIDTH="43" HEIGHT="22" WC="0.92" CONTENT="deri"/><SP WIDTH="15" VPOS="1184" HPOS="328"/>
							<String ID="string_318" HPOS="343" VPOS="1184" WIDTH="126" HEIGHT="21" WC="0.92" CONTENT="föreskrifna"/><SP WIDTH="14" VPOS="1184" HPOS="469"/>
							<String ID="string_319" HPOS="483" VPOS="1185" WIDTH="127" HEIGHT="26" WC="0.96" CONTENT="åtgärderna"/><SP WIDTH="14" VPOS="1185" HPOS="610"/>
							<String ID="string_320" HPOS="624" VPOS="1184" WIDTH="49" HEIGHT="27" WC="0.96" CONTENT="föga"/><SP WIDTH="12" VPOS="1184" HPOS="673"/>
							<String ID="string_321" HPOS="685" VPOS="1184" WIDTH="60" HEIGHT="22" WC="0.96" CONTENT="skola"/><SP WIDTH="15" VPOS="1184" HPOS="745"/>
							<String ID="string_322" HPOS="760" VPOS="1185" WIDTH="65" HEIGHT="21" WC="0.96" CONTENT="verka"/><SP WIDTH="15" VPOS="1185" HPOS="825"/>
							<String ID="string_323" HPOS="840" VPOS="1185" WIDTH="33" HEIGHT="20" WC="0.96" CONTENT="till"/><SP WIDTH="16" VPOS="1185" HPOS="873"/>
							<String ID="string_324" HPOS="889" VPOS="1184" WIDTH="126" HEIGHT="22" WC="0.96" CONTENT="hämmande"/>
						</TextLine>
						<TextLine ID="line_35" HPOS="193" VPOS="1213" WIDTH="821" HEIGHT="27">
							<String ID="string_325" HPOS="193" VPOS="1213" WIDTH="23" HEIGHT="21" WC="0.96" CONTENT="af"/><SP WIDTH="13" VPOS="1213" HPOS="216"/>
							<String ID="string_326" HPOS="229" VPOS="1213" WIDTH="99" HEIGHT="25" WC="0.96" CONTENT="åverkan,"/><SP WIDTH="16" VPOS="1213" HPOS="328"/>
							<String ID="string_327" HPOS="344" VPOS="1215" WIDTH="52" HEIGHT="18" WC="0.96" CONTENT="utan"/><SP WIDTH="23" VPOS="1215" HPOS="396"/>
							<String ID="string_328" HPOS="419" VPOS="1215" WIDTH="89" HEIGHT="19" WC="0.96" CONTENT="tvärtom"/><SP WIDTH="24" VPOS="1215" HPOS="508"/>
							<String ID="string_329" HPOS="532" VPOS="1213" WIDTH="89" HEIGHT="27" WC="0.96" CONTENT="bidraga"/><SP WIDTH="22" VPOS="1213" HPOS="621"/>
							<String ID="string_330" HPOS="643" VPOS="1213" WIDTH="32" HEIGHT="21" WC="0.96" CONTENT="till"/><SP WIDTH="20" VPOS="1213" HPOS="675"/>
							<String ID="string_331" HPOS="695" VPOS="1215" WIDTH="32" HEIGHT="18" WC="0.96" CONTENT="att"/><SP WIDTH="14" VPOS="1215" HPOS="727"/>
							<String ID="string_332" HPOS="741" VPOS="1213" WIDTH="95" HEIGHT="26" WC="0.93" CONTENT="förringa"/><SP WIDTH="15" VPOS="1213" HPOS="836"/>
							<String ID="string_333" HPOS="851" VPOS="1213" WIDTH="114" HEIGHT="26" WC="0.89" CONTENT="aktningen"/><SP WIDTH="16" VPOS="1213" HPOS="965"/>
							<String ID="string_334" HPOS="981" VPOS="1213" WIDTH="33" HEIGHT="21" WC="0.96" CONTENT="för"/>
						</TextLine>
						<TextLine ID="line_36" HPOS="193" VPOS="1241" WIDTH="822" HEIGHT="28">
							<String ID="string_335" HPOS="193" VPOS="1242" WIDTH="67" HEIGHT="25" WC="0.95" CONTENT="lagen."/><SP WIDTH="30" VPOS="1242" HPOS="260"/>
							<String ID="string_336" HPOS="290" VPOS="1241" WIDTH="49" HEIGHT="22" WC="0.96" CONTENT="Men"/><SP WIDTH="16" VPOS="1241" HPOS="339"/>
							<String ID="string_337" HPOS="355" VPOS="1241" WIDTH="59" HEIGHT="21" WC="0.96" CONTENT="detta"/><SP WIDTH="14" VPOS="1241" HPOS="414"/>
							<String ID="string_338" HPOS="428" VPOS="1241" WIDTH="79" HEIGHT="27" WC="0.96" CONTENT="nådiga"/><SP WIDTH="15" VPOS="1241" HPOS="507"/>
							<String ID="string_339" HPOS="522" VPOS="1241" WIDTH="47" HEIGHT="22" WC="0.96" CONTENT="bref"/><SP WIDTH="14" VPOS="1241" HPOS="569"/>
							<String ID="string_340" HPOS="583" VPOS="1241" WIDTH="22" HEIGHT="22" WC="0.95" CONTENT="af"/><SP WIDTH="14" VPOS="1241" HPOS="605"/>
							<String ID="string_341" HPOS="619" VPOS="1241" WIDTH="40" HEIGHT="21" WC="0.96" CONTENT="den"/><SP WIDTH="16" VPOS="1241" HPOS="659"/>
							<String ID="string_342" HPOS="675" VPOS="1243" WIDTH="12" HEIGHT="20" WC="0.96" CONTENT="5"/><SP WIDTH="17" VPOS="1243" HPOS="687"/>
							<String ID="string_343" HPOS="704" VPOS="1241" WIDTH="41" HEIGHT="28" WC="0.96" CONTENT="Maj"/><SP WIDTH="19" VPOS="1241" HPOS="745"/>
							<String ID="string_344" HPOS="764" VPOS="1241" WIDTH="53" HEIGHT="22" WC="0.96" CONTENT="1881"/><SP WIDTH="23" VPOS="1241" HPOS="817"/>
							<String ID="string_345" HPOS="840" VPOS="1241" WIDTH="80" HEIGHT="28" WC="0.96" CONTENT="stödjer"/><SP WIDTH="20" VPOS="1241" HPOS="920"/>
							<String ID="string_346" HPOS="940" VPOS="1242" WIDTH="33" HEIGHT="27" WC="0.96" CONTENT="sig"/><SP WIDTH="14" VPOS="1242" HPOS="973"/>
							<String ID="string_347" HPOS="987" VPOS="1242" WIDTH="28" HEIGHT="27" WC="0.96" CONTENT="på"/>
						</TextLine>
						<TextLine ID="line_37" HPOS="194" VPOS="1269" WIDTH="821" HEIGHT="28">
							<String ID="string_348" HPOS="194" VPOS="1271" WIDTH="12" HEIGHT="26" WC="0.75" CONTENT="8"/><SP WIDTH="17" VPOS="1271" HPOS="206"/>
							<String ID="string_349" HPOS="223" VPOS="1271" WIDTH="27" HEIGHT="20" WC="0.95" CONTENT="73"/><SP WIDTH="15" VPOS="1271" HPOS="250"/>
							<String ID="string_350" HPOS="265" VPOS="1270" WIDTH="7" HEIGHT="21" WC="0.93" CONTENT="i"/><SP WIDTH="16" VPOS="1270" HPOS="272"/>
							<String ID="string_351" HPOS="288" VPOS="1269" WIDTH="214" HEIGHT="28" WC="0.92" CONTENT="skogsförordningen"/><SP WIDTH="16" VPOS="1269" HPOS="502"/>
							<String ID="string_352" HPOS="518" VPOS="1270" WIDTH="21" HEIGHT="20" WC="0.96" CONTENT="af"/><SP WIDTH="15" VPOS="1270" HPOS="539"/>
							<String ID="string_353" HPOS="554" VPOS="1270" WIDTH="40" HEIGHT="21" WC="0.96" CONTENT="den"/><SP WIDTH="15" VPOS="1270" HPOS="594"/>
							<String ID="string_354" HPOS="609" VPOS="1271" WIDTH="13" HEIGHT="20" WC="0.97" CONTENT="9"/><SP WIDTH="15" VPOS="1271" HPOS="622"/>
							<String ID="string_355" HPOS="637" VPOS="1269" WIDTH="125" HEIGHT="28" WC="0.96" CONTENT="September"/><SP WIDTH="17" VPOS="1269" HPOS="762"/>
							<String ID="string_356" HPOS="779" VPOS="1271" WIDTH="61" HEIGHT="20" WC="0.96" CONTENT="1851."/><SP WIDTH="25" VPOS="1271" HPOS="840"/>
							<String ID="string_357" HPOS="865" VPOS="1271" WIDTH="42" HEIGHT="21" WC="0.96" CONTENT="Det"/><SP WIDTH="15" VPOS="1271" HPOS="907"/>
							<String ID="string_358" HPOS="922" VPOS="1272" WIDTH="24" HEIGHT="19" WC="0.93" CONTENT="är"/><SP WIDTH="15" VPOS="1272" HPOS="946"/>
							<String ID="string_359" HPOS="961" VPOS="1271" WIDTH="54" HEIGHT="20" WC="0.93" CONTENT="säle-"/>
						</TextLine>
						<TextLine ID="line_38" HPOS="194" VPOS="1298" WIDTH="821" HEIGHT="27">
							<String ID="string_360" HPOS="194" VPOS="1299" WIDTH="39" HEIGHT="21" WC="0.96" CONTENT="des"/><SP WIDTH="16" VPOS="1299" HPOS="233"/>
							<String ID="string_361" HPOS="249" VPOS="1299" WIDTH="38" HEIGHT="20" WC="0.96" CONTENT="där"/><SP WIDTH="14" VPOS="1299" HPOS="287"/>
							<String ID="string_362" HPOS="301" VPOS="1305" WIDTH="48" HEIGHT="14" WC="0.96" CONTENT="man"/><SP WIDTH="16" VPOS="1305" HPOS="349"/>
							<String ID="string_363" HPOS="365" VPOS="1298" WIDTH="54" HEIGHT="21" WC="0.96" CONTENT="skall"/><SP WIDTH="15" VPOS="1298" HPOS="419"/>
							<String ID="string_364" HPOS="434" VPOS="1298" WIDTH="52" HEIGHT="21" WC="0.93" CONTENT="söka"/><SP WIDTH="15" VPOS="1298" HPOS="486"/>
							<String ID="string_365" HPOS="501" VPOS="1299" WIDTH="95" HEIGHT="26" WC="0.92" CONTENT="grunden"/><SP WIDTH="16" VPOS="1299" HPOS="596"/>
							<String ID="string_366" HPOS="612" VPOS="1298" WIDTH="32" HEIGHT="21" WC="0.96" CONTENT="till"/><SP WIDTH="21" VPOS="1298" HPOS="644"/>
							<String ID="string_367" HPOS="665" VPOS="1299" WIDTH="36" HEIGHT="20" WC="0.96" CONTENT="det"/><SP WIDTH="15" VPOS="1299" HPOS="701"/>
							<String ID="string_368" HPOS="716" VPOS="1298" WIDTH="24" HEIGHT="21" WC="0.93" CONTENT="af"/><SP WIDTH="13" VPOS="1298" HPOS="740"/>
							<String ID="string_369" HPOS="753" VPOS="1299" WIDTH="143" HEIGHT="26" WC="0.93" CONTENT="petitionären"/><SP WIDTH="16" VPOS="1299" HPOS="896"/>
							<String ID="string_370" HPOS="912" VPOS="1299" WIDTH="103" HEIGHT="21" WC="0.92" CONTENT="öfverkla-"/>
						</TextLine>
						<TextLine ID="line_39" HPOS="194" VPOS="1327" WIDTH="821" HEIGHT="27">
							<String ID="string_371" HPOS="194" VPOS="1327" WIDTH="56" HEIGHT="26" WC="0.93" CONTENT="gade"/><SP WIDTH="16" VPOS="1327" HPOS="250"/>
							<String ID="string_372" HPOS="266" VPOS="1327" WIDTH="38" HEIGHT="21" WC="0.96" CONTENT="och"/><SP WIDTH="17" VPOS="1327" HPOS="304"/>
							<String ID="string_373" HPOS="321" VPOS="1327" WIDTH="24" HEIGHT="20" WC="0.93" CONTENT="af"/><SP WIDTH="14" VPOS="1327" HPOS="345"/>
							<String ID="string_374" HPOS="359" VPOS="1327" WIDTH="106" HEIGHT="21" WC="0.92" CONTENT="utskottet"/><SP WIDTH="15" VPOS="1327" HPOS="465"/>
							<String ID="string_375" HPOS="480" VPOS="1327" WIDTH="94" HEIGHT="21" WC="0.92" CONTENT="erkända"/><SP WIDTH="15" VPOS="1327" HPOS="574"/>
							<String ID="string_376" HPOS="589" VPOS="1327" WIDTH="199" HEIGHT="22" WC="0.92" CONTENT="missförhällandet."/><SP WIDTH="31" VPOS="1327" HPOS="788"/>
							<String ID="string_377" HPOS="819" VPOS="1327" WIDTH="37" HEIGHT="22" WC="0.92" CONTENT="Uti"/><SP WIDTH="16" VPOS="1327" HPOS="856"/>
							<String ID="string_378" HPOS="872" VPOS="1327" WIDTH="67" HEIGHT="22" WC="0.92" CONTENT="denna"/><SP WIDTH="15" VPOS="1327" HPOS="939"/>
							<String ID="string_379" HPOS="954" VPOS="1334" WIDTH="61" HEIGHT="20" WC="0.92" CONTENT="para-"/>
						</TextLine>
						<TextLine ID="line_40" HPOS="195" VPOS="1355" WIDTH="820" HEIGHT="27">
							<String ID="string_380" HPOS="195" VPOS="1355" WIDTH="53" HEIGHT="25" WC="0.91" CONTENT="graf,"/><SP WIDTH="16" VPOS="1355" HPOS="248"/>
							<String ID="string_381" HPOS="264" VPOS="1355" WIDTH="86" HEIGHT="21" WC="0.91" CONTENT="hvilken"/><SP WIDTH="15" VPOS="1355" HPOS="350"/>
							<String ID="string_382" HPOS="365" VPOS="1356" WIDTH="65" HEIGHT="20" WC="0.92" CONTENT="ocksä"/><SP WIDTH="15" VPOS="1356" HPOS="430"/>
							<String ID="string_383" HPOS="445" VPOS="1355" WIDTH="22" HEIGHT="20" WC="0.97" CONTENT="af"/><SP WIDTH="14" VPOS="1355" HPOS="467"/>
							<String ID="string_384" HPOS="481" VPOS="1356" WIDTH="40" HEIGHT="20" WC="0.93" CONTENT="den"/><SP WIDTH="16" VPOS="1356" HPOS="521"/>
							<String ID="string_385" HPOS="537" VPOS="1358" WIDTH="84" HEIGHT="18" WC="0.93" CONTENT="senaste"/><SP WIDTH="15" VPOS="1358" HPOS="621"/>
							<String ID="string_386" HPOS="636" VPOS="1355" WIDTH="81" HEIGHT="21" WC="0.92" CONTENT="talaren"/><SP WIDTH="16" VPOS="1355" HPOS="717"/>
							<String ID="string_387" HPOS="733" VPOS="1355" WIDTH="101" HEIGHT="27" WC="0.91" CONTENT="temligen"/><SP WIDTH="16" VPOS="1355" HPOS="834"/>
							<String ID="string_388" HPOS="850" VPOS="1355" WIDTH="98" HEIGHT="26" WC="0.92" CONTENT="utförligt"/><SP WIDTH="15" VPOS="1355" HPOS="948"/>
							<String ID="string_389" HPOS="963" VPOS="1356" WIDTH="52" HEIGHT="21" WC="0.93" CONTENT="reci-"/>
						</TextLine>
						<TextLine ID="line_41" HPOS="194" VPOS="1383" WIDTH="821" HEIGHT="28">
							<String ID="string_390" HPOS="194" VPOS="1383" WIDTH="94" HEIGHT="28" WC="0.92" CONTENT="terades,"/><SP WIDTH="13" VPOS="1383" HPOS="288"/>
							<String ID="string_391" HPOS="301" VPOS="1383" WIDTH="68" HEIGHT="21" WC="0.91" CONTENT="finnes"/><SP WIDTH="14" VPOS="1383" HPOS="369"/>
							<String ID="string_392" HPOS="383" VPOS="1384" WIDTH="96" HEIGHT="26" WC="0.92" CONTENT="grunden"/><SP WIDTH="23" VPOS="1384" HPOS="479"/>
							<String ID="string_393" HPOS="502" VPOS="1384" WIDTH="33" HEIGHT="20" WC="0.96" CONTENT="för"/><SP WIDTH="20" VPOS="1384" HPOS="535"/>
							<String ID="string_394" HPOS="555" VPOS="1384" WIDTH="59" HEIGHT="20" WC="0.93" CONTENT="detta"/><SP WIDTH="21" VPOS="1384" HPOS="614"/>
							<String ID="string_395" HPOS="635" VPOS="1383" WIDTH="48" HEIGHT="21" WC="0.92" CONTENT="bref"/><SP WIDTH="14" VPOS="1383" HPOS="683"/>
							<String ID="string_396" HPOS="697" VPOS="1383" WIDTH="22" HEIGHT="21" WC="0.96" CONTENT="af"/><SP WIDTH="14" VPOS="1383" HPOS="719"/>
							<String ID="string_397" HPOS="733" VPOS="1383" WIDTH="41" HEIGHT="21" WC="0.96" CONTENT="den"/><SP WIDTH="15" VPOS="1383" HPOS="774"/>
							<String ID="string_398" HPOS="789" VPOS="1385" WIDTH="12" HEIGHT="19" WC="0.96" CONTENT="5"/><SP WIDTH="18" VPOS="1385" HPOS="801"/>
							<String ID="string_399" HPOS="819" VPOS="1383" WIDTH="42" HEIGHT="27" WC="0.96" CONTENT="Maj"/><SP WIDTH="18" VPOS="1383" HPOS="861"/>
							<String ID="string_400" HPOS="879" VPOS="1384" WIDTH="52" HEIGHT="21" WC="0.93" CONTENT="1881"/><SP WIDTH="18" VPOS="1384" HPOS="931"/>
							<String ID="string_401" HPOS="949" VPOS="1385" WIDTH="66" HEIGHT="20" WC="0.92" CONTENT="utsta-"/>
						</TextLine>
						<TextLine ID="line_42" HPOS="196" VPOS="1409" WIDTH="819" HEIGHT="31">
							<String ID="string_402" HPOS="196" VPOS="1412" WIDTH="48" HEIGHT="20" WC="0.96" CONTENT="kad."/><SP WIDTH="29" VPOS="1412" HPOS="244"/>
							<String ID="string_403" HPOS="273" VPOS="1409" WIDTH="95" HEIGHT="24" WC="0.95" CONTENT="Ärendet"/><SP WIDTH="22" VPOS="1409" HPOS="368"/>
							<String ID="string_404" HPOS="390" VPOS="1412" WIDTH="39" HEIGHT="20" WC="0.92" CONTENT="har"/><SP WIDTH="22" VPOS="1412" HPOS="429"/>
							<String ID="string_405" HPOS="451" VPOS="1411" WIDTH="71" HEIGHT="22" WC="0.93" CONTENT="blifvit"/><SP WIDTH="22" VPOS="1411" HPOS="522"/>
							<String ID="string_406" HPOS="544" VPOS="1411" WIDTH="130" HEIGHT="22" WC="0.92" CONTENT="behandladt"/><SP WIDTH="15" VPOS="1411" HPOS="674"/>
							<String ID="string_407" HPOS="689" VPOS="1412" WIDTH="7" HEIGHT="20" WC="0.93" CONTENT="i"/><SP WIDTH="15" VPOS="1412" HPOS="696"/>
							<String ID="string_408" HPOS="711" VPOS="1412" WIDTH="120" HEIGHT="28" WC="0.89" CONTENT="fullkomlig"/><SP WIDTH="22" VPOS="1412" HPOS="831"/>
							<String ID="string_409" HPOS="853" VPOS="1412" WIDTH="162" HEIGHT="22" WC="0.92" CONTENT="öfverensstäm-"/>
						</TextLine>
						<TextLine ID="line_43" HPOS="193" VPOS="1440" WIDTH="822" HEIGHT="28">
							<String ID="string_410" HPOS="193" VPOS="1440" WIDTH="66" HEIGHT="22" WC="0.92" CONTENT="melse"/><SP WIDTH="16" VPOS="1440" HPOS="259"/>
							<String ID="string_411" HPOS="275" VPOS="1440" WIDTH="48" HEIGHT="22" WC="0.96" CONTENT="med"/><SP WIDTH="15" VPOS="1440" HPOS="323"/>
							<String ID="string_412" HPOS="338" VPOS="1440" WIDTH="69" HEIGHT="22" WC="0.93" CONTENT="denna"/><SP WIDTH="14" VPOS="1440" HPOS="407"/>
							<String ID="string_413" HPOS="421" VPOS="1441" WIDTH="100" HEIGHT="27" WC="0.92" CONTENT="paragraf"/><SP WIDTH="16" VPOS="1441" HPOS="521"/>
							<String ID="string_414" HPOS="537" VPOS="1440" WIDTH="46" HEIGHT="25" WC="0.93" CONTENT="och,"/><SP WIDTH="15" VPOS="1440" HPOS="583"/>
							<String ID="string_415" HPOS="598" VPOS="1441" WIDTH="69" HEIGHT="21" WC="0.92" CONTENT="säsom"/><SP WIDTH="23" VPOS="1441" HPOS="667"/>
							<String ID="string_416" HPOS="690" VPOS="1440" WIDTH="64" HEIGHT="22" WC="0.88" CONTENT="ocksä"/><SP WIDTH="15" VPOS="1440" HPOS="754"/>
							<String ID="string_417" HPOS="769" VPOS="1441" WIDTH="24" HEIGHT="21" WC="0.96" CONTENT="af"/><SP WIDTH="13" VPOS="1441" HPOS="793"/>
							<String ID="string_418" HPOS="806" VPOS="1441" WIDTH="41" HEIGHT="22" WC="0.93" CONTENT="den"/><SP WIDTH="16" VPOS="1441" HPOS="847"/>
							<String ID="string_419" HPOS="863" VPOS="1443" WIDTH="83" HEIGHT="20" WC="0.93" CONTENT="senaste"/><SP WIDTH="16" VPOS="1443" HPOS="946"/>
							<String ID="string_420" HPOS="962" VPOS="1442" WIDTH="53" HEIGHT="21" WC="0.92" CONTENT="tala-"/>
						</TextLine>
						<TextLine ID="line_44" HPOS="194" VPOS="1468" WIDTH="822" HEIGHT="30">
							<String ID="string_421" HPOS="194" VPOS="1476" WIDTH="37" HEIGHT="14" WC="0.93" CONTENT="ren"/><SP WIDTH="15" VPOS="1476" HPOS="231"/>
							<String ID="string_422" HPOS="246" VPOS="1469" WIDTH="116" HEIGHT="28" WC="0.90" CONTENT="upplystes,"/><SP WIDTH="14" VPOS="1469" HPOS="362"/>
							<String ID="string_423" HPOS="376" VPOS="1470" WIDTH="72" HEIGHT="27" WC="0.90" CONTENT="tyckes"/><SP WIDTH="15" VPOS="1470" HPOS="448"/>
							<String ID="string_424" HPOS="463" VPOS="1471" WIDTH="32" HEIGHT="20" WC="0.93" CONTENT="ett"/><SP WIDTH="15" VPOS="1471" HPOS="495"/>
							<String ID="string_425" HPOS="510" VPOS="1470" WIDTH="110" HEIGHT="21" WC="0.92" CONTENT="enahanda"/><SP WIDTH="14" VPOS="1470" HPOS="620"/>
							<String ID="string_426" HPOS="634" VPOS="1468" WIDTH="133" HEIGHT="24" WC="0.91" CONTENT="förhällande"/><SP WIDTH="15" VPOS="1468" HPOS="767"/>
							<String ID="string_427" HPOS="782" VPOS="1470" WIDTH="27" HEIGHT="27" WC="0.96" CONTENT="pä"/><SP WIDTH="12" VPOS="1470" HPOS="809"/>
							<String ID="string_428" HPOS="821" VPOS="1470" WIDTH="66" HEIGHT="22" WC="0.93" CONTENT="andra"/><SP WIDTH="16" VPOS="1470" HPOS="887"/>
							<String ID="string_429" HPOS="903" VPOS="1472" WIDTH="58" HEIGHT="20" WC="0.93" CONTENT="orter"/><SP WIDTH="16" VPOS="1472" HPOS="961"/>
							<String ID="string_430" HPOS="977" VPOS="1477" WIDTH="39" HEIGHT="21" WC="0.93" CONTENT="ega"/>
						</TextLine>
						<TextLine ID="line_45" HPOS="193" VPOS="1498" WIDTH="822" HEIGHT="28">
							<String ID="string_431" HPOS="193" VPOS="1504" WIDTH="54" HEIGHT="16" WC="0.94" CONTENT="rum."/><SP WIDTH="31" VPOS="1504" HPOS="247"/>
							<String ID="string_432" HPOS="278" VPOS="1498" WIDTH="71" HEIGHT="28" WC="0.79" CONTENT="Enligt"/><SP WIDTH="16" VPOS="1498" HPOS="349"/>
							<String ID="string_433" HPOS="365" VPOS="1499" WIDTH="43" HEIGHT="21" WC="0.93" CONTENT="min"/><SP WIDTH="25" VPOS="1499" HPOS="408"/>
							<String ID="string_434" HPOS="433" VPOS="1498" WIDTH="55" HEIGHT="28" WC="0.71" CONTENT="äsigt"/><SP WIDTH="22" VPOS="1498" HPOS="488"/>
							<String ID="string_435" HPOS="510" VPOS="1499" WIDTH="39" HEIGHT="21" WC="0.93" CONTENT="bör"/><SP WIDTH="22" VPOS="1499" HPOS="549"/>
							<String ID="string_436" HPOS="571" VPOS="1498" WIDTH="88" HEIGHT="26" WC="0.95" CONTENT="således,"/><SP WIDTH="15" VPOS="1498" HPOS="659"/>
							<String ID="string_437" HPOS="674" VPOS="1505" WIDTH="34" HEIGHT="15" WC="0.93" CONTENT="om"/><SP WIDTH="16" VPOS="1505" HPOS="708"/>
							<String ID="string_438" HPOS="724" VPOS="1499" WIDTH="171" HEIGHT="22" WC="0.96" CONTENT="missförståndet"/><SP WIDTH="15" VPOS="1499" HPOS="895"/>
							<String ID="string_439" HPOS="910" VPOS="1499" WIDTH="53" HEIGHT="22" WC="0.93" CONTENT="skall"/><SP WIDTH="16" VPOS="1499" HPOS="963"/>
							<String ID="string_440" HPOS="979" VPOS="1502" WIDTH="36" HEIGHT="19" WC="0.92" CONTENT="än-"/>
						</TextLine>
						<TextLine ID="line_46" HPOS="194" VPOS="1527" WIDTH="821" HEIGHT="29">
							<String ID="string_441" HPOS="194" VPOS="1527" WIDTH="55" HEIGHT="28" WC="0.91" CONTENT="dras,"/><SP WIDTH="17" VPOS="1527" HPOS="249"/>
							<String ID="string_442" HPOS="266" VPOS="1527" WIDTH="68" HEIGHT="22" WC="0.93" CONTENT="denna"/><SP WIDTH="21" VPOS="1527" HPOS="334"/>
							<String ID="string_443" HPOS="355" VPOS="1528" WIDTH="121" HEIGHT="27" WC="0.92" CONTENT="paragraf"/><SP WIDTH="-9" VPOS="1528" HPOS="476"/>
							<String ID="string_444" HPOS="467" VPOS="1523" WIDTH="13" HEIGHT="37" WC="0.93" CONTENT="i"/><SP WIDTH="11" VPOS="1523" HPOS="480"/>
							<String ID="string_445" HPOS="491" VPOS="1528" WIDTH="215" HEIGHT="27" WC="0.92" CONTENT="skogsförordningen"/><SP WIDTH="22" VPOS="1528" HPOS="706"/>
							<String ID="string_446" HPOS="728" VPOS="1528" WIDTH="125" HEIGHT="28" WC="0.90" CONTENT="upphäfvas."/><SP WIDTH="30" VPOS="1528" HPOS="853"/>
							<String ID="string_447" HPOS="883" VPOS="1529" WIDTH="42" HEIGHT="27" WC="0.95" CONTENT="Jag"/><SP WIDTH="22" VPOS="1529" HPOS="925"/>
							<String ID="string_448" HPOS="947" VPOS="1529" WIDTH="68" HEIGHT="22" WC="0.92" CONTENT="skulle"/>
						</TextLine>
					</TextBlock>
				</ComposedBlock>
			</PrintSpace>
		</Page>
	</Layout>
</alto>
