1109 1806
201 150 42 21 918
425 154 178 22 Borgareståndet
616 155 57 17 1882.
698 155 21 16 21
735 154 59 20 april.

200 223 7 20 i
228 222 162 27 bränvinslagen
410 222 39 21 har
470 222 54 21 visat
538 223 32 25 sig
585 222 63 21 hafva
663 224 31 18 ett
708 222 81 26 ganska
804 222 158 26 depraverande
981 218 39 25 och

200 251 191 21 demoraliserande
406 251 121 27 inflytande,
544 254 50 18 utan
610 250 60 21 äfven
686 250 6 21 i
708 251 40 21 viss
763 251 48 21 mån
823 251 26 26 på
860 250 160 26 åklagaremak-

200 282 42 18 ten.
266 280 31 21 En
312 280 22 21 af
348 282 69 19 staten
433 280 83 21 anstäld
532 279 100 27 åklagare
648 278 91 22 förledes
754 285 75 21 genom
846 279 25 21 de
886 278 56 26 höga
953 279 68 25 böter,

200 308 41 21 han
265 308 41 21 kan
322 308 80 22 erhålla
417 308 7 21 i
440 308 142 22 bränvinsmål
597 306 33 23 att
644 314 54 20 egna
712 308 81 26 ganska
811 308 83 26 mycket
909 307 22 21 af
947 307 32 21 sin
989 307 32 21 tid

200 338 22 20 åt
230 337 44 27 just
286 337 68 21 denna
370 336 32 22 del
418 336 22 22 af
454 337 32 20 sin
502 336 140 26 verksamhet,
658 336 75 21 medan
756 336 41 21 han
822 336 45 21 icke
887 336 39 20 har
940 342 81 15 samma

200 368 150 24 uppmuntran,
366 365 27 21 dä
409 366 35 20 det
458 365 67 26 gäller
536 367 31 19 att
578 365 120 27 efterspana
709 364 94 28 verkliga
814 364 141 27 förbrytelser.
979 364 42 22 Det

200 396 24 20 är
239 394 110 27 onekligen
364 394 6 21 i
382 394 41 28 hög
433 394 52 27 grad
496 394 142 26 egendomligt
649 393 23 21 af
680 393 132 27 lagstiftaren
824 395 30 19 att
865 393 95 27 speciellt
971 400 50 20 upp-

200 425 84 19 muntra
307 423 40 21 den
370 423 105 21 allmänna
498 423 113 27 äklagaren
632 424 32 19 att
680 428 52 21 egna
748 422 32 21 sin
796 422 187 27 uppmärksamhet
999 422 22 26 ät

200 452 138 27 förbrytelser
353 451 24 22 af
392 452 68 21 denna
475 452 91 27 lindriga
581 454 40 23 art,
637 453 50 19 utan
703 453 32 19 att
755 453 143 26 uppmuntran
918 451 6 21 i
941 454 81 18 samma

201 481 48 21 män
262 487 48 20 eger
321 487 54 18 rum,
392 481 26 21 dä
434 481 35 21 det
484 481 65 26 gäller
565 481 94 26 verkliga
674 481 64 20 brott.

268 544 56 21 Herr
339 544 155 21 Stenbäck
509 543 141 22 understödde
666 543 48 21 herr
730 539 94 26 Öhmans
839 543 83 26 förslag.

269 608 55 20 Herr
346 607 170 27 Clouberg:
546 607 40 27 Jag
608 607 38 21 ber
668 609 32 19 att
723 607 131 21 beträffande
874 607 146 26 ordalydelsen

201 636 130 25 wtreskiftes*
354 637 21 20 få
397 636 108 24 anmärka,
528 639 32 18 att
586 637 34 20 det
636 636 66 21 borde
717 636 55 26 heta,
788 637 69 20 såsom
873 636 35 20 det
924 635 96 27 vanligen

200 665 109 26 uttryckes
325 665 6 20 i
348 665 25 21 de
389 664 153 27 förordningar,
558 665 37 20 der
611 665 35 20 det
662 665 43 20 står
720 671 34 14 om
771 667 31 18 att
818 664 89 21 böterna
922 664 61 21 skola
994 664 27 27 gå

200 693 33 21 till
249 693 113 27 treskiftes,
379 696 32 18 att
427 693 143 27 fördelningen
587 693 53 22 skall
656 693 37 21 ske
712 693 65 26 enligt
794 694 8 19 1
822 693 11 27 $
850 693 26 21 32
892 693 48 26 kap.
956 693 24 21 R.
996 693 24 20 B.

200 722 31 27 Ty
247 729 32 14 om
297 723 35 20 det
348 722 74 21 endast
437 722 45 21 står
497 722 139 25 ,treskiftes*,
652 723 23 20 sä
692 724 23 19 är
730 721 86 22 dermed
832 723 55 20 ännu
903 722 46 20 icke
960 721 61 27 sagdt

200 751 56 21 huru
279 751 88 21 böterna
389 751 60 21 skola
472 751 114 21 treskiftas.
616 751 64 20 Detta
702 751 53 20 skall
771 750 104 27 nämligen
891 750 37 21 ske
944 751 78 20 mellan

200 780 88 24 kronan,
304 780 89 21 häradet
409 779 38 21 och
464 779 148 28 mälseganden
628 779 52 21 eller
695 779 120 26 äklagaren.

268 843 56 21 Herr
340 837 125 26 Öhman:
495 842 39 27 Jag
550 843 38 20 har
607 842 53 21 intet
676 845 62 24 emot,
756 844 32 19 att
803 841 125 28 paragrafen
944 842 78 21 stilise-

200 878 35 15 ras
257 872 29 25 sä,
309 878 45 15 som
374 871 49 22 herr
439 871 105 27 Clouberg
559 871 113 26 föreslagit.
703 872 46 20 Den
766 871 78 27 lydelse
858 871 37 26 jag
910 871 37 26 gaf
961 874 61 25 para-

200 901 72 26 grafen
288 902 37 25 tog
338 900 36 27 jag
390 899 45 22 frän
450 900 154 26 näringslagen.
1010 901 1 17 |

268 963 56 22 Herr
339 963 145 22 Castrén:
514 959 68 25 Äfven
601 963 37 27 jag
661 963 37 21 ber
720 965 32 19 att
775 963 21 21 få
820 963 138 27 understödja
972 963 50 21 herr

199 991 113 28 Clouberg.

269 1077 151 22 Diskussionen
436 1077 115 22 afslutades
566 1077 40 22 och
622 1077 84 21 ständet
721 1077 68 21 beslöt
806 1077 46 21 med
868 1077 154 27 öfvervägande

199 1106 115 27 pluralitet,
331 1108 31 19 att
378 1106 139 21 förevarande
533 1105 100 28 paragraf
646 1106 68 21 skulle
730 1105 80 22 erhälla
826 1106 92 26 följande
929 1094 91 44 lydelse:

198 1135 84 26 ,Böter,
306 1135 72 24 hvilka
394 1134 65 27 enligt
475 1135 69 20 denna
557 1134 122 26 förordning
695 1135 93 24 ådömas,
805 1134 60 21 skola
880 1134 91 21 fördelas
987 1130 34 25 en-

198 1151 42 38 ligt
257 1165 8 19 1
283 1164 11 25 8
311 1165 25 19 32
354 1163 47 26 kap.
417 1163 25 21 R.
458 1163 24 20 B.
499 1163 38 21 och
558 1163 34 21 vid
615 1150 108 34 bristande
747 1163 209 26 betalningstillgäng
978 1163 44 21 för-

200 1192 88 20 vandlas
309 1192 32 20 till
363 1191 93 26 fängelse
471 1192 35 20 vid
522 1195 72 18 vatten
610 1191 39 21 och
665 1191 59 26 bröd,
741 1191 148 22 motsvarande
905 1198 25 14 en
946 1191 77 26 tredje-

199 1220 35 21 del
250 1220 24 21 af
288 1220 182 27 bötesbeloppet*.

270 1283 27 26 $$
314 1283 83 20 23—25
414 1283 124 26 godkändes
554 1282 148 21 oförändrade.

581 1368 11 25 g
609 1368 32 20 26.

270 1424 56 21 Herr
347 1424 137 27 Ingman:
515 1423 41 27 Jag
578 1423 66 22 skulle
667 1429 56 18 anse,
740 1425 32 20 att
788 1424 51 21 sista
855 1424 65 21 orden
936 1423 7 21 i
958 1430 62 21 para-

200 1453 74 28 grafen
290 1453 40 24 ,dä
346 1453 43 21 alla
404 1452 56 22 förut
476 1453 124 21 meddelade
616 1453 125 26 rättigheter
756 1453 33 21 till
805 1452 65 22 sådan
887 1452 90 22 rörelses
988 1456 33 18 ut-

202 1482 89 22 öfvande
306 1482 60 21 skola
382 1481 113 28 upphöra",
512 1481 65 22 borde
592 1488 25 15 ur
632 1481 149 27 förordningen
797 1482 57 27 utgå,
870 1484 22 25 ty
902 1481 120 23 förordnin-

201 1518 42 21 gen
259 1511 65 22 borde
340 1511 46 21 icke
401 1510 63 22 hatva
479 1499 116 33 retroaktiv
611 1511 85 21 verkan.
720 1499 80 33 Sådant
816 1511 68 21 skulle
899 1511 67 21 strida
977 1514 45 33 mot

202 1541 87 22 allmänt
304 1540 98 27 gällande
417 1539 165 28 rättsprinciper.
