1114 1806
311 120 178 22 Borgareståndet
502 122 56 16 1882.
582 122 23 16 14
618 121 60 21 april.
869 115 41 21 775

160 189 44 23 Och
220 191 33 20 att
268 190 39 20 här
321 189 47 23 icke
383 189 134 23 uteslutande
539 196 37 15 var
598 190 59 26 fråga
679 195 34 15 om
733 189 36 21 det
784 189 81 22 indelta
880 189 30 22 in-

91 218 107 27 fanteriet,
221 218 61 22 torde
305 218 81 27 framgå
406 225 27 15 ur
446 218 154 27 motiveringen
616 218 21 21 af
651 218 13 28 &
680 219 19 24 5,
715 218 38 22 der
768 218 142 27 uttryckligen

90 246 127 27 framhålles,
241 248 32 20 att
296 247 35 21 det
355 247 48 26 mål,
428 246 85 22 hvartill
537 247 103 21 Finlands
664 246 183 28 krigsförfattning
872 247 39 21 bör

90 275 86 26 sträfva,
192 276 61 21 torde
268 281 51 16 vara
334 282 25 14 en
375 276 123 26 krigsmakt,
513 278 140 19 sammansatt
672 275 23 21 af
709 276 26 21 de
750 275 57 22 olika
822 281 87 22 vapnen.

159 304 30 22 På
205 304 68 27 grund
288 304 24 21 af
325 304 39 21 den
381 304 23 21 af
418 304 119 22 Ständerna
557 305 68 21 såsom
642 304 103 28 grundlag
760 307 93 24 antagna
867 304 13 21 2
897 304 13 28 $

90 333 7 21 i
113 332 192 28 värnepligtslagen
321 335 23 19 är
360 332 89 22 sålunda
464 332 191 28 indelningsverket
670 333 6 21 i
691 334 32 20 sin
738 332 80 26 helhet,
829 333 82 22 således

90 362 61 21 äfven
167 360 256 29 rusthållsinstitutionen,
440 362 117 21 tillsvidare
572 361 114 22 bibehållet
701 362 6 20 i
723 361 106 23 orubbadt
843 362 67 27 skick,

90 390 40 22 och
145 390 67 22 måste
228 391 31 21 ett
274 390 79 28 förslag
368 392 33 20 att
415 391 66 21 redan
496 397 29 15 nu
535 389 95 29 företaga
640 396 25 16 en
679 390 90 27 ändring
779 390 6 22 i
797 396 26 16 en
833 391 78 27 grund-

90 419 41 26 lag,
146 421 91 25 antagen
253 419 22 21 af
289 421 82 20 senaste
387 420 91 25 ständer,
502 425 61 16 anses
586 420 23 21 så
629 420 83 26 mycket
727 420 82 21 mindre
824 420 86 22 motive-

90 448 54 26 radt,
159 454 45 16 som
220 454 26 15 en
262 448 65 22 sådan
342 448 122 27 förändring
479 448 93 22 hvarken
588 454 25 16 ur
620 447 104 23 finansiell
735 448 51 22 eller
797 448 114 22 militärisk

89 476 106 28 synpunkt
210 477 42 21 kan
269 482 60 16 anses
345 476 138 28 ovilkorligen
498 477 98 27 påkallad
612 477 52 21 eller
677 483 36 15 ens
724 477 49 21 fullt
784 477 126 22 motiverad.

89 505 59 22 Skall
164 505 106 27 nämligen
285 505 22 22 af
321 505 118 22 finansiella
454 505 46 22 skäl
517 508 82 19 senaste
615 505 101 22 Ständers
739 506 70 21 beslut
824 506 85 28 ändras,

88 535 72 21 kunna
183 534 28 22 de
233 534 107 22 bristande
356 534 82 22 medlen
455 534 84 28 mycket
554 534 66 22 hellre
635 535 72 21 vinnas
723 540 76 22 genom
815 534 95 23 bibehål-

88 563 62 21 lande
173 563 23 21 af
217 563 88 21 vakans-
328 563 39 22 och
392 563 261 27 passevolansafgifternas
678 564 123 26 utgörande,
824 563 85 22 hvartill

88 592 59 22 Hans
171 592 100 27 Majestät
293 592 6 21 i
323 592 40 21 den
385 592 144 27 föreliggande
551 592 78 28 nådiga
650 592 159 27 propositionen
829 592 80 28 jemväl

88 620 66 22 redan
170 621 28 27 på
212 620 90 22 förhand
318 621 112 27 samtyckt,
445 621 7 21 i
468 621 99 22 händelse
583 621 114 21 ständerna
707 622 78 26 ansäge
797 620 46 23 dem
857 620 52 23 fort-

88 649 87 21 farande
197 655 44 15 som
265 648 75 22 hittills
363 649 52 22 böra
437 651 57 25 utgå,
515 652 26 20 än
557 650 127 26 derigenom,
701 652 31 19 att
747 656 26 15 en
789 649 22 22 af
825 652 84 20 senaste

87 678 88 21 ständer
197 680 90 23 antagen
310 678 215 27 grundlagsparagraf
543 679 65 21 redan
623 684 28 15 nu
666 678 84 22 ändras.
767 690 25 3 —
809 678 31 22 Ur
855 678 54 22 mili-

87 706 68 22 tärisk
177 706 106 28 synpunkt
305 707 47 21 åter
373 707 41 21 kan
437 707 113 26 ingalunda
573 713 25 15 en
621 706 102 28 återgång
745 706 45 22 från
814 709 31 19 ett
859 708 49 20 här-

87 735 98 26 väsende,
201 735 108 26 grundadt
323 735 28 27 på
366 736 41 20 den
422 735 105 22 allmänna
550 735 156 27 värnepligtens
729 735 88 27 princip,
835 736 31 21 till
882 742 26 15 en

87 763 66 22 indelt
169 764 209 26 arméorganisation,
393 770 58 16 mera
466 764 105 22 försvaras
581 765 47 21 med
645 764 81 27 hänsyn
737 764 32 22 till
779 764 129 26 infanteriet,

87 794 27 19 än
130 792 32 22 till
177 793 107 26 rytteriet;
300 798 86 16 snarare
402 794 98 20 tvärtom.

155 821 42 27 Jag
213 827 61 15 anser
290 821 78 27 derför,
384 823 31 19 att
431 821 85 27 sålänge
527 821 192 27 indelningsverket
731 821 116 22 bibehålles
861 822 48 21 med

87 850 99 22 afseende
201 850 13 20 å
229 849 128 28 infanteriet,
380 850 61 22 äfven
463 850 247 22 rustbållsinstitutionen
726 850 39 22 bör
780 851 6 21 i
802 850 107 22 orubbadt

87 879 60 21 skick
163 879 92 27 qvarstå.

156 908 75 22 Denna
246 908 82 27 lösning
343 908 22 21 af
379 908 143 27 föreliggande
537 908 60 27 fråga
612 913 63 16 anser
687 908 37 27 jag
735 908 61 22 äfven
807 914 50 15 vara
868 908 40 22 den

87 937 55 21 enda
157 937 49 22 med
221 937 89 21 rättvisa
325 936 39 22 och
381 937 97 27 billighet
492 937 110 28 förenliga.
633 936 41 28 Jag
697 937 84 22 förenar
803 937 42 27 mig
861 936 47 22 full-

87 966 91 26 komligt
193 966 48 22 med
257 966 39 21 den
313 966 22 21 af
348 966 56 21 Herr
419 966 103 21 Mechelin
537 966 7 20 i
560 966 78 21 dennes
659 966 130 22 reservation
813 966 96 21 uttalade

87 995 62 27 åsigt,
165 997 32 19 att
213 995 92 21 hvarken
323 995 7 21 i
345 994 176 22 Statsutskottets
544 994 134 22 betänkande
700 994 52 22 eller
775 995 39 21 den
831 994 78 28 nådiga

88 1023 159 27 propositionen
263 1023 112 27 tillbörligt
391 1023 98 21 afseende
505 1023 69 22 blifvit
589 1024 81 21 fästadt
685 1023 12 22 å
709 1024 39 21 den
762 1024 79 27 vigtiga
851 1023 57 27 prin-

88 1052 67 28 cipen,
171 1054 32 20 att
218 1054 70 20 staten
304 1054 24 20 är
343 1052 83 27 skyldig
441 1052 122 27 respektera
579 1052 201 22 rättsförhållanden
803 1052 40 22 och
865 1054 44 20 rät-

88 1081 97 27 tigheter,
202 1080 71 22 hvilka
289 1083 69 20 staten
374 1081 47 27 sjelf
435 1087 75 21 genom
526 1081 45 21 sina
593 1082 60 26 lagar
675 1081 39 22 och
730 1081 99 27 åtgärder
843 1081 64 21 fram-

88 1110 67 21 kallat
171 1110 39 21 och
225 1110 101 27 grundat;
347 1110 36 27 jag
406 1110 123 27 godkänner
547 1110 62 21 äfven
625 1110 6 20 i
648 1109 64 28 öfrigt
727 1110 50 21 herr
793 1110 116 21 Mechelins

87 1138 86 22 sakrika
196 1138 131 27 motivering,
351 1139 24 20 så
397 1138 48 21 vida
469 1138 122 22 densamma
613 1139 142 26 ådagalägger
771 1139 35 21 det
822 1137 87 29 obilliga

88 1167 39 21 och
143 1167 147 27 oberättigade
305 1168 6 20 i
328 1174 25 15 en
368 1167 119 27 reduktion,
503 1173 44 16 som
562 1169 39 25 gör
616 1167 75 22 sådant
701 1167 86 28 intrång
801 1167 6 20 i
823 1167 40 21 den
875 1173 34 16 en-

88 1195 79 22 skildes
189 1196 165 26 egendomsrätt,
378 1202 45 15 som
446 1196 26 21 de
494 1195 143 28 föreliggande
660 1196 112 27 förslagen.
802 1195 49 22 Men
872 1196 37 27 jag

88 1224 96 22 kommer
205 1225 54 22 dock
282 1225 31 21 till
337 1231 26 15 en
386 1231 69 15 annan
479 1225 92 26 slutsats,
588 1227 27 19 än
631 1225 40 21 den
687 1225 64 21 ärade
766 1226 143 20 reservanten.

87 1254 40 26 Jag
142 1254 42 21 kan
200 1253 18 28 ej
235 1253 74 22 förena
324 1253 41 28 mig
381 1253 48 22 med
444 1253 53 22 hans
513 1253 54 28 åsigt
583 1254 79 25 derom,
679 1255 32 20 att
721 1253 188 22 rusthållsinstitu-

87 1282 73 21 tionen
182 1283 33 20 för
237 1283 36 20 det
296 1282 133 21 närvarande
444 1282 54 21 skall
514 1282 109 27 upplösas;
637 1282 36 27 jag
689 1283 76 26 drager
780 1283 91 20 tvärtom
887 1281 23 21 af

87 1310 40 21 allt
142 1311 36 20 det
193 1310 127 21 framhållna
335 1311 40 21 den
391 1311 95 24 slutsats,
502 1314 32 18 att
546 1310 118 23 rusthållen
680 1311 51 21 böra
747 1310 117 22 bibehållas
875 1309 34 22 vid

87 1339 46 21 sina
147 1339 58 22 förra
220 1339 133 27 rättigheter,
369 1339 54 22 intill
439 1339 48 22 dess
503 1339 60 28 fråga
577 1340 89 26 uppstår
677 1345 33 16 om
721 1339 48 21 hela
779 1338 131 27 indelnings-

87 1367 85 22 verkets
188 1368 133 27 upplösning,
337 1369 38 26 att,
391 1368 26 21 då
433 1368 128 22 rusthållens
576 1368 106 21 förmoner
697 1367 124 22 tillkommit
835 1367 28 28 på
873 1367 36 21 det

88 1396 96 22 enskilda
199 1396 86 23 aftalets
301 1398 47 26 väg,
363 1397 74 27 frågan
453 1403 34 15 om
503 1399 31 20 ett
549 1397 140 28 återtagande
699 1396 23 22 af
732 1397 61 21 dessa
803 1395 107 22 förmoner

88 1425 35 20 vid
138 1426 204 25 indelningsverkets
357 1425 137 25 fullständiga
509 1425 126 26 upplösning
648 1425 78 26 jemväl
749 1425 68 22 måste
839 1425 70 21 förbe-

88 1452 63 21 redas
174 1458 75 21 genom
273 1453 134 21 inhemtande
431 1452 22 21 af
473 1452 25 21 de
522 1452 94 22 enskilde
639 1453 176 20 intressenternas
833 1453 77 26 åsigt
900 1448 15 36 i

88 1481 65 22 saken
169 1481 39 22 och
223 1481 56 21 lösas
295 1487 34 15 om
345 1480 81 28 möjligt
441 1486 75 22 genom
540 1481 81 21 enskild
643 1480 211 22 öfverenskommelse
869 1479 41 22 och

89 1509 6 22 i
110 1509 153 28 sammanhang
279 1510 48 21 med
342 1516 25 15 en
383 1509 105 22 törhända
510 1509 63 28 nödig
588 1509 105 22 befunnen
710 1516 26 21 ny
751 1508 160 29 skattläggning
