1114 1806
318 127 179 21 Borgareståndet
509 129 58 17 1882,
591 130 22 17 31
626 133 61 13 mars.
869 124 39 20 731

89 196 188 26 dersökningarna,
292 196 98 28 uppoffra
415 197 66 27 några
496 196 60 22 tiotal
571 199 61 19 tusen
648 197 66 21 mark.
729 210 27 2 —
772 198 39 26 Jag
827 198 37 20 vill
879 197 32 21 äf-

89 231 39 15 ven
144 225 48 21 med
207 224 50 22 herr
272 224 118 28 Malmgren
406 225 74 22 förena
495 226 42 26 mig
550 225 79 27 derom,
645 228 32 19 att
693 226 105 22 utskottet
810 226 46 27 just
866 226 45 21 haft

88 253 33 21 för
144 253 64 27 afsigt
232 255 32 19 att
286 254 52 21 söka
361 254 76 26 bringa
459 254 73 26 frågan
555 256 116 25 yttermera
693 254 32 21 till
747 254 128 26 behandling
890 255 23 21 af

87 281 125 22 Ständerna.
244 282 41 20 Det
300 284 24 18 är
337 282 24 26 ju
376 282 60 26 fråga
458 283 75 21 endast
549 288 33 16 om
599 284 32 20 att
645 282 93 26 anhålla,
754 282 36 22 det
805 289 25 15 en
846 283 64 26 nådig

88 310 131 26 proposition
236 316 33 14 om
284 310 120 22 inrättande
425 310 24 22 af
468 316 25 15 en
517 310 108 28 geologisk
640 311 52 26 byrå
708 311 68 21 blefve
791 311 119 21 Ständerna

87 338 101 27 förelagd.
220 338 41 21 Det
276 340 24 20 är
315 338 82 22 således
410 338 45 27 just
469 338 33 22 för
517 340 33 20 att
564 338 79 22 bereda
666 338 119 22 Ständerna
800 338 110 28 möjlighet

87 368 33 21 att
135 366 109 22 diskutera
265 366 198 28 anslagsbudgeten,
479 373 44 16 som
540 368 59 21 detta
614 370 93 19 moment
723 367 67 22 blifvit
805 367 104 22 affattadt.

87 395 60 22 Allra
162 395 38 22 sist
215 395 37 21 vill
260 395 36 27 jag
306 395 62 22 äfven
380 396 73 22 förena
464 396 42 28 mig
517 396 46 22 med
574 396 74 22 herrar
658 396 107 27 Wallgren
781 396 39 22 och
836 396 74 22 Malm-

86 430 52 20 gren
154 430 41 19 om,
211 426 33 20 att
259 424 67 27 tredje
342 430 62 16 mom.
419 424 71 22 kunde
505 424 94 28 undergå
614 424 39 22 den
669 425 129 26 förändring,
815 431 44 15 som
877 431 33 15 re-

87 453 42 21 dan
144 452 71 22 blifvit
230 452 98 28 päpekad
344 453 109 27 angående
469 453 65 22 orden
551 471 4 8 ,
556 453 75 26 finska
647 453 87 27 språket
749 453 101 28 mäktig".
868 454 42 21 Det

87 484 24 19 är
133 487 88 16 numera
244 487 26 16 en
293 481 83 28 afgjord
399 483 46 24 sak,
468 483 39 21 och
526 489 26 15 en
576 482 124 27 förordning
722 482 129 22 bestämmer
874 483 36 21 det

86 510 69 27 äfven,
180 512 33 20 att
237 509 74 28 hvarje
337 511 128 27 tjensteman
490 511 7 21 i
522 511 72 22 landet
620 511 67 22 måste
712 511 70 22 känna
806 511 105 22 hvardera

87 539 93 26 språket.

156 597 57 22 Herr
228 597 168 26 Federley:
427 597 50 21 Med
499 597 50 22 herr
570 597 81 22 Kurtén
675 599 23 19 är
719 597 37 27 jag
780 597 129 27 fullkomligt

89 631 49 16 ense
154 625 80 27 derom,
250 628 32 19 att
297 632 48 15 man
361 625 46 22 icke
432 625 43 22 kan
491 628 62 20 vänta
568 625 23 22 af
605 629 30 18 ett
651 625 109 27 kollegialt
776 626 134 21 embetsverk

88 655 40 21 den
144 655 78 26 värme,
239 660 45 16 som
308 654 68 22 skulle
401 653 82 22 fordras
505 655 33 20 för
561 655 24 20 de
608 655 123 26 geologiska
755 655 154 21 undersöknin-

88 689 74 18 garna.
192 683 50 21 Men
255 683 45 27 just
315 683 60 22 deraf
388 683 97 21 kommer
497 683 37 27 jag
545 683 30 21 till
592 686 31 19 ett
639 683 86 22 alldeles
741 685 88 20 motsatt
843 683 66 22 resul-

89 714 30 19 tat
135 713 44 20 mot
196 712 48 21 herr
260 711 87 27 Kurtén,
363 711 105 27 nämligen
488 714 32 19 att
536 712 61 21 dessa
611 711 183 26 undersökningar
808 711 40 22 alls
864 712 46 21 icke

87 740 52 21 böra
156 741 120 27 uppdragas
291 740 22 22 ät
329 741 166 26 bergsstyrelsen
518 740 51 21 eller
592 741 35 21 det
643 747 40 21 nya
708 741 139 26 embetsverk,
864 747 44 15 som

88 775 49 15 man
153 769 39 21 har
214 769 33 21 för
270 769 64 27 afsigt
357 771 31 20 att
410 770 78 20 inrätta
511 770 5 21 i
533 769 70 22 stället
625 769 34 22 för
682 769 165 27 bergsstyrelsen
870 769 38 22 och

88 797 278 26 manufakturdirektionen,
382 798 24 21 så
421 798 84 27 mycket
520 797 80 22 mindre
615 804 45 15 som
677 797 64 27 enligt
751 798 56 21 hvad
820 798 36 27 jag
871 798 38 21 har

89 827 42 26 mig
146 827 86 25 bekant,
250 827 58 21 detta
334 826 132 22 embetsverk
489 827 66 26 enligt
577 827 36 21 det
628 827 6 20 i
651 827 91 21 Senaten
766 826 143 27 föreliggande

87 855 101 27 förslaget
204 855 40 22 alls
259 855 46 22 icke
326 856 84 20 komme
421 857 32 19 att
467 855 65 21 blifva
547 855 24 21 så
585 857 145 24 sammansatt,
745 857 32 19 att
793 855 36 21 det
839 855 71 21 kunde

88 883 66 22 hafva
168 886 33 19 att
216 883 112 27 disponera
350 883 79 27 nödiga
453 883 82 22 krafter
557 883 32 22 för
605 883 154 22 öfvervakande
775 883 39 22 och
829 883 80 21 bedrif-

87 912 69 21 vande
171 912 23 21 af
207 912 26 21 de
248 912 122 27 geologiska
384 912 216 27 undersökningarna.
631 912 42 21 Det
687 912 84 26 förslag,
784 919 46 14 som
845 912 22 21 af
877 914 33 19 ut-

87 941 82 20 skottet
184 940 39 21 har
237 941 117 26 uppgjorts,
370 941 38 25 går
424 941 18 26 ej
458 940 67 21 heller
540 942 23 19 ut
581 941 28 26 på
623 940 121 21 inrättande
760 941 23 20 af
796 941 64 26 något
875 941 34 20 så-

89 969 51 21 dant
163 968 109 27 kollegialt
294 969 139 26 embetsverk,
449 970 6 20 i
472 969 79 21 hvilket
575 969 74 26 frågan
672 969 70 21 kunde
765 975 73 15 somna
854 969 55 25 bort,

87 1000 52 19 utan
154 999 92 20 tvärtom
262 1003 62 21 synes
340 998 42 26 mig
405 997 59 22 detta
487 997 78 27 förslag
580 997 26 27 gå
620 1000 24 19 ut
659 997 27 27 på
702 1000 32 19 att
749 997 22 21 åt
786 1004 26 15 en
828 997 81 22 förman

88 1026 48 21 med
151 1028 72 19 värme
246 1026 32 21 för
300 1026 65 21 saken
388 1026 88 21 beredes
499 1033 25 14 en
548 1025 43 22 fast
615 1026 40 21 och
677 1026 118 27 betryggad
810 1026 100 27 ställning

88 1055 118 26 hvarjämte
222 1055 42 20 han
279 1054 68 22 skulle
370 1055 67 21 förses
459 1055 47 21 med
529 1055 78 26 nödiga
622 1055 105 24 biträden,
743 1054 34 21 för
792 1057 32 18 att
839 1055 71 20 kunna

88 1083 45 21 helt
148 1083 39 22 och
202 1083 67 22 hållet
285 1083 39 22 och
340 1083 120 21 oberoende
475 1083 24 22 af
512 1083 65 21 andra
599 1083 96 26 göromål
719 1089 53 21 egna
787 1083 31 26 sig
834 1083 76 21 endast

89 1112 22 21 åt
126 1111 59 22 detta
199 1112 53 21 värf.
281 1113 41 26 Jag
338 1112 67 21 skulle
421 1111 70 23 derför
506 1112 32 21 för
554 1112 41 21 min
611 1112 34 21 del
662 1111 25 22 be
703 1114 32 19 att
749 1112 22 21 få
786 1111 73 22 förena
868 1112 42 26 mig

88 1141 48 20 med
159 1141 54 26 dem,
236 1147 45 15 som
304 1141 127 21 understödt
453 1141 116 22 utskottets
592 1140 140 22 betänkande.
756 1153 26 3 —
806 1140 103 27 Slutligen

89 1169 68 22 skulle
170 1169 37 28 jag
222 1169 84 22 ansluta
321 1170 43 26 mig
376 1169 32 21 till
432 1170 40 20 den
488 1170 23 21 af
524 1169 75 22 herrar
614 1169 118 27 Malmgren
748 1169 39 22 och
802 1169 107 26 Wallgren

88 1197 80 28 yrkade
191 1198 157 26 uteslutningen
374 1198 22 21 af
416 1198 66 21 orden
499 1214 5 9 ,
505 1198 75 25 finska
604 1198 87 26 språket
711 1198 91 26 mäktig”
817 1204 27 15 ur
858 1197 53 21 sista

89 1233 71 19 mom.,
176 1227 24 21 så
214 1226 84 27 mycket
313 1233 58 15 mera
386 1233 52 18 som,
455 1233 33 14 om
505 1227 60 21 detta
583 1226 123 25 bibehålles,
722 1226 36 22 det
773 1228 24 19 är
812 1228 31 19 ett
858 1226 52 21 afvi-

88 1255 70 22 kande
173 1255 46 22 från
236 1255 39 22 den
296 1255 99 27 gällande
416 1255 157 27 författningen,
590 1261 45 15 som
651 1255 142 24 föreskrifver,
809 1257 33 19 att
857 1254 53 27 tjen-

88 1285 83 20 stemän
186 1283 54 22 böra
255 1289 49 16 vara
320 1283 94 28 mäktiga
429 1283 104 22 hvardera
555 1283 23 21 af
601 1284 83 21 landets
699 1284 71 26 språk,
786 1283 26 21 då
828 1283 82 26 härige-

89 1318 48 15 nom
154 1312 68 21 skulle
237 1314 63 25 göras
316 1312 36 22 det
377 1312 114 27 undantag,
507 1314 32 19 att
554 1311 162 28 ifrågavarande
732 1312 126 27 tjenstemän
874 1312 36 21 be-

89 1341 63 21 höfva
166 1347 52 15 vara
233 1341 93 26 mäktige
341 1341 75 21 endast
432 1341 36 22 det
483 1347 39 15 ena
537 1340 93 28 språket.

159 1398 57 21 Herr
231 1397 188 28 Chydenius:
443 1397 56 22 Herr
513 1397 100 22 Talman!
629 1397 41 22 Till
685 1397 26 22 de
726 1397 184 28 angelägenheter,

89 1432 45 15 som
151 1426 155 27 otvifvelaktigt
329 1426 87 21 tillhöra
438 1429 78 20 staten,
540 1427 37 20 bör
600 1426 83 21 landets
705 1425 149 27 kartläggning
876 1425 34 21 väl

88 1455 85 21 räknas.
204 1454 49 21 Men
275 1454 70 22 denna
367 1454 148 27 kartläggning
537 1455 41 20 kan
600 1453 93 27 försiggå
719 1454 48 21 med
782 1453 80 27 hänsyn
878 1453 32 21 till

89 1483 59 22 olika
162 1483 114 26 ändamål;
299 1483 41 22 den
362 1482 123 27 geologiska
500 1484 24 20 är
539 1483 46 21 icke
601 1482 39 21 den
657 1482 64 21 minst
735 1481 80 28 vigtiga
830 1482 39 21 och
884 1488 25 15 en

89 1512 46 23 från
150 1511 27 23 de
193 1511 69 28 öfriga
284 1511 98 22 särskild.
412 1511 43 22 Det
476 1517 62 21 synes
561 1512 42 26 mig
626 1511 78 26 derför,
719 1517 45 16 som
786 1510 65 22 borde
874 1510 36 22 det
