1123 1792
226 142 54 21 1060
462 146 179 22 Borgareståndet
652 148 59 16 1882.
735 148 14 16 4
761 148 47 20 maj.

292 215 151 21 Fasthållande
465 215 35 21 vid
522 215 133 27 synpunkten
677 217 34 19 att
732 215 134 26 folkmängds
886 214 160 22 förhållandena

225 244 66 21 måste
307 244 114 27 inrymmas
436 250 25 15 en
477 243 115 27 afgörande
608 244 113 26 betydelse,
738 244 87 21 emedan
842 250 24 14 en
881 244 98 26 jernvägs
992 243 54 21 både

223 273 84 21 direkta
322 272 39 21 och
376 272 105 21 indirekta
497 274 59 24 nytta
572 272 62 22 deraf
647 273 6 20 i
669 272 42 26 hög
726 272 52 27 grad
794 274 24 20 är
833 272 111 25 beroende,
961 272 38 21 har
1014 274 32 19 ut-

223 301 80 21 skottet
327 301 45 20 icke
389 301 80 20 kunnat
491 304 64 17 annat
571 303 32 24 än,
621 301 68 21 såsom
713 301 90 26 tidigare
819 301 95 26 uttalats,
930 300 116 21 tillsvidare

225 329 69 22 lemna
310 329 63 21 linien
389 329 221 27 Uleäborg—Kuopio
626 329 78 21 åsido."

292 358 49 21 Men
364 358 55 21 huru
440 359 157 20 sammanställa
620 358 59 21 detta
701 358 47 21 med
773 358 25 21 de
822 357 127 28 föregående
969 358 78 21 vackra

223 388 65 20 orden
314 393 33 15 om
374 387 121 26 betydelsen
520 387 22 20 af
566 387 124 20 stambanan
715 387 273 26 Uleåborg—Davidstad..
1006 387 41 26 Jag

223 415 89 26 fruktar,
334 417 31 19 att
381 415 69 21 denna
473 415 65 21 banas
554 416 77 21 vackra
654 415 100 21 utseende
778 415 27 26 på
820 415 75 21 kartan
919 415 77 21 förledt
1014 417 33 19 ut-

223 444 80 21 skottet
326 446 31 19 att
373 443 77 22 förbise
473 444 61 22 ifrån,
550 446 32 19 att
604 443 48 22 hela
667 444 40 21 den
729 450 63 14 norra
816 444 59 21 delen
899 443 23 22 af
940 443 107 22 mellersta

223 473 125 21 stambanan
363 472 46 21 helt
424 472 39 21 och
479 473 65 20 hållet
560 473 77 20 strider
654 475 44 18 mot
713 472 116 21 utskottets
844 473 112 26 principer.

292 501 48 20 Som
357 500 62 27 sagdt
433 501 67 20 skulle
516 501 117 21 emellertid
649 501 158 26 konseqvensen
819 500 20 21 af
850 501 116 21 utskottets
983 500 63 21 ofvan

223 529 87 22 anförda
329 535 152 20 resonnemang
498 535 54 20 vara,
568 531 31 19 att
616 529 252 26 Uleåborg—Davidstad
885 529 69 21 banau
970 529 74 21 främst

223 558 38 21 bör
277 558 80 27 byggas
373 557 38 22 och
427 557 124 22 nordvestra
567 558 68 21 banan
652 558 68 21 såsom
737 557 22 21 af
774 558 74 21 endast
863 558 56 21 lokal
936 557 107 28 betydelse

223 586 44 21 helt
289 586 39 22 och
344 585 65 22 hållet
431 586 129 21 bortlemnas
582 593 25 15 ur
623 586 174 21 stambanenätet.
828 587 40 25 Jag
888 588 45 19 tror
949 587 93 25 förvisso,

223 617 32 19 att
277 615 35 21 det
328 621 49 15 vore
399 617 80 19 rättare
503 617 31 19 att
550 615 118 21 bortlemna
691 615 220 26 Uleåborg—Kuopio
935 615 68 22 banan
1019 621 25 15 ur

221 643 171 22 stambanenätet
407 643 39 22 och
461 643 107 22 bibehålla
584 644 39 21 den
640 645 123 20 nordvestra
779 643 69 22 banan
861 644 69 21 såsom
941 650 26 15 en
978 643 66 28 vigtig

223 672 117 22 stambana.

291 701 93 22 Härmed
408 701 38 21 har
459 701 37 26 jag
519 701 53 21 dock
588 701 46 21 icke
657 701 56 21 velat
728 701 95 21 bestrida
846 701 39 21 den
901 703 59 19 stora
984 703 60 25 nytta

222 730 72 21 landet
309 731 5 20 i
331 730 31 21 sin
386 729 71 22 helhet
472 729 39 21 och
534 730 100 21 särskildt
657 730 48 20 dess
720 730 44 20 inre
784 729 58 22 delar
858 730 68 21 skulle
942 730 65 26 draga
1022 729 24 21 af

223 765 24 15 en
263 759 49 20 linie
333 759 78 26 Kuopio
429 758 126 23 -Davidstad
580 758 51 21 eller
647 758 65 21 hellre
727 758 86 27 Viborg.
844 759 33 25 Ja,
891 758 37 27 jag
943 759 101 26 uppskat-

223 790 32 18 tar
279 788 68 20 denna
362 787 23 21 af
399 787 104 20 utskottet
525 787 74 26 jemväl
615 787 28 26 pä
658 789 31 18 ett
710 787 81 21 sakrikt
806 789 42 18 sätt
868 787 100 26 pävisade
984 789 58 24 nytta

221 816 24 21 sä
258 816 56 26 högt,
326 818 31 19 att
369 816 38 26 jag
422 815 45 21 icke
483 816 73 21 tvekar
571 817 32 20 att
618 815 93 26 förorda,
719 815 36 21 det
771 815 83 22 arbetet
870 815 27 27 pä
910 815 68 22 denna
989 815 55 21 bana

222 845 66 20 mätte
311 844 60 27 börja
393 844 108 26 samtidigt
522 844 38 21 och
576 843 80 22 utföras
672 844 7 21 i
692 844 127 27 jemnbredd
841 845 47 20 med
904 845 36 20 det
956 844 12 21 &
983 844 61 21 nord-

221 875 70 19 vestra
306 873 131 21 stambanan.
468 873 92 21 Landets
580 873 118 21 financiella
713 873 47 25 läge
776 875 24 18 är
815 873 32 21 för
862 873 36 21 det
914 873 130 21 närvarande

221 902 93 26 ovanligt
337 903 118 25 gynnsamt,
473 901 38 21 och
527 908 34 14 om
577 901 95 21 banorna
687 901 79 27 byggas
782 901 64 27 euligt
862 901 25 21 de
905 901 22 21 af
940 902 105 20 utskottet

220 930 127 22 framhällna
372 930 111 27 principer,
506 930 65 21 borde
592 930 23 27 ju
638 930 65 26 enligt
728 930 116 21 utskottets
869 930 55 26 äsigt
950 931 94 21 banorna

220 959 73 21 kunna
315 959 135 21 underhållas
473 961 49 19 utan
546 958 82 22 förlust.
658 958 80 22 Genom
762 959 104 21 hvardera
890 959 61 21 dessa
966 960 78 20 banors

220 988 88 26 ungefär
331 988 113 26 samtidiga
467 988 110 26 öppnande
598 988 69 20 skulle
679 987 140 27 jernvägarne
836 988 88 21 tillföras
940 994 25 14 en
981 988 6 20 i
1002 988 42 26 hög

220 1018 52 26 grad
289 1016 56 22 ökad
360 1016 62 22 trafik
438 1016 38 21 och
493 1016 60 22 deras
576 1016 117 21 inkomster
708 1016 7 21 i
731 1016 104 28 väsentlig
850 1017 48 21 män
914 1016 57 22 ökas.
1002 1017 42 21 Det

221 1045 66 21 blefve
311 1045 70 21 derför
403 1045 61 26 ingen
487 1045 107 26 svårighet
617 1047 31 19 att
665 1051 24 15 ur
712 1045 273 21 kommunikationsfonden
1009 1045 35 21 be-

221 1074 62 21 täcka
305 1074 147 20 annuiteterna
475 1074 26 26 pä
523 1076 31 18 ett
577 1074 6 20 i
599 1073 131 21 förhållande
753 1073 32 22 till
809 1074 59 21 detta
890 1074 154 21 vidsträcktare

220 1102 74 21 arbete
309 1102 134 26 erforderligt
455 1104 68 19 större
536 1102 40 26 län,
593 1102 38 21 och
647 1102 69 26 nägon
732 1102 123 22 ekonomisk
870 1102 44 22 risk
929 1102 68 21 skulle
1013 1102 32 21 sä-

220 1131 58 21 ledes
293 1131 46 21 icke
361 1130 55 27 ligga
430 1131 31 21 uti
477 1133 32 19 att
532 1130 59 22 anslä
607 1130 77 28 nödiga
707 1130 68 22 medel
791 1131 31 21 till
845 1131 104 21 hvardera
964 1131 80 21 banans

221 1160 116 27 byggande.

288 1188 128 26 Härigenom
433 1188 67 20 skulle
516 1188 39 20 den
571 1188 132 26 väsendtliga
718 1188 69 21 fördel
803 1188 79 26 vinnas,
892 1190 32 19 att
939 1188 105 21 hvardera

221 1216 24 22 af
259 1217 60 21 dessa
335 1216 56 22 bäda
405 1216 24 21 af
442 1216 106 21 utskottet
563 1216 69 22 säsom
649 1216 25 22 de
690 1216 112 27 vigtigaste
817 1217 93 21 ansedda
920 1216 124 27 jernvägars

221 1246 110 26 byggande
350 1245 46 21 med
413 1245 79 21 visshet
507 1245 68 21 blefve
591 1252 25 14 en
632 1245 125 27 verklighet,
773 1246 84 25 medan,
873 1252 34 15 om
923 1245 121 27 nägondera

221 1274 129 26 uppskjutes,
367 1274 98 26 möjligen
482 1274 33 20 vid
531 1276 30 18 ett
577 1274 126 20 kommande
718 1274 148 21 Ständermöte
882 1280 40 21 nya
938 1274 105 27 synpunk-

221 1305 32 19 ter
268 1302 73 27 gjorde
357 1302 31 27 sig
411 1302 97 27 gällande
524 1302 39 21 och
579 1302 40 21 den
643 1303 61 24 bana,
720 1308 45 16 som
782 1308 28 16 nu
826 1308 60 16 anses
902 1302 52 22 böra
970 1302 73 22 ställas

220 1331 7 19 i
243 1331 66 19 andra
332 1333 97 23 rummet,
446 1330 26 20 dä
495 1330 105 21 mähända
622 1330 107 21 lemnades
752 1332 116 24 yttermera
887 1331 27 25 pä
929 1331 113 21 framtiden

220 1358 111 21 beroende.
361 1358 75 21 Denna
451 1358 67 20 fördel
534 1364 61 14 anser
608 1358 36 26 jag
660 1358 48 20 med
723 1358 98 21 afseende
834 1359 12 20 å
862 1358 104 22 hvardera
981 1359 61 21 dessa

220 1386 77 21 banors
313 1389 58 18 stora
394 1386 108 26 betydelse
518 1386 48 21 vida
589 1386 112 26 öfverväga
716 1387 39 20 den
779 1386 118 27 olägenhet,
912 1388 32 20 att
960 1386 82 22 arbetet

219 1415 65 27 nägot
299 1414 124 27 fördröjdes,
432 1421 33 15 om
482 1414 32 21 till
529 1415 104 21 hvardera
649 1415 79 21 banans
744 1415 109 27 byggande
868 1415 46 21 icke
925 1416 69 20 kunde
1005 1422 36 14 an-

219 1444 43 22 slås
277 1444 48 20 fullt
340 1444 23 21 sä
378 1446 45 19 stor
437 1449 87 20 summa,
541 1450 45 14 som
602 1443 105 22 utskottet
722 1444 107 27 föreslagit
844 1446 32 19 att
892 1444 107 22 användas
1009 1444 32 22 för

219 1473 84 20 arbetet
313 1473 27 26 pä
351 1473 39 20 den
406 1479 39 14 ena
462 1472 75 21 banan.
567 1472 40 27 Jag
623 1472 67 21 skulle
706 1472 71 21 derför
792 1473 108 21 vördsamt
915 1473 83 26 föreslä,
1010 1475 32 20 att

219 1501 180 27 Borgareständet
414 1501 48 21 ville
479 1501 81 21 besluta
576 1503 32 19 att
623 1501 109 27 samtidigt
745 1501 68 28 bygga
824 1501 217 28 Nurmo--Uleäborg

217 1531 42 22 och
281 1530 229 27 Davidstad—Kuopio
534 1531 100 26 banorna,
650 1530 159 22 förbehällande
824 1531 42 28 mig
881 1533 32 20 att
928 1531 112 22 framdeles
