1125 1834
315 140 178 21 Borgareståndet
505 141 58 17 1882.
587 141 26 17 23
625 145 61 13 mars.
865 136 42 20 657

88 208 72 27 hvarje
183 209 82 21 enskild
287 209 89 21 medlem
392 210 23 21 af
428 210 85 21 ståndet
528 216 49 15 anse
592 210 33 21 sin
641 210 109 27 värdighet
765 211 143 26 kompromet-

88 238 67 25 terad,
174 244 33 15 om
222 237 42 22 han
280 238 55 21 inför
349 238 86 22 ståndet
449 238 128 22 framställer
587 241 31 19 ett
633 239 84 26 förslag,
732 239 34 21 för
776 239 80 21 hvilket
866 238 42 22 han

88 266 46 21 icke
158 267 74 20 vinner
254 266 99 21 medhåll.
384 267 45 21 Här
446 267 66 27 gäller
528 267 153 27 öfvertygelsen
697 274 33 15 om
747 267 35 22 det
797 269 57 20 rätta
869 267 39 22 och

88 294 54 22 intet
163 297 71 19 annat.
265 295 40 27 Jag
327 301 68 17 anser,
418 297 32 20 att
472 295 36 22 det
530 296 53 21 enda
606 297 72 23 motiv,
693 302 44 15 som
754 296 67 21 skulle
837 296 71 21 kunna

88 323 44 22 tala
148 323 33 21 för
196 326 31 18 att
242 323 47 22 icke
304 323 73 22 skrida
393 323 32 22 till
440 323 123 28 inbjudning
578 324 7 21 i
600 324 142 27 föreliggande
758 325 84 26 ärende,
857 331 51 15 vore

88 352 154 25 klokhetsskäl,
264 359 33 14 om
320 359 48 14 man
384 353 105 27 nämligen
505 354 76 26 ansåge
597 353 36 22 det
647 360 50 15 vara
712 353 85 22 absolut
812 354 96 26 omöjligt

88 384 32 18 att
136 381 65 27 något
216 381 90 22 resultat
321 381 65 28 följde
402 381 22 22 af
437 382 157 27 inbjudningen.
614 383 41 26 Jag
665 385 44 18 tror
720 383 52 25 icke,
784 385 32 18 att
828 383 80 20 sådana

88 409 180 27 omständigheter
283 410 109 27 föreligga.
421 410 29 21 Af
464 410 80 21 referat
558 410 57 22 öfver
631 411 146 21 diskussionen
788 411 5 21 i
805 411 25 22 de
841 411 67 27 öfriga

88 439 90 21 stånden
199 439 39 21 har
261 445 47 15 man
331 442 49 22 sett,
400 441 32 19 att
446 439 7 21 i
469 442 15 19 t.
500 446 31 15 ex.
548 439 157 22 Presteståndet
720 440 72 27 frågan
808 440 36 21 föll
860 440 48 21 med

88 474 26 15 en
137 467 86 22 alldeles
247 467 106 28 obetydlig
376 468 113 27 majoritet.
518 468 31 21 På
571 469 68 21 denna
659 469 67 27 grund
742 475 62 15 anser
816 469 43 27 jag,
876 472 32 18 att

88 497 162 26 inbjudningens
266 497 88 21 resultat
369 499 24 19 är
409 497 58 27 långt
482 497 53 22 ifrån
552 498 79 27 afgjort
641 497 39 22 och
691 500 31 19 att
733 498 108 27 möjlighet
852 498 55 21 före-

88 525 66 22 finnes
177 525 33 22 för
233 526 47 21 dess
302 526 125 26 antagande.
464 526 40 27 Jag
526 527 84 21 förenar
633 527 42 26 mig
697 526 71 22 derför
790 527 46 21 med
859 527 49 21 herr

88 553 90 28 Nybom.

158 612 57 21 Herr
236 611 170 28 Wallgren:
431 613 11 20 I
464 612 112 27 anledning
599 612 20 21 af
642 613 35 20 det
699 612 138 22 meddelande
859 612 49 21 herr

90 640 81 29 Nysten
194 641 78 22 lemnat
295 641 45 22 från
357 641 139 27 lagutskottet
512 641 38 22 och
566 642 27 27 på
608 641 80 22 hvilket
703 641 49 22 herr
768 641 76 22 Ervast
859 641 49 22 sökt

90 670 70 27 stödja
175 670 37 27 sig,
228 676 62 15 anser
303 671 36 26 jag
355 670 36 21 det
406 670 71 21 kunna
492 672 66 20 sättas
570 671 73 27 ifråga,
655 670 102 21 huruvida
767 670 142 27 lagutskottet

90 699 73 21 dervid
180 698 83 22 förfarit
277 699 69 21 såsom
362 699 32 26 sig
409 699 45 21 bör.
484 700 72 20 Andra
571 706 62 14 mom.
649 699 24 21 af
687 698 12 28 &
715 700 26 20 67
758 699 5 21 i
779 700 23 20 L.
814 699 24 21 O.
849 700 59 26 lyder

90 728 115 26 nämligen:
223 727 92 25 ,Finner
329 727 107 22 utskottet
450 728 94 25 härvid”,
560 729 64 20 sedan
639 728 100 21 ständens
756 728 68 21 beslut
841 728 67 21 blifvit

90 762 75 21 genom
182 756 195 27 protokollsutdrag
392 756 123 22 meddelade
530 757 109 25 utskottet,
657 758 45 24 ,att
717 757 89 21 stånden
822 757 7 21 i
839 756 69 28 någon

90 785 61 26 fråga
173 788 86 18 stannat
281 786 5 20 i
303 786 23 20 så
341 785 120 27 skiljaktiga
477 786 75 25 beslut,
568 788 32 19 att
615 786 91 26 lagenlig
721 785 109 27 pluralitet
846 785 22 21 af
883 786 25 20 de

90 814 58 21 olika
171 814 136 26 meningarna
330 814 17 26 ej
371 814 42 21 kan
436 814 74 27 bildas,
534 815 37 21 bör
592 815 104 21 utskottet
719 814 52 21 söka
786 817 38 23 att,
840 814 69 22 såvidt

90 842 84 28 möjligt
196 844 30 24 är,
249 843 166 27 sammanjemka
438 843 26 21 de
486 843 58 21 olika
565 844 137 25 meningarna
717 843 39 21 och
773 843 31 21 till
820 843 88 21 stånden

91 872 108 20 inkomma
225 872 46 20 med
296 872 81 26 förslag
402 871 32 22 till
460 872 56 27 dylik
539 872 218 27 sammanjemkning*.
787 872 33 21 En
842 872 66 21 sådan

91 900 203 27 sammanjemkning
317 901 38 21 har
378 900 44 22 icke
446 903 35 25 egt
499 907 45 15 rum
560 901 39 22 och
614 902 64 20 innan
694 901 73 21 försök
782 900 70 22 dertill
867 900 42 22 för-

90 930 79 27 siggätt
185 931 39 20 kan
240 936 47 14 man
303 930 34 21 väl
351 929 47 22 icke
413 929 95 28 tillämpa
524 931 63 21 slutet
603 930 6 21 i
625 930 11 27 8
653 931 32 23 73,
701 930 38 21 der
754 930 36 21 det
800 931 67 25 säges,
877 931 33 20 att

90 958 44 21 ifall
157 958 35 21 två
213 958 62 21 stånd
297 961 75 18 stanna
396 959 6 20 i
421 959 45 20 sina
482 959 69 21 beslut
565 961 44 19 mot
624 959 36 21 två
676 959 71 26 andra,
763 959 74 26 frågan
855 958 55 21 skall

91 987 33 21 för
141 987 39 21 den
195 987 128 27 landtdagen
339 987 90 21 förfalla.

162 1045 54 20 Herr
231 1044 128 27 Nysten:
375 1044 33 21 Då
423 1044 49 21 herr
487 1045 76 21 Ervast
578 1046 69 20 ansett
663 1044 35 21 det
713 1045 46 21 icke
774 1051 51 15 vara
842 1045 68 21 fören-

92 1073 38 26 ligt
146 1073 47 21 med
209 1073 190 27 Borgareståndets
414 1073 111 28 värdighet
540 1076 31 19 att
586 1073 95 28 speciellt
696 1074 6 21 i
711 1074 68 21 denna
794 1073 59 28 fråga
866 1074 44 21 vid-

92 1104 50 25 taga
164 1108 25 15 en
212 1102 129 27 inbjudning,
366 1102 34 21 vill
422 1102 36 27 jag
480 1103 68 20 erinra
571 1109 34 14 om
628 1102 35 21 det
681 1101 87 27 faktum,
785 1109 45 15 som
845 1103 66 21 redan

92 1132 76 24 många
184 1131 77 26 gånger
276 1131 57 21 förut
348 1131 34 21 vid
396 1131 85 27 frågans
497 1131 126 26 behandling
633 1131 56 22 inom
701 1131 59 21 detta
770 1131 62 21 stånd
844 1131 68 21 blifvit

92 1159 94 25 berördt,
209 1160 106 26 nämligen
337 1161 32 19 att
392 1159 179 27 Ständerpetition
594 1160 47 20 från
663 1160 36 20 två
713 1160 127 26 landtdagar
856 1160 54 21 före-

92 1188 67 26 ligger
182 1188 7 21 i
211 1188 74 26 frågan
302 1188 38 21 och
356 1190 33 19 att
404 1188 158 22 Presteståndet
577 1189 32 21 för
625 1188 31 22 sin
673 1189 33 20 del
722 1188 63 22 också
800 1189 35 21 vid
850 1188 62 22 hvar-

93 1217 51 21 dera
159 1217 128 27 landtdagen
303 1217 90 27 deltagit
408 1218 6 20 i
430 1217 69 21 denna
515 1218 94 26 petition.
641 1217 39 22 Om
696 1217 73 27 frågan
785 1224 27 14 nu
828 1217 32 22 får
872 1218 40 20 den

93 1247 85 25 utgång,
201 1252 45 15 som
269 1246 63 21 hotar
355 1246 127 24 densamma,
502 1247 23 21 så
540 1246 67 22 skulle
622 1247 65 25 detta,
704 1246 27 22 då
744 1246 24 27 ju
783 1246 47 22 icke
846 1246 66 27 några

94 1274 127 22 förändrade
244 1274 147 22 förhållanden
413 1275 71 21 kunna
506 1276 105 26 uppvisas,
630 1274 71 22 hvilka
717 1275 67 21 skulle
800 1275 66 21 vållat
881 1277 31 19 ett

94 1304 64 21 totalt
179 1304 114 26 afböjande
313 1304 21 20 af
348 1304 165 26 propositionen,
529 1305 85 20 komma
629 1306 33 18 att
678 1304 68 21 utvisa
762 1311 25 14 en
804 1304 108 21 bristande

92 1332 133 27 konseqvens
247 1332 39 21 och
302 1334 31 19 ett
348 1332 116 22 vacklande
479 1332 6 21 i
502 1333 78 26 åsigter
595 1333 38 21 hos
648 1333 202 26 representationen,
867 1338 45 16 som

93 1360 47 22 icke
163 1360 67 22 skulle
253 1361 71 21 kunna
347 1360 69 28 undgå
438 1363 32 19 att
492 1361 94 27 förringa
605 1361 122 27 betydelsen
743 1362 40 20 och
798 1362 78 21 verkan
892 1360 22 22 af

92 1390 181 26 petitionsrätten.
303 1390 40 26 Jag
361 1390 42 20 kan
420 1390 70 21 derför
506 1390 46 21 icke
566 1390 100 22 särskildt
681 1390 6 20 i
704 1390 68 21 denna
787 1390 60 26 fråga
862 1396 51 15 anse

93 1418 37 21 det
152 1424 51 15 vara
218 1418 112 26 oförenligt
345 1419 48 21 med
408 1419 187 26 Borgareståndets
610 1418 110 27 värdighet
735 1421 32 19 att
782 1419 86 21 försöka
882 1418 30 22 af-

93 1446 50 27 böja
163 1453 25 15 en
212 1447 65 21 sådan
302 1447 79 27 utgång
403 1447 22 21 af
446 1448 80 25 frågan.
556 1447 70 21 Afsläs
641 1447 151 26 inbjudningen
807 1448 7 20 i
830 1448 84 21 Preste-

92 1475 92 24 ståndet,
201 1475 24 21 så
240 1476 23 19 är
279 1475 35 20 det
329 1475 128 21 åtminstone
472 1475 46 21 icke
532 1475 189 25 Borgareståndets
736 1476 117 25 värdighet,
868 1481 46 15 som

93 1502 76 21 dervid
191 1503 71 21 trädes
283 1503 33 21 för
339 1505 59 19 nära.
419 1515 26 3 —
461 1503 60 21 Hvad
546 1503 45 21 åter
612 1502 75 27 frågan
709 1509 34 15 om
763 1503 151 26 lagutskottets

93 1530 78 28 åtgärd
194 1531 6 21 i
223 1530 58 23 detta
301 1530 99 22 afseende
423 1531 136 27 vidkommer,
575 1532 39 22 har
629 1530 140 29 lagutskottet
784 1531 44 22 helt
844 1531 71 22 enkelt

844 1572 23 18 42
