1117 1800
308 130 177 20 Borgareständet
498 130 57 16 1882,
581 130 22 16 18
617 130 58 20 april.
863 124 41 20 865

81 198 59 21 öfver
156 198 60 21 dessa
240 198 95 21 fiskerier
357 198 27 26 på
407 200 32 19 ett
461 200 48 24 sätt,
529 204 44 16 som
589 198 68 22 skulle
672 198 57 27 gifva
744 198 23 21 åt
782 198 80 21 kronan
880 204 24 15 en

83 227 48 21 vida
147 229 68 18 större
231 227 98 25 inkomst,
346 228 25 19 än
389 227 53 20 hvad
458 233 28 14 nu
501 227 54 20 varit
570 226 66 21 fallet.

152 254 119 21 Petitionen
293 255 38 26 går
353 257 23 18 ut
399 255 32 26 på,
451 257 31 18 att
497 255 87 26 kronan,
599 255 66 26 jemte
681 255 35 20 det
732 255 129 24 densamma,
878 255 27 20 då

84 284 38 20 den
146 283 122 20 nuvarande
291 283 147 20 arrendetiden
460 283 63 26 utgår
545 283 38 21 och
607 283 26 21 då
657 283 38 20 den
715 289 36 20 ger
774 283 36 20 sitt
833 283 72 26 regala

83 311 53 21 fiske
152 311 28 26 på
195 313 46 25 nytt
264 311 95 23 arrende,
376 311 47 20 ville
446 311 42 21 låta
504 312 25 20 de
545 311 68 26 gamle
629 311 175 21 arrendatorerne
820 310 85 22 behålla

82 339 110 22 förmånen
208 341 32 19 att
256 339 130 22 fortfarande
402 339 21 21 få
437 340 84 26 åtnjuta
541 340 159 26 ifrågavarande
715 341 50 23 rätt,
782 339 74 26 tilläte,
874 341 32 19 att

84 369 61 21 äfven
162 368 65 21 andra
250 368 172 26 hemmansegare
445 368 68 21 skulle
536 368 63 21 blifva
623 368 104 26 delaktiga
745 367 60 22 deraf
819 367 39 22 och
874 370 32 19 att

84 397 70 22 denna
170 397 130 27 delaktighet
315 396 118 22 fördelades
446 397 67 26 jemnt
524 397 66 26 enligt
605 396 72 27 hvarje
692 397 110 21 hemmans
818 397 86 20 mantal.

84 426 111 21 Utskottet
217 425 38 21 har
276 426 47 21 icke
345 428 69 19 ansett
434 427 31 25 sig
481 426 51 21 böra
548 426 91 25 förorda,
655 428 32 18 att
703 425 118 22 Ständerna
837 425 68 21 skulle

84 456 94 25 upptaga
194 454 68 21 denna
277 455 89 26 petition
383 454 68 21 såsom
467 455 38 24 sin,
528 461 46 14 men
589 454 40 21 har
643 455 6 19 i
665 454 70 21 stället
751 453 80 26 bifogat
847 454 7 20 i
870 460 35 14 an-

86 483 84 26 ledning
185 482 21 21 af
222 483 121 21 densamma
359 485 30 18 ctt
411 482 110 22 uttalande
537 483 78 25 derom,
631 485 32 18 att
678 483 105 20 utskottet
799 484 23 19 är
837 482 68 21 öfver-

85 511 74 27 tygadt
174 517 40 18 om,
230 514 32 18 att
277 512 102 25 styrelsen
395 511 34 21 vid
448 511 98 21 framtida
562 511 123 26 disposition
701 511 23 21 af
738 511 81 21 kronan
835 511 71 20 tillhö-

86 541 46 25 riga
146 539 72 26 regala
233 540 72 26 fisken,
321 539 53 21 skall
391 539 61 26 tillse,
466 542 31 18 att
521 540 57 21 såväl
601 539 26 22 de
643 540 119 20 nuvarande
781 539 123 21 arrendato-

86 575 72 15 rernes
174 574 44 15 som
240 568 65 27 öfrige
329 569 182 25 hemmansegares
526 570 43 19 rätt
585 567 40 21 blir
640 567 103 21 bevakad.
773 567 34 21 Då
823 568 82 20 utskot-

86 599 32 19 tet
132 599 70 19 ansett
218 597 34 21 det
269 604 50 14 vara
335 596 130 28 nödvändigt
480 599 32 19 att
527 599 52 25 göra
594 598 31 20 ett
641 597 75 21 sådant
731 596 115 25 uttalande,
862 598 45 19 tror

83 626 43 27 jag,
143 628 31 18 att
198 625 58 22 detta
279 625 109 21 uttalande
409 626 60 20 äfven
493 626 53 20 hade
570 625 49 21 bort
641 625 84 27 åtföljas
748 625 21 21 af
788 626 31 19 ett
834 626 72 23 annat,

87 655 104 26 nämligen
208 655 42 23 det,
266 657 32 18 att
313 654 122 27 regeringen
452 654 60 21 äfven
528 654 48 21 ville
592 654 62 25 tillse,
670 656 32 18 att
718 654 27 20 då
760 654 40 20 den
816 652 90 22 framde-

86 684 30 20 les
136 683 123 26 disponerar
274 683 59 21 öfver
347 683 46 21 sina
407 683 72 26 regala
495 682 65 21 fisken
580 682 57 21 detta
660 682 48 21 sker
723 682 27 27 på
765 681 77 22 sådant
857 683 49 23 sätt,

87 714 32 19 att
135 711 193 26 virkesflottningen
345 711 6 21 i
368 711 25 21 de
409 711 97 27 nordliga
531 711 93 21 elfvarne
647 711 119 26 derigenom
782 710 45 21 icke
844 710 41 21 blir
900 710 7 20 i

87 741 24 20 så
126 740 118 26 väsendtlig
259 741 58 26 grad,
333 746 44 15 som
400 746 28 15 nu
452 741 55 20 varit
522 740 64 23 fallet,
602 739 95 22 hindrad.
728 739 10 21 I
753 742 15 18 t.
785 745 30 15 ex.
832 738 31 27 Ijo
880 738 29 21 elf

86 771 24 19 är
126 768 193 27 virkesflottningen
343 769 81 21 tillåten
448 775 33 14 om
498 769 62 20 våren
584 768 75 21 endast
676 770 25 19 10
721 768 67 27 dagar
803 767 47 21 från
867 767 40 21 den

86 798 30 21 tid
132 797 123 26 Pudasjärvi
272 799 13 20 8
301 797 13 22 å
329 798 13 21 9
358 797 35 21 mil
417 797 95 21 ofvanom
537 797 125 26 elfsmynnet
685 797 88 26 belägna
792 797 58 20 träsk
866 795 42 22 blir

87 826 71 21 isfritt.
188 826 10 20 I
214 826 60 21 Kemi
291 826 28 21 elf
333 828 24 19 är
371 826 194 25 virkesflottningen
584 825 118 26 medgifven
719 826 74 20 endast
811 827 25 18 18
852 825 54 26 dygn

86 855 47 20 frän
149 855 39 21 den
205 855 30 20 tid
252 855 25 20 dä
293 855 132 25 lugnvattnet
441 854 98 21 ofvanom
555 854 67 21 elfven
634 854 35 21 vid
685 853 122 22 Rovaniemi
824 853 40 20 blir
880 853 27 20 is-

86 883 53 21 fritt.
170 883 39 21 Om
226 883 75 20 hösten
318 885 23 18 är
357 883 96 26 flottning
477 883 37 20 der
536 883 82 20 tillåten
642 883 75 20 endast
732 888 25 15 en
774 883 86 19 kortare
876 881 30 21 tid

87 912 45 21 från
148 911 74 27 början
239 912 22 20 af
274 911 125 27 September
422 911 31 21 till
477 911 73 26 början
572 911 22 21 af
615 911 100 21 Oktober.
746 911 10 20 I
771 909 54 22 Uleä
841 909 29 22 elf
884 911 24 19 är

86 941 36 21 det
138 941 68 21 likaså
229 941 74 20 endast
325 941 67 20 under
415 947 25 14 en
464 940 49 21 kort
535 940 30 21 tid
582 946 33 15 om
631 939 64 21 våren
711 941 55 19 samt
781 945 34 15 om
831 938 77 21 hösten

87 970 54 21 efter
156 969 40 22 den
214 970 9 19 1
242 969 129 27 September,
388 975 44 15 som
455 969 97 26 flottning
568 971 23 18 är
608 968 123 26 medgifven.
763 967 32 21 Då
811 968 41 24 det,
870 968 38 20 allt

88 999 31 20 till
137 998 50 27 följd
204 998 23 21 af
241 999 25 20 de
283 998 70 27 regala
369 997 86 26 fiskena,
465 1004 28 15 nu
509 998 56 20 varit
575 997 23 21 sä
609 997 72 24 stäldt,
693 999 31 19 att
740 997 93 20 elfvarne
849 997 6 20 i
872 996 37 21 sitt

88 1027 65 22 nedra
161 1027 49 27 lopp
219 1027 68 21 blifvit
298 1027 44 20 helt
350 1027 38 21 och
398 1026 64 21 hället
471 1027 89 26 stängda
571 1032 75 19 genom
657 1025 132 27 fiskbragder
800 1025 39 22 och
851 1025 58 21 detta

88 1056 121 21 förhindrar
224 1055 124 26 flottningen
364 1056 67 21 under
451 1056 39 20 den
507 1055 30 21 tid
552 1055 23 20 af
589 1061 126 19 sommaren,
732 1055 27 20 dä
775 1055 40 20 den
830 1053 79 22 fördel-

87 1085 94 26 aktigast
196 1085 39 20 och
252 1084 47 21 bäst
314 1084 70 21 kunde
401 1084 98 26 försiggä,
515 1086 55 19 samt
593 1083 124 27 flottningen
739 1083 84 21 likvisst
838 1084 24 19 är
878 1084 30 19 ett

88 1113 84 27 mycket
186 1113 74 27 vigtigt
283 1113 95 25 intresse,
401 1113 182 25 hufvudsakligast
605 1112 33 20 för
660 1112 87 25 kronan,
762 1117 45 15 som
829 1113 23 19 är
869 1111 39 21 den

87 1144 78 18 störste
181 1142 141 26 skogsegaren
338 1142 6 20 i
361 1141 59 21 dessa
443 1141 88 25 trakter,
547 1147 46 14 men
617 1140 61 21 äfven
702 1140 33 20 för
757 1146 25 14 en
799 1139 34 21 del
846 1138 22 21 af
883 1139 25 21 de

88 1170 33 21 vid
138 1170 45 21 öfre
206 1170 59 20 delen
282 1170 20 20 af
318 1170 151 26 vattendragen
495 1170 106 26 befintliga
623 1168 133 26 hemmanen,
779 1167 71 21 hvilka
871 1174 38 20 ega

86 1199 84 26 skogar,
186 1205 47 14 men
248 1198 47 21 icke
311 1198 58 27 njuta
385 1198 65 26 nägra
466 1198 105 21 förmäner
586 1197 23 21 af
623 1197 61 21 dessa
699 1198 72 25 regala
787 1196 73 26 fisken,
876 1203 34 20 sy-

89 1234 37 15 nes
142 1227 58 21 detta
216 1227 42 26 mig
274 1233 51 14 vara
341 1233 24 15 en
385 1227 162 26 omständighet,
563 1233 51 19 som,
630 1226 26 21 dä
672 1232 47 15 man
736 1232 26 14 en
777 1225 56 27 gäng
848 1231 62 14 anser

87 1257 32 26 sig
134 1256 52 21 böra
206 1256 83 26 påpeka
312 1256 63 26 något
390 1255 6 21 i
412 1255 59 21 detta
487 1255 97 21 afseende
607 1255 33 21 för
655 1255 109 26 styrelsen,
785 1254 62 21 äfven
862 1253 47 22 icke

88 1285 66 20 borde
170 1285 20 20 få
205 1285 77 20 saknas
297 1284 7 21 i
320 1284 119 21 uttalandet
455 1284 32 20 till
504 1284 129 27 regeringen.
659 1283 41 26 Jag
715 1283 68 20 skulle
798 1283 27 25 på
841 1281 69 22 denna

88 1313 67 27 grund
172 1313 77 20 föreslå
265 1315 30 18 ett
311 1313 46 20 litet
373 1313 74 26 tillägg
462 1312 31 21 till
509 1313 115 20 utskottets
639 1311 123 26 resolution,
773 1311 23 20 så
812 1313 32 18 att
860 1310 50 21 den-

87 1347 81 16 samma
184 1341 54 26 finge
261 1341 92 26 följande
376 1341 91 26 lydelse:
490 1357 5 8 ,
497 1343 40 22 att
552 1340 125 26 Ständerna,
693 1340 7 20 i
715 1339 113 22 förlitande
845 1339 65 26 derpä

88 1371 32 20 att
136 1369 107 27 Styrelsen
259 1370 34 20 vid
316 1369 99 21 framtida
438 1369 124 26 disposition
586 1369 23 20 af
626 1369 81 20 kronan
723 1368 108 26 tillhöriga
846 1367 64 21 fiske-

88 1399 43 20 rier
146 1398 6 20 i
168 1398 68 25 Kemi,
252 1398 64 25 Simo,
332 1397 39 27 Ijo,
387 1397 139 26 Haukipudas
549 1397 38 21 och
610 1396 133 21 Kuivaniemi
766 1395 67 22 elfvar
855 1399 55 17 samt

88 1426 129 25 skärgården
241 1426 84 19 utanför
348 1426 107 20 desamma
470 1426 54 19 skall
540 1427 50 23 taga
605 1425 60 24 billig
680 1425 80 25 hänsyn
776 1424 46 20 icke
835 1424 76 19 endast

88 1454 33 21 till
137 1454 25 20 de
178 1453 121 21 nuvarande
315 1453 187 21 arrendatorernas
518 1453 38 20 och
572 1453 67 25 öfriga
655 1452 184 26 hemmansegares
852 1451 12 21 å
877 1457 33 14 or-

87 1484 36 19 ten
139 1482 110 25 intressen,
265 1483 50 19 utan
331 1481 76 26 jemväl
423 1481 77 26 dertill,
515 1483 33 18 att
564 1479 193 27 virkesflottningen
773 1480 46 20 icke
835 1485 76 20 genom

88 1510 131 27 fiskbragder
235 1509 126 27 förhindras,
377 1510 48 21 ville
440 1509 83 22 lemna"
540 1516 18 15 o.
575 1516 15 14 s.
607 1515 18 15 v.

833 1549 10 17 5

821 1549 10 18 on
