1106 1798
332 124 178 21 Borgareståndet
522 125 55 17 1882.
603 126 13 16 8
628 125 48 21 maj.
862 120 52 20 1191

94 194 92 27 gammal
201 193 65 25 skatt,
281 193 66 23 ehuru
363 194 58 21 detta
436 193 114 28 aflyftande
564 194 87 23 baserar
666 194 31 27 sig
712 195 28 26 på
750 194 36 22 det
796 194 75 23 vilkor,
883 196 32 20 att

92 229 28 15 en
135 229 69 15 annan
220 222 41 23 viss
275 223 58 21 skatt
348 223 68 21 skulle
430 225 68 20 sättas
512 223 7 21 i
534 223 77 22 stället.
634 223 42 22 Det
691 225 24 19 är
732 223 183 26 hufvudsakligast

93 251 23 22 af
131 252 35 21 det
181 251 53 22 skäl.
250 258 45 15 som
311 251 62 21 äfven
389 251 57 22 förut
460 251 92 28 antydts,
566 251 112 26 nämligen,
698 254 32 19 att
746 258 34 14 om
796 251 119 21 Ständerna

94 286 28 15 nu
137 280 73 27 aflyfta
225 280 67 21 denna
308 280 64 24 skatt,
388 280 36 21 det
439 282 24 19 är
477 281 78 24 säkert,
577 283 31 18 att
624 280 20 21 vi
659 280 68 27 aldrig
745 280 85 21 komma
845 283 32 18 att
893 279 22 22 få

94 315 25 15 en
136 315 67 15 annan
228 308 120 21 densamma
370 309 148 20 motsvarande
540 309 57 20 skatt
613 308 26 26 på
652 309 81 26 jorden,
749 314 46 15 som
808 309 37 26 jag
861 310 54 19 mot-

92 338 68 20 sätter
176 337 42 26 mig
234 337 203 26 vakansafgifternas
452 337 113 26 aflyftande
580 337 40 21 och
636 337 118 26 antagande
770 336 24 22 af
807 337 12 27 &
837 337 9 20 1
861 336 53 22 ibe-

94 365 122 22 tänkandet.

162 422 56 22 Herr
239 422 165 22 Vasenius:
434 421 40 28 Jag
497 422 91 27 begärde
611 421 61 22 ordet
694 421 32 22 för
748 423 34 20 att
803 421 112 22 framhälla

92 451 124 26 detsamma,
232 457 45 15 som
293 451 49 21 herr
357 451 107 27 Lindberg
474 457 49 21 nyss
534 451 94 21 uttalade
644 450 38 22 och
698 451 38 21 ber
748 451 38 26 jag
798 450 71 21 derför
881 451 33 20 att

94 481 74 20 endast
182 480 21 21 fä
219 480 93 27 tillägga,
329 483 32 18 att
374 480 36 27 jag
425 486 62 15 anser
502 480 35 21 det
552 486 51 15 vara
618 481 63 24 orätt,
697 482 31 19 att
746 492 23 3 —
783 479 27 22 dä
821 485 25 15 en
857 479 58 21 skatt

92 509 68 21 under
174 509 28 21 40
217 509 24 21 är
256 509 70 26 utgätt
349 508 45 21 frän
415 509 75 26 jorden
506 508 39 22 och
563 508 193 22 skattebetalarene
772 508 142 27 uttryckligen

91 537 104 22 förklarat
207 539 32 25 sig
250 537 70 27 villiga
330 540 39 23 att,
380 543 34 15 om
426 537 68 22 denna
502 537 108 27 jordskatt
621 537 54 26 finge
686 543 25 15 en
725 543 68 15 annan
806 537 54 21 form
874 535 39 22 och

93 566 86 22 delades
202 566 21 21 af
245 566 41 21 alla
310 565 66 27 öfriga
398 566 247 27 fastighetsinnehafvare
660 565 7 21 i
683 566 78 25 landet,
785 566 54 21 dock
862 565 52 21 fort-

92 595 88 22 farande
196 597 76 23 utgöra
288 595 122 21 densamma
425 607 27 3 —
468 597 80 19 ersätta
573 595 68 20 denna
657 594 111 26 ordinarie,
785 595 56 20 fasta
856 594 59 21 skatt

93 623 47 22 med
156 623 114 26 bevillning
285 623 23 21 af
320 623 66 22 sådan
402 625 68 21 natur,
486 629 44 15 som
546 623 224 27 tobaksbevillningen.
800 623 41 20 Det
857 622 58 27 lyck-

92 653 76 26 ligaste
184 652 133 21 förhällande
332 658 50 15 vore
398 658 33 15 om
447 652 26 21 de
488 652 106 21 ordinarie
610 652 109 21 skatterna
733 652 71 21 kunde
824 650 91 23 betäcka

93 681 26 22 de
135 681 93 21 militära
244 681 114 27 utgifterna
374 681 5 21 i
396 681 77 21 landet.
502 681 71 21 Hinna
589 681 25 21 de
630 680 18 27 ej
664 680 40 24 till,
720 681 26 21 dä
761 680 53 21 först
830 680 38 21 bör
878 679 36 22 be-

92 709 89 27 villning
204 709 152 27 ifrägakomma
379 710 31 21 för
434 712 31 19 att
480 709 52 28 fylla
547 709 35 22 det
598 708 70 28 behof,
683 715 45 16 som
744 709 95 27 uppstår.
869 709 51 20 Här

92 738 36 21 vill
143 745 49 14 man
207 740 52 25 göra
275 740 102 23 tvärtom;
395 745 46 14 man
459 738 35 21 vill
510 739 60 21 kasta
586 738 48 21 bort
650 738 38 21 den
699 738 70 27 gamla
778 738 136 27 jordskatten

92 767 39 22 och
148 767 74 22 basera
238 767 145 22 inkomsterna
398 767 32 21 för
446 767 145 22 bestridandet
606 767 24 22 af
644 767 24 21 de
685 767 91 22 militära
799 767 115 27 utgifterna

92 796 28 27 pä
141 803 37 14 ren
202 796 119 27 bevillning.
353 796 55 21 Herr
428 797 76 20 Heikel
526 797 39 20 har
580 796 122 24 framhållit,
718 798 32 19 att
765 796 104 27 antagligt
885 797 29 24 är,

92 827 32 19 att
140 825 19 28 ej
174 825 67 22 heller
257 825 66 22 under
339 825 39 22 den
394 825 139 26 nästföljande
549 825 177 26 femärsperioden
743 824 171 28 fastighetsskatt

93 853 67 22 skulle
183 855 84 21 komma
290 857 32 18 att
340 854 90 21 behöfva
446 856 92 25 utgöras,
554 854 38 21 och
607 854 36 27 jag
659 854 58 21 delar
732 854 49 21 herr
796 854 117 25 Lindbergs

91 883 62 27 äsigt,
170 885 31 19 att
218 883 94 21 kommer
328 883 40 21 den
384 883 18 27 ej
418 884 56 20 inom
490 884 44 20 ätta
550 884 24 20 är
589 883 31 21 till
636 883 68 25 ständ,
721 883 23 21 sä
759 885 39 24 gör
822 883 39 21 den
878 882 36 22 det

91 912 75 26 aldrig.
196 912 40 26 Jag
251 915 45 18 tror
312 912 25 26 ej,
354 914 31 20 att
401 912 35 21 det
453 912 53 21 varit
529 912 130 21 Ständernas
674 912 63 25 afsigt
752 914 33 18 att
800 912 53 26 lyfta
867 910 46 22 frän

89 941 75 26 jorden
181 941 68 21 denna
264 941 63 21 skatt.
344 947 45 15 som
405 940 91 28 utgjorts
511 941 7 20 i
534 941 26 21 70
576 940 29 26 är,
628 943 52 18 utan
695 940 75 21 endast
785 942 31 18 att
832 939 82 21 fördela

92 970 41 20 den
148 970 23 20 sä
187 972 31 18 att
233 969 43 21 alla
290 969 102 21 Finlands
408 969 176 27 fastighetsegare
605 969 67 21 skulle
696 969 88 25 bidraga
807 969 31 21 till
864 969 50 20 den-

91 1004 88 15 samma.
209 998 31 21 Pä
256 998 68 21 denna
338 997 68 27 grund
421 1000 69 19 röstar
503 998 37 27 jag
555 1000 56 19 emot
626 997 120 26 antagande
756 993 27 36 af
795 993 9 36 $
828 999 16 19 1.

161 1055 56 21 Herr
238 1054 165 28 Federley:
434 1055 45 21 Här
502 1055 38 21 har
562 1054 68 22 blifvit
652 1054 86 22 anfördt
754 1056 32 20 att
802 1054 113 22 vakansaf-

92 1084 90 27 gifterna
198 1084 59 26 lugnt
272 1084 71 21 kunde
358 1084 82 27 aflyftas
463 1086 49 18 utan
536 1086 32 18 att
583 1084 69 26 någon
668 1090 68 14 annan
752 1084 59 20 skatt
826 1085 65 19 sattes
907 1083 7 21 i

90 1113 80 26 stället,
187 1114 88 19 emedan
291 1119 25 15 en
332 1113 66 21 sädan
414 1112 31 22 för
460 1113 132 21 närvarande
607 1112 39 22 och
663 1112 105 21 mähända
783 1112 19 27 ej
818 1112 23 20 sä
854 1113 60 20 snart

90 1148 51 14 vore
164 1140 96 28 behöflig.
291 1142 41 25 Jag
355 1141 34 21 vill
411 1142 52 20 visst
478 1141 46 21 icke
543 1140 99 26 bestrida,
660 1143 31 19 att
706 1141 18 26 ej
741 1141 35 21 det
792 1140 117 21 finansiella

92 1170 56 27 läget
163 1170 34 20 för
213 1170 130 21 närvarande
359 1172 24 18 är
399 1170 82 23 sädant,
498 1172 30 19 att
552 1169 113 27 utgifterna
681 1170 31 20 för
728 1170 25 20 de
769 1169 93 21 militära
879 1169 35 21 be-

92 1199 75 21 hofven
183 1198 98 27 möjligen
296 1199 71 20 kunde
384 1198 104 22 bestridas
503 1198 62 21 äfven
581 1204 33 15 om
637 1198 193 26 vakansafgifterna
851 1197 63 27 aflyf-

92 1227 67 25 tades,
173 1227 23 26 ja
212 1226 104 22 måhända
331 1226 64 22 också
410 1227 67 21 under
493 1233 25 14 en
533 1226 126 22 kommande
674 1226 152 27 finansperiod;
838 1226 77 21 sådant

91 1262 50 15 vore
164 1255 88 27 möjligt,
277 1262 47 15 men
340 1256 35 21 det
390 1257 24 20 är
430 1256 54 21 dock
499 1254 87 23 alldeles
601 1255 47 21 icke
664 1255 77 21 säkert.
770 1254 74 22 Skulle
860 1254 54 21 dock

91 1285 24 20 sä
131 1290 55 20 vara,
210 1284 39 21 och
272 1291 48 14 vore
337 1285 35 20 det
388 1284 79 25 säkert,
487 1287 32 18 att
534 1284 66 21 under
616 1284 94 20 normala
724 1283 147 22 förhällanden
888 1282 25 22 de

92 1313 92 21 militära
207 1312 115 27 utgifterna
344 1313 70 20 kunde
438 1313 104 20 bestridas
558 1312 46 21 med
620 1312 120 27 bevillning,
757 1311 48 22 med
820 1317 25 15 en
861 1312 53 20 kon-

91 1341 221 27 sumtionsbevillning
327 1341 27 27 pä
369 1341 131 26 lyxartiklar,
516 1342 22 20 sä
554 1343 24 18 är
594 1341 35 21 det
644 1341 12 20 &
671 1341 66 20 andra
748 1341 58 21 sidan
820 1341 51 20 visst
882 1342 33 19 att

91 1370 34 21 vid
148 1373 31 18 ett
202 1371 124 20 missväxtär
349 1370 39 21 och
410 1371 57 20 ännu
489 1376 45 15 mer
555 1370 66 21 under
643 1370 47 26 krig
706 1369 145 21 inkomsterna
867 1368 46 22 frän

90 1399 64 21 dessa
169 1399 140 26 bevillningar
324 1398 61 22 skola
401 1399 68 26 nedgä
484 1399 86 26 derhän,
587 1400 32 19 att
642 1397 114 28 utgifterna
771 1399 32 20 för
818 1397 26 22 de
860 1397 53 22 mili-

91 1429 47 18 tära
161 1427 103 20 behofven
288 1427 87 20 alldeles
397 1427 47 20 icke
463 1427 47 20 med
526 1427 61 20 dessa
603 1426 139 25 bevillningar
757 1426 71 20 kunna
845 1425 68 26 fyllas.

89 1455 43 26 Jag
154 1457 45 18 tror
222 1455 76 23 derför,
321 1457 32 18 att
374 1455 36 20 det
432 1460 50 15 vore
504 1455 80 25 ganska
602 1453 75 22 oklokt
692 1457 31 18 att
739 1453 74 27 aflyfta
831 1459 25 14 en
872 1454 42 21 fast

91 1484 57 20 skatt
164 1483 39 21 och
219 1485 80 19 ersätta
315 1483 40 20 den
371 1482 73 22 endast
460 1483 46 20 med
524 1482 120 27 bevillning.
674 1482 42 21 Det
731 1484 23 19 är
770 1482 68 21 denna
849 1481 65 22 kloka

89 1512 62 27 äsigt,
174 1517 45 16 som
243 1511 121 22 förestafvat
388 1511 36 22 det
451 1511 73 26 vilkor,
549 1511 79 21 hvilket
656 1511 93 21 fästades
779 1511 23 20 af
829 1513 86 19 senaste
