1114 1803
335 131 177 21 Borgareståndet
525 132 56 17 1882.
605 132 13 17 5
631 132 60 20 april.
889 126 39 20 757

110 200 70 22 derför
195 200 84 27 föreslä,
295 202 32 20 att
343 200 88 22 ärendet
445 200 66 22 mätte
534 200 32 22 till
579 200 105 22 utskottet
699 200 168 22 äterremitteras
882 200 48 22 med

109 228 104 22 anmodan
229 229 33 21 till
278 229 105 21 utskottet
398 231 33 19 att
445 231 50 25 taga
509 229 8 21 i
532 229 161 26 öfvervägande,
708 229 104 21 huruvida
827 229 46 21 icke
884 229 45 21 skäl

109 263 50 15 vore
174 257 33 21 för
221 256 84 22 handen
327 260 33 19 att
382 258 33 21 till
438 257 59 21 Hans
519 257 119 27 Kejserliga
660 257 100 27 Majestät
776 258 49 26 ingä
840 257 48 22 med
904 264 26 15 en

108 285 131 27 underdänig
255 286 89 26 petition
367 292 34 15 om
424 286 148 26 upphäfvande
587 286 21 21 af
622 286 11 27 $
649 287 26 20 73
691 286 7 21 i
713 286 216 27 skogsförordningen

109 314 22 21 af
145 314 40 21 den
201 314 12 21 9
230 313 125 27 September
371 315 60 21 1851.
461 314 45 22 Och
529 315 65 21 borde
616 314 105 22 utskottet
736 315 106 21 mähända
857 315 73 21 dervid

106 342 78 27 jemväl
199 344 51 25 taga
265 342 7 21 i
288 342 161 27 öfvervägande,
465 343 104 21 huruvida
592 343 46 21 icke
661 343 63 21 också
749 343 6 21 i
777 342 153 28 sammanhang

106 349 89 44 dermed
211 359 98 34 anhållan
325 371 71 22 kunde
411 373 62 25 göras
491 377 40 20 om,
542 374 32 18 att
589 371 48 22 hela
653 371 68 22 denna
735 371 131 28 förordning,
877 371 53 22 hvil-

107 399 41 22 ken
163 401 24 20 är
203 399 132 22 tillkommen
352 400 26 27 på
393 384 157 47 administrativ
564 402 46 25 väg,
626 406 47 15 men
689 401 7 20 i
713 400 103 21 särskilda
838 400 92 27 punkter

107 428 78 21 ändrar
201 429 55 20 1734
272 428 34 21 års
321 428 42 27 lag,
378 428 67 22 skulle
468 429 94 26 undergå
585 435 26 15 en
633 428 90 22 revision
749 428 40 22 och
804 429 79 27 förslag
898 429 33 22 till

107 463 28 21 ny
151 457 124 26 förordning
291 457 120 27 föreläggas
425 457 125 22 Ständerna.

177 515 57 21 Herr
273 514 148 22 Snellman:
452 515 41 27 Jag
508 515 38 22 ber
561 517 32 20 att
608 515 6 22 i
630 515 85 22 korthet
733 515 20 22 få
773 515 105 27 tillstyrka
893 521 36 15 an-

109 544 92 27 tagande
217 544 21 21 af
253 543 39 22 den
316 544 239 21 utskottsbetänkandet
578 544 97 27 bifogade
699 545 163 25 reservationen,
878 544 51 21 hvil-

109 572 41 21 ken
166 573 7 20 i
188 572 37 21 sitt
239 572 98 26 resultat,
352 572 65 28 enligt
441 572 55 22 hvad
520 573 41 26 mig
583 579 68 21 synes,
667 572 88 22 innebär
770 572 159 28 konseqvensen

109 600 21 22 af
145 601 25 22 de
185 601 131 27 uttalanden,
332 608 46 15 som
393 601 105 22 utskottet
513 602 7 20 i
535 602 46 20 sina
597 602 65 21 motiv
677 601 62 27 gjort.
771 601 110 22 Utskottet
897 603 32 20 sä-

109 636 37 21 ger
161 630 148 27 uttryckligen,
325 632 32 19 att
373 630 35 22 det
424 630 62 28 hyser
506 630 73 22 starka
603 630 132 25 tvifvelsmål,
751 630 104 22 huruvida
871 636 58 21 rege-

109 659 72 26 ringen
197 661 36 25 egt
247 658 64 28 laglig
326 658 127 27 befogenhet
469 661 31 19 att
520 659 85 27 vidtaga
621 665 25 15 en
661 659 65 22 sådan
742 659 83 27 åtgärd,
841 665 44 15 som
901 665 28 15 nu

109 688 68 21 blifvit
193 687 142 27 öfverklagad.
366 688 42 21 Det
423 688 62 27 hyser
501 688 71 21 vidare
588 688 72 21 starka
676 688 133 24 tvifvelsmål,
824 687 105 22 huruvida

110 716 25 21 de
150 716 100 27 vidtagna
273 716 127 26 åtgärderna
421 717 71 21 kunna
514 716 48 22 leda
578 717 33 20 till
629 717 64 26 något
708 717 108 26 praktiskt
831 716 98 21 resultat.

110 745 39 20 Det
165 746 68 25 yttrar
249 745 31 26 sig
295 745 72 21 vidare
383 745 6 20 i
406 745 39 20 den
469 745 61 25 anda,
552 748 31 18 att
606 745 35 21 det
663 745 89 24 befarar,
768 748 31 18 att
823 751 24 15 en
863 745 65 21 sådan

108 773 76 26 åtgärd
199 780 44 15 som
261 774 39 21 den
311 773 144 25 förevarande,
466 774 54 21 skall
531 773 93 28 förringa
634 774 148 21 medvetandet
793 779 33 16 om
838 774 90 26 egande-

109 803 80 20 rättens
205 802 68 26 helgd.
304 801 31 22 På
350 803 67 26 grund
433 802 22 21 af
468 802 39 21 allt
526 802 59 22 detta
600 803 73 26 tyckes
689 802 35 22 det
739 803 33 20 väl
789 802 52 21 varit
857 805 72 18 natur-

108 830 39 27 ligt
163 837 34 15 om
219 831 106 21 utskottet
347 831 85 21 stadnat
447 831 35 21 vid
504 837 81 15 samma
607 831 90 21 resultat
719 837 44 15 som
786 832 142 23 reservanten,

109 859 36 21 det
167 861 23 20 är
213 859 44 21 helt
280 859 71 22 enkelt
373 859 52 27 yrka
449 859 33 27 på,
499 862 32 19 att
552 859 161 27 ifrågavarande
735 859 48 22 bref
797 859 132 22 omedelbart

107 888 67 21 måtte
190 887 124 28 upphäfvas.
331 900 24 3 —
372 888 33 21 En
421 888 126 27 föregående
563 889 66 21 talare
644 888 104 27 upplyste,
765 890 31 19 att
813 889 68 20 denna
896 888 32 21 åt-

108 917 52 26 gärd
176 917 122 20 tillkommit
313 917 7 20 i
336 917 113 26 anledning
472 917 23 21 af
508 917 167 26 forststyrelsens
699 916 159 27 framställning.
888 917 41 26 Jag

108 945 39 22 har
162 945 54 22 varit
231 945 6 20 i
254 945 82 22 tillfälle
359 947 32 19 att
412 945 47 21 läsa
481 945 68 22 denna
574 945 167 27 forststyrelsens
765 945 163 26 framställning,

108 974 45 26 och,
169 974 67 21 ehuru
253 974 157 27 forststyrelsen
427 974 43 21 deri
491 976 66 25 säger,
573 976 30 19 att
619 974 34 21 det
671 975 164 20 verksammaste
850 974 78 21 medlet

107 1005 32 19 att
155 1003 64 26 stäfja
241 1002 92 21 åverkan
359 1003 55 20 inom
436 1002 31 27 Ijo
489 1002 218 28 inspektionsdistrikt
723 1005 51 18 utan
791 1003 71 20 tvifvel
878 1008 49 16 vore

107 1034 32 19 att
155 1031 90 21 anställa
261 1033 30 19 ett
308 1031 65 21 ökadt
388 1031 58 21 antal
461 1031 148 26 skogvaktare,
625 1037 62 15 anser
697 1031 156 27 forststyrelsen
869 1031 60 26 dock,

107 1062 32 19 att
163 1059 58 21 detta
244 1060 31 20 för
300 1061 124 25 regeringen
447 1059 68 22 blefve
538 1060 63 21 altför
623 1060 104 21 kostsamt
743 1060 39 20 och
798 1059 89 22 föreslår
901 1061 27 24 pä

105 1088 68 26 grund
189 1088 59 21 deraf
270 1088 40 21 den
334 1087 81 28 ätgärd,
431 1094 51 19 som,
506 1088 46 21 med
576 1088 134 27 inbesparing
732 1088 23 21 af
777 1088 64 26 nägra
866 1091 62 18 tusen

105 1117 60 21 mark
182 1117 33 20 för
231 1117 87 26 kronan,
333 1117 93 26 ingriper
441 1117 28 26 pä
484 1119 31 19 ett
529 1117 144 26 märkvärdigt
688 1118 43 20 sätt
746 1117 7 20 i
767 1116 105 22 enskildes
888 1116 41 21 fria

106 1145 180 27 dispositionsrätt
302 1145 57 22 öfver
375 1145 31 21 sin
422 1145 110 26 egendom.
561 1145 32 22 Dä
617 1146 124 25 regeringen
763 1145 39 21 har
821 1151 26 15 en
862 1145 65 22 sädan

105 1176 65 25 utväg
186 1176 31 19 att
239 1173 65 27 stäfja
328 1174 97 26 åverkan,
442 1173 84 23 hvilken
549 1175 22 20 af
592 1173 163 27 forststyrelsen,
772 1180 44 15 som
833 1176 95 19 närmast

105 1202 66 23 borde
186 1203 71 21 känna
273 1202 148 26 förhällandet,
438 1205 61 24 säges
515 1209 50 16 vara
587 1203 39 21 den
642 1205 54 19 mest
712 1203 138 26 verksamma,
866 1208 61 21 synes

105 1232 36 21 det
157 1231 107 28 verkligen
280 1231 151 27 märkvärdigt,
448 1234 32 19 att
495 1231 40 22 den
550 1232 86 21 stadnat
646 1231 35 22 vid
697 1233 32 20 att
744 1231 85 22 utfärda
845 1237 25 15 en
886 1231 41 22 för-

106 1261 96 26 ordning,
217 1261 37 20 der
273 1261 181 21 skattehemmans
477 1267 62 20 egare
562 1260 19 27 ej
603 1259 33 22 fär
651 1260 88 21 afverka
754 1261 65 26 nägot
833 1259 46 22 frän
895 1261 32 21 sin

105 1289 59 26 skog,
179 1291 51 18 utan
247 1290 31 20 att
301 1289 54 21 först
377 1289 95 26 uppsöka
495 1289 135 22 länsmannen
651 1289 38 21 och
705 1288 67 22 skaffa
787 1289 33 26 sig
835 1288 92 27 förpass-

105 1317 56 27 ning,
177 1318 48 20 med
241 1317 84 22 hvilken
341 1317 41 21 han
397 1317 69 22 skulle
482 1317 64 22 blifva
561 1318 7 20 i
584 1317 83 21 tillfälle
682 1319 32 19 att
729 1319 146 25 transportera
885 1318 42 20 vir-

104 1345 37 22 ket
158 1346 141 21 obehindradt
313 1346 34 21 till
362 1346 39 21 den
417 1346 62 27 plats,
496 1347 37 20 der
553 1346 41 21 han
610 1346 41 21 kan
667 1346 77 27 afyttra
759 1346 123 21 detsamma.
899 1357 27 3 —

105 1375 56 20 Herr
175 1375 102 26 Federley
294 1374 39 22 har
347 1375 80 21 erinrat
443 1381 41 18 om,
500 1377 33 19 att
547 1381 49 15 man
612 1374 65 22 borde
691 1375 28 26 gä
733 1374 33 21 till
781 1375 95 26 grunden
887 1374 39 22 och

105 1403 53 21 söka
174 1405 31 19 ett
220 1402 149 28 upphäfvande
383 1403 22 21 af
419 1403 40 22 den
475 1403 114 27 paragraf
582 1398 13 37 i
602 1403 220 27 skogsförfattningen,
837 1403 28 27 pä
875 1403 52 21 hvil-

105 1431 41 21 ken
163 1431 58 21 detta
237 1431 47 21 bref
297 1433 24 19 är
337 1431 106 21 baseradt.
474 1432 48 20 Men
539 1433 27 19 dä
587 1432 36 20 det
638 1433 23 18 är
676 1431 73 26 kändt,
765 1433 32 19 att
811 1431 68 21 under
893 1434 34 17 ut-

105 1459 119 21 arbetande
238 1458 67 22 finnes
321 1466 26 14 en
362 1465 27 21 ny
406 1460 99 26 skogslag
517 1460 46 25 ock,
579 1459 65 25 enligt
659 1459 55 21 hvad
727 1459 38 27 jag
779 1459 56 24 hört,
851 1464 76 16 sanno-

106 1487 68 22 likhet
189 1488 60 22 äfven
271 1486 73 28 finnes,
359 1489 32 20 att
414 1488 68 22 denna
504 1487 35 27 lag
562 1488 54 20 skall
639 1487 174 22 nästkommande
836 1487 91 22 Ständer

105 1516 119 29 föreläggas
240 1516 33 22 till
288 1516 129 28 granskning
439 1517 39 22 och
501 1517 125 26 antagande,
644 1518 45 20 tror
709 1516 43 28 jag,
775 1518 32 20 att
828 1522 25 15 en
870 1516 55 28 dylik
