1109 1786
320 125 177 21 Borgareståndet
511 126 57 17 1882.
593 125 22 17 18
628 125 57 20 april
871 121 39 19 841

91 192 36 22 det
142 192 104 27 afgjorda.
276 193 101 21 Deremot
399 193 40 21 kan
459 194 36 26 jag
511 193 46 21 icke
572 193 73 21 förena
660 193 41 26 mig
717 200 34 14 om
766 193 50 21 herr
831 192 80 22 Molan-

91 220 49 22 ders
161 221 80 27 förslag
265 224 31 18 att
319 222 114 26 uppskjuta
453 221 124 27 afgörandet
593 222 23 20 af
629 222 48 20 hela
699 222 67 20 denna
781 221 61 26 fråga
856 222 56 20 ända

91 249 33 21 till
148 249 47 22 dess
216 249 159 21 vederbörande
399 250 82 20 utskott
501 250 76 20 hunnit
591 250 108 20 inkomma
715 250 46 21 med
777 250 135 21 betänkande

91 283 33 15 om
141 278 41 20 den
197 278 22 21 af
233 278 124 26 regeringen
372 278 35 21 vid
423 278 68 21 denna
506 278 101 25 landtdag
629 278 119 25 föreslagna
764 278 147 25 fastighetsbe-

91 305 120 27 villningen.
242 306 40 20 Det
297 305 108 22 förefaller
421 306 42 27 mig
478 306 105 27 nämligen
599 305 112 27 sjelffallet,
727 309 32 18 att
779 307 132 25 regeringen,

90 333 44 22 ifall
151 335 36 20 det
202 334 73 26 vilkor,
293 340 44 15 som
354 334 127 27 föregående
496 335 102 26 landtdag
613 334 119 27 uppställde
743 333 39 22 och
793 340 45 15 som
850 335 61 20 äfven

91 363 23 20 af
128 362 123 27 regeringen
275 365 81 24 antogs,
372 363 19 26 ej
407 363 110 27 uppfylles,
534 364 17 25 ej
568 363 66 21 heller
656 363 123 26 godkänner
801 363 111 21 vakansaf-

91 391 103 26 gifternas
209 391 121 26 aflyftande.
360 385 135 28 Åtminstone
511 392 37 21 bar
558 391 122 27 regeringen
689 392 26 21 då
723 391 63 22 frihet
794 393 31 20 att
833 391 79 22 handla

91 420 53 21 efter
167 420 74 27 behag.
273 419 48 22 Men
337 420 33 21 för
386 420 84 21 ståndet
493 420 72 27 tycker
586 420 36 27 jag
639 421 35 20 det
689 426 50 15 vara
754 420 111 27 olämpligt
880 422 32 19 att

92 449 52 21 söka
165 449 110 26 hopknyta
297 449 69 21 denna
388 449 103 22 svårlösta
514 449 58 26 fråga
593 450 46 19 med
656 455 26 14 en
697 449 66 26 fråga,
779 455 51 20 som,
847 449 65 26 enligt

92 477 28 21 all
134 477 140 24 sannolikhet,
290 479 25 20 är
330 477 39 22 den
385 478 54 21 allra
454 477 58 24 sista,
522 484 43 15 som
575 477 96 22 kommer
681 479 32 20 att
721 478 35 20 vid
769 477 62 22 denna
843 477 68 21 landt-

92 506 41 26 dag
148 505 83 26 afgöras
247 506 38 21 och
302 507 119 26 derigenom
437 507 115 26 uppskjuta
568 506 139 21 förevarande
718 507 89 20 ärendes
818 507 93 20 behand-

91 535 44 25 ling
150 534 33 21 till
198 535 140 26 landtdagens
354 535 51 21 sista
420 535 92 21 timmar.

160 591 56 21 Herr
232 591 177 27 Malmgren:
426 592 39 21 Vid
481 595 84 18 senaste
581 592 84 26 plenum
681 591 110 21 framhölls
806 592 23 20 af
844 598 25 14 en
882 592 30 20 le-

92 620 72 21 damot
179 620 7 21 i
201 620 165 24 statsutskottet,
389 623 32 19 att
443 620 119 22 Ständerna
583 626 75 20 genom
682 622 32 19 att
735 622 77 24 antaga
834 620 78 27 nådiga

92 648 157 27 propositionen
273 649 106 27 angående
395 649 115 27 bevillning
528 650 33 20 för
577 648 64 22 tobak
656 649 108 21 allaredan
781 648 89 28 uppfyllt
886 649 26 21 de

92 677 21 21 af
127 680 84 18 senaste
227 677 91 21 Ständer
334 678 120 21 fastställda
469 678 96 21 vilkoren
581 678 32 20 för
628 678 97 25 samtliga
736 678 175 26 vakansafgifters

92 706 137 26 upphörande
251 706 49 21 med
318 706 141 21 innevarande
475 707 29 20 år.
536 707 63 20 Detta
614 706 121 27 påstående,
753 706 80 21 hvilket
846 706 43 26 jag,
905 706 7 21 i

92 735 104 20 anseende
220 734 30 21 till
274 735 40 21 den
337 734 59 27 långt
418 734 143 22 framskridna
577 735 63 25 tiden,
657 735 26 20 då
698 734 45 22 icke
754 735 49 21 ville
819 735 91 25 bemöta,

92 764 29 23 är,
138 762 65 27 enligt
218 763 43 21 min
277 763 60 26 äsigt,
354 763 43 21 lika
412 763 148 26 vilseledande,
577 770 44 14 som
638 763 36 21 det
689 769 36 15 var
748 764 101 20 oväntadt
864 763 46 21 från

92 792 35 20 det
149 791 43 21 håll
217 792 34 20 det
274 792 55 21 kom.
360 792 101 21 Förutom
484 792 42 24 det,
548 794 31 19 att
595 792 6 20 i
617 792 40 20 den
681 792 76 26 nådiga
771 792 139 26 proposition,

92 826 44 15 som
160 826 27 15 nu
209 820 113 28 föreligger
345 821 33 21 till
401 820 134 28 behandling,
551 821 104 21 särskilda
675 821 77 26 gånger
768 821 95 25 betonas,
880 823 31 18 att

92 849 39 21 den
154 849 64 24 skatt,
235 855 44 15 som
303 851 65 19 sättes
384 849 6 21 i
406 850 71 20 stället
500 850 32 20 för
555 849 198 27 vakansafgifterna,
770 850 38 20 bör
824 856 51 14 vara
890 848 23 22 af

92 878 40 21 den
147 877 151 26 beskaffenhet,
315 880 32 19 att
370 878 39 21 den
432 880 117 19 motsvarar
564 885 26 14 en
605 878 45 21 från
665 878 199 26 jordlägenheterna
880 881 31 18 ut-

91 906 81 27 gående
187 906 64 25 skatt,
267 906 19 21 d.
298 912 19 15 v.
329 913 15 14 s.
361 913 50 20 eger
426 907 128 20 karaktären
571 907 21 20 af
606 913 25 14 en
646 907 83 25 ständig
742 906 114 27 jordskatt,
874 905 37 22 fin-

91 941 37 14 ner
143 941 48 14 man
208 935 23 20 af
244 935 245 26 värnepligtsutskottets
505 936 33 20 vid
557 937 84 20 senaste
656 935 103 26 landtdag
774 935 66 21 andra
856 941 56 15 sam-

91 963 247 26 manjemkningsförslag
361 963 89 21 rörande
473 964 197 27 värnepligtslagen,
686 966 31 18 att
737 963 60 22 äfven
813 963 98 27 samtliga

91 992 62 21 stånd
166 991 48 27 hyst
231 998 80 15 samma
326 992 89 26 mening.
446 992 10 21 I
472 993 58 20 detta
553 991 293 28 sammanjemkningsförslag
863 998 47 21 pag.

92 1021 12 19 3
120 1021 81 20 uttalar
223 1020 30 26 sig
276 1021 105 20 utskottet
404 1021 112 26 nämligen,
532 1021 64 20 sedan
613 1021 35 20 det
664 1021 107 26 redogjort
786 1021 33 20 för
834 1021 54 20 hvad
904 1021 6 20 i

92 1048 89 21 stånden
199 1048 68 21 blifvit
282 1049 6 20 i
304 1049 65 21 saken
385 1048 98 26 beslutet,
499 1050 27 25 på
542 1049 91 26 följande
649 1051 50 18 sätt:
723 1049 43 26 ,En
779 1048 133 27 jemförande

92 1076 128 27 granskning
237 1077 21 21 af
273 1077 60 21 dessa
356 1077 69 21 beslut
441 1078 5 20 i
463 1078 53 25 syfte
532 1081 31 17 att
579 1077 95 24 utreda,i
690 1077 71 21 hvilka
784 1077 58 21 delar
856 1083 55 15 sam-

92 1105 136 26 stämmighet
243 1105 108 22 allaredan
367 1105 117 27 förefinnes,
501 1106 66 27 gifver
581 1106 35 21 vid
631 1106 92 21 handen:

162 1134 20 25 1)
198 1146 27 3 —
237 1146 28 3 —
282 1147 24 2 —
323 1147 28 2 —
366 1136 55 19 samt

160 1163 21 24 2)
199 1165 32 18 att
254 1163 71 21 vidare
347 1163 108 27 angående
474 1163 87 26 jordens
583 1163 126 26 deltagande
729 1163 6 20 i
755 1162 98 22 framtida
876 1163 36 20 be-

92 1191 108 26 skattning
225 1191 33 21 för
283 1191 140 21 härväsendet
445 1191 158 27 samstämmiga
624 1192 79 25 åsigter
727 1191 56 27 gjort
810 1192 31 26 sig
868 1191 43 27 gäl-

92 1219 69 24 lande,
178 1222 50 18 enär
251 1220 35 20 det
309 1220 65 20 delvis
395 1220 69 21 blifvit
481 1220 91 21 uttaladt
587 1222 32 18 att
633 1220 34 20 vid
682 1220 178 26 proportionerlig
876 1220 35 20 be-

92 1247 109 28 skattning
216 1248 23 21 af
251 1248 179 26 jordegendomen
446 1248 39 21 och
502 1255 69 14 annan
587 1248 146 26 förmögenhet
749 1248 72 27 ,billig
831 1249 80 26 hänsyn

92 1277 39 20 bör
146 1279 61 23 tagas
222 1277 33 20 till
270 1277 35 20 det
320 1282 75 20 genom
411 1277 196 26 vakansafgifterna
622 1277 33 20 för
670 1277 74 20 sådant
767 1277 98 20 ändamål
880 1283 32 14 re-

92 1305 40 20 dan
148 1305 46 20 från
208 1305 201 26 jordlägenheterna
424 1304 104 27 utgående
548 1305 95 26 bidrag".
673 1305 42 20 Det
730 1307 23 18 är
769 1305 81 21 således
865 1305 46 27 tyd-

93 1333 38 26 ligt
146 1333 39 20 och
209 1333 62 27 klart,
287 1336 31 18 att
341 1334 98 25 samtliga
461 1333 63 21 stånd
539 1333 34 22 vid
588 1335 84 20 senaste
687 1333 102 28 landtdag
804 1333 61 21 tänkt
880 1334 32 25 sig

93 1361 39 21 den
148 1361 63 26 skatt,
228 1368 44 15 som
296 1362 39 21 bör
357 1363 65 20 sättas
437 1362 7 20 i
460 1362 71 21 stället
546 1362 32 21 för
593 1361 193 28 vakansafgifterna
801 1362 69 21 såsom
886 1368 25 15 en

93 1390 151 21 företrädesvis
260 1391 46 20 från
319 1390 202 28 jordlägenheterna
536 1391 105 26 utgående
657 1391 62 21 skatt.
751 1390 41 22 Det
807 1392 24 20 är
842 1390 70 21 derför

92 1418 126 26 uppenbart,
235 1421 32 18 att
283 1425 24 14 en
324 1419 91 20 indirekt
437 1419 57 20 skatt
517 1419 72 26 sådan,
613 1425 45 14 som
678 1419 168 24 tobaksskatten,
865 1419 47 20 icke

93 1448 23 19 är
132 1446 22 21 af
168 1447 39 21 den
231 1446 151 26 beskaffenhet,
398 1449 31 18 att
453 1447 40 20 den
515 1447 68 21 skulle
605 1447 72 20 kunna
691 1447 94 26 uppfylla
801 1447 89 20 vilkoret
905 1447 7 20 i

94 1475 35 21 det
146 1475 21 21 af
184 1478 83 18 senaste
283 1475 90 21 Ständer
388 1475 80 21 fattade
485 1475 91 21 beslutet
591 1475 108 27 angående
711 1474 202 28 vakansafgifternas

92 1503 115 29 aflyftande
222 1504 47 22 med
286 1504 141 22 innevarande
443 1504 30 26 år,
489 1506 51 19 utan
556 1503 38 23 bör
610 1504 67 22 denna
698 1504 58 22 skatt
771 1504 141 26 nödvändigt-
