1111 1806
199 135 42 21 874
426 138 177 22 Borgareständet
616 138 55 17 1882.
697 139 22 15 21
733 138 57 20 april.

199 208 73 25 talare,
289 207 35 21 vill
340 207 62 21 äfven
417 207 35 26 jag
468 206 26 27 gä
510 207 31 20 till
556 206 128 26 granskning
701 206 22 21 af
737 206 67 21 denna
820 206 40 25 lag,
876 206 102 26 paragraf
987 206 32 20 för

199 236 103 27 paragraf.
319 248 26 2 —
360 236 11 20 I
386 236 137 20 förevarande
539 235 99 27 paragraf
652 235 45 21 står
717 237 67 18 »emot
799 234 131 27 erläggande
945 234 32 27 af
988 234 32 20 be-

198 264 111 28 villning.>
342 265 40 26 Jag
404 264 57 21 inser
484 264 46 20 icke
554 264 86 20 hvarför
664 263 67 22 denna
755 263 107 21 definition
878 262 54 22 skall
949 262 70 31 ingå
1008 258 15 39 i

199 294 69 25 lagen;
286 294 38 20 den
342 293 127 21 bestämmer
485 292 18 27 ej
520 292 65 22 heller
601 294 96 19 närmare
713 292 55 21 hvad
783 292 33 20 för
830 291 57 27 slags
898 291 121 22 tillverkare

198 323 37 21 det
258 324 24 19 är
296 322 59 26 fråga
371 328 40 15 om.
442 322 66 21 Dessa
523 322 38 20 ord
577 321 69 22 kunde
663 320 71 22 dertör
749 321 83 26 mycket
847 320 33 21 väl
897 321 56 26 utgå.
984 320 39 30 Vi-

199 352 51 20 dare
266 351 64 21 borde
346 350 22 22 af
382 350 64 22 orden
465 350 67 28 »frän
546 350 36 20 sitt
598 349 110 29 bryggeri>
726 350 60 21 ordet
804 350 60 20 »sitt>
876 350 57 26 utgå,
945 351 22 25 ty
978 350 41 21 till-

198 381 104 20 verkaren
325 380 38 21 har
383 380 24 26 ju
430 380 80 20 kunnat
532 379 113 21 arrendera
672 380 31 20 ett
718 378 106 27 bryggeri;
841 378 27 21 då
883 380 24 19 är
925 378 34 21 det
975 378 44 23 icke

198 409 54 21 hans
274 408 101 27 bryggeri.
406 408 10 21 I
439 414 62 15 mom.
525 408 19 23 2,
560 414 43 15 som
620 407 59 27 lyder
695 408 92 25 ,utöfvas
804 407 179 27 bryggerirörelse
999 406 22 22 af

200 438 69 26 bolag,
286 437 116 21 tillkomme
419 436 38 22 den
474 437 5 20 i
496 436 125 27 föregående
637 443 62 14 mom.
715 436 137 21 omförmälda
868 436 101 26 rättighet
984 436 35 21 bo-

200 467 65 26 laget,
282 472 46 15 men
344 465 46 22 icke
405 466 82 21 enskild
503 466 98 26 delegare
617 465 55 21 deri”
689 464 67 22 skulle
769 465 37 27 jag
817 464 83 27 föreslå,
912 468 32 18 att
955 465 66 21 orden

202 495 102 27 »utöfvas
330 494 189 28 bryggerirörelse>»
547 494 66 21 skulle
629 494 85 27 utbytas
738 497 43 18 mot
804 494 64 21 orden
898 494 123 21 >fillverkas

200 523 164 28 maltdrycker»,
381 524 27 26 på
424 524 35 21 det
470 526 32 19 att
517 526 115 19 momentet
646 522 70 22 blefve
732 523 5 20 i
750 523 95 21 harmoni
858 523 46 21 med
915 523 106 26 uttrycket

199 553 6 21 i
222 554 65 20 första
303 555 121 18 momentet.
455 552 49 21 Man
521 552 54 21 talar
587 552 36 21 der
635 559 32 14 om
680 569 4 6 ,
685 552 130 24 tillverkare
826 552 22 20 af
858 552 163 27 maltdrycker*,

202 582 40 21 här
264 582 46 21 åter
332 588 33 15 om
390 581 110 24 ,utöfvare
523 581 22 21 af
566 580 193 28 bryggerirörelse*.
790 580 41 28 Jag
847 587 33 14 ser
895 581 46 21 icke
958 581 63 26 något

200 610 46 21 skäl
261 609 87 22 hvarför
364 617 47 14 man
428 610 67 21 skulle
511 610 80 21 variera
603 609 47 22 med
662 609 110 27 uttrycken
788 609 32 22 för
829 615 79 16 samma
921 609 98 28 begrepp.

270 668 55 21 Herr
347 668 127 21 Berner:
498 668 40 21 Det
554 668 110 27 vigtigaste
680 668 120 21 ändamålet
815 668 47 21 med
879 667 142 28 föreliggande

200 697 215 26 författningsförslag
438 703 62 15 anser
512 697 36 26 jag
564 696 60 22 bestå
639 697 6 21 i
661 697 117 21 ordnandet
800 696 22 21 af
836 697 148 27 försäljningen
1000 697 23 22 af

201 726 141 26 maltdrycker
367 727 26 26 på
408 726 78 21 landet.
517 727 76 20 Derom
610 726 54 21 talar
679 726 13 21 3
707 727 12 27 &
735 726 6 21 i
756 726 144 27 lagförslaget,
915 726 5 20 i
937 726 83 21 hvilken

200 755 20 27 $,
244 755 64 26 enligt
331 755 41 20 min
395 755 134 26 uppfattning
544 755 27 26 på
585 755 55 26 goda
656 755 52 23 skäl,
725 755 21 20 åt
761 755 215 21 landskommunerna
992 755 29 20 öf-

202 784 118 20 verlemnas
342 786 31 18 att
395 783 69 21 tillåta
480 783 51 21 eller
546 783 97 27 förvägra
659 783 122 28 försäljning
797 784 55 20 inom
869 784 152 21 kommunerna

200 812 22 21 af
243 811 148 28 maltdrycker.
422 812 48 21 Med
493 812 125 27 stadgandet
641 812 6 21 i
664 813 11 20 3
693 813 12 26 $
721 813 44 20 står
780 812 146 27 stadgandet
920 807 12 36 i
945 814 7 19 1
971 814 12 25 &
1000 812 23 21 af

202 841 156 27 propositionen
374 841 6 20 i
396 840 36 21 full
447 841 135 26 konsegvens.
614 841 115 26 Medgifves
740 841 160 28 bryggeriegare
912 841 26 26 pä
949 841 72 22 landet

200 869 102 27 rättighet
317 872 32 19 att
364 869 45 22 från
426 869 37 22 sitt
479 869 96 28 bryggeri
590 869 86 27 försälja
692 871 18 20 öl
727 871 6 20 i
750 870 53 21 huru
818 871 45 20 små
879 871 80 26 partier
976 877 44 15 som

200 899 62 23 helst,
279 899 13 20 d.
314 905 18 14 v.
348 905 17 14 s.
381 899 6 20 i
402 898 35 21 hel
454 899 38 20 och
509 899 44 20 half
567 899 96 26 buteljer,
679 899 24 21 sä
718 899 38 21 har
767 899 200 21 landskommunens
979 901 42 24 rätt

200 930 32 19 att
249 927 115 22 bestämma
380 934 33 14 om
430 927 168 28 ölförsäljningen
614 928 56 21 inom
688 927 119 22 densamma
823 929 6 20 i
846 927 102 27 väsentlig
973 934 48 16 mon

200 956 128 21 inskränkts.
360 956 44 21 Och
428 956 26 21 dä
474 956 43 27 jag,
540 957 68 20 säsom
628 957 37 27 jag
680 957 64 20 redan
761 957 95 24 nämnde,
873 963 61 15 anser
950 957 71 21 lands-

200 985 154 21 kommunerna
375 986 27 25 pä
423 985 55 26 goda
501 985 44 20 skäl
570 986 50 20 böra
637 985 137 21 tillerkännas
790 985 102 27 rättighet
907 988 31 18 att
954 987 67 21 ordna

200 1013 152 27 försäljningen
370 1014 56 21 inom
443 1013 112 24 desamma,
571 1014 68 21 skulle
653 1015 37 26 jag
705 1015 5 20 i
727 1014 100 21 afseende
842 1014 12 21 ä
872 1016 8 19 1
899 1015 11 26 &
926 1015 52 26 yrka
994 1015 26 27 pä

201 1043 47 20 dess
270 1042 198 21 äterremitterande
484 1042 31 21 till
530 1043 105 21 utskottet
651 1043 32 20 för
699 1045 30 18 att
746 1043 142 26 omredigeras
905 1044 5 19 i
927 1043 92 26 enlighet

201 1071 47 20 med
272 1071 39 20 den
334 1071 118 26 grundsats,
476 1077 44 14 som
542 1073 23 18 är
582 1072 81 20 uttalad
679 1071 7 20 i
704 1073 7 19 1
730 1073 11 24 $
757 1072 5 20 i
779 1071 40 21 den
835 1072 75 26 nädiga
926 1073 95 25 proposi-

201 1099 77 21 tionen.
304 1112 26 3 -—
348 1099 79 21 Vidare
442 1099 68 21 skulle
524 1099 35 26 jag
575 1100 72 24 önska,
664 1102 32 18 att
712 1100 4 20 i
734 1099 126 27 paragrafen
876 1100 93 21 infördes
985 1101 36 20 det

199 1127 124 27 stadgande,
343 1133 44 16 som
401 1128 78 26 jemväl
494 1128 141 21 förekommer
651 1128 4 21 i
673 1128 163 27 propositionen,
861 1131 31 18 att
916 1129 103 26 nämligen

201 1156 148 27 maltdrycker,
371 1156 72 21 hvilka
466 1156 22 21 af
505 1156 135 22 tillverkaren
656 1157 102 26 försäljas,
775 1157 51 20 böra
842 1163 49 16 vara
908 1157 20 21 af
942 1152 77 27 honom

200 1185 48 26 sjelf
273 1185 129 25 tillverkade,
428 1191 25 15 en
480 1185 137 27 bestämning,
644 1185 83 21 hvilken
752 1186 111 24 utskottet,
886 1186 70 21 såsom
979 1186 42 26 mig

202 1214 79 25 tyckes,
308 1216 49 19 utan
374 1214 45 20 skäl
436 1213 115 22 utelemnat
567 1213 46 23 från
629 1214 36 21 sitt
681 1215 84 25 förslag.
796 1215 40 25 Jag
852 1214 67 21 skulle
935 1214 30 21 till
982 1215 38 20 och

201 1245 47 18 med
272 1243 66 20 önska
360 1242 27 26 gå
406 1245 31 18 ett
452 1245 46 24 steg
514 1243 81 26 längre;
609 1243 36 27 jag
661 1243 67 21 skulle
744 1243 67 20 önska
827 1246 30 18 att
874 1243 5 20 i
896 1243 124 27 paragrafen

201 1270 93 21 infördes
319 1271 132 26 bestämning
474 1271 78 24 derom,
576 1274 31 18 att
631 1271 25 20 de
672 1271 148 27 maltdrycker,
836 1278 44 15 som
897 1271 46 22 från
960 1272 59 26 bryg:

200 1300 45 24 geri
261 1299 103 26 försäljas,
379 1299 61 21 skola
456 1305 49 15 vara
521 1300 108 21 derstädes
641 1300 131 21 tillverkade.
802 1301 40 25 Jag
854 1301 79 20 känner
943 1301 6 20 i
961 1301 59 20 verk-

200 1327 94 26 ligheten
314 1328 43 24 fall,
379 1328 27 20 då
422 1328 257 26 bryggeri-innehafvaren
702 1329 37 20 har
754 1329 7 20 i
777 1335 25 14 en
818 1329 106 24 kommun,
941 1329 32 21 för
989 1331 31 18 att

201 1355 109 20 derstädes
326 1356 69 20 kunna
411 1355 85 26 försälja
512 1356 45 19 sina
572 1356 167 25 tillverkningar,
755 1357 48 20 låtit
819 1357 77 20 inrätta
913 1359 30 18 ett
959 1356 62 26 bryg-

200 1383 44 26 geri
268 1382 31 21 till
322 1385 91 23 namnet,
431 1389 46 14 men
494 1383 39 21 alls
549 1383 45 21 icke
610 1384 32 21 till
657 1386 83 23 gagnet,
757 1383 45 21 från
819 1383 79 22 hvilket
915 1384 106 26 bryggeri-

200 1417 77 20 egaren
300 1411 125 26 sedermera,
446 1412 23 21 så
484 1413 58 19 snart
558 1411 77 27 skjulet
650 1412 95 26 uppförts
762 1412 38 21 och
816 1413 64 25 några
897 1412 72 21 kittlar
985 1414 36 19 an-

200 1439 93 26 skaffats,
317 1439 74 22 försålt
414 1439 20 22 öl
450 1439 46 22 från
517 1443 31 18 ett
564 1440 96 27 bryggeri
677 1441 5 20 i
699 1440 92 22 derifrån
808 1440 90 27 aflägsen
915 1441 105 22 kommun.

200 1469 42 27 Jag
264 1468 68 22 skulle
354 1468 71 22 derför
440 1469 67 21 önska
522 1469 32 21 till
569 1470 105 21 utskottet
689 1470 128 21 öfverlemna
832 1470 155 28 omredigering
1002 1469 22 22 af

199 1499 125 27 paragrafen
354 1498 60 21 äfven
437 1498 7 21 i
468 1498 34 21 det
525 1498 60 27 syfte,
609 1501 32 19 att
664 1498 145 28 maltdrycker,
832 1505 44 16 som
900 1499 45 22 från
961 1499 61 28 bryg-

199 1527 45 27 geri
260 1527 102 27 försäljas,
377 1527 61 22 skola
454 1533 49 16 vara
519 1528 12 21 å
547 1528 58 21 detta
619 1529 96 26 bryggeri
732 1527 130 23 tillverkade.
