1109 1811
196 152 45 21 966
422 157 180 21 Borgareståndet
613 158 59 17 1882.
695 158 27 17 25
735 159 60 20 april.

198 226 47 25 »till
261 226 39 21 och
315 226 60 21 med"
393 227 92 26 utbytas,
502 227 84 20 hvilken
602 226 246 27 redaktionsförändring
858 227 85 21 ståndet
954 228 67 27 ansåg

197 255 52 21 böra
265 255 96 27 vidtagas
374 255 77 27 jemväl
468 255 98 21 öfverallt
577 256 5 20 i
595 255 112 27 lagtexten,
718 256 37 21 der
765 255 160 28 ifrågavarande
935 256 86 27 uttryck

197 284 148 21 förekommer.

266 340 63 22 Mom.
346 342 11 19 2
373 340 123 27 godkändes
513 344 50 18 utan
580 340 126 22 diskussion.

563 432 62 21 Mom.
643 433 19 20 3.

265 489 55 21 Herr
335 489 130 27 Nysten:
481 489 41 27 Jag
538 489 68 21 skulle
622 489 82 26 föreslå,
721 491 32 20 att
768 490 65 21 orden
850 490 151 27 ,kungörelsen
1014 491 7 20 i

196 517 79 28 kyrka"
293 518 27 26 på
334 519 53 20 sista
403 518 62 21 raden
480 517 67 22 blefve
563 519 89 20 tillsatta
667 519 6 20 i
689 518 92 27 enlighet
797 520 47 20 med
856 519 163 27 propositionen.

193 547 42 26 Jag
258 553 61 15 anser
342 547 111 26 nämligen,
477 549 32 19 att
531 547 143 27 gästgifvaren
698 547 39 21 bör
752 547 143 22 tillförsäkras
910 551 32 18 att
958 549 59 20 utbe-

196 576 85 20 komma
296 575 31 21 sin
343 576 117 26 ersättning
475 578 51 19 utan
542 578 32 19 att
590 576 76 21 honom
683 576 85 27 ålägges
784 577 35 20 det
835 577 5 20 i
852 577 80 26 ganska
943 578 77 27 många

196 604 37 20 fall
249 606 58 18 stora
323 604 96 21 besväret
434 606 32 19 att
481 604 80 27 nödgas
577 605 114 25 bevisligen
707 606 124 20 underrätta
848 606 38 20 den
898 606 121 26 försumlige

195 632 231 28 skjutsningsskyldige,
451 633 83 21 oafsedt
557 633 53 21 huru
625 633 88 27 aflägset
729 634 45 21 från
790 634 144 27 gästgifveriet
950 634 68 22 denne

196 662 41 20 kan
261 661 32 21 bo.
325 662 68 21 Slutet
416 662 21 20 af
451 662 126 26 paragrafen
592 662 67 22 skulle
675 662 27 21 då
717 662 84 22 komma
817 665 31 19 att
864 663 58 21 heta:
938 664 82 26 ,derest

196 690 68 21 denne
287 690 45 21 icke
355 690 56 21 inom
427 691 35 20 två
479 691 64 27 dagar
559 691 53 21 efter
627 691 139 26 kungörelsen
782 692 6 20 i
803 692 68 27 kyrka
886 692 51 21 eller
952 692 68 22 bevis-

196 719 54 27 ligen
267 719 93 21 erhållen
377 719 114 26 tillsägelse
508 720 121 21 densamma
644 722 84 19 ersatt”.

265 782 55 22 Herr
343 782 145 27 Procopé:
512 783 42 21 Det
576 786 24 18 är
622 783 45 21 icke
683 784 154 27 gästgifvarens
852 784 120 27 skyldighet
987 786 32 20 att

195 812 44 20 låta
263 812 83 26 tillsäga
369 812 39 20 den
424 812 214 28 betalningsskyldige
655 812 79 26 härom,
750 815 50 19 utan
816 813 75 21 sådant
906 820 50 14 vore
972 820 46 15 exe-

195 840 76 22 kutors
293 841 128 27 skyldighet,
438 841 71 21 förrän
525 842 102 21 exekutor
643 841 125 22 verkställer
783 842 121 27 utmätning
919 842 39 22 hos
972 849 47 21 per-

196 875 64 15 sonen
276 870 6 20 i
299 870 66 27 fråga,
381 870 39 21 och
435 870 6 20 i
458 870 23 21 så
497 870 34 21 fall
548 877 61 15 anser
623 871 36 26 jag
675 871 35 21 det
725 877 50 15 vara
791 871 86 21 alldeles
890 871 86 27 onödigt
986 873 33 20 att

196 898 107 21 bibehålla
327 900 39 19 den
382 899 70 26 gamla
467 900 122 25 sedvanliga
605 900 145 26 skyldigheten
767 902 32 19 att
814 900 95 25 kungöra
924 900 6 21 i
947 900 72 27 kyrka,

195 927 88 21 emedan
308 927 135 26 kungörelser
464 927 7 21 i
486 928 67 26 kyrka
569 935 87 14 numera
672 929 45 20 icke
732 928 76 21 åhöras
824 929 21 20 af
860 929 159 26 församlingens

195 956 143 21 medlemmar.
368 956 102 26 Vanligen
494 957 99 26 uppläsas
615 957 26 20 de
664 957 27 20 då
706 957 161 26 församlingens
883 957 136 22 medlemmar

194 985 27 26 gå
237 987 24 18 ut
275 985 47 20 från
338 985 87 26 kyrkan.

265 1042 54 21 Herr
342 1041 125 28 Nysten:
489 1042 40 27 Jag
552 1043 67 21 skulle
642 1045 57 19 ännu
721 1043 81 21 mindre
825 1050 51 15 anse
891 1044 41 26 mig
948 1044 72 21 kunna

195 1070 98 21 åhvälfva
309 1071 102 21 exekutor
426 1071 120 26 skyldighet
562 1074 32 19 att
609 1073 6 19 i
631 1072 59 21 detta
706 1072 35 21 fall
758 1072 118 27 ombesörja
892 1079 25 14 en
932 1073 88 26 bevislig

195 1099 114 26 tillsägelse
325 1100 22 20 åt
363 1100 40 21 den
419 1100 230 27 skjutsningsskyldige.
682 1101 45 21 Den
743 1101 225 27 skjutsningsskyldige
984 1104 36 19 vet

195 1128 34 21 väl
253 1135 33 14 om
310 1128 41 21 han
375 1129 38 20 har
428 1128 126 21 försummat
571 1132 30 18 att
617 1129 48 27 sjelf
680 1129 104 22 honorera
799 1130 152 27 ersättningen,
968 1132 51 19 utan

192 1158 33 19 att
240 1156 40 21 han
304 1157 138 21 tillförsäkras
457 1157 40 21 den
513 1158 88 26 förmån,
617 1160 32 19 att
665 1158 40 21 han
721 1159 71 20 derom
809 1158 53 21 först
876 1159 54 21 skall
947 1159 70 21 bevis-

194 1185 55 26 ligen
266 1185 100 26 tillsägas.

264 1247 117 21 Momentet
397 1248 43 21 blef
455 1248 51 21 derå
522 1249 46 21 med
585 1249 155 27 öfvervägande
756 1250 110 26 pluralitet
881 1250 137 21 oförändradt

193 1276 116 26 godkändt.

263 1333 63 21 Mom.
343 1336 12 18 4
371 1333 122 26 godkändes
510 1336 51 18 utan
577 1334 125 21 diskussion.

560 1424 61 22 Mom.
637 1425 20 21 5.

261 1486 55 22 Herr
332 1486 112 22 Hårdh:
461 1487 40 26 Jag
517 1487 68 21 skulle
601 1488 78 22 föreslå
695 1494 24 15 en
736 1489 154 26 omredigering
906 1489 22 21 af
942 1489 74 28 början

192 1515 47 21 utaf
253 1517 116 20 momentet
384 1515 86 26 derhän,
486 1518 32 19 att
533 1516 35 21 det
582 1517 67 21 skulle
659 1517 58 21 heta:
735 1517 69 25 ,Frän
816 1518 150 21 reservstation
978 1518 39 21 bör

191 1543 89 22 resande
296 1543 173 22 tillhandahållas
485 1545 54 26 häst,
556 1547 81 19 senast"
654 1552 19 15 0.
689 1552 9 15 s
721 1553 18 14 v.
