1136 1786
346 132 180 22 Borgareståndet
537 134 58 17 1882.
619 134 14 17 4
645 134 47 20 maj.
878 129 51 21 1071

179 202 73 21 Ehuru
272 202 38 27 jag
332 204 24 19 är
378 202 48 22 fullt
448 202 123 28 öfvertygad
593 209 40 19 om,
650 205 32 19 att
698 203 42 21 min
755 205 45 19 röst
815 203 46 21 icke
877 203 54 21 skall

111 230 62 21 vinna
188 230 64 27 något
268 230 66 26 gehör
348 231 7 21 i
371 231 59 21 detta
444 231 69 26 stånd,
529 231 38 21 har
581 232 36 26 jag
633 231 54 21 dock
702 232 46 21 icke
764 232 80 20 kunnat
855 232 76 20 under-

110 258 44 22 låta
169 260 32 19 att
217 258 112 22 framhålla
344 259 61 21 dessa
421 259 85 26 åsigter.

179 287 60 20 Hvad
256 287 46 20 åter
317 287 73 26 sjelfva
401 288 152 20 realiserandet
564 288 23 20 af
595 288 40 20 den
646 288 23 20 af
677 288 43 25 mig
731 288 120 25 föreslagna
862 288 68 20 banan

110 315 71 26 angår,
206 315 48 20 ville
268 315 34 26 jag
318 315 84 25 föreslå,
418 317 32 19 att
465 316 148 24 sträckningen
629 315 46 22 från
691 315 107 27 Uleåborg
814 315 32 22 till
863 316 68 25 någon

109 343 68 26 punkt
200 343 76 21 mellan
300 343 120 27 Myllymäki
437 344 39 21 och
491 343 114 28 Jyväskylä
620 344 68 21 skulle
704 345 32 20 till
752 346 62 19 nästa
829 343 102 28 landtdag

110 372 158 20 instrumentalt
283 372 130 21 undersökas
430 372 38 21 och
484 375 32 18 att
531 379 47 14 man
595 373 66 21 under
677 373 39 20 den
728 373 36 24 tid,
776 372 69 21 denna
854 373 77 20 under-

109 400 89 26 sökning
220 400 65 26 pågår
306 402 55 19 samt
383 401 83 20 såsnart
488 401 126 21 Vasabanan
635 401 68 21 blifvit
719 401 74 26 färdig,
809 401 74 24 skulle,
899 401 33 21 för

109 430 32 19 att
164 429 45 20 icke
232 429 85 26 afbryta
334 429 189 26 jernvägsarbetet,
546 429 85 27 vidtaga
653 430 47 20 med
717 429 109 27 byggande
842 429 22 21 af
875 429 56 27 jern-

109 459 65 24 vägen
190 457 100 26 antingen
306 457 47 21 från
369 457 117 22 Davidstad
501 457 31 22 till
548 458 31 21 S:t
595 458 76 21 Michel
687 458 51 21 eller
750 458 45 21 från
808 457 123 28 Myllymäki

109 485 32 21 till
157 485 115 27 Jyväskylä
288 486 44 25 och,
349 486 131 21 omedelbart
496 486 53 21 efter
564 487 35 20 det
615 486 140 21 ofvannämda
770 487 161 20 instrumentala

108 514 158 49 undersökning
290 513 68 22 blifvit
380 514 122 27 verkställd,
518 515 59 26 börja
596 515 119 27 byggandet
730 515 23 21 af
767 515 41 21 den
824 515 107 21 mellersta

124 549 61 14 anan.

178 599 56 21 Herr
249 599 159 26 Ignatius:
425 599 31 21 En
473 599 126 27 föregående
615 599 51 21 ärad
683 599 66 21 talare
759 599 39 21 har
809 599 123 21 framhällit

109 629 38 25 att,
170 627 71 21 hvilka
264 627 44 22 skäl
332 629 26 19 än
381 628 67 21 under
470 627 68 22 denna
559 628 117 21 diskussion
693 628 70 21 kunna
779 628 102 27 äberopas
898 628 31 21 till

109 656 82 21 förmän
214 656 32 21 för
268 656 39 21 den
330 663 40 14 ena
392 656 51 21 eller
465 657 66 21 andra
552 657 169 26 jernvägslinien,
738 657 61 21 dessa
814 657 45 20 skäl
876 657 54 21 dock

109 685 64 21 blifva
195 684 45 21 helt
262 685 38 21 och
324 685 64 21 hållet
409 685 143 26 bortkastade,
569 686 87 20 emedan
672 685 79 21 enhvar
765 686 65 21 redan
846 686 27 25 pä
889 685 40 21 för-

109 714 56 21 hand
181 714 60 20 torde
254 713 62 22 hafva
331 714 30 21 sin
378 713 56 27 äsigt
448 713 7 21 i
471 713 74 26 frågan
561 713 95 27 stadgad.
686 714 40 27 Jag
743 714 66 21 måste
825 713 103 26 bekänna,

110 744 31 19 att
157 742 26 21 dä
196 742 36 26 jag
248 748 48 21 nyss
312 742 68 21 variti
391 742 82 21 tillfälle
489 745 31 18 att
532 743 51 20 höra
593 745 76 18 tvenne
681 743 63 20 ärade
755 743 67 20 talare
832 743 53 26 yrka
895 742 34 27 pä,

111 771 40 20 den
175 777 39 15 ena
238 777 25 14 en
286 770 54 22 bana
361 771 32 20 till
416 771 139 27 Björneborg,
569 772 40 20 den
625 771 66 21 andra
707 771 30 21 till
754 771 120 27 Jyväskylä,
891 771 38 21 och

110 799 73 27 finner,
198 801 32 19 att
246 800 60 20 desse
322 799 73 21 herrar
410 799 103 21 hvardera
529 801 37 20 äro
581 802 170 24 representanter
766 801 32 20 för
814 801 25 20 de
854 799 76 26 ifräga-

110 828 92 21 varande
224 830 90 22 orterna,
338 829 40 20 kan
400 828 37 27 jag
459 828 19 27 ej
500 831 65 18 annat
587 830 26 19 än
637 828 98 26 erkänna,
756 831 32 18 att
812 828 35 22 det
863 828 67 21 mäste

110 857 68 21 finnas
193 857 87 27 mycken
296 857 89 26 sanning
400 857 6 20 i
422 857 59 20 detta
496 857 109 21 uttalande
621 857 39 21 och
673 859 32 19 att
720 857 46 22 skäl
777 857 38 21 här
825 857 105 26 svärligen

110 886 59 20 skola
192 886 85 20 komma
299 888 31 18 att
352 886 78 26 betyda
452 886 89 26 mycket.
571 885 40 26 Jag
633 886 38 20 ber
687 885 54 21 dock
756 889 31 17 att
802 885 21 21 fä
839 885 32 21 för
887 886 43 20 min

111 914 95 21 enskilda
228 914 34 21 del
284 913 116 27 framhälla,
424 916 32 19 att
476 914 37 27 jag
535 914 118 26 lyckligtvis
675 916 24 19 är
722 914 70 21 bosatt
807 914 28 27 pä
850 920 25 14 en
891 916 39 23 ort,

110 943 63 21 hvars
196 942 71 22 lokala
289 943 103 21 intressen
412 942 46 22 icke
473 944 6 19 i
496 943 68 26 nägon
580 943 48 21 män
644 942 83 22 komma
743 945 31 19 att
790 942 97 22 influeras
903 942 26 24 af,

110 972 6 20 i
133 971 83 21 hvilken
232 971 94 27 riktning
341 973 26 19 än
384 971 25 21 de
426 971 104 21 blifvande
544 971 250 27 jernvägsbyggnaderna
805 972 83 20 komma
899 973 32 19 att

110 1000 33 26 gä.
173 1000 41 26 Jag
237 999 95 22 anhäller
354 1000 76 26 derför,
453 1002 32 19 att
504 1000 39 21 den
559 1000 60 26 äsigt,
635 1006 45 14 som
694 1000 36 26 jag
745 1000 80 21 uttalar
840 1001 6 19 i
862 1000 69 21 denna

111 1028 66 26 fräga,
194 1028 65 21 mätte
275 1028 109 22 betraktas
399 1028 69 21 säsom
485 1028 43 21 helt
544 1028 37 22 och
598 1028 65 21 hället
678 1028 95 27 grundad
785 1028 27 27 pä
822 1035 25 14 en
859 1028 71 26 objek-

111 1056 30 21 tiv
164 1057 140 27 uppfattning,
328 1057 39 20 och
390 1056 66 21 ehuru
474 1057 37 26 jag
526 1057 39 20 alls
579 1057 46 21 icke
642 1057 102 24 betviflar,
760 1059 32 18 att
808 1057 46 20 icke
870 1056 60 21 äfven

112 1091 25 15 en
153 1085 52 21 hvar
221 1085 21 20 af
257 1085 25 21 de
298 1085 125 26 föregäende
438 1085 65 21 ärade
519 1085 93 21 talarene
628 1086 75 21 endast
719 1085 63 21 afsett
798 1085 83 22 landets
892 1085 38 20 all-

111 1115 78 19 männä
211 1114 67 25 bästa,
302 1114 45 20 icke
363 1113 96 21 enskilda
474 1113 71 21 lokala
563 1114 109 25 intressen,
689 1113 67 21 skulle
768 1113 37 27 jag
821 1113 53 21 dock
890 1116 39 23 tro,

112 1144 32 19 att
166 1142 76 27 mänga
257 1142 79 27 gänger
349 1142 43 26 just
416 1142 60 21 dessa
492 1142 70 21 lokala
577 1142 103 21 intressen
697 1143 23 20 sä
735 1144 149 19 sammanväxa
899 1141 32 22 för

112 1170 95 22 enskilde
230 1171 47 20 med
300 1171 36 20 det
358 1170 106 21 allmänna
482 1171 67 26 bästa,
564 1173 32 18 att
611 1170 36 21 det
663 1171 41 20 blir
718 1171 57 21 svärt
791 1173 31 18 att
838 1171 5 20 i
861 1171 70 25 dylika

112 1198 37 22 fall
173 1199 7 21 i
201 1199 172 26 föreställningen
396 1198 98 27 särskilja
510 1199 36 21 det
562 1205 39 14 ena
616 1198 45 21 från
678 1198 35 21 det
727 1199 73 20 andra.
831 1198 43 21 För
889 1198 41 26 mig

112 1228 102 20 existerar
229 1228 128 20 ätminstone
372 1227 6 21 i
394 1228 130 20 närvarande
539 1227 37 21 fall
591 1227 46 21 icke
652 1228 65 26 nägot
731 1227 64 21 behof
804 1227 24 21 af
837 1228 31 20 att
878 1227 52 21 söka

112 1255 97 27 särskilja
224 1256 62 21 dessa
300 1256 109 20 intressen.

181 1284 40 27 Jag
235 1284 49 21 ville
300 1286 81 23 nämna,
397 1286 33 18 att
444 1290 34 15 om
492 1284 37 27 jag
544 1284 54 20 förut
615 1284 54 20 varit
684 1284 95 21 tveksam
800 1283 130 21 beträffande

112 1313 7 21 i
135 1312 84 22 hvilken
241 1312 93 27 riktning
357 1313 25 21 de
400 1313 120 26 jernvägar,
535 1312 71 21 hvilka
621 1312 53 21 först
690 1312 64 22 borde
770 1312 85 27 byggas,
872 1312 59 21 skola

113 1342 32 26 gå,
162 1342 37 20 har
214 1342 69 20 denna
298 1342 76 20 tvekan
389 1341 45 21 helt
449 1341 39 21 och
504 1341 65 21 hållet
583 1341 106 26 skingrats
704 1341 7 21 i
723 1341 39 21 den
775 1341 47 21 män
831 1341 37 26 jag
877 1341 54 21 varit

112 1370 7 21 i
135 1370 83 21 tillfälle
240 1372 32 19 att
295 1372 96 19 närmare
410 1373 49 24 taga
475 1370 117 21 kännedom
609 1376 33 14 om
656 1369 274 27 jernvägskommissionens

113 1398 39 22 och
173 1399 215 25 jernvägsutskottets
412 1398 154 21 betänkanden.
596 1399 41 26 Jag
661 1398 122 26 godkänner
808 1398 6 20 i
840 1398 41 21 allo
905 1398 25 20 de

113 1427 143 25 grundsatser,
272 1426 71 21 hvilka
358 1426 105 21 utskottet
478 1426 78 21 uttalat
570 1427 12 19 å
593 1427 85 19 sidorna
691 1426 24 20 T6
725 1426 38 20 och
776 1426 33 24 17,
818 1426 25 20 de
854 1426 78 25 grund-

113 1456 68 20 satser
203 1454 110 27 nämligen,
336 1454 71 21 hvilka
430 1454 50 21 böra
503 1454 57 26 tjena
578 1454 31 20 till
625 1454 85 26 ledning
725 1454 33 20 vid
774 1454 121 21 utförandet
910 1453 24 21 af

114 1483 82 21 landets
214 1482 141 27 jernvägsnät,
373 1485 49 18 utan
446 1484 32 19 att
490 1483 37 26 jag
543 1482 53 21 dock
612 1482 34 21 vill
662 1489 57 19 anse,
735 1484 32 19 att
780 1482 41 21 alla
837 1482 25 21 de
878 1482 53 25 skäl,

114 1512 71 21 hvilka
200 1511 44 22 ledt
259 1513 105 20 utskottet
379 1511 31 22 till
426 1511 118 27 antagande
560 1511 23 22 af
597 1511 61 22 dessa
673 1512 141 26 grundsatser,
831 1513 36 19 äro
884 1511 48 21 fullt
