1109 1803
210 122 48 34 9228
438 130 179 21 Borgareständet
630 131 58 16 1882.
713 131 25 16 25
752 130 58 21 april

343 301 62 26 Den
423 300 38 27 25
479 300 83 34 April
580 300 39 26 kl.
637 300 26 26 11
681 300 59 27 före
758 300 160 34 middagen.

285 369 41 22 Vid
349 369 118 22 verkstäldt
489 376 82 21 upprop
593 369 103 22 befunnos
719 369 91 27 följande
825 369 212 22 ståndsmedlemmar

218 399 147 24 frånvarande,
381 399 105 26 nämligen
509 399 75 20 herrar
607 397 90 28 Nybom,
712 398 88 27 Ingman
816 399 39 21 och
871 398 57 21 Göös
944 398 24 21 af
981 399 57 20 förut

217 427 120 22 antecknad
359 427 70 24 orsak,
451 427 50 20 herr
523 426 99 25 Neovius,
645 433 45 15 som
714 427 47 21 låtit
784 427 34 20 för
835 427 32 27 sig
882 427 84 22 anmäla
980 427 57 27 sjuk-

219 455 137 28 domsförfall,
375 458 56 19 samt
446 456 49 21 herr
513 455 116 26 Wasenius,
646 455 83 22 hvilken
753 455 54 22 dock
821 462 76 15 senare
911 455 72 22 infann
999 455 38 27 sig.

286 611 39 22 Till
347 611 105 28 justering
475 612 108 27 upplästes
605 611 64 26 några
692 611 197 28 protokollsutdrag
905 611 33 22 för
954 613 84 22 senaste

217 640 164 22 sammanträde.

285 772 79 22 Vidare
380 772 109 28 upplästes
505 775 31 19 ett
551 773 21 21 så
590 773 91 27 lydande
696 773 114 27 protokoll,
826 773 57 21 fördt
898 773 36 22 vid
943 773 95 22 ståndets

218 802 116 22 elektorers
349 802 157 21 sammanträde
521 802 39 21 den
578 803 24 20 21
619 802 8 21 i
643 802 68 21 denna
727 802 86 21 månad:

287 859 72 26 Enligt
375 859 22 21 af
410 859 85 21 ständet
517 858 94 22 lemnadt
632 859 97 27 uppdrag
751 859 74 21 skreds
847 859 33 21 till
903 859 32 21 val
951 859 88 22 medelst

218 888 71 22 slutna
304 888 70 21 sedlar
389 887 22 21 af
426 890 75 19 tvenne
518 888 106 22 ordinarie
639 888 117 22 ledamöter
772 890 55 19 samt
843 894 25 16 en
883 888 113 28 suppleant
1006 889 33 21 till

219 917 112 21 Allmänna
354 916 90 22 Besvärs
467 916 117 27 Utskottet,
601 916 40 22 och
656 916 70 22 blefvo
743 917 71 21 dervid
831 917 88 21 utsedde
934 916 32 22 till
982 918 56 21 med-

219 946 88 21 lemmar
322 946 6 20 i
344 946 66 26 sagda
424 946 92 20 utskott:

289 1002 50 22 herr
353 1002 106 22 Florin
476 1002 47 21 med
539 1005 74 19 sexton
629 1002 38 22 och

288 1060 50 22 herr
353 1060 155 26 Bergroth
524 1060 47 21 med
587 1061 80 20 tretton
683 1062 78 24 röster;
777 1062 55 20 samt
848 1060 31 22 till
895 1060 113 27 suppleant

288 1117 50 21 herr
353 1117 160 26 Lindberg
529 1117 47 21 med
591 1116 78 27 fjorton
686 1119 75 19 röster.

289 1202 104 26 Företogs
407 1202 54 21 härå
474 1201 78 27 jemväl
568 1201 33 22 val
617 1201 23 21 af
654 1208 69 15 annan
741 1201 113 27 suppleant
869 1202 6 21 i
891 1203 152 26 Lagutskottet

222 1230 6 21 i
244 1231 71 21 stället
330 1231 33 20 för
378 1230 48 21 herr
442 1230 86 25 Berner,
545 1231 84 20 hvilken
651 1230 70 21 såsom
737 1230 93 22 ledamot
846 1231 7 20 i
868 1233 76 20 tvenne
960 1231 83 22 utskott

222 1258 65 28 enligt
303 1260 13 25 8
332 1259 25 21 32
374 1258 24 22 L.
413 1258 24 22 O.
454 1258 69 26 afsagt
545 1260 32 25 sig
601 1259 36 20 det
659 1259 77 21 honom
759 1258 98 22 lemnade
878 1260 118 26 uppdraget
1011 1262 33 19 att

222 1293 51 15 vara
288 1288 112 26 suppleant
416 1288 4 20 i
437 1287 99 21 bemälda
551 1287 135 27 Lagutskott,
702 1287 39 21 och
757 1288 72 27 utsågs
845 1288 72 21 härtill

290 1344 49 20 herr
379 1344 158 20 Liukkonen
553 1344 48 20 med
616 1344 41 20 tolf
671 1346 68 18 röster
749 1344 23 20 af
781 1345 73 20 inalles
865 1345 81 26 afgifna
955 1346 87 25 sjutton.

292 1487 55 21 Frän
371 1486 155 28 Ridderskapet
549 1487 39 21 och
607 1486 68 23 Adeln
691 1487 55 22 hade
761 1487 117 22 ankommit
894 1487 150 28 protokollsut-

225 1516 52 27 drag
299 1515 33 22 för
351 1516 40 21 den
409 1516 25 21 18
450 1516 85 27 dennes,
552 1515 139 23 meddelande
713 1516 98 23 ständets
829 1517 69 22 beslut
915 1517 129 22 beträffande
