1109 1775
195 118 42 22 856
321 146 3 4 N
415 124 178 22 Borgareständet
606 126 57 16 1882.
687 126 23 16 18
723 125 58 21 april.

195 193 62 21 rubel
273 193 26 21 90
315 192 69 28 kopek
400 193 136 21 skatterubel.
568 193 72 22 Skulle
665 199 29 15 nu
709 194 66 26 enligt
789 194 135 26 regeringens
940 199 76 21 propo-

196 222 64 20 sition
275 221 67 27 sagda
357 221 90 22 rusthäll
463 222 20 20 få
499 221 84 22 behålla
599 222 69 21 såsom
692 222 141 21 kronoräntor
849 222 61 20 dessa
925 222 41 21 520
982 228 35 14 ru-

197 248 39 28 bel,
253 249 70 21 skulle
338 250 26 21 de
379 252 76 25 utgöra
471 256 25 15 en
512 250 58 22 skatt
586 250 21 22 af
622 250 97 28 omkring
734 251 63 23 3,200
812 250 67 22 mark.
909 250 42 22 Det
966 256 51 16 vore

196 278 131 27 upplysande
349 280 33 20 att
397 281 48 19 veta
468 279 55 21 huru
546 281 58 19 stora
628 279 94 21 intrader
743 279 58 21 Esbo
817 279 52 26 gärd
885 279 39 21 har
938 279 32 21 för
985 281 32 19 att

195 306 72 22 kunna
289 306 52 22 bära
365 313 26 15 en
414 307 65 21 sädan
502 308 64 21 skatt.
597 307 41 21 Det
661 310 24 18 är
697 307 24 27 ju
739 308 88 27 möjligt,
844 310 32 18 att
891 307 57 22 Esbo
964 308 53 26 gärd

196 341 42 21 nog
254 337 25 19 är
293 336 80 26 mägtig
389 338 32 19 att
436 335 51 23 bära
504 336 67 21 denna
587 336 58 21 skatt
659 348 28 3 —
703 336 66 22 ehuru
783 336 36 27 jag
830 337 69 21 tvitlar
914 337 103 26 derpä
999 331 23 37 —

196 370 47 15 men
260 370 75 21 genom
352 370 25 16 en
393 366 96 20 närmare
515 364 160 28 undersökning
690 365 70 21 kunde
775 364 99 22 säkerhet
890 365 127 22 derutinnan

196 393 79 23 vinnas,
306 392 76 28 Dylika
397 392 36 22 fall
448 393 72 21 kunna
532 394 24 26 ju
572 393 67 21 finnas
654 393 57 21 flere.
723 406 26 2 --
765 393 40 27 Jag
821 400 61 15 anser
898 394 76 25 derför,
986 396 32 18 att

195 421 64 21 innan
283 423 31 19 ett
336 420 103 23 definitivt
464 422 115 26 afgörande
603 428 34 15 om
662 422 176 27 rusthällsirägan
853 422 41 21 kan
910 423 85 21 komma
1006 422 12 50 I

196 450 60 27 fråga
271 450 40 22 och
326 450 71 22 förrän
413 457 48 15 man
477 451 41 21 kan
535 451 86 26 vidtaga
636 451 105 27 åtgärder,
758 457 44 15 som
818 457 50 15 vore
884 451 128 27 betungande

196 478 33 22 för
245 478 25 22 de
286 479 121 21 nuvarande
422 480 199 26 rustbållsegarene,
640 486 48 15 man
713 480 64 21 borde
793 480 63 21 hafva
871 485 147 21 noggrannare

196 508 117 21 materiella
329 508 92 26 grunder
436 510 31 19 att
491 508 68 27 bygga
581 508 33 26 på,
631 508 38 21 och
692 508 67 22 skulle
773 509 37 27 jag
826 508 22 22 af
862 508 66 22 sådan
944 508 73 21 anled-

195 536 51 26 ning
262 536 86 21 anhålla
364 538 32 19 att
411 536 45 22 från
469 538 11 26 $
491 538 12 19 2
515 538 30 20 till
557 538 10 26 $
580 539 11 19 9
604 537 142 21 betänkandet
761 537 45 21 icke
822 537 68 21 skulle
906 544 30 14 nu
946 537 71 21 disku-

196 567 63 23 teras,
275 567 51 19 utan
343 568 32 18 att
390 565 175 28 rusthållsfrågan
581 565 109 22 lemnades
702 565 106 22 beroende
824 566 32 21 till
872 568 60 19 nästa
949 566 68 21 landt-

197 594 42 25 dag
254 595 39 20 och
315 593 102 28 styrelsen
441 595 143 26 uppmanades
607 597 32 19 att
655 595 85 26 vidtaga
755 595 100 26 åtgärder
870 601 34 15 om
921 597 97 19 närmare

196 623 113 26 utredning
325 622 21 22 af
360 623 127 22 rusthållens
504 623 136 22 ekonomiska
655 623 53 28 läge,
714 624 109 33 huruvida
840 625 25 21 de
880 624 71 21 kunna
966 625 53 31 bära

197 652 68 21 ökade
282 652 81 21 skatter
379 652 51 21 eller
445 652 52 21 icke.
1014 648 2 49 |

265 709 56 22 Herr
335 709 179 22 Fabritius:
546 710 32 21 Dä
591 710 36 27 jag
650 709 55 22 tillät
729 710 42 27 mig
794 710 77 22 föreslå
886 717 25 14 en
928 710 90 21 förmed-

197 738 44 27 ling
257 738 22 21 af
289 739 25 20 de
325 739 120 20 nuvarande
457 739 110 21 rusthålls-
579 739 38 22 och
626 741 220 24 augmentsräntorna,
855 739 77 21 skedde
942 739 76 22 sådant

195 767 28 26 på
241 767 69 27 grund
325 767 64 26 deraf,
405 769 32 19 att
452 767 69 26 någon
537 767 57 28 dylik
611 768 126 27 förmedling
749 768 46 21 icke
807 770 35 25 egt
852 775 46 14 rum
914 768 104 21 alltsedan

196 797 25 20 år
240 797 58 20 1723.
320 796 101 21 Deremot
436 796 39 21 har
491 798 45 19 med
554 797 145 21 rotehemman
715 803 26 14 en
757 797 65 21 sådan
839 797 125 26 förmedling
979 797 39 20 och

197 825 33 21 till
246 825 40 21 och
308 825 47 21 med
379 831 27 20 ny
428 825 157 28 skattläggning
601 826 5 21 i
622 826 26 21 de
663 825 61 22 flesta
747 826 58 21 delar
821 825 22 21 af
857 825 72 22 landet
944 832 75 14 senare

197 855 34 24 egt
248 860 51 15 rum.
330 853 72 22 Redan
426 853 60 22 deraf
508 854 93 26 framgår
617 855 82 26 tydligt,
715 857 32 18 att
762 854 67 21 andra
844 855 92 26 grunder
951 854 69 23 måste

196 882 33 20 vid
247 882 156 27 skattläggning

197 910 97 22 dermera
317 910 56 28 följts
397 910 32 22 vid
454 912 185 26 skattläggningen
662 911 23 21 af
706 918 25 15 en
747 914 44 18 stor
808 912 33 21 del
858 911 19 22 af
894 912 25 20 de
935 912 84 25 vanliga

197 939 226 27 skattelägenheterna.
455 940 33 21 Då
501 940 37 27 jag
555 940 120 27 begagnade
692 941 61 20 ordet
767 956 11 9 ,
782 940 91 25 allmän"
885 940 133 26 förmedling,

197 968 96 27 åsyftade
306 968 37 27 jag
358 968 53 22 icke,
422 970 31 19 att
469 968 69 22 denna
553 968 127 28 förmedling
696 969 67 21 skulle
779 970 36 20 ske
827 971 43 19 mot
886 969 131 21 innehafvar-

197 1002 37 16 nes
249 996 57 27 vilja,
321 1000 50 18 utan
388 999 32 19 att
436 996 39 22 den
492 997 68 22 skulle
575 998 85 21 sträcka
674 998 32 26 sig
720 998 33 20 till
765 998 25 20 de
806 998 90 21 rusthåll
912 998 39 20 och
967 1004 52 20 aug-

197 1026 174 24 mentshemman,
388 1026 82 21 hvilkas
485 1026 137 21 innehafvare
637 1026 117 21 åstundade
773 1033 25 14 en
809 1026 66 21 sådan
886 1026 132 26 förmedling.

196 1054 93 22 Dermed
305 1054 97 26 åsyftade
415 1054 36 27 jag
467 1054 107 26 fastmera,
591 1057 32 19 att
638 1054 151 28 förmedlingen
805 1055 69 21 skulle
884 1055 37 21 ske
932 1055 27 26 på
974 1057 43 19 sta-

197 1085 46 19 tens
259 1082 97 27 initiativ,
372 1085 51 19 utan
439 1085 32 19 att
494 1072 118 33 rusthällen
635 1084 40 21 och
697 1072 234 38 augmentshemmanen
947 1083 77 30 derför
1021 1079 6 38 |

196 1111 69 22 skulle
280 1100 106 32 förklaras
409 1111 32 21 för
463 1112 129 22 skattevrak.
624 1112 38 21 Om
679 1100 58 34 detta
760 1112 85 28 uttryck
861 1114 23 19 är
900 1099 115 43 olämpligt,

196 1140 23 21 så
235 1140 61 21 torde
311 1140 40 26 väl,
367 1140 46 21 ifall
428 1140 102 26 förslaget
545 1142 73 20 vinner
638 1141 97 25 medhåll,
751 1134 167 32 statsutskottet,
930 1140 30 21 dit
976 1140 41 22 frå-

197 1174 41 21 gan
254 1168 33 21 för
309 1157 98 33 närmare
430 1157 137 39 formulering
581 1170 6 20 i
604 1169 58 22 detta
685 1169 36 21 fall
737 1170 139 25 förmodligen
892 1158 46 32 åter
953 1169 63 21 förvi-

196 1203 41 20 sas,
262 1197 55 21 hitta
341 1198 27 25 på
393 1199 31 19 ett
450 1197 123 27 lämpligare
603 1198 85 27 uttryck
716 1199 33 20 för
777 1201 31 18 att
833 1197 103 22 beteckna
961 1197 55 22 hvad

193 1225 36 27 jag
245 1228 78 19 menat.

266 1282 55 21 Herr
335 1282 173 22 Molander:
538 1283 56 28 Herr
617 1282 88 22 Castrén
727 1283 39 21 har
781 1284 5 20 i
803 1283 73 27 början
892 1283 23 22 af
928 1283 38 21 sitt
981 1290 37 14 an-

197 1311 106 25 dragande
328 1311 135 20 förekommit
489 1311 47 26 mig.
566 1311 67 21 Afven
655 1311 37 26 jag
719 1318 68 16 anser,
808 1312 76 20 liksom
900 1313 48 25 han,
964 1313 53 19 att
1004 1307 16 35 i

196 1338 51 26 följd
263 1339 25 20 af
301 1339 96 20 ståndets
412 1339 70 20 beslut
501 1339 131 21 beträffande
646 1340 12 24 $
677 1341 16 23 1,
710 1339 83 21 ståndet
816 1339 119 27 egentligen
951 1339 66 21 borde

196 1367 113 27 uppskjuta
325 1367 47 20 med
389 1366 154 27 behandlingen
557 1367 60 22 äfven
633 1367 21 21 af
669 1368 12 25 8
697 1367 12 21 2
725 1368 33 21 för
773 1369 32 20 att
820 1367 73 27 afgöra
909 1368 68 21 denna
988 1367 7 28 $
1011 1368 6 20 i

197 1395 152 27 sammanhang
365 1396 47 21 med
428 1395 72 26 frågan
516 1402 34 15 om
567 1395 199 28 vakansafgifterna.
797 1396 29 28 Ty
841 1403 76 15 annars
932 1397 86 21 komma

196 1425 21 20 vi
233 1427 32 19 att
279 1425 28 26 på
322 1424 90 22 förhand
434 1424 69 22 uttala
518 1431 34 15 oss
568 1426 6 20 i
590 1431 25 15 en
630 1425 65 26 fråga,
713 1425 43 22 deri
772 1425 20 21 vi
811 1425 119 22 emellertid
951 1426 66 21 redan

195 1453 36 21 vid
250 1455 8 19 1
276 1453 29 28 $:s
321 1453 129 28 behandling
473 1453 87 22 beslutit
582 1456 33 19 att
637 1456 56 19 ännu
709 1454 46 21 icke
771 1455 68 20 uttala
854 1461 40 17 oss,
911 1455 106 26 nämligen

195 1482 74 27 frågan
286 1482 103 22 huruvida
405 1482 243 22 rusthålls-vakanserna
671 1482 59 22 skola
753 1483 131 22 fortfarande
900 1484 51 26 utgå
966 1483 52 22 eller

194 1511 54 22 icke.
279 1511 49 21 Men
345 1511 26 21 då
388 1511 35 21 det
439 1513 23 20 är
478 1518 26 14 en
520 1511 64 28 vigtig
600 1512 37 21 sak
653 1513 31 20 att
701 1512 20 21 få
737 1512 176 27 rusthållsfrågan
929 1513 88 27 afgjord,
