<?xml version="1.0" encoding="UTF-8"?>
<alto xmlns="http://www.loc.gov/standards/alto/ns-v3#" xmlns:xlink="http://www.w3.org/1999/xlink" xmlns:xsi="http://www.w3.org/2001/XMLSchema-instance" xsi:schemaLocation="http://www.loc.gov/standards/alto/ns-v3# http://www.loc.gov/alto/v3/alto-3-0.xsd">
	<Description>
		<MeasurementUnit>pixel</MeasurementUnit>
		<sourceImageInformation>
			<fileName>/tmp/tess_nk_8s23a_input.PNG</fileName>
		</sourceImageInformation>
		<OCRProcessing ID="OCR_0">
			<ocrProcessingStep>
				<processingSoftware>
					<softwareName>tesseract 5.3.4</softwareName>
				</processingSoftware>
			</ocrProcessingStep>
		</OCRProcessing>
	</Description>
	<Layout>
		<Page WIDTH="1109" HEIGHT="1795" PHYSICAL_IMG_NR="0" ID="page_0">
			<PrintSpace HPOS="0" VPOS="0" WIDTH="1109" HEIGHT="1795">
				<ComposedBlock ID="cblock_0" HPOS="199" VPOS="111" WIDTH="590" HEIGHT="34">
					<TextBlock ID="block_0" HPOS="199" VPOS="111" WIDTH="590" HEIGHT="34">
						<TextLine ID="line_0" HPOS="199" VPOS="111" WIDTH="590" HEIGHT="34">
							<String ID="string_0" HPOS="199" VPOS="123" WIDTH="44" HEIGHT="20" WC="0.96" CONTENT="670"/><SP WIDTH="194" VPOS="123" HPOS="243"/>
							<String ID="string_1" HPOS="437" VPOS="122" WIDTH="129" HEIGHT="23" WC="0.91" CONTENT="Pappissääty"/><SP WIDTH="11" VPOS="122" HPOS="566"/>
							<String ID="string_2" HPOS="577" VPOS="121" WIDTH="78" HEIGHT="19" WC="0.92" CONTENT="huhtik."/><SP WIDTH="15" VPOS="121" HPOS="655"/>
							<String ID="string_3" HPOS="670" VPOS="122" WIDTH="22" HEIGHT="17" WC="0.92" CONTENT="10"/><SP WIDTH="12" VPOS="122" HPOS="692"/>
							<String ID="string_4" HPOS="704" VPOS="127" WIDTH="18" HEIGHT="18" WC="0.92" CONTENT="p."/><SP WIDTH="14" VPOS="127" HPOS="722"/>
							<String ID="string_5" HPOS="736" VPOS="111" WIDTH="53" HEIGHT="28" WC="0.96" CONTENT="1905."/>
						</TextLine>
					</TextBlock>
				</ComposedBlock>
				<ComposedBlock ID="cblock_1" HPOS="197" VPOS="172" WIDTH="825" HEIGHT="894">
					<TextBlock ID="block_1" HPOS="199" VPOS="172" WIDTH="823" HEIGHT="150">
						<TextLine ID="line_1" HPOS="201" VPOS="172" WIDTH="820" HEIGHT="31">
							<String ID="string_6" HPOS="201" VPOS="175" WIDTH="54" HEIGHT="22" WC="0.95" CONTENT="eller"/><SP WIDTH="24" VPOS="175" HPOS="255"/>
							<String ID="string_7" HPOS="279" VPOS="175" WIDTH="46" HEIGHT="22" WC="0.92" CONTENT="hon"/><SP WIDTH="22" VPOS="175" HPOS="325"/>
							<String ID="string_8" HPOS="347" VPOS="175" WIDTH="80" HEIGHT="28" WC="0.90" CONTENT="tjenar,"/><SP WIDTH="23" VPOS="175" HPOS="427"/>
							<String ID="string_9" HPOS="450" VPOS="175" WIDTH="70" HEIGHT="22" WC="0.95" CONTENT="blifva"/><SP WIDTH="22" VPOS="175" HPOS="520"/>
							<String ID="string_10" HPOS="542" VPOS="175" WIDTH="96" HEIGHT="22" WC="0.94" CONTENT="lidande."/><SP WIDTH="36" VPOS="175" HPOS="638"/>
							<String ID="string_11" HPOS="674" VPOS="175" WIDTH="51" HEIGHT="21" WC="0.95" CONTENT="Men"/><SP WIDTH="23" VPOS="175" HPOS="725"/>
							<String ID="string_12" HPOS="748" VPOS="172" WIDTH="91" HEIGHT="30" WC="0.93" CONTENT="vanliga"/><SP WIDTH="23" VPOS="172" HPOS="839"/>
							<String ID="string_13" HPOS="862" VPOS="173" WIDTH="159" HEIGHT="29" WC="0.91" CONTENT="rättsbegrepp"/>
						</TextLine>
						<TextLine ID="line_2" HPOS="201" VPOS="203" WIDTH="819" HEIGHT="30">
							<String ID="string_14" HPOS="201" VPOS="205" WIDTH="67" HEIGHT="21" WC="0.95" CONTENT="hafva"/><SP WIDTH="21" VPOS="205" HPOS="268"/>
							<String ID="string_15" HPOS="289" VPOS="206" WIDTH="25" HEIGHT="27" WC="0.96" CONTENT="ju"/><SP WIDTH="21" VPOS="206" HPOS="314"/>
							<String ID="string_16" HPOS="335" VPOS="205" WIDTH="7" HEIGHT="21" WC="0.96" CONTENT="i"/><SP WIDTH="21" VPOS="205" HPOS="342"/>
							<String ID="string_17" HPOS="363" VPOS="205" WIDTH="120" HEIGHT="21" WC="0.96" CONTENT="allmänhet"/><SP WIDTH="19" VPOS="205" HPOS="483"/>
							<String ID="string_18" HPOS="502" VPOS="205" WIDTH="49" HEIGHT="21" WC="0.95" CONTENT="icke"/><SP WIDTH="15" VPOS="205" HPOS="551"/>
							<String ID="string_19" HPOS="566" VPOS="205" WIDTH="121" HEIGHT="28" WC="0.96" CONTENT="tillämpats"/><SP WIDTH="15" VPOS="205" HPOS="687"/>
							<String ID="string_20" HPOS="702" VPOS="204" WIDTH="71" HEIGHT="21" WC="0.93" CONTENT="under"/><SP WIDTH="10" VPOS="204" HPOS="773"/>
							<String ID="string_21" HPOS="783" VPOS="204" WIDTH="70" HEIGHT="21" WC="0.86" CONTENT="idessa"/><SP WIDTH="15" VPOS="204" HPOS="853"/>
							<String ID="string_22" HPOS="868" VPOS="203" WIDTH="102" HEIGHT="28" WC="0.96" CONTENT="sorgliga"/><SP WIDTH="16" VPOS="203" HPOS="970"/>
							<String ID="string_23" HPOS="986" VPOS="204" WIDTH="34" HEIGHT="25" WC="0.96" CONTENT="är;"/>
						</TextLine>
						<TextLine ID="line_3" HPOS="199" VPOS="232" WIDTH="822" HEIGHT="30">
							<String ID="string_24" HPOS="199" VPOS="235" WIDTH="50" HEIGHT="26" WC="0.93" CONTENT="och,"/><SP WIDTH="25" VPOS="235" HPOS="249"/>
							<String ID="string_25" HPOS="274" VPOS="234" WIDTH="58" HEIGHT="22" WC="0.92" CONTENT="Gudi"/><SP WIDTH="24" VPOS="234" HPOS="332"/>
							<String ID="string_26" HPOS="356" VPOS="234" WIDTH="97" HEIGHT="28" WC="0.92" CONTENT="klagadt,"/><SP WIDTH="24" VPOS="234" HPOS="453"/>
							<String ID="string_27" HPOS="477" VPOS="235" WIDTH="28" HEIGHT="21" WC="0.96" CONTENT="de"/><SP WIDTH="23" VPOS="235" HPOS="505"/>
							<String ID="string_28" HPOS="528" VPOS="234" WIDTH="118" HEIGHT="22" WC="0.93" CONTENT="förvridna"/><SP WIDTH="22" VPOS="234" HPOS="646"/>
							<String ID="string_29" HPOS="668" VPOS="233" WIDTH="185" HEIGHT="29" WC="0.92" CONTENT="rättsbegreppen"/><SP WIDTH="15" VPOS="233" HPOS="853"/>
							<String ID="string_30" HPOS="868" VPOS="232" WIDTH="70" HEIGHT="22" WC="0.96" CONTENT="hafva"/><SP WIDTH="17" VPOS="232" HPOS="938"/>
							<String ID="string_31" HPOS="955" VPOS="232" WIDTH="66" HEIGHT="22" WC="0.96" CONTENT="äfven"/>
						</TextLine>
						<TextLine ID="line_4" HPOS="201" VPOS="262" WIDTH="821" HEIGHT="30">
							<String ID="string_32" HPOS="201" VPOS="263" WIDTH="40" HEIGHT="22" WC="0.95" CONTENT="fått"/><SP WIDTH="22" VPOS="263" HPOS="241"/>
							<String ID="string_33" HPOS="263" VPOS="267" WIDTH="54" HEIGHT="25" WC="0.95" CONTENT="göra"/><SP WIDTH="15" VPOS="267" HPOS="317"/>
							<String ID="string_34" HPOS="332" VPOS="265" WIDTH="35" HEIGHT="27" WC="0.96" CONTENT="sig"/><SP WIDTH="16" VPOS="265" HPOS="367"/>
							<String ID="string_35" HPOS="383" VPOS="264" WIDTH="103" HEIGHT="28" WC="0.95" CONTENT="gällande"/><SP WIDTH="16" VPOS="264" HPOS="486"/>
							<String ID="string_36" HPOS="502" VPOS="265" WIDTH="7" HEIGHT="20" WC="0.96" CONTENT="i"/><SP WIDTH="16" VPOS="265" HPOS="509"/>
							<String ID="string_37" HPOS="525" VPOS="264" WIDTH="28" HEIGHT="22" WC="0.96" CONTENT="de"/><SP WIDTH="16" VPOS="264" HPOS="553"/>
							<String ID="string_38" HPOS="569" VPOS="264" WIDTH="111" HEIGHT="27" WC="0.96" CONTENT="anstalter,"/><SP WIDTH="17" VPOS="264" HPOS="680"/>
							<String ID="string_39" HPOS="697" VPOS="271" WIDTH="48" HEIGHT="14" WC="0.96" CONTENT="som"/><SP WIDTH="15" VPOS="271" HPOS="745"/>
							<String ID="string_40" HPOS="760" VPOS="263" WIDTH="47" HEIGHT="22" WC="0.96" CONTENT="haft"/><SP WIDTH="16" VPOS="263" HPOS="807"/>
							<String ID="string_41" HPOS="823" VPOS="263" WIDTH="35" HEIGHT="28" WC="0.93" CONTENT="sig"/><SP WIDTH="16" VPOS="263" HPOS="858"/>
							<String ID="string_42" HPOS="874" VPOS="262" WIDTH="148" HEIGHT="23" WC="0.92" CONTENT="ombetrodda"/>
						</TextLine>
						<TextLine ID="line_5" HPOS="200" VPOS="293" WIDTH="291" HEIGHT="29">
							<String ID="string_43" HPOS="200" VPOS="294" WIDTH="139" HEIGHT="28" WC="0.96" CONTENT="ungdomens"/><SP WIDTH="15" VPOS="294" HPOS="339"/>
							<String ID="string_44" HPOS="354" VPOS="293" WIDTH="137" HEIGHT="29" WC="0.94" CONTENT="uppfostran."/><SP WIDTH="292" VPOS="293" HPOS="491"/>
							<String ID="string_45" HPOS="783" VPOS="293" WIDTH="2" HEIGHT="29" WC="0.90" CONTENT="i"/>
						</TextLine>
					</TextBlock>
					<TextBlock ID="block_2" HPOS="199" VPOS="322" WIDTH="823" HEIGHT="477">
						<TextLine ID="line_6" HPOS="271" VPOS="322" WIDTH="750" HEIGHT="30">
							<String ID="string_46" HPOS="271" VPOS="323" WIDTH="48" HEIGHT="22" WC="0.96" CONTENT="Och"/><SP WIDTH="16" VPOS="323" HPOS="319"/>
							<String ID="string_47" HPOS="335" VPOS="326" WIDTH="60" HEIGHT="19" WC="0.96" CONTENT="ännu"/><SP WIDTH="16" VPOS="326" HPOS="395"/>
							<String ID="string_48" HPOS="411" VPOS="325" WIDTH="30" HEIGHT="20" WC="0.96" CONTENT="ett"/><SP WIDTH="16" VPOS="325" HPOS="441"/>
							<String ID="string_49" HPOS="457" VPOS="323" WIDTH="104" HEIGHT="22" WC="0.96" CONTENT="särskildt"/><SP WIDTH="15" VPOS="323" HPOS="561"/>
							<String ID="string_50" HPOS="576" VPOS="323" WIDTH="45" HEIGHT="23" WC="0.92" CONTENT="fall."/><SP WIDTH="32" VPOS="323" HPOS="621"/>
							<String ID="string_51" HPOS="653" VPOS="323" WIDTH="42" HEIGHT="22" WC="0.96" CONTENT="Vid"/><SP WIDTH="17" VPOS="323" HPOS="695"/>
							<String ID="string_52" HPOS="712" VPOS="324" WIDTH="31" HEIGHT="21" WC="0.93" CONTENT="ett"/><SP WIDTH="16" VPOS="324" HPOS="743"/>
							<String ID="string_53" HPOS="759" VPOS="322" WIDTH="120" HEIGHT="30" WC="0.89" CONTENT="afistatens"/><SP WIDTH="15" VPOS="322" HPOS="879"/>
							<String ID="string_54" HPOS="894" VPOS="323" WIDTH="76" HEIGHT="27" WC="0.92" CONTENT="lyceer"/><SP WIDTH="10" VPOS="323" HPOS="970"/>
							<String ID="string_55" HPOS="980" VPOS="323" WIDTH="41" HEIGHT="20" WC="0.96" CONTENT="har"/>
						</TextLine>
						<TextLine ID="line_7" HPOS="199" VPOS="351" WIDTH="822" HEIGHT="30">
							<String ID="string_56" HPOS="199" VPOS="352" WIDTH="84" HEIGHT="23" WC="0.96" CONTENT="funnits"/><SP WIDTH="22" VPOS="352" HPOS="283"/>
							<String ID="string_57" HPOS="305" VPOS="360" WIDTH="28" HEIGHT="15" WC="0.93" CONTENT="en"/><SP WIDTH="20" VPOS="360" HPOS="333"/>
							<String ID="string_58" HPOS="353" VPOS="353" WIDTH="184" HEIGHT="28" WC="0.93" CONTENT="religionslärare,"/><SP WIDTH="16" VPOS="353" HPOS="537"/>
							<String ID="string_59" HPOS="553" VPOS="353" WIDTH="92" HEIGHT="22" WC="0.93" CONTENT="hvilken"/><SP WIDTH="15" VPOS="353" HPOS="645"/>
							<String ID="string_60" HPOS="660" VPOS="352" WIDTH="142" HEIGHT="24" WC="0.93" CONTENT="tvifvelsutan"/><SP WIDTH="16" VPOS="352" HPOS="802"/>
							<String ID="string_61" HPOS="818" VPOS="353" WIDTH="58" HEIGHT="20" WC="0.96" CONTENT="varit"/><SP WIDTH="16" VPOS="353" HPOS="876"/>
							<String ID="string_62" HPOS="892" VPOS="359" WIDTH="28" HEIGHT="15" WC="0.96" CONTENT="en"/><SP WIDTH="17" VPOS="359" HPOS="920"/>
							<String ID="string_63" HPOS="937" VPOS="351" WIDTH="25" HEIGHT="22" WC="0.93" CONTENT="af"/><SP WIDTH="12" VPOS="351" HPOS="962"/>
							<String ID="string_64" HPOS="974" VPOS="352" WIDTH="47" HEIGHT="21" WC="0.93" CONTENT="lan-"/>
						</TextLine>
						<TextLine ID="line_8" HPOS="200" VPOS="382" WIDTH="821" HEIGHT="29">
							<String ID="string_65" HPOS="200" VPOS="383" WIDTH="48" HEIGHT="21" WC="0.93" CONTENT="dets"/><SP WIDTH="18" VPOS="383" HPOS="248"/>
							<String ID="string_66" HPOS="266" VPOS="385" WIDTH="105" HEIGHT="26" WC="0.96" CONTENT="yppersta"/><SP WIDTH="17" VPOS="385" HPOS="371"/>
							<String ID="string_67" HPOS="388" VPOS="383" WIDTH="132" HEIGHT="28" WC="0.95" CONTENT="pedagoger."/><SP WIDTH="33" VPOS="383" HPOS="520"/>
							<String ID="string_68" HPOS="553" VPOS="382" WIDTH="86" HEIGHT="23" WC="0.93" CONTENT="Genom"/><SP WIDTH="16" VPOS="382" HPOS="639"/>
							<String ID="string_69" HPOS="655" VPOS="383" WIDTH="34" HEIGHT="21" WC="0.96" CONTENT="sin"/><SP WIDTH="15" VPOS="383" HPOS="689"/>
							<String ID="string_70" HPOS="704" VPOS="382" WIDTH="161" HEIGHT="29" WC="0.96" CONTENT="undervisning"/><SP WIDTH="16" VPOS="382" HPOS="865"/>
							<String ID="string_71" HPOS="881" VPOS="382" WIDTH="42" HEIGHT="21" WC="0.96" CONTENT="och"/><SP WIDTH="16" VPOS="382" HPOS="923"/>
							<String ID="string_72" HPOS="939" VPOS="389" WIDTH="82" HEIGHT="21" WC="0.96" CONTENT="genom"/>
						</TextLine>
						<TextLine ID="line_9" HPOS="199" VPOS="412" WIDTH="821" HEIGHT="29">
							<String ID="string_73" HPOS="199" VPOS="413" WIDTH="52" HEIGHT="21" WC="0.96" CONTENT="hela"/><SP WIDTH="22" VPOS="413" HPOS="251"/>
							<String ID="string_74" HPOS="273" VPOS="413" WIDTH="34" HEIGHT="21" WC="0.93" CONTENT="sin"/><SP WIDTH="23" VPOS="413" HPOS="307"/>
							<String ID="string_75" HPOS="330" VPOS="413" WIDTH="151" HEIGHT="28" WC="0.92" CONTENT="personlighet"/><SP WIDTH="23" VPOS="413" HPOS="481"/>
							<String ID="string_76" HPOS="504" VPOS="412" WIDTH="105" HEIGHT="22" WC="0.91" CONTENT="utöfvade"/><SP WIDTH="23" VPOS="412" HPOS="609"/>
							<String ID="string_77" HPOS="632" VPOS="413" WIDTH="44" HEIGHT="21" WC="0.96" CONTENT="han"/><SP WIDTH="21" VPOS="413" HPOS="676"/>
							<String ID="string_78" HPOS="697" VPOS="419" WIDTH="28" HEIGHT="14" WC="0.92" CONTENT="en"/><SP WIDTH="16" VPOS="419" HPOS="725"/>
							<String ID="string_79" HPOS="741" VPOS="412" WIDTH="108" HEIGHT="24" WC="0.92" CONTENT="inverkan"/><SP WIDTH="16" VPOS="412" HPOS="849"/>
							<String ID="string_80" HPOS="865" VPOS="413" WIDTH="27" HEIGHT="27" WC="0.96" CONTENT="pä"/><SP WIDTH="18" VPOS="413" HPOS="892"/>
							<String ID="string_81" HPOS="910" VPOS="412" WIDTH="28" HEIGHT="21" WC="0.96" CONTENT="de"/><SP WIDTH="16" VPOS="412" HPOS="938"/>
							<String ID="string_82" HPOS="954" VPOS="419" WIDTH="66" HEIGHT="21" WC="0.96" CONTENT="unga,"/>
						</TextLine>
						<TextLine ID="line_10" HPOS="199" VPOS="440" WIDTH="823" HEIGHT="31">
							<String ID="string_83" HPOS="199" VPOS="449" WIDTH="48" HEIGHT="14" WC="0.90" CONTENT="som"/><SP WIDTH="24" VPOS="449" HPOS="247"/>
							<String ID="string_84" HPOS="271" VPOS="442" WIDTH="110" HEIGHT="29" WC="0.90" CONTENT="knappast"/><SP WIDTH="23" VPOS="442" HPOS="381"/>
							<String ID="string_85" HPOS="404" VPOS="442" WIDTH="44" HEIGHT="21" WC="0.93" CONTENT="kan"/><SP WIDTH="23" VPOS="442" HPOS="448"/>
							<String ID="string_86" HPOS="471" VPOS="443" WIDTH="83" HEIGHT="21" WC="0.92" CONTENT="skattas"/><SP WIDTH="24" VPOS="443" HPOS="554"/>
							<String ID="string_87" HPOS="578" VPOS="449" WIDTH="45" HEIGHT="21" WC="0.92" CONTENT="nog"/><SP WIDTH="15" VPOS="449" HPOS="623"/>
							<String ID="string_88" HPOS="638" VPOS="442" WIDTH="61" HEIGHT="28" WC="0.91" CONTENT="högt."/><SP WIDTH="31" VPOS="442" HPOS="699"/>
							<String ID="string_89" HPOS="730" VPOS="442" WIDTH="51" HEIGHT="21" WC="0.96" CONTENT="Han"/><SP WIDTH="16" VPOS="442" HPOS="781"/>
							<String ID="string_90" HPOS="797" VPOS="441" WIDTH="45" HEIGHT="22" WC="0.93" CONTENT="fick"/><SP WIDTH="15" VPOS="441" HPOS="842"/>
							<String ID="string_91" HPOS="857" VPOS="440" WIDTH="67" HEIGHT="23" WC="0.91" CONTENT="äfven"/><SP WIDTH="16" VPOS="440" HPOS="924"/>
							<String ID="string_92" HPOS="940" VPOS="441" WIDTH="82" HEIGHT="22" WC="0.92" CONTENT="skörda"/>
						</TextLine>
						<TextLine ID="line_11" HPOS="200" VPOS="471" WIDTH="821" HEIGHT="30">
							<String ID="string_93" HPOS="200" VPOS="472" WIDTH="43" HEIGHT="21" WC="0.92" CONTENT="den"/><SP WIDTH="24" VPOS="472" HPOS="243"/>
							<String ID="string_94" HPOS="267" VPOS="472" WIDTH="80" HEIGHT="29" WC="0.96" CONTENT="högsta"/><SP WIDTH="23" VPOS="472" HPOS="347"/>
							<String ID="string_95" HPOS="370" VPOS="472" WIDTH="114" HEIGHT="29" WC="0.95" CONTENT="belöning:"/><SP WIDTH="25" VPOS="472" HPOS="484"/>
							<String ID="string_96" HPOS="509" VPOS="473" WIDTH="48" HEIGHT="20" WC="0.93" CONTENT="sina"/><SP WIDTH="19" VPOS="473" HPOS="557"/>
							<String ID="string_97" HPOS="576" VPOS="472" WIDTH="85" HEIGHT="22" WC="0.96" CONTENT="elevers"/><SP WIDTH="15" VPOS="472" HPOS="661"/>
							<String ID="string_98" HPOS="676" VPOS="471" WIDTH="84" HEIGHT="22" WC="0.93" CONTENT="kärlek."/><SP WIDTH="33" VPOS="471" HPOS="760"/>
							<String ID="string_99" HPOS="793" VPOS="471" WIDTH="51" HEIGHT="22" WC="0.88" CONTENT="Men"/><SP WIDTH="17" VPOS="471" HPOS="844"/>
							<String ID="string_100" HPOS="861" VPOS="471" WIDTH="72" HEIGHT="22" WC="0.93" CONTENT="denne"/><SP WIDTH="15" VPOS="471" HPOS="933"/>
							<String ID="string_101" HPOS="948" VPOS="471" WIDTH="73" HEIGHT="22" WC="0.96" CONTENT="lärare"/>
						</TextLine>
						<TextLine ID="line_12" HPOS="200" VPOS="501" WIDTH="821" HEIGHT="28">
							<String ID="string_102" HPOS="200" VPOS="501" WIDTH="141" HEIGHT="23" WC="0.93" CONTENT="förklarades"/><SP WIDTH="16" VPOS="501" HPOS="341"/>
							<String ID="string_103" HPOS="357" VPOS="501" WIDTH="66" HEIGHT="22" WC="0.92" CONTENT="afsatt"/><SP WIDTH="16" VPOS="501" HPOS="423"/>
							<String ID="string_104" HPOS="439" VPOS="501" WIDTH="49" HEIGHT="22" WC="0.96" CONTENT="från"/><SP WIDTH="16" VPOS="501" HPOS="488"/>
							<String ID="string_105" HPOS="504" VPOS="503" WIDTH="37" HEIGHT="21" WC="0.93" CONTENT="sitt"/><SP WIDTH="16" VPOS="503" HPOS="541"/>
							<String ID="string_106" HPOS="557" VPOS="502" WIDTH="88" HEIGHT="22" WC="0.92" CONTENT="embete"/><SP WIDTH="11" VPOS="502" HPOS="645"/>
							<String ID="string_107" HPOS="656" VPOS="502" WIDTH="42" HEIGHT="21" WC="0.96" CONTENT="och"/><SP WIDTH="11" VPOS="502" HPOS="698"/>
							<String ID="string_108" HPOS="709" VPOS="502" WIDTH="80" HEIGHT="22" WC="0.95" CONTENT="sändes"/><SP WIDTH="11" VPOS="502" HPOS="789"/>
							<String ID="string_109" HPOS="800" VPOS="501" WIDTH="7" HEIGHT="22" WC="0.95" CONTENT="i"/><SP WIDTH="10" VPOS="501" HPOS="807"/>
							<String ID="string_110" HPOS="817" VPOS="501" WIDTH="128" HEIGHT="28" WC="0.96" CONTENT="landsflykt."/><SP WIDTH="28" VPOS="501" HPOS="945"/>
							<String ID="string_111" HPOS="973" VPOS="501" WIDTH="48" HEIGHT="22" WC="0.96" CONTENT="Och"/>
						</TextLine>
						<TextLine ID="line_13" HPOS="200" VPOS="531" WIDTH="821" HEIGHT="28">
							<String ID="string_112" HPOS="200" VPOS="532" WIDTH="56" HEIGHT="21" WC="0.96" CONTENT="hans"/><SP WIDTH="20" VPOS="532" HPOS="256"/>
							<String ID="string_113" HPOS="276" VPOS="532" WIDTH="54" HEIGHT="27" WC="0.96" CONTENT="bild,"/><SP WIDTH="16" VPOS="532" HPOS="330"/>
							<String ID="string_114" HPOS="346" VPOS="539" WIDTH="47" HEIGHT="15" WC="0.96" CONTENT="som"/><SP WIDTH="17" VPOS="539" HPOS="393"/>
							<String ID="string_115" HPOS="410" VPOS="533" WIDTH="103" HEIGHT="21" WC="0.96" CONTENT="eleverna"/><SP WIDTH="15" VPOS="533" HPOS="513"/>
							<String ID="string_116" HPOS="528" VPOS="533" WIDTH="49" HEIGHT="21" WC="0.96" CONTENT="låtit"/><SP WIDTH="16" VPOS="533" HPOS="577"/>
							<String ID="string_117" HPOS="593" VPOS="532" WIDTH="65" HEIGHT="24" WC="0.96" CONTENT="måla,"/><SP WIDTH="18" VPOS="532" HPOS="658"/>
							<String ID="string_118" HPOS="676" VPOS="532" WIDTH="43" HEIGHT="21" WC="0.96" CONTENT="den"/><SP WIDTH="14" VPOS="532" HPOS="719"/>
							<String ID="string_119" HPOS="733" VPOS="532" WIDTH="33" HEIGHT="21" WC="0.96" CONTENT="lät"/><SP WIDTH="15" VPOS="532" HPOS="766"/>
							<String ID="string_120" HPOS="781" VPOS="539" WIDTH="52" HEIGHT="15" WC="0.95" CONTENT="man"/><SP WIDTH="16" VPOS="539" HPOS="833"/>
							<String ID="string_121" HPOS="849" VPOS="531" WIDTH="51" HEIGHT="22" WC="0.95" CONTENT="dem"/><SP WIDTH="18" VPOS="531" HPOS="900"/>
							<String ID="string_122" HPOS="918" VPOS="531" WIDTH="50" HEIGHT="22" WC="0.93" CONTENT="icke"/><SP WIDTH="16" VPOS="531" HPOS="968"/>
							<String ID="string_123" HPOS="984" VPOS="531" WIDTH="37" HEIGHT="22" WC="0.93" CONTENT="be-"/>
						</TextLine>
						<TextLine ID="line_14" HPOS="200" VPOS="561" WIDTH="820" HEIGHT="29">
							<String ID="string_124" HPOS="200" VPOS="562" WIDTH="69" HEIGHT="27" WC="0.96" CONTENT="hålla;"/><SP WIDTH="17" VPOS="562" HPOS="269"/>
							<String ID="string_125" HPOS="286" VPOS="563" WIDTH="43" HEIGHT="21" WC="0.96" CONTENT="den"/><SP WIDTH="16" VPOS="563" HPOS="329"/>
							<String ID="string_126" HPOS="345" VPOS="562" WIDTH="70" HEIGHT="21" WC="0.96" CONTENT="skulle"/><SP WIDTH="17" VPOS="562" HPOS="415"/>
							<String ID="string_127" HPOS="432" VPOS="563" WIDTH="83" HEIGHT="21" WC="0.96" CONTENT="kanske"/><SP WIDTH="16" VPOS="563" HPOS="515"/>
							<String ID="string_128" HPOS="531" VPOS="561" WIDTH="38" HEIGHT="23" WC="0.96" CONTENT="för"/><SP WIDTH="16" VPOS="561" HPOS="569"/>
							<String ID="string_129" HPOS="585" VPOS="562" WIDTH="90" HEIGHT="28" WC="0.96" CONTENT="mycket"/><SP WIDTH="15" VPOS="562" HPOS="675"/>
							<String ID="string_130" HPOS="690" VPOS="562" WIDTH="105" HEIGHT="28" WC="0.96" CONTENT="påminna"/><SP WIDTH="16" VPOS="562" HPOS="795"/>
							<String ID="string_131" HPOS="811" VPOS="562" WIDTH="51" HEIGHT="21" WC="0.95" CONTENT="dem"/><SP WIDTH="16" VPOS="562" HPOS="862"/>
							<String ID="string_132" HPOS="878" VPOS="569" WIDTH="36" HEIGHT="14" WC="0.96" CONTENT="om"/><SP WIDTH="17" VPOS="569" HPOS="914"/>
							<String ID="string_133" HPOS="931" VPOS="561" WIDTH="27" HEIGHT="22" WC="0.93" CONTENT="de"/><SP WIDTH="16" VPOS="561" HPOS="958"/>
							<String ID="string_134" HPOS="974" VPOS="568" WIDTH="46" HEIGHT="15" WC="0.91" CONTENT="ma-"/>
						</TextLine>
						<TextLine ID="line_15" HPOS="200" VPOS="591" WIDTH="820" HEIGHT="30">
							<String ID="string_135" HPOS="200" VPOS="592" WIDTH="80" HEIGHT="28" WC="0.96" CONTENT="ningar"/><SP WIDTH="23" VPOS="592" HPOS="280"/>
							<String ID="string_136" HPOS="303" VPOS="593" WIDTH="32" HEIGHT="20" WC="0.96" CONTENT="att"/><SP WIDTH="24" VPOS="593" HPOS="335"/>
							<String ID="string_137" HPOS="359" VPOS="592" WIDTH="63" HEIGHT="21" WC="0.96" CONTENT="älska"/><SP WIDTH="23" VPOS="592" HPOS="422"/>
							<String ID="string_138" HPOS="445" VPOS="593" WIDTH="96" HEIGHT="28" WC="0.96" CONTENT="sanning"/><SP WIDTH="23" VPOS="593" HPOS="541"/>
							<String ID="string_139" HPOS="564" VPOS="592" WIDTH="41" HEIGHT="22" WC="0.95" CONTENT="och"/><SP WIDTH="21" VPOS="592" HPOS="605"/>
							<String ID="string_140" HPOS="626" VPOS="593" WIDTH="49" HEIGHT="25" WC="0.95" CONTENT="rätt,"/><SP WIDTH="17" VPOS="593" HPOS="675"/>
							<String ID="string_141" HPOS="692" VPOS="593" WIDTH="32" HEIGHT="20" WC="0.96" CONTENT="att"/><SP WIDTH="15" VPOS="593" HPOS="724"/>
							<String ID="string_142" HPOS="739" VPOS="591" WIDTH="64" HEIGHT="24" WC="0.96" CONTENT="älska"/><SP WIDTH="16" VPOS="591" HPOS="803"/>
							<String ID="string_143" HPOS="819" VPOS="591" WIDTH="50" HEIGHT="22" WC="0.96" CONTENT="Gud"/><SP WIDTH="15" VPOS="591" HPOS="869"/>
							<String ID="string_144" HPOS="884" VPOS="592" WIDTH="43" HEIGHT="21" WC="0.92" CONTENT="och"/><SP WIDTH="15" VPOS="592" HPOS="927"/>
							<String ID="string_145" HPOS="942" VPOS="591" WIDTH="78" HEIGHT="22" WC="0.92" CONTENT="foster-"/>
						</TextLine>
						<TextLine ID="line_16" HPOS="199" VPOS="621" WIDTH="822" HEIGHT="29">
							<String ID="string_146" HPOS="199" VPOS="621" WIDTH="60" HEIGHT="28" WC="0.95" CONTENT="land,"/><SP WIDTH="24" VPOS="621" HPOS="259"/>
							<String ID="string_147" HPOS="283" VPOS="629" WIDTH="47" HEIGHT="14" WC="0.96" CONTENT="som"/><SP WIDTH="23" VPOS="629" HPOS="330"/>
							<String ID="string_148" HPOS="353" VPOS="622" WIDTH="45" HEIGHT="21" WC="0.96" CONTENT="han"/><SP WIDTH="18" VPOS="622" HPOS="398"/>
							<String ID="string_149" HPOS="416" VPOS="622" WIDTH="67" HEIGHT="21" WC="0.96" CONTENT="riktat"/><SP WIDTH="15" VPOS="622" HPOS="483"/>
							<String ID="string_150" HPOS="498" VPOS="622" WIDTH="35" HEIGHT="21" WC="0.96" CONTENT="till"/><SP WIDTH="16" VPOS="622" HPOS="533"/>
							<String ID="string_151" HPOS="549" VPOS="622" WIDTH="58" HEIGHT="21" WC="0.93" CONTENT="dem."/><SP WIDTH="31" VPOS="622" HPOS="607"/>
							<String ID="string_152" HPOS="638" VPOS="621" WIDTH="97" HEIGHT="26" WC="0.90" CONTENT="Enhvar,"/><SP WIDTH="16" VPOS="621" HPOS="735"/>
							<String ID="string_153" HPOS="751" VPOS="628" WIDTH="49" HEIGHT="15" WC="0.96" CONTENT="som"/><SP WIDTH="15" VPOS="628" HPOS="800"/>
							<String ID="string_154" HPOS="815" VPOS="621" WIDTH="58" HEIGHT="22" WC="0.96" CONTENT="helst"/><SP WIDTH="15" VPOS="621" HPOS="873"/>
							<String ID="string_155" HPOS="888" VPOS="623" WIDTH="69" HEIGHT="27" WC="0.96" CONTENT="något"/><SP WIDTH="15" VPOS="623" HPOS="957"/>
							<String ID="string_156" HPOS="972" VPOS="621" WIDTH="49" HEIGHT="22" WC="0.96" CONTENT="litet"/>
						</TextLine>
						<TextLine ID="line_17" HPOS="200" VPOS="651" WIDTH="820" HEIGHT="28">
							<String ID="string_157" HPOS="200" VPOS="651" WIDTH="85" HEIGHT="22" WC="0.96" CONTENT="känner"/><SP WIDTH="15" VPOS="651" HPOS="285"/>
							<String ID="string_158" HPOS="300" VPOS="651" WIDTH="34" HEIGHT="22" WC="0.96" CONTENT="till"/><SP WIDTH="15" VPOS="651" HPOS="334"/>
							<String ID="string_159" HPOS="349" VPOS="651" WIDTH="134" HEIGHT="28" WC="0.96" CONTENT="ungdomen,"/><SP WIDTH="16" VPOS="651" HPOS="483"/>
							<String ID="string_160" HPOS="499" VPOS="651" WIDTH="86" HEIGHT="22" WC="0.96" CONTENT="förstår"/><SP WIDTH="15" VPOS="651" HPOS="585"/>
							<String ID="string_161" HPOS="600" VPOS="652" WIDTH="56" HEIGHT="21" WC="0.96" CONTENT="huru"/><SP WIDTH="16" VPOS="652" HPOS="656"/>
							<String ID="string_162" HPOS="672" VPOS="651" WIDTH="39" HEIGHT="22" WC="0.96" CONTENT="allt"/><SP WIDTH="16" VPOS="651" HPOS="711"/>
							<String ID="string_163" HPOS="727" VPOS="651" WIDTH="61" HEIGHT="22" WC="0.92" CONTENT="detta"/><SP WIDTH="15" VPOS="651" HPOS="788"/>
							<String ID="string_164" HPOS="803" VPOS="651" WIDTH="26" HEIGHT="21" WC="0.95" CONTENT="af"/><SP WIDTH="8" VPOS="651" HPOS="829"/>
							<String ID="string_165" HPOS="837" VPOS="651" WIDTH="50" HEIGHT="22" WC="0.96" CONTENT="dem"/><SP WIDTH="12" VPOS="651" HPOS="887"/>
							<String ID="string_166" HPOS="899" VPOS="651" WIDTH="56" HEIGHT="22" WC="0.93" CONTENT="skall"/><SP WIDTH="10" VPOS="651" HPOS="955"/>
							<String ID="string_167" HPOS="965" VPOS="658" WIDTH="55" HEIGHT="21" WC="0.91" CONTENT="upp-"/>
						</TextLine>
						<TextLine ID="line_18" HPOS="199" VPOS="680" WIDTH="821" HEIGHT="29">
							<String ID="string_168" HPOS="199" VPOS="680" WIDTH="73" HEIGHT="23" WC="0.88" CONTENT="fattas."/><SP WIDTH="32" VPOS="680" HPOS="272"/>
							<String ID="string_169" HPOS="304" VPOS="681" WIDTH="43" HEIGHT="22" WC="0.93" CONTENT="Det"/><SP WIDTH="16" VPOS="681" HPOS="347"/>
							<String ID="string_170" HPOS="363" VPOS="681" WIDTH="85" HEIGHT="22" WC="0.91" CONTENT="ädlaste"/><SP WIDTH="16" VPOS="681" HPOS="448"/>
							<String ID="string_171" HPOS="464" VPOS="682" WIDTH="40" HEIGHT="21" WC="0.96" CONTENT="och"/><SP WIDTH="16" VPOS="682" HPOS="504"/>
							<String ID="string_172" HPOS="520" VPOS="682" WIDTH="72" HEIGHT="27" WC="0.96" CONTENT="bästa,"/><SP WIDTH="17" VPOS="682" HPOS="592"/>
							<String ID="string_173" HPOS="609" VPOS="688" WIDTH="47" HEIGHT="15" WC="0.96" CONTENT="som"/><SP WIDTH="15" VPOS="688" HPOS="656"/>
							<String ID="string_174" HPOS="671" VPOS="682" WIDTH="46" HEIGHT="21" WC="0.96" CONTENT="rört"/><SP WIDTH="16" VPOS="682" HPOS="717"/>
							<String ID="string_175" HPOS="733" VPOS="681" WIDTH="35" HEIGHT="28" WC="0.96" CONTENT="sig"/><SP WIDTH="11" VPOS="681" HPOS="768"/>
							<String ID="string_176" HPOS="779" VPOS="681" WIDTH="7" HEIGHT="22" WC="0.96" CONTENT="i"/><SP WIDTH="11" VPOS="681" HPOS="786"/>
							<String ID="string_177" HPOS="797" VPOS="681" WIDTH="64" HEIGHT="22" WC="0.93" CONTENT="deras"/><SP WIDTH="12" VPOS="681" HPOS="861"/>
							<String ID="string_178" HPOS="873" VPOS="681" WIDTH="95" HEIGHT="28" WC="0.91" CONTENT="hjertan,"/><SP WIDTH="12" VPOS="681" HPOS="968"/>
							<String ID="string_179" HPOS="980" VPOS="681" WIDTH="40" HEIGHT="21" WC="0.96" CONTENT="har"/>
						</TextLine>
						<TextLine ID="line_19" HPOS="199" VPOS="710" WIDTH="821" HEIGHT="29">
							<String ID="string_180" HPOS="199" VPOS="710" WIDTH="74" HEIGHT="22" WC="0.96" CONTENT="blifvit"/><SP WIDTH="21" VPOS="710" HPOS="273"/>
							<String ID="string_181" HPOS="294" VPOS="711" WIDTH="87" HEIGHT="26" WC="0.96" CONTENT="kränkt,"/><SP WIDTH="25" VPOS="711" HPOS="381"/>
							<String ID="string_182" HPOS="406" VPOS="711" WIDTH="63" HEIGHT="22" WC="0.96" CONTENT="deras"/><SP WIDTH="24" VPOS="711" HPOS="469"/>
							<String ID="string_183" HPOS="493" VPOS="713" WIDTH="33" HEIGHT="20" WC="0.96" CONTENT="tro"/><SP WIDTH="24" VPOS="713" HPOS="526"/>
							<String ID="string_184" HPOS="550" VPOS="713" WIDTH="29" HEIGHT="26" WC="0.96" CONTENT="på"/><SP WIDTH="24" VPOS="713" HPOS="579"/>
							<String ID="string_185" HPOS="603" VPOS="711" WIDTH="36" HEIGHT="22" WC="0.96" CONTENT="det"/><SP WIDTH="22" VPOS="711" HPOS="639"/>
							<String ID="string_186" HPOS="661" VPOS="712" WIDTH="70" HEIGHT="20" WC="0.96" CONTENT="rättas"/><SP WIDTH="23" VPOS="712" HPOS="731"/>
							<String ID="string_187" HPOS="754" VPOS="711" WIDTH="41" HEIGHT="22" WC="0.93" CONTENT="och"/><SP WIDTH="22" VPOS="711" HPOS="795"/>
							<String ID="string_188" HPOS="817" VPOS="711" WIDTH="68" HEIGHT="28" WC="0.89" CONTENT="godas"/><SP WIDTH="17" VPOS="711" HPOS="885"/>
							<String ID="string_189" HPOS="902" VPOS="711" WIDTH="62" HEIGHT="21" WC="0.96" CONTENT="makt"/><SP WIDTH="16" VPOS="711" HPOS="964"/>
							<String ID="string_190" HPOS="980" VPOS="711" WIDTH="40" HEIGHT="21" WC="0.95" CONTENT="har"/>
						</TextLine>
						<TextLine ID="line_20" HPOS="199" VPOS="740" WIDTH="821" HEIGHT="29">
							<String ID="string_191" HPOS="199" VPOS="740" WIDTH="73" HEIGHT="22" WC="0.96" CONTENT="blifvit"/><SP WIDTH="15" VPOS="740" HPOS="272"/>
							<String ID="string_192" HPOS="287" VPOS="741" WIDTH="93" HEIGHT="21" WC="0.96" CONTENT="rubbad."/><SP WIDTH="32" VPOS="741" HPOS="380"/>
							<String ID="string_193" HPOS="412" VPOS="741" WIDTH="51" HEIGHT="22" WC="0.95" CONTENT="Men"/><SP WIDTH="17" VPOS="741" HPOS="463"/>
							<String ID="string_194" HPOS="480" VPOS="743" WIDTH="31" HEIGHT="19" WC="0.93" CONTENT="att"/><SP WIDTH="16" VPOS="743" HPOS="511"/>
							<String ID="string_195" HPOS="527" VPOS="741" WIDTH="88" HEIGHT="28" WC="0.93" CONTENT="grumla"/><SP WIDTH="10" VPOS="741" HPOS="615"/>
							<String ID="string_196" HPOS="625" VPOS="741" WIDTH="138" HEIGHT="28" WC="0.92" CONTENT="ungdomens"/><SP WIDTH="10" VPOS="741" HPOS="763"/>
							<String ID="string_197" HPOS="773" VPOS="740" WIDTH="199" HEIGHT="29" WC="0.91" CONTENT="rättsuppfattning"/><SP WIDTH="11" VPOS="740" HPOS="972"/>
							<String ID="string_198" HPOS="983" VPOS="741" WIDTH="37" HEIGHT="21" WC="0.96" CONTENT="det"/>
						</TextLine>
						<TextLine ID="line_21" HPOS="199" VPOS="771" WIDTH="587" HEIGHT="28">
							<String ID="string_199" HPOS="199" VPOS="773" WIDTH="25" HEIGHT="19" WC="0.96" CONTENT="är"/><SP WIDTH="17" VPOS="773" HPOS="224"/>
							<String ID="string_200" HPOS="241" VPOS="772" WIDTH="32" HEIGHT="20" WC="0.96" CONTENT="att"/><SP WIDTH="15" VPOS="772" HPOS="273"/>
							<String ID="string_201" HPOS="288" VPOS="771" WIDTH="58" HEIGHT="28" WC="0.96" CONTENT="begå"/><SP WIDTH="16" VPOS="771" HPOS="346"/>
							<String ID="string_202" HPOS="362" VPOS="777" WIDTH="27" HEIGHT="15" WC="0.97" CONTENT="en"/><SP WIDTH="17" VPOS="777" HPOS="389"/>
							<String ID="string_203" HPOS="406" VPOS="771" WIDTH="89" HEIGHT="27" WC="0.96" CONTENT="mycket"/><SP WIDTH="16" VPOS="771" HPOS="495"/>
							<String ID="string_204" HPOS="511" VPOS="772" WIDTH="46" HEIGHT="21" WC="0.96" CONTENT="stor"/><SP WIDTH="15" VPOS="772" HPOS="557"/>
							<String ID="string_205" HPOS="572" VPOS="771" WIDTH="63" HEIGHT="28" WC="0.96" CONTENT="synd."/><SP WIDTH="149" VPOS="771" HPOS="635"/>
							<String ID="string_206" HPOS="784" VPOS="776" WIDTH="2" HEIGHT="17" WC="0.91" CONTENT="i"/>
						</TextLine>
					</TextBlock>
					<TextBlock ID="block_3" HPOS="197" VPOS="799" WIDTH="822" HEIGHT="267">
						<TextLine ID="line_22" HPOS="270" VPOS="799" WIDTH="749" HEIGHT="30">
							<String ID="string_207" HPOS="270" VPOS="801" WIDTH="141" HEIGHT="28" WC="0.91" CONTENT="Korteligen:"/><SP WIDTH="25" VPOS="801" HPOS="411"/>
							<String ID="string_208" HPOS="436" VPOS="801" WIDTH="27" HEIGHT="21" WC="0.95" CONTENT="de"/><SP WIDTH="20" VPOS="801" HPOS="463"/>
							<String ID="string_209" HPOS="483" VPOS="801" WIDTH="7" HEIGHT="21" WC="0.95" CONTENT="i"/><SP WIDTH="21" VPOS="801" HPOS="490"/>
							<String ID="string_210" HPOS="511" VPOS="801" WIDTH="43" HEIGHT="22" WC="0.96" CONTENT="den"/><SP WIDTH="24" VPOS="801" HPOS="554"/>
							<String ID="string_211" HPOS="578" VPOS="801" WIDTH="53" HEIGHT="21" WC="0.93" CONTENT="sista"/><SP WIDTH="23" VPOS="801" HPOS="631"/>
							<String ID="string_212" HPOS="654" VPOS="799" WIDTH="143" HEIGHT="30" WC="0.96" CONTENT="afdelningen"/><SP WIDTH="24" VPOS="799" HPOS="797"/>
							<String ID="string_213" HPOS="821" VPOS="799" WIDTH="25" HEIGHT="22" WC="0.93" CONTENT="af"/><SP WIDTH="20" VPOS="799" HPOS="846"/>
							<String ID="string_214" HPOS="866" VPOS="800" WIDTH="153" HEIGHT="22" WC="0.96" CONTENT="betänkandet"/>
						</TextLine>
						<TextLine ID="line_23" HPOS="198" VPOS="830" WIDTH="821" HEIGHT="32">
							<String ID="string_215" HPOS="198" VPOS="830" WIDTH="96" HEIGHT="22" WC="0.91" CONTENT="berörda"/><SP WIDTH="16" VPOS="830" HPOS="294"/>
							<String ID="string_216" HPOS="310" VPOS="831" WIDTH="219" HEIGHT="28" WC="0.93" CONTENT="omständigheterna"/><SP WIDTH="15" VPOS="831" HPOS="529"/>
							<String ID="string_217" HPOS="544" VPOS="833" WIDTH="38" HEIGHT="19" WC="0.93" CONTENT="äro"/><SP WIDTH="17" VPOS="833" HPOS="582"/>
							<String ID="string_218" HPOS="599" VPOS="830" WIDTH="25" HEIGHT="23" WC="0.96" CONTENT="af"/><SP WIDTH="13" VPOS="830" HPOS="624"/>
							<String ID="string_219" HPOS="637" VPOS="831" WIDTH="24" HEIGHT="21" WC="0.93" CONTENT="sä"/><SP WIDTH="16" VPOS="831" HPOS="661"/>
							<String ID="string_220" HPOS="677" VPOS="830" WIDTH="116" HEIGHT="32" WC="0.92" CONTENT="betänklig"/><SP WIDTH="15" VPOS="830" HPOS="793"/>
							<String ID="string_221" HPOS="808" VPOS="830" WIDTH="162" HEIGHT="26" WC="0.88" CONTENT="beskaffenhet,"/><SP WIDTH="17" VPOS="830" HPOS="970"/>
							<String ID="string_222" HPOS="987" VPOS="832" WIDTH="32" HEIGHT="20" WC="0.97" CONTENT="att"/>
						</TextLine>
						<TextLine ID="line_24" HPOS="199" VPOS="859" WIDTH="819" HEIGHT="30">
							<String ID="string_223" HPOS="199" VPOS="867" WIDTH="52" HEIGHT="14" WC="0.96" CONTENT="man"/><SP WIDTH="22" VPOS="867" HPOS="251"/>
							<String ID="string_224" HPOS="273" VPOS="861" WIDTH="78" HEIGHT="27" WC="0.96" CONTENT="tycker"/><SP WIDTH="24" VPOS="861" HPOS="351"/>
							<String ID="string_225" HPOS="375" VPOS="863" WIDTH="33" HEIGHT="26" WC="0.92" CONTENT="sig"/><SP WIDTH="23" VPOS="863" HPOS="408"/>
							<String ID="string_226" HPOS="431" VPOS="861" WIDTH="78" HEIGHT="27" WC="0.92" CONTENT="skönja"/><SP WIDTH="20" VPOS="861" HPOS="509"/>
							<String ID="string_227" HPOS="529" VPOS="862" WIDTH="69" HEIGHT="27" WC="0.93" CONTENT="nägot"/><SP WIDTH="16" VPOS="862" HPOS="598"/>
							<String ID="string_228" HPOS="614" VPOS="859" WIDTH="25" HEIGHT="23" WC="0.93" CONTENT="af"/><SP WIDTH="12" VPOS="859" HPOS="639"/>
							<String ID="string_229" HPOS="651" VPOS="859" WIDTH="139" HEIGHT="23" WC="0.92" CONTENT="förödelsens"/><SP WIDTH="16" VPOS="859" HPOS="790"/>
							<String ID="string_230" HPOS="806" VPOS="860" WIDTH="114" HEIGHT="28" WC="0.92" CONTENT="styggelse"/><SP WIDTH="16" VPOS="860" HPOS="920"/>
							<String ID="string_231" HPOS="936" VPOS="861" WIDTH="29" HEIGHT="27" WC="0.93" CONTENT="pä"/><SP WIDTH="16" VPOS="861" HPOS="965"/>
							<String ID="string_232" HPOS="981" VPOS="860" WIDTH="37" HEIGHT="22" WC="0.92" CONTENT="he-"/>
						</TextLine>
						<TextLine ID="line_25" HPOS="199" VPOS="890" WIDTH="587" HEIGHT="28">
							<String ID="string_233" HPOS="199" VPOS="890" WIDTH="42" HEIGHT="28" WC="0.93" CONTENT="ligt"/><SP WIDTH="16" VPOS="890" HPOS="241"/>
							<String ID="string_234" HPOS="257" VPOS="897" WIDTH="54" HEIGHT="14" WC="0.96" CONTENT="rum."/><SP WIDTH="473" VPOS="897" HPOS="311"/>
							<String ID="string_235" HPOS="784" VPOS="907" WIDTH="2" HEIGHT="3" WC="0.77" CONTENT="!"/>
						</TextLine>
						<TextLine ID="line_26" HPOS="269" VPOS="919" WIDTH="749" HEIGHT="29">
							<String ID="string_236" HPOS="269" VPOS="919" WIDTH="44" HEIGHT="29" WC="0.96" CONTENT="Jag"/><SP WIDTH="20" VPOS="919" HPOS="313"/>
							<String ID="string_237" HPOS="333" VPOS="919" WIDTH="56" HEIGHT="21" WC="0.93" CONTENT="skall"/><SP WIDTH="22" VPOS="919" HPOS="389"/>
							<String ID="string_238" HPOS="411" VPOS="920" WIDTH="57" HEIGHT="20" WC="0.92" CONTENT="sluta"/><SP WIDTH="15" VPOS="920" HPOS="468"/>
							<String ID="string_239" HPOS="483" VPOS="920" WIDTH="46" HEIGHT="22" WC="0.94" CONTENT="här."/><SP WIDTH="32" VPOS="920" HPOS="529"/>
							<String ID="string_240" HPOS="561" VPOS="920" WIDTH="66" HEIGHT="21" WC="0.93" CONTENT="Emot"/><SP WIDTH="15" VPOS="920" HPOS="627"/>
							<String ID="string_241" HPOS="642" VPOS="919" WIDTH="151" HEIGHT="22" WC="0.92" CONTENT="betänkandet"/><SP WIDTH="16" VPOS="919" HPOS="793"/>
							<String ID="string_242" HPOS="809" VPOS="919" WIDTH="62" HEIGHT="21" WC="0.93" CONTENT="skola"/><SP WIDTH="17" VPOS="919" HPOS="871"/>
							<String ID="string_243" HPOS="888" VPOS="919" WIDTH="130" HEIGHT="28" WC="0.92" CONTENT="antagligen"/>
						</TextLine>
						<TextLine ID="line_27" HPOS="197" VPOS="948" WIDTH="821" HEIGHT="30">
							<String ID="string_244" HPOS="197" VPOS="949" WIDTH="175" HEIGHT="28" WC="0.91" CONTENT="anmärkningar"/><SP WIDTH="16" VPOS="949" HPOS="372"/>
							<String ID="string_245" HPOS="388" VPOS="949" WIDTH="6" HEIGHT="21" WC="0.96" CONTENT="i"/><SP WIDTH="17" VPOS="949" HPOS="394"/>
							<String ID="string_246" HPOS="411" VPOS="949" WIDTH="100" HEIGHT="21" WC="0.96" CONTENT="enskilda"/><SP WIDTH="16" VPOS="949" HPOS="511"/>
							<String ID="string_247" HPOS="527" VPOS="950" WIDTH="95" HEIGHT="28" WC="0.96" CONTENT="punkter"/><SP WIDTH="16" VPOS="950" HPOS="622"/>
							<String ID="string_248" HPOS="638" VPOS="948" WIDTH="75" HEIGHT="22" WC="0.93" CONTENT="kunna"/><SP WIDTH="15" VPOS="948" HPOS="713"/>
							<String ID="string_249" HPOS="728" VPOS="952" WIDTH="71" HEIGHT="25" WC="0.92" CONTENT="göras."/><SP WIDTH="34" VPOS="952" HPOS="799"/>
							<String ID="string_250" HPOS="833" VPOS="949" WIDTH="48" HEIGHT="21" WC="0.96" CONTENT="Men"/><SP WIDTH="17" VPOS="949" HPOS="881"/>
							<String ID="string_251" HPOS="898" VPOS="949" WIDTH="40" HEIGHT="28" WC="0.93" CONTENT="jag"/><SP WIDTH="10" VPOS="949" HPOS="938"/>
							<String ID="string_252" HPOS="948" VPOS="950" WIDTH="70" HEIGHT="27" WC="0.92" CONTENT="vägar"/>
						</TextLine>
						<TextLine ID="line_28" HPOS="197" VPOS="978" WIDTH="821" HEIGHT="29">
							<String ID="string_253" HPOS="197" VPOS="978" WIDTH="58" HEIGHT="22" WC="0.93" CONTENT="dock"/><SP WIDTH="16" VPOS="978" HPOS="255"/>
							<String ID="string_254" HPOS="271" VPOS="979" WIDTH="91" HEIGHT="28" WC="0.96" CONTENT="hoppas,"/><SP WIDTH="17" VPOS="979" HPOS="362"/>
							<String ID="string_255" HPOS="379" VPOS="980" WIDTH="32" HEIGHT="20" WC="0.93" CONTENT="att"/><SP WIDTH="15" VPOS="980" HPOS="411"/>
							<String ID="string_256" HPOS="426" VPOS="979" WIDTH="103" HEIGHT="21" WC="0.96" CONTENT="särskildt"/><SP WIDTH="16" VPOS="979" HPOS="529"/>
							<String ID="string_257" HPOS="545" VPOS="979" WIDTH="61" HEIGHT="21" WC="0.93" CONTENT="detta"/><SP WIDTH="16" VPOS="979" HPOS="606"/>
							<String ID="string_258" HPOS="622" VPOS="979" WIDTH="71" HEIGHT="26" WC="0.96" CONTENT="stånd,"/><SP WIDTH="16" VPOS="979" HPOS="693"/>
							<String ID="string_259" HPOS="709" VPOS="978" WIDTH="37" HEIGHT="22" WC="0.93" CONTENT="för"/><SP WIDTH="15" VPOS="978" HPOS="746"/>
							<String ID="string_260" HPOS="761" VPOS="979" WIDTH="86" HEIGHT="22" WC="0.96" CONTENT="hvilket"/><SP WIDTH="15" VPOS="979" HPOS="847"/>
							<String ID="string_261" HPOS="862" VPOS="978" WIDTH="45" HEIGHT="26" WC="0.96" CONTENT="allt,"/><SP WIDTH="12" VPOS="978" HPOS="907"/>
							<String ID="string_262" HPOS="919" VPOS="986" WIDTH="48" HEIGHT="14" WC="0.97" CONTENT="som"/><SP WIDTH="11" VPOS="986" HPOS="967"/>
							<String ID="string_263" HPOS="978" VPOS="979" WIDTH="40" HEIGHT="21" WC="0.96" CONTENT="hör"/>
						</TextLine>
						<TextLine ID="line_29" HPOS="197" VPOS="1008" WIDTH="820" HEIGHT="29">
							<String ID="string_264" HPOS="197" VPOS="1008" WIDTH="34" HEIGHT="21" WC="0.96" CONTENT="till"/><SP WIDTH="16" VPOS="1008" HPOS="231"/>
							<String ID="string_265" HPOS="247" VPOS="1008" WIDTH="160" HEIGHT="28" WC="0.96" CONTENT="undervisning"/><SP WIDTH="15" VPOS="1008" HPOS="407"/>
							<String ID="string_266" HPOS="422" VPOS="1009" WIDTH="41" HEIGHT="21" WC="0.93" CONTENT="och"/><SP WIDTH="17" VPOS="1009" HPOS="463"/>
							<String ID="string_267" HPOS="480" VPOS="1008" WIDTH="137" HEIGHT="29" WC="0.93" CONTENT="uppfostran,"/><SP WIDTH="16" VPOS="1008" HPOS="617"/>
							<String ID="string_268" HPOS="633" VPOS="1008" WIDTH="50" HEIGHT="22" WC="0.93" CONTENT="icke"/><SP WIDTH="15" VPOS="1008" HPOS="683"/>
							<String ID="string_269" HPOS="698" VPOS="1008" WIDTH="45" HEIGHT="22" WC="0.96" CONTENT="kan"/><SP WIDTH="15" VPOS="1008" HPOS="743"/>
							<String ID="string_270" HPOS="758" VPOS="1016" WIDTH="55" HEIGHT="15" WC="0.91" CONTENT="vara"/><SP WIDTH="10" VPOS="1016" HPOS="813"/>
							<String ID="string_271" HPOS="823" VPOS="1008" WIDTH="115" HEIGHT="29" WC="0.89" CONTENT="likgiltigt,"/><SP WIDTH="12" VPOS="1008" HPOS="938"/>
							<String ID="string_272" HPOS="950" VPOS="1008" WIDTH="7" HEIGHT="22" WC="0.93" CONTENT="i"/><SP WIDTH="11" VPOS="1008" HPOS="957"/>
							<String ID="string_273" HPOS="968" VPOS="1008" WIDTH="49" HEIGHT="22" WC="0.92" CONTENT="huf-"/>
						</TextLine>
						<TextLine ID="line_30" HPOS="198" VPOS="1038" WIDTH="642" HEIGHT="28">
							<String ID="string_274" HPOS="198" VPOS="1038" WIDTH="85" HEIGHT="22" WC="0.92" CONTENT="vudsak"/><SP WIDTH="16" VPOS="1038" HPOS="283"/>
							<String ID="string_275" HPOS="299" VPOS="1038" WIDTH="56" HEIGHT="22" WC="0.93" CONTENT="skall"/><SP WIDTH="16" VPOS="1038" HPOS="355"/>
							<String ID="string_276" HPOS="371" VPOS="1038" WIDTH="119" HEIGHT="28" WC="0.96" CONTENT="godkänna"/><SP WIDTH="17" VPOS="1038" HPOS="490"/>
							<String ID="string_277" HPOS="507" VPOS="1039" WIDTH="129" HEIGHT="21" WC="0.95" CONTENT="detsamma."/><SP WIDTH="32" VPOS="1039" HPOS="636"/>
							<String ID="string_278" HPOS="668" VPOS="1038" WIDTH="63" HEIGHT="28" WC="0.93" CONTENT="(Bra!"/><SP WIDTH="17" VPOS="1038" HPOS="731"/>
							<String ID="string_279" HPOS="748" VPOS="1038" WIDTH="92" HEIGHT="28" WC="0.92" CONTENT="Hyvä!)."/>
						</TextLine>
					</TextBlock>
				</ComposedBlock>
				<ComposedBlock ID="cblock_2" HPOS="192" VPOS="1098" WIDTH="824" HEIGHT="447">
					<TextBlock ID="block_4" HPOS="192" VPOS="1098" WIDTH="824" HEIGHT="447">
						<TextLine ID="line_31" HPOS="269" VPOS="1098" WIDTH="747" HEIGHT="28">
							<String ID="string_280" HPOS="269" VPOS="1098" WIDTH="74" HEIGHT="28" WC="0.96" CONTENT="Piispa"/><SP WIDTH="16" VPOS="1098" HPOS="343"/>
							<String ID="string_281" HPOS="359" VPOS="1098" WIDTH="122" HEIGHT="22" WC="0.96" CONTENT="Colliander:"/><SP WIDTH="17" VPOS="1098" HPOS="481"/>
							<String ID="string_282" HPOS="498" VPOS="1098" WIDTH="45" HEIGHT="28" WC="0.95" CONTENT="Nyt"/><SP WIDTH="16" VPOS="1098" HPOS="543"/>
							<String ID="string_283" HPOS="559" VPOS="1098" WIDTH="64" HEIGHT="22" WC="0.96" CONTENT="esillä"/><SP WIDTH="15" VPOS="1098" HPOS="623"/>
							<String ID="string_284" HPOS="638" VPOS="1098" WIDTH="64" HEIGHT="22" WC="0.96" CONTENT="oleva"/><SP WIDTH="10" VPOS="1098" HPOS="702"/>
							<String ID="string_285" HPOS="712" VPOS="1098" WIDTH="85" HEIGHT="28" WC="0.93" CONTENT="yleisen"/><SP WIDTH="12" VPOS="1098" HPOS="797"/>
							<String ID="string_286" HPOS="809" VPOS="1098" WIDTH="207" HEIGHT="22" WC="0.92" CONTENT="anomusvaliokun-"/>
						</TextLine>
						<TextLine ID="line_32" HPOS="196" VPOS="1158" WIDTH="820" HEIGHT="29">
							<String ID="string_287" HPOS="196" VPOS="1158" WIDTH="85" HEIGHT="27" WC="0.92" CONTENT="syvästi"/><SP WIDTH="24" VPOS="1158" HPOS="281"/>
							<String ID="string_288" HPOS="305" VPOS="1158" WIDTH="169" HEIGHT="22" WC="0.92" CONTENT="surkuteltaviin"/><SP WIDTH="22" VPOS="1158" HPOS="474"/>
							<String ID="string_289" HPOS="496" VPOS="1158" WIDTH="148" HEIGHT="29" WC="0.96" CONTENT="tapahtumiin"/><SP WIDTH="14" VPOS="1158" HPOS="644"/>
							<String ID="string_290" HPOS="658" VPOS="1158" WIDTH="25" HEIGHT="28" WC="0.93" CONTENT="ja"/><SP WIDTH="15" VPOS="1158" HPOS="683"/>
							<String ID="string_291" HPOS="698" VPOS="1158" WIDTH="148" HEIGHT="22" WC="0.92" CONTENT="olosuhteihin"/><SP WIDTH="16" VPOS="1158" HPOS="846"/>
							<String ID="string_292" HPOS="862" VPOS="1164" WIDTH="154" HEIGHT="16" WC="0.96" CONTENT="maassamme."/>
						</TextLine>
						<TextLine ID="line_33" HPOS="197" VPOS="1187" WIDTH="818" HEIGHT="29">
							<String ID="string_293" HPOS="197" VPOS="1187" WIDTH="103" HEIGHT="23" WC="0.96" CONTENT="Yleisesti"/><SP WIDTH="23" VPOS="1187" HPOS="300"/>
							<String ID="string_294" HPOS="323" VPOS="1189" WIDTH="117" HEIGHT="20" WC="0.95" CONTENT="tunnettua"/><SP WIDTH="23" VPOS="1189" HPOS="440"/>
							<String ID="string_295" HPOS="463" VPOS="1188" WIDTH="60" HEIGHT="28" WC="0.96" CONTENT="kyllä"/><SP WIDTH="23" VPOS="1188" HPOS="523"/>
							<String ID="string_296" HPOS="546" VPOS="1188" WIDTH="72" HEIGHT="22" WC="0.96" CONTENT="lienee"/><SP WIDTH="21" VPOS="1188" HPOS="618"/>
							<String ID="string_297" HPOS="639" VPOS="1188" WIDTH="118" HEIGHT="28" WC="0.97" CONTENT="jokaiselle"/><SP WIDTH="23" VPOS="1188" HPOS="757"/>
							<String ID="string_298" HPOS="780" VPOS="1188" WIDTH="155" HEIGHT="22" WC="0.96" CONTENT="kansalaiselle"/><SP WIDTH="20" VPOS="1188" HPOS="935"/>
							<String ID="string_299" HPOS="955" VPOS="1188" WIDTH="60" HEIGHT="26" WC="0.97" CONTENT="ollut,"/>
						</TextLine>
						<TextLine ID="line_34" HPOS="197" VPOS="1218" WIDTH="818" HEIGHT="29">
							<String ID="string_300" HPOS="197" VPOS="1218" WIDTH="46" HEIGHT="20" WC="0.96" CONTENT="että"/><SP WIDTH="23" VPOS="1218" HPOS="243"/>
							<String ID="string_301" HPOS="266" VPOS="1224" WIDTH="28" HEIGHT="15" WC="0.93" CONTENT="ne"/><SP WIDTH="23" VPOS="1224" HPOS="294"/>
							<String ID="string_302" HPOS="317" VPOS="1218" WIDTH="130" HEIGHT="28" WC="0.91" CONTENT="poliitilliset"/><SP WIDTH="24" VPOS="1218" HPOS="447"/>
							<String ID="string_303" HPOS="471" VPOS="1218" WIDTH="146" HEIGHT="22" WC="0.96" CONTENT="mullistukset"/><SP WIDTH="21" VPOS="1218" HPOS="617"/>
							<String ID="string_304" HPOS="638" VPOS="1218" WIDTH="24" HEIGHT="28" WC="0.95" CONTENT="ja"/><SP WIDTH="23" VPOS="1218" HPOS="662"/>
							<String ID="string_305" HPOS="685" VPOS="1218" WIDTH="66" HEIGHT="21" WC="0.95" CONTENT="niistä"/><SP WIDTH="23" VPOS="1218" HPOS="751"/>
							<String ID="string_306" HPOS="774" VPOS="1219" WIDTH="118" HEIGHT="28" WC="0.96" CONTENT="syntyneet"/><SP WIDTH="19" VPOS="1219" HPOS="892"/>
							<String ID="string_307" HPOS="911" VPOS="1218" WIDTH="104" HEIGHT="26" WC="0.96" CONTENT="taistelut,"/>
						</TextLine>
						<TextLine ID="line_35" HPOS="192" VPOS="1246" WIDTH="824" HEIGHT="28">
							<String ID="string_308" HPOS="192" VPOS="1246" WIDTH="67" HEIGHT="28" WC="0.96" CONTENT="jotka"/><SP WIDTH="14" VPOS="1246" HPOS="259"/>
							<String ID="string_309" HPOS="273" VPOS="1247" WIDTH="68" HEIGHT="21" WC="0.96" CONTENT="näinä"/><SP WIDTH="15" VPOS="1247" HPOS="341"/>
							<String ID="string_310" HPOS="356" VPOS="1248" WIDTH="93" HEIGHT="21" WC="0.96" CONTENT="vuosina"/><SP WIDTH="15" VPOS="1248" HPOS="449"/>
							<String ID="string_311" HPOS="464" VPOS="1250" WIDTH="51" HEIGHT="19" WC="0.96" CONTENT="ovat"/><SP WIDTH="16" VPOS="1250" HPOS="515"/>
							<String ID="string_312" HPOS="531" VPOS="1249" WIDTH="124" HEIGHT="20" WC="0.96" CONTENT="saattaneet"/><SP WIDTH="15" VPOS="1249" HPOS="655"/>
							<String ID="string_313" HPOS="670" VPOS="1248" WIDTH="43" HEIGHT="21" WC="0.96" CONTENT="sitä"/><SP WIDTH="15" VPOS="1248" HPOS="713"/>
							<String ID="string_314" HPOS="728" VPOS="1251" WIDTH="73" HEIGHT="22" WC="0.96" CONTENT="ennen"/><SP WIDTH="15" VPOS="1251" HPOS="801"/>
							<String ID="string_315" HPOS="816" VPOS="1248" WIDTH="135" HEIGHT="21" WC="0.93" CONTENT="rauhallisen"/><SP WIDTH="11" VPOS="1248" HPOS="951"/>
							<String ID="string_316" HPOS="962" VPOS="1247" WIDTH="54" HEIGHT="22" WC="0.90" CONTENT="kan-"/>
						</TextLine>
						<TextLine ID="line_36" HPOS="197" VPOS="1277" WIDTH="819" HEIGHT="28">
							<String ID="string_317" HPOS="197" VPOS="1284" WIDTH="84" HEIGHT="14" WC="0.92" CONTENT="samme"/><SP WIDTH="21" VPOS="1284" HPOS="281"/>
							<String ID="string_318" HPOS="302" VPOS="1277" WIDTH="24" HEIGHT="28" WC="0.96" CONTENT="ja"/><SP WIDTH="23" VPOS="1277" HPOS="326"/>
							<String ID="string_319" HPOS="349" VPOS="1277" WIDTH="202" HEIGHT="28" WC="0.95" CONTENT="yhteiskuntamme"/><SP WIDTH="20" VPOS="1277" HPOS="551"/>
							<String ID="string_320" HPOS="571" VPOS="1277" WIDTH="104" HEIGHT="28" WC="0.95" CONTENT="juuriaan"/><SP WIDTH="18" VPOS="1277" HPOS="675"/>
							<String ID="string_321" HPOS="693" VPOS="1279" WIDTH="91" HEIGHT="26" WC="0.96" CONTENT="myöten"/><SP WIDTH="15" VPOS="1279" HPOS="784"/>
							<String ID="string_322" HPOS="799" VPOS="1277" WIDTH="141" HEIGHT="27" WC="0.96" CONTENT="kuohuksiin,"/><SP WIDTH="17" VPOS="1277" HPOS="940"/>
							<String ID="string_323" HPOS="957" VPOS="1277" WIDTH="59" HEIGHT="23" WC="0.96" CONTENT="eivät"/>
						</TextLine>
						<TextLine ID="line_37" HPOS="197" VPOS="1306" WIDTH="819" HEIGHT="30">
							<String ID="string_324" HPOS="197" VPOS="1306" WIDTH="35" HEIGHT="22" WC="0.96" CONTENT="ole"/><SP WIDTH="22" VPOS="1306" HPOS="232"/>
							<String ID="string_325" HPOS="254" VPOS="1307" WIDTH="108" HEIGHT="27" WC="0.93" CONTENT="jättäneet"/><SP WIDTH="25" VPOS="1307" HPOS="362"/>
							<String ID="string_326" HPOS="387" VPOS="1307" WIDTH="276" HEIGHT="22" WC="0.90" CONTENT="koululaitostammekaan"/><SP WIDTH="25" VPOS="1307" HPOS="663"/>
							<String ID="string_327" HPOS="688" VPOS="1308" WIDTH="105" HEIGHT="26" WC="0.96" CONTENT="rauhaan,"/><SP WIDTH="26" VPOS="1308" HPOS="793"/>
							<String ID="string_328" HPOS="819" VPOS="1308" WIDTH="70" HEIGHT="20" WC="0.96" CONTENT="mutta"/><SP WIDTH="22" VPOS="1308" HPOS="889"/>
							<String ID="string_329" HPOS="911" VPOS="1307" WIDTH="105" HEIGHT="29" WC="0.96" CONTENT="tuskinpa"/>
						</TextLine>
						<TextLine ID="line_38" HPOS="196" VPOS="1336" WIDTH="819" HEIGHT="28">
							<String ID="string_330" HPOS="196" VPOS="1336" WIDTH="73" HEIGHT="20" WC="0.96" CONTENT="lienee"/><SP WIDTH="22" VPOS="1336" HPOS="269"/>
							<String ID="string_331" HPOS="291" VPOS="1336" WIDTH="147" HEIGHT="21" WC="0.96" CONTENT="kenellekään"/><SP WIDTH="19" VPOS="1336" HPOS="438"/>
							<String ID="string_332" HPOS="457" VPOS="1338" WIDTH="147" HEIGHT="19" WC="0.93" CONTENT="varsinaisten"/><SP WIDTH="16" VPOS="1338" HPOS="604"/>
							<String ID="string_333" HPOS="620" VPOS="1337" WIDTH="148" HEIGHT="27" WC="0.92" CONTENT="koulupiirien"/><SP WIDTH="15" VPOS="1337" HPOS="768"/>
							<String ID="string_334" HPOS="783" VPOS="1337" WIDTH="150" HEIGHT="26" WC="0.93" CONTENT="ulkopuolella"/><SP WIDTH="15" VPOS="1337" HPOS="933"/>
							<String ID="string_335" HPOS="948" VPOS="1337" WIDTH="67" HEIGHT="21" WC="0.93" CONTENT="seiso-"/>
						</TextLine>
						<TextLine ID="line_39" HPOS="196" VPOS="1365" WIDTH="820" HEIGHT="28">
							<String ID="string_336" HPOS="196" VPOS="1365" WIDTH="59" HEIGHT="21" WC="0.92" CONTENT="valle"/><SP WIDTH="15" VPOS="1365" HPOS="255"/>
							<String ID="string_337" HPOS="270" VPOS="1365" WIDTH="154" HEIGHT="21" WC="0.95" CONTENT="kansalaiselle"/><SP WIDTH="15" VPOS="1365" HPOS="424"/>
							<String ID="string_338" HPOS="439" VPOS="1367" WIDTH="48" HEIGHT="19" WC="0.96" CONTENT="tätä"/><SP WIDTH="15" VPOS="1367" HPOS="487"/>
							<String ID="string_339" HPOS="502" VPOS="1372" WIDTH="73" HEIGHT="14" WC="0.96" CONTENT="ennen"/><SP WIDTH="14" VPOS="1372" HPOS="575"/>
							<String ID="string_340" HPOS="589" VPOS="1367" WIDTH="54" HEIGHT="19" WC="0.96" CONTENT="tuon"/><SP WIDTH="16" VPOS="1367" HPOS="643"/>
							<String ID="string_341" HPOS="659" VPOS="1365" WIDTH="148" HEIGHT="22" WC="0.96" CONTENT="vaikutuksen"/><SP WIDTH="15" VPOS="1365" HPOS="807"/>
							<String ID="string_342" HPOS="822" VPOS="1365" WIDTH="59" HEIGHT="21" WC="0.96" CONTENT="koko"/><SP WIDTH="15" VPOS="1365" HPOS="881"/>
							<String ID="string_343" HPOS="896" VPOS="1365" WIDTH="86" HEIGHT="28" WC="0.96" CONTENT="laajuus"/><SP WIDTH="8" VPOS="1365" HPOS="982"/>
							<String ID="string_344" HPOS="990" VPOS="1365" WIDTH="26" HEIGHT="28" WC="0.96" CONTENT="ja"/>
						</TextLine>
						<TextLine ID="line_40" HPOS="195" VPOS="1394" WIDTH="821" HEIGHT="29">
							<String ID="string_345" HPOS="195" VPOS="1394" WIDTH="158" HEIGHT="22" WC="0.93" CONTENT="turmiollisuus"/><SP WIDTH="23" VPOS="1394" HPOS="353"/>
							<String ID="string_346" HPOS="376" VPOS="1395" WIDTH="66" HEIGHT="21" WC="0.96" CONTENT="tullut"/><SP WIDTH="22" VPOS="1395" HPOS="442"/>
							<String ID="string_347" HPOS="464" VPOS="1395" WIDTH="47" HEIGHT="21" WC="0.96" CONTENT="niin"/><SP WIDTH="23" VPOS="1395" HPOS="511"/>
							<String ID="string_348" HPOS="534" VPOS="1395" WIDTH="103" HEIGHT="26" WC="0.96" CONTENT="selväksi,"/><SP WIDTH="23" VPOS="1395" HPOS="637"/>
							<String ID="string_349" HPOS="660" VPOS="1395" WIDTH="53" HEIGHT="21" WC="0.96" CONTENT="kuin"/><SP WIDTH="21" VPOS="1395" HPOS="713"/>
							<String ID="string_350" HPOS="734" VPOS="1402" WIDTH="23" HEIGHT="15" WC="0.96" CONTENT="se"/><SP WIDTH="16" VPOS="1402" HPOS="757"/>
							<String ID="string_351" HPOS="773" VPOS="1396" WIDTH="41" HEIGHT="27" WC="0.96" CONTENT="nyt"/><SP WIDTH="15" VPOS="1396" HPOS="814"/>
							<String ID="string_352" HPOS="829" VPOS="1401" WIDTH="28" HEIGHT="15" WC="0.96" CONTENT="on"/><SP WIDTH="16" VPOS="1401" HPOS="857"/>
							<String ID="string_353" HPOS="873" VPOS="1395" WIDTH="143" HEIGHT="22" WC="0.96" CONTENT="mahdollista"/>
						</TextLine>
						<TextLine ID="line_41" HPOS="195" VPOS="1424" WIDTH="820" HEIGHT="29">
							<String ID="string_354" HPOS="195" VPOS="1431" WIDTH="40" HEIGHT="15" WC="0.93" CONTENT="sen"/><SP WIDTH="16" VPOS="1431" HPOS="235"/>
							<String ID="string_355" HPOS="251" VPOS="1425" WIDTH="178" HEIGHT="28" WC="0.92" CONTENT="seikkaperäisen"/><SP WIDTH="16" VPOS="1425" HPOS="429"/>
							<String ID="string_356" HPOS="445" VPOS="1425" WIDTH="150" HEIGHT="22" WC="0.95" CONTENT="tutkimuksen"/><SP WIDTH="15" VPOS="1425" HPOS="595"/>
							<String ID="string_357" HPOS="610" VPOS="1425" WIDTH="23" HEIGHT="28" WC="0.96" CONTENT="ja"/><SP WIDTH="16" VPOS="1425" HPOS="633"/>
							<String ID="string_358" HPOS="649" VPOS="1425" WIDTH="104" HEIGHT="28" WC="0.96" CONTENT="esittelyn"/><SP WIDTH="15" VPOS="1425" HPOS="753"/>
							<String ID="string_359" HPOS="768" VPOS="1424" WIDTH="83" HEIGHT="28" WC="0.94" CONTENT="kautta,"/><SP WIDTH="16" VPOS="1424" HPOS="851"/>
							<String ID="string_360" HPOS="867" VPOS="1425" WIDTH="77" HEIGHT="22" WC="0.96" CONTENT="minkä"/><SP WIDTH="10" VPOS="1425" HPOS="944"/>
							<String ID="string_361" HPOS="954" VPOS="1427" WIDTH="61" HEIGHT="20" WC="0.96" CONTENT="tämä"/>
						</TextLine>
						<TextLine ID="line_42" HPOS="196" VPOS="1454" WIDTH="819" HEIGHT="30">
							<String ID="string_362" HPOS="196" VPOS="1454" WIDTH="100" HEIGHT="23" WC="0.96" CONTENT="mietintö"/><SP WIDTH="23" VPOS="1454" HPOS="296"/>
							<String ID="string_363" HPOS="319" VPOS="1455" WIDTH="96" HEIGHT="22" WC="0.94" CONTENT="sisältää."/><SP WIDTH="32" VPOS="1455" HPOS="415"/>
							<String ID="string_364" HPOS="447" VPOS="1455" WIDTH="77" HEIGHT="21" WC="0.93" CONTENT="Minun"/><SP WIDTH="20" VPOS="1455" HPOS="524"/>
							<String ID="string_365" HPOS="544" VPOS="1455" WIDTH="142" HEIGHT="22" WC="0.92" CONTENT="katsoakseni"/><SP WIDTH="16" VPOS="1455" HPOS="686"/>
							<String ID="string_366" HPOS="702" VPOS="1455" WIDTH="120" HEIGHT="29" WC="0.42" CONTENT="kaikki:ne"/><SP WIDTH="15" VPOS="1455" HPOS="822"/>
							<String ID="string_367" HPOS="837" VPOS="1455" WIDTH="140" HEIGHT="29" WC="0.96" CONTENT="tapahtumat"/><SP WIDTH="13" VPOS="1455" HPOS="977"/>
							<String ID="string_368" HPOS="990" VPOS="1456" WIDTH="25" HEIGHT="28" WC="0.96" CONTENT="ja"/>
						</TextLine>
						<TextLine ID="line_43" HPOS="195" VPOS="1485" WIDTH="819" HEIGHT="27">
							<String ID="string_369" HPOS="195" VPOS="1485" WIDTH="106" HEIGHT="26" WC="0.96" CONTENT="tosiasiat,"/><SP WIDTH="24" VPOS="1485" HPOS="301"/>
							<String ID="string_370" HPOS="325" VPOS="1485" WIDTH="70" HEIGHT="21" WC="0.96" CONTENT="mitkä"/><SP WIDTH="22" VPOS="1485" HPOS="395"/>
							<String ID="string_371" HPOS="417" VPOS="1485" WIDTH="144" HEIGHT="22" WC="0.96" CONTENT="mietinnössä"/><SP WIDTH="23" VPOS="1485" HPOS="561"/>
							<String ID="string_372" HPOS="584" VPOS="1485" WIDTH="127" HEIGHT="27" WC="0.96" CONTENT="mainitaan,"/><SP WIDTH="23" VPOS="1485" HPOS="711"/>
							<String ID="string_373" HPOS="734" VPOS="1485" WIDTH="121" HEIGHT="26" WC="0.96" CONTENT="todistavat"/><SP WIDTH="21" VPOS="1485" HPOS="855"/>
							<String ID="string_374" HPOS="876" VPOS="1487" WIDTH="46" HEIGHT="20" WC="0.93" CONTENT="että"/><SP WIDTH="23" VPOS="1487" HPOS="922"/>
							<String ID="string_375" HPOS="945" VPOS="1486" WIDTH="69" HEIGHT="22" WC="0.93" CONTENT="valio-"/>
						</TextLine>
						<TextLine ID="line_44" HPOS="196" VPOS="1514" WIDTH="817" HEIGHT="31">
							<String ID="string_376" HPOS="196" VPOS="1514" WIDTH="69" HEIGHT="22" WC="0.93" CONTENT="kunta"/><SP WIDTH="16" VPOS="1514" HPOS="265"/>
							<String ID="string_377" HPOS="281" VPOS="1515" WIDTH="66" HEIGHT="22" WC="0.96" CONTENT="aivan"/><SP WIDTH="16" VPOS="1515" HPOS="347"/>
							<String ID="string_378" HPOS="363" VPOS="1515" WIDTH="73" HEIGHT="22" WC="0.96" CONTENT="oikein"/><SP WIDTH="17" VPOS="1515" HPOS="436"/>
							<String ID="string_379" HPOS="453" VPOS="1522" WIDTH="29" HEIGHT="15" WC="0.96" CONTENT="on"/><SP WIDTH="16" VPOS="1522" HPOS="482"/>
							<String ID="string_380" HPOS="498" VPOS="1515" WIDTH="122" HEIGHT="28" WC="0.96" CONTENT="käsittänyt"/><SP WIDTH="15" VPOS="1515" HPOS="620"/>
							<String ID="string_381" HPOS="635" VPOS="1515" WIDTH="76" HEIGHT="22" WC="0.93" CONTENT="niiden"/><SP WIDTH="16" VPOS="1515" HPOS="711"/>
							<String ID="string_382" HPOS="727" VPOS="1514" WIDTH="187" HEIGHT="31" WC="0.91" CONTENT="toimenpiteitten"/><SP WIDTH="9" VPOS="1514" HPOS="914"/>
							<String ID="string_383" HPOS="923" VPOS="1517" WIDTH="25" HEIGHT="28" WC="0.93" CONTENT="ja"/><SP WIDTH="11" VPOS="1517" HPOS="948"/>
							<String ID="string_384" HPOS="959" VPOS="1516" WIDTH="54" HEIGHT="22" WC="0.93" CONTENT="mul-"/>
						</TextLine>
					</TextBlock>
				</ComposedBlock>
			</PrintSpace>
		</Page>
	</Layout>
</alto>
