1117 1803
293 101 51 19 Vvk.
356 106 31 15 n:o
401 103 33 17 111
447 108 25 13 m.
485 106 47 16 n:ris
544 104 11 17 6
566 104 21 23 ja
599 104 10 18 7
621 104 97 23 johdosta.
868 104 44 24 823

98 155 154 35 miokapitulin
275 156 94 23 asessori
383 157 113 26 Johansson
515 158 24 28 ja
554 158 95 22 dosentti
665 158 107 24 Grotenfelt
787 158 60 26 sekä,
863 164 49 22 pro-

98 187 56 21 vasti
170 185 183 25 Schroderuksen
369 187 161 28 ehdotuksesta,
546 188 137 29 vapaaherra
697 188 88 26 Palmen,

166 264 63 28 jotka
244 264 82 22 hetken
342 265 101 22 kuluttua
458 266 94 22 lähtivät
566 267 158 21 suorittamaan
740 266 116 22 toimensa.

167 342 73 22 Herra
263 343 130 25 Puhemiehen
417 344 166 22 huomautettua
605 346 46 20 että
674 344 84 27 säädyn
776 346 64 19 vasta
852 344 60 21 teke-

96 375 52 20 män
174 373 122 28 päätöksen
323 373 104 28 johdosta
455 375 40 27 nyt
521 374 29 23 oli
579 374 86 27 päätetty
691 373 104 30 pöydällä
820 373 92 23 olleesta

95 403 193 22 valtiovaliokunnan
310 403 125 23 mietinnöstä
452 410 31 17 n:o
499 404 14 22 6
528 404 54 22 sekä
598 404 111 28 kysyttyä,
726 404 106 22 katsooko
848 405 64 26 sääty

96 432 122 29 päätöksen
241 432 126 24 käsittävän
389 434 102 27 myöskin
505 433 104 30 pöydällä
625 433 78 22 ollutta
718 433 193 23 valtiovaliokunnan

95 463 102 22 mietintöä
213 468 31 17 n:o
261 464 18 25 7,

167 523 71 22 lausui
254 523 172 29 puheenvuoron
441 525 106 21 saatuaan

167 589 158 23 Valtioneuvos
346 590 116 23 Danielson:
485 590 67 29 Kyllä
570 590 163 22 keskustelussa
748 590 116 22 kuitenkin
880 590 32 21 ni-

96 627 132 15 menomaan
253 620 176 27 huomautettiin,
445 622 44 20 että
513 621 61 22 ensin
597 620 49 22 olisi
667 621 127 28 päätettävä
810 620 101 22 erikseen

95 650 273 23 kansakoululaitoksesta.
399 650 123 23 Senvuoksi
545 651 74 22 luulen
643 652 45 20 että
711 650 106 28 kysymys
832 650 79 22 kulku-

95 680 192 23 laitosrahastosta
303 680 110 23 ansaitsisi
427 680 142 23 keskustelua
582 682 25 28 ja
621 680 113 30 pyytäisin
750 682 45 20 että
811 680 101 22 muutkin

95 711 55 21 kuin
165 710 222 22 valtiovaliokunnan
395 711 88 28 jäsenet
493 712 128 21 lausuisivat
632 710 141 29 ajatuksensa
783 710 57 26 siitä,
852 710 60 22 onko

95 741 86 28 säädyn
198 740 141 22 mahdollista
353 740 69 22 tähän
437 741 119 22 rahastoon
572 741 87 22 nähden
675 740 67 22 tehdä
755 747 62 15 sama
828 741 84 28 päätös,

96 771 55 21 kuin
167 771 76 21 minkä
258 777 23 15 se
297 771 46 22 teki
359 770 281 30 kansakoulu-budgetista.

168 848 121 23 Professori
313 849 88 23 Donner:
425 849 31 22 Ur
474 849 171 22 statsutskottets
661 848 141 23 betänkande
818 848 95 22 rörande

97 878 298 23 kommunikationsfondens
410 879 83 29 budget
509 879 37 22 för
564 880 55 21 1905
635 879 105 28 framgär,
757 880 32 20 att
805 885 28 16 en
846 877 67 30 utgift

97 909 37 22 för
158 909 150 22 innevarande
333 911 24 20 är
372 909 110 22 beräknas
498 911 29 27 pä
542 909 97 30 ungefär
655 910 65 27 20'/,
736 909 109 28 miljoner,
862 915 51 15 men

97 940 45 21 slär
164 946 52 15 man
232 947 44 21 upp
293 939 42 22 den
351 940 82 28 nädiga
449 940 164 29 propositionen
628 940 116 28 angäende
760 939 154 22 kommunika-

96 969 149 26 tionsfonden,
262 971 24 20 sä
302 969 151 22 förekommer
470 970 38 21 der
523 970 128 22 beräknade
667 969 110 22 ordinarie
793 969 42 22 och
851 971 63 20 extra

96 1000 113 22 ordinarie
232 999 92 28 utgifter
344 1000 145 22 tillsammans
505 999 39 23 för
559 1001 73 21 denna
648 999 76 29 period
740 999 25 22 af
778 999 7 22 i
801 999 67 22 rundt
882 999 32 22 tal

97 1031 29 21 93
137 1031 25 27 !/,
186 1029 109 28 miljoner.
326 1029 39 22 Att
380 1031 53 20 utan
449 1037 27 15 en
493 1031 67 21 sådan
576 1029 173 29 undersökning,
765 1029 93 22 hvarom
874 1029 41 22 här

97 1059 62 23 förut
176 1060 60 21 varit
251 1059 71 28 fråga,
339 1060 70 21 inläta
424 1060 34 27 sig
473 1061 29 26 pä
517 1061 33 20 att
559 1059 87 23 besluta
657 1066 35 14 om
703 1059 78 28 anslag
791 1060 29 27 pä
831 1059 84 21 sådana

98 1089 81 28 belopp
204 1089 41 21 och
268 1091 52 19 utan
345 1091 32 20 att
399 1089 160 22 statsutskottet
575 1088 48 23 haft
638 1088 116 29 möjlighet
770 1090 31 20 att
817 1088 54 28 ingä
886 1089 29 27 pä

98 1126 28 15 en
150 1118 105 29 pröfning
278 1118 25 22 af
321 1119 119 27 desamma,
457 1118 114 23 förefaller
587 1119 46 28 mig
648 1125 54 15 vara
717 1125 48 15 mer
780 1121 28 18 än
824 1118 90 29 vägadt.

100 1149 48 22 Och
171 1149 28 21 dä
220 1149 64 22 dessa
300 1156 98 15 summor
413 1148 119 24 förutsätta
547 1149 142 28 upptagande
705 1148 25 22 af
743 1149 31 21 ett
789 1148 38 22 län
842 1149 29 28 pä
886 1148 29 21 50

98 1179 109 27 miljoner,
224 1179 92 22 hvarom
332 1179 41 22 här
389 1180 95 27 mängen
501 1181 60 27 gäng
576 1179 69 22 redan
660 1179 72 26 talats,
749 1178 41 22 och
806 1177 49 22 frän
872 1177 44 22 alla

98 1209 45 22 häll
160 1209 90 22 erkänts
265 1209 149 29 svärigheten,
430 1209 37 22 för
483 1211 31 20 att
530 1209 49 22 icke
595 1212 54 25 säga
665 1209 37 22 det
717 1207 38 23 för
770 1208 74 22 landet
856 1207 60 22 oför-

97 1239 115 28 delaktiga
233 1239 7 22 i
260 1241 32 20 att
307 1246 30 15 nu
353 1239 68 22 redan
437 1239 124 22 bestämma
575 1240 35 27 sig
625 1238 38 23 för
678 1239 152 28 upptagandet
846 1237 25 23 af
884 1239 31 21 ett

96 1269 82 22 sådant
200 1269 44 26 län,
269 1270 28 21 dä
320 1269 49 22 icke
392 1269 86 22 landets
494 1269 144 22 konstitution
654 1269 159 28 upprätthälles
830 1269 41 21 och
887 1269 29 27 pä

96 1299 75 28 grund
187 1299 67 22 deraf
266 1299 49 22 dess
331 1299 73 22 kredit
419 1299 42 22 och
477 1299 36 22 det
529 1298 136 27 förtroende,
681 1305 47 15 som
744 1299 37 21 det
797 1298 96 28 ätnjuter
908 1297 7 22 i

99 1329 107 26 utlandet,
223 1331 25 19 är
263 1329 110 28 stadgadt,
389 1329 61 22 detta
466 1331 41 26 gör
522 1329 134 28 ställningen
671 1331 59 18 ännu
745 1328 96 22 svårare.
872 1327 44 29 Jag

97 1359 137 21 åtminstone
257 1359 44 20 kan
317 1359 50 21 icke
387 1357 77 25 förstå,
481 1359 55 21 huru
547 1360 79 27 någon
641 1358 74 21 kunde
730 1359 82 27 pätaga
827 1357 35 28 sig
878 1364 38 14 an-

98 1390 75 20 svaret
189 1389 39 26 att,
242 1389 41 28 jag
298 1395 111 22 upprepar
425 1389 44 26 det,
484 1390 25 20 sä
524 1389 7 21 i
547 1388 76 28 klump
639 1388 78 29 afgöra
727 1387 62 22 öfver
799 1387 118 22 nationens

99 1417 126 22 finansiella
240 1417 97 27 framtid,
354 1425 36 14 om
406 1419 37 20 det
459 1419 67 21 ocksä
541 1418 71 27 gäller
627 1418 56 21 blott
699 1417 26 22 de
741 1417 101 27 följande
856 1418 60 20 ären.

99 1446 141 28 Ställningen
262 1449 24 19 är
309 1446 42 22 och
366 1446 41 22 har
422 1446 58 22 varit
496 1446 68 25 sådan
581 1447 32 21 att
629 1446 72 22 denna
717 1445 64 29 fråga
796 1446 50 21 icke
861 1446 55 20 kun-

99 1478 39 20 nat
162 1476 94 28 afgöras.
289 1476 85 22 Derför
396 1478 47 20 tror
463 1476 40 28 jag
526 1476 42 21 den
591 1476 111 28 naturliga
723 1475 86 28 följden
826 1475 43 21 blir
884 1477 33 19 att

98 1506 90 22 ständet
212 1507 50 21 icke
285 1513 69 23 gerna
378 1506 44 22 kan
445 1506 70 22 inläta
530 1506 34 29 sig
579 1506 29 28 pä
624 1508 31 19 att
671 1505 56 22 fatta
742 1507 31 21 ett
788 1505 73 22 beslut
876 1504 41 22 likt
