1100 1792
207 104 29 20 76
442 103 129 25 Pappissääty
582 103 76 24 jouluk.
672 103 22 18 17
706 109 18 18 p.
738 103 53 18 1904.

207 156 122 23 folkskolor
349 158 29 21 25
398 158 129 26 småskolor,
544 158 41 22 och
601 158 8 22 i
625 165 26 15 en
667 157 151 29 finskspråkig
834 158 106 21 kommun
955 157 7 21 i
978 156 44 29 Ny-

206 187 53 21 land
275 190 38 19 äro
329 188 156 22 motsvarande
499 188 33 21 tal
549 189 26 20 12
591 188 42 22 och
648 189 35 20 21.

278 216 169 22 Småskolornas
467 218 125 22 lärokurser
607 220 38 19 äro
661 218 86 28 ganska
763 217 66 27 olika,
846 224 50 14 men
913 216 28 22 de
956 223 66 21 synas

207 246 6 21 i
235 245 44 23 alla
298 245 40 23 fall
357 246 103 22 meddela
480 247 27 22 de
527 246 35 23 för
583 247 86 22 inträde
688 247 8 21 i
710 246 111 22 folkskola
836 246 83 29 nödiga
934 245 89 23 förkun-

207 276 116 29 skaperna,
345 277 43 21 och
403 278 32 21 ett
449 277 148 22 framtidsmål
612 284 53 15 vore
681 277 42 27 väl,
740 279 33 20 att
789 277 27 22 de
831 276 75 23 blefve
921 277 102 28 tvååriga

206 306 64 29 lägre
290 305 123 23 folkskolor
432 313 47 15 som
499 307 132 22 förstudium
646 307 34 22 till
696 307 43 22 den
755 306 114 29 fyraåriga
883 307 71 28 högre
968 305 55 23 folk-

206 335 86 27 skolan,
313 349 27 2 —
362 343 29 15 en
406 337 131 28 anordning,
554 344 46 14 som
617 337 68 22 redan
701 340 25 18 är
741 336 133 29 genomförd
889 336 8 21 i
913 336 109 22 städerna.

277 365 172 23 Folkskolornas
472 367 73 21 lärare
564 368 29 27 på
614 367 154 28 landsbygden
790 366 87 29 åligger
892 366 131 28 visserligen

206 397 32 20 att
261 396 91 29 vidpass
373 403 39 15 sex
431 397 83 21 veckor
534 403 35 15 om
586 398 47 21 året
649 397 59 21 hålla
723 396 188 27 småbarnsskola;
928 403 51 15 men
994 398 30 27 på

206 432 85 15 samma
307 427 61 28 gång
378 425 61 23 detta
449 426 115 22 inkräktar
575 428 29 27 på
615 427 42 22 den
668 427 114 28 egentliga
793 425 136 24 folkskolans
939 425 84 23 arbets-

205 455 40 27 tid,
265 458 24 19 är
309 456 43 21 den
368 455 125 30 disponibla
508 456 61 22 tiden
585 457 74 21 allttör
672 457 55 26 kort,
743 456 36 22 för
794 458 33 20 att
842 456 104 22 eleverna
961 456 63 22 skola

205 485 76 22 kunna
303 485 116 29 bibringas
442 486 27 22 de
489 489 35 19 tör
543 486 87 23 inträde
649 486 7 22 i
675 485 124 23 folkskolan
816 485 146 30 erforderliga
976 485 47 23 för-

205 515 163 29 kunskaperna,
392 515 91 22 hvartör
506 516 28 22 de
556 523 46 21 nya
625 516 104 22 eleverna
744 516 67 22 oftast
827 519 38 19 äro
881 516 85 28 ojämnt
981 516 43 22 och

206 545 217 22 otilltredsställande
444 545 139 23 förberedda.
613 546 11 21 I
645 546 316 29 Ecklesiastikexpeditionens
980 546 43 22 Be-

205 575 91 22 rättelse
311 574 35 23 för
364 576 152 27 1897—1899,
533 576 40 21 sid.
593 577 40 21 117
649 579 65 26 säges
729 575 74 28 äfven,
820 577 32 21 att
868 583 42 19 ,,en
925 576 37 21 väl
972 576 50 22 ord-

205 605 45 22 nad
273 605 179 22 småbarnsskola
474 606 59 21 visat
551 605 35 29 sig
605 613 54 15 vara
677 606 144 29 synnerligen
837 605 99 29 behöflig
951 607 72 21 såsom

205 633 163 24 förberedande
383 635 52 22 kurs
450 636 35 21 till
501 636 43 22 den
558 635 71 30 högre
644 635 145 23 folkskolan."

276 664 34 22 Af
327 665 65 22 dessa
413 666 149 28 antydningar
585 666 63 22 torde
667 666 92 21 sålunda
774 665 88 30 framgå
877 667 32 20 att
925 666 97 21 småsko-

206 694 64 22 lorna
288 695 37 21 väl
345 695 158 28 organiserade
519 696 70 23 skulle
604 696 62 22 bilda
681 703 27 15 en
724 696 72 29 viktig
811 696 53 21 länk
880 696 7 21 i
904 697 49 20 vårt
967 695 56 22 folk-

205 725 276 28 undervisningsväsende.
512 725 71 23 Dessa
603 726 85 22 skolors
708 726 146 22 ekonomiska
874 726 106 29 ställning
998 729 25 18 är

205 755 124 22 emellertid
352 755 86 28 ganska
461 757 57 21 svår.
552 757 34 22 De
610 756 147 27 underhållas,
782 757 25 21 så
831 756 48 21 vidt
901 756 77 27 kändt,
1001 755 25 23 af

205 785 105 29 kyrkliga
325 784 163 30 församlingar,
505 786 90 30 byalag,
606 786 101 23 enskilda
717 793 106 22 personer
833 786 42 22 och
885 785 137 30 föreningar.

205 814 128 29 Utgifterna
355 816 132 22 inskränkas
507 816 32 22 till
561 817 36 22 det
616 816 80 22 minsta
711 817 98 28 möjliga.
842 816 52 22 Man
909 816 64 28 nöjer
988 816 35 29 sig

205 845 52 22 med
276 845 44 22 den
341 845 109 22 skollokal
470 853 51 15 man
537 846 44 22 kan
597 846 24 22 få
635 846 69 29 gratis
720 847 55 21 eller
790 846 35 22 för
841 847 104 21 50—100
960 847 63 21 mark

205 874 58 29 årlig
282 875 63 28 hyra.
377 875 148 23 Lärarinnans
547 877 73 22 årslön
640 878 65 27 utgör
725 877 67 29 högst
811 877 44 21 300
871 878 14 20 a
900 878 45 20 350
960 876 63 22 mark

203 906 71 27 jämte
289 912 49 15 rum
354 906 42 21 och
412 908 82 24 värme,
511 906 8 22 i
534 908 71 27 nägra
621 906 39 23 fall
676 906 19 28 ej
712 914 47 14 mer
775 910 28 18 än
822 908 41 20 125
879 907 70 21 mark.

275 935 48 21 Här
339 942 53 15 vore
408 937 31 20 ett
454 936 120 22 understöd
590 936 49 22 frän
650 938 83 20 statens
744 936 49 22 sida
803 937 144 28 synnerligen
958 937 64 21 önsk-

204 964 71 27 värdt,
291 964 58 23 bäde
364 964 36 23 för
415 967 32 20 att
461 966 56 22 lätta
532 966 64 22 deras
612 966 76 26 börda,
704 974 47 14 som
767 966 132 22 underhälla
912 966 109 26 skolorna,

204 1001 47 15 som
267 993 35 24 för
317 997 32 20 att
365 994 109 23 förbättra
489 996 215 29 lärarepersonalens
719 997 107 28 ställning
837 996 41 23 och
889 995 135 24 tillförsäkra

204 1024 79 23 skolan
298 1025 73 23 lärare
388 1026 51 22 med
454 1026 84 29 nödiga
554 1026 127 29 kunskaper
696 1026 43 22 och
749 1026 139 30 pedagogisk
898 1026 127 30 utbildning

203 1054 36 23 för
254 1054 75 23 kallet.

275 1084 202 30 Nödvändigheten
501 1086 25 22 af
547 1093 27 15 en
597 1086 69 22 sädan
689 1086 151 23 förberedelse
864 1087 41 22 har
924 1094 53 15 man
995 1088 30 28 pä

203 1116 84 28 mänga
310 1115 46 21 häll
380 1115 39 22 hos
444 1122 35 16 oss
499 1116 74 28 insett,
594 1116 42 22 och
654 1116 93 22 sälunda
763 1117 41 21 har
819 1129 28 3 —
864 1117 29 21 dä
908 1117 43 22 den
970 1118 54 22 1879

204 1144 91 22 införda
311 1145 154 29 anordningen
481 1153 34 15 om
530 1146 189 22 barnskollärares
734 1147 128 29 utbildning
877 1147 38 22 vid
930 1146 95 23 folksko-

204 1174 64 23 lorna
291 1175 20 28 ej
333 1175 57 22 visat
411 1176 34 28 sig
464 1176 204 22 tillfredsställande
683 1189 27 3 —
726 1178 30 27 pä
771 1177 73 29 privat
859 1177 97 22 initiativ
970 1184 54 22 upp-

203 1205 56 21 stått
274 1205 135 21 åtminstone
425 1206 12 20 7
455 1206 278 29 undervisningsanstalter
744 1220 27 2 —
783 1208 14 20 6
807 1206 165 30 finskspråkiga
983 1208 41 21 och

206 1235 9 20 1
235 1234 177 29 svenskspråkig
425 1248 36 13 —,
477 1236 78 21 hvilka
570 1236 51 22 med
637 1237 95 28 ettåriga
747 1236 78 22 kurser
835 1237 87 21 utbilda
931 1237 93 21 lärarin-

203 1270 41 16 nor
263 1264 42 22 och
327 1264 73 22 lärare
416 1264 35 22 för
467 1265 27 21 de
509 1265 109 29 flyttande
634 1266 41 21 och
691 1265 58 23 fasta
764 1266 159 23 smäskolorna.
954 1266 70 22 Dessa

203 1294 243 22 smäskoleseminarier
465 1295 86 28 ätnjuta
566 1308 27 3 —
610 1302 36 15 om
663 1302 50 15 man
729 1296 87 22 fränser
831 1295 49 23 frän
897 1296 37 22 det
949 1297 8 21 i
972 1296 51 22 Sor-

203 1323 88 26 davala,
307 1330 48 15 som
371 1324 64 21 torde
451 1325 86 26 åtnjuta
553 1327 32 19 ett
600 1325 79 28 anslag
694 1325 25 21 af
732 1326 67 27 8,000
814 1326 63 20 mark
894 1326 86 28 årligen
996 1338 27 3 -—

203 1353 32 20 ett
255 1353 175 21 statsunderstöd
446 1354 134 27 uppgående
595 1354 34 21 till
644 1355 66 25 3,000
726 1356 13 19 a
754 1349 74 38 4,000.
848 1355 52 21 mark
917 1361 36 15 om
968 1357 54 20 året.

202 1381 81 22 Säkert
305 1381 111 29 tryggade
431 1382 79 28 tyckas
527 1383 57 21 dock
600 1383 104 22 skolorna
719 1383 50 22 icke
784 1391 55 14 vara
853 1384 39 22 vid
908 1384 60 23 detta
984 1391 39 15 un-

202 1411 98 28 derstöd,
316 1418 48 15 som
381 1411 112 23 dessutom
509 1415 24 19 är
549 1412 76 23 alltför
640 1413 91 28 knappt.
763 1413 94 30 Följden
875 1414 66 22 däraf
948 1417 31 24 är,
991 1417 32 20 att

201 1441 216 29 terminsafgifterna
432 1442 106 29 vanligen
555 1445 38 20 äro
609 1443 66 29 höga,
692 1444 134 22 åtminstone
841 1444 8 22 i
859 1444 164 23 hufvudstaden

201 1472 30 21 30
251 1472 42 21 och
314 1473 29 20 50
358 1472 63 22 mark
437 1472 7 21 i
459 1473 110 22 terminen
585 1486 28 3 —
629 1473 80 22 medan
726 1474 7 21 i
749 1473 271 24 folkskoleseminarierna

201 1501 189 30 undervisningen
411 1505 25 19 är
451 1501 106 30 afgiftsfri
574 1516 26 3 —
617 1503 41 22 och
675 1505 32 20 att
722 1504 105 22 skolorna
842 1504 47 23 ofta
904 1505 68 22 hafva
987 1506 32 22 ett
