1114 1800
213 116 46 21 834
445 115 131 24 Pappissääty
588 114 80 18 huhtik.
682 114 23 18 14
716 120 18 18 p.
748 108 65 24 1905.

215 170 42 21 och
280 170 51 21 med
355 168 157 22 omstörtande.
543 168 35 22 De
597 170 14 20 5
632 170 31 24 år,
684 175 47 14 som
747 168 22 22 vi
785 169 74 21 senast
874 166 158 30 genomlefvat,

215 199 29 21 ha
259 198 66 29 gifvit
341 199 55 21 eller
410 198 58 22 hade
483 198 51 22 bort
549 198 62 28 gifva
626 205 35 14 oss
677 198 119 26 lärdomar,
812 197 38 22 för
864 197 78 21 hvilka
956 196 23 22 vi
995 204 38 14 an-

214 235 52 15 nars
281 228 59 22 hade
355 227 77 23 behöft
447 228 29 21 50
492 229 31 21 är.
554 228 70 22 Dessa
640 229 24 20 är
682 226 69 22 hafva
761 228 44 21 lärt
815 234 35 15 oss
862 228 32 20 att
904 226 23 22 vi
937 226 98 22 behöfva

215 258 37 22 för
268 260 39 20 vär
323 258 102 22 framtids
440 258 127 28 tryggande
583 259 31 20 ett
629 257 53 26 folk,
698 264 48 14 som
761 257 86 22 känner
862 257 36 27 sig
913 258 74 20 säsom
1002 258 32 20 ett

215 288 57 22 enda
295 288 47 22 helt
365 288 51 21 med
438 294 86 15 samma
546 287 105 29 politiska
668 287 132 28 rättigheter
815 287 42 21 och
872 286 161 29 skyldigheter.

214 318 70 28 Ingen
309 317 108 22 folkklass
440 316 34 22 fär
496 318 76 21 känna
594 317 35 28 sig
644 316 141 23 förfördelad
801 317 42 21 och
858 316 110 22 utesluten
984 316 50 22 frän

214 347 152 29 förpliktelser
382 347 42 21 och
440 346 98 30 fritagen
556 346 49 22 från
624 353 80 15 ansvar
722 348 47 20 mot
786 346 152 22 fosterlandet.
963 346 71 28 Ingen

214 377 107 22 folkklass
336 376 35 22 fär
386 384 54 14 vara
455 384 82 21 genom
553 376 129 30 privilegier
697 376 123 29 omgärdad
836 376 42 22 och
894 375 81 23 afskild
984 375 50 23 frän

215 408 70 21 andra
300 407 154 28 medborgare.

286 437 34 22 De
336 438 60 20 stora
411 444 114 15 massorna
539 436 68 23 hafva
622 436 83 22 vaknat
720 436 35 22 till
771 436 89 26 sociala,
876 436 106 28 politiska
992 436 43 22 och

215 467 163 22 fosterländska
393 467 117 22 intressen.
541 466 34 22 De
590 466 24 22 fä
629 466 19 28 ej
666 467 57 28 änyo
737 466 83 22 slumra
830 466 30 26 in,
872 466 42 22 och
925 466 39 22 der
976 469 59 18 ännu

215 497 104 29 dåsighet
334 496 159 27 förekommer,
510 497 41 22 bör
566 497 102 21 intresset
683 497 88 21 väckas.
797 496 165 22 Underklassen
978 496 58 23 skall

214 527 70 28 rycka
299 534 47 21 upp
361 527 8 20 i
384 526 60 23 ledet
459 527 69 21 bland
544 527 162 28 medborgarne
721 526 25 22 af
759 525 157 24 öfverklassen.

285 557 93 22 Vidare:
403 557 100 22 kvinnan
524 557 8 21 i
552 558 49 20 vårt
623 557 54 21 land
692 557 94 22 innehar
801 557 7 20 i
824 557 62 21 såväl
901 557 71 28 högre
987 563 48 15 som

214 587 63 29 lägre
291 587 65 28 lager
370 593 93 16 numera
479 587 44 21 den
538 586 257 30 bildningsständpunkt,
812 585 88 24 utöfvar
916 587 43 21 den
970 587 64 21 verk-

215 617 86 22 samhet
322 617 8 21 i
350 617 118 21 samhället
488 617 42 21 och
552 617 40 21 har
612 616 42 22 den
669 616 98 22 faktiska
782 616 106 29 ställning
903 617 9 21 i
926 616 108 28 familjen,

215 649 32 19 att
270 647 45 21 hon
338 646 40 22 har
394 646 39 22 full
449 648 44 20 rätt
508 648 32 21 att
557 646 73 30 direkt
644 646 78 22 utöfva
737 646 123 28 inflytande
875 648 30 27 pä
919 646 116 23 fosterlan-

216 677 47 22 dets
283 677 42 21 öde
341 676 38 22 vid
394 684 108 14 mannens
518 676 53 22 sida.
602 676 73 23 Afven
691 676 42 22 den
749 676 58 29 gifta
822 676 98 22 kvinnan
936 677 41 21 bör
993 684 42 21 ega

216 707 73 22 denna
304 706 112 30 rättighet.
440 707 58 27 Hon,
515 714 47 14 som
578 707 56 23 skall
645 706 115 30 uppfostra
770 706 27 22 de
808 706 114 22 blifvande
933 707 102 22 medbor-

215 744 76 22 garne,
315 737 41 21 bör
378 736 68 23 hafva
464 737 54 27 rika,
536 737 90 29 andliga
641 737 118 27 intressen;
777 737 42 23 och
832 738 40 28 jag
888 739 47 20 tror
950 738 32 20 att
998 737 37 22 det

215 767 66 22 äfven
297 766 37 22 för
349 768 112 21 kvinnans
477 767 106 29 ställning
599 768 7 21 i
622 767 106 28 familjen,
746 767 38 22 der
801 768 37 22 det
854 767 147 27 behöfves,
977 762 23 38 är
1013 768 26 21 af

215 799 46 20 stor
275 798 115 27 betydelse
406 799 32 20 att
454 798 44 21 hon
515 797 66 23 äfven
597 797 25 22 af
636 798 67 28 lagen
714 798 7 20 i
732 798 100 28 politiskt
842 797 105 23 afseende
958 798 77 22 erkän-

215 835 39 15 nes
269 829 73 20 säsom
357 828 47 21 lika
419 828 126 28 berättigad
561 828 51 22 med
628 834 103 16 mannen.

286 857 48 22 Och
350 858 140 28 ytterligare:
506 859 32 21 att
554 858 205 28 representationen
776 857 136 23 fortfarande
928 860 25 19 är
970 858 65 22 delad

215 888 7 21 i
242 887 50 28 fyra
315 888 65 21 ständ
400 888 40 21 har
456 888 49 21 icke
521 888 38 22 sitt
574 888 156 28 berättigande
746 888 6 20 i
770 895 28 15 en
814 888 156 22 motsvarande
986 888 48 22 fak-

214 917 44 21 tisk
275 917 109 22 ätskilnad
400 917 8 21 i
423 917 122 23 samhället.
577 918 80 21 Denna
672 917 193 29 ständsindelning
881 921 25 18 är
922 924 28 15 en
965 918 70 22 histo-

214 947 46 21 risk
276 946 126 27 företeelse,
413 954 48 15 som
471 947 61 23 tiden
544 948 40 21 har
594 949 48 27 gätt
652 948 63 28 längt
725 946 67 23 förbi.
818 948 63 21 Inom
892 948 45 21 alla
948 948 86 22 ständs-

214 977 227 28 sammansättningar
467 980 37 19 äro
531 979 59 21 stora
616 976 158 30 förändringar
800 978 90 28 nödiga,
914 984 37 15 om
975 978 62 22 detta

214 1008 160 27 ständssystem
397 1007 57 21 skall
477 1007 76 23 kunna
575 1007 124 22 bibehållas
721 1008 41 22 och
786 1007 122 23 försvaras.
943 1008 45 22 Det
1011 1011 25 19 är

215 1036 209 29 öfverhufvudtaget
447 1037 46 29 hög
515 1038 33 21 tid
570 1039 32 20 att
624 1036 108 24 reformer
750 1037 116 29 företagas
882 1038 7 21 i
905 1038 130 22 nuvarande

214 1066 268 23 rösträttsförhällanden.

285 1096 44 29 Jag
352 1098 46 20 tror
422 1097 57 21 dock
502 1097 50 22 icke
572 1098 32 20 att
620 1097 36 21 det
672 1097 44 21 blir
731 1097 88 29 möjligt
835 1099 32 20 att
882 1097 69 22 vinna
966 1099 70 27 nägot

215 1126 60 28 slags
296 1126 93 22 resultat
408 1126 39 23 vid
470 1127 73 22 denna
557 1127 114 28 landtdag.
702 1127 46 29 Jag
762 1129 47 20 tror
825 1128 32 20 att
872 1128 164 28 presteständet

214 1156 51 22 icke
287 1163 30 14 nu
338 1156 42 22 bör
402 1158 98 27 upptaga
520 1156 79 29 frägan
614 1156 35 22 till
664 1156 138 29 behandling
818 1157 70 28 punkt
904 1157 38 22 för
957 1158 78 28 punkt,

215 1186 28 21 dä
267 1186 98 21 ständets
388 1186 145 22 medlemmar
552 1187 50 21 icke
616 1185 69 23 hafva
699 1186 49 22 haft
762 1187 33 21 tid
811 1188 33 20 att
858 1190 104 19 närmare
978 1188 58 20 sätta

214 1215 35 28 sig
264 1215 23 21 in
303 1216 7 20 i
327 1215 28 22 de
370 1215 60 22 olika
446 1215 93 29 förslag,
556 1223 48 15 som
619 1216 74 22 blifvit
708 1216 140 27 framstälda;
865 1224 51 15 men
930 1218 41 27 jag
980 1217 55 28 hop-

214 1252 39 21 pas
275 1246 32 20 att
327 1244 165 29 jemförelsevis
508 1247 60 20 snart
584 1246 28 21 de
627 1246 89 28 tryckta
732 1245 170 24 förhällandena
918 1247 63 21 skola
996 1254 39 21 ge-

214 1275 66 21 stalta
295 1275 35 28 sig
346 1282 172 21 gynnsammare
535 1276 41 21 och
592 1276 38 26 att,
647 1276 29 21 dä
691 1276 119 22 ständerna
826 1278 64 20 nästa
905 1278 61 27 gäng
977 1283 57 15 sam-

215 1304 122 27 manträda,
353 1305 182 29 rösträttsfrägan
550 1305 57 22 skall
622 1305 72 22 blifva
709 1306 171 22 ständermötets
892 1308 61 21 stora
963 1305 72 30 fräga.

284 1362 91 22 Lehtori
398 1364 104 26 Bergroth:
526 1363 169 22 Yhteiskunnan
717 1364 180 28 kehittymiseksi
918 1364 118 22 sellaiseen

215 1393 108 20 suuntaan
340 1392 46 21 että
401 1399 23 15 se
439 1393 66 21 tekisi
521 1393 203 23 mahdollisimman
739 1395 76 21 monta
829 1395 119 27 jäsentään
959 1394 76 22 onnel-

213 1422 70 21 lisiksi
299 1428 30 15 on
344 1422 50 26 sitä,
411 1422 60 22 mikä
487 1422 149 24 siveellisessä
650 1423 114 22 suhteessa
780 1430 29 16 on
825 1424 81 27 oikein,
918 1424 117 22 noudatet-

213 1454 53 20 tava
281 1451 110 27 kaikessa,
408 1452 38 22 siis
461 1455 63 25 myös
534 1453 194 22 valtiollisessakin
739 1454 295 28 yhteiskuntatoiminnassa.

214 1481 115 23 Oikeuden
346 1482 186 28 syrjäyttäminen
547 1484 31 21 tai
593 1483 173 23 loukkaaminen
776 1487 136 26 päämäärän
923 1485 111 22 voittami-

214 1512 65 27 seksi,
293 1512 49 28 jota
355 1512 100 29 jossakin
471 1512 116 24 suhteessa
601 1514 105 29 pidetään
722 1514 162 30 hyödyllisenä,
898 1515 78 29 johtaa
987 1515 48 23 kes-
