1103 1803
356 105 119 24 Työtavasta
487 105 154 20 valiokunnissa.
862 107 41 21 431

90 160 32 19 att
138 159 37 21 det
191 158 71 29 gifves
278 159 113 29 åtskilliga
406 160 97 21 ärenden
519 159 138 22 framställda
673 160 61 21 såväl
750 160 7 21 i
772 161 133 28 propositio-

89 195 40 15 ner
149 195 48 15 som
219 189 123 28 petitioner,
362 189 86 22 hvilkas
469 190 89 28 slutliga
579 189 121 29 afgörande
721 190 45 22 kan
787 197 64 15 anses
868 191 36 22 be-

90 219 82 21 roende
188 218 26 21 af
227 220 113 27 utgången
353 220 29 27 på
393 219 42 22 den
446 220 59 20 stora
516 219 127 29 petitionen.
668 219 96 28 Mycket,
776 227 47 15 som
834 221 72 21 måste

90 255 63 14 anses
174 249 186 28 ändamålsenligt
380 249 41 21 och
441 249 83 28 nyttigt
544 249 7 21 i
571 250 32 20 ett
620 249 59 27 land,
696 249 39 21 der
750 250 38 27 lag
804 250 41 21 och
862 251 43 20 rätt

89 280 39 19 äro
150 278 105 25 rådande,
272 278 44 21 han
332 278 23 21 få
370 285 28 15 en
414 278 45 21 helt
475 285 73 15 annan
564 279 108 21 innebörd
688 279 41 21 och
745 279 51 22 leda
810 279 35 21 till
860 279 46 22 helt

89 307 70 22 andra
181 307 142 29 verkningar,
340 311 29 18 än
385 308 27 27 de
429 307 96 28 afsedda,
543 309 38 20 der
597 308 64 21 dessa
676 308 229 28 grundförutsättnin-

90 344 41 22 gar
150 337 37 22 för
207 337 168 22 samhällslifvet
391 339 98 26 trampas
504 339 70 21 under
589 337 105 22 fötterna.
724 338 144 28 Riktigheten
884 337 25 22 af

91 367 60 21 detta
172 374 163 22 resonnemang
356 368 70 21 mäste
444 367 41 29 jag
506 369 38 21 för
563 368 46 21 min
631 367 35 22 del
682 368 33 21 till
731 368 53 22 fullo
800 368 105 22 erkänna.

90 397 51 21 Men
161 396 63 22 häraf
244 397 69 29 följer
333 398 49 21 icke
398 399 32 20 att
445 397 52 22 allt
511 398 202 28 landtdagsarbete,
730 400 60 20 utom
807 398 37 22 det
859 405 46 15 som

89 426 84 23 hänför
196 427 34 29 sig
250 428 34 21 till
300 428 42 22 den
358 428 84 28 lagliga
457 428 135 28 ordningens
608 428 162 26 äterställande,
787 428 118 26 inhiberas,

90 458 54 20 utan
160 457 78 22 endast
254 459 31 20 att
296 457 116 22 definitiva
422 458 73 21 beslut
504 458 94 21 rörande
609 458 84 21 sädana
703 458 105 26 ärenden,
820 458 86 22 hvilkas

90 486 123 29 atgörande
235 490 25 19 är
274 487 117 29 betingadt
407 486 25 22 af
445 489 72 20 svaret
533 489 29 27 pä
578 488 43 20 den
636 489 59 20 stora
711 488 129 28 petitionen,
856 488 51 22 icke

90 516 66 22 fattas
172 516 68 22 innan
256 517 98 22 nämnda
369 524 51 14 svar
435 517 93 21 kommit
543 517 119 21 ständerna
678 518 34 20 till
728 517 42 22 del.
800 517 43 22 Det
859 518 47 21 äri

91 547 60 21 detta
172 546 39 22 fall
226 546 64 29 fråga
306 554 36 14 om
358 548 32 20 ett
406 547 164 21 inskränkande
586 547 54 21 eller
655 548 83 20 rättare
754 547 114 21 ordnande
883 547 23 22 af

94 576 212 30 landtdagsarbetet,
322 584 47 14 som
386 579 24 19 är
426 577 132 22 motiveradt
573 576 26 22 af
611 576 79 28 själtva
706 577 122 22 ärendenas
843 578 65 21 natur

90 607 42 21 och
148 606 37 22 det
200 606 138 22 närvarande
353 606 110 29 tidsläget.

165 637 44 22 Det
232 637 56 21 skall
312 636 49 22 icke
381 636 70 23 heller
471 636 68 22 nekas
559 638 31 20 att
611 637 28 22 de
659 636 138 23 närvarande
817 636 91 29 olidliga

93 666 173 23 förhållandena
281 670 39 19 äro
336 667 87 28 ägnade
438 668 31 20 att
481 667 39 21 hos
531 667 44 21 alla
584 667 112 21 tänkande
707 667 145 22 människor
842 662 14 38 i
863 667 45 28 hög

95 697 56 27 grad
175 697 69 22 verka
267 697 141 22 förlamande
426 698 30 28 pä
476 697 93 21 sinnena
589 697 42 22 och
651 697 123 27 dymedelst
793 696 67 23 äfven
880 698 28 27 pä

93 726 88 22 arbetet
197 727 40 21 och
255 726 163 22 arbetskrafter.
443 726 51 22 Men
510 726 65 22 deraf
587 726 68 28 följer
670 726 49 22 icke
735 727 32 21 att
776 733 52 15 man
839 726 68 23 borde

92 756 71 22 blifva
179 757 116 21 overksam
312 757 54 22 eller
381 758 72 20 såsom
470 756 37 22 det
522 756 66 22 äfven
601 756 169 22 diskussionsvis
780 756 127 29 föreslagits

93 787 54 22 söka
162 786 62 29 gifva
239 787 86 21 arbetet
341 794 27 15 en
384 787 72 29 privat
473 786 110 22 karaktär.
609 786 71 22 Dessa
693 786 106 28 psykiska
810 788 97 20 moment

92 816 108 23 förblifva
215 816 112 28 själffallet
343 817 119 26 desamma,
479 824 54 14 vare
543 817 35 29 sig
588 824 52 14 man
651 816 89 22 arbetar
750 816 92 22 officielt
854 816 53 22 eller

91 846 158 23 icke-officielt.

167 877 44 29 Jag
227 878 40 20 har
282 877 41 22 här
339 877 74 22 berört
429 876 113 30 åtskilliga
557 877 54 27 skäl,
627 876 77 22 hvilka
720 876 87 23 anförts
818 876 37 22 för
865 876 43 22 den

93 907 65 27 åsikt,
183 909 32 20 att
236 908 31 21 ett
288 908 109 28 egentligt
416 907 195 29 landtdagsarbete
632 907 70 21 under
722 906 73 22 denna
815 908 93 20 väntans

91 937 33 22 tid
139 937 50 22 icke
205 937 69 22 borde
290 944 42 22 ega
347 944 55 15 rum.

165 968 35 21 De
216 967 48 22 skäl
280 969 54 26 åter,
351 967 76 22 hvilka
441 967 45 21 tala
502 967 39 22 för
556 968 31 21 ett
597 966 106 22 intensivt
713 966 195 30 landtdagsarbete

93 997 66 22 äfven
178 998 69 21 under
267 998 73 22 denna
360 997 133 27 väntanstid,
510 998 61 28 ligga
586 998 25 21 så
626 1000 55 18 nära
695 997 35 22 till
745 997 71 22 hands
827 998 32 21 att
868 997 39 28 jag

93 1028 40 22 här
153 1028 56 21 blott
228 1028 8 20 i
256 1027 88 23 korthet
362 1026 108 23 behöfver
486 1028 83 27 antyda
585 1027 119 21 desamma.
735 1027 35 22 De
786 1030 38 18 äro
839 1026 69 22 bland

94 1058 75 26 andra,
187 1058 31 21 att
234 1064 27 16 en
278 1058 82 27 dyrbar
375 1057 39 26 tid,
431 1064 47 15 som
494 1057 66 22 äfven
576 1057 54 28 eljes
646 1060 24 18 är
685 1057 85 28 knappt
784 1057 123 25 tillskuren,

94 1088 7 21 i
117 1089 68 20 annat
201 1086 39 23 fall
255 1089 41 27 går
311 1087 107 26 förlorad,
435 1088 32 21 att
483 1089 30 20 ett
529 1086 133 23 inställande
678 1086 25 22 af
716 1087 39 21 allt
770 1087 76 21 arbete
862 1087 7 20 i
880 1093 28 15 en

95 1117 90 28 mängd,
203 1117 24 28 ja
242 1118 7 21 i
266 1118 27 21 de
308 1117 70 26 flesta,
394 1117 90 28 utskott,
500 1117 49 22 icke
565 1123 66 22 synes
646 1115 109 30 förenligt
770 1117 51 21 med
836 1116 72 21 landt-

95 1147 187 28 dagsordningen.
306 1147 28 22 Vi
350 1146 67 23 hafva
432 1154 82 21 genom
530 1149 32 19 att
577 1146 84 22 infinna
678 1153 34 15 oss
728 1147 40 20 här
784 1146 79 22 erkänt
874 1153 35 14 oss

95 1178 72 21 såsom
184 1184 27 15 en
227 1177 93 28 lagtima
334 1177 108 28 landtdag
457 1177 42 21 och
514 1177 64 28 börja
593 1176 143 29 följaktligen
752 1176 77 21 arbeta
839 1175 70 29 enligt

98 1207 43 22 den
157 1207 7 21 i
180 1207 111 28 grundlag
306 1207 122 28 fastslagna
444 1207 123 28 ordningen
583 1206 38 21 för
632 1207 30 20 ett
673 1207 79 21 sådant
762 1206 82 21 arbete.
870 1205 39 22 Ett

94 1238 121 27 temporärt
231 1237 133 21 inställande
380 1235 25 22 af
418 1237 37 21 det
469 1236 113 29 egentliga
592 1236 212 28 landtdagsarbetet,
815 1235 94 22 innebär

95 1267 48 26 ock,
159 1274 66 21 synes
241 1267 36 21 det
294 1267 52 27 mig,
362 1266 23 21 in
399 1273 56 15 nuce
466 1267 54 20 eller
530 1267 72 20 såsom
613 1265 139 22 konsekvens
762 1265 147 29 landtdagens

94 1296 134 29 upplösning
243 1296 50 21 från
308 1296 130 21 ständernas
453 1303 57 21 egen
526 1296 54 26 sida,
597 1295 48 22 ifall
660 1297 31 20 ett
706 1295 50 22 icke
772 1295 7 21 i
795 1295 43 21 allo
854 1302 55 21 gyn-

95 1328 58 19 samt
168 1333 51 14 svar
234 1327 28 27 på
278 1326 64 21 deras
358 1327 59 21 stora
431 1326 93 28 petition
540 1325 100 22 erhålles.
666 1325 52 22 Men
729 1326 31 20 ett
771 1325 71 27 dylikt
852 1327 56 26 steg,

95 1356 146 29 hvarigenom
261 1355 106 22 Finlands
387 1355 47 22 folk
454 1355 69 22 under
539 1355 72 22 denna
627 1355 117 28 ödesdigra
760 1355 32 20 tid
808 1354 101 22 beröfva-

95 1386 39 21 des
154 1387 38 21 det
212 1385 56 22 enda
290 1393 76 21 organ,
387 1385 146 28 hvarigenom
549 1385 36 22 det
601 1385 44 22 kan
660 1384 77 22 utöfva
752 1384 34 21 sin
802 1386 50 25 rätt,
869 1385 41 21 bör

96 1417 72 20 såsom
189 1415 49 21 från
253 1416 70 20 kändt
338 1415 46 22 håll
400 1417 28 26 på
445 1417 30 20 ett
491 1414 161 29 öfvertygande
667 1416 43 20 sätt
726 1413 131 23 framhållits
874 1421 35 15 en-

96 1444 49 21 dast
160 1445 70 20 under
244 1444 123 27 tvingande
382 1444 189 27 omständigheter
586 1444 42 21 och
644 1443 55 21 efter
714 1449 28 15 en
753 1443 104 27 grundlig
868 1443 41 20 och

96 1476 168 25 samvetsgrann
280 1473 104 28 pröfning
399 1475 70 26 tagas.
501 1473 38 20 Ett
554 1473 78 21 sådant
648 1473 49 27 steg
712 1472 40 21 bör
769 1471 75 22 derför
860 1471 49 22 icke

96 1503 70 23 heller
182 1503 7 22 i
205 1502 70 23 förtid
290 1510 82 21 genom
387 1504 70 27 några
472 1502 123 22 secundära
611 1501 103 30 åtgärder
730 1502 100 27 antydas.
