1103 1800
204 112 44 33 544
431 115 128 23 Pappissääty
572 114 89 19 maalisk.
675 114 21 18 14
708 121 18 17 p.
741 114 51 18 1905.

204 168 35 22 för
262 170 74 27 någon
360 168 96 22 obekant
480 170 32 20 att
534 175 51 15 man
608 170 44 20 satt
667 168 7 20 i
690 175 51 14 scen
758 168 7 20 i
780 168 87 21 landets
883 167 60 21 olika
959 167 63 21 delar

205 205 33 19 en,
253 199 40 27 jag
309 198 39 22 vill
363 199 102 21 använda
482 200 30 20 ett
527 198 63 22 mildt
605 198 95 27 uttryck,
717 196 125 29 oförnuftig
856 197 107 28 agitation
975 198 46 20 mot

204 228 142 28 landtdagen,
368 228 86 28 gående
474 229 23 20 ut
516 230 28 26 på
560 229 32 19 att
608 227 147 29 ådagalägga,
772 228 31 20 att
820 226 135 29 landtdagen
971 226 49 22 icke

203 260 165 26 representerar
388 258 37 21 det
444 257 73 22 finska
535 258 75 26 folket,
627 260 51 19 utan
695 259 32 19 att
743 258 60 20 detta
819 259 164 26 representeras
998 256 23 22 af

203 288 259 28 partisammankomster
477 288 41 21 och
535 288 63 22 deras
614 288 159 28 deputationer.
804 287 44 28 Jag
864 287 38 21 vill
918 287 50 21 icke
985 294 36 14 an-

203 318 142 28 tydningsvis
369 324 38 16 ens
431 317 111 29 framsäga
565 319 31 20 att
620 318 37 22 det
680 316 92 30 förslag,
794 324 46 14 som
857 317 60 21 inom
933 316 88 22 ståndet

204 347 73 23 blifvit
293 348 73 25 väckt,
383 348 69 22 skulle
469 354 53 15 vara
539 355 27 14 en
582 348 36 22 del
633 348 7 21 i
657 354 26 15 en
700 347 68 22 sådan
785 347 114 28 agitation,
917 354 49 15 men
981 346 41 29 jag

204 378 44 21 kan
270 377 51 23 icke
340 378 77 28 undgå
438 380 30 19 att
487 377 61 22 finna
564 379 32 20 att
612 380 30 20 ett
658 377 72 22 beslut
746 377 25 22 af
784 377 161 28 presteståndet
961 378 7 20 i
984 377 37 21 det

204 407 64 29 syfte,
292 415 48 14 som
366 408 140 28 domprosten
530 407 170 28 Schwartzberg
724 407 125 29 föreslagit,
874 407 70 22 skulle
967 414 55 15 vara

205 438 82 28 egnadt
303 439 32 20 att
350 438 85 21 skänka
451 440 30 20 ett
498 438 54 21 visst
568 438 48 22 stöd
633 439 22 20 åt
671 444 26 15 en
714 438 68 28 dylik,
800 444 46 15 som
856 438 39 28 jag
905 437 58 21 tillät
975 437 46 29 mig

204 470 61 26 säga,
286 467 125 29 oförnuftig
426 468 113 28 agitation,
556 468 41 22 och
614 468 65 21 äfven
696 467 72 22 denna
784 468 164 28 omständighet
964 467 57 22 talar

205 497 38 22 för
259 498 48 29 mitt
323 497 93 29 förslag.

275 528 65 21 Ännu
357 534 27 15 en
401 528 163 28 omständighet
580 528 40 21 ber
634 528 40 28 jag
690 528 31 20 att
732 526 22 22 få
765 530 87 18 nämna.
880 527 77 22 Såvidt
969 534 52 14 man

204 556 26 22 af
241 557 211 29 tidningsreferaten
468 558 44 21 kan
528 557 78 25 erfara,
619 557 83 21 fattade
713 557 161 22 bondeståndet
885 556 36 22 vid
933 559 89 20 senaste

203 587 90 29 plenum
317 589 32 20 ett
371 587 71 22 beslut
462 588 7 21 i
490 594 84 15 samma
597 587 105 28 riktning,
726 594 48 15 som
794 587 41 28 jag
850 594 30 15 nu
895 586 125 30 föreslagit.

203 617 173 26 Bondeständet,
399 624 46 15 som
464 618 24 27 ju
505 617 79 22 liksom
601 617 72 28 öfriga
688 617 65 22 stånd
769 619 164 26 representerar
948 617 73 22 finska

204 647 76 28 folket,
305 655 50 14 men
379 650 97 19 närmast
497 648 27 21 de
546 647 66 29 djupa
633 647 77 28 lagren
729 646 25 23 af
767 648 60 21 detta
843 647 52 27 folk,
912 647 42 22 och
971 647 50 22 med

204 677 85 22 hvilket
304 677 162 28 presteståndet
481 677 40 22 har
536 679 24 20 så
576 679 83 26 många
674 684 166 21 gemensamma
855 677 108 22 intressen
980 677 41 22 och

204 707 150 26 sträfvanden,
378 707 71 22 beslöt
473 708 48 21 med
546 707 121 28 anledning
688 707 26 21 af
726 709 32 20 ett
774 707 39 22 der
828 707 65 22 väckt
910 706 87 30 förslag
1013 707 8 22 i

204 744 84 15 samma
303 736 58 29 syfte
377 744 46 15 som
440 737 141 28 domprosten
592 737 188 28 Schwartzbergs,
792 737 76 22 såvida
880 737 141 29 uppgifterna

204 770 38 19 äro
258 767 88 28 riktiga,
363 767 50 22 med
429 768 27 21 35
473 769 70 21 röster
558 769 46 20 mot
621 768 33 25 17,
671 769 31 19 att
719 767 61 22 detta
796 767 83 28 förslag
889 767 50 22 icke
950 768 72 21 skulle

204 796 118 23 föranleda
337 797 33 22 till
386 798 73 27 någon
476 797 84 29 åtgärd.

274 827 43 22 Det
341 830 25 19 är
389 828 28 27 på
440 827 42 22 alla
506 828 64 21 dessa
590 827 98 29 grunder
701 827 40 29 jag
756 827 40 22 ber
812 828 32 20 att
860 826 21 22 få
897 826 123 23 framställa

204 857 36 22 det
266 856 91 30 förslag,
381 859 32 19 att
437 857 160 29 presteståndet
620 857 70 22 skulle
714 857 91 27 besluta,
830 858 31 21 att
877 857 142 29 domprosten

203 887 182 28 Schwartzbergs
401 887 85 29 förslag
502 888 48 21 icke
566 887 71 22 skulle
653 887 117 22 föranleda
785 889 75 26 någon
876 887 79 29 åtgärd
971 887 49 22 från

204 917 98 22 ståndets
318 917 54 22 sida.

275 977 120 22 Professori
421 978 135 28 vapaaherra
581 977 88 23 Palmén:
691 977 72 22 Herra
778 977 115 23 Donnerin
907 978 24 27 ja
947 978 73 21 osaksi

204 1008 102 27 myöskin
323 1008 65 21 herra
403 1007 142 29 Runebergin
562 1009 118 21 lausunnot
696 1010 51 19 ovat
758 1009 98 21 suureksi
869 1008 79 26 osaksi,
960 1008 60 22 minä

203 1038 52 21 voin
271 1045 74 18 sanoa,
363 1038 53 21 mitä
432 1038 65 21 herra
512 1038 114 21 Donnerin
642 1038 130 21 Jausuntoon
787 1038 65 26 tulee,
864 1038 157 22 suurimmaksi

203 1067 73 22 osaksi
301 1068 66 21 aivan
390 1075 75 14 samaa
488 1068 52 21 kuin
564 1068 54 21 mitä
641 1070 59 19 tässä
715 1069 105 27 säädyssä
833 1069 24 27 ja
874 1068 82 22 muissa
971 1071 49 18 sää-

204 1097 73 28 dyissä
296 1097 24 28 jo
337 1099 75 20 monta
428 1098 76 21 kertaa
520 1105 27 14 on
564 1098 95 27 esitetty,
676 1099 71 20 mutta
762 1098 118 21 kokonaan
897 1105 27 14 on
938 1098 83 27 jätetty

203 1127 119 22 huomioon
343 1129 123 26 ottamatta,
487 1127 54 22 mitä
556 1128 73 21 silloin
645 1129 46 20 tätä
707 1128 91 27 puhetta
814 1130 91 19 vastaan
922 1135 27 14 on
966 1129 55 20 huo-

203 1159 114 20 mautettu.
352 1157 27 21 Fi
402 1164 71 21 synny
496 1159 61 20 täten
581 1158 83 21 mitään
687 1157 162 22 hedelmällistä
872 1158 147 22 keskustelua.

203 1187 60 21 Minä
278 1187 123 29 puolestani
419 1187 76 21 katson
512 1188 64 21 itseni
592 1187 155 28 vapautetuksi
763 1188 162 22 luettelemasta
941 1189 78 20 uudes-

202 1219 59 23 taan,
279 1218 54 20 mitä
345 1217 25 27 jo
387 1224 26 15 on
430 1218 155 28 pöytäkirjaan
601 1218 96 21 lausuttu
714 1218 74 21 monin
800 1218 94 22 kerroin.
921 1218 100 22 Mahdol-

202 1247 101 21 lisuuden
326 1247 96 21 mukaan
447 1248 60 21 minä
525 1255 72 21 pysyn
613 1247 117 22 sellaisissa
746 1248 92 22 asioissa
853 1248 58 26 vain,
926 1248 57 28 joita
999 1248 21 22 ei

203 1277 47 21 niin
266 1277 89 21 selvästi
372 1284 70 14 ennen
459 1278 35 20 ole
510 1278 94 27 esitetty.

275 1306 53 22 Mitä
350 1308 39 27 nyt
411 1307 127 21 oikeastaan
554 1307 110 22 toimittaa
680 1308 37 21 tuo
734 1307 130 28 pitkällinen
881 1308 58 28 puhe
954 1308 66 22 lailli-

203 1336 103 20 suudesta
319 1336 26 27 ja
360 1336 174 21 laillisuudesta?
566 1336 87 21 Ovatko
669 1339 66 18 nämä
751 1337 75 20 herrat
842 1338 87 20 voineet
945 1338 75 26 löytää

203 1365 95 21 mistään
321 1365 102 27 paikasta
445 1366 104 20 minkään
568 1366 85 26 säädyn
668 1366 162 27 pöytäkirjasta
846 1366 82 21 mitään
945 1373 75 19 sanaa,

200 1394 55 28 jolla
273 1394 54 28 joku
351 1394 82 21 kansan
450 1394 100 28 edustaja
566 1401 28 15 on
610 1396 93 20 sanonut
720 1395 52 21 ettei
788 1395 107 21 laillisuus
911 1395 49 22 olisi
975 1397 44 19 tar-

202 1430 56 22 peen
280 1423 97 22 Suomen
398 1424 84 21 kansan
504 1424 106 22 asioissa?
641 1424 59 21 Minä
716 1424 50 22 olen
782 1426 129 20 vakuutettu
928 1426 91 21 etteivät

202 1454 28 21 he
253 1453 88 29 kykene
364 1455 144 27 näyttämään
531 1454 83 22 mitään
638 1454 96 22 sellaista
758 1461 68 15 sanaa
844 1454 24 28 ja
889 1456 62 20 asian
967 1456 53 21 näin

202 1484 58 21 ollen
276 1485 37 20 tuo
329 1484 59 28 puhe
403 1483 158 23 laillisuudesta
575 1485 25 27 ja
615 1491 39 15 sen
670 1484 142 29 tärkeydestä
828 1491 28 15 on
872 1485 100 21 niinkuin
984 1492 35 14 ru-

202 1514 111 21 vettaisiin
337 1514 74 22 oikein
434 1514 163 22 väkivasaralla
616 1514 25 28 ja
661 1514 131 22 moukarilla
812 1514 131 23 rikkomaan
964 1516 57 22 niitä
