1103 1798
367 104 119 23 Työtavasta
498 105 151 19 valiokunnissa.
873 107 45 21 539

101 161 50 16 men
171 156 40 28 jag
230 163 66 16 anser
311 157 37 23 det
363 165 54 15 vara
432 159 81 29 viktigt
530 160 30 21 att
576 159 79 23 sädant
670 160 87 22 uttalas.
789 160 33 28 Ty
839 160 36 22 det
891 163 26 19 är

100 186 130 28 uppenbart,
247 188 31 21 att
295 187 27 22 de
337 188 92 28 vanliga
444 188 116 29 frägornas
576 189 137 29 behandling
728 190 72 22 skulle
816 190 100 22 erfordra

101 222 27 26 en
149 216 69 21 sådan
237 217 85 28 åtgärd,
339 218 41 21 och
396 220 58 20 ännu
470 226 48 14 mer
533 219 27 21 de
576 220 139 28 svårigheter
731 220 41 21 och
789 220 37 22 det
841 220 76 27 olyck-

99 244 47 30 liga
161 245 100 23 tillständ
277 247 6 21 i
299 247 82 27 landet,
397 254 47 16 som
460 248 136 22 fortfarande
612 250 70 20 räder.
713 249 44 28 Jag
772 250 47 20 tror
835 251 32 19 att
882 250 34 21 in-

99 282 44 20 gen
167 275 56 22 skall
240 276 74 22 kunna
327 276 63 29 jäfva
406 280 31 19 ett
452 278 79 22 sädant
546 279 121 27 pästäende
683 280 31 20 att
730 279 37 21 det
783 278 35 22 för
828 279 88 22 landets

99 304 68 30 lugna
189 306 130 30 utveckling
341 314 53 15 vore
410 308 122 29 gagneligt,
549 315 35 15 om
601 309 119 21 ständerna
735 308 136 22 förunnades
887 316 30 15 en

99 334 78 30 längre
197 336 32 22 tid
246 338 32 20 att
293 336 112 23 behandla
419 338 44 21 alla
478 337 154 29 föreliggande
647 338 82 29 frägor,
745 338 42 22 och
803 339 43 21 den
863 345 55 16 vore

99 366 25 21 sä
146 366 90 28 mycket
258 374 48 15 mer
328 367 134 29 nödvändig,
486 375 42 20 om,
545 368 84 22 hvilket
643 368 40 29 jag
698 369 7 21 i
722 368 36 22 det
773 368 88 29 längsta
877 369 40 21 vill

99 395 85 29 hoppas
206 396 49 22 icke
274 396 56 23 skall
347 398 45 26 ske,
408 400 72 20 svaret
497 400 28 27 pä
541 398 42 22 den
600 400 60 20 stora
675 399 122 28 petitionen
813 402 58 18 ännu
888 406 29 15 en

100 426 79 28 längre
194 426 32 22 tid
242 426 72 23 skulle
329 428 45 21 läta
389 429 68 20 vänta
472 430 29 26 pä
516 429 41 28 sig.
588 428 45 29 Jag
649 430 63 20 antar
728 431 32 19 att
776 428 75 27 folket,
868 436 49 14 som

99 463 52 14 man
175 456 41 22 här
240 456 107 30 åberopat
369 457 36 29 sig
425 458 51 28 päi
492 466 27 14 en
536 458 45 22 helt
598 466 71 14 annan
687 459 96 29 mening,
800 459 51 21 med
867 458 49 22 skäl

98 486 44 22 kan
158 488 68 20 vänta
242 489 31 20 ett
288 488 79 21 sädant
382 487 166 30 förfaringssätt
562 488 25 22 af
595 489 42 22 den
649 488 115 23 inhemska
774 489 140 29 regeringen,

99 518 33 20 att
148 516 43 22 den
207 517 65 22 söker
288 518 6 21 i
311 518 126 29 möjligaste
452 520 69 20 måtto
537 519 83 22 bereda
635 518 87 22 tilltälle
737 519 35 21 till
787 526 28 14 en
830 519 88 29 lycklig

99 546 90 52 lösning
213 546 67 23 äfven
306 554 81 22 genom
413 549 31 21 ett
467 549 79 21 sädant
568 548 147 29 förlängande
731 548 24 22 af
768 549 149 29 landtdagens

98 578 83 20 arbete.

170 607 51 22 Men
237 606 71 23 skulle
324 609 45 21 mot
385 608 30 22 all
430 607 115 23 förmodan
562 608 117 30 ingenting
695 610 67 20 annat
777 608 67 22 hafva
859 609 56 21 kun-

98 638 39 20 nat
153 639 93 19 uträttas
262 638 71 21 under
349 638 72 21 denna
436 638 108 29 landtdag
559 641 28 19 än
604 640 32 20 att
651 639 118 21 ständerna
785 638 79 22 uttalat
879 639 39 28 sig

99 667 6 21 i
129 667 43 22 den
195 669 60 20 stora
277 667 121 29 petitionen
421 667 53 23 eller
498 670 31 20 att
546 669 26 22 de
588 667 70 24 blifva
673 669 7 21 i
695 667 87 23 tillfälle
797 669 32 20 att
844 668 72 22 under

99 697 42 22 den
166 700 111 19 närmaste
300 697 118 23 framtiden
439 701 58 19 ännu
520 699 130 28 ytterligare
670 699 7 21 i
693 698 52 22 flere
762 698 85 28 viktiga
861 699 53 21 hän-

98 727 99 22 seenden
216 727 70 22 uttala
309 727 35 29 sig
359 728 116 28 angäende
491 728 27 22 de
534 728 98 29 sorgliga
648 728 41 22 och
704 729 29 27 pä
749 728 43 21 alla
808 728 108 21 omräden

99 757 132 28 ingripande
255 757 185 28 missriktningar,
461 765 47 14 som
524 759 58 27 gjort
598 759 35 27 sig
648 758 103 29 gällande
767 758 6 21 i
790 759 48 20 värt
854 758 61 26 land,

98 787 47 21 tror
158 787 41 28 jag
214 788 32 20 att
261 787 57 21 bäde
334 787 79 22 samtid
429 787 41 22 och
487 787 119 22 efterverld
622 789 70 20 mäste
703 787 62 28 gifva
775 787 37 22 det
823 788 91 21 vittnes-

97 816 57 22 börd
169 823 37 15 om
222 816 73 23 denna
310 817 107 28 landtdag
433 819 32 20 att
481 817 42 22 den
540 817 98 29 fullgjort
654 817 33 22 sin
703 817 56 28 plikt
776 817 41 22 och
829 819 31 20 att
871 817 44 22 den

96 846 8 21 i
120 845 93 23 främsta
228 848 96 21 rummet
339 847 66 22 afsett
421 849 30 20 ett
470 848 165 21 ätervändande
651 847 33 22 till
701 847 42 22 den
754 847 101 29 räitsliga
866 847 49 22 ord-

96 876 61 30 ning,
174 883 47 15 som
237 876 58 23 förut
312 877 6 21 i
335 878 49 22 värt
399 877 52 22 land
467 877 78 29 skapat
561 877 66 29 lycka
644 877 40 23 och
700 877 60 29 lugn.

168 906 44 29 Jag
227 907 69 22 slutar
312 908 51 22 med
373 914 85 15 samma
471 908 155 29 anmärkning,
638 915 46 15 som
694 908 41 28 jag
746 908 98 28 begynte
855 907 60 27 med,

97 938 32 21 att
149 937 44 26 det,
217 938 73 21 sävidt
308 938 41 29 jag
367 938 44 22 kan
431 938 68 26 finna,
519 942 24 18 är
558 938 58 22 skeft
632 938 41 22 och
690 938 103 28 ensidigt,
809 945 36 15 om
862 944 51 16 man

96 968 65 21 söker
185 967 68 29 lägga
276 969 25 20 sä
320 970 45 20 stor
380 968 48 29 vigt
444 970 29 27 pä
489 970 73 28 nägon
578 968 50 22 kort
643 968 44 22 tids
702 968 105 29 uppehäll
822 968 37 22 vid
876 967 38 23 be-

96 998 138 28 handlingen
259 997 25 22 af
304 998 87 22 mindre
414 998 86 29 vigtiga
523 998 82 30 frågor,
622 998 28 22 dä
665 998 87 22 landets
768 997 146 23 lifsintressen

94 1029 37 21 stä
153 1029 29 27 pä
201 1028 55 29 spel,
272 1028 76 22 hvilka
363 1028 8 22 i
386 1027 92 23 främsta
493 1030 95 21 rummet
602 1028 75 23 fordra
693 1030 31 21 ett
739 1027 122 29 afgörande
877 1027 37 23 för

97 1060 32 20 att
144 1058 70 28 lugna
230 1058 116 22 samhället
363 1058 41 22 och
420 1058 81 29 bringa
516 1058 63 23 lifvet
594 1059 8 21 i
617 1058 34 22 sin
667 1058 75 29 gamla
757 1058 52 22 fära
824 1059 56 27 igen.

167 1117 120 23 Professori
320 1119 112 27 Runeberg:
468 1118 44 29 Jag
541 1119 70 21 måste
639 1118 101 28 uppfatta
771 1118 143 28 domprosten

96 1148 182 28 Schwartzbergs
302 1148 113 22 uttalande
431 1148 37 21 vid
485 1150 87 20 senaste
587 1148 90 28 plenum
693 1149 73 20 säsom
782 1148 130 21 innebäran-

96 1177 37 22 det
149 1178 38 26 ett,
203 1177 130 30 visserligen
350 1178 49 22 icke
415 1178 109 22 bestämdt
541 1178 152 26 formuleradt,
709 1177 86 29 förslag
809 1177 34 21 till
854 1178 59 21 stän-

96 1208 49 22 dets
159 1207 144 30 behandling.
334 1208 33 28 Ty
386 1208 7 22 i
409 1215 74 15 annan
498 1208 112 26 händelse,
628 1221 26 3 —
672 1215 35 15 om
724 1208 36 21 det
777 1208 50 21 icke
843 1207 71 22 skulle

96 1238 109 22 innebära
221 1240 31 20 ett
268 1237 91 30 förslag,
375 1251 30 3 —
420 1238 44 22 kan
479 1239 40 29 jag
535 1238 49 23 icke
600 1238 48 22 inse
664 1239 31 21 att
713 1238 37 22 det
765 1237 149 23 öfverhufvud

96 1268 69 22 borde
196 1268 62 28 gifva
288 1268 121 28 anledning
439 1269 34 21 till
498 1270 75 27 nägon
604 1268 129 22 diskussion.
764 1268 149 28 Domprosten

95 1298 173 28 Schwartzberg
278 1298 121 22 hänvisade
412 1298 130 29 visserligen
550 1298 33 22 till
592 1298 255 28 landtdagsordningens
855 1297 57 22 stad-

95 1328 89 29 ganden
193 1328 41 22 och
245 1328 64 29 afsäg
318 1328 90 22 dermed
417 1328 125 29 säkerligen
550 1330 29 20 46
587 1328 21 28 8,
618 1328 6 21 i
632 1328 90 22 hvilken
729 1327 35 22 det
772 1328 73 21 heter:
856 1344 11 10 ,,
870 1327 42 22 Vid

95 1358 90 28 plenum
201 1364 53 22 eger
262 1358 77 28 hvarje
348 1358 173 22 ständsledamot
530 1360 42 20 rätt
580 1360 32 20 att
620 1358 33 22 till
664 1358 132 28 protokollet
808 1357 47 21 fritt
865 1357 48 21 tala

96 1388 42 22 och
161 1389 60 26 yttra
244 1388 34 28 sig
298 1388 7 21 i
329 1388 44 22 alla
388 1387 82 28 frågor,
486 1395 47 15 som
549 1389 29 21 dä
593 1388 146 27 handläggas,
755 1388 42 22 och
813 1394 36 14 om
865 1387 47 28 lag-

95 1418 100 26 ligheten
219 1416 26 21 af
262 1417 46 25 allt,
324 1425 62 13 som
402 1417 82 21 inom
501 1417 130 22 ståndet
646 1417 183 26 tilldrager
844 1417 69 26 sig".

95 1446 80 21 Denna
190 1446 142 27 bestämning
347 1446 44 21 kan
408 1445 56 22 dock
480 1446 49 21 icke
546 1453 63 14 anses
625 1445 106 22 innebära
745 1447 32 19 att
789 1452 26 14 en
827 1445 86 21 ständs-

95 1475 98 22 ledamot
216 1475 70 22 skulle
310 1482 41 21 ega
367 1482 85 14 samma
467 1477 43 18 rätt
526 1477 32 19 att
573 1476 61 27 yttra
649 1475 34 28 sig
699 1474 66 22 äfven
781 1481 35 14 om
833 1474 79 28 laglig-

95 1505 67 22 heten
188 1504 25 23 af
236 1505 45 26 allt,
308 1505 59 22 hvad
392 1511 48 15 som
458 1505 116 29 tilldrager
589 1505 35 28 sig
663 1507 57 24 utom
744 1504 139 26 ständet,
905 1503 8 22 i
