1106 1803
220 128 28 20 92
429 127 130 23 Pappissääty
571 126 88 18 maalisk.
672 126 22 17 21
708 131 17 18 p.
740 125 51 19 1905.

202 181 91 29 pankki,
312 180 55 28 joka
390 180 146 28 ajanjaksona
561 180 146 21 1900—1904
722 186 29 15 on
767 179 98 27 lisännyt
879 178 16 28 j.
912 186 21 15 n.
950 185 18 15 e.
986 178 33 22 Ne

202 211 78 25 taulut,
300 210 63 28 jotka
383 211 52 21 ovat
451 210 66 21 tähän
534 209 131 22 mietintöön
680 209 87 27 liitetyt,
783 208 121 22 käsittävät
920 208 98 28 ajanjak-

204 247 40 15 son
266 240 107 22 vuodesta
390 240 57 20 1870
465 241 94 20 vuoteen
578 240 57 20 1904
650 238 89 22 eivätkä
754 240 60 22 tässä
830 238 142 22 mietinnössä
985 239 34 27 jä-

203 270 104 28 lempänä
330 270 74 21 olevat
424 270 100 21 numerot
549 269 83 22 sovellu
655 269 68 21 tähän
747 268 165 29 aikaisempaan
929 268 90 29 pitkään

203 300 153 28 ajanjaksoon.

276 330 98 22 Samalla
396 329 79 22 sivulla
496 329 24 28 ja
541 336 98 15 samassa
654 329 111 21 lauseessa
780 330 107 22 sanotaan
904 330 45 20 että
965 328 54 22 Suo-

204 367 52 15 men
279 360 84 29 pankki
386 366 28 15 on
435 359 97 28 lisännyt
555 359 125 22 kotimaisia
698 359 153 28 sijoituksiaan
867 359 48 26 57,1
935 358 84 28 miljoo-

204 397 59 15 naan
279 389 129 22 markkaan.
439 389 68 22 Tulee
531 389 52 22 olla:
603 389 50 26 57,3
665 389 135 28 miljoonaan
811 389 128 26 markkaan,
951 388 70 22 koska

204 421 97 21 taulusta
323 427 36 14 n:o
378 421 9 20 1
405 419 23 28 b)
444 419 80 22 sivulta
540 420 27 21 37
584 419 110 26 nähdään,
711 420 45 21 että
772 419 97 22 Suomen
885 419 84 28 pankin
983 419 37 22 ko-

204 450 113 22 timaisten
332 450 123 28 sijoitusten
471 449 194 22 kokonaissumma
680 449 87 22 vuoden
789 450 55 21 1904
855 449 166 22 marraskuussa

204 481 46 21 teki
267 481 79 26 57,267
363 479 52 28 milj.
433 479 112 22 markkaa.

277 540 121 22 Mietinnön
413 539 70 22 sivulla
500 539 23 22 13
539 540 70 21 olevan
627 545 77 22 ponnen
718 539 104 28 johdosta
837 539 72 22 lausui
924 539 97 28 puheen-

208 577 85 15 vuoron
308 571 118 20 saatuaan:
798 572 3 3 l

278 629 121 22 Professori
425 629 134 22 Hermanson:
585 629 44 28 Jag
651 629 40 22 ber
714 630 32 20 att
768 629 7 21 i
798 628 125 23 hufvudsak
941 629 23 22 få
978 629 43 21 till-

204 659 80 28 styrka
299 659 164 28 godkännande
479 658 25 22 af
517 659 73 22 denna
605 659 66 26 kläm,
688 666 51 15 men
755 659 70 23 skulle
836 658 62 22 finna
909 665 28 16 en
948 666 73 15 annan

206 689 119 29 affattning
350 689 146 28 sakenligare,
521 689 112 28 nämligen
655 688 97 29 ungefär
767 688 110 29 följande:
896 706 9 9 ,
909 689 38 22 Att
963 690 58 20 stän-

207 719 68 22 derna
291 719 52 22 ville
359 719 86 21 besluta
460 719 39 21 hos
515 719 62 21 Hans
592 719 125 28 Kejserliga
733 719 102 27 Majestät
851 719 7 21 i
874 719 148 29 underdänig-

206 750 38 21 het
262 749 88 22 anmäla
364 750 31 21 att
411 749 70 28 enligt
495 748 135 23 Ständernas
642 748 143 31 uppfattning
798 749 124 29 ordningen
933 748 38 23 för
978 749 44 21 till-

206 780 122 22 verkandet
337 778 22 22 af
367 779 105 21 Finlands
480 779 75 21 Banks
561 779 72 22 sedlar
641 782 25 18 är
675 786 27 15 en
711 779 169 29 angelägenhet,
889 786 36 15 om
931 779 91 23 hvilken

206 810 38 21 det
262 810 70 28 enligt
349 810 38 27 lag
406 809 128 22 ankommer
548 809 139 22 uteslutande
704 810 13 20 å
735 809 86 23 landets
833 809 95 23 Ständer
939 810 33 21 att
985 809 37 22 be-

206 841 115 20 stämma”.
331 839 79 29 Någon
417 839 73 29 saklig
498 838 107 23 afvikelse
614 842 24 18 är
645 839 60 22 detta
711 839 56 27 icke,
777 838 50 23 men
836 846 27 16 en
869 839 154 22 modifikation

206 870 7 21 i
224 870 83 21 tanken
317 870 73 28 ligger
401 869 38 21 der
451 869 61 21 dock.
545 869 74 21 Saken
635 872 24 18 är
670 870 113 28 nämligen
797 870 7 21 i
815 870 88 22 korthet
913 869 108 29 följande:

206 899 86 23 Genom
311 900 8 21 1
338 900 13 27 $
368 900 7 20 i
390 899 160 29 förordningen
566 902 22 19 at
599 899 42 22 den
653 900 13 20 9
678 899 118 23 december
809 900 63 25 1867,
883 900 140 22 tillkommen

206 930 38 22 vid
271 930 55 22 1867
354 931 34 20 års
413 930 107 28 landtdag
546 930 28 28 pä
597 929 164 29 framställning
781 929 25 23 af
820 930 62 22 Hans
898 930 125 28 Kejserliga

206 960 109 28 Majestät,
340 960 99 28 stadgas:
467 959 137 29 ,Ständerna
620 961 113 27 emottaga
747 960 71 22 under
833 960 33 22 sin
884 960 139 29 förvaltning

206 991 43 22 och
265 990 143 28 ansvarighet
423 990 28 21 de
467 990 7 21 i
490 990 88 22 banken
595 990 109 22 inrättade
720 990 115 28 primitiva
851 990 41 22 och
904 990 118 29 hypoteks-

206 1020 115 27 fonderna,
351 1020 76 22 hvilka
456 1019 96 23 derefter
580 1021 138 28 gemensamt
741 1020 42 23 och
806 1020 139 22 uteslutande
969 1021 54 21 bära

207 1058 67 14 namn
290 1050 25 22 af
328 1050 105 22 Finlands
449 1050 85 22 Bank".
559 1050 68 22 Detta
642 1050 129 29 stadgande,
788 1058 48 15 som
852 1054 25 18 är
893 1052 92 28 antaget
1000 1050 25 23 af

206 1081 120 21 ständerna
342 1081 42 20 och
400 1080 93 21 stadfäst
508 1080 25 22 af
547 1080 128 27 monarken,
692 1081 93 21 innebär
801 1082 32 21 att
849 1081 173 29 ansvarigheten

206 1110 37 23 för
265 1111 100 21 bankens
381 1109 149 23 förbindelser
546 1111 86 28 åligger
652 1109 177 31 ständerna
784 1105 42 39 och
844 1111 136 28 rättigheten
991 1112 32 21 att

206 1141 100 21 anordna
330 1147 35 15 om
388 1140 99 21 bankens
510 1140 83 22 skötsel
608 1141 7 20 i
632 1139 55 29 följd
703 1140 66 22 deraf
781 1141 68 27 också
865 1141 129 22 ankommer
1010 1142 13 20 å

205 1171 127 26 ständerna,
356 1170 141 28 naturligtvis
513 1170 61 22 inom
589 1173 122 26 gränserna
727 1170 26 22 af
765 1171 44 28 lag.
826 1171 49 22 Den
891 1171 44 28 lag,
952 1178 47 15 som
1015 1171 7 21 i

205 1200 62 22 detta
291 1199 104 22 afseende
418 1200 78 28 gäller,
521 1203 24 18 är
569 1200 42 22 den
634 1200 97 21 nämnda
747 1200 164 29 förordningen
927 1203 22 20 at
968 1201 54 21 1867

206 1231 57 20 samt
278 1230 213 28 bankreglementet,
508 1230 85 22 hvilket
608 1230 69 28 enligt
696 1231 23 20 11
737 1230 14 28 $
766 1231 7 20 i
789 1237 86 15 samma
889 1230 134 29 förordning

207 1260 41 22 bör
270 1267 56 14 vara
348 1260 133 21 tillkommet
501 1259 70 23 under
592 1260 129 21 ständernas
738 1260 136 24 medverkan
890 1260 7 22 i
914 1260 43 22 den
973 1260 49 22 ord-

206 1290 60 28 ning,
279 1296 47 16 som
335 1296 37 15 om
382 1289 48 29 lags
441 1289 105 23 stiftande
557 1292 24 19 är
590 1290 104 28 stadgadt
702 1290 6 20 i
717 1290 210 28 regeringsformen.
937 1290 86 22 Genom

206 1320 64 21 dessa
293 1320 63 28 lagar
378 1318 138 23 förbehöllos
532 1320 59 21 vissa
607 1320 132 28 rättigheter
754 1320 51 28 med
821 1320 105 22 afseende
942 1322 13 20 å
971 1320 51 22 Fin-

207 1350 63 20 lands
285 1349 65 20 Bank
366 1349 61 20 Hans
445 1349 108 27 Majestät.
585 1349 125 21 Ständerna
726 1351 47 19 åter
790 1349 77 21 utöfva
882 1350 34 20 sin
932 1351 44 19 rätt
991 1350 31 20 öf-

206 1384 39 15 ver
266 1378 89 20 banken
370 1384 81 21 genom
467 1376 207 29 bankfullmäktige,
691 1385 50 14 men
758 1376 64 28 dessa
837 1381 38 19 äro
892 1379 131 21 ständernas

206 1406 140 29 fullmäktige
368 1407 42 21 och
434 1406 85 22 således
543 1407 102 28 skyldiga
666 1408 32 20 att
719 1409 100 27 mottaga
841 1408 134 22 instruktion
1001 1408 25 22 af

206 1437 128 26 ständerna;
351 1437 42 21 och
404 1436 28 21 då
440 1436 200 29 bankfullmäktige
651 1437 141 28 naturligtvis
809 1437 49 22 icke
869 1437 80 28 själfva
959 1438 63 21 sköta

206 1466 95 27 banken,
318 1466 129 21 ankommer
463 1466 97 22 skötseln
575 1467 29 28 på
620 1473 27 15 en
664 1466 119 23 direktion:

276 1496 63 22 Inom
355 1499 95 26 gränsen
467 1495 24 22 af
504 1496 63 22 dessa
583 1496 41 22 och
644 1496 75 28 dylika
735 1495 140 30 föreskrifter
888 1497 135 22 tillkommer

206 1533 29 15 nu
256 1527 118 21 ständerna
394 1526 133 29 rättigheten
549 1528 32 20 att
597 1527 98 21 anordna
711 1534 36 15 om
763 1527 99 24 bånkens
878 1527 142 30 förvaltning.
