1109 1795
187 123 44 21 742
416 122 130 24 Pappissääty
558 122 79 18 huhtik.
653 121 22 19 13
688 128 18 17 p.
719 122 53 18 1905.

187 182 47 15 som
254 176 41 20 här
315 174 130 30 föreligger,
468 176 100 26 emedan,
585 176 72 21 säsom
671 175 40 28 jag
726 175 69 21 redan
811 174 60 27 sade,
888 174 27 22 de
931 174 75 28 frägor

187 212 48 14 som
257 205 40 21 här
314 205 95 25 beröras,
426 208 38 18 äro
481 204 25 22 af
511 205 50 28 den
578 206 56 20 mest
649 205 68 20 vitala
733 204 154 21 beskaffenhet
903 203 37 21 för
956 204 50 21 hela

187 235 50 20 vårt
260 233 57 22 folks
340 234 135 28 utveckling.
507 233 72 22 Äfven
603 240 36 15 om
663 234 37 20 det
722 233 50 22 icke
795 233 71 22 skulle
881 233 79 27 lyckas
975 234 31 20 att

187 270 82 22 genom
284 264 166 28 behandlingen
467 263 25 22 af
505 264 61 21 detta
581 263 82 22 ärende
679 263 90 22 komma
779 263 34 21 till
824 264 70 27 nägra
905 262 101 29 verkliga

187 294 100 25 resultat,
311 300 65 15 anser
396 294 41 27 jag
460 294 57 21 dock
533 293 79 29 frägan
629 294 71 21 mästa
715 293 71 21 hällas
802 300 58 21 uppe
876 292 37 22 för
929 294 33 20 att
976 299 30 15 nu

187 324 55 22 eller
265 323 118 22 framdeles
403 324 51 21 leda
469 323 34 21 till
520 330 27 15 en
563 323 147 29 lagstiftning,
727 330 48 14 som
791 323 136 21 motarbetar
943 322 63 28 dryc-

188 354 128 28 kenskapen
339 354 42 21 och
400 354 79 21 alstrar
494 354 125 27 nykterhet.
651 353 43 22 För
710 354 46 20 min
773 353 36 22 del
824 353 41 22 har
878 353 41 28 jag
934 353 73 21 hälsat

188 384 61 21 detta
271 384 142 21 betänkande
437 384 49 21 med
503 384 81 28 glädje,
601 384 94 21 emedan
708 384 41 28 jag
764 383 73 21 finner
852 382 71 27 häraf,
940 383 66 21 huru-

187 420 47 15 som
252 413 121 22 detsamma
389 414 39 21 vill
443 413 97 28 vägleda
554 414 34 20 till
604 415 31 20 ett
649 413 90 28 positivt
755 413 76 21 arbete
842 412 37 22 för
890 414 50 20 värt
949 412 58 22 folks

187 443 130 28 utveckling
341 443 41 21 och
398 443 49 21 icke
464 443 139 21 uteslutande
619 443 40 21 har
675 442 105 22 afseende
796 444 29 27 pä
840 442 167 29 upphäfvandet

188 472 26 22 af
234 472 216 26 missförhällanden,
475 473 85 21 hvilket
578 473 25 27 ju
623 472 38 21 vid
677 472 73 22 denna
765 472 109 28 landtdag
890 471 117 22 framträdt

187 503 73 21 säsom
276 501 131 23 hufvudsak.
439 502 84 22 Derför
538 502 83 22 tilläter
633 502 40 28 jag
690 502 45 28 mig
751 504 32 19 att
799 501 91 25 föreslä,
906 503 33 20 att
950 503 57 20 stän-

189 532 69 22 derna
280 532 50 22 icke
353 532 68 21 borde
444 532 118 21 underläta
583 533 32 20 att
634 532 111 21 behandla
761 532 74 21 denna
850 531 65 29 fräga
930 533 54 20 utan
1000 532 8 21 i

189 562 129 22 densamma
340 562 93 26 besluta,
450 561 181 22 öfverlemnande
649 562 125 21 sedermera
791 563 22 20 ät
829 561 50 26 den,
896 568 48 15 som
960 563 47 26 styr

189 591 86 22 folkens
297 592 57 21 öden
378 592 40 21 och
435 599 47 14 som
499 592 104 21 särskildt
618 593 55 26 styrt
689 593 50 20 vårt
753 591 58 22 folks
827 591 65 28 öden,
909 593 33 20 att
956 591 52 22 leda

189 622 67 21 också
279 622 73 21 denna
371 621 65 29 fråga
450 621 35 22 till
501 623 31 20 ett
548 621 178 30 välsignelserikt
741 621 93 22 resultat
850 620 38 23 för
903 620 47 23 folk
966 621 42 22 och

189 652 58 21 land.
279 652 44 29 Jag
345 651 82 22 tillåter
451 652 47 28 mig
521 651 77 23 derför
621 653 32 20 att
669 658 34 15 om
721 651 80 28 själfva
816 651 61 22 detta
894 651 112 22 ekonomi-

189 682 116 21 utskottets
322 682 141 22 betänkande
479 685 59 18 ännu
554 685 83 18 nämna
652 683 70 27 några
737 681 46 22 ord.

260 712 78 21 Såsom
361 711 98 30 framgår
483 712 24 21 af
527 711 192 29 framställningen
744 711 130 29 godkänner
895 711 113 22 ekonomi-

189 742 106 21 utskottet
318 742 139 28 väsentligen
481 742 27 21 de
531 741 160 30 grundtankar,
714 749 48 14 som
785 743 113 27 genomgå
916 741 42 22 den
974 741 34 22 till

189 772 119 21 ständerna
318 772 127 21 inlemnade
457 772 111 21 motionen
577 771 116 29 angående
703 771 135 29 förändring
846 771 26 22 af
879 771 129 28 rusdrycks-

188 800 179 30 lagstiftningen.
397 801 34 21 De
447 802 87 26 viktiga
549 801 118 29 principer,
679 802 28 27 på
716 801 77 21 hvilka
803 802 114 21 motionen
928 801 79 26 hvilar,

189 831 41 21 och
247 831 90 21 hvilken
353 831 130 29 godkännas
499 831 25 21 af
532 830 159 27 betänkandet,
703 830 120 22 återfinnas
834 831 136 21 omnämnda
981 832 28 27 på

189 862 28 20 27
241 861 63 21 sidan
326 861 7 21 i
355 861 37 21 det
415 861 95 21 svenska
532 861 158 22 betänkandet.
722 860 71 22 Dessa
813 860 113 29 principer
942 860 66 29 gillar

189 890 66 22 äfven
276 891 47 28 jag,
345 890 41 22 och
399 891 41 28 jag
456 891 81 21 önskar
553 892 32 20 att
601 891 113 21 desamma
730 892 69 20 måtte
814 891 90 21 komma
920 890 34 21 till
970 897 40 14 an-

189 920 114 29 vändning
320 920 37 22 vid
373 920 42 22 den
431 919 134 30 förändring
575 919 26 23 af
609 919 295 30 rusdryckslagstiftningen,
915 920 93 21 hvarom

189 950 41 21 här
250 953 24 18 är
294 949 65 30 fråga
375 950 41 22 och
432 949 25 22 af
470 951 91 21 hvilken
576 951 25 21 så
617 950 89 27 mycket
721 953 25 18 är
762 950 118 22 beroende.
912 950 51 21 Men
980 951 29 27 på

188 987 85 14 samma
296 981 61 28 gång
377 980 41 28 jag
441 980 109 21 erkänner
570 980 157 25 betänkandet,
745 979 77 22 derför
838 981 31 20 att
886 980 122 21 detsamma

188 1010 140 28 väsentligen
342 1010 97 21 ansluter
449 1011 34 27 sig
494 1010 35 21 till
539 1010 120 25 motionen,
672 1009 43 22 kan
723 1010 41 28 jag
775 1010 50 22 icke
836 1011 68 20 annat
915 1012 28 19 än
955 1012 55 25 göra

189 1046 27 15 en
232 1039 95 22 särskild
338 1039 110 28 väsentlig
459 1039 149 29 anmärkning
619 1041 46 20 mot
676 1039 132 22 detsamma:
821 1039 43 22 den
874 1039 136 28 förändring

188 1069 121 28 nämligen,
333 1076 48 15 som
404 1069 106 22 utskottet
534 1069 107 22 verkstält
661 1069 52 22 med
728 1069 104 22 afseende
849 1071 13 20 å
878 1069 43 22 den
937 1069 72 22 första

188 1098 134 29 paragrafen
343 1099 7 21 i
366 1099 119 26 motionen,
503 1106 65 15 anser
581 1099 41 28 jag
637 1106 54 14 vara
706 1099 145 22 omotiverad.
882 1099 77 28 Enligt
974 1100 35 20 ut-

189 1128 92 21 skottets
297 1128 145 29 formulering
457 1128 71 22 skulle
545 1129 36 22 det
597 1128 148 23 öfverlemnas
761 1130 22 20 åt
799 1128 209 29 stadsfullmäktige,

191 1157 135 27 »förstärkta
341 1158 34 21 till
385 1158 37 21 det
433 1159 60 20 antal
504 1158 104 29 gällande
619 1157 134 30 författning
763 1158 95 23 rörande
869 1158 141 22 kommunal-

188 1187 140 29 förvaltning
343 1188 6 20 i
366 1188 49 21 stad
430 1187 37 22 för
478 1188 59 21 vissa
548 1188 47 22 deri
606 1188 115 22 bestämda
732 1187 39 22 fall
782 1187 152 28 föreskrifver,
947 1188 63 26 eller,

189 1217 40 22 der
243 1217 202 29 stadsfullmäktige
456 1218 49 22 icke
516 1217 79 28 finnas,
607 1217 177 22 rådhusstämma
795 1219 32 20 att
838 1218 93 26 besluta,
943 1218 66 21 huru-

188 1247 53 22 vida
263 1247 161 29 utminutering
446 1248 42 21 och
511 1247 152 29 utskänkning
686 1247 25 22 af
723 1248 177 28 alkoholhaltiga
916 1248 94 27 drycker

189 1277 37 22 der
243 1277 82 22 tillåtes
341 1277 53 22 eller
410 1278 55 22 icke.
497 1278 32 21 På
544 1278 81 26 landet,
643 1277 105 22 hvarmed
761 1278 84 28 köping
854 1278 115 25 likställes,
986 1280 24 19 är

190 1307 63 27 dylik
275 1307 81 22 handel
371 1307 86 22 tillåten
474 1308 77 21 endast
568 1308 7 21 i
591 1307 27 22 de
633 1306 46 27 fall,
696 1314 48 15 som
760 1307 6 22 i
783 1308 13 21 6
813 1307 12 29 $
842 1307 166 22 omförmälas.*

189 1336 44 20 Det
249 1343 65 20 synes
330 1337 47 27 mig
393 1337 49 20 icke
458 1337 94 27 lyckligt
568 1339 32 18 att
616 1336 137 21 öfverlemna
769 1339 23 18 åt
807 1337 203 27 stadsfullmäktige

189 1364 164 28 befogenheten
369 1366 32 20 att
416 1365 87 21 besluta
519 1365 7 21 i
542 1365 74 21 denna
631 1365 87 28 viktiga
733 1365 71 28 fråga,
821 1367 53 20 utan
891 1372 65 15 anser
970 1366 40 28 jag

189 1393 38 23 för
250 1394 45 22 min
318 1394 35 22 del
378 1394 43 22 den
444 1394 149 29 bestämning,
617 1401 48 15 som
688 1394 71 22 finnes
782 1394 128 30 föreslagen
933 1395 7 21 i
964 1402 46 15 mo-

188 1424 84 26 tionen,
296 1431 54 15 vara
373 1424 112 29 betydligt
500 1424 80 22 bättre.
611 1424 10 22 I
637 1424 112 23 motionen
766 1424 149 23 öfverlemnas
931 1425 79 22 nämli-

189 1461 43 22 gen
257 1454 72 21 denna
352 1454 136 29 befogenhet
511 1455 22 21 åt
556 1454 199 23 rådhusstämman.
787 1455 44 28 Jag
855 1462 66 15 anser
944 1455 66 22 äfven

189 1484 162 22 betänkandets
369 1484 139 29 behandling
523 1483 26 23 af
562 1484 73 23 denna
650 1484 109 30 paragraf
771 1485 49 22 icke
831 1492 54 15 vara
896 1485 50 22 fullt
957 1486 53 21 kon-

189 1514 99 28 sekvent,
305 1515 28 21 då
347 1515 25 28 ju
388 1515 151 22 betänkandet
555 1515 57 22 dock
627 1515 8 21 i
651 1515 64 22 dessa
731 1515 39 22 fall
786 1515 150 23 öfverlemnar
946 1519 64 19 ären-
