1109 1795
201 116 44 22 664
430 115 129 25 Pappissääty
571 116 78 18 huhtik.
663 116 22 18 10
697 122 18 18 p.
730 116 51 18 1905.

273 170 126 21 Keskustelu:

271 228 102 22 Provasti
390 228 117 27 Hyvärinen:
524 228 60 22 Minä
594 228 112 29 pyytäisin
717 228 124 23 mietinnön
851 228 169 22 suomalaisessa

201 258 144 29 painoksessa
361 258 94 22 osoittaa
470 259 123 21 muutamia
607 258 102 22 virheitä.
740 258 87 22 Sivulla
842 259 28 21 32
887 258 132 22 ensimäisen

201 288 124 29 kappaleen
341 287 99 23 keskellä
456 288 65 22 alkaa
536 287 61 23 lause
615 288 40 29 ,Ja
671 288 127 22 ennenkuin
814 288 100 21 senaatin
930 288 89 28 esitys*,

200 319 61 27 pitää
284 318 45 22 olla
353 318 41 26 ,Jo
415 318 118 21 ennenkun
553 318 101 22 senaatin
677 318 88 27 esitys*.
797 317 83 22 Saman
895 318 125 28 kappaleen

200 348 95 28 lopussa,
311 347 78 22 toinen
404 347 43 21 rivi
462 347 103 27 alhaalta,
583 349 106 20 sanotaan
707 348 250 24 ,Lukusuunnitelmain
971 348 48 28 jou-

199 378 74 21 tuisaa
287 377 187 27 tarkastamista*,
491 377 50 22 siitä
557 384 28 15 on
601 378 103 28 poikessa
719 384 54 15 sana
782 379 121 25 j,varten*,
915 378 38 21 siis
966 379 55 25 ytar-

200 407 130 22 kastamista
351 408 98 20 varten.*
482 407 123 22 Mietinnön
628 407 79 22 sivulla
730 408 35 27 38,
783 408 49 21 10:s
855 408 42 21 rivi
913 407 106 28 ylhäältä,

201 444 28 15 on
247 438 62 26 ,?5/,,
325 436 176 27 marraskuuta%,
517 438 58 20 tästä
591 444 29 15 on
630 437 73 28 poissa
714 444 55 14 sana
781 437 130 29 ;päivänä*.
936 437 84 22 Sivulla

200 468 35 25 47,
259 468 32 22 4:s
315 466 42 22 rivi
381 466 100 28 ylhäältä
503 467 106 28 luettuna,
626 473 28 16 on
675 467 148 28 ,opetukseen
839 467 89 22 nähden
944 467 76 22 näihin

200 497 158 22 verrattavissa
373 496 134 27 kouluissa%;
523 497 57 21 siinä
596 504 68 15 sanan
683 497 102 26 ,näihin*
803 499 65 20 eteen
884 504 28 15 on
923 499 98 27 pantava

200 534 55 15 sana
279 526 102 27 ,niissä*,
403 527 25 28 ja
451 527 53 21 5:ltä
527 527 74 22 riviltä
624 527 132 28 pyyhittävä
794 527 33 22 pois
845 534 55 15 sana
917 527 101 27 ,niissä*.

201 556 84 23 Sivulla
300 557 35 27 73,
351 557 72 21 toisen
439 556 124 29 kappaleen
579 558 14 19 9
609 557 74 21 rivillä
698 559 108 26 sanotaan
824 557 89 27 ,Koska
929 558 26 21 31
974 557 46 29 päi-

200 589 58 19 vänä
273 586 136 23 heinäkuuta
425 588 98 20 annetun
539 587 138 26 asetuksen*,
692 587 61 28 jossa
769 586 70 24 sanan
856 587 162 26 ,heinäkuuta*

197 616 91 28 jälkeen
304 616 61 29 pitää
381 616 44 21 olla
442 617 92 26 ,1902<.

270 675 92 23 Rehtori
386 676 127 27 Rosengvist:
544 676 35 22 Dä
600 676 112 22 allmänna
737 649 224 64 Gmod
982 677 38 22 be-

199 706 114 22 tänkande
328 706 95 21 rörande
434 706 109 21 särskilda
553 713 83 22 genom
647 706 27 22 de
685 708 87 20 senaste
783 704 65 25 årens
859 707 160 28 förvaltnings-

199 737 83 27 system
305 735 147 22 framkallade
475 735 212 23 missförhållanden
702 738 29 27 pä
747 736 166 35 skolväsendets
930 737 90 22 område

199 773 30 15 nu
252 765 125 29 föreligger
399 765 35 21 till
457 766 144 29 behandling,
625 766 100 22 anhåller
745 761 42 34 jag
805 767 34 21 till
854 766 57 22 först
927 765 23 23 få
966 769 55 26 göra

199 797 72 27 några
286 796 65 22 korta
367 795 169 23 meddelanden.

269 825 79 23 Såsom
365 824 24 23 af
402 826 118 22 utskottets
535 825 166 29 framställning
715 828 30 27 på
760 817 41 33 sid.
817 827 30 21 20
862 826 106 29 framgår,
980 826 40 22 har

199 856 106 22 utskottet
321 855 67 23 äfven
403 855 48 23 haft
467 856 139 28 svårigheter
622 856 51 22 med
688 856 100 28 hänsyn
785 856 35 22 till
830 856 189 22 utbekommande

199 887 25 22 af
237 886 141 28 handlingar,
394 892 48 15 som
458 885 37 22 för
509 886 92 22 lösande
617 885 26 23 af
655 886 50 21 dess
719 884 90 35 uppgift
823 886 58 22 varit
897 886 25 22 af
934 886 86 29 ganska

198 917 46 21 stor
259 915 54 22 vikt.
345 915 44 22 Det
403 915 58 22 hade
476 914 145 24 tvifvelsutan
636 916 58 21 varit
709 915 25 22 af
746 915 51 24 icke
809 916 65 29 ringa
885 917 93 21 intresse
988 917 32 20 att

198 953 26 14 ur
240 946 126 21 autentiska
381 945 133 29 handlingar
529 945 23 22 få
568 946 89 26 besked,
675 945 55 22 huru
746 953 53 22 man
814 947 30 27 på
859 946 38 22 det
912 946 52 26 håll,
982 946 38 21 der

198 975 177 34 förryskningen
398 975 25 22 af
440 977 49 20 vårt
505 976 146 22 skolväsende
667 976 58 21 varit
741 977 43 21 den
799 976 40 21 allt
855 963 165 35 beherrskande

198 1005 123 29 principen,
344 1006 60 21 velat
419 1007 33 19 att
467 1006 162 21 läroböckerna
643 1006 8 21 i
667 1005 92 22 historia
774 1006 42 22 och
832 1006 102 29 geografi
949 1006 71 21 skulle

197 1043 55 14 vara
268 1035 113 22 affattade.
414 1035 34 21 Nu
464 1036 85 21 känner
565 1043 52 14 man
633 1035 61 22 detta
709 1036 56 21 blott
781 1036 116 28 ryktesvis,
914 1042 52 15 men
983 1035 37 22 det

198 1065 25 22 af
244 1065 74 28 ryktet
341 1067 73 20 såsom
437 1065 66 28 högst
519 1065 152 29 egendomligt
686 1065 156 24 betecknände
856 1065 164 22 komitébetän-

199 1095 82 22 kandet
304 1095 41 22 har
368 1095 49 22 icke
438 1095 85 22 kunnat
539 1095 101 22 erhållas.
672 1095 10 22 I
698 1095 51 22 bref
763 1095 27 22 af:
801 1096 43 21 den
863 1097 25 20 15
905 1103 59 14 mars
980 1095 40 22 har

198 1127 73 20 såsom
290 1125 65 22 orsak
371 1124 112 29 angifvits,
501 1127 32 20 att
548 1125 216 22 lärobokskomiténs
781 1125 142 29 hetänkande
939 1129 25 18 är
979 1132 40 15 un-

198 1155 39 22 der
260 1155 139 28 behandling
420 1155 8 21 i
448 1155 137 34 Kejserliga
599 1155 104 22 Senaten.
734 1155 36 22 Då
788 1155 112 22 utskottet
923 1154 97 23 derefter

197 1185 94 21 anhållit
307 1192 36 14 om
359 1186 32 20 att
407 1184 22 22 få
445 1185 36 21 del
497 1185 25 21 af
535 1185 28 22 de
579 1185 8 20 i
602 1185 93 33 konsept
712 1184 140 29 förefintliga
863 1185 156 22 öfversättnin-

198 1221 71 22 garna
284 1213 25 23 af
323 1214 61 22 detta
399 1214 148 27 betänkande,
565 1215 40 21 har
621 1215 7 20 i
643 1214 52 22 bref
703 1213 75 23 från
760 1209 21 41 t.
788 1214 17 32 f.
816 1214 203 23 viceordföranden

197 1244 8 21 1
226 1246 103 20 senatens
353 1244 272 29 ekonomiedepartement
648 1243 25 22 af
691 1245 42 21 den
754 1241 37 27 23
803 1252 60 14 mars
885 1246 87 20 svarats
988 1245 32 20 att

197 1273 167 29 geheimerådet
387 1273 108 22 Deutrich
517 1274 118 26 meddelat,
653 1275 32 20 att
700 1274 62 21 Hans
777 1274 125 28 Excellens,
920 1275 51 21 med
986 1273 32 23 af-

197 1303 81 22 seende
289 1304 55 21 derå
354 1305 33 20 att
397 1291 312 46 konseptöfversättningarna
719 1304 33 22 till
761 1304 110 22 komiténs
880 1303 37 22 för
925 1304 93 28 gransk-

197 1333 56 27 ning
269 1333 25 20 af
307 1333 182 21 läroböckerna
478 1329 13 40 i
507 1334 93 20 historia
615 1334 41 19 och
673 1334 101 27 geografi
789 1334 116 27 utlåtande
916 1334 42 20 och
968 1340 50 25 pro-

197 1361 70 21 tokoll
286 1362 49 21 icke
351 1364 38 18 äro
406 1362 33 20 till
455 1362 135 27 riktigheten
607 1361 121 28 bestyrkta,
745 1364 73 20 ansett
834 1364 32 20 att
882 1362 114 22 desamma
1012 1369 6 13 i

197 1390 78 22 sådant
297 1390 62 22 skick
375 1390 50 22 icke
440 1392 85 20 kunnat
541 1390 149 23 öfverlemnas
706 1392 34 21 till
755 1392 112 30 utskottet.
900 1391 118 35 Själffallet

196 1420 76 29 frågar
295 1428 52 14 man
370 1420 35 30 sig
428 1420 52 23 med
503 1421 121 29 anledning
644 1420 25 22 af
682 1421 60 23 detta
758 1418 57 30 svår,
832 1422 110 22 huruvida
958 1422 37 22 det
1012 1423 6 21 i

196 1450 81 29 själfva
299 1451 78 22 verket
401 1451 43 21 kan
465 1457 55 16 vara
535 1450 104 23 förenadt
656 1452 51 21 med
722 1453 71 30 några
809 1453 69 21 större
895 1453 124 28 omgångar

197 1480 54 23 eller
274 1481 51 22 med
348 1482 75 28 någon
450 1481 124 22 nämnvärd
600 1481 134 29 tidsutdrägt
757 1478 36 26 att
810 1481 23 22 få
854 1489 27 15 en
905 1483 114 22 verkstäld

197 1510 162 30 öfversättning
374 1511 34 22 till
424 1511 136 29 riktigheten
575 1511 108 29 bestyrkt.
714 1511 113 25 Utskottet
843 1513 40 22 har
899 1512 57 23 dock
969 1513 49 22 icke
