1100 1789
195 104 46 32 394
420 107 129 24 Pappissääty
561 105 88 19 tammik.
661 105 24 18 27
696 112 18 17 p.
729 105 51 18 1905.

267 159 122 22 Professori
408 160 76 21 Heikel:
505 159 42 22 Om
564 160 41 28 jag
620 159 83 28 ansåge
719 160 32 20 att
767 165 52 15 man
834 158 74 22 kunde
924 157 89 28 betjena

195 191 36 28 sig
254 189 25 22 af
299 196 28 15 en
347 189 79 22 bildlik
445 188 171 29 framställning,
639 188 8 22 i
667 188 70 22 likhet
757 188 52 21 med
831 195 27 14 en
874 187 138 28 föregående

196 219 55 22 ärad
273 219 77 26 talare,
373 218 37 22 för
433 220 32 20 att
485 218 77 22 bevisa
582 219 55 21 eller
657 217 63 22 stöda
741 224 27 15 en
793 217 63 27 åsikt,
881 217 71 22 skulle
974 217 40 28 jag

196 255 120 16 resonnera
331 247 94 30 ungefär
441 249 28 27 på
484 247 101 29 följande
601 249 50 20 sätt.
675 247 49 22 Den
739 247 74 22 finska
823 247 191 29 statsbyggnaden

196 280 47 21 står
263 277 39 23 för
323 278 139 21 närvarande
481 279 30 27 på
531 284 26 15 en
579 278 79 21 osäker
674 277 81 28 grund;
772 277 161 22 hörnstenarna
948 276 66 22 hafva

196 308 74 23 blifvit
285 308 100 22 rubbade
401 307 53 22 eller
470 307 150 22 kullstörtade.
644 307 10 22 I
670 307 57 28 följd
743 306 66 23 deraf
821 307 41 21 har
877 306 136 29 byggnaden

196 339 57 28 tagit
268 337 79 28 skada;
363 338 62 21 taket
442 337 39 22 har
496 338 92 26 remnat,
600 337 101 22 fönstren
712 336 68 23 hafva
790 337 104 27 krossats,
907 337 107 22 dörrarna

196 370 31 27 gå
249 368 50 22 icke
321 368 60 28 igen.
412 367 62 22 Skall
497 367 38 22 det
555 368 71 21 under
647 366 83 23 sådana
750 367 191 28 omständigheter
962 366 52 21 löna

198 398 80 22 mödan
294 399 32 20 att
341 397 55 22 söka
406 403 104 22 reparera
519 397 46 25 tak,
577 397 76 22 dörrar
664 396 41 23 och
716 396 95 28 fönster,
822 395 79 23 förrän
929 396 86 22 grunden

197 427 74 23 blifvit
286 427 79 22 säker?
388 427 72 26 Hvad,
477 433 47 16 som
541 427 42 22 den
599 433 42 16 ena
652 427 72 28 dagen
735 427 131 28 reparerats,
878 429 25 19 är
925 426 89 29 följande

197 459 45 28 dag
258 459 47 21 åter
320 457 7 22 i
343 460 42 19 sär.
408 457 44 29 Jag
467 457 80 22 tänker
563 458 31 21 att
610 457 37 22 det
662 459 25 19 är
702 455 95 31 ungefär
813 464 27 14 en
857 456 62 28 dylik
935 456 78 22 åskåd-

197 489 56 28 ning
268 488 42 22 och
326 488 118 28 stämning,
461 494 46 15 som
524 487 130 22 beherrskat
671 487 55 27 dem,
744 487 76 21 hvilka
831 486 76 22 tvekat
919 488 32 20 att
961 488 53 27 taga

197 518 53 28 ihop
261 518 51 22 med
323 518 31 21 ett
364 518 151 27 detaljarbete,
527 517 80 23 medan
617 517 80 28 själfva
708 517 101 28 grunden
820 520 60 18 ännu
891 520 26 18 är
927 517 85 21 osäker.

197 548 45 29 Jag
257 547 37 23 för
309 547 47 21 min
372 548 36 21 del
423 547 44 21 kan
483 547 69 22 likväl
567 547 50 22 icke
628 547 51 21 dela
689 547 61 21 detta
761 546 186 22 betraktelsesätt.
974 546 42 22 Om

198 585 28 15 en
248 578 105 22 hörnsten
374 580 57 18 ännu
453 580 26 18 är
500 577 56 21 kvar
575 578 30 27 på
620 577 34 21 sin
670 577 62 27 plats,
749 576 79 28 tyckes
844 576 37 22 det
897 576 49 22 icke
962 584 54 14 vara

197 608 50 21 skäl
268 609 32 20 att
320 606 72 22 rubba
413 607 49 26 den,
484 613 36 15 om
540 607 41 21 och
603 607 24 21 så
649 606 65 28 länge
736 606 43 22 den
795 606 44 22 kan
855 607 34 21 stå
905 606 109 27 orubbad;

198 637 61 27 eller,
276 638 53 20 utan
345 636 58 22 bild:
419 637 47 28 mig
476 643 66 21 synes
553 637 32 21 att
597 643 49 14 man
658 638 76 24 måste,
746 637 25 20 så
782 636 65 28 länge
859 636 37 22 det
906 636 110 28 någonsin

198 670 26 18 är
239 667 94 28 möjligt,
349 666 60 28 följa
424 666 23 22 L.
465 666 38 22 O:s
518 666 167 22 bestämmelser
700 666 42 22 och
754 667 32 20 att
796 666 7 21 i
815 666 99 28 enlighet
924 666 93 22 härmed

199 697 112 21 utskotten
327 696 138 22 omedelbart
480 696 55 22 böra
550 698 53 26 taga
618 696 52 28 ihop
686 696 51 22 med
753 695 38 22 sitt
806 696 82 22 arbete.
913 695 51 22 Men
980 696 36 22 det

199 726 72 22 finnes
292 726 45 27 fall,
359 726 28 21 då
402 726 122 22 uttskotten
540 726 49 22 icke
607 726 74 21 kunna
696 724 96 23 slutföra
807 726 38 21 sitt
861 726 81 21 arbete.
973 726 44 22 Det

198 756 73 22 finnes
287 756 84 29 frågor,
387 762 46 15 som
450 757 34 21 stä
499 756 8 20 i
523 757 32 20 ett
570 757 25 21 sä
604 758 55 20 nära
670 755 161 29 sammanhang
838 756 54 22 med
904 756 43 21 den
957 757 61 21 stora

199 787 71 28 fräga,
293 787 28 28 pä
341 786 90 21 hvilken
452 786 22 22 vi
495 793 30 13 nu
545 788 68 19 vänta
633 792 57 20 svar,
712 787 33 20 att
765 785 37 22 det
822 789 25 18 är
868 786 101 28 omöjligt
985 787 32 21 att

200 817 77 27 intaga
298 822 28 16 en
347 816 101 21 bestämd
468 815 135 29 ständpunkt
619 816 7 21 i
643 815 63 22 dessa
721 815 77 29 frägor
814 816 54 22 eller
884 816 132 22 ätminstone

199 847 33 21 att
252 845 55 22 fatta
328 847 32 20 ett
380 845 110 22 bestämdt
510 845 79 27 beslut,
610 847 53 20 utan
683 846 32 20 att
731 852 52 15 man
798 846 38 21 vet
851 847 32 20 att
899 845 43 22 den
958 846 59 21 stora

200 875 79 29 frågan
301 878 25 18 är
346 874 95 28 afgjord,
463 875 41 21 och
525 875 8 21 i
553 875 91 21 hvilken
659 874 100 29 riktning
775 874 43 22 den
833 874 73 23 blifvit
923 874 93 29 afgjord.

201 906 44 21 För
261 906 32 20 att
309 908 82 18 nämna
406 906 70 26 några
492 905 111 27 exempel:
620 904 34 22 En
670 904 70 28 fråga,
757 905 66 21 hvars
834 905 91 22 lösande
937 906 80 20 motses

201 934 51 22 med
275 934 37 22 det
335 935 80 21 största
437 934 93 22 intresse
554 934 25 22 af
599 941 28 15 en
650 935 45 20 stor
718 942 74 14 massa
814 934 153 29 medborgare,
992 937 25 19 är

200 963 166 29 otvifvelaktigt
386 964 188 28 rösträttsfrågan.
606 964 43 22 Om
667 964 40 28 jag
728 965 57 21 sutte
801 964 6 20 i
825 966 31 19 ett
872 964 89 27 utskott,
978 964 39 22 der

201 994 73 22 denna
293 993 65 29 fräga
378 994 157 26 behandlades,
556 995 71 21 mäste
640 995 41 27 jag
696 996 55 26 säga
766 995 39 25 att,
821 995 25 20 sä
861 994 103 28 benägen
977 994 40 28 jag

200 1027 29 18 än
250 1030 53 15 vore
323 1023 37 22 för
378 1024 151 28 längtgäende
545 1023 107 22 reformer
667 1024 8 21 i
691 1023 151 22 demokratisk
857 1024 106 28 riktning,
977 1024 41 28 jag

200 1053 37 23 för
257 1053 143 29 ögonblicket
420 1053 71 22 skulle
511 1060 54 15 vara
585 1055 80 26 ytterst
685 1053 108 27 tveksam,
810 1052 48 23 ifall
872 1054 146 28 regeringens

201 1083 106 29 ställning
323 1083 33 21 till
372 1083 99 29 lagarna,
487 1084 34 21 till
537 1082 68 23 folket
621 1090 54 15 vore
690 1083 136 26 densamma,
843 1090 47 15 som
907 1084 43 22 den
961 1084 57 21 varit

202 1114 69 21 under
292 1113 27 22 de
340 1114 90 28 gängna
446 1114 59 20 ären.
536 1113 143 29 Regeringen
694 1113 74 22 kunde
783 1114 41 21 lätt
841 1114 124 21 missbruka
980 1114 38 21 sitt

201 1143 66 21 välde
289 1142 63 22 öfver
373 1150 89 14 massan
483 1150 80 21 genom
584 1142 179 29 förespeglingar
784 1144 41 21 och
846 1142 69 23 löften
935 1156 29 3 —
977 1143 41 29 jag

201 1172 108 23 behöfver
324 1172 58 22 blott
397 1176 81 18 nämna
494 1174 31 20 ett
541 1172 46 27 ord,
603 1172 38 22 för
656 1174 32 20 att
704 1173 84 27 antyda
802 1173 60 21 hvad
875 1173 42 28 jag
931 1180 86 15 menar:

202 1202 197 22 mullvadsarbetet
415 1215 27 3 —
459 1202 54 22 eller
528 1209 82 21 genom
626 1209 27 15 en
669 1202 140 29 pressregim,
827 1202 69 22 sådan
906 1203 22 21 vi
940 1202 79 22 skådat

202 1232 43 22 den
261 1232 70 22 under
347 1232 28 21 de
390 1233 87 21 senaste
494 1233 59 26 ären,
571 1232 28 22 dä
609 1232 78 22 endast
698 1232 83 22 äsikter
792 1232 25 22 af
825 1240 27 14 en
862 1232 46 22 viss
919 1232 99 28 riktning

201 1262 42 21 fått
259 1262 89 22 komma
363 1262 34 21 till
413 1262 160 22 allmänhetens
589 1262 132 26 kännedom,
739 1268 50 16 men
806 1262 43 22 alla
865 1262 89 26 åsikter,
970 1269 48 15 som

201 1292 72 29 gätt
268 1286 14 39 i
289 1298 28 16 en
333 1298 75 14 annan
423 1292 106 28 riktning,
545 1290 74 23 blifvit
629 1293 29 27 pä
669 1292 37 21 det
716 1293 125 27 strängaste
852 1292 164 28 undertryckta.

202 1334 28 2 —
251 1320 73 22 Äfven
344 1328 28 14 en
393 1322 68 20 sådan
482 1320 69 28 fråga,
573 1328 46 14 som
640 1322 165 26 propositionen
826 1322 117 28 angående
963 1328 55 22 upp-

202 1350 113 22 rättandet
331 1349 26 21 af
370 1351 32 20 ett
416 1350 95 21 ordnadt
526 1350 193 22 notariatväsende
735 1350 128 27 innefattar,
874 1350 75 22 kunde
959 1352 60 20 möta

202 1380 75 21 starka
299 1379 185 29 betänkligheter.
515 1380 31 21 Så
566 1380 67 28 länge
655 1380 23 20 vi
698 1380 49 22 icke
769 1386 42 22 ega
826 1382 75 27 någon
916 1380 103 22 säkerhet

202 1408 37 23 för
262 1410 32 21 att
315 1409 183 23 embetsmännen
513 1409 71 22 blifva
600 1409 70 29 enligt
685 1410 152 28 grundlagens
852 1410 167 22 bestämmelser

201 1440 94 22 tillsatta
310 1440 41 22 och
368 1440 63 21 deras
448 1439 91 29 möjliga
553 1438 112 30 tjenstefel
681 1440 41 21 och
738 1440 147 22 kvarstående
901 1440 8 22 i
922 1440 96 22 embetet

202 1470 111 22 bedömda
337 1469 57 23 efter
413 1470 145 28 grundlagen,
579 1471 70 21 måste
670 1477 51 14 man
743 1477 55 15 vara
818 1472 80 26 ytterst
918 1470 100 22 tveksam

203 1500 33 22 att
256 1500 43 22 öka
320 1500 84 22 antalet
423 1500 137 22 embetsmän
581 1500 54 22 eller
650 1506 107 22 personer
773 1500 50 22 med
839 1508 27 14 en
883 1500 82 23 officiel
981 1501 38 22 ka-
