1114 1795
344 106 55 18 Tvm.
412 112 32 12 n:o
456 107 12 17 2
478 108 195 22 juovutusjuomista.
873 107 42 21 743

97 159 40 22 det
158 160 23 20 åt
200 160 182 22 rådhusstämma.
413 160 44 29 Jag
478 168 64 15 anser
559 161 42 22 ock
616 160 152 23 betänkandet
783 160 134 22 härutinnan

98 189 50 22 icke
164 188 199 24 öfverensstämma
381 190 50 22 med
447 191 73 21 tidens
535 190 55 23 kraf.
622 191 62 21 Hvar
700 191 42 21 och
757 197 27 15 en
800 192 44 24 vet,
860 190 56 22 huru

98 218 81 29 frågan
195 227 35 14 om
248 220 83 21 allmän
347 222 90 20 rösträtt
453 221 7 21 i
476 221 139 21 närvarande
631 221 32 21 tid
679 220 117 22 framträdt
812 220 50 21 med
878 228 38 13 an-

97 249 67 28 språk
186 250 42 20 och
243 248 119 23 framträdt
378 250 64 21 äfven
460 250 70 21 delvis
545 250 51 22 med
611 249 40 22 full
667 251 49 21 rätt.
744 250 45 21 Det
799 256 53 15 vore
863 250 55 27 godt

96 278 43 22 och
155 278 43 27 väl,
215 286 37 14 om
268 279 73 21 denna
357 280 113 21 allmänna
484 281 90 20 rösträtt
590 280 140 26 åtminstone,
746 282 41 18 när
798 280 38 20 det
846 279 72 27 gäller

97 307 80 29 frågan
194 315 36 15 om
247 308 131 29 afgörandet
394 308 26 22 af
432 309 27 21 de
475 308 163 26 förhållanden,
656 316 46 14 som
719 309 43 21 den
772 308 72 22 första
856 316 62 20 para-

97 336 81 30 grafen
202 340 136 25 omnämner,
362 338 75 22 kunde
455 338 89 23 komma
558 338 34 22 till
608 339 34 21 sin
658 338 148 29 tillämpning.
838 338 34 22 Då
888 345 30 15 nu

97 367 118 23 utskottets
238 368 142 22 betänkande
401 368 7 22 i
427 369 59 21 vissa
501 368 40 23 fall
556 368 149 23 öfverlemnar
721 369 92 21 ärendet
830 369 22 21 åt
867 368 49 22 råd-

98 398 164 22 husstämmans
285 399 138 28 behandling
446 399 40 22 och
510 400 28 21 då
558 398 118 22 utskottets
697 398 141 22 betänkande
854 398 8 22 i
878 398 39 22 all-

97 428 91 22 mänhet
212 428 109 22 erkänner
345 429 27 21 de
395 429 149 28 grundsatser,
567 436 47 14 som
637 429 114 21 motionen
772 429 7 21 i
796 428 122 22 allmänhet

97 458 130 26 innehåller,
252 460 24 20 så
299 465 67 21 synes
381 458 37 22 det
434 459 46 28 mig
496 461 32 19 att
544 459 37 22 det
596 458 58 22 hade
670 459 58 21 varit
743 460 44 20 rätt
803 459 32 20 att
851 457 66 22 äfven

98 488 8 21 i
123 488 73 21 denna
211 489 79 26 ytterst
306 488 87 29 viktiga
408 487 64 30 fråga
488 487 57 30 följa
560 496 85 14 samma
660 488 151 29 grundsatser,
827 495 46 15 som
890 488 28 21 de

97 517 78 22 hvilka
190 518 90 22 uttalats
295 518 7 21 i
319 519 119 22 motionen.
470 519 32 27 Ty
519 519 77 22 endast
612 525 81 22 genom
710 520 32 20 att
757 519 72 21 tillåta
840 518 78 27 hvarje

97 548 35 21 till
155 548 134 22 kommunen
313 549 99 22 hörande
435 549 147 28 medborgare
603 550 32 20 'att
657 550 53 27 taga
726 549 36 21 del
777 549 7 21 i
801 548 27 22 de
844 547 72 23 öfver-

96 578 138 29 läggningar
249 579 42 21 och
307 578 79 26 beslut,
403 585 47 15 som
463 578 63 23 skola
542 578 77 29 afgöra
630 579 117 28 angående
757 578 162 28 utminutering

97 608 43 21 och
163 608 153 28 utskänkning
337 608 25 22 af
380 608 174 29 alkoholhaltiga
576 609 101 28 drycker,
694 608 77 22 endast
788 608 131 29 härigenom

98 637 45 22 kan
159 645 51 14 man
228 638 68 22 fostra
313 639 60 21 inom
390 638 160 23 kommunerna
560 638 74 23 denna
644 638 86 29 sedliga
740 638 177 23 ansvarskänsla,

99 675 47 14 som
169 671 24 18 är
211 668 135 29 nödvändig.
378 668 28 22 Vi
422 670 52 20 veta
490 670 31 20 att
538 669 42 21 den
596 668 80 27 fiende,
694 675 46 15 som
757 668 61 21 detta
834 667 84 29 lagför-

98 697 49 30 slag
170 697 39 22 vill
232 698 118 29 bekämpa,
370 701 24 18 är
415 705 27 15 en
458 700 51 20 svår
524 698 80 22 fiende.
635 697 50 23 Den
701 698 40 21 har
756 697 97 29 tillfogat
869 699 50 20 vårt

98 727 46 22 folk
161 728 68 28 djupa
245 729 35 20 sår
296 729 42 21 och
354 728 43 22 den
413 731 41 26 gör
470 728 37 22 det
523 731 59 19 ännu
598 728 43 22 den
656 728 66 21 stund
738 735 47 14 som
800 730 32 19 är.
863 727 55 22 Der-

98 757 39 22 för
159 758 78 27 tyckes
262 758 36 21 det
323 758 46 28 mig
392 765 54 14 vara
469 759 138 27 nödvändigt
630 759 32 20 att
678 758 78 28 hvarje
772 758 146 27 medborgare

98 794 55 20 eger
175 788 45 21 rätt
244 787 41 22 och
304 788 57 28 plikt
376 789 33 20 att
424 788 40 21 här
480 788 71 21 uttala
564 788 35 21 sin
615 788 57 21 åsikt
688 786 38 22 för
741 788 32 21 att
789 787 129 28 derigenom

98 817 73 28 stödja
195 817 37 22 det
255 817 76 22 arbete
355 817 38 22 för
415 817 155 28 nykterheten,
594 824 47 15 som
662 820 25 18 är
707 818 31 20 ett
756 816 110 22 lifsvilkor
882 816 37 23 för

98 846 52 22 hela
172 848 50 20 vårt
245 846 57 22 folks
325 846 97 22 framtid.
454 846 91 23 Således
565 848 7 20 i
594 847 60 21 detta
675 846 105 23 afseende
803 849 25 19 är
841 847 40 27 jag
896 846 26 22 af

97 883 75 15 annan
189 877 57 21 äsikt
262 880 28 18 än
306 876 113 22 utskottet.

170 918 51 22 Med
245 917 104 24 afseende
370 920 13 20 &
403 919 27 21 de
449 919 101 22 enskilda
565 917 159 30 paragraferna
740 917 125 29 medgifver
878 918 41 28 jag

97 949 35 21 att
155 949 117 21 utskottets
296 948 87 29 förslag
404 949 7 21 i
432 950 82 27 mänga
534 948 119 23 afseenden
669 948 94 22 innebär
779 954 27 15 en
823 947 96 22 förbätt-

99 979 52 28 ring
172 978 8 21 i
193 977 132 30 jemförelse
341 979 51 22 med
407 979 120 26 motionen,
544 985 51 15 men
611 978 116 29 angäende
743 978 64 21 dessa
823 977 95 22 enskild-

99 1009 64 21 heter
188 1009 38 21 vill
247 1008 41 29 jag
311 1009 50 22 icke
384 1016 29 14 nu
430 1009 5 20 i
453 1009 61 21 detta
529 1008 162 28 sammanhang
706 1008 70 21 uttala
792 1008 52 28 mig.
875 1008 45 28 Jag

98 1039 71 21 slutar
193 1038 50 22 mitt
266 1039 144 28 andragande
430 1039 50 22 meä
496 1039 42 22 den
554 1038 138 29 uppmaning
707 1037 34 22 till
757 1037 162 29 presteständet

98 1070 33 20 att
155 1070 55 20 trots
234 1068 27 22 de
276 1070 66 20 svära
357 1068 159 22 förhällanden
532 1069 7 21 i
554 1068 76 22 hvilka
646 1068 22 21 vi
685 1075 29 14 nu
729 1067 66 27 lefva,
810 1069 56 20 trots
882 1068 38 21 det

100 1098 95 26 mörker,
213 1105 46 15 som
275 1098 74 22 hvilar
364 1097 63 23 öfver
442 1099 49 21 värt
507 1099 64 22 lands
586 1097 97 27 framtid,
697 1097 50 22 icke
757 1098 101 28 upphöra
868 1097 52 22 med

99 1128 88 22 arbetet
209 1127 38 22 för
272 1128 37 22 det
332 1128 86 29 sedliga
441 1127 74 23 lifvets
538 1128 123 29 stadgande
678 1128 41 21 och
735 1127 95 28 höjande
846 1127 8 22 i
870 1129 49 20 värt

99 1158 59 21 land.
190 1158 68 21 Detta
280 1165 54 14 vore
358 1159 32 20 att
413 1158 64 21 kasta
500 1165 60 21 yxan
581 1158 7 21 i
604 1159 56 26 sjön,
677 1159 31 20 att
724 1157 107 28 hängifva
846 1157 35 28 sig
897 1158 23 20 ät

99 1188 140 28 hopplöshet.
271 1187 48 22 Och
343 1189 31 20 ett
398 1188 76 21 arbete
496 1188 70 21 under
589 1187 133 28 hopplöshet
739 1187 45 21 kan
799 1187 50 22 icke
865 1187 55 21 bära

99 1219 59 20 rätta
181 1217 91 27 frukter,
297 1217 38 22 det
354 1217 82 22 saknar
452 1217 42 22 den
510 1217 135 29 innerlighet
660 1217 43 22 och
719 1216 135 26 hänförelse,
872 1223 47 15 som

99 1248 79 28 hvarje
199 1247 76 22 arbete
291 1247 38 22 för
344 1247 28 22 de
388 1247 86 29 sedliga
490 1248 116 21 makterna
622 1248 70 21 mäste
708 1246 74 23 hafva.
814 1246 43 23 För
872 1246 47 21 min

98 1277 39 22 del
154 1278 67 27 hyser
234 1278 40 28 jag
290 1277 37 22 det
342 1278 60 27 hopp
418 1279 32 20 att
465 1277 163 28 presteständet
640 1277 56 21 skall
707 1278 53 27 taga
772 1277 72 21 denna
855 1276 65 28 fräga

99 1307 72 23 under
187 1307 76 22 debatt
279 1307 41 22 och
336 1307 64 28 gifva
415 1307 37 22 sitt
468 1307 120 22 understöd
604 1308 22 21 ät
642 1306 28 22 de
685 1307 149 28 grundsatser,
851 1313 47 15 som
913 1307 7 20 i

99 1337 64 22 detta
177 1336 125 30 lagförslag
317 1337 75 21 blifvit
407 1337 135 22 framstälda.

173 1415 66 21 Filos.
247 1415 82 21 tohtori
339 1416 123 20 Forsström:
480 1414 158 27 Täydellisellä
645 1413 215 28 yksimielisyydellä
869 1414 52 20 ovat

100 1447 68 18 nämä
176 1444 145 27 valtiopäivät
328 1444 115 21 toimineet
450 1443 105 21 laillisten
564 1443 72 27 olojen
645 1441 191 29 palauttamiseksi
845 1441 76 22 mikäli

99 1480 26 15 se
141 1480 29 15 on
186 1473 81 22 heidän
282 1472 126 22 vallassaan
424 1472 60 22 ollut.
515 1471 154 28 Valtiosäädyt
684 1472 52 21 ovat
749 1471 91 22 tehneet
850 1471 71 21 tehtä-

100 1506 76 19 vänsä.
211 1520 9 9 ,
223 1503 64 22 Ultra
308 1509 64 22 posse
392 1509 65 16 nemo
474 1502 131 28 obligatur.*
638 1501 70 22 Mutta
723 1503 61 20 tämä
800 1501 47 22 ensi
864 1500 57 28 sijan
