1098 1792
197 115 44 23 226
430 114 131 23 Pappissääty
571 112 78 24 jouluk.
662 113 23 17 29
698 118 19 18 p.
730 112 51 18 1904.

197 167 105 29 förbigås
316 167 41 23 och
373 166 91 23 heröras
480 166 57 22 både
553 166 7 22 i
575 166 117 22 utskottets
708 166 141 22 betänkande
865 165 42 22 och
922 165 8 21 i
946 172 70 15 reser-

197 198 106 20 vationen
324 196 78 23 endast
422 197 8 21 i
446 196 113 21 allmänna
574 196 99 28 ordalag,
690 202 50 15 men
757 196 65 21 dessa
837 195 93 27 detaljer
945 195 71 21 skulle

197 226 58 24 dock
275 226 62 28 gifva
357 233 28 15 en
406 228 60 19 ännu
481 226 106 28 skarpare
603 225 119 28 belysning
738 226 23 20 åt
776 225 28 21 de
820 225 139 28 svårigheter
975 224 41 22 och

197 256 28 24 de
241 256 98 28 olyckor,
355 262 48 16 som
418 255 112 29 öfvergått
546 256 49 21 vårt
610 255 59 21 land.

269 286 114 22 Professor
404 285 121 22 Danielson
546 285 99 22 uttalade
665 285 41 28 sig,
727 284 73 22 såvidt
816 284 40 29 jag
872 284 74 22 kunde
962 284 55 22 höra

197 316 56 24 hans
268 316 121 26 uttalande,
406 316 116 28 angående
538 316 27 22 de
581 316 82 28 många
679 314 66 28 faror,
761 322 48 15 som
824 315 53 21 hota
893 316 49 20 vårt
957 314 59 27 land,

198 346 8 23 i
225 346 107 23 händelse
351 346 130 22 ständernas
497 345 114 23 uttalande
627 346 41 28 går
683 344 37 23 för
736 345 62 29 långt
814 345 54 22 eller
884 344 133 22 framställes

198 376 8 22 i
221 376 44 22 den
280 376 64 27 form,
361 376 63 22 hvari
441 376 118 22 utskottets
574 376 142 21 betänkande
732 378 25 18 är
773 375 109 21 affattadt.
913 375 45 28 Jag
973 375 44 21 kan

198 406 50 24 icke
269 408 68 20 annat
357 406 62 22 finna
440 408 27 19 än
489 408 32 19 att
543 406 67 26 detta,
627 406 72 20 såsom
715 406 69 20 redan
800 405 40 21 har
856 405 121 26 anmärkts,
993 408 25 18 är

198 442 29 17 en
248 436 111 28 subjektiv
382 435 150 29 uppfattning,
557 442 48 15 som
627 435 45 21 kan
695 434 68 22 hafva
786 442 48 14 mer
853 435 55 21 eller
931 434 86 22 mindre

198 466 140 22 sannolikhet
353 465 39 22 för
407 466 41 28 sig.
473 465 42 21 Om
532 472 51 14 man
599 472 81 21 genom
697 472 27 14 en
740 464 125 22 förändrad
875 466 39 20 ton
925 466 7 20 i
943 466 74 27 någon

198 496 52 23 mån
274 496 43 22 kan
341 495 45 22 kan
406 494 100 29 aflägsna
527 495 28 22 de
575 495 177 28 oegentligheter
773 495 42 21 och
838 494 43 22 den
904 494 113 22 bristande

198 525 83 27 värme,
302 532 47 15 som
365 525 44 21 han
426 525 41 21 och
484 524 66 22 äfven
566 525 69 21 andra
651 524 110 22 framstält
776 526 47 20 mot
838 524 118 22 utskottets
972 531 45 15 mo-

198 555 104 27 tivering,
318 556 26 20 så
358 554 73 22 finner
444 555 41 28 jag
500 554 39 22 för
555 555 46 21 min
617 554 35 22 del
668 554 50 22 icke
733 556 69 26 något
819 554 78 22 hinder
911 554 106 26 deremot,

198 586 54 22 utan
272 584 72 22 skulle
365 591 54 15 anse
441 585 37 21 det
498 584 34 22 till
548 585 41 21 och
606 584 50 22 med
671 591 55 15 vara
742 591 28 15 en
785 584 82 22 fördel.
899 584 50 21 Men
967 590 51 15 man

198 616 71 20 måste
290 615 93 21 besinna
403 616 39 25 att,
464 621 35 15 om
521 614 120 22 ständerna
662 614 70 21 uttala
753 614 35 28 sig
807 614 95 22 rörande
922 614 27 21 de
965 614 54 21 sista

199 645 64 21 årens
284 644 118 23 händelser
423 644 42 22 och
484 644 27 22 de
527 644 264 29 lagstiftningsåtgärder,
808 650 46 15 som
871 644 40 21 här
927 650 91 22 genom-

199 673 58 23 förts
273 674 71 22 under
360 674 27 22 de
403 675 87 21 senaste
507 675 60 25 åren,
583 675 25 20 så
623 674 71 28 gäller
705 674 36 22 det
752 673 264 29 lagstiftningsåtgärder,

198 703 131 29 föreslagna
344 703 25 22 af
377 706 81 19 tvenne
470 711 93 15 numera
573 703 83 22 aflidna
666 710 112 22 personer,
790 704 76 21 herrar
877 704 90 21 Plehwe
977 703 41 22 och

198 733 123 23 Bobrikoff..
346 734 98 21 Numera
458 734 64 21 torde
538 734 62 21 såväl
616 734 60 21 inom
693 734 27 21 de
731 734 68 28 ryska
809 734 140 28 intelligenta
960 734 58 22 kret-

199 770 66 16 sarna
285 770 48 15 som
353 764 144 28 enstämmigt
518 764 7 21 i
546 765 49 20 vårt
615 764 52 21 land
689 764 111 21 erkännas
816 766 31 19 att
863 764 27 21 de
907 764 110 28 åtgärder,

199 800 47 15 som
266 795 28 27 på
309 794 73 28 grund
398 793 25 22 af
436 794 64 21 dessa
515 800 117 22 personers
648 793 88 29 förslag
751 793 75 22 blifvit
841 795 57 20 satta
914 794 8 21 i
934 794 83 26 verket,

199 823 46 22 ledt
261 823 33 21 till
310 822 90 23 förderf
413 824 42 21 och
471 824 144 28 oberäknelig
631 824 70 20 skada
717 823 37 22 för
770 824 51 21 hela
831 824 48 21 vårt
891 824 58 20 land.
973 823 46 29 Jag

200 852 39 22 vill
262 853 49 22 icke
334 854 53 27 taga
411 853 101 28 exempel
536 852 49 22 från
609 860 61 14 mera
693 853 114 22 utbildade
828 853 192 22 konstitutionella

199 882 78 22 länder
297 883 42 21 och
360 886 54 25 säga
431 885 38 24 att,
486 889 36 15 om
538 884 108 27 regenten
661 882 73 22 finner
750 883 48 21 sina
813 882 139 29 rådgifvares
969 883 49 21 råd-

200 912 49 29 slag
263 912 68 22 hafva
346 911 48 23 fört
409 912 35 21 till
460 913 86 27 olycka,
563 913 29 21 då
607 912 23 21 få
646 913 27 21 de
690 911 52 30 afgå
758 913 41 21 och
815 913 45 21 han
876 914 93 20 ersätter
980 913 37 21 de-

200 949 85 15 samma
308 942 51 23 med
381 949 45 21 nya
448 941 133 30 rådgifvare,
605 942 77 21 hvilka
704 943 75 21 kunna
799 942 62 29 gifva
882 943 72 21 bättre
971 943 46 21 råd.

200 972 50 22 Men
271 972 7 21 i
297 973 74 27 någon
388 973 52 20 män
456 975 25 18 är
496 972 152 22 förhållandet
665 972 57 21 dock
738 973 129 21 detsamma.
899 972 50 22 Den
965 979 54 22 upp-

200 1001 103 29 fattning,
320 1009 46 14 som
384 1009 92 14 numera
492 1002 39 21 allt
542 1002 137 22 allmännare
690 1002 132 22 framträder
833 1003 59 21 inom
904 1003 37 21 det
952 1003 67 27 ryska

200 1031 123 27 samhället,
345 1034 24 19 är
390 1031 57 22 dock
468 1032 6 21 i
496 1032 44 27 hög
561 1032 55 28 grad
637 1032 105 22 liknande
758 1031 172 30 uppfattningen
946 1033 7 20 i
971 1033 48 21 vårt

201 1063 50 26 eget
271 1061 59 22 land.
361 1061 45 29 Jag
427 1061 38 22 vill
486 1062 87 28 påpeka
589 1063 32 20 ett
636 1061 149 27 förhållande,
801 1069 48 14 som
865 1063 46 20 står
927 1062 92 22 härmed

200 1091 8 21 1
229 1091 95 29 analogi.
377 1099 10 14 År
410 1092 56 21 1846
483 1091 108 22 framlade
607 1092 67 27 ryska
690 1092 199 22 inrikesministern
906 1092 113 28 Perovsky

200 1120 62 22 inför
277 1121 62 22 Hans
356 1121 102 28 Majestät
470 1122 40 21 och
522 1121 163 28 rikskonseljen
696 1124 32 19 ett
740 1122 86 29 förslag
836 1125 32 19 att
880 1121 139 30 fullständigt

200 1150 125 24 russificera
336 1151 101 27 Finland,
450 1153 30 20 ett
491 1151 93 29 förslag,
595 1159 53 14 som,
660 1155 40 18 när
711 1159 51 14 man
771 1152 114 21 betraktar
893 1153 126 28 regerings-

200 1181 134 28 åtgärderna
349 1181 71 22 under
436 1181 28 22 de
480 1182 52 21 sista
548 1181 45 22 fem
605 1183 52 20 åren
669 1181 39 22 hos
719 1189 42 18 oss,
773 1189 65 20 synes
849 1184 80 26 utgöra
939 1182 81 27 själfva

199 1211 196 28 utgångspunkten
421 1211 39 21 för
486 1211 119 22 desamma.
665 1212 119 21 tminstone
810 1211 209 22 öfverensstämmer

200 1239 43 23 den
267 1241 126 21 dåvarande
413 1241 211 22 inrikesministerns
645 1240 88 29 förslag
753 1243 25 20 så
798 1241 82 29 tydligt
901 1242 51 21 med
972 1242 47 25 allt,

199 1269 60 22 hvad
280 1270 7 21 i
307 1271 49 21 vårt
377 1271 52 20 land
450 1271 71 21 under
542 1271 64 22 dessa
626 1272 25 20 år
671 1271 105 26 inträffat,
794 1273 31 20 att
842 1278 51 15 man
909 1271 49 22 icke
975 1271 44 22 kan

200 1299 107 29 misstaga
330 1300 35 28 sig
385 1307 35 15 om
442 1302 32 19 att
495 1301 37 21 det
553 1303 24 19 är
598 1308 85 14 samma
703 1301 69 21 andas
793 1301 61 22 barn.
886 1301 50 22 Men
956 1301 63 22 Hans

200 1329 103 26 Majestät
319 1329 87 28 Nikolaj
423 1330 10 20 I
449 1330 170 21 tillbakavisade
635 1331 61 20 detta
711 1331 87 27 förslag
815 1333 73 18 såsom
906 1331 113 21 stridande

199 1360 46 20 mot
262 1358 106 21 Finlands
384 1359 70 28 lagar.
479 1359 50 20 Man
547 1360 70 20 måste
632 1359 120 22 förutsätta
763 1361 32 20 att
806 1361 39 20 vår
855 1367 30 14 nu
896 1360 123 28 regerande

199 1387 93 28 Kejsare
308 1387 50 22 icke
374 1388 40 21 har
430 1387 73 22 blifvit
520 1387 140 29 fullständigt
677 1389 91 28 upplyst
784 1396 36 14 om
836 1389 183 22 beskaffenheten

199 1416 26 22 af
243 1417 27 22 de
286 1417 92 29 förslag,
396 1425 47 15 som
460 1419 140 28 småningom
617 1418 33 21 bit
666 1417 39 23 för
720 1419 33 22 bit
770 1419 128 22 framställts
914 1420 34 21 till
964 1420 55 21 hans

199 1446 129 30 afgörande,
351 1450 52 19 utan
426 1447 67 22 hafva
515 1448 64 22 dessa
596 1448 116 22 inbäddats
729 1449 6 21 i
752 1450 24 21 så
793 1451 81 26 många
890 1450 129 21 uttalanden

199 1483 36 16 om
252 1477 156 23 bibehållande
425 1478 107 28 derjemte
548 1477 25 23 af
585 1478 86 22 landets
682 1479 112 22 autonomi
806 1481 32 20 att
850 1479 42 22 han
904 1479 115 30 lätteligen

199 1507 74 23 kunde
294 1508 71 22 blifva
385 1508 111 23 missledd.
528 1507 48 23 Och
598 1509 37 21 det
653 1511 25 19 är
694 1509 69 29 derpå
778 1517 48 14 som
843 1510 21 21 vi
881 1511 70 21 måste
966 1512 56 27 taga
