1098 1792
217 96 42 21 128
450 96 129 24 Pappissääty
590 95 76 23 jouluk.
679 95 23 18 21
715 101 18 18 p.
747 95 51 17 1904.

215 150 54 21 stäts
285 149 88 28 Nådiga
388 149 140 28 Forordning
543 149 116 27 angående
669 148 97 28 ändring
776 148 23 22 at
809 148 109 22 särskilda
928 148 104 28 stadgan-

215 179 43 21 den
279 179 95 21 rörande
394 178 93 28 tjänster
502 178 38 22 vid
559 178 124 22 civilstaten
703 178 7 21 i
726 178 95 22 Finland
837 177 25 22 af
876 178 44 22 den
935 178 47 27 1%/3,
991 178 42 27 juli

217 209 54 21 1902
295 208 135 22 bestämmes
453 208 29 22 bl.
503 215 19 14 a
544 209 32 20 att
599 208 105 27 »tjänster
725 207 26 22 af
767 207 104 22 VII-IX
886 207 147 28 rangklassen

214 238 99 22 besättas
329 237 25 22 af
367 237 167 23 vederbörande
549 238 161 28 Departement
725 238 7 21 i
748 237 104 27 Senaten,
864 237 51 22 med
926 236 107 22 General-

213 270 153 27 guvernörens
381 268 137 27 samtycke«,
534 269 57 20 samt
607 269 32 21 att
657 267 105 28 »tjänster
775 267 25 22 af
808 267 22 22 X
840 267 43 22 och
893 267 63 29 lägre
967 274 66 22 rang-

214 299 83 21 klasser
317 298 108 21 besättas:
448 311 27 2 —
497 311 27 2 —
547 311 25 3 —
589 298 39 21 vid
643 297 72 22 skilda
731 298 105 27 styrelser
851 299 57 20 samt
924 296 108 29 öfversty-

213 328 68 22 relser
297 328 42 21 och
355 328 50 21 dem
421 327 168 28 underlydande
603 328 56 22 verk
674 327 26 22 af
712 327 110 22 Cheferne
839 327 54 22 eller
908 327 125 22 Ordföran-

215 358 57 22 dene
288 359 7 20 i
311 358 70 27 sagda
396 358 123 27 styrelser.«
783 367 2 2 i

284 388 71 21 Dessa
375 394 45 21 nya
440 388 197 28 bestämningarna
657 387 67 22 hafva
742 387 50 22 icke
808 386 85 23 utöfvat
909 388 74 27 någon
999 387 33 21 in-

213 417 84 22 verkan
319 419 30 27 pä
367 417 132 22 besättande
515 417 25 22 af
553 417 235 28 öfverläraretjänster,
804 417 8 22 i
827 417 77 22 hvilka
919 417 39 22 fall
974 417 58 22 Eko-

213 448 74 22 nomie
297 447 183 29 Departementet
491 448 69 22 redan
571 449 62 20 förut
643 449 38 26 ägt
690 449 113 25 utnämna,
815 447 19 28 ej
844 447 70 22 heller
922 449 28 26 pä
959 447 75 22 besät-

213 478 66 21 tande
300 477 25 22 af
344 477 212 28 lärarinnetjänster,
577 477 93 22 emedan
686 477 181 29 rangordningen
883 477 50 22 icke
949 479 84 20 ansetts

213 508 128 28 tilllämplig
363 509 30 27 pä
415 507 130 23 lärarinnor.
576 507 51 22 Men
651 507 7 21 i
682 507 44 22 alla
749 507 73 28 öfriga
843 507 39 22 fall
902 507 40 22 har
958 514 74 15 annan

213 538 132 28 myndighet
366 537 84 29 tillagts
471 540 44 19 rätt
534 539 31 20 att
581 539 107 20 utnämna
704 537 41 22 och
762 537 144 28 möjligheten
922 539 32 20 att
970 537 8 22 i
993 537 38 22 be-

213 570 107 26 svärsväg
335 567 54 22 söka
405 567 96 30 ändring
517 568 40 21 har
572 567 117 22 uteslutits.
713 567 35 22 Dä
760 567 74 22 lektor
844 567 36 22 vid
892 567 139 30 fullständigt

212 598 88 27 lyceum
320 598 81 21 räknas
416 597 35 22 till
473 598 7 21 8
496 597 145 29 rangklassen
657 598 42 21 och
714 597 89 29 kollega
818 597 34 22 till
868 599 31 27 9,
913 599 118 20 utnämnas

212 628 28 22 de
255 627 26 22 af
293 627 109 23 Senatens
418 628 122 21 Ekonomie
556 627 166 29 Departement,
738 627 33 22 till
788 627 84 22 hvilket
883 623 148 32 Öfverstyrel-

212 665 38 15 sen
272 657 35 22 för
327 657 156 23 skolväsendet
504 658 104 21 insänder
629 657 307 29 ansökningshandlingarna,
953 657 78 22 därvid

212 687 136 23 förordande
373 694 27 15 en
426 687 26 22 af
472 687 133 23 sökandene.
636 687 51 22 Men
708 688 76 28 nägon
803 687 116 29 möjlighet
939 689 33 20 att
992 688 39 21 be-

211 721 65 19 svära
291 718 35 29 sig
341 717 63 23 öfver
420 717 182 28 öfverstyrelsens
618 717 78 29 åtgärd
712 717 123 23 förefinnes
851 718 55 21 icke.
935 717 48 22 Och
1002 718 29 21 dä

212 747 72 30 öfriga
299 749 93 27 tjänster
407 748 37 21 vid
461 747 255 22 elementarläroverken
732 751 38 18 äro
786 747 108 22 förenade
911 747 50 22 med
974 755 57 21 rang

212 779 7 20 i
240 778 23 22 X
286 778 54 22 eller
363 778 62 29 lägre
447 777 65 26 klass,
533 781 55 26 äger
608 777 78 23 chefen
705 777 35 22 för
756 777 227 30 Skolöfverstyrelsen
999 779 32 21 att

211 809 86 22 besätta
313 809 64 21 dessa
393 809 99 28 tjänster,
509 808 94 22 hvarvid
618 807 67 23 äfven
700 808 145 29 möjligheten
861 808 35 22 till
911 808 80 22 besvär
1005 811 26 20 är

211 839 116 22 utesluten.

282 868 36 22 Då
332 870 54 20 utan
401 868 78 22 vidare
494 868 135 28 motivering
643 868 102 28 tydligen
758 869 64 22 torde
832 868 99 27 framstå,
944 870 32 20 att
988 868 43 22 den

211 899 130 21 nuvarande
363 899 124 29 ordningen
506 898 36 22 för
557 899 134 28 tjänsternas
706 898 132 23 besättande
852 898 101 23 hvarken
968 899 62 22 inne-

210 929 41 21 bär
266 928 135 30 tillräckliga
416 928 113 30 garantier
544 928 35 23 för
595 936 26 14 en
638 928 90 29 allsidig
743 928 105 29 pröfning
858 928 26 22 af
892 929 139 22 sökandenes

211 959 130 28 kompetens
363 959 54 22 eller
438 958 130 30 tillräckligt
585 958 130 30 tillgodoser
731 959 138 22 sökandenes
884 960 51 25 rätt,
952 958 23 22 få
990 959 41 21 hos

211 989 139 29 högvördiga
365 988 165 23 Prästeständet
546 989 113 22 vördsamt
674 988 23 22 vi
712 989 96 27 anhälla,
822 989 38 21 det
876 988 88 22 ständet
977 988 53 22 ville

211 1020 139 28 gemensamt
365 1019 52 21 med
432 1019 28 22 de
476 1018 72 30 öfriga
563 1019 94 21 ständen
672 1019 134 28 petitionera
822 1019 77 22 därom

424 1080 38 25 att,
477 1078 52 22 med
545 1078 157 29 upphäfvande
717 1078 26 22 af
756 1078 96 22 anförda
861 1078 169 29 bestämningar

352 1109 8 21 i
378 1109 55 21 1902
450 1110 36 20 års
499 1107 138 30 förordning,
649 1108 28 22 de
687 1108 147 22 därtörinnan
845 1108 117 22 uttärdade
972 1107 59 23 före-

353 1137 121 23 skrifterna
496 1145 36 15 om
555 1138 131 22 hesättande
709 1138 25 22 af
749 1138 123 28 tjänsterna
890 1138 37 22 vid
943 1138 87 22 landets

353 1168 224 22 elementarläroverk
598 1168 41 22 och
661 1167 215 23 fruntimmerskolor
894 1170 48 20 äter
960 1169 69 21 mätte

352 1197 71 23 blifva
438 1198 110 28 gällande.

281 1256 141 30 Helsingfors
438 1257 44 22 den
498 1258 25 21 21
542 1257 118 23 december
678 1258 62 21 1904.

285 1318 23 21 V.
327 1319 22 20 T.
366 1318 135 26 Rosengvist.
799 1318 27 21 A.
842 1318 114 26 Bergroth.

282 1381 33 16 n:o
331 1376 28 21 34

403 1417 224 23 Kunnianarvoisalle
643 1416 188 29 Pappissäädylle.

281 1467 114 28 Kysymys
405 1466 210 29 rautatieyhteyden
626 1465 212 24 aikaansaamisesta
849 1465 180 30 Uudenkaupun-

209 1497 40 29 gin
268 1497 25 28 ja
315 1497 75 22 Turun
410 1496 144 29 kaupunkien
574 1495 76 23 välillä
670 1503 29 15 on
712 1496 24 28 jo
752 1495 63 23 kaksi
833 1496 32 22 eri
882 1496 76 23 kertaa
973 1497 55 22 ollut
