1100 1798
328 104 133 23 Loma-ajasta
473 105 190 24 valtiopäivätyössä.
861 106 44 21 317

92 163 46 16 som
159 157 41 29 jag
223 156 68 31 afsäg.
323 158 71 22 Tiden
413 161 25 19 är
454 159 48 22 icke
512 154 102 34 onyttigt
630 159 94 27 använd,
741 167 36 14 om
792 167 114 21 represen-

90 189 104 20 tanterna
214 189 67 20 sättas
301 188 8 21 i
324 187 89 24 tillfälle
430 191 31 20 att
477 190 6 21 i
500 190 52 29 lugn
572 189 4 22 i
592 190 96 22 hemmet
704 189 70 23 blifva
789 189 118 30 förtrogna

92 217 49 22 med
162 217 156 29 föreliggande
338 218 82 29 frågor,
441 220 41 21 och
503 219 114 22 resultatet
631 221 47 20 tror
691 220 40 29 jag
747 221 7 20 i
770 221 83 28 många
867 220 39 21 fall

91 247 71 22 skulle
184 247 70 22 blifva
277 248 72 22 bättre
372 251 29 19 än
420 256 36 19 nu,
478 249 28 22 då
525 251 207 27 representanterna
753 253 38 18 äro
807 251 100 28 tvungna

92 279 31 20 att
146 277 70 22 under
239 277 140 23 brådskande
402 279 177 22 sammanträden
600 279 120 22 i.ständen
737 280 41 21 och
793 280 113 21 utskotten

91 307 56 22 fatta
162 308 49 21 sina
227 307 78 27 beslut,
322 307 49 23 ofta
386 309 70 21 under
472 309 145 22 medvetande
634 309 24 22 af
671 311 31 20 att
718 309 28 22 de
759 309 50 22 icke
820 310 87 21 erhållit

90 337 121 30 tillräcklig
226 337 32 22 tid
274 337 37 23 för
327 340 31 21 att
374 338 115 29 begrunda
504 339 110 29 frågorna.

148 387 2 2 .
162 367 65 23 Hvad
236 369 118 22 statsrådet
368 363 118 39 Danielsons
495 369 110 22 uttalande
616 369 112 28 beträffar,
736 371 25 20 sä
767 369 40 22 har
813 369 39 29 jag
857 370 50 21 icke

91 399 42 21 sett
144 399 32 20 att
187 400 31 20 ett
228 398 101 28 yrkande
340 399 7 21 i
359 399 43 21 den
412 399 105 29 riktning,
529 400 43 21 han
584 399 104 28 antydde,
699 401 42 20 sett
753 400 79 29 dagen.
856 400 51 21 Men

91 435 35 14 om
143 429 25 20 så
183 435 53 15 vore
252 429 31 21 att
295 430 31 21 ett
337 429 54 22 eller
402 431 67 20 annat
480 429 64 22 stånd
555 429 54 22 eller
620 430 203 28 representationen
835 429 72 22 öfver-

91 457 84 23 hufvud
190 458 52 22 ville
256 457 91 23 afvakta
357 459 158 22 händelsernas
526 461 60 28 gång
597 459 37 22 för
645 461 32 20 att
688 460 69 21 under
768 460 140 21 närvarande

90 488 138 29 fullständigt
252 489 165 22 revolutionära
436 489 33 22 tid
485 489 78 27 erfara,
580 490 90 22 hvilken
686 490 89 28 lösning
791 490 42 22 den
849 489 58 22 sväf-

91 519 72 22 vande
179 518 79 30 frågan
274 519 89 23 komme
380 521 31 20 att
426 519 29 27 få,
472 521 24 21 så
506 527 53 15 vore
570 520 37 22 det
618 520 35 22 väl
665 520 49 22 icke
724 520 119 30 underligt.
869 520 39 22 Att

91 550 119 22 ständerna
230 550 173 28 sammanträda,
419 550 80 22 medan
516 558 28 15 en
559 550 130 29 fullständig
705 550 98 22 diktatur
818 550 66 23 råder
901 551 7 21 i

90 580 76 22 landet
189 580 41 22 och
251 580 80 22 medan
350 580 73 22 denna
439 581 97 22 diktatur
550 581 160 29 upprätthålles
724 583 54 20 utan
795 583 32 20 att
842 581 7 22 i
865 581 43 22 den

91 610 98 29 ringaste
205 612 52 20 mån
273 610 138 30 eftergifvas,
428 614 25 18 är
468 611 37 23 väl
520 612 74 28 något,
611 618 47 16 som
670 612 83 21 kanske
765 611 72 29 aldrig
847 611 60 23 före-

91 640 93 22 kommit
207 641 7 21 i
238 642 31 21 ett
292 641 177 22 konstitutionelt
491 642 112 22 samhälle.
635 641 44 23 Det
699 644 25 19 är
744 642 37 22 väl
796 642 50 22 icke
861 641 47 23 för-

92 671 108 26 vånande,
217 678 36 15 om
267 678 51 15 man
330 671 70 22 under
410 672 84 21 sådana
504 672 156 22 förhållanden
672 678 70 22 gerna
751 672 72 22 skulle
834 672 74 21 kunna

91 708 59 14 unna
174 701 34 29 sig
232 708 27 15 en
282 701 77 29 längre
379 701 32 22 tid
432 703 32 20 att
485 701 78 27 erfara,
583 702 109 21 huruvida
710 702 50 22 icke
776 709 28 15 en
820 702 25 22 af
858 702 50 22 hela

90 731 76 22 landet
189 730 85 23 önskad
297 732 40 21 och
361 730 26 23 af
400 731 44 22 alla
460 731 238 29 meningsskiftningar
717 732 61 22 inom
793 738 115 23 represen-

91 761 99 22 tationen
212 760 128 23 framburen
360 762 85 22 önskan
467 762 100 22 kommer
587 763 31 21 att
634 761 106 27 villfaras,
757 761 38 23 för
811 764 32 20 att
859 762 49 22 der-

92 791 58 23 efter
174 792 47 21 åter
241 792 92 28 vidtaga
351 792 52 22 med
423 792 91 22 arbetet.
543 792 47 29 Jag
608 794 26 20 är
649 792 39 22 för
710 792 46 22 min
779 792 37 22 del
836 791 72 23 öfver-

90 821 70 29 tygad
176 828 37 16 om
228 823 38 25 att,
283 821 48 22 ifall
346 822 42 22 ock
403 823 75 28 någon
494 822 80 22 förlust
587 822 7 22 i
608 822 32 22 tid
651 822 93 22 sålunda
753 822 72 22 skulle
836 822 72 22 åstad-

91 852 107 26 kommas,
217 852 70 22 under
305 853 25 21 så
351 852 106 22 abnorma
474 852 151 27 föhållanden,
646 859 46 15 som
712 852 37 22 för
769 852 139 22 närvarande

91 882 55 22 råda
168 882 42 22 och
233 882 90 22 hvilken
341 881 126 23 tidsförlust
482 885 79 20 nästan
582 882 51 23 med
653 882 167 29 nödvändighet
835 882 74 23 blifvit

91 912 139 27 framkallad,
248 914 31 21 ett
294 912 88 23 fortsatt
398 913 76 22 arbete
490 913 69 22 under
574 913 124 29 lyckligare
713 913 110 29 auspicier
838 913 71 22 skulle

91 944 30 27 gå
143 943 51 22 med
215 943 90 28 mycket
325 943 113 28 hastigare
458 942 44 23 fart
521 944 41 21 och
578 943 90 29 mycket
684 943 110 22 snabbare
809 943 51 22 leda
875 943 35 22 till

92 980 26 15 en
142 973 85 29 lycklig
249 973 88 29 lösning
361 973 25 21 af
403 974 215 28 representationens
638 973 117 29 uppgifter
775 976 29 19 än
820 981 36 15 om
872 973 38 22 det

90 1003 106 28 tillstånd,
212 1010 48 15 som
276 1010 29 14 nu
322 1004 72 26 råder,
410 1003 146 23 oförändradt
571 1004 101 22 kommer
688 1005 31 20 att
734 1003 100 23 fortfara.

162 1063 122 23 Professori
295 1064 70 28 vphra
375 1063 89 22 Palmén:
476 1064 60 22 Minä
547 1064 80 29 pyysin
638 1064 172 29 puheenvuoroa
818 1064 92 22 lähinnä

92 1100 38 15 sen
152 1093 104 29 johdosta
276 1095 46 20 että
346 1094 98 28 provasti
460 1094 168 22 Wennerström
644 1094 67 22 täällä
726 1094 73 28 kysyi,
816 1094 54 22 mitä
886 1100 23 16 se

92 1123 125 28 merkitsisi,
232 1124 34 28 jos
278 1124 142 28 pappissääty
432 1124 65 22 tekisi
508 1124 82 28 jonkun
602 1124 121 28 päätöksen
735 1124 88 23 asiassa.
848 1124 30 22 Se
889 1124 20 22 ei

92 1154 105 22 merkitse
220 1154 85 22 mitään
324 1156 77 19 muuta
421 1153 53 22 kuin
495 1155 83 21 milloin
594 1156 64 26 sääty
672 1154 86 28 jonkun
774 1161 67 15 muun
857 1156 52 26 pää-

92 1184 78 22 töksen
185 1184 71 26 tekee,
273 1184 112 28 olkoonpa
398 1191 23 15 se
431 1184 67 22 missä
509 1185 82 21 asiassa
601 1184 99 22 tahansa.
724 1184 59 22 Aina
793 1184 117 22 mahdolli-

92 1221 51 15 suus
166 1221 27 15 on
210 1214 84 27 edessä,
311 1216 46 20 että
372 1216 64 26 sääty
449 1214 54 28 joko
518 1215 36 28 jää
570 1214 64 29 yksin
650 1214 32 22 tai
697 1221 29 15 on
742 1221 76 15 samaa
834 1214 76 22 mieltä

92 1244 72 22 toisen
179 1244 85 28 säädyn
280 1244 87 27 kanssa,
382 1244 60 28 jossa
457 1245 144 28 tapauksessa
617 1244 63 22 kaksi
696 1246 79 26 säätyä
788 1245 39 28 jää
842 1244 68 22 kahta

92 1276 102 25 vastaan;
215 1274 113 22 silloinkin
345 1274 97 22 lausuttu
458 1275 112 28 mielipide
585 1275 103 21 raukeaa.
718 1275 80 21 Päätös
814 1282 29 14 on
856 1274 55 28 joka

93 1304 144 29 tapauksessa
252 1306 75 20 tämän
343 1304 84 28 säädyn
443 1305 100 28 puolesta
557 1305 97 21 tehtävä.

164 1334 104 22 Samassa
291 1334 46 22 kun
352 1334 93 22 minulla
465 1341 28 15 on
508 1335 164 28 puheenvuoro,
688 1334 91 29 pyydän
795 1335 115 21 huomaut-

93 1366 38 20 taa
151 1366 45 20 että
215 1364 119 29 professori
349 1364 115 22 Donnerin
480 1366 111 20 esittämät
606 1366 52 27 syyt
677 1364 142 22 melkoiseksi
838 1364 73 22 osaksi

94 1396 52 20 ovat
160 1395 69 28 hyvin
246 1394 91 29 onttoja.
372 1394 28 22 Ei
414 1395 37 22 voi
467 1395 78 22 viitata
560 1395 71 22 siihen
648 1396 45 21 että
707 1394 204 23 formaliteetteihin

94 1425 61 20 näitä
171 1425 144 27 valtiopäiviä
331 1424 126 27 aljettaessa
472 1425 49 20 olisi
537 1426 91 25 mennyt
644 1424 65 21 aikaa
724 1428 118 18 enemmän
858 1425 53 20 kuin

94 1453 128 22 muitakaan
243 1453 144 28 valtiopäiviä
403 1454 135 27 aljettaessa;
554 1453 131 22 tietääkseni
701 1454 60 21 meni
777 1454 71 21 siihen
860 1453 51 28 yksi

95 1483 66 29 päivä
176 1483 133 22 vähemmin.
336 1483 40 22 Jos
391 1483 113 28 puhutaan
520 1483 168 28 väsymyksestä
700 1483 25 28 ja
741 1483 66 22 niistä
822 1483 89 29 ponnis-

95 1513 101 28 tuksista,
211 1513 53 29 joita
281 1513 80 28 säädyt
376 1513 68 22 muka
459 1515 52 20 ovat
526 1515 90 20 saaneet
632 1513 82 28 kestää,
730 1513 48 22 niin
794 1520 23 15 se
833 1515 79 20 tuntuu
