1103 1789
201 111 63 20 42—
433 109 129 24 Pappissääty
573 109 77 24 jouluk.
663 109 24 18 14
698 115 20 17 p.
731 109 53 17 1904.

203 164 58 26 ånyo
276 162 126 29 framlägga
417 162 86 29 frågan,
519 163 8 21 i
543 162 39 22 full
592 161 140 30 förvissning,
744 163 33 20 att
787 161 164 22 Presteståndet
961 161 56 22 skall

202 192 102 28 behjerta
319 192 43 22 och
377 191 62 30 gifva
454 192 38 21 sitt
506 192 120 22 understöd
642 193 22 20 åt
680 192 135 21 densamma.

274 239 44 22 Det
340 239 63 22 torde
425 240 19 27 ej
467 239 75 22 kunna
557 239 25 22 af
596 241 74 26 någon
686 239 50 22 med
752 238 39 29 fog
806 238 116 27 bestridas,
939 239 31 21 att
987 239 32 21 ett

203 268 25 23 af
247 269 27 22 de
289 269 123 22 förnämsta
427 269 101 22 vilkoren
544 268 36 23 för
594 269 204 28 upprätthållandet
814 267 25 23 af
852 268 110 29 sedlighet
977 268 43 22 och

203 299 95 28 ordning
318 299 61 21 inom
399 299 117 21 samhället
535 301 31 24 är,
588 300 32 20 att
641 299 27 21 de
683 298 61 22 inom
760 298 60 22 detta
836 298 106 28 gällande
955 298 66 28 lagar

203 329 40 21 och
265 329 44 22 den
329 328 177 22 administrativa
527 328 124 29 ordningen
670 329 57 20 samt
743 328 28 22 de
786 328 35 21 till
837 328 129 22 densamma
980 327 39 22 hö-

203 358 69 22 rande
291 358 92 29 stadgar
403 358 50 22 icke
473 358 56 22 blott
550 359 49 21 icke
615 358 70 21 strida
700 359 66 26 emot,
782 359 54 20 utan
851 360 96 19 tvärtom
960 364 60 22 noga

203 387 198 23 öfverensstämma
415 388 52 22 med
482 388 42 22 och
539 388 72 28 stödja
626 388 132 22 hvarandra.
790 387 46 23 Der
852 388 61 21 detta
928 387 51 22 icke
995 390 26 19 är

203 418 68 26 fallet,
294 418 39 22 der
354 418 147 28 polismakten
522 418 107 22 tolererar
644 417 41 23 och
701 417 101 22 utfärdar
817 417 152 29 reglementen
985 417 36 22 för

203 448 86 28 sedliga
305 446 213 28 missförhållanden,
535 448 76 22 hvilka
627 448 43 22 den
686 447 112 22 allmänna
813 447 67 29 lagen
891 448 77 21 dömer
978 448 42 21 och

203 478 108 28 belägger
327 478 50 22 med
393 478 68 26 straff,
478 478 38 21 der
532 479 69 21 måste
618 478 27 21 de
661 478 87 28 sedliga
762 478 129 28 begreppen
906 477 113 26 förvirras,

201 508 25 27 ja
241 506 106 23 förvildas
367 508 41 21 och
424 508 44 21 alla
483 506 81 28 försök,
581 514 48 15 som
644 508 8 20 i
667 508 135 28 sanningens
818 507 41 22 och
870 507 153 28 sedlighetens

203 538 94 21 intresse
319 540 66 26 göras
409 538 33 21 att
465 537 66 28 stäfja
552 537 42 22 och
614 536 132 23 öfvervinna
767 537 37 22 det
820 537 58 22 onda
893 537 42 21 och
951 536 70 22 fostra

204 567 127 22 menniskor
347 567 34 21 till
397 567 116 29 sedlighet,
524 566 118 23 försvåras.
668 567 68 21 Detta
746 566 44 22 blir
800 567 7 21 i
819 567 121 28 synnerhet
950 566 69 27 fallet,

204 597 29 21 då
253 597 28 21 de
296 596 178 22 administrativa
489 597 186 29 myndigheterna
690 597 86 21 skänka
791 598 33 20 ett
839 597 54 21 visst
909 596 73 28 skydd
997 598 23 20 åt

203 626 107 22 ofvarena
333 626 26 22 af
379 628 31 20 ett
432 627 125 29 uppenbart
580 626 94 23 lastfullt
696 626 100 22 lefverne
818 627 41 21 och
875 633 82 22 genom
971 626 50 22 sina

204 656 104 29 åtgärder
328 664 67 20 synas
411 657 53 27 vilja
480 657 74 22 lemna
569 657 113 29 garantier
696 656 36 22 för
747 658 31 20 ett
794 656 115 22 ostraffadt
925 656 95 22 öfvande

204 686 25 22 af
242 686 129 22 detsamma.
402 686 43 22 Det
461 690 25 18 är
502 686 88 23 derföre
601 687 42 21 den
655 694 15 15 s.
683 687 21 21 k.
715 686 192 30 reglementerade
917 686 103 29 prostitu-

203 716 82 27 tionen,
302 716 91 22 hvilken
408 716 149 23 förekommer
573 717 7 22 i
596 718 49 21 vårt
660 716 64 22 lands
740 718 70 21 större
820 717 81 27 städer,
912 720 25 18 är
948 716 73 30 egnad

203 748 33 20 att
258 746 96 23 förvirra
377 746 27 23 de
427 747 85 29 sedliga
537 747 129 29 begreppen
688 748 58 21 samt
768 746 151 30 undergräfva
941 746 80 29 själfva

203 776 147 29 grundvallen
366 776 35 23 för
416 777 128 22 samhällets
559 779 58 20 rätta
632 777 93 22 bestånd
741 777 43 22 och
799 777 135 29 utveckling.

274 818 45 22 Det
338 822 25 18 är
385 819 130 28 visserligen
537 819 90 26 bekant,
649 820 32 20 att
704 826 51 15 man
776 819 50 22 sökt
841 819 115 22 'motivera
979 819 41 22 och

203 851 100 19 törsvara
326 848 43 22 den
392 849 191 28 reglementerade
605 849 171 29 prostitutionen
800 849 96 27 dermed,
919 850 32 20 att
967 849 52 22 den-

203 885 86 15 samma
311 878 70 22 skulle
405 880 29 26 pä
454 880 32 20 ett
507 879 112 22 verksamt
640 880 44 20 sätt
704 879 125 22 motarbeta
844 879 43 22 den
903 879 117 21 veneriska

203 908 102 22 smittans
327 908 117 29 spridning
466 911 58 19 samt
545 911 32 19 att
598 909 73 21 denna
690 908 132 30 anordning,
838 916 48 14 som
901 908 119 29 prisgifver

204 938 101 22 enskilda
325 938 113 28 olyckliga
454 939 22 21 ät
492 939 102 22 otuktens
610 938 86 27 elände,
712 938 130 29 härigenom
859 938 71 22 skulle
946 938 73 22 säker-

203 968 65 21 ställa
284 968 70 21 andra
369 970 46 19 mot
430 967 122 27 förförelse,
568 975 50 15 men
633 968 65 21 dessa
706 968 138 28 påståenden
855 971 38 19 äro
904 968 50 21 icke
965 968 56 22 blott

204 998 6 21 i
231 997 35 28 sig
285 997 127 29 förhatliga,
432 999 93 21 emedan
545 998 27 22 de
588 998 107 22 innebära
711 999 31 21 ett
757 997 166 30 förtrampande
939 997 26 22 af
978 998 43 22 den

204 1027 101 22 enskilda
320 1028 142 21 menniskans
477 1030 49 25 rätt,
544 1028 27 22 de
587 1031 38 18 äro
641 1028 42 21 ock
698 1028 114 22 stridande
828 1029 46 20 mot
889 1035 70 14 sanna
974 1027 46 23 för-

203 1057 121 23 hällandet.
355 1057 50 22 Den
421 1058 118 21 veneriska
549 1058 91 21 smittan
650 1058 51 21 med
712 1057 50 22 dess
772 1064 81 22 genom
865 1058 156 29 generationer

203 1087 94 28 gäende,
313 1087 8 22 i
337 1087 87 28 andligt
440 1087 41 22 och
498 1087 124 29 kroppsligt
638 1087 110 27 afseende,
764 1088 109 27 härjande
888 1087 81 29 följder
979 1088 41 21 har

203 1123 82 22 genom
301 1117 73 22 denna
388 1116 148 23 förnedrande
552 1117 126 28 anordning
693 1124 90 15 snarare
794 1117 78 22 vunnit
882 1118 59 21 ökad
951 1118 69 28 sprid-

203 1147 62 28 ning,
285 1147 95 21 emedan
401 1147 43 22 den
465 1147 130 28 osedlighet,
611 1154 49 15 som
674 1147 106 22 utbreder
796 1147 73 22 denna
884 1147 81 26 smitta,
982 1154 37 22 ge-

203 1182 52 16 nom:
276 1176 43 21 den
341 1176 191 28 reglementerade
548 1176 170 29 prostitutionen
734 1177 96 21 erhåller
845 1177 54 21 sken
915 1177 26 21 af
952 1177 67 22 tillåt-

203 1205 72 29 lighet
298 1207 57 20 samt
376 1206 96 27 åtnjuter
492 1208 31 20 ett
539 1207 55 21 visst
608 1206 72 28 skydd
696 1205 26 22 af
734 1206 148 29 polismakten
897 1207 42 21 och
954 1207 66 21 hvar-

204 1235 53 22 dera
271 1235 81 28 tyckes
367 1235 108 22 innebära
490 1236 128 22 medelbara
633 1236 164 29 uppmaningar
810 1236 35 21 till
855 1236 40 22 och
907 1237 114 28 garantier

203 1265 35 21 för
257 1266 32 21 ett
309 1265 117 22 ostraffadt
440 1265 97 22 öfvande
552 1266 23 21 at
590 1273 27 14 en
633 1265 63 28 synd,
713 1273 47 14 som
776 1265 58 22 både
849 1273 27 14 ur
891 1266 72 29 sedlig
978 1267 42 21 och

203 1295 118 28 hygienisk
341 1295 113 28 synpunkt
473 1295 85 23 medför
573 1295 101 22 namnlös
690 1295 142 23 förbannelse
846 1295 35 23 för
896 1296 123 27 samhället,

203 1324 150 27 familjelifvet
368 1325 42 20 och
425 1326 44 19 den
484 1325 106 21 enskilde.
622 1325 48 20 Och
682 1325 60 21 hvad
752 1325 108 21 beträffar
869 1325 150 22 föreställnin-

203 1359 50 22 gen,
275 1355 32 19 att
328 1360 51 15 man
400 1360 81 21 genom
498 1354 42 21 den
556 1354 192 27 reglementerade
763 1355 170 27 prostitutionen
949 1355 71 22 skulle

203 1383 75 21 kunna
301 1383 86 28 skydda
409 1385 46 19 mot
479 1382 121 27 förförelse,
625 1384 25 21 så
669 1386 25 18 är
716 1384 73 21 denna
809 1383 125 29 uppfattning
966 1386 53 20 utan

203 1412 77 29 hvarje
295 1413 80 28 grund.
407 1413 33 28 Ty
456 1420 27 15 en
500 1413 132 29 anordning,
649 1420 47 15 som
711 1413 130 22 framkallar
852 1414 41 21 och
904 1414 117 22 befordrar

203 1443 43 21 den
266 1443 99 28 mening,
385 1444 34 21 att
439 1443 62 22 otukt
522 1443 50 22 icke
587 1446 25 19 är
627 1443 58 28 synd
700 1443 55 22 eller
771 1445 33 20 att
819 1444 43 22 den
878 1447 25 18 är
919 1446 32 21 ett
965 1445 54 21 nöd-

202 1472 94 29 vändigt
318 1473 61 26 ondt,
403 1473 55 22 skall
482 1473 72 29 aldrig
573 1473 76 22 kunna
664 1473 86 28 skydda
767 1475 45 21 mot
827 1473 123 28 förförelse,
967 1476 53 21 utan

202 1504 96 20 tvärtom
318 1503 57 22 blott
395 1503 104 22 befordra
517 1503 161 22 tuktlöshetens
694 1503 45 23 flod
754 1505 33 21 att
803 1507 57 19 växa
876 1504 63 22 öfver
953 1504 66 22 bräd-
