1103 1795
203 116 44 20 570
425 115 127 24 Pappissääty
569 115 87 18 maalisk.
670 116 22 16 14
704 121 18 18 p.
736 115 51 17 1905.

202 167 35 23 för
260 169 78 21 denna.
370 169 49 21 Den
442 171 24 19 är
489 168 48 22 fullt
554 169 80 28 analog
649 169 50 21 med
715 169 42 21 den
773 168 59 22 förut
848 167 25 22 af
886 168 46 27 mig
948 167 65 21 fram-

204 198 77 21 stälda.
313 198 99 28 Skeppet
439 199 72 27 seglar
533 197 79 22 framät
637 198 68 21 under
728 197 54 22 fulla
805 197 67 28 segel,
896 199 68 20 stöter
986 198 29 27 pä

202 227 77 28 grund,
295 228 80 27 riggen
391 229 40 26 gär
446 228 85 25 sönder,
553 228 75 28 seglen
644 234 141 21 ramponeras
802 228 7 20 i
825 228 81 27 mänga
922 227 92 27 stycken

204 257 41 21 och
262 257 93 28 skeppet
370 258 45 20 stär
431 257 64 22 stilla.
526 257 28 22 Vi
569 257 96 22 behöfva
680 257 50 21 icke
745 264 54 14 vara
814 256 103 22 fackmän
933 255 35 22 för
984 257 30 20 att

203 286 61 22 finna
280 289 32 19 att
329 287 37 21 det
381 293 53 15 vore
449 294 27 14 en
493 287 102 28 däraktig
611 287 133 28 besättning,
761 294 47 14 som
824 287 70 21 skulle
909 287 58 20 rikta
982 287 32 20 sin

204 316 72 27 tanke,
293 317 37 20 sitt
346 316 77 22 arbete
439 318 28 27 pä
482 318 31 20 att
529 323 104 22 reparera
648 317 82 28 seglen,
742 318 57 20 sätta
809 323 30 21 ny
851 316 165 28 bordläggning

203 346 54 22 eller
282 345 100 29 afhjälpa
405 346 115 27 skadorna,
541 353 46 15 som
603 347 58 21 skett
676 347 29 28 pä
720 346 85 29 riggen.
822 346 57 22 Hela
894 346 121 22 besättnin-

203 383 54 21 gens
280 376 51 22 hela
353 375 59 22 kraft
435 378 70 21 mäste
529 377 157 22 koncentreras
708 377 29 28 pä
760 378 31 20 att
814 375 55 23 först
885 375 23 23 fä
923 376 92 28 skeppet

203 406 50 22 loss.
284 406 51 28 Nog
357 406 54 22 reda
435 407 20 21 vi
478 413 35 15 oss
536 407 50 22 med
607 407 27 22 de
650 407 74 28 gamla
740 413 35 15 om
791 407 42 21 ock
849 407 68 28 nägot
932 407 84 27 trasiga

203 436 82 28 seglen,
309 443 45 21 nog
377 436 53 22 reda
452 437 23 21 vi
498 443 35 15 oss
556 437 49 21 med
629 444 28 14 en
672 437 65 21 sliten
753 437 171 27 bordläggning,
941 443 35 15 om
994 437 20 20 vi

204 465 57 22 blott
275 466 90 21 komma
380 466 44 22 loss
440 466 48 22 från
504 467 101 28 grundet,
622 474 50 14 men
688 468 34 20 stä
737 467 22 21 vi
775 466 56 22 kvar
846 466 46 27 der,
904 468 24 20 sä
939 466 75 28 hjälpa

204 497 19 26 ej
241 496 28 22 de
284 496 65 21 bästa
364 496 61 28 segel
441 496 33 22 till
490 498 73 27 nägot.
595 497 34 26 Ja,
646 497 36 21 det
698 499 25 19 är
739 496 122 22 detsamma
877 496 89 22 hvilken
975 496 39 21 lik-

202 526 61 21 nelse
286 526 21 21 vi
324 526 108 21 använda.
463 526 28 22 Vi
507 526 88 22 komma
612 526 61 22 alltid
689 527 33 21 till
738 534 85 14 samma
839 526 97 22 resultat.
968 526 47 21 Och

202 556 22 20 vi
247 555 96 22 behöfva
369 556 49 21 icke
440 556 45 21 tala
508 557 8 20 i
530 556 111 22 liknelser.
672 556 42 22 Det
731 556 70 28 gäller
817 556 56 22 blott
888 558 32 20 att
930 556 85 26 utreda,

203 585 58 21 hvad
284 592 46 15 som
355 588 24 18 är
405 586 63 21 orsak
492 586 41 22 och
557 586 58 22 hvad
639 593 45 14 som
702 589 24 18 är
741 586 86 28 följden
843 586 41 22 och
900 586 68 22 sedan
984 588 32 19 att

205 614 48 22 icke
264 615 59 21 rikta
333 615 48 21 sina
393 616 102 28 ätgärder
505 617 46 21 mot
561 615 119 29 följderna,
691 617 53 20 utan
756 617 45 20 mot
812 616 100 22 orsaken.

273 645 102 21 Friherre
400 645 89 23 Palmén
512 646 41 21 har
574 647 50 27 sagt
647 647 31 20 att
701 646 36 21 det
766 646 49 21 icke
831 645 71 23 finnes
918 646 96 28 någon
1000 641 17 39 i

204 674 61 22 detta
280 675 65 21 stånd
364 675 42 21 och
421 676 49 21 icke
485 676 70 22 heller
571 676 6 21 i
594 676 69 22 andra
678 676 71 25 stånd,
766 682 47 15 som
829 676 50 21 icke
894 675 121 22 framhållit

202 706 32 20 att
250 704 37 22 det
302 705 66 21 råder
388 705 115 29 laglöshet,
520 712 47 15 som
583 706 49 21 icke
649 706 61 28 djupt
726 706 105 28 beklagat
847 706 73 21 denna
935 706 80 28 laglös-

203 734 36 22 het
262 735 41 21 och
319 737 49 26 sagt
385 737 31 19 att
433 735 36 21 det
484 738 25 18 är
525 736 36 21 det
577 736 119 28 vigtigaste
711 734 35 23 för
761 735 70 22 folket
855 737 31 20 att
902 736 43 21 den
961 742 54 22 upp-

203 764 45 22 hör.
279 764 44 22 Det
345 767 25 19 är
393 766 55 25 sant,
473 765 36 22 det
524 766 41 21 har
584 766 62 21 alltid
662 767 60 27 sagts
738 765 25 22 af
776 766 50 26 alla,
843 772 49 15 men
910 772 51 14 man
978 765 38 21 vill

201 794 72 21 tillika
293 796 33 19 att
341 794 119 22 ständerna
476 795 41 21 och
532 795 112 22 utskotten
660 795 62 21 skola
737 796 92 20 tillsluta
844 796 48 20 sina
908 798 58 26 ögon
981 794 36 22 för

203 824 72 21 denna
298 824 95 28 sanning
416 825 40 21 och
479 825 92 28 vidtaga
587 826 48 20 sina
650 825 103 27 åtgärder
769 826 41 20 och
827 825 77 22 arbeta
925 825 91 21 alldeles

202 854 72 20 såsom
297 861 37 13 om
357 854 73 21 denna
449 854 95 28 sanning
559 854 91 22 alldeles
666 855 48 21 icke
730 855 71 21 skulle
817 855 95 21 existera
928 855 6 21 i
950 855 64 21 verk-

203 882 98 29 ligheten
325 883 54 21 eller
401 890 47 15 som
465 884 42 21 den
523 884 90 21 alldeles
629 884 49 21 icke
694 884 70 22 skulle
780 884 67 21 hafva
863 886 73 26 någon
952 884 63 28 bety-

202 912 60 22 delse
277 911 35 23 för
327 913 37 21 det
381 913 81 26 arbete,
479 920 46 15 som
543 913 85 29 åligger
644 921 41 14 oss.
701 914 51 21 Man
768 914 45 21 kan
829 921 53 14 vara
893 913 25 22 af
926 914 89 27 mycket

202 942 59 21 olika
284 943 83 21 åsikter
389 949 36 15 om
449 943 36 21 det
501 943 139 29 lämpligaste
657 943 40 22 och
713 943 64 22 bästa
792 943 137 22 förfarandet
945 944 70 21 under

202 972 83 21 sådana
307 973 194 28 omständigheter.
538 973 44 29 Jag
598 973 61 22 delar
674 974 7 21 i
698 975 81 27 många
795 974 92 27 stycken
904 973 42 22 den
961 981 53 21 upp-

201 1001 102 30 fattning,
327 1009 48 15 som
398 1003 41 21 här
460 1003 90 22 uttalats
573 1003 26 22 af
618 1003 111 29 professor
751 1004 139 21 Hermanson
912 1003 102 22 särskildt

202 1031 59 22 hvad
284 1033 215 28 landtdagsarbetets
515 1033 102 22 formella
632 1033 155 29 berättigande
802 1035 76 27 angår.
909 1033 45 29 Jag
968 1035 47 20 tror

202 1061 41 22 ock
264 1064 32 19 att
311 1069 52 14 man
379 1063 84 21 kunnat
478 1063 82 22 handla
576 1064 7 21 i
599 1063 100 22 enskilda
714 1064 65 21 saker
795 1064 137 21 annorlunda
948 1067 28 18 än
992 1064 22 21 vi

201 1092 58 27 gjort
282 1093 7 20 i
312 1093 119 26 utskotten,
455 1100 49 15 men
528 1093 37 22 det
588 1096 25 19 är
635 1093 49 22 icke
702 1095 24 20 så
742 1094 40 21 lätt
798 1096 32 19 att
845 1094 51 22 med
912 1093 102 22 säkerhet

201 1124 60 26 säga,
277 1122 86 22 hvilket
378 1121 127 23 förfarande
520 1130 47 15 som
584 1126 25 18 är
624 1123 33 21 till
673 1125 83 27 största
768 1131 59 21 gagn
843 1123 35 23 för
893 1123 69 23 folket
973 1124 41 21 och

201 1152 81 22 landet.
315 1152 147 28 Domprosten
485 1152 172 30 Schwartzberg
680 1154 7 20 i
702 1154 37 21 sitt
755 1154 104 28 yttrande
874 1154 38 22 vid
927 1156 87 20 senaste

200 1182 89 27 plenum
312 1182 88 28 tycktes
423 1184 50 20 veta
497 1183 42 21 det.
571 1183 51 21 Han
645 1183 53 21 sade
714 1185 31 19 att
761 1184 43 20 han
820 1185 53 25 vet,
889 1185 32 20 att
938 1184 36 20 det
990 1186 25 18 är

200 1211 33 21 till
257 1211 81 22 folkets
361 1212 69 21 skada
449 1214 31 20 att
495 1212 84 22 förfara
595 1214 30 25 så,
642 1220 47 14 som
704 1213 135 29 landtdagen
855 1214 83 28 begått.
970 1213 44 28 Jag

200 1242 47 20 tror
262 1243 32 19 att
309 1242 44 21 han
369 1242 68 21 borde
453 1243 74 27 sagdt:
541 1243 40 28 jag
596 1245 59 19 tror
670 1244 31 20 att
718 1243 37 21 det
768 1246 25 18 är
803 1243 33 21 till
847 1243 80 22 folkets
938 1243 74 21 skada.

200 1271 51 21 Men
267 1271 37 22 det
320 1274 25 18 är
360 1272 49 21 icke
425 1272 65 28 sagdt
513 1274 33 20 att
561 1273 73 21 denna
649 1274 34 20 tro
699 1273 98 28 grundar
813 1274 34 28 sig
857 1274 29 27 på
896 1273 66 21 säkra
972 1274 41 20 och

199 1300 82 29 riktiga
304 1300 187 30 förutsättningar.
523 1302 66 22 Hvad
610 1302 40 28 jag
672 1304 46 20 tror
741 1303 46 28 mig
810 1305 64 20 veta
898 1303 42 22 och
955 1303 59 21 hvad

200 1330 141 27 domprosten
357 1330 170 29 Schwartzberg
543 1332 65 21 äfven
624 1332 41 20 bör
680 1334 71 24 veta,
768 1336 25 17 är
809 1333 36 20 det
859 1335 32 18 att
902 1332 65 21 äfven
980 1333 32 25 de,

199 1366 46 14 som
270 1359 59 22 hålla
353 1361 28 26 på
404 1361 31 20 ett
458 1362 67 19 annat
548 1361 180 27 tillvägagående
744 1364 28 18 än
789 1361 38 22 det
840 1362 44 21 han
901 1361 112 28 tillstyrkt,

199 1389 91 20 härmed
314 1388 47 22 afse
383 1388 80 22 folkets
483 1397 60 21 gagn
559 1390 42 21 och
617 1390 55 21 intet
688 1392 73 19 annat.
794 1391 156 26 Hvilkendera,
967 1398 46 15 som

198 1418 87 29 bygger
308 1420 29 27 på
352 1419 107 28 riktigare
475 1419 96 28 grunder
587 1419 35 22 för
638 1420 32 21 sin
688 1422 34 19 tro
738 1427 35 15 om
790 1421 58 21 hvad
865 1428 46 15 som
928 1428 86 22 gagnar

199 1449 41 21 och
256 1449 59 21 hvad
331 1455 47 15 som
395 1449 86 27 skadar,
498 1449 37 22 det
551 1449 38 22 vill
603 1451 40 27 jag
659 1457 29 14 nu
703 1451 73 21 lemna
793 1451 89 22 derhän.

268 1478 11 21 I
303 1479 77 28 hvarje
403 1479 105 22 händelse
524 1479 75 22 kunna
609 1480 22 21 vi
640 1480 49 21 icke
700 1480 89 22 komma
800 1480 47 22 från
861 1481 36 22 det
908 1483 32 20 att
948 1483 64 20 stats-

198 1508 93 29 skeppet
314 1509 49 22 icke
386 1509 44 22 kan
453 1509 62 28 segla
538 1509 87 24 framåt,
641 1517 36 14 om
693 1511 22 21 vi
734 1511 49 22 icke
804 1511 80 29 bringa
905 1511 37 22 det
962 1511 49 22 från
