<?xml version="1.0" encoding="UTF-8"?>
<alto xmlns="http://www.loc.gov/standards/alto/ns-v3#" xmlns:xlink="http://www.w3.org/1999/xlink" xmlns:xsi="http://www.w3.org/2001/XMLSchema-instance" xsi:schemaLocation="http://www.loc.gov/standards/alto/ns-v3# http://www.loc.gov/alto/v3/alto-3-0.xsd">
	<Description>
		<MeasurementUnit>pixel</MeasurementUnit>
		<sourceImageInformation>
			<fileName>/tmp/tess_tp6f4nz6_input.PNG</fileName>
		</sourceImageInformation>
		<OCRProcessing ID="OCR_0">
			<ocrProcessingStep>
				<processingSoftware>
					<softwareName>tesseract 5.3.4</softwareName>
				</processingSoftware>
			</ocrProcessingStep>
		</OCRProcessing>
	</Description>
	<Layout>
		<Page WIDTH="1111" HEIGHT="1800" PHYSICAL_IMG_NR="0" ID="page_0">
			<PrintSpace HPOS="0" VPOS="0" WIDTH="1111" HEIGHT="1800">
				<ComposedBlock ID="cblock_0" HPOS="214" VPOS="128" WIDTH="588" HEIGHT="24">
					<TextBlock ID="block_0" HPOS="214" VPOS="128" WIDTH="588" HEIGHT="24">
						<TextLine ID="line_0" HPOS="214" VPOS="128" WIDTH="588" HEIGHT="24">
							<String ID="string_0" HPOS="214" VPOS="130" WIDTH="44" HEIGHT="20" WC="0.92" CONTENT="724"/><SP WIDTH="194" VPOS="130" HPOS="258"/>
							<String ID="string_1" HPOS="452" VPOS="129" WIDTH="129" HEIGHT="23" WC="0.91" CONTENT="Pappissääty"/><SP WIDTH="11" VPOS="129" HPOS="581"/>
							<String ID="string_2" HPOS="592" VPOS="128" WIDTH="79" HEIGHT="19" WC="0.91" CONTENT="huhtik."/><SP WIDTH="14" VPOS="128" HPOS="671"/>
							<String ID="string_3" HPOS="685" VPOS="128" WIDTH="22" HEIGHT="18" WC="0.91" CONTENT="12"/><SP WIDTH="12" VPOS="128" HPOS="707"/>
							<String ID="string_4" HPOS="719" VPOS="135" WIDTH="18" HEIGHT="17" WC="0.91" CONTENT="p."/><SP WIDTH="13" VPOS="135" HPOS="737"/>
							<String ID="string_5" HPOS="750" VPOS="128" WIDTH="52" HEIGHT="18" WC="0.96" CONTENT="1905."/>
						</TextLine>
					</TextBlock>
				</ComposedBlock>
				<ComposedBlock ID="cblock_1" HPOS="211" VPOS="181" WIDTH="819" HEIGHT="358">
					<TextBlock ID="block_1" HPOS="211" VPOS="181" WIDTH="819" HEIGHT="358">
						<TextLine ID="line_1" HPOS="212" VPOS="181" WIDTH="817" HEIGHT="29">
							<String ID="string_6" HPOS="212" VPOS="182" WIDTH="62" HEIGHT="28" WC="0.93" CONTENT="jossa"/><SP WIDTH="15" VPOS="182" HPOS="274"/>
							<String ID="string_7" HPOS="289" VPOS="182" WIDTH="120" HEIGHT="26" WC="0.92" CONTENT="toivotaan,"/><SP WIDTH="17" VPOS="182" HPOS="409"/>
							<String ID="string_8" HPOS="426" VPOS="184" WIDTH="46" HEIGHT="20" WC="0.91" CONTENT="että"/><SP WIDTH="15" VPOS="184" HPOS="472"/>
							<String ID="string_9" HPOS="487" VPOS="182" WIDTH="101" HEIGHT="28" WC="0.91" CONTENT="puheena"/><SP WIDTH="13" VPOS="182" HPOS="588"/>
							<String ID="string_10" HPOS="601" VPOS="182" WIDTH="72" HEIGHT="22" WC="0.90" CONTENT="olevia"/><SP WIDTH="10" VPOS="182" HPOS="673"/>
							<String ID="string_11" HPOS="683" VPOS="181" WIDTH="149" HEIGHT="22" WC="0.92" CONTENT="rakennuksia"/><SP WIDTH="10" VPOS="181" HPOS="832"/>
							<String ID="string_12" HPOS="842" VPOS="181" WIDTH="113" HEIGHT="22" WC="0.91" CONTENT="saataisiin"/><SP WIDTH="10" VPOS="181" HPOS="955"/>
							<String ID="string_13" HPOS="965" VPOS="181" WIDTH="64" HEIGHT="28" WC="0.91" CONTENT="käyt-"/>
						</TextLine>
						<TextLine ID="line_2" HPOS="213" VPOS="210" WIDTH="816" HEIGHT="30">
							<String ID="string_14" HPOS="213" VPOS="214" WIDTH="42" HEIGHT="19" WC="0.89" CONTENT="tää"/><SP WIDTH="22" VPOS="214" HPOS="255"/>
							<String ID="string_15" HPOS="277" VPOS="212" WIDTH="175" HEIGHT="21" WC="0.91" CONTENT="vaivaistaloiksi"/><SP WIDTH="23" VPOS="212" HPOS="452"/>
							<String ID="string_16" HPOS="475" VPOS="212" WIDTH="196" HEIGHT="28" WC="0.91" CONTENT="sairastupain"/><SP WIDTH="21" VPOS="212" HPOS="671"/>
							<String ID="string_17" HPOS="692" VPOS="211" WIDTH="25" HEIGHT="27" WC="0.91" CONTENT="ja"/><SP WIDTH="22" VPOS="211" HPOS="717"/>
							<String ID="string_18" HPOS="739" VPOS="211" WIDTH="90" HEIGHT="22" WC="0.91" CONTENT="muiden"/><SP WIDTH="20" VPOS="211" HPOS="829"/>
							<String ID="string_19" HPOS="849" VPOS="211" WIDTH="108" HEIGHT="21" WC="0.91" CONTENT="niitten"/><SP WIDTH="15" VPOS="211" HPOS="957"/>
							<String ID="string_20" HPOS="972" VPOS="210" WIDTH="57" HEIGHT="22" WC="0.91" CONTENT="kal-"/>
						</TextLine>
						<TextLine ID="line_3" HPOS="212" VPOS="241" WIDTH="816" HEIGHT="29">
							<String ID="string_21" HPOS="212" VPOS="242" WIDTH="112" HEIGHT="21" WC="0.91" CONTENT="taisten"/><SP WIDTH="22" VPOS="242" HPOS="324"/>
							<String ID="string_22" HPOS="346" VPOS="242" WIDTH="104" HEIGHT="21" WC="0.91" CONTENT="laitosten"/><SP WIDTH="18" VPOS="242" HPOS="450"/>
							<String ID="string_23" HPOS="468" VPOS="242" WIDTH="188" HEIGHT="28" WC="0.91" CONTENT="perustamiseksi;"/><SP WIDTH="17" VPOS="242" HPOS="656"/>
							<String ID="string_24" HPOS="673" VPOS="241" WIDTH="50" HEIGHT="21" WC="0.93" CONTENT="sillä"/><SP WIDTH="15" VPOS="241" HPOS="723"/>
							<String ID="string_25" HPOS="738" VPOS="241" WIDTH="127" HEIGHT="21" WC="0.91" CONTENT="tavallahan"/><SP WIDTH="16" VPOS="241" HPOS="865"/>
							<String ID="string_26" HPOS="881" VPOS="241" WIDTH="59" HEIGHT="21" WC="0.90" CONTENT="eivät"/><SP WIDTH="15" VPOS="241" HPOS="940"/>
							<String ID="string_27" HPOS="955" VPOS="243" WIDTH="73" HEIGHT="25" WC="0.91" CONTENT="myös-"/>
						</TextLine>
						<TextLine ID="line_4" HPOS="214" VPOS="270" WIDTH="815" HEIGHT="29">
							<String ID="string_28" HPOS="214" VPOS="271" WIDTH="58" HEIGHT="21" WC="0.96" CONTENT="kään"/><SP WIDTH="10" VPOS="271" HPOS="272"/>
							<String ID="string_29" HPOS="282" VPOS="271" WIDTH="135" HEIGHT="21" WC="0.93" CONTENT="kunnalliset"/><SP WIDTH="10" VPOS="271" HPOS="417"/>
							<String ID="string_30" HPOS="427" VPOS="271" WIDTH="171" HEIGHT="27" WC="0.92" CONTENT="mielisairaalat,"/><SP WIDTH="15" VPOS="271" HPOS="598"/>
							<String ID="string_31" HPOS="613" VPOS="272" WIDTH="35" HEIGHT="27" WC="0.97" CONTENT="jos"/><SP WIDTH="11" VPOS="272" HPOS="648"/>
							<String ID="string_32" HPOS="659" VPOS="271" WIDTH="54" HEIGHT="21" WC="0.93" CONTENT="niitä"/><SP WIDTH="8" VPOS="271" HPOS="713"/>
							<String ID="string_33" HPOS="721" VPOS="270" WIDTH="166" HEIGHT="22" WC="0.93" CONTENT="huomattaisiin"/><SP WIDTH="8" VPOS="270" HPOS="887"/>
							<String ID="string_34" HPOS="895" VPOS="270" WIDTH="134" HEIGHT="27" WC="0.93" CONTENT="soveliaiksi,"/>
						</TextLine>
						<TextLine ID="line_5" HPOS="214" VPOS="300" WIDTH="815" HEIGHT="29">
							<String ID="string_35" HPOS="214" VPOS="301" WIDTH="49" HEIGHT="21" WC="0.96" CONTENT="olisi"/><SP WIDTH="15" VPOS="301" HPOS="263"/>
							<String ID="string_36" HPOS="278" VPOS="301" WIDTH="48" HEIGHT="28" WC="0.96" CONTENT="pois"/><SP WIDTH="15" VPOS="301" HPOS="326"/>
							<String ID="string_37" HPOS="341" VPOS="301" WIDTH="95" HEIGHT="28" WC="0.95" CONTENT="suljetut."/><SP WIDTH="32" VPOS="301" HPOS="436"/>
							<String ID="string_38" HPOS="468" VPOS="302" WIDTH="52" HEIGHT="21" WC="0.96" CONTENT="Kun"/><SP WIDTH="15" VPOS="302" HPOS="520"/>
							<String ID="string_39" HPOS="535" VPOS="308" WIDTH="28" HEIGHT="15" WC="0.96" CONTENT="on"/><SP WIDTH="16" VPOS="308" HPOS="563"/>
							<String ID="string_40" HPOS="579" VPOS="301" WIDTH="141" HEIGHT="22" WC="0.96" CONTENT="mahdollista"/><SP WIDTH="15" VPOS="301" HPOS="720"/>
							<String ID="string_41" HPOS="735" VPOS="302" WIDTH="45" HEIGHT="20" WC="0.96" CONTENT="että"/><SP WIDTH="14" VPOS="302" HPOS="780"/>
							<String ID="string_42" HPOS="794" VPOS="300" WIDTH="58" HEIGHT="22" WC="0.93" CONTENT="koko"/><SP WIDTH="11" VPOS="300" HPOS="852"/>
							<String ID="string_43" HPOS="863" VPOS="300" WIDTH="166" HEIGHT="22" WC="0.91" CONTENT="mielisairaala-"/>
						</TextLine>
						<TextLine ID="line_6" HPOS="211" VPOS="330" WIDTH="818" HEIGHT="29">
							<String ID="string_44" HPOS="211" VPOS="331" WIDTH="139" HEIGHT="28" WC="0.95" CONTENT="järjestelmä"/><SP WIDTH="15" VPOS="331" HPOS="350"/>
							<String ID="string_45" HPOS="365" VPOS="331" WIDTH="133" HEIGHT="21" WC="0.96" CONTENT="huomataan"/><SP WIDTH="16" VPOS="331" HPOS="498"/>
							<String ID="string_46" HPOS="514" VPOS="331" WIDTH="79" HEIGHT="21" WC="0.96" CONTENT="olevan"/><SP WIDTH="15" VPOS="331" HPOS="593"/>
							<String ID="string_47" HPOS="608" VPOS="331" WIDTH="137" HEIGHT="22" WC="0.96" CONTENT="kehitettävä"/><SP WIDTH="8" VPOS="331" HPOS="745"/>
							<String ID="string_48" HPOS="753" VPOS="330" WIDTH="71" HEIGHT="22" WC="0.94" CONTENT="siihen"/><SP WIDTH="11" VPOS="330" HPOS="824"/>
							<String ID="string_49" HPOS="835" VPOS="332" WIDTH="115" HEIGHT="24" WC="0.96" CONTENT="suuntaan,"/><SP WIDTH="9" VPOS="332" HPOS="950"/>
							<String ID="string_50" HPOS="959" VPOS="330" WIDTH="70" HEIGHT="28" WC="0.96" CONTENT="johon"/>
						</TextLine>
						<TextLine ID="line_7" HPOS="214" VPOS="360" WIDTH="816" HEIGHT="28">
							<String ID="string_51" HPOS="214" VPOS="361" WIDTH="184" HEIGHT="21" WC="0.95" CONTENT="ammattimiehet"/><SP WIDTH="23" VPOS="361" HPOS="398"/>
							<String ID="string_52" HPOS="421" VPOS="361" WIDTH="53" HEIGHT="21" WC="0.96" CONTENT="sekä"/><SP WIDTH="22" VPOS="361" HPOS="474"/>
							<String ID="string_53" HPOS="496" VPOS="361" WIDTH="171" HEIGHT="22" WC="0.96" CONTENT="valiokunnassa"/><SP WIDTH="24" VPOS="361" HPOS="667"/>
							<String ID="string_54" HPOS="691" VPOS="362" WIDTH="45" HEIGHT="20" WC="0.96" CONTENT="että"/><SP WIDTH="22" VPOS="362" HPOS="736"/>
							<String ID="string_55" HPOS="758" VPOS="367" WIDTH="39" HEIGHT="15" WC="0.96" CONTENT="sen"/><SP WIDTH="15" VPOS="367" HPOS="797"/>
							<String ID="string_56" HPOS="812" VPOS="360" WIDTH="150" HEIGHT="28" WC="0.96" CONTENT="ulkopuolella"/><SP WIDTH="15" VPOS="360" HPOS="962"/>
							<String ID="string_57" HPOS="977" VPOS="362" WIDTH="53" HEIGHT="20" WC="0.96" CONTENT="ovat"/>
						</TextLine>
						<TextLine ID="line_8" HPOS="213" VPOS="390" WIDTH="816" HEIGHT="30">
							<String ID="string_58" HPOS="213" VPOS="392" WIDTH="132" HEIGHT="26" WC="0.91" CONTENT="neuvoneet,"/><SP WIDTH="19" VPOS="392" HPOS="345"/>
							<String ID="string_59" HPOS="364" VPOS="392" WIDTH="45" HEIGHT="20" WC="0.97" CONTENT="että"/><SP WIDTH="15" VPOS="392" HPOS="409"/>
							<String ID="string_60" HPOS="424" VPOS="391" WIDTH="112" HEIGHT="21" WC="0.96" CONTENT="nimittäin"/><SP WIDTH="16" VPOS="391" HPOS="536"/>
							<String ID="string_61" HPOS="552" VPOS="391" WIDTH="47" HEIGHT="22" WC="0.96" CONTENT="olisi"/><SP WIDTH="16" VPOS="391" HPOS="599"/>
							<String ID="string_62" HPOS="615" VPOS="392" WIDTH="150" HEIGHT="28" WC="0.96" CONTENT="perustettava"/><SP WIDTH="15" VPOS="392" HPOS="765"/>
							<String ID="string_63" HPOS="780" VPOS="390" WIDTH="75" HEIGHT="22" WC="0.93" CONTENT="suuria"/><SP WIDTH="15" VPOS="390" HPOS="855"/>
							<String ID="string_64" HPOS="870" VPOS="390" WIDTH="159" HEIGHT="22" WC="0.93" CONTENT="keskuslaitok-"/>
						</TextLine>
						<TextLine ID="line_9" HPOS="214" VPOS="420" WIDTH="815" HEIGHT="29">
							<String ID="string_65" HPOS="214" VPOS="421" WIDTH="39" HEIGHT="25" WC="0.94" CONTENT="sia,"/><SP WIDTH="21" VPOS="421" HPOS="253"/>
							<String ID="string_66" HPOS="274" VPOS="428" WIDTH="29" HEIGHT="15" WC="0.96" CONTENT="on"/><SP WIDTH="21" VPOS="428" HPOS="303"/>
							<String ID="string_67" HPOS="324" VPOS="422" WIDTH="92" HEIGHT="20" WC="0.96" CONTENT="suotava"/><SP WIDTH="17" VPOS="422" HPOS="416"/>
							<String ID="string_68" HPOS="433" VPOS="422" WIDTH="90" HEIGHT="21" WC="0.96" CONTENT="etteivät"/><SP WIDTH="17" VPOS="422" HPOS="523"/>
							<String ID="string_69" HPOS="540" VPOS="422" WIDTH="78" HEIGHT="27" WC="0.96" CONTENT="säädyt"/><SP WIDTH="15" VPOS="422" HPOS="618"/>
							<String ID="string_70" HPOS="633" VPOS="421" WIDTH="59" HEIGHT="21" WC="0.96" CONTENT="tulisi"/><SP WIDTH="16" VPOS="421" HPOS="692"/>
							<String ID="string_71" HPOS="708" VPOS="420" WIDTH="119" HEIGHT="22" WC="0.96" CONTENT="ennakolta"/><SP WIDTH="13" VPOS="420" HPOS="827"/>
							<String ID="string_72" HPOS="840" VPOS="420" WIDTH="24" HEIGHT="28" WC="0.97" CONTENT="ja"/><SP WIDTH="16" VPOS="420" HPOS="864"/>
							<String ID="string_73" HPOS="880" VPOS="420" WIDTH="68" HEIGHT="22" WC="0.93" CONTENT="ilman"/><SP WIDTH="16" VPOS="420" HPOS="948"/>
							<String ID="string_74" HPOS="964" VPOS="420" WIDTH="65" HEIGHT="22" WC="0.92" CONTENT="selvi-"/>
						</TextLine>
						<TextLine ID="line_10" HPOS="213" VPOS="450" WIDTH="815" HEIGHT="29">
							<String ID="string_75" HPOS="213" VPOS="452" WIDTH="60" HEIGHT="26" WC="0.93" CONTENT="tystä"/><SP WIDTH="15" VPOS="452" HPOS="273"/>
							<String ID="string_76" HPOS="288" VPOS="451" WIDTH="135" HEIGHT="21" WC="0.92" CONTENT="lausuneiksi"/><SP WIDTH="17" VPOS="451" HPOS="423"/>
							<String ID="string_77" HPOS="440" VPOS="451" WIDTH="186" HEIGHT="28" WC="0.91" CONTENT="mielipidettänsä"/><SP WIDTH="13" VPOS="451" HPOS="626"/>
							<String ID="string_78" HPOS="639" VPOS="451" WIDTH="120" HEIGHT="21" WC="0.93" CONTENT="tällaisesta"/><SP WIDTH="11" VPOS="451" HPOS="759"/>
							<String ID="string_79" HPOS="770" VPOS="450" WIDTH="258" HEIGHT="28" WC="0.92" CONTENT="erikoiskysymyksestä."/>
						</TextLine>
						<TextLine ID="line_11" HPOS="214" VPOS="480" WIDTH="816" HEIGHT="29">
							<String ID="string_80" HPOS="214" VPOS="481" WIDTH="84" HEIGHT="22" WC="0.95" CONTENT="Toinen"/><SP WIDTH="26" VPOS="481" HPOS="298"/>
							<String ID="string_81" HPOS="324" VPOS="481" WIDTH="61" HEIGHT="28" WC="0.95" CONTENT="ponsi"/><SP WIDTH="26" VPOS="481" HPOS="385"/>
							<String ID="string_82" HPOS="411" VPOS="488" WIDTH="28" HEIGHT="15" WC="0.91" CONTENT="on"/><SP WIDTH="28" VPOS="488" HPOS="439"/>
							<String ID="string_83" HPOS="467" VPOS="481" WIDTH="175" HEIGHT="22" WC="0.91" CONTENT="semmoisenaan"/><SP WIDTH="26" VPOS="481" HPOS="642"/>
							<String ID="string_84" HPOS="668" VPOS="481" WIDTH="65" HEIGHT="21" WC="0.96" CONTENT="aivan"/><SP WIDTH="25" VPOS="481" HPOS="733"/>
							<String ID="string_85" HPOS="758" VPOS="480" WIDTH="112" HEIGHT="29" WC="0.96" CONTENT="tarpeeksi"/><SP WIDTH="25" VPOS="480" HPOS="870"/>
							<String ID="string_86" HPOS="895" VPOS="481" WIDTH="89" HEIGHT="21" WC="0.96" CONTENT="riittävä"/><SP WIDTH="21" VPOS="481" HPOS="984"/>
							<String ID="string_87" HPOS="1005" VPOS="481" WIDTH="25" HEIGHT="28" WC="0.96" CONTENT="ja"/>
						</TextLine>
						<TextLine ID="line_12" HPOS="214" VPOS="511" WIDTH="96" HEIGHT="28">
							<String ID="string_88" HPOS="214" VPOS="511" WIDTH="96" HEIGHT="28" WC="0.96" CONTENT="yleinen."/>
						</TextLine>
					</TextBlock>
				</ComposedBlock>
				<ComposedBlock ID="cblock_2" HPOS="214" VPOS="570" WIDTH="817" HEIGHT="150">
					<TextBlock ID="block_2" HPOS="214" VPOS="570" WIDTH="817" HEIGHT="150">
						<TextLine ID="line_13" HPOS="284" VPOS="570" WIDTH="747" HEIGHT="29">
							<String ID="string_89" HPOS="284" VPOS="571" WIDTH="184" HEIGHT="28" WC="0.92" CONTENT="Lääninprovasti"/><SP WIDTH="14" VPOS="571" HPOS="468"/>
							<String ID="string_90" HPOS="482" VPOS="571" WIDTH="20" HEIGHT="22" WC="0.96" CONTENT="K."/><SP WIDTH="12" VPOS="571" HPOS="502"/>
							<String ID="string_91" HPOS="514" VPOS="572" WIDTH="20" HEIGHT="21" WC="0.96" CONTENT="A."/><SP WIDTH="12" VPOS="572" HPOS="534"/>
							<String ID="string_92" HPOS="546" VPOS="571" WIDTH="133" HEIGHT="22" WC="0.96" CONTENT="Schroderus:"/><SP WIDTH="17" VPOS="571" HPOS="679"/>
							<String ID="string_93" HPOS="696" VPOS="570" WIDTH="99" HEIGHT="21" WC="0.96" CONTENT="Minäkin"/><SP WIDTH="11" VPOS="570" HPOS="795"/>
							<String ID="string_94" HPOS="806" VPOS="570" WIDTH="51" HEIGHT="22" WC="0.96" CONTENT="olen"/><SP WIDTH="11" VPOS="570" HPOS="857"/>
							<String ID="string_95" HPOS="868" VPOS="577" WIDTH="75" HEIGHT="15" WC="0.96" CONTENT="samaa"/><SP WIDTH="12" VPOS="577" HPOS="943"/>
							<String ID="string_96" HPOS="955" VPOS="571" WIDTH="76" HEIGHT="22" WC="0.96" CONTENT="mieltä"/>
						</TextLine>
						<TextLine ID="line_14" HPOS="215" VPOS="600" WIDTH="816" HEIGHT="30">
							<String ID="string_97" HPOS="215" VPOS="601" WIDTH="53" HEIGHT="22" WC="0.96" CONTENT="kuin"/><SP WIDTH="22" VPOS="601" HPOS="268"/>
							<String ID="string_98" HPOS="290" VPOS="600" WIDTH="120" HEIGHT="30" WC="0.96" CONTENT="professori"/><SP WIDTH="24" VPOS="600" HPOS="410"/>
							<String ID="string_99" HPOS="434" VPOS="601" WIDTH="81" HEIGHT="22" WC="0.96" CONTENT="Setälä."/><SP WIDTH="31" VPOS="601" HPOS="515"/>
							<String ID="string_100" HPOS="546" VPOS="602" WIDTH="85" HEIGHT="21" WC="0.96" CONTENT="Luulen"/><SP WIDTH="23" VPOS="602" HPOS="631"/>
							<String ID="string_101" HPOS="654" VPOS="602" WIDTH="45" HEIGHT="20" WC="0.96" CONTENT="että"/><SP WIDTH="23" VPOS="602" HPOS="699"/>
							<String ID="string_102" HPOS="722" VPOS="604" WIDTH="66" HEIGHT="18" WC="0.96" CONTENT="nämä"/><SP WIDTH="22" VPOS="604" HPOS="788"/>
							<String ID="string_103" HPOS="810" VPOS="600" WIDTH="104" HEIGHT="22" WC="0.96" CONTENT="laitokset"/><SP WIDTH="17" VPOS="600" HPOS="914"/>
							<String ID="string_104" HPOS="931" VPOS="601" WIDTH="100" HEIGHT="22" WC="0.96" CONTENT="tulisivat"/>
						</TextLine>
						<TextLine ID="line_15" HPOS="214" VPOS="630" WIDTH="816" HEIGHT="30">
							<String ID="string_105" HPOS="214" VPOS="632" WIDTH="123" HEIGHT="28" WC="0.96" CONTENT="paremmin"/><SP WIDTH="27" VPOS="632" HPOS="337"/>
							<String ID="string_106" HPOS="364" VPOS="632" WIDTH="139" HEIGHT="27" WC="0.96" CONTENT="täyttämään"/><SP WIDTH="27" VPOS="632" HPOS="503"/>
							<String ID="string_107" HPOS="530" VPOS="631" WIDTH="183" HEIGHT="25" WC="0.95" CONTENT="tarkoituksensa,"/><SP WIDTH="25" VPOS="631" HPOS="713"/>
							<String ID="string_108" HPOS="738" VPOS="631" WIDTH="35" HEIGHT="27" WC="0.96" CONTENT="jos"/><SP WIDTH="23" VPOS="631" HPOS="773"/>
							<String ID="string_109" HPOS="796" VPOS="630" WIDTH="55" HEIGHT="22" WC="0.95" CONTENT="niitä"/><SP WIDTH="28" VPOS="630" HPOS="851"/>
							<String ID="string_110" HPOS="879" VPOS="631" WIDTH="151" HEIGHT="28" WC="0.95" CONTENT="käytettäisiin"/>
						</TextLine>
						<TextLine ID="line_16" HPOS="215" VPOS="660" WIDTH="816" HEIGHT="30">
							<String ID="string_111" HPOS="215" VPOS="661" WIDTH="129" HEIGHT="21" WC="0.93" CONTENT="ainoastaan"/><SP WIDTH="23" VPOS="661" HPOS="344"/>
							<String ID="string_112" HPOS="367" VPOS="662" WIDTH="135" HEIGHT="21" WC="0.92" CONTENT="semmoisiin"/><SP WIDTH="22" VPOS="662" HPOS="502"/>
							<String ID="string_113" HPOS="524" VPOS="661" WIDTH="106" HEIGHT="29" WC="0.93" CONTENT="tarpeisin"/><SP WIDTH="26" VPOS="661" HPOS="630"/>
							<String ID="string_114" HPOS="656" VPOS="661" WIDTH="54" HEIGHT="21" WC="0.93" CONTENT="kuin"/><SP WIDTH="20" VPOS="661" HPOS="710"/>
							<String ID="string_115" HPOS="730" VPOS="660" WIDTH="163" HEIGHT="28" WC="0.91" CONTENT="jälkimäisessä"/><SP WIDTH="27" VPOS="660" HPOS="893"/>
							<String ID="string_116" HPOS="920" VPOS="668" WIDTH="111" HEIGHT="21" WC="0.89" CONTENT="ponnessa"/>
						</TextLine>
						<TextLine ID="line_17" HPOS="216" VPOS="690" WIDTH="654" HEIGHT="30">
							<String ID="string_117" HPOS="216" VPOS="692" WIDTH="126" HEIGHT="20" WC="0.95" CONTENT="mainitaan."/><SP WIDTH="31" VPOS="692" HPOS="342"/>
							<String ID="string_118" HPOS="373" VPOS="691" WIDTH="119" HEIGHT="21" WC="0.95" CONTENT="Kannatan"/><SP WIDTH="16" VPOS="691" HPOS="492"/>
							<String ID="string_119" HPOS="508" VPOS="691" WIDTH="119" HEIGHT="29" WC="0.96" CONTENT="professori"/><SP WIDTH="15" VPOS="691" HPOS="627"/>
							<String ID="string_120" HPOS="642" VPOS="690" WIDTH="91" HEIGHT="22" WC="0.96" CONTENT="Setälän"/><SP WIDTH="15" VPOS="690" HPOS="733"/>
							<String ID="string_121" HPOS="748" VPOS="690" WIDTH="122" HEIGHT="22" WC="0.96" CONTENT="ehdotusta."/>
						</TextLine>
					</TextBlock>
				</ComposedBlock>
				<ComposedBlock ID="cblock_3" HPOS="215" VPOS="750" WIDTH="816" HEIGHT="53">
					<TextBlock ID="block_3" HPOS="215" VPOS="750" WIDTH="816" HEIGHT="53">
						<TextLine ID="line_18" HPOS="285" VPOS="750" WIDTH="746" HEIGHT="29">
							<String ID="string_122" HPOS="285" VPOS="751" WIDTH="102" HEIGHT="21" WC="0.93" CONTENT="Dosentti"/><SP WIDTH="26" VPOS="751" HPOS="387"/>
							<String ID="string_123" HPOS="413" VPOS="751" WIDTH="108" HEIGHT="22" WC="0.93" CONTENT="Grotenfelt"/><SP WIDTH="25" VPOS="751" HPOS="521"/>
							<String ID="string_124" HPOS="546" VPOS="751" WIDTH="101" HEIGHT="22" WC="0.95" CONTENT="kannatti"/><SP WIDTH="25" VPOS="751" HPOS="647"/>
							<String ID="string_125" HPOS="672" VPOS="750" WIDTH="118" HEIGHT="29" WC="0.95" CONTENT="professori"/><SP WIDTH="24" VPOS="750" HPOS="790"/>
							<String ID="string_126" HPOS="814" VPOS="750" WIDTH="91" HEIGHT="22" WC="0.96" CONTENT="Setälän"/><SP WIDTH="22" VPOS="750" HPOS="905"/>
							<String ID="string_127" HPOS="927" VPOS="751" WIDTH="104" HEIGHT="21" WC="0.96" CONTENT="tekemää"/>
						</TextLine>
						<TextLine ID="line_19" HPOS="215" VPOS="781" WIDTH="121" HEIGHT="22">
							<String ID="string_128" HPOS="215" VPOS="781" WIDTH="121" HEIGHT="22" WC="0.96" CONTENT="ehdotusta."/>
						</TextLine>
					</TextBlock>
				</ComposedBlock>
				<ComposedBlock ID="cblock_4" HPOS="209" VPOS="840" WIDTH="824" HEIGHT="716">
					<TextBlock ID="block_4" HPOS="209" VPOS="840" WIDTH="824" HEIGHT="716">
						<TextLine ID="line_20" HPOS="285" VPOS="840" WIDTH="746" HEIGHT="28">
							<String ID="string_129" HPOS="285" VPOS="840" WIDTH="121" HEIGHT="22" WC="0.96" CONTENT="Professori"/><SP WIDTH="20" VPOS="840" HPOS="406"/>
							<String ID="string_130" HPOS="426" VPOS="842" WIDTH="111" HEIGHT="26" WC="0.95" CONTENT="Runeberg:"/><SP WIDTH="24" VPOS="842" HPOS="537"/>
							<String ID="string_131" HPOS="561" VPOS="841" WIDTH="49" HEIGHT="21" WC="0.93" CONTENT="Den"/><SP WIDTH="16" VPOS="841" HPOS="610"/>
							<String ID="string_132" HPOS="626" VPOS="840" WIDTH="71" HEIGHT="28" WC="0.92" CONTENT="fräga,"/><SP WIDTH="16" VPOS="840" HPOS="697"/>
							<String ID="string_133" HPOS="713" VPOS="848" WIDTH="47" HEIGHT="14" WC="0.96" CONTENT="som"/><SP WIDTH="16" VPOS="848" HPOS="760"/>
							<String ID="string_134" HPOS="776" VPOS="840" WIDTH="111" HEIGHT="28" WC="0.96" CONTENT="professor"/><SP WIDTH="15" VPOS="840" HPOS="887"/>
							<String ID="string_135" HPOS="902" VPOS="840" WIDTH="76" HEIGHT="22" WC="0.93" CONTENT="Setälä"/><SP WIDTH="16" VPOS="840" HPOS="978"/>
							<String ID="string_136" HPOS="994" VPOS="841" WIDTH="37" HEIGHT="21" WC="0.90" CONTENT="be-"/>
						</TextLine>
						<TextLine ID="line_21" HPOS="214" VPOS="870" WIDTH="817" HEIGHT="29">
							<String ID="string_137" HPOS="214" VPOS="871" WIDTH="71" HEIGHT="26" WC="0.91" CONTENT="rörde,"/><SP WIDTH="25" VPOS="871" HPOS="285"/>
							<String ID="string_138" HPOS="310" VPOS="874" WIDTH="24" HEIGHT="18" WC="0.95" CONTENT="är"/><SP WIDTH="24" VPOS="874" HPOS="334"/>
							<String ID="string_139" HPOS="358" VPOS="870" WIDTH="25" HEIGHT="22" WC="0.96" CONTENT="af"/><SP WIDTH="19" VPOS="870" HPOS="383"/>
							<String ID="string_140" HPOS="402" VPOS="871" WIDTH="86" HEIGHT="28" WC="0.91" CONTENT="ganska"/><SP WIDTH="22" VPOS="871" HPOS="488"/>
							<String ID="string_141" HPOS="510" VPOS="871" WIDTH="94" HEIGHT="21" WC="0.91" CONTENT="svärlöst"/><SP WIDTH="23" VPOS="871" HPOS="604"/>
							<String ID="string_142" HPOS="627" VPOS="870" WIDTH="159" HEIGHT="26" WC="0.89" CONTENT="beskaffenhet,"/><SP WIDTH="24" VPOS="870" HPOS="786"/>
							<String ID="string_143" HPOS="810" VPOS="870" WIDTH="62" HEIGHT="22" WC="0.92" CONTENT="säväl"/><SP WIDTH="20" VPOS="870" HPOS="872"/>
							<String ID="string_144" HPOS="892" VPOS="870" WIDTH="139" HEIGHT="22" WC="0.70" CONTENT="beträffande"/>
						</TextLine>
						<TextLine ID="line_22" HPOS="214" VPOS="900" WIDTH="815" HEIGHT="28">
							<String ID="string_145" HPOS="214" VPOS="900" WIDTH="243" HEIGHT="28" WC="0.90" CONTENT="ändamälsenligheten"/><SP WIDTH="16" VPOS="900" HPOS="457"/>
							<String ID="string_146" HPOS="473" VPOS="900" WIDTH="25" HEIGHT="22" WC="0.96" CONTENT="af"/><SP WIDTH="12" VPOS="900" HPOS="498"/>
							<String ID="string_147" HPOS="510" VPOS="900" WIDTH="143" HEIGHT="22" WC="0.93" CONTENT="kommunala"/><SP WIDTH="15" VPOS="900" HPOS="653"/>
							<String ID="string_148" HPOS="668" VPOS="900" WIDTH="273" HEIGHT="28" WC="0.93" CONTENT="sinnessjukhusanstalter"/><SP WIDTH="16" VPOS="900" HPOS="941"/>
							<String ID="string_149" HPOS="957" VPOS="900" WIDTH="72" HEIGHT="22" WC="0.72" CONTENT="öfver-"/>
						</TextLine>
						<TextLine ID="line_23" HPOS="214" VPOS="930" WIDTH="815" HEIGHT="28">
							<String ID="string_150" HPOS="214" VPOS="930" WIDTH="83" HEIGHT="22" WC="0.96" CONTENT="hufvud"/><SP WIDTH="23" VPOS="930" HPOS="297"/>
							<String ID="string_151" HPOS="320" VPOS="937" WIDTH="48" HEIGHT="15" WC="0.92" CONTENT="som"/><SP WIDTH="23" VPOS="937" HPOS="368"/>
							<String ID="string_152" HPOS="391" VPOS="930" WIDTH="144" HEIGHT="28" WC="0.95" CONTENT="möjligheten"/><SP WIDTH="24" VPOS="930" HPOS="535"/>
							<String ID="string_153" HPOS="559" VPOS="932" WIDTH="31" HEIGHT="20" WC="0.96" CONTENT="att"/><SP WIDTH="20" VPOS="932" HPOS="590"/>
							<String ID="string_154" HPOS="610" VPOS="930" WIDTH="103" HEIGHT="22" WC="0.93" CONTENT="använda"/><SP WIDTH="15" VPOS="930" HPOS="713"/>
							<String ID="string_155" HPOS="728" VPOS="930" WIDTH="247" HEIGHT="28" WC="0.92" CONTENT="reservkompaniernas"/><SP WIDTH="15" VPOS="930" HPOS="975"/>
							<String ID="string_156" HPOS="990" VPOS="930" WIDTH="39" HEIGHT="22" WC="0.91" CONTENT="ba-"/>
						</TextLine>
						<TextLine ID="line_24" HPOS="213" VPOS="959" WIDTH="820" HEIGHT="29">
							<String ID="string_157" HPOS="213" VPOS="961" WIDTH="79" HEIGHT="22" WC="0.92" CONTENT="racker"/><SP WIDTH="15" VPOS="961" HPOS="292"/>
							<String ID="string_158" HPOS="307" VPOS="960" WIDTH="37" HEIGHT="22" WC="0.96" CONTENT="för"/><SP WIDTH="16" VPOS="960" HPOS="344"/>
							<String ID="string_159" HPOS="360" VPOS="960" WIDTH="59" HEIGHT="22" WC="0.93" CONTENT="detta"/><SP WIDTH="17" VPOS="960" HPOS="419"/>
							<String ID="string_160" HPOS="436" VPOS="960" WIDTH="108" HEIGHT="22" WC="0.95" CONTENT="ändamål."/><SP WIDTH="32" VPOS="960" HPOS="544"/>
							<String ID="string_161" HPOS="576" VPOS="960" WIDTH="10" HEIGHT="22" WC="0.89" CONTENT="I"/><SP WIDTH="15" VPOS="960" HPOS="586"/>
							<String ID="string_162" HPOS="601" VPOS="960" WIDTH="80" HEIGHT="28" WC="0.92" CONTENT="själfva"/><SP WIDTH="12" VPOS="960" HPOS="681"/>
							<String ID="string_163" HPOS="693" VPOS="960" WIDTH="77" HEIGHT="22" WC="0.93" CONTENT="verket"/><SP WIDTH="11" VPOS="960" HPOS="770"/>
							<String ID="string_164" HPOS="781" VPOS="959" WIDTH="67" HEIGHT="22" WC="0.96" CONTENT="hafva"/><SP WIDTH="12" VPOS="959" HPOS="848"/>
							<String ID="string_165" HPOS="860" VPOS="960" WIDTH="63" HEIGHT="21" WC="0.96" CONTENT="dessa"/><SP WIDTH="11" VPOS="960" HPOS="923"/>
							<String ID="string_166" HPOS="934" VPOS="960" WIDTH="61" HEIGHT="22" WC="0.96" CONTENT="delar"/><SP WIDTH="12" VPOS="960" HPOS="995"/>
							<String ID="string_167" HPOS="1007" VPOS="960" WIDTH="26" HEIGHT="22" WC="0.97" CONTENT="af"/>
						</TextLine>
						<TextLine ID="line_25" HPOS="213" VPOS="990" WIDTH="816" HEIGHT="29">
							<String ID="string_168" HPOS="213" VPOS="990" WIDTH="80" HEIGHT="29" WC="0.96" CONTENT="frågan"/><SP WIDTH="15" VPOS="990" HPOS="293"/>
							<String ID="string_169" HPOS="308" VPOS="991" WIDTH="50" HEIGHT="21" WC="0.96" CONTENT="icke"/><SP WIDTH="15" VPOS="991" HPOS="358"/>
							<String ID="string_170" HPOS="373" VPOS="990" WIDTH="8" HEIGHT="21" WC="0.93" CONTENT="i"/><SP WIDTH="15" VPOS="990" HPOS="381"/>
							<String ID="string_171" HPOS="396" VPOS="990" WIDTH="106" HEIGHT="22" WC="0.96" CONTENT="utskottet"/><SP WIDTH="16" VPOS="990" HPOS="502"/>
							<String ID="string_172" HPOS="518" VPOS="990" WIDTH="57" HEIGHT="22" WC="0.93" CONTENT="varit"/><SP WIDTH="15" VPOS="990" HPOS="575"/>
							<String ID="string_173" HPOS="590" VPOS="990" WIDTH="97" HEIGHT="22" WC="0.96" CONTENT="föremål"/><SP WIDTH="15" VPOS="990" HPOS="687"/>
							<String ID="string_174" HPOS="702" VPOS="990" WIDTH="37" HEIGHT="22" WC="0.93" CONTENT="för"/><SP WIDTH="10" VPOS="990" HPOS="739"/>
							<String ID="string_175" HPOS="749" VPOS="990" WIDTH="178" HEIGHT="28" WC="0.71" CONTENT="öfverläggning."/><SP WIDTH="27" VPOS="990" HPOS="927"/>
							<String ID="string_176" HPOS="954" VPOS="990" WIDTH="75" HEIGHT="22" WC="0.92" CONTENT="Kläm-"/>
						</TextLine>
						<TextLine ID="line_26" HPOS="214" VPOS="1020" WIDTH="816" HEIGHT="28">
							<String ID="string_177" HPOS="214" VPOS="1028" WIDTH="61" HEIGHT="14" WC="0.87" CONTENT="mens"/><SP WIDTH="23" VPOS="1028" HPOS="275"/>
							<String ID="string_178" HPOS="298" VPOS="1020" WIDTH="99" HEIGHT="22" WC="0.87" CONTENT="innehäll"/><SP WIDTH="22" VPOS="1020" HPOS="397"/>
							<String ID="string_179" HPOS="419" VPOS="1020" WIDTH="94" HEIGHT="22" WC="0.92" CONTENT="innebär"/><SP WIDTH="23" VPOS="1020" HPOS="513"/>
							<String ID="string_180" HPOS="536" VPOS="1020" WIDTH="49" HEIGHT="22" WC="0.92" CONTENT="icke"/><SP WIDTH="17" VPOS="1020" HPOS="585"/>
							<String ID="string_181" HPOS="602" VPOS="1022" WIDTH="32" HEIGHT="20" WC="0.96" CONTENT="att"/><SP WIDTH="15" VPOS="1022" HPOS="634"/>
							<String ID="string_182" HPOS="649" VPOS="1028" WIDTH="52" HEIGHT="14" WC="0.96" CONTENT="man"/><SP WIDTH="16" VPOS="1028" HPOS="701"/>
							<String ID="string_183" HPOS="717" VPOS="1022" WIDTH="28" HEIGHT="26" WC="0.93" CONTENT="pä"/><SP WIDTH="16" VPOS="1022" HPOS="745"/>
							<String ID="string_184" HPOS="761" VPOS="1020" WIDTH="97" HEIGHT="22" WC="0.92" CONTENT="förhand"/><SP WIDTH="15" VPOS="1020" HPOS="858"/>
							<String ID="string_185" HPOS="873" VPOS="1020" WIDTH="71" HEIGHT="21" WC="0.93" CONTENT="skulle"/><SP WIDTH="16" VPOS="1020" HPOS="944"/>
							<String ID="string_186" HPOS="960" VPOS="1020" WIDTH="70" HEIGHT="22" WC="0.92" CONTENT="binda"/>
						</TextLine>
						<TextLine ID="line_27" HPOS="213" VPOS="1050" WIDTH="816" HEIGHT="29">
							<String ID="string_187" HPOS="213" VPOS="1051" WIDTH="35" HEIGHT="28" WC="0.96" CONTENT="sig"/><SP WIDTH="15" VPOS="1051" HPOS="248"/>
							<String ID="string_188" HPOS="263" VPOS="1051" WIDTH="7" HEIGHT="21" WC="0.93" CONTENT="i"/><SP WIDTH="16" VPOS="1051" HPOS="270"/>
							<String ID="string_189" HPOS="286" VPOS="1050" WIDTH="85" HEIGHT="29" WC="0.90" CONTENT="frägan."/><SP WIDTH="31" VPOS="1050" HPOS="371"/>
							<String ID="string_190" HPOS="402" VPOS="1050" WIDTH="51" HEIGHT="22" WC="0.93" CONTENT="Den"/><SP WIDTH="15" VPOS="1050" HPOS="453"/>
							<String ID="string_191" HPOS="468" VPOS="1050" WIDTH="123" HEIGHT="22" WC="0.92" CONTENT="innehäller"/><SP WIDTH="16" VPOS="1050" HPOS="591"/>
							<String ID="string_192" HPOS="607" VPOS="1050" WIDTH="78" HEIGHT="22" WC="0.96" CONTENT="endast"/><SP WIDTH="16" VPOS="1050" HPOS="685"/>
							<String ID="string_193" HPOS="701" VPOS="1052" WIDTH="39" HEIGHT="25" WC="0.96" CONTENT="att,"/><SP WIDTH="16" VPOS="1052" HPOS="740"/>
							<String ID="string_194" HPOS="756" VPOS="1050" WIDTH="38" HEIGHT="22" WC="0.96" CONTENT="för"/><SP WIDTH="16" VPOS="1050" HPOS="794"/>
							<String ID="string_195" HPOS="810" VPOS="1050" WIDTH="42" HEIGHT="21" WC="0.93" CONTENT="den"/><SP WIDTH="16" VPOS="1050" HPOS="852"/>
							<String ID="string_196" HPOS="868" VPOS="1050" WIDTH="107" HEIGHT="22" WC="0.92" CONTENT="händelse"/><SP WIDTH="16" VPOS="1050" HPOS="975"/>
							<String ID="string_197" HPOS="991" VPOS="1050" WIDTH="38" HEIGHT="22" WC="0.96" CONTENT="det"/>
						</TextLine>
						<TextLine ID="line_28" HPOS="212" VPOS="1080" WIDTH="818" HEIGHT="28">
							<String ID="string_198" HPOS="212" VPOS="1080" WIDTH="101" HEIGHT="22" WC="0.85" CONTENT="befinnes"/><SP WIDTH="16" VPOS="1080" HPOS="313"/>
							<String ID="string_199" HPOS="329" VPOS="1080" WIDTH="102" HEIGHT="28" WC="0.96" CONTENT="lämpligt"/><SP WIDTH="16" VPOS="1080" HPOS="431"/>
							<String ID="string_200" HPOS="447" VPOS="1082" WIDTH="32" HEIGHT="20" WC="0.93" CONTENT="att"/><SP WIDTH="11" VPOS="1082" HPOS="479"/>
							<String ID="string_201" HPOS="490" VPOS="1080" WIDTH="83" HEIGHT="22" WC="0.96" CONTENT="sådana"/><SP WIDTH="11" VPOS="1080" HPOS="573"/>
							<String ID="string_202" HPOS="584" VPOS="1080" WIDTH="141" HEIGHT="22" WC="0.93" CONTENT="kommunala"/><SP WIDTH="11" VPOS="1080" HPOS="725"/>
							<String ID="string_203" HPOS="736" VPOS="1080" WIDTH="106" HEIGHT="22" WC="0.96" CONTENT="anstalter"/><SP WIDTH="11" VPOS="1080" HPOS="842"/>
							<String ID="string_204" HPOS="853" VPOS="1080" WIDTH="99" HEIGHT="26" WC="0.96" CONTENT="inrättas,"/><SP WIDTH="13" VPOS="1080" HPOS="952"/>
							<String ID="string_205" HPOS="965" VPOS="1080" WIDTH="65" HEIGHT="22" WC="0.81" CONTENT="dessa"/>
						</TextLine>
						<TextLine ID="line_29" HPOS="212" VPOS="1109" WIDTH="816" HEIGHT="30">
							<String ID="string_206" HPOS="212" VPOS="1111" WIDTH="109" HEIGHT="21" WC="0.95" CONTENT="baracker"/><SP WIDTH="15" VPOS="1111" HPOS="321"/>
							<String ID="string_207" HPOS="336" VPOS="1110" WIDTH="71" HEIGHT="22" WC="0.96" CONTENT="skulle"/><SP WIDTH="15" VPOS="1110" HPOS="407"/>
							<String ID="string_208" HPOS="422" VPOS="1112" WIDTH="68" HEIGHT="19" WC="0.96" CONTENT="utan"/><SP WIDTH="16" VPOS="1112" HPOS="490"/>
							<String ID="string_209" HPOS="506" VPOS="1110" WIDTH="165" HEIGHT="28" WC="0.93" CONTENT="ersättning"/><SP WIDTH="10" VPOS="1110" HPOS="671"/>
							<String ID="string_210" HPOS="681" VPOS="1110" WIDTH="108" HEIGHT="29" WC="0.95" CONTENT="upplåtas."/><SP WIDTH="25" VPOS="1110" HPOS="789"/>
							<String ID="string_211" HPOS="814" VPOS="1109" WIDTH="50" HEIGHT="23" WC="0.93" CONTENT="Den"/><SP WIDTH="10" VPOS="1109" HPOS="864"/>
							<String ID="string_212" HPOS="874" VPOS="1110" WIDTH="94" HEIGHT="26" WC="0.96" CONTENT="skilnad,"/><SP WIDTH="13" VPOS="1110" HPOS="968"/>
							<String ID="string_213" HPOS="981" VPOS="1117" WIDTH="47" HEIGHT="15" WC="0.96" CONTENT="som"/>
						</TextLine>
						<TextLine ID="line_30" HPOS="212" VPOS="1139" WIDTH="816" HEIGHT="29">
							<String ID="string_214" HPOS="212" VPOS="1140" WIDTH="123" HEIGHT="22" WC="0.91" CONTENT="förefinnes"/><SP WIDTH="15" VPOS="1140" HPOS="335"/>
							<String ID="string_215" HPOS="350" VPOS="1140" WIDTH="83" HEIGHT="22" WC="0.96" CONTENT="mellan"/><SP WIDTH="16" VPOS="1140" HPOS="433"/>
							<String ID="string_216" HPOS="449" VPOS="1139" WIDTH="71" HEIGHT="23" WC="0.96" CONTENT="första"/><SP WIDTH="16" VPOS="1139" HPOS="520"/>
							<String ID="string_217" HPOS="536" VPOS="1140" WIDTH="41" HEIGHT="22" WC="0.96" CONTENT="och"/><SP WIDTH="16" VPOS="1140" HPOS="577"/>
							<String ID="string_218" HPOS="593" VPOS="1140" WIDTH="69" HEIGHT="22" WC="0.93" CONTENT="andra"/><SP WIDTH="16" VPOS="1140" HPOS="662"/>
							<String ID="string_219" HPOS="678" VPOS="1140" WIDTH="118" HEIGHT="26" WC="0.90" CONTENT="klämmen,"/><SP WIDTH="17" VPOS="1140" HPOS="796"/>
							<String ID="string_220" HPOS="813" VPOS="1143" WIDTH="25" HEIGHT="18" WC="0.94" CONTENT="är"/><SP WIDTH="15" VPOS="1143" HPOS="838"/>
							<String ID="string_221" HPOS="853" VPOS="1140" WIDTH="113" HEIGHT="28" WC="0.96" CONTENT="nämligen"/><SP WIDTH="12" VPOS="1140" HPOS="966"/>
							<String ID="string_222" HPOS="978" VPOS="1140" WIDTH="50" HEIGHT="26" WC="0.96" CONTENT="den,"/>
						</TextLine>
						<TextLine ID="line_31" HPOS="212" VPOS="1169" WIDTH="817" HEIGHT="27">
							<String ID="string_223" HPOS="212" VPOS="1172" WIDTH="32" HEIGHT="20" WC="0.96" CONTENT="att"/><SP WIDTH="20" VPOS="1172" HPOS="244"/>
							<String ID="string_224" HPOS="264" VPOS="1170" WIDTH="6" HEIGHT="21" WC="0.95" CONTENT="i"/><SP WIDTH="22" VPOS="1170" HPOS="270"/>
							<String ID="string_225" HPOS="292" VPOS="1170" WIDTH="42" HEIGHT="22" WC="0.92" CONTENT="den"/><SP WIDTH="24" VPOS="1170" HPOS="334"/>
							<String ID="string_226" HPOS="358" VPOS="1169" WIDTH="62" HEIGHT="22" WC="0.92" CONTENT="förra"/><SP WIDTH="24" VPOS="1169" HPOS="420"/>
							<String ID="string_227" HPOS="444" VPOS="1169" WIDTH="93" HEIGHT="23" WC="0.92" CONTENT="föresläs"/><SP WIDTH="23" VPOS="1169" HPOS="537"/>
							<String ID="string_228" HPOS="560" VPOS="1171" WIDTH="31" HEIGHT="20" WC="0.96" CONTENT="att"/><SP WIDTH="16" VPOS="1171" HPOS="591"/>
							<String ID="string_229" HPOS="607" VPOS="1169" WIDTH="37" HEIGHT="23" WC="0.96" CONTENT="för"/><SP WIDTH="15" VPOS="1169" HPOS="644"/>
							<String ID="string_230" HPOS="659" VPOS="1170" WIDTH="61" HEIGHT="21" WC="0.93" CONTENT="detta"/><SP WIDTH="15" VPOS="1170" HPOS="720"/>
							<String ID="string_231" HPOS="735" VPOS="1169" WIDTH="110" HEIGHT="27" WC="0.91" CONTENT="ändamäl,"/><SP WIDTH="17" VPOS="1169" HPOS="845"/>
							<String ID="string_232" HPOS="862" VPOS="1170" WIDTH="39" HEIGHT="21" WC="0.96" CONTENT="der"/><SP WIDTH="16" VPOS="1170" HPOS="901"/>
							<String ID="string_233" HPOS="917" VPOS="1172" WIDTH="24" HEIGHT="20" WC="0.93" CONTENT="sä"/><SP WIDTH="15" VPOS="1172" HPOS="941"/>
							<String ID="string_234" HPOS="956" VPOS="1169" WIDTH="73" HEIGHT="22" WC="0.93" CONTENT="finnes"/>
						</TextLine>
						<TextLine ID="line_32" HPOS="212" VPOS="1199" WIDTH="815" HEIGHT="29">
							<String ID="string_235" HPOS="212" VPOS="1200" WIDTH="108" HEIGHT="28" WC="0.96" CONTENT="lämpligt,"/><SP WIDTH="16" VPOS="1200" HPOS="320"/>
							<String ID="string_236" HPOS="336" VPOS="1200" WIDTH="28" HEIGHT="21" WC="0.97" CONTENT="de"/><SP WIDTH="9" VPOS="1200" HPOS="364"/>
							<String ID="string_237" HPOS="373" VPOS="1199" WIDTH="72" HEIGHT="22" WC="0.96" CONTENT="skulle"/><SP WIDTH="16" VPOS="1199" HPOS="445"/>
							<String ID="string_238" HPOS="461" VPOS="1201" WIDTH="65" HEIGHT="20" WC="0.96" CONTENT="utan"/><SP WIDTH="17" VPOS="1201" HPOS="526"/>
							<String ID="string_239" HPOS="543" VPOS="1200" WIDTH="166" HEIGHT="28" WC="0.92" CONTENT="ersättning"/><SP WIDTH="14" VPOS="1200" HPOS="709"/>
							<String ID="string_240" HPOS="723" VPOS="1200" WIDTH="108" HEIGHT="28" WC="0.92" CONTENT="upplätas."/><SP WIDTH="23" VPOS="1200" HPOS="831"/>
							<String ID="string_241" HPOS="854" VPOS="1199" WIDTH="11" HEIGHT="22" WC="0.91" CONTENT="I"/><SP WIDTH="11" VPOS="1199" HPOS="865"/>
							<String ID="string_242" HPOS="876" VPOS="1200" WIDTH="69" HEIGHT="21" WC="0.93" CONTENT="andra"/><SP WIDTH="11" VPOS="1200" HPOS="945"/>
							<String ID="string_243" HPOS="956" VPOS="1200" WIDTH="71" HEIGHT="21" WC="0.92" CONTENT="kläm-"/>
						</TextLine>
						<TextLine ID="line_33" HPOS="211" VPOS="1229" WIDTH="817" HEIGHT="28">
							<String ID="string_244" HPOS="211" VPOS="1237" WIDTH="51" HEIGHT="14" WC="0.93" CONTENT="men"/><SP WIDTH="16" VPOS="1237" HPOS="262"/>
							<String ID="string_245" HPOS="278" VPOS="1229" WIDTH="101" HEIGHT="27" WC="0.92" CONTENT="föresläs,"/><SP WIDTH="18" VPOS="1229" HPOS="379"/>
							<String ID="string_246" HPOS="397" VPOS="1231" WIDTH="31" HEIGHT="20" WC="0.96" CONTENT="att"/><SP WIDTH="17" VPOS="1231" HPOS="428"/>
							<String ID="string_247" HPOS="445" VPOS="1229" WIDTH="27" HEIGHT="22" WC="0.96" CONTENT="de"/><SP WIDTH="15" VPOS="1229" HPOS="472"/>
							<String ID="string_248" HPOS="487" VPOS="1229" WIDTH="37" HEIGHT="22" WC="0.96" CONTENT="för"/><SP WIDTH="16" VPOS="1229" HPOS="524"/>
							<String ID="string_249" HPOS="540" VPOS="1230" WIDTH="38" HEIGHT="22" WC="0.93" CONTENT="der"/><SP WIDTH="11" VPOS="1230" HPOS="578"/>
							<String ID="string_250" HPOS="589" VPOS="1230" WIDTH="134" HEIGHT="21" WC="0.91" CONTENT="omnämnda"/><SP WIDTH="10" VPOS="1230" HPOS="723"/>
							<String ID="string_251" HPOS="733" VPOS="1229" WIDTH="149" HEIGHT="28" WC="0.92" CONTENT="inrättningar"/><SP WIDTH="10" VPOS="1229" HPOS="882"/>
							<String ID="string_252" HPOS="892" VPOS="1230" WIDTH="71" HEIGHT="21" WC="0.96" CONTENT="skulle"/><SP WIDTH="11" VPOS="1230" HPOS="963"/>
							<String ID="string_253" HPOS="974" VPOS="1231" WIDTH="54" HEIGHT="20" WC="0.96" CONTENT="mot"/>
						</TextLine>
						<TextLine ID="line_34" HPOS="211" VPOS="1259" WIDTH="816" HEIGHT="29">
							<String ID="string_254" HPOS="211" VPOS="1259" WIDTH="89" HEIGHT="29" WC="0.96" CONTENT="billig"/><SP WIDTH="21" VPOS="1259" HPOS="300"/>
							<String ID="string_255" HPOS="321" VPOS="1259" WIDTH="166" HEIGHT="28" WC="0.93" CONTENT="ersättning"/><SP WIDTH="23" VPOS="1259" HPOS="487"/>
							<String ID="string_256" HPOS="510" VPOS="1259" WIDTH="107" HEIGHT="29" WC="0.93" CONTENT="upplåtas."/><SP WIDTH="31" VPOS="1259" HPOS="617"/>
							<String ID="string_257" HPOS="648" VPOS="1259" WIDTH="118" HEIGHT="22" WC="0.91" CONTENT="Klämmen"/><SP WIDTH="24" VPOS="1259" HPOS="766"/>
							<String ID="string_258" HPOS="790" VPOS="1259" WIDTH="123" HEIGHT="22" WC="0.96" CONTENT="innehåller"/><SP WIDTH="15" VPOS="1259" HPOS="913"/>
							<String ID="string_259" HPOS="928" VPOS="1259" WIDTH="99" HEIGHT="22" WC="0.96" CONTENT="derför"/><SP WIDTH="-13" VPOS="1259" HPOS="1027"/>
							<String ID="string_260" HPOS="1014" VPOS="1255" WIDTH="17" HEIGHT="37" WC="0.96" CONTENT="i"/>
						</TextLine>
						<TextLine ID="line_35" HPOS="212" VPOS="1289" WIDTH="816" HEIGHT="29">
							<String ID="string_261" HPOS="212" VPOS="1289" WIDTH="79" HEIGHT="28" WC="0.92" CONTENT="själfva"/><SP WIDTH="22" VPOS="1289" HPOS="291"/>
							<String ID="string_262" HPOS="313" VPOS="1289" WIDTH="77" HEIGHT="22" WC="0.96" CONTENT="verket"/><SP WIDTH="24" VPOS="1289" HPOS="390"/>
							<String ID="string_263" HPOS="414" VPOS="1289" WIDTH="50" HEIGHT="22" WC="0.96" CONTENT="icke"/><SP WIDTH="22" VPOS="1289" HPOS="464"/>
							<String ID="string_264" HPOS="486" VPOS="1290" WIDTH="124" HEIGHT="28" WC="0.96" CONTENT="någonting"/><SP WIDTH="22" VPOS="1290" HPOS="610"/>
							<String ID="string_265" HPOS="632" VPOS="1291" WIDTH="67" HEIGHT="20" WC="0.96" CONTENT="annat"/><SP WIDTH="24" VPOS="1291" HPOS="699"/>
							<String ID="string_266" HPOS="723" VPOS="1293" WIDTH="28" HEIGHT="18" WC="0.96" CONTENT="än"/><SP WIDTH="16" VPOS="1293" HPOS="751"/>
							<String ID="string_267" HPOS="767" VPOS="1291" WIDTH="32" HEIGHT="20" WC="0.96" CONTENT="att"/><SP WIDTH="15" VPOS="1291" HPOS="799"/>
							<String ID="string_268" HPOS="814" VPOS="1289" WIDTH="80" HEIGHT="28" WC="0.96" CONTENT="frågan"/><SP WIDTH="18" VPOS="1289" HPOS="894"/>
							<String ID="string_269" HPOS="912" VPOS="1296" WIDTH="35" HEIGHT="15" WC="0.96" CONTENT="om"/><SP WIDTH="16" VPOS="1296" HPOS="947"/>
							<String ID="string_270" HPOS="963" VPOS="1289" WIDTH="65" HEIGHT="22" WC="0.96" CONTENT="dessa"/>
						</TextLine>
						<TextLine ID="line_36" HPOS="211" VPOS="1318" WIDTH="816" HEIGHT="29">
							<String ID="string_271" HPOS="211" VPOS="1319" WIDTH="143" HEIGHT="22" WC="0.96" CONTENT="kommunala"/><SP WIDTH="22" VPOS="1319" HPOS="354"/>
							<String ID="string_272" HPOS="376" VPOS="1319" WIDTH="166" HEIGHT="28" WC="0.96" CONTENT="sinnessjukhus"/><SP WIDTH="23" VPOS="1319" HPOS="542"/>
							<String ID="string_273" HPOS="565" VPOS="1321" WIDTH="70" HEIGHT="20" WC="0.96" CONTENT="måste"/><SP WIDTH="22" VPOS="1321" HPOS="635"/>
							<String ID="string_274" HPOS="657" VPOS="1319" WIDTH="113" HEIGHT="22" WC="0.96" CONTENT="betraktas"/><SP WIDTH="23" VPOS="1319" HPOS="770"/>
							<String ID="string_275" HPOS="793" VPOS="1326" WIDTH="55" HEIGHT="15" WC="0.96" CONTENT="vara"/><SP WIDTH="23" VPOS="1326" HPOS="848"/>
							<String ID="string_276" HPOS="871" VPOS="1318" WIDTH="25" HEIGHT="23" WC="0.96" CONTENT="af"/><SP WIDTH="18" VPOS="1318" HPOS="896"/>
							<String ID="string_277" HPOS="914" VPOS="1326" WIDTH="27" HEIGHT="15" WC="0.96" CONTENT="en"/><SP WIDTH="16" VPOS="1326" HPOS="941"/>
							<String ID="string_278" HPOS="957" VPOS="1319" WIDTH="70" HEIGHT="22" WC="0.96" CONTENT="sådan"/>
						</TextLine>
						<TextLine ID="line_37" HPOS="211" VPOS="1348" WIDTH="816" HEIGHT="28">
							<String ID="string_279" HPOS="211" VPOS="1349" WIDTH="47" HEIGHT="27" WC="0.96" CONTENT="vigt"/><SP WIDTH="24" VPOS="1349" HPOS="258"/>
							<String ID="string_280" HPOS="282" VPOS="1350" WIDTH="38" HEIGHT="24" WC="0.94" CONTENT="att,"/><SP WIDTH="24" VPOS="1350" HPOS="320"/>
							<String ID="string_281" HPOS="344" VPOS="1348" WIDTH="37" HEIGHT="21" WC="0.96" CONTENT="för"/><SP WIDTH="23" VPOS="1348" HPOS="381"/>
							<String ID="string_282" HPOS="404" VPOS="1348" WIDTH="42" HEIGHT="21" WC="0.95" CONTENT="den"/><SP WIDTH="24" VPOS="1348" HPOS="446"/>
							<String ID="string_283" HPOS="470" VPOS="1348" WIDTH="105" HEIGHT="22" WC="0.95" CONTENT="händelse"/><SP WIDTH="16" VPOS="1348" HPOS="575"/>
							<String ID="string_284" HPOS="591" VPOS="1348" WIDTH="55" HEIGHT="21" WC="0.96" CONTENT="efter"/><SP WIDTH="15" VPOS="1348" HPOS="646"/>
							<String ID="string_285" HPOS="661" VPOS="1348" WIDTH="167" HEIGHT="28" WC="0.96" CONTENT="undersökning"/><SP WIDTH="15" VPOS="1348" HPOS="828"/>
							<String ID="string_286" HPOS="843" VPOS="1348" WIDTH="25" HEIGHT="21" WC="0.96" CONTENT="af"/><SP WIDTH="13" VPOS="1348" HPOS="868"/>
							<String ID="string_287" HPOS="881" VPOS="1348" WIDTH="44" HEIGHT="21" WC="0.93" CONTENT="alla"/><SP WIDTH="16" VPOS="1348" HPOS="925"/>
							<String ID="string_288" HPOS="941" VPOS="1348" WIDTH="86" HEIGHT="21" WC="0.92" CONTENT="förhål-"/>
						</TextLine>
						<TextLine ID="line_38" HPOS="210" VPOS="1376" WIDTH="816" HEIGHT="29">
							<String ID="string_289" HPOS="210" VPOS="1378" WIDTH="82" HEIGHT="21" WC="0.96" CONTENT="landen"/><SP WIDTH="16" VPOS="1378" HPOS="292"/>
							<String ID="string_290" HPOS="308" VPOS="1377" WIDTH="116" HEIGHT="28" WC="0.93" CONTENT="angående"/><SP WIDTH="16" VPOS="1377" HPOS="424"/>
							<String ID="string_291" HPOS="440" VPOS="1377" WIDTH="224" HEIGHT="21" WC="0.91" CONTENT="reservbarackernas"/><SP WIDTH="17" VPOS="1377" HPOS="664"/>
							<String ID="string_292" HPOS="681" VPOS="1378" WIDTH="146" HEIGHT="21" WC="0.96" CONTENT="användande"/><SP WIDTH="11" VPOS="1378" HPOS="827"/>
							<String ID="string_293" HPOS="838" VPOS="1376" WIDTH="38" HEIGHT="22" WC="0.96" CONTENT="för"/><SP WIDTH="11" VPOS="1376" HPOS="876"/>
							<String ID="string_294" HPOS="887" VPOS="1378" WIDTH="61" HEIGHT="21" WC="0.93" CONTENT="detta"/><SP WIDTH="11" VPOS="1378" HPOS="948"/>
							<String ID="string_295" HPOS="959" VPOS="1378" WIDTH="67" HEIGHT="21" WC="0.92" CONTENT="ända-"/>
						</TextLine>
						<TextLine ID="line_39" HPOS="210" VPOS="1406" WIDTH="817" HEIGHT="30">
							<String ID="string_296" HPOS="210" VPOS="1407" WIDTH="45" HEIGHT="21" WC="0.95" CONTENT="mål"/><SP WIDTH="23" VPOS="1407" HPOS="255"/>
							<String ID="string_297" HPOS="278" VPOS="1407" WIDTH="78" HEIGHT="22" WC="0.93" CONTENT="sådant"/><SP WIDTH="21" VPOS="1407" HPOS="356"/>
							<String ID="string_298" HPOS="377" VPOS="1406" WIDTH="101" HEIGHT="22" WC="0.91" CONTENT="befinnes"/><SP WIDTH="16" VPOS="1406" HPOS="478"/>
							<String ID="string_299" HPOS="494" VPOS="1406" WIDTH="103" HEIGHT="29" WC="0.90" CONTENT="önskligt,"/><SP WIDTH="17" VPOS="1406" HPOS="597"/>
							<String ID="string_300" HPOS="614" VPOS="1406" WIDTH="27" HEIGHT="22" WC="0.96" CONTENT="de"/><SP WIDTH="16" VPOS="1406" HPOS="641"/>
							<String ID="string_301" HPOS="657" VPOS="1406" WIDTH="68" HEIGHT="22" WC="0.96" CONTENT="borde"/><SP WIDTH="16" VPOS="1406" HPOS="725"/>
							<String ID="string_302" HPOS="741" VPOS="1408" WIDTH="53" HEIGHT="21" WC="0.96" CONTENT="utan"/><SP WIDTH="16" VPOS="1408" HPOS="794"/>
							<String ID="string_303" HPOS="810" VPOS="1407" WIDTH="123" HEIGHT="29" WC="0.96" CONTENT="ersättning"/><SP WIDTH="16" VPOS="1407" HPOS="933"/>
							<String ID="string_304" HPOS="949" VPOS="1406" WIDTH="78" HEIGHT="23" WC="0.96" CONTENT="härför"/>
						</TextLine>
						<TextLine ID="line_40" HPOS="209" VPOS="1436" WIDTH="818" HEIGHT="30">
							<String ID="string_305" HPOS="209" VPOS="1437" WIDTH="109" HEIGHT="29" WC="0.94" CONTENT="upplåtas."/><SP WIDTH="32" VPOS="1437" HPOS="318"/>
							<String ID="string_306" HPOS="350" VPOS="1437" WIDTH="44" HEIGHT="29" WC="0.94" CONTENT="Jag"/><SP WIDTH="21" VPOS="1437" HPOS="394"/>
							<String ID="string_307" HPOS="415" VPOS="1438" WIDTH="47" HEIGHT="20" WC="0.96" CONTENT="tror"/><SP WIDTH="24" VPOS="1438" HPOS="462"/>
							<String ID="string_308" HPOS="486" VPOS="1436" WIDTH="49" HEIGHT="22" WC="0.93" CONTENT="icke"/><SP WIDTH="16" VPOS="1436" HPOS="535"/>
							<String ID="string_309" HPOS="551" VPOS="1439" WIDTH="32" HEIGHT="19" WC="0.96" CONTENT="att"/><SP WIDTH="16" VPOS="1439" HPOS="583"/>
							<String ID="string_310" HPOS="599" VPOS="1444" WIDTH="51" HEIGHT="14" WC="0.96" CONTENT="man"/><SP WIDTH="16" VPOS="1444" HPOS="650"/>
							<String ID="string_311" HPOS="666" VPOS="1444" WIDTH="80" HEIGHT="21" WC="0.96" CONTENT="genom"/><SP WIDTH="17" VPOS="1444" HPOS="746"/>
							<String ID="string_312" HPOS="763" VPOS="1437" WIDTH="136" HEIGHT="29" WC="0.96" CONTENT="antagandet"/><SP WIDTH="16" VPOS="1437" HPOS="899"/>
							<String ID="string_313" HPOS="915" VPOS="1437" WIDTH="25" HEIGHT="22" WC="0.95" CONTENT="af"/><SP WIDTH="13" VPOS="1437" HPOS="940"/>
							<String ID="string_314" HPOS="953" VPOS="1438" WIDTH="74" HEIGHT="22" WC="0.96" CONTENT="denna"/>
						</TextLine>
						<TextLine ID="line_41" HPOS="209" VPOS="1466" WIDTH="818" HEIGHT="30">
							<String ID="string_315" HPOS="209" VPOS="1467" WIDTH="61" HEIGHT="22" WC="0.96" CONTENT="kläm"/><SP WIDTH="15" VPOS="1467" HPOS="270"/>
							<String ID="string_316" HPOS="285" VPOS="1468" WIDTH="29" HEIGHT="28" WC="0.96" CONTENT="på"/><SP WIDTH="16" VPOS="1468" HPOS="314"/>
							<String ID="string_317" HPOS="330" VPOS="1468" WIDTH="68" HEIGHT="28" WC="0.96" CONTENT="något"/><SP WIDTH="15" VPOS="1468" HPOS="398"/>
							<String ID="string_318" HPOS="413" VPOS="1468" WIDTH="43" HEIGHT="20" WC="0.96" CONTENT="sätt"/><SP WIDTH="17" VPOS="1468" HPOS="456"/>
							<String ID="string_319" HPOS="473" VPOS="1466" WIDTH="79" HEIGHT="22" WC="0.96" CONTENT="binder"/><SP WIDTH="15" VPOS="1466" HPOS="552"/>
							<String ID="string_320" HPOS="567" VPOS="1467" WIDTH="34" HEIGHT="28" WC="0.96" CONTENT="sig"/><SP WIDTH="15" VPOS="1467" HPOS="601"/>
							<String ID="string_321" HPOS="616" VPOS="1466" WIDTH="38" HEIGHT="22" WC="0.95" CONTENT="för"/><SP WIDTH="16" VPOS="1466" HPOS="654"/>
							<String ID="string_322" HPOS="670" VPOS="1466" WIDTH="90" HEIGHT="29" WC="0.93" CONTENT="frågans"/><SP WIDTH="16" VPOS="1466" HPOS="760"/>
							<String ID="string_323" HPOS="776" VPOS="1467" WIDTH="121" HEIGHT="29" WC="0.92" CONTENT="afgörande"/><SP WIDTH="16" VPOS="1467" HPOS="897"/>
							<String ID="string_324" HPOS="913" VPOS="1468" WIDTH="7" HEIGHT="20" WC="0.96" CONTENT="i"/><SP WIDTH="13" VPOS="1468" HPOS="920"/>
							<String ID="string_325" HPOS="933" VPOS="1474" WIDTH="28" HEIGHT="15" WC="0.96" CONTENT="en"/><SP WIDTH="11" VPOS="1474" HPOS="961"/>
							<String ID="string_326" HPOS="972" VPOS="1468" WIDTH="55" HEIGHT="22" WC="0.96" CONTENT="eller"/>
						</TextLine>
						<TextLine ID="line_42" HPOS="210" VPOS="1496" WIDTH="816" HEIGHT="30">
							<String ID="string_327" HPOS="210" VPOS="1504" WIDTH="73" HEIGHT="15" WC="0.94" CONTENT="annan"/><SP WIDTH="22" VPOS="1504" HPOS="283"/>
							<String ID="string_328" HPOS="305" VPOS="1498" WIDTH="99" HEIGHT="27" WC="0.94" CONTENT="riktning"/><SP WIDTH="20" VPOS="1498" HPOS="404"/>
							<String ID="string_329" HPOS="424" VPOS="1497" WIDTH="8" HEIGHT="21" WC="0.96" CONTENT="i"/><SP WIDTH="21" VPOS="1497" HPOS="432"/>
							<String ID="string_330" HPOS="453" VPOS="1497" WIDTH="27" HEIGHT="21" WC="0.93" CONTENT="de"/><SP WIDTH="16" VPOS="1497" HPOS="480"/>
							<String ID="string_331" HPOS="496" VPOS="1496" WIDTH="119" HEIGHT="22" WC="0.90" CONTENT="afseenden"/><SP WIDTH="16" VPOS="1496" HPOS="615"/>
							<String ID="string_332" HPOS="631" VPOS="1497" WIDTH="43" HEIGHT="22" WC="0.96" CONTENT="den"/><SP WIDTH="15" VPOS="1497" HPOS="674"/>
							<String ID="string_333" HPOS="689" VPOS="1497" WIDTH="112" HEIGHT="29" WC="0.96" CONTENT="förelegat"/><SP WIDTH="15" VPOS="1497" HPOS="801"/>
							<String ID="string_334" HPOS="816" VPOS="1498" WIDTH="33" HEIGHT="21" WC="0.96" CONTENT="till"/><SP WIDTH="16" VPOS="1498" HPOS="849"/>
							<String ID="string_335" HPOS="865" VPOS="1498" WIDTH="138" HEIGHT="28" WC="0.96" CONTENT="behandling"/><SP WIDTH="15" VPOS="1498" HPOS="1003"/>
							<String ID="string_336" HPOS="1018" VPOS="1498" WIDTH="8" HEIGHT="21" WC="0.96" CONTENT="i"/>
						</TextLine>
						<TextLine ID="line_43" HPOS="210" VPOS="1527" WIDTH="346" HEIGHT="29">
							<String ID="string_337" HPOS="210" VPOS="1528" WIDTH="113" HEIGHT="22" WC="0.92" CONTENT="allmänna"/><SP WIDTH="15" VPOS="1528" HPOS="323"/>
							<String ID="string_338" HPOS="338" VPOS="1527" WIDTH="218" HEIGHT="29" WC="0.90" CONTENT="petitionsutskottet."/>
						</TextLine>
					</TextBlock>
				</ComposedBlock>
			</PrintSpace>
		</Page>
	</Layout>
</alto>
