1114 1792
217 116 45 22 286
470 115 128 23 Pappissääty
609 114 77 24 jouluk.
698 114 23 18 29
733 120 18 18 p.
765 114 52 19 1904.

217 170 81 28 ningar
321 169 37 21 det
381 168 39 22 vill
442 168 68 22 hafva
532 168 104 22 uttalade.
668 168 44 22 Det
732 170 25 19 är
777 168 49 22 dess
843 167 82 28 styrka.
957 166 76 29 Enligt

218 199 46 21 min
280 199 91 28 mening
386 200 25 19 är
427 198 36 22 det
480 198 76 22 därför
569 198 46 28 just
631 198 37 21 det
684 204 47 15 som
746 198 69 21 borde
827 197 24 22 af
859 197 120 22 ständerna
989 203 44 15 om-

217 228 73 27 fattas,
310 228 32 22 lät
359 235 55 15 vara
429 228 7 21 i
452 234 28 16 en
495 227 64 27 form,
576 234 46 16 som
637 228 73 21 bättre
727 229 123 20 motsvarar
865 227 27 21 de
908 226 126 28 fordringar

218 266 51 14 man
291 261 25 19 är
335 258 126 28 berättigad
482 258 64 21 ställa
565 259 29 27 pä
612 264 27 15 en
655 257 117 22 skrifvelse
787 256 50 22 från
853 264 28 14 en
897 255 138 23 ständerför-.

217 288 95 29 samling
328 288 35 21 till
379 288 50 22 dess
445 288 99 22 monark.
575 288 11 21 I
602 287 60 22 detta
677 287 127 22 hänseende
820 288 47 21 åter
883 289 24 19 är
923 286 43 23 den
982 286 5 21 i
1000 292 33 16 re-

217 319 141 22 servationen
380 317 129 30 föreslagna
532 317 130 22 skrifvelsen
683 319 31 20 ett
734 319 98 20 mönster
853 324 48 15 som
923 316 111 28 förtjänar

217 348 74 29 följas.
322 348 44 29 Jag
386 347 104 23 förordar
505 348 64 21 alltså
585 348 43 21 den
643 347 153 29 underdäniga
811 346 144 23 skrifvelsens
971 346 62 22 affat-

217 378 67 22 tande
299 379 99 20 närmast
413 378 7 21 i
436 378 99 28 enlighet
545 378 51 21 med
607 377 176 22 reservationens
794 377 86 28 förslag
891 376 75 22 därtill
977 376 56 22 dock

217 409 7 20 i
245 408 108 28 behöriga
376 407 61 22 delar
460 408 73 21 rättad
553 409 29 27 pä
602 409 43 20 sätt
660 409 70 27 nägra
745 407 70 22 talare
831 407 69 22 redan
916 406 118 29 föreslagit

217 440 57 19 samt
295 438 6 21 i
322 437 70 22 andra
415 438 92 27 stycken
527 437 162 29 kompletterad
711 437 50 22 med
780 437 95 28 tillhjälp
892 435 25 23 af
929 436 104 22 utskotts-

217 467 156 22 betänkandet.
405 467 65 22 Hvad
482 467 138 22 klämmarna
629 467 34 21 till
674 466 131 23 skrifvelsen
818 466 113 27 beträffar,
943 465 91 23 förenar

215 498 41 28 jag
277 497 47 28 mig
347 504 37 15 om
407 497 37 22 det
467 496 86 30 förslag
575 499 88 27 prosten
686 497 104 22 Hellman
806 497 7 21 i
829 497 60 21 detta
907 494 127 24 hänseende

216 527 124 22 framställt.

288 557 65 22 Hvad
376 557 105 28 slutligen
504 557 138 22 vidkommer
663 557 37 21 det
720 557 6 21 i
741 557 167 22 reservationen
923 555 111 30 ingäende

217 587 109 29 förslaget
345 594 36 15 om
401 587 145 22 utarbetande
567 587 26 22 af
609 586 86 29 förslag
714 587 34 21 till
764 593 28 16 en
807 594 31 21 ny
853 585 180 30 regeringsform,

217 617 61 22 delar
293 617 39 29 jag
348 617 42 22 den
406 617 64 27 äsikt,
487 624 47 15 som
549 617 89 22 uttalats
654 617 30 21 bl.
701 623 18 16 a.
732 616 25 22 af
764 617 79 28 biskop
855 615 126 23 Colliander
992 615 42 22 och

217 648 142 28 domprosten
377 647 107 28 Hedberg
504 647 114 22 äfvensom
634 645 26 23 af
672 648 89 27 prosten
777 647 111 24 Hellman,
905 647 31 20 att
953 647 31 20 ett
999 647 34 20 sä-

217 677 53 22 dant
292 677 87 28 förslag
401 677 76 26 borde,
499 684 35 15 om
557 677 37 22 det
612 675 100 23 befinnes
727 676 85 29 nödigt,
829 675 25 23 af
867 675 166 23 vederbörande

216 707 84 22 utskott
322 707 114 22 utarbetas
456 707 41 22 och
518 707 7 21 i
545 707 71 22 sinom
637 706 33 22 tid
689 706 130 23 ständernas
834 705 105 30 pröfning
954 705 79 22 under-

216 737 83 22 ställas.

286 767 39 22 Att
338 767 41 28 jag
395 767 64 22 alltsä
474 766 101 23 förordar
590 766 162 23 betänkandets
768 766 125 22 äterremiss
904 766 34 21 till
948 765 85 23 utskot-

216 799 31 20 tet
268 797 7 21 i
296 797 41 22 och
358 797 38 22 för
416 797 155 29 omarbetning
591 797 8 21 i
614 795 66 24 ofvan
698 796 78 29 antydt
791 795 65 30 syfte,
872 795 109 24 behöfver
993 796 41 29 jag

217 827 49 22 icke
281 827 105 22 särskildt
401 830 124 19 omnämna.

287 887 91 23 Lehtori
398 887 103 29 Bergroth:
522 887 86 27 Pitkän,
630 886 110 23 asiallisen
758 887 24 28 ja
798 887 127 22 valaisevan
944 887 89 21 keskus-

216 918 60 22 telun
297 918 90 29 jälkeen
411 925 29 15 on
463 918 91 22 minulla
576 924 57 16 vaan
656 917 103 22 lisättävä
781 917 50 28 yksi
851 924 60 15 sana.
943 916 34 23 On
999 923 34 15 sa-

216 950 62 21 nottu
298 950 46 20 että
362 948 74 22 uuden
455 948 185 22 hallitusmuodon
656 947 191 22 aikaansaamisen
864 947 78 22 kautta
960 947 73 21 sovin-

216 986 44 14 non
274 978 24 28 ja
312 978 105 22 laillisten
433 978 73 28 olojen
521 977 174 29 palauttaminen
711 977 71 21 kävisi
798 977 167 29 helpommaksi.
991 977 42 21 Voi

217 1008 43 22 olla
283 1008 147 26 mahdollista,
451 1009 71 20 mutta
542 1015 30 19 se,
593 1008 54 21 mitä
670 1014 36 14 me
720 1007 55 21 tällä
790 1007 97 21 hetkellä
903 1006 130 30 kipeimmin

216 1038 146 29 kaipaamme,
382 1038 22 21 ei
422 1038 34 21 ole
472 1044 39 15 sen
526 1038 47 21 tahi
589 1039 75 20 tämän
680 1037 67 21 ilman
763 1037 101 28 säätyjen
880 1036 153 29 myötävaiku-

215 1070 59 20 tusta
289 1069 125 27 syntyneen
430 1068 117 22 asetuksen
563 1067 153 29 poistaminen,
733 1074 38 15 sen
787 1067 47 21 tahi
849 1069 76 20 tämän
937 1066 96 30 epäkoh-

216 1098 44 22 dan
275 1098 159 28 korjaaminen,
452 1104 57 15 vaan
525 1104 36 15 me
577 1098 139 28 kaipaamme
733 1104 71 15 ennen
820 1097 96 22 kaikkea
932 1098 101 27 varmoja

215 1128 84 22 takeita
315 1128 51 22 siitä
381 1129 45 21 että
441 1128 140 21 laillisuuden
596 1128 100 28 periaate
708 1128 47 21 taas
763 1128 157 21 tunnustetaan
931 1127 100 29 pyhäksi,

216 1158 156 22 ehdottomasti
394 1158 106 21 sitovaksi
521 1158 24 28 ja
563 1156 246 28 loukkaamattomaksi,
831 1157 49 22 sillä
896 1157 50 22 ellei
962 1164 24 14 se
1003 1158 29 20 ta-

215 1188 80 28 pahdu,
312 1194 29 16 on
354 1187 101 28 jotenkin
466 1187 176 28 yhdentekevää,
654 1187 113 21 millainen
778 1187 165 21 hallitusmuoto
952 1187 25 28 ja
987 1186 45 22 laki

215 1218 91 28 yleensä
321 1224 35 15 on.
388 1217 28 21 Ja
430 1217 71 21 koska
516 1217 151 22 valiokunnan
683 1217 100 21 mietintö
798 1218 24 27 ja
837 1217 126 28 ponsilause
973 1216 59 28 juuri

215 1248 90 21 selvään
320 1247 145 22 tarkoittavat
480 1248 53 26 tätä,
550 1247 165 22 sekoittamatta
730 1247 76 22 asiaan
822 1247 84 21 mitään
921 1247 110 28 pääkysy-

215 1279 73 26 mystä
310 1277 86 21 kenties
419 1277 160 21 himmentäviä
602 1276 167 29 syrjäseikkoja,
789 1276 65 22 olisin
874 1276 52 22 enin
941 1276 91 28 taipuva

214 1307 174 21 kannattamaan
412 1306 55 22 niitä
487 1306 56 22 siinä
562 1306 117 22 muodossa
694 1306 53 22 kuin
762 1306 119 28 professori
896 1306 92 22 Donner
1003 1312 29 15 on

215 1336 136 22 ehdottanut.
382 1336 71 20 Mutta
475 1336 70 20 koska
568 1336 79 21 katson
671 1336 88 20 erittäin
778 1336 112 21 tärkeäksi
914 1337 45 20 että
979 1337 53 19 tänä

215 1365 128 21 isänmaalle
359 1363 53 29 ylen
426 1364 108 22 tärkeänä
549 1365 96 21 hetkenä
661 1364 112 22 voitaisiin
784 1366 116 20 saavuttaa
910 1364 121 28 yksimieli-

214 1396 80 26 syyttä,
310 1394 48 22 niin
374 1394 78 22 katson
468 1394 222 22 velvollisuudekseni
707 1394 72 28 liittyä
790 1394 70 22 siihen
877 1394 154 22 sovintoehdo-

213 1424 100 28 tukseen,
328 1424 70 29 jonka
413 1423 118 30 professori
546 1424 120 29 Runeberg
681 1431 27 15 on
725 1424 85 29 tehnyt.

284 1485 202 29 Tuomiokapitulin
507 1485 93 22 asessori
620 1485 94 22 Auvinen:
735 1484 101 23 Suurella
854 1485 177 23 uteliaisuudella

214 1516 50 22 olen
290 1516 61 22 minä
377 1515 91 23 lukenut
492 1515 53 22 sekä
568 1515 150 23 valiokunnan
741 1515 123 23 mietinnön
891 1517 45 21 että
960 1518 70 27 myös-
