<?xml version="1.0" encoding="UTF-8"?>
<alto xmlns="http://www.loc.gov/standards/alto/ns-v3#" xmlns:xlink="http://www.w3.org/1999/xlink" xmlns:xsi="http://www.w3.org/2001/XMLSchema-instance" xsi:schemaLocation="http://www.loc.gov/standards/alto/ns-v3# http://www.loc.gov/alto/v3/alto-3-0.xsd">
	<Description>
		<MeasurementUnit>pixel</MeasurementUnit>
		<sourceImageInformation>
			<fileName>/tmp/tess_pndon00c_input.PNG</fileName>
		</sourceImageInformation>
		<OCRProcessing ID="OCR_0">
			<ocrProcessingStep>
				<processingSoftware>
					<softwareName>tesseract 5.3.4</softwareName>
				</processingSoftware>
			</ocrProcessingStep>
		</OCRProcessing>
	</Description>
	<Layout>
		<Page WIDTH="1100" HEIGHT="1795" PHYSICAL_IMG_NR="0" ID="page_0">
			<PrintSpace HPOS="0" VPOS="0" WIDTH="1100" HEIGHT="1795">
				<ComposedBlock ID="cblock_0" HPOS="189" VPOS="106" WIDTH="594" HEIGHT="32">
					<TextBlock ID="block_0" HPOS="189" VPOS="106" WIDTH="594" HEIGHT="32">
						<TextLine ID="line_0" HPOS="189" VPOS="106" WIDTH="594" HEIGHT="32">
							<String ID="string_0" HPOS="189" VPOS="106" WIDTH="45" HEIGHT="32" WC="0.94" CONTENT="334"/><SP WIDTH="199" VPOS="106" HPOS="234"/>
							<String ID="string_1" HPOS="433" VPOS="111" WIDTH="130" HEIGHT="24" WC="0.96" CONTENT="Pappissääty"/><SP WIDTH="10" VPOS="111" HPOS="563"/>
							<String ID="string_2" HPOS="573" VPOS="111" WIDTH="77" HEIGHT="23" WC="0.94" CONTENT="jouluk."/><SP WIDTH="14" VPOS="111" HPOS="650"/>
							<String ID="string_3" HPOS="664" VPOS="111" WIDTH="22" HEIGHT="18" WC="0.94" CONTENT="31"/><SP WIDTH="13" VPOS="111" HPOS="686"/>
							<String ID="string_4" HPOS="699" VPOS="117" WIDTH="18" HEIGHT="18" WC="0.95" CONTENT="p."/><SP WIDTH="13" VPOS="117" HPOS="717"/>
							<String ID="string_5" HPOS="730" VPOS="111" WIDTH="53" HEIGHT="19" WC="0.93" CONTENT="1904."/>
						</TextLine>
					</TextBlock>
				</ComposedBlock>
				<ComposedBlock ID="cblock_1" HPOS="190" VPOS="164" WIDTH="824" HEIGHT="1015">
					<TextBlock ID="block_1" HPOS="190" VPOS="164" WIDTH="821" HEIGHT="296">
						<TextLine ID="line_1" HPOS="190" VPOS="164" WIDTH="818" HEIGHT="29">
							<String ID="string_6" HPOS="190" VPOS="164" WIDTH="44" HEIGHT="22" WC="0.93" CONTENT="Det"/><SP WIDTH="15" VPOS="164" HPOS="234"/>
							<String ID="string_7" HPOS="249" VPOS="164" WIDTH="124" HEIGHT="22" WC="0.93" CONTENT="förefinnes"/><SP WIDTH="14" VPOS="164" HPOS="373"/>
							<String ID="string_8" HPOS="387" VPOS="164" WIDTH="25" HEIGHT="28" WC="0.93" CONTENT="ju"/><SP WIDTH="15" VPOS="164" HPOS="412"/>
							<String ID="string_9" HPOS="427" VPOS="165" WIDTH="94" HEIGHT="28" WC="0.92" CONTENT="utsigter"/><SP WIDTH="15" VPOS="165" HPOS="521"/>
							<String ID="string_10" HPOS="536" VPOS="164" WIDTH="37" HEIGHT="22" WC="0.96" CONTENT="för"/><SP WIDTH="15" VPOS="164" HPOS="573"/>
							<String ID="string_11" HPOS="588" VPOS="166" WIDTH="33" HEIGHT="20" WC="0.96" CONTENT="att"/><SP WIDTH="16" VPOS="166" HPOS="621"/>
							<String ID="string_12" HPOS="637" VPOS="165" WIDTH="42" HEIGHT="22" WC="0.93" CONTENT="den"/><SP WIDTH="16" VPOS="165" HPOS="679"/>
							<String ID="string_13" HPOS="695" VPOS="165" WIDTH="108" HEIGHT="28" WC="0.92" CONTENT="brytning"/><SP WIDTH="15" VPOS="165" HPOS="803"/>
							<String ID="string_14" HPOS="818" VPOS="164" WIDTH="81" HEIGHT="22" WC="0.95" CONTENT="mellan"/><SP WIDTH="11" VPOS="164" HPOS="899"/>
							<String ID="string_15" HPOS="910" VPOS="164" WIDTH="28" HEIGHT="22" WC="0.97" CONTENT="de"/><SP WIDTH="10" VPOS="164" HPOS="938"/>
							<String ID="string_16" HPOS="948" VPOS="164" WIDTH="60" HEIGHT="22" WC="0.96" CONTENT="olika"/>
						</TextLine>
						<TextLine ID="line_2" HPOS="191" VPOS="194" WIDTH="818" HEIGHT="29">
							<String ID="string_17" HPOS="191" VPOS="194" WIDTH="235" HEIGHT="29" WC="0.91" CONTENT="meningsriktningar,"/><SP WIDTH="17" VPOS="194" HPOS="426"/>
							<String ID="string_18" HPOS="443" VPOS="201" WIDTH="47" HEIGHT="15" WC="0.96" CONTENT="som"/><SP WIDTH="13" VPOS="201" HPOS="490"/>
							<String ID="string_19" HPOS="503" VPOS="195" WIDTH="41" HEIGHT="28" WC="0.93" CONTENT="jag"/><SP WIDTH="15" VPOS="195" HPOS="544"/>
							<String ID="string_20" HPOS="559" VPOS="195" WIDTH="85" HEIGHT="27" WC="0.92" CONTENT="antydt,"/><SP WIDTH="16" VPOS="195" HPOS="644"/>
							<String ID="string_21" HPOS="660" VPOS="196" WIDTH="30" HEIGHT="27" WC="0.97" CONTENT="pä"/><SP WIDTH="15" VPOS="196" HPOS="690"/>
							<String ID="string_22" HPOS="705" VPOS="196" WIDTH="31" HEIGHT="20" WC="0.93" CONTENT="ett"/><SP WIDTH="15" VPOS="196" HPOS="736"/>
							<String ID="string_23" HPOS="751" VPOS="194" WIDTH="205" HEIGHT="22" WC="0.88" CONTENT="tillfredsställande"/><SP WIDTH="10" VPOS="194" HPOS="956"/>
							<String ID="string_24" HPOS="966" VPOS="196" WIDTH="43" HEIGHT="20" WC="0.96" CONTENT="sätt"/>
						</TextLine>
						<TextLine ID="line_3" HPOS="190" VPOS="223" WIDTH="817" HEIGHT="29">
							<String ID="string_25" HPOS="190" VPOS="224" WIDTH="57" HEIGHT="21" WC="0.96" CONTENT="skall"/><SP WIDTH="21" VPOS="224" HPOS="247"/>
							<String ID="string_26" HPOS="268" VPOS="224" WIDTH="75" HEIGHT="21" WC="0.93" CONTENT="kunna"/><SP WIDTH="16" VPOS="224" HPOS="343"/>
							<String ID="string_27" HPOS="359" VPOS="224" WIDTH="64" HEIGHT="26" WC="0.92" CONTENT="lösas,"/><SP WIDTH="17" VPOS="224" HPOS="423"/>
							<String ID="string_28" HPOS="440" VPOS="231" WIDTH="36" HEIGHT="15" WC="0.96" CONTENT="om"/><SP WIDTH="16" VPOS="231" HPOS="476"/>
							<String ID="string_29" HPOS="492" VPOS="231" WIDTH="28" HEIGHT="15" WC="0.96" CONTENT="en"/><SP WIDTH="15" VPOS="231" HPOS="520"/>
							<String ID="string_30" HPOS="535" VPOS="224" WIDTH="33" HEIGHT="22" WC="0.93" CONTENT="tid"/><SP WIDTH="15" VPOS="224" HPOS="568"/>
							<String ID="string_31" HPOS="583" VPOS="224" WIDTH="35" HEIGHT="22" WC="0.92" CONTENT="fär"/><SP WIDTH="15" VPOS="224" HPOS="618"/>
							<String ID="string_32" HPOS="633" VPOS="224" WIDTH="73" HEIGHT="28" WC="0.91" CONTENT="förgä,"/><SP WIDTH="17" VPOS="224" HPOS="706"/>
							<String ID="string_33" HPOS="723" VPOS="225" WIDTH="69" HEIGHT="20" WC="0.92" CONTENT="innan"/><SP WIDTH="16" VPOS="225" HPOS="792"/>
							<String ID="string_34" HPOS="808" VPOS="224" WIDTH="42" HEIGHT="21" WC="0.93" CONTENT="den"/><SP WIDTH="16" VPOS="224" HPOS="850"/>
							<String ID="string_35" HPOS="866" VPOS="223" WIDTH="141" HEIGHT="23" WC="0.92" CONTENT="frammanas."/>
						</TextLine>
						<TextLine ID="line_4" HPOS="190" VPOS="253" WIDTH="819" HEIGHT="29">
							<String ID="string_36" HPOS="190" VPOS="253" WIDTH="44" HEIGHT="22" WC="0.93" CONTENT="Det"/><SP WIDTH="15" VPOS="253" HPOS="234"/>
							<String ID="string_37" HPOS="249" VPOS="254" WIDTH="107" HEIGHT="21" WC="0.88" CONTENT="behöfves"/><SP WIDTH="17" VPOS="254" HPOS="356"/>
							<String ID="string_38" HPOS="373" VPOS="254" WIDTH="49" HEIGHT="21" WC="0.92" CONTENT="icke"/><SP WIDTH="16" VPOS="254" HPOS="422"/>
							<String ID="string_39" HPOS="438" VPOS="256" WIDTH="68" HEIGHT="19" WC="0.96" CONTENT="annat"/><SP WIDTH="16" VPOS="256" HPOS="506"/>
							<String ID="string_40" HPOS="522" VPOS="257" WIDTH="28" HEIGHT="18" WC="0.96" CONTENT="än"/><SP WIDTH="16" VPOS="257" HPOS="550"/>
							<String ID="string_41" HPOS="566" VPOS="256" WIDTH="32" HEIGHT="19" WC="0.96" CONTENT="att"/><SP WIDTH="15" VPOS="256" HPOS="598"/>
							<String ID="string_42" HPOS="613" VPOS="254" WIDTH="134" HEIGHT="28" WC="0.96" CONTENT="regeringen"/><SP WIDTH="16" VPOS="254" HPOS="747"/>
							<String ID="string_43" HPOS="763" VPOS="260" WIDTH="81" HEIGHT="22" WC="0.91" CONTENT="genom"/><SP WIDTH="11" VPOS="260" HPOS="844"/>
							<String ID="string_44" HPOS="855" VPOS="255" WIDTH="76" HEIGHT="27" WC="0.91" CONTENT="nägon"/><SP WIDTH="9" VPOS="255" HPOS="931"/>
							<String ID="string_45" HPOS="940" VPOS="254" WIDTH="69" HEIGHT="22" WC="0.91" CONTENT="hand-"/>
						</TextLine>
						<TextLine ID="line_5" HPOS="190" VPOS="283" WIDTH="819" HEIGHT="29">
							<String ID="string_46" HPOS="190" VPOS="283" WIDTH="48" HEIGHT="29" WC="0.90" CONTENT="ling"/><SP WIDTH="21" VPOS="283" HPOS="238"/>
							<String ID="string_47" HPOS="259" VPOS="283" WIDTH="72" HEIGHT="29" WC="0.90" CONTENT="gifver"/><SP WIDTH="18" VPOS="283" HPOS="331"/>
							<String ID="string_48" HPOS="349" VPOS="284" WIDTH="115" HEIGHT="26" WC="0.92" CONTENT="tillkänna,"/><SP WIDTH="17" VPOS="284" HPOS="464"/>
							<String ID="string_49" HPOS="481" VPOS="285" WIDTH="33" HEIGHT="20" WC="0.96" CONTENT="att"/><SP WIDTH="15" VPOS="285" HPOS="514"/>
							<String ID="string_50" HPOS="529" VPOS="284" WIDTH="43" HEIGHT="21" WC="0.96" CONTENT="den"/><SP WIDTH="15" VPOS="284" HPOS="572"/>
							<String ID="string_51" HPOS="587" VPOS="286" WIDTH="25" HEIGHT="19" WC="0.93" CONTENT="är"/><SP WIDTH="16" VPOS="286" HPOS="612"/>
							<String ID="string_52" HPOS="628" VPOS="283" WIDTH="103" HEIGHT="29" WC="0.91" CONTENT="benägen"/><SP WIDTH="16" VPOS="283" HPOS="731"/>
							<String ID="string_53" HPOS="747" VPOS="285" WIDTH="33" HEIGHT="20" WC="0.93" CONTENT="att"/><SP WIDTH="15" VPOS="285" HPOS="780"/>
							<String ID="string_54" HPOS="795" VPOS="284" WIDTH="121" HEIGHT="21" WC="0.91" CONTENT="medvärka"/><SP WIDTH="15" VPOS="284" HPOS="916"/>
							<String ID="string_55" HPOS="931" VPOS="283" WIDTH="35" HEIGHT="22" WC="0.96" CONTENT="till"/><SP WIDTH="15" VPOS="283" HPOS="966"/>
							<String ID="string_56" HPOS="981" VPOS="290" WIDTH="28" HEIGHT="15" WC="0.96" CONTENT="en"/>
						</TextLine>
						<TextLine ID="line_6" HPOS="190" VPOS="312" WIDTH="820" HEIGHT="30">
							<String ID="string_57" HPOS="190" VPOS="312" WIDTH="224" HEIGHT="30" WC="0.91" CONTENT="systemförändring,"/><SP WIDTH="16" VPOS="312" HPOS="414"/>
							<String ID="string_58" HPOS="430" VPOS="313" WIDTH="50" HEIGHT="21" WC="0.96" CONTENT="icke"/><SP WIDTH="15" VPOS="313" HPOS="480"/>
							<String ID="string_59" HPOS="495" VPOS="313" WIDTH="49" HEIGHT="22" WC="0.96" CONTENT="från"/><SP WIDTH="16" VPOS="313" HPOS="544"/>
							<String ID="string_60" HPOS="560" VPOS="313" WIDTH="82" HEIGHT="22" WC="0.96" CONTENT="brutalt"/><SP WIDTH="14" VPOS="313" HPOS="642"/>
							<String ID="string_61" HPOS="656" VPOS="313" WIDTH="112" HEIGHT="29" WC="0.96" CONTENT="godtycke"/><SP WIDTH="11" VPOS="313" HPOS="768"/>
							<String ID="string_62" HPOS="779" VPOS="313" WIDTH="34" HEIGHT="21" WC="0.93" CONTENT="till"/><SP WIDTH="11" VPOS="313" HPOS="813"/>
							<String ID="string_63" HPOS="824" VPOS="313" WIDTH="63" HEIGHT="22" WC="0.92" CONTENT="mildt"/><SP WIDTH="10" VPOS="313" HPOS="887"/>
							<String ID="string_64" HPOS="897" VPOS="314" WIDTH="113" HEIGHT="27" WC="0.96" CONTENT="godtycke"/>
						</TextLine>
						<TextLine ID="line_7" HPOS="191" VPOS="342" WIDTH="820" HEIGHT="30">
							<String ID="string_65" HPOS="191" VPOS="344" WIDTH="53" HEIGHT="21" WC="0.96" CONTENT="utan"/><SP WIDTH="16" VPOS="344" HPOS="244"/>
							<String ID="string_66" HPOS="260" VPOS="343" WIDTH="49" HEIGHT="22" WC="0.96" CONTENT="från"/><SP WIDTH="16" VPOS="343" HPOS="309"/>
							<String ID="string_67" HPOS="325" VPOS="342" WIDTH="111" HEIGHT="30" WC="0.95" CONTENT="godtycke"/><SP WIDTH="16" VPOS="342" HPOS="436"/>
							<String ID="string_68" HPOS="452" VPOS="343" WIDTH="34" HEIGHT="21" WC="0.95" CONTENT="till"/><SP WIDTH="14" VPOS="343" HPOS="486"/>
							<String ID="string_69" HPOS="500" VPOS="343" WIDTH="115" HEIGHT="29" WC="0.96" CONTENT="laglighet."/><SP WIDTH="32" VPOS="343" HPOS="615"/>
							<String ID="string_70" HPOS="647" VPOS="343" WIDTH="44" HEIGHT="22" WC="0.93" CONTENT="Det"/><SP WIDTH="15" VPOS="343" HPOS="691"/>
							<String ID="string_71" HPOS="706" VPOS="342" WIDTH="107" HEIGHT="23" WC="0.87" CONTENT="behöfves"/><SP WIDTH="16" VPOS="342" HPOS="813"/>
							<String ID="string_72" HPOS="829" VPOS="343" WIDTH="49" HEIGHT="22" WC="0.96" CONTENT="icke"/><SP WIDTH="17" VPOS="343" HPOS="878"/>
							<String ID="string_73" HPOS="895" VPOS="344" WIDTH="68" HEIGHT="20" WC="0.96" CONTENT="annat"/><SP WIDTH="10" VPOS="344" HPOS="963"/>
							<String ID="string_74" HPOS="973" VPOS="342" WIDTH="38" HEIGHT="23" WC="0.96" CONTENT="för"/>
						</TextLine>
						<TextLine ID="line_8" HPOS="191" VPOS="372" WIDTH="819" HEIGHT="29">
							<String ID="string_75" HPOS="191" VPOS="374" WIDTH="34" HEIGHT="20" WC="0.96" CONTENT="att"/><SP WIDTH="15" VPOS="374" HPOS="225"/>
							<String ID="string_76" HPOS="240" VPOS="372" WIDTH="69" HEIGHT="22" WC="0.95" CONTENT="basen"/><SP WIDTH="17" VPOS="372" HPOS="309"/>
							<String ID="string_77" HPOS="326" VPOS="372" WIDTH="54" HEIGHT="23" WC="0.95" CONTENT="eller"/><SP WIDTH="16" VPOS="372" HPOS="380"/>
							<String ID="string_78" HPOS="396" VPOS="373" WIDTH="101" HEIGHT="28" WC="0.95" CONTENT="grunden"/><SP WIDTH="15" VPOS="373" HPOS="497"/>
							<String ID="string_79" HPOS="512" VPOS="373" WIDTH="35" HEIGHT="21" WC="0.95" CONTENT="till"/><SP WIDTH="16" VPOS="373" HPOS="547"/>
							<String ID="string_80" HPOS="563" VPOS="380" WIDTH="27" HEIGHT="15" WC="0.96" CONTENT="en"/><SP WIDTH="15" VPOS="380" HPOS="590"/>
							<String ID="string_81" HPOS="605" VPOS="372" WIDTH="89" HEIGHT="29" WC="0.96" CONTENT="lösning"/><SP WIDTH="12" VPOS="372" HPOS="694"/>
							<String ID="string_82" HPOS="706" VPOS="372" WIDTH="26" HEIGHT="22" WC="0.96" CONTENT="af"/><SP WIDTH="15" VPOS="372" HPOS="732"/>
							<String ID="string_83" HPOS="747" VPOS="373" WIDTH="122" HEIGHT="22" WC="0.96" CONTENT="konflikten"/><SP WIDTH="17" VPOS="373" HPOS="869"/>
							<String ID="string_84" HPOS="886" VPOS="373" WIDTH="58" HEIGHT="21" WC="0.96" CONTENT="skall"/><SP WIDTH="12" VPOS="373" HPOS="944"/>
							<String ID="string_85" HPOS="956" VPOS="380" WIDTH="54" HEIGHT="15" WC="0.96" CONTENT="vara"/>
						</TextLine>
						<TextLine ID="line_9" HPOS="191" VPOS="402" WIDTH="819" HEIGHT="29">
							<String ID="string_86" HPOS="191" VPOS="402" WIDTH="83" HEIGHT="29" WC="0.91" CONTENT="gifven,"/><SP WIDTH="21" VPOS="402" HPOS="274"/>
							<String ID="string_87" HPOS="295" VPOS="403" WIDTH="42" HEIGHT="21" WC="0.96" CONTENT="och"/><SP WIDTH="19" VPOS="403" HPOS="337"/>
							<String ID="string_88" HPOS="356" VPOS="402" WIDTH="151" HEIGHT="28" WC="0.96" CONTENT="möjligheten,"/><SP WIDTH="17" VPOS="402" HPOS="507"/>
							<String ID="string_89" HPOS="524" VPOS="402" WIDTH="37" HEIGHT="23" WC="0.96" CONTENT="för"/><SP WIDTH="16" VPOS="402" HPOS="561"/>
							<String ID="string_90" HPOS="577" VPOS="404" WIDTH="31" HEIGHT="20" WC="0.96" CONTENT="att"/><SP WIDTH="16" VPOS="404" HPOS="608"/>
							<String ID="string_91" HPOS="624" VPOS="409" WIDTH="28" HEIGHT="15" WC="0.96" CONTENT="en"/><SP WIDTH="16" VPOS="409" HPOS="652"/>
							<String ID="string_92" HPOS="668" VPOS="402" WIDTH="69" HEIGHT="22" WC="0.96" CONTENT="sådan"/><SP WIDTH="16" VPOS="402" HPOS="737"/>
							<String ID="string_93" HPOS="753" VPOS="403" WIDTH="57" HEIGHT="21" WC="0.96" CONTENT="skall"/><SP WIDTH="14" VPOS="403" HPOS="810"/>
							<String ID="string_94" HPOS="824" VPOS="402" WIDTH="115" HEIGHT="29" WC="0.96" CONTENT="föreligga"/><SP WIDTH="15" VPOS="402" HPOS="939"/>
							<String ID="string_95" HPOS="954" VPOS="402" WIDTH="56" HEIGHT="23" WC="0.95" CONTENT="efter"/>
						</TextLine>
						<TextLine ID="line_10" HPOS="190" VPOS="432" WIDTH="469" HEIGHT="28">
							<String ID="string_96" HPOS="190" VPOS="433" WIDTH="72" HEIGHT="27" WC="0.96" CONTENT="några"/><SP WIDTH="14" VPOS="433" HPOS="262"/>
							<String ID="string_97" HPOS="276" VPOS="432" WIDTH="89" HEIGHT="26" WC="0.96" CONTENT="veckor,"/><SP WIDTH="16" VPOS="432" HPOS="365"/>
							<String ID="string_98" HPOS="381" VPOS="432" WIDTH="45" HEIGHT="21" WC="0.96" CONTENT="kan"/><SP WIDTH="13" VPOS="432" HPOS="426"/>
							<String ID="string_99" HPOS="439" VPOS="433" WIDTH="25" HEIGHT="27" WC="0.96" CONTENT="ju"/><SP WIDTH="15" VPOS="433" HPOS="464"/>
							<String ID="string_100" HPOS="479" VPOS="432" WIDTH="50" HEIGHT="22" WC="0.95" CONTENT="icke"/><SP WIDTH="15" VPOS="432" HPOS="529"/>
							<String ID="string_101" HPOS="544" VPOS="432" WIDTH="115" HEIGHT="22" WC="0.96" CONTENT="bestridas."/>
						</TextLine>
					</TextBlock>
					<TextBlock ID="block_2" HPOS="191" VPOS="462" WIDTH="820" HEIGHT="178">
						<TextLine ID="line_11" HPOS="262" VPOS="462" WIDTH="748" HEIGHT="29">
							<String ID="string_102" HPOS="262" VPOS="462" WIDTH="44" HEIGHT="21" WC="0.96" CONTENT="Det"/><SP WIDTH="21" VPOS="462" HPOS="306"/>
							<String ID="string_103" HPOS="327" VPOS="465" WIDTH="25" HEIGHT="18" WC="0.96" CONTENT="är"/><SP WIDTH="20" VPOS="465" HPOS="352"/>
							<String ID="string_104" HPOS="372" VPOS="463" WIDTH="29" HEIGHT="27" WC="0.97" CONTENT="på"/><SP WIDTH="15" VPOS="463" HPOS="401"/>
							<String ID="string_105" HPOS="416" VPOS="462" WIDTH="64" HEIGHT="21" WC="0.96" CONTENT="dessa"/><SP WIDTH="15" VPOS="462" HPOS="480"/>
							<String ID="string_106" HPOS="495" VPOS="462" WIDTH="98" HEIGHT="28" WC="0.96" CONTENT="grunder"/><SP WIDTH="12" VPOS="462" HPOS="593"/>
							<String ID="string_107" HPOS="605" VPOS="462" WIDTH="41" HEIGHT="28" WC="0.96" CONTENT="jag"/><SP WIDTH="15" VPOS="462" HPOS="646"/>
							<String ID="string_108" HPOS="661" VPOS="469" WIDTH="65" HEIGHT="14" WC="0.96" CONTENT="anser"/><SP WIDTH="16" VPOS="469" HPOS="726"/>
							<String ID="string_109" HPOS="742" VPOS="462" WIDTH="38" HEIGHT="21" WC="0.96" CONTENT="det"/><SP WIDTH="15" VPOS="462" HPOS="780"/>
							<String ID="string_110" HPOS="795" VPOS="469" WIDTH="53" HEIGHT="14" WC="0.93" CONTENT="vara"/><SP WIDTH="16" VPOS="469" HPOS="848"/>
							<String ID="string_111" HPOS="864" VPOS="462" WIDTH="99" HEIGHT="29" WC="0.91" CONTENT="önskligt"/><SP WIDTH="15" VPOS="462" HPOS="963"/>
							<String ID="string_112" HPOS="978" VPOS="464" WIDTH="32" HEIGHT="20" WC="0.96" CONTENT="att"/>
						</TextLine>
						<TextLine ID="line_12" HPOS="191" VPOS="491" WIDTH="819" HEIGHT="30">
							<String ID="string_113" HPOS="191" VPOS="491" WIDTH="254" HEIGHT="23" WC="0.91" CONTENT="talmanskonferensens"/><SP WIDTH="23" VPOS="491" HPOS="445"/>
							<String ID="string_114" HPOS="468" VPOS="491" WIDTH="86" HEIGHT="30" WC="0.95" CONTENT="förslag"/><SP WIDTH="23" VPOS="491" HPOS="554"/>
							<String ID="string_115" HPOS="577" VPOS="491" WIDTH="71" HEIGHT="23" WC="0.91" CONTENT="skulle"/><SP WIDTH="24" VPOS="491" HPOS="648"/>
							<String ID="string_116" HPOS="672" VPOS="493" WIDTH="99" HEIGHT="28" WC="0.90" CONTENT="antagas."/><SP WIDTH="32" VPOS="493" HPOS="771"/>
							<String ID="string_117" HPOS="803" VPOS="492" WIDTH="44" HEIGHT="28" WC="0.96" CONTENT="Jag"/><SP WIDTH="21" VPOS="492" HPOS="847"/>
							<String ID="string_118" HPOS="868" VPOS="493" WIDTH="38" HEIGHT="21" WC="0.96" CONTENT="vet"/><SP WIDTH="20" VPOS="493" HPOS="906"/>
							<String ID="string_119" HPOS="926" VPOS="493" WIDTH="36" HEIGHT="21" WC="0.94" CONTENT="väl"/><SP WIDTH="16" VPOS="493" HPOS="962"/>
							<String ID="string_120" HPOS="978" VPOS="494" WIDTH="32" HEIGHT="21" WC="0.96" CONTENT="att"/>
						</TextLine>
						<TextLine ID="line_13" HPOS="192" VPOS="521" WIDTH="817" HEIGHT="30">
							<String ID="string_121" HPOS="192" VPOS="529" WIDTH="52" HEIGHT="14" WC="0.94" CONTENT="man"/><SP WIDTH="23" VPOS="529" HPOS="244"/>
							<String ID="string_122" HPOS="267" VPOS="522" WIDTH="58" HEIGHT="21" WC="0.73" CONTENT="både"/><SP WIDTH="22" VPOS="522" HPOS="325"/>
							<String ID="string_123" HPOS="347" VPOS="521" WIDTH="50" HEIGHT="22" WC="0.96" CONTENT="från"/><SP WIDTH="23" VPOS="521" HPOS="397"/>
							<String ID="string_124" HPOS="420" VPOS="523" WIDTH="94" HEIGHT="27" WC="0.95" CONTENT="yttersta"/><SP WIDTH="22" VPOS="523" HPOS="514"/>
							<String ID="string_125" HPOS="536" VPOS="523" WIDTH="84" HEIGHT="28" WC="0.96" CONTENT="högern"/><SP WIDTH="16" VPOS="523" HPOS="620"/>
							<String ID="string_126" HPOS="636" VPOS="522" WIDTH="42" HEIGHT="21" WC="0.96" CONTENT="och"/><SP WIDTH="15" VPOS="522" HPOS="678"/>
							<String ID="string_127" HPOS="693" VPOS="523" WIDTH="94" HEIGHT="27" WC="0.93" CONTENT="yttersta"/><SP WIDTH="16" VPOS="523" HPOS="787"/>
							<String ID="string_128" HPOS="803" VPOS="523" WIDTH="103" HEIGHT="21" WC="0.92" CONTENT="venstern"/><SP WIDTH="16" VPOS="523" HPOS="906"/>
							<String ID="string_129" HPOS="922" VPOS="523" WIDTH="87" HEIGHT="26" WC="0.96" CONTENT="önskar,"/>
						</TextLine>
						<TextLine ID="line_14" HPOS="192" VPOS="551" WIDTH="819" HEIGHT="30">
							<String ID="string_130" HPOS="192" VPOS="553" WIDTH="32" HEIGHT="21" WC="0.95" CONTENT="att"/><SP WIDTH="16" VPOS="553" HPOS="224"/>
							<String ID="string_131" HPOS="240" VPOS="552" WIDTH="73" HEIGHT="22" WC="0.96" CONTENT="denna"/><SP WIDTH="15" VPOS="552" HPOS="313"/>
							<String ID="string_132" HPOS="328" VPOS="551" WIDTH="94" HEIGHT="23" WC="0.96" CONTENT="konflikt"/><SP WIDTH="15" VPOS="551" HPOS="422"/>
							<String ID="string_133" HPOS="437" VPOS="552" WIDTH="96" HEIGHT="29" WC="0.96" CONTENT="tidigare"/><SP WIDTH="16" VPOS="552" HPOS="533"/>
							<String ID="string_134" HPOS="549" VPOS="552" WIDTH="57" HEIGHT="22" WC="0.96" CONTENT="skall"/><SP WIDTH="15" VPOS="552" HPOS="606"/>
							<String ID="string_135" HPOS="621" VPOS="554" WIDTH="56" HEIGHT="27" WC="0.96" CONTENT="göra"/><SP WIDTH="14" VPOS="554" HPOS="677"/>
							<String ID="string_136" HPOS="691" VPOS="552" WIDTH="35" HEIGHT="28" WC="0.96" CONTENT="sig"/><SP WIDTH="16" VPOS="552" HPOS="726"/>
							<String ID="string_137" HPOS="742" VPOS="552" WIDTH="104" HEIGHT="28" WC="0.96" CONTENT="gällande"/><SP WIDTH="16" VPOS="552" HPOS="846"/>
							<String ID="string_138" HPOS="862" VPOS="553" WIDTH="41" HEIGHT="21" WC="0.96" CONTENT="och"/><SP WIDTH="11" VPOS="553" HPOS="903"/>
							<String ID="string_139" HPOS="914" VPOS="552" WIDTH="58" HEIGHT="23" WC="0.96" CONTENT="lösas"/><SP WIDTH="10" VPOS="552" HPOS="972"/>
							<String ID="string_140" HPOS="982" VPOS="554" WIDTH="29" HEIGHT="27" WC="0.96" CONTENT="på"/>
						</TextLine>
						<TextLine ID="line_15" HPOS="192" VPOS="581" WIDTH="818" HEIGHT="30">
							<String ID="string_141" HPOS="192" VPOS="583" WIDTH="31" HEIGHT="21" WC="0.96" CONTENT="ett"/><SP WIDTH="16" VPOS="583" HPOS="223"/>
							<String ID="string_142" HPOS="239" VPOS="581" WIDTH="54" HEIGHT="22" WC="0.96" CONTENT="eller"/><SP WIDTH="15" VPOS="581" HPOS="293"/>
							<String ID="string_143" HPOS="308" VPOS="583" WIDTH="69" HEIGHT="20" WC="0.96" CONTENT="annat"/><SP WIDTH="15" VPOS="583" HPOS="377"/>
							<String ID="string_144" HPOS="392" VPOS="583" WIDTH="50" HEIGHT="26" WC="0.96" CONTENT="sätt,"/><SP WIDTH="16" VPOS="583" HPOS="442"/>
							<String ID="string_145" HPOS="458" VPOS="589" WIDTH="52" HEIGHT="15" WC="0.95" CONTENT="men"/><SP WIDTH="13" VPOS="589" HPOS="510"/>
							<String ID="string_146" HPOS="523" VPOS="582" WIDTH="41" HEIGHT="29" WC="0.95" CONTENT="jag"/><SP WIDTH="15" VPOS="582" HPOS="564"/>
							<String ID="string_147" HPOS="579" VPOS="582" WIDTH="70" HEIGHT="22" WC="0.96" CONTENT="håller"/><SP WIDTH="15" VPOS="582" HPOS="649"/>
							<String ID="string_148" HPOS="664" VPOS="581" WIDTH="50" HEIGHT="22" WC="0.96" CONTENT="före"/><SP WIDTH="16" VPOS="581" HPOS="714"/>
							<String ID="string_149" HPOS="730" VPOS="584" WIDTH="33" HEIGHT="20" WC="0.93" CONTENT="att"/><SP WIDTH="15" VPOS="584" HPOS="763"/>
							<String ID="string_150" HPOS="778" VPOS="582" WIDTH="162" HEIGHT="28" WC="0.92" CONTENT="presteståndet"/><SP WIDTH="21" VPOS="582" HPOS="940"/>
							<String ID="string_151" HPOS="961" VPOS="583" WIDTH="49" HEIGHT="22" WC="0.96" CONTENT="icke"/>
						</TextLine>
						<TextLine ID="line_16" HPOS="193" VPOS="611" WIDTH="630" HEIGHT="29">
							<String ID="string_152" HPOS="193" VPOS="611" WIDTH="82" HEIGHT="22" WC="0.96" CONTENT="önskar"/><SP WIDTH="16" VPOS="611" HPOS="275"/>
							<String ID="string_153" HPOS="291" VPOS="613" WIDTH="32" HEIGHT="20" WC="0.96" CONTENT="ett"/><SP WIDTH="16" VPOS="613" HPOS="323"/>
							<String ID="string_154" HPOS="339" VPOS="611" WIDTH="37" HEIGHT="23" WC="0.96" CONTENT="för"/><SP WIDTH="14" VPOS="611" HPOS="376"/>
							<String ID="string_155" HPOS="390" VPOS="612" WIDTH="67" HEIGHT="28" WC="0.96" CONTENT="tidigt"/><SP WIDTH="15" VPOS="612" HPOS="457"/>
							<String ID="string_156" HPOS="472" VPOS="611" WIDTH="162" HEIGHT="23" WC="0.96" CONTENT="framkallande"/><SP WIDTH="16" VPOS="611" HPOS="634"/>
							<String ID="string_157" HPOS="650" VPOS="611" WIDTH="25" HEIGHT="22" WC="0.96" CONTENT="af"/><SP WIDTH="13" VPOS="611" HPOS="675"/>
							<String ID="string_158" HPOS="688" VPOS="613" WIDTH="135" HEIGHT="22" WC="0.63" CONTENT="densamma,"/>
						</TextLine>
					</TextBlock>
					<TextBlock ID="block_3" HPOS="191" VPOS="642" WIDTH="823" HEIGHT="537">
						<TextLine ID="line_17" HPOS="263" VPOS="642" WIDTH="751" HEIGHT="29">
							<String ID="string_159" HPOS="263" VPOS="642" WIDTH="65" HEIGHT="22" WC="0.96" CONTENT="Hvad"/><SP WIDTH="17" VPOS="642" HPOS="328"/>
							<String ID="string_160" HPOS="345" VPOS="642" WIDTH="37" HEIGHT="22" WC="0.93" CONTENT="det"/><SP WIDTH="16" VPOS="642" HPOS="382"/>
							<String ID="string_161" HPOS="398" VPOS="642" WIDTH="193" HEIGHT="29" WC="0.91" CONTENT="grundlagsenligt"/><SP WIDTH="15" VPOS="642" HPOS="591"/>
							<String ID="string_162" HPOS="606" VPOS="642" WIDTH="140" HEIGHT="29" WC="0.96" CONTENT="berättigade"/><SP WIDTH="17" VPOS="642" HPOS="746"/>
							<String ID="string_163" HPOS="763" VPOS="643" WIDTH="8" HEIGHT="21" WC="0.96" CONTENT="i"/><SP WIDTH="15" VPOS="643" HPOS="771"/>
							<String ID="string_164" HPOS="786" VPOS="644" WIDTH="31" HEIGHT="20" WC="0.96" CONTENT="ett"/><SP WIDTH="10" VPOS="644" HPOS="817"/>
							<String ID="string_165" HPOS="827" VPOS="643" WIDTH="78" HEIGHT="22" WC="0.93" CONTENT="sådant"/><SP WIDTH="11" VPOS="643" HPOS="905"/>
							<String ID="string_166" HPOS="916" VPOS="643" WIDTH="98" HEIGHT="28" WC="0.91" CONTENT="uppskof"/>
						</TextLine>
						<TextLine ID="line_18" HPOS="192" VPOS="671" WIDTH="820" HEIGHT="30">
							<String ID="string_167" HPOS="192" VPOS="671" WIDTH="52" HEIGHT="23" WC="0.91" CONTENT="med"/><SP WIDTH="16" VPOS="671" HPOS="244"/>
							<String ID="string_168" HPOS="260" VPOS="671" WIDTH="212" HEIGHT="29" WC="0.91" CONTENT="förhandlingarnas"/><SP WIDTH="17" VPOS="671" HPOS="472"/>
							<String ID="string_169" HPOS="489" VPOS="672" WIDTH="145" HEIGHT="22" WC="0.96" CONTENT="fortsättande"/><SP WIDTH="16" VPOS="672" HPOS="634"/>
							<String ID="string_170" HPOS="650" VPOS="671" WIDTH="113" HEIGHT="27" WC="0.96" CONTENT="beträffar,"/><SP WIDTH="16" VPOS="671" HPOS="763"/>
							<String ID="string_171" HPOS="779" VPOS="673" WIDTH="71" HEIGHT="22" WC="0.96" CONTENT="måste"/><SP WIDTH="13" VPOS="673" HPOS="850"/>
							<String ID="string_172" HPOS="863" VPOS="673" WIDTH="41" HEIGHT="28" WC="0.96" CONTENT="jag"/><SP WIDTH="15" VPOS="673" HPOS="904"/>
							<String ID="string_173" HPOS="919" VPOS="673" WIDTH="7" HEIGHT="21" WC="0.96" CONTENT="i"/><SP WIDTH="15" VPOS="673" HPOS="926"/>
							<String ID="string_174" HPOS="941" VPOS="673" WIDTH="71" HEIGHT="22" WC="0.96" CONTENT="likhet"/>
						</TextLine>
						<TextLine ID="line_19" HPOS="192" VPOS="701" WIDTH="819" HEIGHT="30">
							<String ID="string_175" HPOS="192" VPOS="701" WIDTH="51" HEIGHT="23" WC="0.95" CONTENT="med"/><SP WIDTH="23" VPOS="701" HPOS="243"/>
							<String ID="string_176" HPOS="266" VPOS="701" WIDTH="111" HEIGHT="30" WC="0.95" CONTENT="professor"/><SP WIDTH="23" VPOS="701" HPOS="377"/>
							<String ID="string_177" HPOS="400" VPOS="702" WIDTH="133" HEIGHT="29" WC="0.96" CONTENT="Rosenqvist"/><SP WIDTH="23" VPOS="702" HPOS="533"/>
							<String ID="string_178" HPOS="556" VPOS="709" WIDTH="53" HEIGHT="15" WC="0.96" CONTENT="anse"/><SP WIDTH="21" VPOS="709" HPOS="609"/>
							<String ID="string_179" HPOS="630" VPOS="703" WIDTH="30" HEIGHT="21" WC="0.96" CONTENT="att"/><SP WIDTH="22" VPOS="703" HPOS="660"/>
							<String ID="string_180" HPOS="682" VPOS="702" WIDTH="151" HEIGHT="29" WC="0.96" CONTENT="grundlagens"/><SP WIDTH="15" VPOS="702" HPOS="833"/>
							<String ID="string_181" HPOS="848" VPOS="703" WIDTH="163" HEIGHT="28" WC="0.96" CONTENT="stadganden"/><SP WIDTH="-12" VPOS="703" HPOS="1011"/>
							<String ID="string_182" HPOS="999" VPOS="697" WIDTH="16" HEIGHT="39" WC="0.96" CONTENT="i"/>
						</TextLine>
						<TextLine ID="line_20" HPOS="192" VPOS="731" WIDTH="819" HEIGHT="30">
							<String ID="string_183" HPOS="192" VPOS="732" WIDTH="62" HEIGHT="21" WC="0.96" CONTENT="detta"/><SP WIDTH="22" VPOS="732" HPOS="254"/>
							<String ID="string_184" HPOS="276" VPOS="731" WIDTH="105" HEIGHT="23" WC="0.96" CONTENT="afseende"/><SP WIDTH="23" VPOS="731" HPOS="381"/>
							<String ID="string_185" HPOS="404" VPOS="732" WIDTH="50" HEIGHT="22" WC="0.95" CONTENT="icke"/><SP WIDTH="23" VPOS="732" HPOS="454"/>
							<String ID="string_186" HPOS="477" VPOS="732" WIDTH="62" HEIGHT="29" WC="0.96" CONTENT="gifva"/><SP WIDTH="22" VPOS="732" HPOS="539"/>
							<String ID="string_187" HPOS="561" VPOS="733" WIDTH="74" HEIGHT="28" WC="0.95" CONTENT="någon"/><SP WIDTH="22" VPOS="733" HPOS="635"/>
							<String ID="string_188" HPOS="657" VPOS="732" WIDTH="92" HEIGHT="29" WC="0.95" CONTENT="ledning"/><SP WIDTH="16" VPOS="732" HPOS="749"/>
							<String ID="string_189" HPOS="765" VPOS="731" WIDTH="43" HEIGHT="28" WC="0.96" CONTENT="för,"/><SP WIDTH="18" VPOS="731" HPOS="808"/>
							<String ID="string_190" HPOS="826" VPOS="739" WIDTH="35" HEIGHT="15" WC="0.96" CONTENT="om"/><SP WIDTH="17" VPOS="739" HPOS="861"/>
							<String ID="string_191" HPOS="878" VPOS="739" WIDTH="28" HEIGHT="15" WC="0.95" CONTENT="en"/><SP WIDTH="16" VPOS="739" HPOS="906"/>
							<String ID="string_192" HPOS="922" VPOS="732" WIDTH="89" HEIGHT="23" WC="0.96" CONTENT="kortare"/>
						</TextLine>
						<TextLine ID="line_21" HPOS="192" VPOS="761" WIDTH="819" HEIGHT="29">
							<String ID="string_193" HPOS="192" VPOS="762" WIDTH="54" HEIGHT="22" WC="0.96" CONTENT="eller"/><SP WIDTH="15" VPOS="762" HPOS="246"/>
							<String ID="string_194" HPOS="261" VPOS="761" WIDTH="78" HEIGHT="29" WC="0.96" CONTENT="längre"/><SP WIDTH="15" VPOS="761" HPOS="339"/>
							<String ID="string_195" HPOS="354" VPOS="761" WIDTH="33" HEIGHT="22" WC="0.96" CONTENT="tid"/><SP WIDTH="16" VPOS="761" HPOS="387"/>
							<String ID="string_196" HPOS="403" VPOS="762" WIDTH="56" HEIGHT="21" WC="0.96" CONTENT="skall"/><SP WIDTH="15" VPOS="762" HPOS="459"/>
							<String ID="string_197" HPOS="474" VPOS="769" WIDTH="54" HEIGHT="15" WC="0.96" CONTENT="vara"/><SP WIDTH="15" VPOS="769" HPOS="528"/>
							<String ID="string_198" HPOS="543" VPOS="763" WIDTH="93" HEIGHT="21" WC="0.95" CONTENT="tillåten."/><SP WIDTH="26" VPOS="763" HPOS="636"/>
							<String ID="string_199" HPOS="662" VPOS="762" WIDTH="44" HEIGHT="21" WC="0.95" CONTENT="Om"/><SP WIDTH="16" VPOS="762" HPOS="706"/>
							<String ID="string_200" HPOS="722" VPOS="762" WIDTH="37" HEIGHT="21" WC="0.96" CONTENT="det"/><SP WIDTH="14" VPOS="762" HPOS="759"/>
							<String ID="string_201" HPOS="773" VPOS="769" WIDTH="28" HEIGHT="15" WC="0.96" CONTENT="en"/><SP WIDTH="10" VPOS="769" HPOS="801"/>
							<String ID="string_202" HPOS="811" VPOS="764" WIDTH="61" HEIGHT="26" WC="0.96" CONTENT="gång"/><SP WIDTH="11" VPOS="764" HPOS="872"/>
							<String ID="string_203" HPOS="883" VPOS="770" WIDTH="63" HEIGHT="14" WC="0.96" CONTENT="anses"/><SP WIDTH="11" VPOS="770" HPOS="946"/>
							<String ID="string_204" HPOS="957" VPOS="770" WIDTH="54" HEIGHT="14" WC="0.96" CONTENT="vara"/>
						</TextLine>
						<TextLine ID="line_22" HPOS="192" VPOS="791" WIDTH="820" HEIGHT="31">
							<String ID="string_205" HPOS="192" VPOS="791" WIDTH="243" HEIGHT="23" WC="0.91" CONTENT="öfverensstämmande"/><SP WIDTH="15" VPOS="791" HPOS="435"/>
							<String ID="string_206" HPOS="450" VPOS="792" WIDTH="51" HEIGHT="22" WC="0.95" CONTENT="med"/><SP WIDTH="15" VPOS="792" HPOS="501"/>
							<String ID="string_207" HPOS="516" VPOS="792" WIDTH="150" HEIGHT="28" WC="0.95" CONTENT="grundlagens"/><SP WIDTH="16" VPOS="792" HPOS="666"/>
							<String ID="string_208" HPOS="682" VPOS="792" WIDTH="45" HEIGHT="21" WC="0.96" CONTENT="bud"/><SP WIDTH="19" VPOS="792" HPOS="727"/>
							<String ID="string_209" HPOS="746" VPOS="793" WIDTH="32" HEIGHT="21" WC="0.96" CONTENT="att"/><SP WIDTH="11" VPOS="793" HPOS="778"/>
							<String ID="string_210" HPOS="789" VPOS="792" WIDTH="119" HEIGHT="22" WC="0.93" CONTENT="ständerna"/><SP WIDTH="11" VPOS="792" HPOS="908"/>
							<String ID="string_211" HPOS="919" VPOS="792" WIDTH="93" HEIGHT="30" WC="0.91" CONTENT="afbryta"/>
						</TextLine>
						<TextLine ID="line_23" HPOS="192" VPOS="821" WIDTH="818" HEIGHT="28">
							<String ID="string_212" HPOS="192" VPOS="821" WIDTH="48" HEIGHT="22" WC="0.96" CONTENT="sina"/><SP WIDTH="20" VPOS="821" HPOS="240"/>
							<String ID="string_213" HPOS="260" VPOS="822" WIDTH="109" HEIGHT="21" WC="0.96" CONTENT="sessioner"/><SP WIDTH="15" VPOS="822" HPOS="369"/>
							<String ID="string_214" HPOS="384" VPOS="822" WIDTH="29" HEIGHT="27" WC="0.97" CONTENT="på"/><SP WIDTH="15" VPOS="822" HPOS="413"/>
							<String ID="string_215" HPOS="428" VPOS="823" WIDTH="38" HEIGHT="21" WC="0.96" CONTENT="två"/><SP WIDTH="15" VPOS="823" HPOS="466"/>
							<String ID="string_216" HPOS="481" VPOS="822" WIDTH="88" HEIGHT="26" WC="0.96" CONTENT="veckor,"/><SP WIDTH="18" VPOS="822" HPOS="569"/>
							<String ID="string_217" HPOS="587" VPOS="822" WIDTH="43" HEIGHT="22" WC="0.96" CONTENT="kan"/><SP WIDTH="16" VPOS="822" HPOS="630"/>
							<String ID="string_218" HPOS="646" VPOS="821" WIDTH="38" HEIGHT="22" WC="0.96" CONTENT="det"/><SP WIDTH="14" VPOS="821" HPOS="684"/>
							<String ID="string_219" HPOS="698" VPOS="822" WIDTH="51" HEIGHT="22" WC="0.96" CONTENT="icke"/><SP WIDTH="15" VPOS="822" HPOS="749"/>
							<String ID="string_220" HPOS="764" VPOS="829" WIDTH="55" HEIGHT="14" WC="0.96" CONTENT="vara"/><SP WIDTH="15" VPOS="829" HPOS="819"/>
							<String ID="string_221" HPOS="834" VPOS="822" WIDTH="113" HEIGHT="22" WC="0.91" CONTENT="stridande"/><SP WIDTH="16" VPOS="822" HPOS="947"/>
							<String ID="string_222" HPOS="963" VPOS="823" WIDTH="47" HEIGHT="22" WC="0.91" CONTENT="der-"/>
						</TextLine>
						<TextLine ID="line_24" HPOS="192" VPOS="851" WIDTH="818" HEIGHT="30">
							<String ID="string_223" HPOS="192" VPOS="852" WIDTH="60" HEIGHT="21" WC="0.96" CONTENT="emot"/><SP WIDTH="22" VPOS="852" HPOS="252"/>
							<String ID="string_224" HPOS="274" VPOS="853" WIDTH="32" HEIGHT="20" WC="0.93" CONTENT="att"/><SP WIDTH="23" VPOS="853" HPOS="306"/>
							<String ID="string_225" HPOS="329" VPOS="851" WIDTH="93" HEIGHT="29" WC="0.92" CONTENT="afbryta"/><SP WIDTH="19" VPOS="851" HPOS="422"/>
							<String ID="string_226" HPOS="441" VPOS="852" WIDTH="51" HEIGHT="21" WC="0.96" CONTENT="dem"/><SP WIDTH="15" VPOS="852" HPOS="492"/>
							<String ID="string_227" HPOS="507" VPOS="853" WIDTH="29" HEIGHT="27" WC="0.96" CONTENT="på"/><SP WIDTH="16" VPOS="853" HPOS="536"/>
							<String ID="string_228" HPOS="552" VPOS="853" WIDTH="14" HEIGHT="20" WC="0.96" CONTENT="3"/><SP WIDTH="15" VPOS="853" HPOS="566"/>
							<String ID="string_229" HPOS="581" VPOS="852" WIDTH="88" HEIGHT="22" WC="0.96" CONTENT="veckor."/><SP WIDTH="31" VPOS="852" HPOS="669"/>
							<String ID="string_230" HPOS="700" VPOS="852" WIDTH="44" HEIGHT="21" WC="0.96" CONTENT="Det"/><SP WIDTH="16" VPOS="852" HPOS="744"/>
							<String ID="string_231" HPOS="760" VPOS="852" WIDTH="43" HEIGHT="21" WC="0.96" CONTENT="blir"/><SP WIDTH="16" VPOS="852" HPOS="803"/>
							<String ID="string_232" HPOS="819" VPOS="859" WIDTH="27" HEIGHT="15" WC="0.93" CONTENT="en"/><SP WIDTH="15" VPOS="859" HPOS="846"/>
							<String ID="string_233" HPOS="861" VPOS="852" WIDTH="105" HEIGHT="29" WC="0.91" CONTENT="pröfning"/><SP WIDTH="16" VPOS="852" HPOS="966"/>
							<String ID="string_234" HPOS="982" VPOS="852" WIDTH="28" HEIGHT="28" WC="0.96" CONTENT="af,"/>
						</TextLine>
						<TextLine ID="line_25" HPOS="191" VPOS="880" WIDTH="820" HEIGHT="30">
							<String ID="string_235" HPOS="191" VPOS="881" WIDTH="110" HEIGHT="22" WC="0.91" CONTENT="huruvida"/><SP WIDTH="16" VPOS="881" HPOS="301"/>
							<String ID="string_236" HPOS="317" VPOS="880" WIDTH="119" HEIGHT="23" WC="0.91" CONTENT="afbrottets"/><SP WIDTH="16" VPOS="880" HPOS="436"/>
							<String ID="string_237" HPOS="452" VPOS="882" WIDTH="68" HEIGHT="28" WC="0.96" CONTENT="längd"/><SP WIDTH="16" VPOS="882" HPOS="520"/>
							<String ID="string_238" HPOS="536" VPOS="884" WIDTH="25" HEIGHT="19" WC="0.96" CONTENT="är"/><SP WIDTH="15" VPOS="884" HPOS="561"/>
							<String ID="string_239" HPOS="576" VPOS="882" WIDTH="73" HEIGHT="28" WC="0.96" CONTENT="skälig"/><SP WIDTH="16" VPOS="882" HPOS="649"/>
							<String ID="string_240" HPOS="665" VPOS="881" WIDTH="54" HEIGHT="22" WC="0.96" CONTENT="eller"/><SP WIDTH="15" VPOS="881" HPOS="719"/>
							<String ID="string_241" HPOS="734" VPOS="882" WIDTH="94" HEIGHT="28" WC="0.96" CONTENT="oskälig,"/><SP WIDTH="14" VPOS="882" HPOS="828"/>
							<String ID="string_242" HPOS="842" VPOS="882" WIDTH="40" HEIGHT="22" WC="0.96" CONTENT="och"/><SP WIDTH="12" VPOS="882" HPOS="882"/>
							<String ID="string_243" HPOS="894" VPOS="882" WIDTH="59" HEIGHT="22" WC="0.96" CONTENT="hvad"/><SP WIDTH="11" VPOS="882" HPOS="953"/>
							<String ID="string_244" HPOS="964" VPOS="890" WIDTH="47" HEIGHT="14" WC="0.96" CONTENT="som"/>
						</TextLine>
						<TextLine ID="line_26" HPOS="192" VPOS="911" WIDTH="819" HEIGHT="29">
							<String ID="string_245" HPOS="192" VPOS="913" WIDTH="26" HEIGHT="20" WC="0.96" CONTENT="är"/><SP WIDTH="22" VPOS="913" HPOS="218"/>
							<String ID="string_246" HPOS="240" VPOS="911" WIDTH="82" HEIGHT="28" WC="0.96" CONTENT="skäligt"/><SP WIDTH="23" VPOS="911" HPOS="322"/>
							<String ID="string_247" HPOS="345" VPOS="911" WIDTH="70" HEIGHT="21" WC="0.96" CONTENT="under"/><SP WIDTH="19" VPOS="911" HPOS="415"/>
							<String ID="string_248" HPOS="434" VPOS="911" WIDTH="60" HEIGHT="22" WC="0.96" CONTENT="vissa"/><SP WIDTH="22" VPOS="911" HPOS="494"/>
							<String ID="string_249" HPOS="516" VPOS="911" WIDTH="158" HEIGHT="22" WC="0.95" CONTENT="förhållanden"/><SP WIDTH="22" VPOS="911" HPOS="674"/>
							<String ID="string_250" HPOS="696" VPOS="911" WIDTH="45" HEIGHT="22" WC="0.96" CONTENT="kan"/><SP WIDTH="20" VPOS="911" HPOS="741"/>
							<String ID="string_251" HPOS="761" VPOS="918" WIDTH="54" HEIGHT="15" WC="0.96" CONTENT="vara"/><SP WIDTH="15" VPOS="918" HPOS="815"/>
							<String ID="string_252" HPOS="830" VPOS="912" WIDTH="96" HEIGHT="28" WC="0.96" CONTENT="oskäligt"/><SP WIDTH="15" VPOS="912" HPOS="926"/>
							<String ID="string_253" HPOS="941" VPOS="913" WIDTH="70" HEIGHT="22" WC="0.96" CONTENT="under"/>
						</TextLine>
						<TextLine ID="line_27" HPOS="192" VPOS="941" WIDTH="819" HEIGHT="29">
							<String ID="string_254" HPOS="192" VPOS="941" WIDTH="70" HEIGHT="21" WC="0.96" CONTENT="andra"/><SP WIDTH="23" VPOS="941" HPOS="262"/>
							<String ID="string_255" HPOS="285" VPOS="941" WIDTH="41" HEIGHT="22" WC="0.95" CONTENT="och"/><SP WIDTH="21" VPOS="941" HPOS="326"/>
							<String ID="string_256" HPOS="347" VPOS="942" WIDTH="103" HEIGHT="21" WC="0.96" CONTENT="tvärtom."/><SP WIDTH="32" VPOS="942" HPOS="450"/>
							<String ID="string_257" HPOS="482" VPOS="941" WIDTH="44" HEIGHT="29" WC="0.93" CONTENT="Jag"/><SP WIDTH="19" VPOS="941" HPOS="526"/>
							<String ID="string_258" HPOS="545" VPOS="941" WIDTH="125" HEIGHT="29" WC="0.90" CONTENT="medgifver"/><SP WIDTH="15" VPOS="941" HPOS="670"/>
							<String ID="string_259" HPOS="685" VPOS="942" WIDTH="32" HEIGHT="21" WC="0.96" CONTENT="att"/><SP WIDTH="15" VPOS="942" HPOS="717"/>
							<String ID="string_260" HPOS="732" VPOS="942" WIDTH="31" HEIGHT="21" WC="0.93" CONTENT="ett"/><SP WIDTH="17" VPOS="942" HPOS="763"/>
							<String ID="string_261" HPOS="780" VPOS="941" WIDTH="85" HEIGHT="22" WC="0.92" CONTENT="afbrott"/><SP WIDTH="15" VPOS="941" HPOS="865"/>
							<String ID="string_262" HPOS="880" VPOS="941" WIDTH="8" HEIGHT="22" WC="0.93" CONTENT="i"/><SP WIDTH="16" VPOS="941" HPOS="888"/>
							<String ID="string_263" HPOS="904" VPOS="941" WIDTH="107" HEIGHT="23" WC="0.91" CONTENT="förhand-"/>
						</TextLine>
						<TextLine ID="line_28" HPOS="192" VPOS="970" WIDTH="818" HEIGHT="31">
							<String ID="string_264" HPOS="192" VPOS="970" WIDTH="104" HEIGHT="29" WC="0.96" CONTENT="lingarna"/><SP WIDTH="20" VPOS="970" HPOS="296"/>
							<String ID="string_265" HPOS="316" VPOS="971" WIDTH="29" HEIGHT="28" WC="0.95" CONTENT="på"/><SP WIDTH="21" VPOS="971" HPOS="345"/>
							<String ID="string_266" HPOS="366" VPOS="978" WIDTH="28" HEIGHT="15" WC="0.95" CONTENT="en"/><SP WIDTH="20" VPOS="978" HPOS="394"/>
							<String ID="string_267" HPOS="414" VPOS="972" WIDTH="26" HEIGHT="21" WC="0.96" CONTENT="så"/><SP WIDTH="14" VPOS="972" HPOS="440"/>
							<String ID="string_268" HPOS="454" VPOS="971" WIDTH="54" HEIGHT="28" WC="0.96" CONTENT="lång"/><SP WIDTH="15" VPOS="971" HPOS="508"/>
							<String ID="string_269" HPOS="523" VPOS="971" WIDTH="33" HEIGHT="22" WC="0.95" CONTENT="tid"/><SP WIDTH="15" VPOS="971" HPOS="556"/>
							<String ID="string_270" HPOS="571" VPOS="978" WIDTH="48" HEIGHT="15" WC="0.93" CONTENT="som"/><SP WIDTH="15" VPOS="978" HPOS="619"/>
							<String ID="string_271" HPOS="634" VPOS="971" WIDTH="244" HEIGHT="22" WC="0.90" CONTENT="talmanskonferensen"/><SP WIDTH="16" VPOS="971" HPOS="878"/>
							<String ID="string_272" HPOS="894" VPOS="971" WIDTH="116" HEIGHT="30" WC="0.96" CONTENT="föreslagit"/>
						</TextLine>
						<TextLine ID="line_29" HPOS="192" VPOS="1000" WIDTH="819" HEIGHT="30">
							<String ID="string_273" HPOS="192" VPOS="1003" WIDTH="26" HEIGHT="19" WC="0.96" CONTENT="är"/><SP WIDTH="20" VPOS="1003" HPOS="218"/>
							<String ID="string_274" HPOS="238" VPOS="1000" WIDTH="50" HEIGHT="22" WC="0.96" CONTENT="icke"/><SP WIDTH="20" VPOS="1000" HPOS="288"/>
							<String ID="string_275" HPOS="308" VPOS="1000" WIDTH="79" HEIGHT="22" WC="0.96" CONTENT="endast"/><SP WIDTH="21" VPOS="1000" HPOS="387"/>
							<String ID="string_276" HPOS="408" VPOS="1001" WIDTH="106" HEIGHT="28" WC="0.96" CONTENT="ovanligt,"/><SP WIDTH="17" VPOS="1001" HPOS="514"/>
							<String ID="string_277" HPOS="531" VPOS="1002" WIDTH="53" HEIGHT="21" WC="0.96" CONTENT="utan"/><SP WIDTH="16" VPOS="1002" HPOS="584"/>
							<String ID="string_278" HPOS="600" VPOS="1002" WIDTH="31" HEIGHT="21" WC="0.92" CONTENT="att"/><SP WIDTH="17" VPOS="1002" HPOS="631"/>
							<String ID="string_279" HPOS="648" VPOS="1001" WIDTH="99" HEIGHT="22" WC="0.92" CONTENT="deremot"/><SP WIDTH="14" VPOS="1001" HPOS="747"/>
							<String ID="string_280" HPOS="761" VPOS="1001" WIDTH="47" HEIGHT="22" WC="0.96" CONTENT="tala"/><SP WIDTH="16" VPOS="1001" HPOS="808"/>
							<String ID="string_281" HPOS="824" VPOS="1003" WIDTH="81" HEIGHT="26" WC="0.96" CONTENT="många"/><SP WIDTH="16" VPOS="1003" HPOS="905"/>
							<String ID="string_282" HPOS="921" VPOS="1002" WIDTH="90" HEIGHT="28" WC="0.96" CONTENT="mycket"/>
						</TextLine>
						<TextLine ID="line_30" HPOS="192" VPOS="1030" WIDTH="819" HEIGHT="31">
							<String ID="string_283" HPOS="192" VPOS="1030" WIDTH="103" HEIGHT="28" WC="0.96" CONTENT="vägande"/><SP WIDTH="23" VPOS="1030" HPOS="295"/>
							<String ID="string_284" HPOS="318" VPOS="1030" WIDTH="54" HEIGHT="21" WC="0.93" CONTENT="skäl."/><SP WIDTH="32" VPOS="1030" HPOS="372"/>
							<String ID="string_285" HPOS="404" VPOS="1030" WIDTH="52" HEIGHT="22" WC="0.96" CONTENT="Men"/><SP WIDTH="20" VPOS="1030" HPOS="456"/>
							<String ID="string_286" HPOS="476" VPOS="1031" WIDTH="71" HEIGHT="22" WC="0.96" CONTENT="under"/><SP WIDTH="20" VPOS="1031" HPOS="547"/>
							<String ID="string_287" HPOS="567" VPOS="1031" WIDTH="129" HEIGHT="22" WC="0.95" CONTENT="nuvarande"/><SP WIDTH="17" VPOS="1031" HPOS="696"/>
							<String ID="string_288" HPOS="713" VPOS="1030" WIDTH="157" HEIGHT="23" WC="0.96" CONTENT="förhållanden"/><SP WIDTH="17" VPOS="1030" HPOS="870"/>
							<String ID="string_289" HPOS="887" VPOS="1031" WIDTH="70" HEIGHT="22" WC="0.96" CONTENT="skulle"/><SP WIDTH="16" VPOS="1031" HPOS="957"/>
							<String ID="string_290" HPOS="973" VPOS="1032" WIDTH="38" HEIGHT="29" WC="0.96" CONTENT="jag"/>
						</TextLine>
						<TextLine ID="line_31" HPOS="192" VPOS="1060" WIDTH="818" HEIGHT="29">
							<String ID="string_291" HPOS="192" VPOS="1067" WIDTH="54" HEIGHT="15" WC="0.96" CONTENT="anse"/><SP WIDTH="22" VPOS="1067" HPOS="246"/>
							<String ID="string_292" HPOS="268" VPOS="1061" WIDTH="32" HEIGHT="20" WC="0.96" CONTENT="att"/><SP WIDTH="23" VPOS="1061" HPOS="300"/>
							<String ID="string_293" HPOS="323" VPOS="1063" WIDTH="60" HEIGHT="18" WC="0.96" CONTENT="ännu"/><SP WIDTH="23" VPOS="1063" HPOS="383"/>
							<String ID="string_294" HPOS="406" VPOS="1067" WIDTH="48" HEIGHT="15" WC="0.96" CONTENT="mer"/><SP WIDTH="23" VPOS="1067" HPOS="454"/>
							<String ID="string_295" HPOS="477" VPOS="1060" WIDTH="102" HEIGHT="29" WC="0.95" CONTENT="vägande"/><SP WIDTH="21" VPOS="1060" HPOS="579"/>
							<String ID="string_296" HPOS="600" VPOS="1060" WIDTH="47" HEIGHT="22" WC="0.96" CONTENT="skäl"/><SP WIDTH="16" VPOS="1060" HPOS="647"/>
							<String ID="string_297" HPOS="663" VPOS="1060" WIDTH="46" HEIGHT="22" WC="0.96" CONTENT="tala"/><SP WIDTH="15" VPOS="1060" HPOS="709"/>
							<String ID="string_298" HPOS="724" VPOS="1060" WIDTH="38" HEIGHT="23" WC="0.96" CONTENT="för"/><SP WIDTH="15" VPOS="1060" HPOS="762"/>
							<String ID="string_299" HPOS="777" VPOS="1062" WIDTH="32" HEIGHT="20" WC="0.96" CONTENT="ett"/><SP WIDTH="15" VPOS="1062" HPOS="809"/>
							<String ID="string_300" HPOS="824" VPOS="1061" WIDTH="78" HEIGHT="28" WC="0.93" CONTENT="längre"/><SP WIDTH="16" VPOS="1061" HPOS="902"/>
							<String ID="string_301" HPOS="918" VPOS="1061" WIDTH="92" HEIGHT="23" WC="0.92" CONTENT="afbrott."/>
						</TextLine>
						<TextLine ID="line_32" HPOS="191" VPOS="1089" WIDTH="820" HEIGHT="30">
							<String ID="string_302" HPOS="191" VPOS="1089" WIDTH="45" HEIGHT="28" WC="0.91" CONTENT="Jag"/><SP WIDTH="22" VPOS="1089" HPOS="236"/>
							<String ID="string_303" HPOS="258" VPOS="1089" WIDTH="146" HEIGHT="22" WC="0.91" CONTENT="understöder"/><SP WIDTH="22" VPOS="1089" HPOS="404"/>
							<String ID="string_304" HPOS="426" VPOS="1089" WIDTH="77" HEIGHT="22" WC="0.93" CONTENT="derför"/><SP WIDTH="21" VPOS="1089" HPOS="503"/>
							<String ID="string_305" HPOS="524" VPOS="1090" WIDTH="255" HEIGHT="23" WC="0.92" CONTENT="talmanskonferensens"/><SP WIDTH="14" VPOS="1090" HPOS="779"/>
							<String ID="string_306" HPOS="793" VPOS="1090" WIDTH="93" HEIGHT="29" WC="0.96" CONTENT="förslag,"/><SP WIDTH="18" VPOS="1090" HPOS="886"/>
							<String ID="string_307" HPOS="904" VPOS="1098" WIDTH="51" HEIGHT="15" WC="0.96" CONTENT="men"/><SP WIDTH="15" VPOS="1098" HPOS="955"/>
							<String ID="string_308" HPOS="970" VPOS="1091" WIDTH="41" HEIGHT="22" WC="0.96" CONTENT="har"/>
						</TextLine>
						<TextLine ID="line_33" HPOS="192" VPOS="1119" WIDTH="818" HEIGHT="30">
							<String ID="string_309" HPOS="192" VPOS="1119" WIDTH="50" HEIGHT="22" WC="0.96" CONTENT="icke"/><SP WIDTH="15" VPOS="1119" HPOS="242"/>
							<String ID="string_310" HPOS="257" VPOS="1119" WIDTH="70" HEIGHT="22" WC="0.96" CONTENT="heller"/><SP WIDTH="15" VPOS="1119" HPOS="327"/>
							<String ID="string_311" HPOS="342" VPOS="1121" WIDTH="69" HEIGHT="27" WC="0.96" CONTENT="något"/><SP WIDTH="15" VPOS="1121" HPOS="411"/>
							<String ID="string_312" HPOS="426" VPOS="1121" WIDTH="33" HEIGHT="20" WC="0.96" CONTENT="att"/><SP WIDTH="15" VPOS="1121" HPOS="459"/>
							<String ID="string_313" HPOS="474" VPOS="1120" WIDTH="98" HEIGHT="21" WC="0.95" CONTENT="invända"/><SP WIDTH="15" VPOS="1120" HPOS="572"/>
							<String ID="string_314" HPOS="587" VPOS="1121" WIDTH="46" HEIGHT="21" WC="0.96" CONTENT="mot"/><SP WIDTH="16" VPOS="1121" HPOS="633"/>
							<String ID="string_315" HPOS="649" VPOS="1120" WIDTH="37" HEIGHT="22" WC="0.96" CONTENT="det"/><SP WIDTH="16" VPOS="1120" HPOS="686"/>
							<String ID="string_316" HPOS="702" VPOS="1119" WIDTH="87" HEIGHT="30" WC="0.96" CONTENT="förslag"/><SP WIDTH="10" VPOS="1119" HPOS="789"/>
							<String ID="string_317" HPOS="799" VPOS="1120" WIDTH="111" HEIGHT="29" WC="0.93" CONTENT="professor"/><SP WIDTH="10" VPOS="1120" HPOS="910"/>
							<String ID="string_318" HPOS="920" VPOS="1121" WIDTH="90" HEIGHT="22" WC="0.91" CONTENT="Daniel-"/>
						</TextLine>
						<TextLine ID="line_34" HPOS="192" VPOS="1148" WIDTH="788" HEIGHT="31">
							<String ID="string_319" HPOS="192" VPOS="1155" WIDTH="40" HEIGHT="16" WC="0.93" CONTENT="son"/><SP WIDTH="16" VPOS="1155" HPOS="232"/>
							<String ID="string_320" HPOS="248" VPOS="1148" WIDTH="135" HEIGHT="28" WC="0.92" CONTENT="framstälde,"/><SP WIDTH="17" VPOS="1148" HPOS="383"/>
							<String ID="string_321" HPOS="400" VPOS="1151" WIDTH="68" HEIGHT="20" WC="0.96" CONTENT="annat"/><SP WIDTH="15" VPOS="1151" HPOS="468"/>
							<String ID="string_322" HPOS="483" VPOS="1152" WIDTH="27" HEIGHT="19" WC="0.96" CONTENT="än"/><SP WIDTH="17" VPOS="1152" HPOS="510"/>
							<String ID="string_323" HPOS="527" VPOS="1151" WIDTH="32" HEIGHT="21" WC="0.96" CONTENT="att"/><SP WIDTH="16" VPOS="1151" HPOS="559"/>
							<String ID="string_324" HPOS="575" VPOS="1150" WIDTH="37" HEIGHT="22" WC="0.95" CONTENT="det"/><SP WIDTH="15" VPOS="1150" HPOS="612"/>
							<String ID="string_325" HPOS="627" VPOS="1157" WIDTH="66" HEIGHT="21" WC="0.96" CONTENT="synes"/><SP WIDTH="15" VPOS="1157" HPOS="693"/>
							<String ID="string_326" HPOS="708" VPOS="1157" WIDTH="55" HEIGHT="15" WC="0.96" CONTENT="vara"/><SP WIDTH="15" VPOS="1157" HPOS="763"/>
							<String ID="string_327" HPOS="778" VPOS="1151" WIDTH="68" HEIGHT="28" WC="0.93" CONTENT="något"/><SP WIDTH="15" VPOS="1151" HPOS="846"/>
							<String ID="string_328" HPOS="861" VPOS="1151" WIDTH="119" HEIGHT="22" WC="0.92" CONTENT="konstladt."/>
						</TextLine>
					</TextBlock>
				</ComposedBlock>
				<ComposedBlock ID="cblock_2" HPOS="264" VPOS="1204" WIDTH="358" HEIGHT="33">
					<TextBlock ID="block_4" HPOS="264" VPOS="1204" WIDTH="358" HEIGHT="33">
						<TextLine ID="line_35" HPOS="264" VPOS="1204" WIDTH="358" HEIGHT="33">
							<String ID="string_329" HPOS="264" VPOS="1204" WIDTH="194" HEIGHT="33" WC="0.91" CONTENT="Känestysesitykset"/><SP WIDTH="14" VPOS="1204" HPOS="458"/>
							<String ID="string_330" HPOS="472" VPOS="1209" WIDTH="21" HEIGHT="27" WC="0.92" CONTENT="ja"/><SP WIDTH="17" VPOS="1209" HPOS="493"/>
							<String ID="string_331" HPOS="510" VPOS="1209" WIDTH="112" HEIGHT="27" WC="0.91" CONTENT="päätökset:"/>
						</TextLine>
					</TextBlock>
				</ComposedBlock>
				<ComposedBlock ID="cblock_3" HPOS="191" VPOS="1268" WIDTH="820" HEIGHT="145">
					<TextBlock ID="block_5" HPOS="191" VPOS="1268" WIDTH="820" HEIGHT="145">
						<TextLine ID="line_36" HPOS="266" VPOS="1268" WIDTH="745" HEIGHT="29">
							<String ID="string_332" HPOS="266" VPOS="1268" WIDTH="64" HEIGHT="25" WC="0.30" CONTENT="Ken"/><SP WIDTH="22" VPOS="1268" HPOS="330"/>
							<String ID="string_333" HPOS="352" VPOS="1268" WIDTH="221" HEIGHT="22" WC="0.92" CONTENT="vastaehdotukseksi"/><SP WIDTH="24" VPOS="1268" HPOS="573"/>
							<String ID="string_334" HPOS="597" VPOS="1269" WIDTH="238" HEIGHT="28" WC="0.92" CONTENT="puhemiesneuvoston"/><SP WIDTH="23" VPOS="1269" HPOS="835"/>
							<String ID="string_335" HPOS="858" VPOS="1270" WIDTH="153" HEIGHT="22" WC="0.96" CONTENT="ehdotukselle"/>
						</TextLine>
						<TextLine ID="line_37" HPOS="192" VPOS="1297" WIDTH="818" HEIGHT="30">
							<String ID="string_336" HPOS="192" VPOS="1297" WIDTH="122" HEIGHT="22" WC="0.96" CONTENT="kannattaa"/><SP WIDTH="8" VPOS="1297" HPOS="314"/>
							<String ID="string_337" HPOS="322" VPOS="1298" WIDTH="153" HEIGHT="22" WC="0.93" CONTENT="valtioneuvos"/><SP WIDTH="8" VPOS="1298" HPOS="475"/>
							<String ID="string_338" HPOS="483" VPOS="1298" WIDTH="145" HEIGHT="22" WC="0.92" CONTENT="Danielsonin"/><SP WIDTH="8" VPOS="1298" HPOS="628"/>
							<String ID="string_339" HPOS="636" VPOS="1299" WIDTH="104" HEIGHT="21" WC="0.96" CONTENT="tekemää"/><SP WIDTH="9" VPOS="1299" HPOS="740"/>
							<String ID="string_340" HPOS="749" VPOS="1299" WIDTH="116" HEIGHT="22" WC="0.96" CONTENT="ehdotusta"/><SP WIDTH="11" VPOS="1299" HPOS="865"/>
							<String ID="string_341" HPOS="876" VPOS="1300" WIDTH="85" HEIGHT="27" WC="0.93" CONTENT="säädyn"/><SP WIDTH="10" VPOS="1300" HPOS="961"/>
							<String ID="string_342" HPOS="971" VPOS="1300" WIDTH="39" HEIGHT="21" WC="0.92" CONTENT="ko-"/>
						</TextLine>
						<TextLine ID="line_38" HPOS="192" VPOS="1327" WIDTH="816" HEIGHT="29">
							<String ID="string_343" HPOS="192" VPOS="1327" WIDTH="176" HEIGHT="21" WC="0.92" CONTENT="koontumisesta"/><SP WIDTH="18" VPOS="1327" HPOS="368"/>
							<String ID="string_344" HPOS="386" VPOS="1329" WIDTH="25" HEIGHT="19" WC="0.93" CONTENT="12"/><SP WIDTH="16" VPOS="1329" HPOS="411"/>
							<String ID="string_345" HPOS="427" VPOS="1331" WIDTH="53" HEIGHT="23" WC="0.92" CONTENT="p:nä"/><SP WIDTH="14" VPOS="1331" HPOS="480"/>
							<String ID="string_346" HPOS="494" VPOS="1328" WIDTH="148" HEIGHT="20" WC="0.96" CONTENT="tammikuuta"/><SP WIDTH="18" VPOS="1328" HPOS="642"/>
							<String ID="string_347" HPOS="660" VPOS="1329" WIDTH="62" HEIGHT="24" WC="0.96" CONTENT="1905,"/><SP WIDTH="18" VPOS="1329" HPOS="722"/>
							<String ID="string_348" HPOS="740" VPOS="1330" WIDTH="77" HEIGHT="19" WC="0.93" CONTENT="vastaa"/><SP WIDTH="17" VPOS="1330" HPOS="817"/>
							<String ID="string_349" HPOS="834" VPOS="1329" WIDTH="70" HEIGHT="26" WC="0.66" CONTENT=",jaa*;"/><SP WIDTH="9" VPOS="1329" HPOS="904"/>
							<String ID="string_350" HPOS="913" VPOS="1329" WIDTH="36" HEIGHT="27" WC="0.93" CONTENT="jos"/><SP WIDTH="12" VPOS="1329" HPOS="949"/>
							<String ID="string_351" HPOS="961" VPOS="1330" WIDTH="47" HEIGHT="24" WC="0.73" CONTENT=",ei*"/>
						</TextLine>
						<TextLine ID="line_39" HPOS="192" VPOS="1355" WIDTH="818" HEIGHT="29">
							<String ID="string_352" HPOS="192" VPOS="1355" WIDTH="91" HEIGHT="26" WC="0.96" CONTENT="voittaa,"/><SP WIDTH="17" VPOS="1355" HPOS="283"/>
							<String ID="string_353" HPOS="300" VPOS="1362" WIDTH="28" HEIGHT="15" WC="0.96" CONTENT="on"/><SP WIDTH="16" VPOS="1362" HPOS="328"/>
							<String ID="string_354" HPOS="344" VPOS="1357" WIDTH="64" HEIGHT="26" WC="0.93" CONTENT="sääty"/><SP WIDTH="15" VPOS="1357" HPOS="408"/>
							<String ID="string_355" HPOS="423" VPOS="1356" WIDTH="221" HEIGHT="22" WC="0.91" CONTENT="vastaehdotukseksi"/><SP WIDTH="10" VPOS="1356" HPOS="644"/>
							<String ID="string_356" HPOS="654" VPOS="1356" WIDTH="143" HEIGHT="28" WC="0.96" CONTENT="hyväksynyt"/><SP WIDTH="11" VPOS="1356" HPOS="797"/>
							<String ID="string_357" HPOS="808" VPOS="1357" WIDTH="137" HEIGHT="22" WC="0.96" CONTENT="ehdotuksen"/><SP WIDTH="13" VPOS="1357" HPOS="945"/>
							<String ID="string_358" HPOS="958" VPOS="1358" WIDTH="52" HEIGHT="22" WC="0.96" CONTENT="ettei"/>
						</TextLine>
						<TextLine ID="line_40" HPOS="191" VPOS="1384" WIDTH="385" HEIGHT="29">
							<String ID="string_359" HPOS="191" VPOS="1384" WIDTH="85" HEIGHT="28" WC="0.93" CONTENT="yhtään"/><SP WIDTH="15" VPOS="1384" HPOS="276"/>
							<String ID="string_360" HPOS="291" VPOS="1385" WIDTH="137" HEIGHT="22" WC="0.92" CONTENT="loma-aikaa"/><SP WIDTH="14" VPOS="1385" HPOS="428"/>
							<String ID="string_361" HPOS="442" VPOS="1385" WIDTH="134" HEIGHT="28" WC="0.20" CONTENT="pidettäisi."/>
						</TextLine>
					</TextBlock>
				</ComposedBlock>
				<ComposedBlock ID="cblock_4" HPOS="192" VPOS="1439" WIDTH="818" HEIGHT="94">
					<TextBlock ID="block_6" HPOS="192" VPOS="1439" WIDTH="818" HEIGHT="94">
						<TextLine ID="line_41" HPOS="264" VPOS="1439" WIDTH="745" HEIGHT="37">
							<String ID="string_362" HPOS="264" VPOS="1439" WIDTH="175" HEIGHT="34" WC="0.88" CONTENT="Äänestyksessä"/><SP WIDTH="14" VPOS="1439" HPOS="439"/>
							<String ID="string_363" HPOS="453" VPOS="1445" WIDTH="67" HEIGHT="22" WC="0.88" CONTENT="olivat"/><SP WIDTH="13" VPOS="1445" HPOS="520"/>
							<String ID="string_364" HPOS="533" VPOS="1445" WIDTH="141" HEIGHT="28" WC="0.79" CONTENT=",jaa*-äänet"/><SP WIDTH="10" VPOS="1445" HPOS="674"/>
							<String ID="string_365" HPOS="684" VPOS="1446" WIDTH="98" HEIGHT="27" WC="0.96" CONTENT="voitolla,"/><SP WIDTH="9" VPOS="1446" HPOS="782"/>
							<String ID="string_366" HPOS="791" VPOS="1448" WIDTH="62" HEIGHT="26" WC="0.96" CONTENT="joten"/><SP WIDTH="11" VPOS="1448" HPOS="853"/>
							<String ID="string_367" HPOS="864" VPOS="1448" WIDTH="64" HEIGHT="28" WC="0.93" CONTENT="sääty"/><SP WIDTH="10" VPOS="1448" HPOS="928"/>
							<String ID="string_368" HPOS="938" VPOS="1449" WIDTH="71" HEIGHT="21" WC="0.92" CONTENT="vasta-"/>
						</TextLine>
						<TextLine ID="line_42" HPOS="192" VPOS="1474" WIDTH="818" HEIGHT="31">
							<String ID="string_369" HPOS="192" VPOS="1474" WIDTH="156" HEIGHT="23" WC="0.96" CONTENT="ehdotukseksi"/><SP WIDTH="17" VPOS="1474" HPOS="348"/>
							<String ID="string_370" HPOS="365" VPOS="1474" WIDTH="30" HEIGHT="23" WC="0.95" CONTENT="oli"/><SP WIDTH="16" VPOS="1474" HPOS="395"/>
							<String ID="string_371" HPOS="411" VPOS="1475" WIDTH="142" HEIGHT="28" WC="0.96" CONTENT="hyväksynyt"/><SP WIDTH="11" VPOS="1475" HPOS="553"/>
							<String ID="string_372" HPOS="564" VPOS="1475" WIDTH="137" HEIGHT="23" WC="0.96" CONTENT="ehdotuksen"/><SP WIDTH="10" VPOS="1475" HPOS="701"/>
							<String ID="string_373" HPOS="711" VPOS="1476" WIDTH="86" HEIGHT="29" WC="0.93" CONTENT="säädyn"/><SP WIDTH="10" VPOS="1476" HPOS="797"/>
							<String ID="string_374" HPOS="807" VPOS="1477" WIDTH="203" HEIGHT="24" WC="0.92" CONTENT="kokoontumisesta"/>
						</TextLine>
						<TextLine ID="line_43" HPOS="192" VPOS="1505" WIDTH="375" HEIGHT="28">
							<String ID="string_375" HPOS="192" VPOS="1505" WIDTH="139" HEIGHT="23" WC="0.96" CONTENT="tammikuun"/><SP WIDTH="18" VPOS="1505" HPOS="331"/>
							<String ID="string_376" HPOS="349" VPOS="1506" WIDTH="25" HEIGHT="21" WC="0.96" CONTENT="12"/><SP WIDTH="17" VPOS="1506" HPOS="374"/>
							<String ID="string_377" HPOS="391" VPOS="1505" WIDTH="96" HEIGHT="28" WC="0.96" CONTENT="päivänä"/><SP WIDTH="18" VPOS="1505" HPOS="487"/>
							<String ID="string_378" HPOS="505" VPOS="1506" WIDTH="62" HEIGHT="22" WC="0.95" CONTENT="1905."/>
						</TextLine>
					</TextBlock>
				</ComposedBlock>
			</PrintSpace>
		</Page>
	</Layout>
</alto>
