1098 1800
194 92 36 19 Ev.
243 94 90 18 mietintö
345 99 32 14 n:o
391 94 9 18 1
413 94 85 20 laillisen
509 96 74 23 järjest.
596 96 82 24 palautt.
690 96 127 19 maahamme.
869 98 40 22 231

94 146 161 30 själfständiga,
277 147 144 30 lagstiftande
437 156 51 15 men
503 150 116 29 laglydiga
635 150 148 30 medborgare
798 149 71 24 under
884 157 27 17 en

93 176 156 30 maktegande,
265 186 51 14 men
331 178 128 30 lagbunden
476 182 90 26 regents
581 180 100 28 styrelse.
705 180 48 23 Och
770 184 57 19 ännu
839 180 72 24 finnes

94 206 36 23 det
146 209 31 20 ett
193 209 56 21 stort
264 208 60 22 antal
340 209 137 23 embetsmän
494 210 7 22 i
517 211 50 21 värt
582 210 58 26 land,
657 218 48 14 som
721 214 38 18 äro
770 211 99 22 beredda
879 213 33 20 att

92 236 61 23 hålla
169 237 43 22 den
228 238 27 21 ed
272 238 27 22 de
315 239 69 21 svurit
401 240 31 20 att
448 239 56 29 följa
519 240 88 22 landets
622 240 44 29 lag.

163 266 64 23 Yttre
247 268 44 21 nöd
311 268 42 22 och
373 268 92 28 olyckor
482 270 75 21 kunna
573 269 96 23 komma.
700 270 91 22 Hvilket
807 270 47 22 folk
870 270 41 22 har

93 296 49 22 icke
162 296 77 28 dylika
259 297 84 22 skrifna
363 299 29 27 pä
412 298 82 22 bladen
516 299 26 22 af
554 299 34 22 sin
604 299 98 27 historia,
718 306 52 15 men
785 299 70 23 folket
871 301 41 27 gär

93 326 77 22 derför
185 327 50 21 icke
251 327 76 23 under.
359 328 78 22 Folket
453 328 77 27 lefver,
547 328 67 23 äfven
630 336 36 16 om
679 329 100 22 enskilda
789 329 50 23 dess
849 330 62 22 med-

92 356 94 22 lemmar
201 357 96 22 drabbas
313 357 26 22 af
351 357 66 23 ofärd
434 358 54 22 eller
504 359 101 22 enskilda
621 359 50 22 dess
682 360 145 26 embetsmän,
839 361 72 21 såsom

91 393 52 15 man
159 390 56 26 sagt,
232 388 58 28 begå
306 389 31 21 ett
352 388 101 29 politiskt
468 389 121 28 själfmord.
621 388 134 30 Skuggorna
771 390 71 26 vexla,
859 395 51 17 men

92 416 72 23 anden
185 416 76 29 lefver,
282 418 63 22 heter
365 418 46 28 det;
433 426 51 15 men
500 419 37 23 det
552 419 72 23 finnes
640 419 65 23 äfven
722 426 28 16 en
766 420 77 28 andlig
859 420 51 27 död,

90 446 50 23 icke
162 447 56 22 blott
238 447 37 22 för
293 449 42 21 den
352 448 101 23 enskilda
469 449 138 27 menniskan,
624 451 53 20 utan
693 449 66 23 äfven
775 449 37 22 för
827 449 82 23 folken.

91 476 40 23 Om
156 476 70 23 folket
246 478 118 29 uppgifver
384 479 43 22 den
448 481 50 25 rätt,
521 487 48 15 som
585 479 37 22 det
637 480 8 21 i
661 479 37 22 sitt
714 480 48 22 inre
778 480 85 21 känner
878 481 33 21 att

90 507 74 22 blifvit
188 508 122 22 detsamma
333 508 26 23 af
375 515 28 16 en
419 509 70 30 högre
505 510 63 22 makt
583 509 111 27 förlänad,
711 510 28 22 dä
754 510 71 29 begär
840 509 70 23 folket

91 539 30 20 ett
137 539 115 21 moraliskt
268 538 121 29 själfmord.
415 539 116 23 Huruvida
546 539 70 24 folket
632 539 57 23 efter
701 541 31 21 ett
743 540 80 22 sådant
833 540 77 22 vidare

89 567 45 23 kan
154 575 51 16 resa
220 569 41 28 sig,
277 572 25 19 är
317 569 94 23 osäkert.
443 570 45 22 Det
503 571 40 21 har
558 570 106 22 utstrukit
679 570 34 29 sig
729 577 47 16 som
792 570 76 22 nation
884 577 26 15 ur

90 598 143 23 nationernas
249 599 66 27 antal,
333 600 36 22 det
385 600 40 22 har
441 600 72 30 invigt
529 601 35 29 sig
579 600 34 22 till
630 601 42 21 den
688 600 66 29 eviga
770 600 79 23 döden.

161 629 106 23 Finlands
287 630 139 28 presteständ
444 631 42 21 och
506 631 105 22 särskildt
632 631 49 21 dess
696 633 85 26 prester
796 630 68 22 hafva
879 638 29 14 nu

89 658 7 22 i
120 658 33 23 sin
177 659 60 22 hand
260 662 31 20 att
315 659 38 23 för
373 662 32 21 ett
424 660 50 23 kort
493 661 119 29 ögonblick
628 660 60 30 köpa
702 660 103 23 säkerhet
822 662 22 20 ät
860 662 49 20 värt

88 688 48 23 folk
156 689 42 22 och
220 689 100 23 orubbad
336 690 106 30 ställning
457 692 23 20 ät
496 692 50 21 dess
561 692 73 27 kyrka
648 692 30 27 pä
693 690 124 23 bekostnad
833 690 22 23 af
871 691 37 22 de-

88 726 36 15 ras
144 718 106 24 framtida
269 720 283 30 utvecklingsmöjligheter
572 721 40 22 och
634 722 41 20 vär
694 720 130 29 folkkyrkas
846 720 62 22 förra

88 749 123 23 nationella
234 751 90 21 mission
347 750 54 23 eller
424 752 41 22 ock
487 753 32 20 att
539 759 28 15 en
589 751 49 23 kort
653 751 32 21 tid
701 751 51 22 med
768 750 70 23 folket
853 750 55 22 bära

87 779 133 30 pröfningar
242 781 41 21 och
307 781 93 22 sälunda
422 788 48 15 mer
493 784 28 19 än
544 781 110 29 nägonsin
676 781 69 22 vinna
763 781 49 22 dess
827 781 79 28 hjärta.

88 810 52 22 Man
157 810 44 22 kan
218 810 19 28 ej
254 811 91 22 betvifla
361 813 32 20 att
409 811 28 22 de
452 812 62 22 skola
530 812 59 28 välja
605 812 38 21 det
658 818 84 15 senare.

160 840 145 23 Hvilketdera
326 840 25 23 af
369 842 27 21 de
415 842 39 21 tvä
469 840 139 24 framställda
623 841 114 28 förslagen
753 841 41 22 bör
810 848 51 15 man
877 848 30 14 nu

88 870 87 22 besluta
195 871 35 29 sig
247 870 53 23 för?
331 871 42 23 Om
392 871 41 29 jag
448 871 37 22 för
501 872 45 22 min
563 872 35 22 del
614 871 195 23 rekommenderar
824 870 83 23 utskot-

88 902 43 21 tets
151 900 93 30 förslag,
265 904 41 26 gör
323 902 42 28 jag
385 902 37 22 det
438 902 77 22 derför
531 904 31 20 att
578 902 38 22 det
631 908 66 22 synes
712 902 53 28 mig,
782 902 32 21 att
830 901 37 22 det
882 904 26 18 är

88 930 142 30 sakenligare
252 932 42 21 och
317 932 73 22 bättre
413 932 77 22 träffar
513 932 43 22 den
576 932 133 29 kärnpunkt,
729 938 47 15 som
790 931 41 29 jag
847 931 7 21 i
870 931 38 22 det

88 960 138 30 föregäende
249 962 42 21 har
313 961 103 29 angifvit.
448 962 58 22 Utan
526 964 32 20 att
578 964 29 27 pä
622 963 68 27 nägot
706 963 44 21 sätt
764 961 143 23 tillbakavisa

87 991 84 22 tanken
187 992 29 28 pä
231 998 45 21 nya
291 991 257 30 lagstiftningsätgärder
563 994 29 26 pä
606 992 27 22 de
644 992 113 26 omräden,
769 998 46 15 som
827 998 29 14 nu
868 994 38 18 äro

88 1021 8 22 i
115 1020 71 30 fräga,
207 1022 121 28 uppiräder
348 1022 38 22 det
403 1021 74 23 finska
492 1022 70 22 folket
576 1022 41 22 här
632 1024 54 20 utan
702 1023 59 21 stora
776 1022 63 26 later,
855 1028 52 14 men

88 1052 14 21 &
124 1051 71 22 andra
217 1052 63 22 sidan
303 1054 53 20 utan
378 1053 71 28 nägra
469 1059 90 22 omsvep
580 1052 148 22 fasthällande
743 1052 38 22 vid
798 1052 43 21 den
856 1052 50 25 rätt,

88 1088 47 16 som
158 1081 71 23 under
248 1089 47 15 mer
317 1085 27 19 än
365 1083 31 21 ett
416 1082 60 22 sekel
492 1083 58 21 varit
566 1083 50 22 dess
631 1085 62 19 värn.
724 1081 45 29 Jag
783 1081 86 29 hoppas
885 1080 25 22 af

88 1112 100 22 innersta
204 1112 72 28 hjärta
292 1114 32 20 att
334 1112 107 22 Finlands
451 1112 141 30 presterskap
603 1112 73 22 finner
686 1112 74 22 denna
770 1111 73 29 grund
853 1117 54 16 vara

88 1142 44 22 den
147 1142 106 22 säkraste.

158 1171 46 30 Jag
219 1172 100 22 anhåller
334 1179 30 15 nu
380 1174 32 20 att
427 1172 24 22 få
461 1172 93 30 ofvergä
564 1172 34 22 till
610 1174 31 20 ett
651 1174 103 20 närmare
765 1171 142 30 granskande

88 1202 26 22 af
134 1202 28 22 de
185 1203 59 21 båda
266 1202 115 29 förslagen
400 1203 42 22 och
458 1203 39 22 vill
513 1203 78 22 dervid
607 1203 104 22 särskildt
725 1202 120 29 uppehålla
860 1201 47 29 mig

87 1233 39 21 vid
141 1233 172 22 reservationen.
345 1233 44 28 Jag
404 1233 71 22 skulle
491 1233 84 22 kanske
591 1233 50 22 icke
656 1235 55 26 göra
727 1233 37 22 det
775 1233 24 21 sä
810 1231 96 29 mycket,

88 1261 48 23 ifall
156 1263 38 21 det
215 1263 49 21 icke
285 1263 78 22 funnes
384 1265 59 20 stora
462 1263 188 28 förutsättningar
665 1263 38 21 tör
718 1264 31 20 att
766 1269 28 14 en
810 1263 45 20 stor
871 1261 36 22 del

88 1292 26 22 af
131 1293 166 22 reservationen
316 1292 106 29 möjligen
437 1293 89 22 komme
543 1294 30 21 att
590 1293 53 28 ingå
658 1293 8 20 i
682 1293 130 21 ständernas
827 1291 79 23 beslut.

159 1322 251 23 Utskottsbetänkandet
427 1323 40 21 har
485 1322 86 23 formen
587 1321 25 23 af
626 1329 27 16 en
669 1321 116 23 skrifvelse
801 1321 56 22 stäld
873 1320 34 23 till

88 1352 125 29 ständerna.
244 1352 68 22 Detta
328 1352 44 22 kan
388 1352 49 22 icke
452 1352 110 26 betviflas,
578 1352 70 22 ehuru
663 1352 133 22 tvifvelsmål
807 1351 99 22 uttalats.

88 1377 109 27 Öfverallt
204 1382 57 22 talas
269 1390 37 14 om
318 1391 7 11 »
328 1382 63 22 Hans
399 1382 126 29 Kejserliga
534 1382 123 28 Majestät«,
666 1382 51 22 icke
727 1382 83 22 »Eders
819 1381 88 28 Kejser-

87 1412 47 28 liga
149 1412 123 26 Majestät.«
304 1412 78 22 Redan
402 1412 61 22 detta
481 1415 26 19 är
525 1412 127 22 bevisande.
684 1412 173 22 Reservationen
872 1412 34 20 ut-

88 1444 42 25 gör
144 1440 87 29 förslag
246 1442 34 20 till
296 1448 28 14 en
339 1441 140 28 underdånig
488 1441 166 27 framställning
664 1441 33 21 till
709 1441 62 21 Hans
782 1440 125 28 Kejserliga

87 1470 104 28 Majestät
214 1470 41 22 och
278 1471 41 21 har
339 1470 138 28 härigenom,
497 1477 51 15 men
570 1470 49 22 icke
637 1470 57 22 blott
708 1470 138 28 härigenom,
862 1468 45 22 fått

88 1508 28 15 en
132 1500 7 22 i
155 1500 121 22 allmänhet
292 1500 119 29 smidigare
427 1499 57 23 form
500 1500 42 22 och
558 1507 28 15 en
602 1500 101 28 mjukare
718 1501 45 21 ton.
788 1498 43 23 Om
847 1498 60 23 detta
