1103 1795
194 119 44 22 406
422 118 130 23 Pappissääty
564 116 88 19 tammik.
665 116 23 18 27
700 123 19 17 p.
732 116 53 18 1905.

193 172 70 27 tajain
284 171 134 22 estelemisiä
438 173 110 19 ruvennut
564 169 159 30 aprikoimaan,
740 171 71 20 mutta
826 176 39 15 sen
881 169 50 22 olen
947 176 63 14 sano-

195 203 39 20 nut
242 203 46 20 että
296 201 167 28 symptoomeja,
475 201 78 21 oireita
563 207 92 14 samaan
665 199 175 27 laittomuuteen,
850 199 56 27 joita
917 199 94 21 ilmenee

195 231 54 22 sekä
273 231 120 21 maailman
418 230 98 27 valtojen
539 229 163 22 korkeimmilla
724 229 109 28 huipuilla
853 229 25 27 ja
901 229 110 21 alemman

196 261 189 21 kansakerroksen
408 261 151 25 roskaväessä,
586 266 28 15 on
640 259 102 27 myöskin
767 258 130 29 ilmestynyt
922 258 89 22 meidän

194 290 159 29 valtiopäivien
374 289 105 27 keskellä,
498 290 24 27 ja
541 290 42 21 sitä
606 289 59 22 minä
682 289 49 21 olen
748 289 138 22 ensimäinen
902 289 55 21 mies
972 287 39 22 ko-

195 322 113 20 ettamaan
328 320 68 21 saada
414 320 48 28 pois
478 319 296 29 valtiopäivämies-veljistä.
806 317 44 23 Sen
867 318 60 21 minä
943 325 68 14 sanon

193 350 25 28 ja
240 349 92 22 minulla
355 350 21 21 ei
399 349 35 22 ole
454 350 129 21 ainoastaan
603 349 98 22 oikeutta
716 355 69 15 sanoa
801 349 53 27 niin,
871 355 57 14 vaan
944 355 23 15 se
983 355 29 14 on

195 380 77 21 minun
287 379 222 22 velvollisuutenikin.

266 439 121 22 Professori
404 440 87 21 Donner:
507 439 45 29 Jag
567 439 58 22 hade
640 439 94 28 hoppats
750 440 33 20 att
798 438 73 22 denna
887 438 123 21 diskussion

195 470 58 21 hade
274 470 85 21 kunnat
378 469 129 29 uppskjutas
523 469 34 21 till
573 469 101 27 följande
690 468 170 26 sammanträde,
878 475 50 14 men
945 468 28 21 dä
988 469 26 20 sä

195 507 30 14 nu
249 499 49 22 icke
321 499 59 21 skett
396 499 41 22 och
453 506 27 14 en
497 500 45 20 stor
558 498 81 29 mängd
656 498 129 22 uttalanden
802 497 105 29 afgifvits,
924 505 35 15 ser
973 498 40 28 jag

196 529 47 28 mig
258 528 128 23 föranläten
402 530 32 20 att
449 529 67 21 ocksä
532 530 60 26 yttra
607 529 70 28 nägra
693 528 45 22 ord.

266 559 45 28 Jag
326 559 98 22 ansluter
440 559 46 28 mig
502 558 33 22 till
551 559 36 21 det
603 559 86 21 senaste
704 558 114 27 yttrandet
834 557 25 22 af
872 558 140 28 domprosten

196 589 171 28 Schwartzberg
390 588 42 22 och
454 590 46 20 tror
520 589 70 21 heller
611 588 49 21 icke
680 590 32 19 att
732 588 45 21 han
798 588 60 22 velat
874 591 55 26 göra
944 589 70 27 nägra

196 619 109 21 särskilda
328 618 169 29 beskyllningar
519 618 148 29 personligen,
691 619 53 20 utan
766 619 32 20 att
819 618 55 21 hans
889 617 124 22 anförande

195 648 66 29 gälde
284 649 218 21 karaktäriserandet
525 647 25 22 af
571 655 27 15 en
619 648 44 21 viss
679 647 143 29 uppfattning
837 648 60 21 inom
913 648 100 25 ständen,

196 678 92 22 hvilken
311 678 103 22 influerat
436 679 29 27 pä
485 678 43 22 den
550 678 99 28 hållning
671 678 63 21 dessa
750 678 42 21 och
807 677 113 22 utskotten
936 677 78 22 hittills

196 708 110 29 iakttagit.
338 707 35 22 Då
396 709 50 25 han,
471 708 71 22 såvidt
563 708 40 29 jag
626 707 84 22 fattade
732 707 81 22 honom
831 709 49 25 rätt,
897 708 70 27 ansåg
983 709 30 20 att

195 738 73 22 denna
283 738 101 28 hållning
400 741 24 18 är
439 738 118 21 besläktad
571 738 52 21 med
639 737 27 22 de
681 737 141 29 laglösheter,
839 745 47 14 som
901 737 112 22 förekom-

195 768 40 21 mit
258 769 30 27 på
310 767 114 28 höjderna,
448 767 42 22 och
513 767 66 22 äfven
603 768 7 21 i
633 767 27 22 de
683 767 73 28 lägsta
776 767 124 28 folklagren
916 768 30 28 på
960 768 55 21 våra

195 799 72 26 gator,
284 797 41 22 och
341 797 78 22 trodde
435 798 32 21 att
482 797 131 22 ständernas
625 797 101 28 hållning
736 804 41 14 var
787 797 126 28 någonting
923 797 91 22 dermed

195 827 111 26 likartadt,
323 827 45 21 kan
381 827 40 28 jag
436 827 50 21 icke
502 829 67 20 annat
581 827 62 21 finna
654 829 34 24 än,
701 828 31 20 att
744 833 27 15 en
783 827 61 28 dylik
855 827 159 21 karaktäristik

195 857 49 22 icke
268 857 40 21 har
328 858 69 26 något
417 857 161 28 berättigande.
609 857 33 28 Ty
659 857 22 20 vi
697 857 69 21 måste
782 857 143 28 ihågkomma
942 858 32 19 att
990 857 23 21 vi

195 893 30 15 nu
247 886 49 22 icke
319 886 60 22 lefva
399 887 70 21 under
491 887 91 28 vanliga
597 886 100 22 normala
712 886 164 22 förhållanden.
907 886 29 22 Vi
953 885 22 22 få
989 887 24 27 ju

195 916 50 22 icke
265 916 98 29 glömma
386 917 31 20 att
440 915 152 29 fullföljandet
607 915 25 23 af
644 917 39 27 lag
699 917 29 27 på
744 916 43 21 alla
803 916 106 21 områden
925 919 26 18 är
966 915 47 22 för-

195 946 111 26 hindradt,
327 948 32 19 att
379 946 36 21 det
436 946 50 21 icke
502 946 55 22 bloti
573 946 70 22 under
659 946 27 22 de
702 945 128 30 förgångna
846 947 53 21 åren
915 945 97 23 utöfvats

195 976 111 28 laglöshet
328 975 49 22 från
400 976 197 28 myndigheternas
617 976 54 25 sida,
694 976 141 22 alldenstund
849 976 164 29 landtdagarna

199 1007 55 20 1899
271 1006 41 21 och
331 1007 57 20 1900
402 1005 94 22 likasom
513 1007 72 21 denna
601 1007 29 27 pä
645 1006 79 28 giltiga
740 1006 98 29 grunder
853 1006 118 26 törklarat,
983 1007 32 20 att

196 1042 27 15 en
245 1035 82 28 mängd
343 1035 166 29 författningar,
527 1043 47 15 som
590 1035 69 22 under
675 1035 27 22 de
718 1037 88 20 senaste
822 1037 53 21 åren
892 1038 122 23 emanerat,

195 1065 51 22 icke
268 1065 76 22 kunna
364 1065 144 22 tillerkännas
524 1066 79 29 lagligt
619 1065 112 22 bindande
747 1065 73 29 helgd.
852 1065 35 22 Då
903 1073 30 14 nu
949 1067 25 20 sä
989 1068 25 19 är

196 1094 157 27 förhållandet,
376 1098 25 19 är
420 1095 37 22 det
478 1094 37 23 för
530 1097 47 28 mig
593 1095 132 22 åtminstone
740 1096 132 28 uppenbart,
888 1097 33 20 att
937 1103 26 14 en
980 1097 33 20 sä-

198 1125 43 20 dan
257 1125 106 28 ställning
378 1125 39 21 allt
433 1125 136 22 fortfarande
585 1125 87 22 utöfvar
688 1125 36 22 sitt
740 1125 64 28 tryck
820 1127 28 27 pä
859 1125 30 22 all
900 1125 114 22 samhälls-

197 1155 102 28 ordning,
316 1155 30 21 all
361 1155 147 26 verksamhet,
523 1156 24 27 ja
563 1155 66 22 äfven
644 1157 29 27 pä
688 1156 126 21 ständerna.
846 1155 27 22 Vi
889 1154 22 23 få
925 1155 24 28 ju
965 1155 50 22 icke

197 1184 98 29 glömma
318 1186 32 19 att
374 1191 27 15 en
422 1185 81 28 mängd
524 1185 38 22 för
583 1186 49 21 värt
652 1185 52 22 land
727 1184 139 23 främmande
881 1185 134 28 tjenstemän

196 1213 137 23 fortfarande
352 1214 76 22 utöfva
443 1215 228 22 embetsverksamhet
691 1215 7 21 i
714 1215 81 26 landet,
811 1215 140 28 tjenstemän,
968 1222 47 15 som

197 1243 73 22 dertill
293 1245 29 27 pä
344 1244 57 21 intet
423 1244 33 21 vis
472 1244 101 29 uppfylla
588 1246 27 21 de
631 1245 203 28 kompetensvilkor
848 1247 55 20 vära
918 1245 97 28 rättsligt

197 1273 104 29 gällande
324 1273 63 28 lagar
407 1273 85 28 fordra;
513 1276 32 20 att
564 1275 27 22 de
607 1273 75 23 utöfva
698 1275 73 21 denna
787 1274 227 23 embetsverksamhet

197 1304 8 21 i
220 1302 229 23 öfverensstämmelse
466 1305 49 21 med
531 1304 168 29 författningar,
715 1305 77 21 hvilka
807 1304 22 21 vi
844 1305 19 27 ej
875 1305 75 20 kunna
961 1304 53 29 god-

197 1333 83 25 känna;
303 1334 32 19 att
356 1333 27 20 de
399 1333 97 27 pålägga
511 1335 70 25 böter,
598 1333 30 21 af-
644 1334 41 20 och
701 1334 91 20 tillsätta
808 1334 139 26 tjenstemän,
964 1334 51 20 med

197 1362 31 20 ett
245 1361 40 21 ord
300 1361 65 28 sagdt
380 1361 88 28 ingripa
484 1362 7 21 i
510 1362 43 22 alla
569 1362 178 22 samhällslifvets
762 1362 157 22 förhällanden
930 1362 43 22 och
983 1364 32 20 att

198 1390 74 22 dertill
287 1393 60 19 ännu
363 1397 27 15 en
406 1390 37 23 för
458 1393 49 20 värt
523 1392 52 21 land
590 1391 140 23 främmande
745 1392 124 22 institution
885 1392 25 22 af
920 1392 92 28 gendar-

197 1427 48 16 mer
266 1421 88 22 utöfvar
369 1421 83 22 brutalt
467 1422 52 21 våld
535 1423 46 20 mot
597 1429 27 15 en
640 1422 83 29 mängd
737 1429 113 22 personer,
866 1423 32 21 lät
914 1429 53 16 vara
983 1424 32 20 att

198 1450 37 22 det
258 1451 70 22 under
352 1451 27 21 de
402 1451 53 22 sista
479 1452 99 29 dagarna
600 1451 73 22 kunde
694 1452 113 22 betraktas
826 1453 71 21 såsom
913 1452 102 22 utöfvadt

198 1482 45 21 mot
267 1481 50 22 icke
340 1480 73 23 finska
434 1482 152 29 medborgare,
608 1481 65 23 äfven
690 1482 37 22 det
742 1482 122 23 sistnämda
879 1483 40 22 har
935 1483 57 22 dock
1008 1483 7 21 i

197 1511 79 22 sådant
299 1510 41 22 fall
360 1511 68 28 ingen
444 1511 122 30 afgörande
581 1511 121 30 betydelse,
719 1513 94 21 emedan
829 1514 31 21 ett
876 1513 72 28 dylikt
963 1513 52 22 våld
