1114 1795
335 112 25 18 R.
372 113 22 23 ja
406 113 37 17 A:n
454 113 162 24 jäähyväispuhe.
838 114 41 21 891

67 164 120 29 viktigaste
209 164 26 23 af
255 166 28 22 de
305 165 82 30 frågor,
411 173 47 16 som
480 167 72 22 denna
567 169 60 27 gång
642 168 56 21 blott
712 168 86 21 kunnat
813 167 70 22 blifva

68 195 97 22 föremäl
180 194 37 23 för
233 203 27 14 en
276 195 164 24 förberedande
455 197 143 29 behandling.

140 224 75 23 Under
237 225 114 22 uttalande
374 227 26 21 af
420 227 73 21 denna
514 227 152 28 förhoppning
688 234 36 15 om
747 229 31 20 ett
795 228 88 21 fortsatt

67 253 93 34 lyckligt
179 255 125 22 samarbete
320 256 6 21 i
342 255 156 22 fosterlandets
513 257 67 27 tjänst
595 257 93 22 utbeder
702 257 25 21 R.
744 263 19 15 o.
779 256 26 22 A.
818 257 31 21 att
860 256 22 21 få

66 284 111 21 innesluta
193 284 34 29 sig
243 285 7 20 i
266 285 158 28 högvördigste
440 286 54 21 herr
508 286 173 29 ärkebiskopens
692 287 41 21 och
744 286 140 29 högvördiga

66 313 175 23 Presteständets
256 317 80 25 ynnest
352 315 41 22 och
411 315 96 28 välvilja.

136 379 73 23 Herra
225 381 104 22 Puhemies
344 381 93 22 vastasi:

137 446 163 21 Presteständet
323 446 78 21 tackar
424 447 123 28 uppriktigt
562 446 36 22 för
614 447 42 21 den
673 446 91 28 vänliga
779 446 106 27 hälsning

65 475 122 29 höglofliga
203 475 161 29 Ridderskapet
381 476 40 22 och
432 476 72 22 Adeln
515 477 66 28 bragt
591 483 41 15 oss.
659 476 76 21 Under
746 476 62 28 djupt
818 475 64 28 tryck

65 505 68 22 hafva
156 506 119 21 ständerna
299 505 87 23 arbetat
409 506 42 22 och
475 507 60 22 detta
558 507 64 28 tryck
640 507 40 20 har
696 509 59 18 ännu
771 506 49 22 icke
837 505 45 22 för-

66 536 95 22 svunnit.
193 535 44 22 Det
259 543 40 14 var
323 543 27 15 en
366 536 103 29 ljusning,
486 537 28 21 dä
530 537 106 22 kallelsen
653 536 33 21 till
700 536 109 28 landtdag
824 536 60 26 kom,

65 573 28 14 en
113 565 99 29 ljusning
228 565 28 22 dä
271 567 54 20 våra
341 566 64 22 flesta
420 566 179 22 landsförvisade
614 566 62 29 fingo
692 566 140 22 äterbeträda
847 565 35 22 fä-

66 595 147 29 dernejorden
237 596 41 21 och
303 596 91 28 deltaga
414 596 6 21 i
443 598 49 19 vårt
514 597 82 26 arbete,
621 596 41 22 och
682 603 27 14 en
730 595 98 29 ljusning
843 602 43 15 var

66 625 68 22 ocksä
158 625 37 22 det
210 626 83 28 nädiga
309 633 51 14 svar
375 625 62 22 Hans
452 625 104 29 Majestät
572 626 41 28 gaf
624 627 30 28 pä
668 628 83 19 tvenne
766 625 95 29 punkter
876 625 7 21 i

65 656 43 21 den
137 657 60 20 stora
223 656 129 27 petitionen.
392 655 88 22 Mörker
506 656 72 21 hvilar
602 659 59 18 ännu
690 655 63 22 öfver
776 655 108 22 Finlands

65 685 93 28 bygder,
181 692 52 15 men
255 686 22 21 vi
299 687 91 27 hoppas,
416 685 80 22 liksom
523 686 76 21 herrar
624 685 142 29 deputerade,
790 686 32 21 att
846 685 37 21 da-

65 722 45 21 gen
127 715 56 22 skall
199 722 42 21 gry
258 717 37 20 för
311 717 51 20 vårt
378 715 52 23 folk.
463 715 42 22 Det
522 717 25 20 är
562 715 110 22 lidandets
686 715 65 27 tider,
767 721 46 15 som
830 715 54 28 göra

66 746 37 21 det
126 745 90 28 andliga
240 745 36 21 arf
295 746 22 20 vi
342 744 41 23 fått
398 744 49 22 från
463 747 54 20 våra
533 745 72 26 fäder,
622 747 43 20 rätt
681 745 92 27 dyrbart
789 745 37 22 för
841 751 42 15 oss.

65 775 28 22 Vi
117 777 51 20 veta
192 775 59 22 hvad
271 776 22 20 vi
314 782 49 21 ega,
385 775 28 22 då
428 776 23 21 vi
466 775 68 22 hafva
549 775 94 22 förlorat
658 775 89 27 mycket
763 775 41 21 och
820 774 63 21 hållit

65 807 30 27 på
117 806 32 21 att
171 805 85 22 förlora
278 807 61 20 snart
362 806 64 28 sagdt
446 805 45 22 allt.
523 805 43 22 Det
583 808 24 19 är
623 804 78 23 derför
716 804 68 22 också
799 804 85 22 Preste-

65 835 88 22 ståndet
176 835 51 22 med
250 835 59 28 hopp
333 837 95 20 emotser
443 835 125 26 framtiden,
585 835 41 22 och
642 835 43 21 den
701 833 57 28 Gud,
774 841 48 15 som
837 833 47 23 ledt

65 866 50 21 vårt
137 864 58 22 folks
219 865 63 26 öden,
305 865 57 22 skall
386 865 35 21 väl
447 865 45 21 låta
508 865 72 28 dagen
595 866 76 27 uppgå
686 863 56 23 efter
758 864 43 22 den
817 864 67 28 långa

65 897 84 19 natten.

135 924 29 22 Vi
180 924 89 21 anhålla
284 925 33 20 att
332 924 78 22 herrar
426 924 134 28 deputerade
568 924 80 28 bringa
658 923 122 28 höglofliga
791 922 92 23 Ridder-

66 954 79 29 skapet
160 954 42 22 och
218 954 72 21 Adeln
306 955 41 20 vår
362 954 127 28 broderliga
505 953 160 29 aktningsfulla
682 953 156 28 återhälsning.

137 1020 217 27 Talonpoikaissäädyn
371 1020 127 28 lähetystön
512 1020 86 28 johtaja
614 1019 97 22 kanttori
722 1019 21 21 K.
756 1020 20 20 H.
788 1019 96 22 Teittinen

65 1049 80 23 lausui:

132 1121 204 23 Kunnianarvoisin
352 1122 72 21 Herra
438 1121 150 29 Arkkipiispa,
604 1121 213 22 Kunnianarvoinen

399 1151 151 29 Pappissääty.

136 1211 63 22 Tällä
221 1211 173 28 yhteistyömme
418 1212 150 28 päättymisen
583 1211 118 23 vakavalla
717 1211 97 23 hetkellä
830 1218 54 21 pyy-

65 1243 38 20 tää
113 1241 222 29 Talonpoikaissääty
347 1241 95 26 meidän,
453 1242 189 25 lähettiläittensä,
653 1241 77 21 kautta
741 1242 77 21 lausua
830 1241 54 21 kun-

65 1272 172 21 nianarvoisalle
258 1271 179 29 pappissäädylle
456 1272 144 28 ystävällisen
614 1272 24 28 ja
654 1271 168 22 kunnioittavan
838 1271 45 28 jää-

65 1301 277 29 hyväistervehdyksensä.

137 1331 91 22 Samoin
252 1332 53 20 kuin
328 1332 98 21 luonnon
449 1331 173 22 valtakunnassa
639 1330 105 22 kirkkaat
757 1331 24 28 ja
796 1331 89 28 pilviset

65 1361 77 28 päivät
165 1361 142 26 vaihtelevat,
330 1361 85 22 samoin
435 1361 147 27 kansojenkin
598 1361 109 22 elämässä
722 1362 73 20 sattuu
811 1360 74 29 aikoja

64 1391 24 28 ja
111 1391 104 25 vaiheita,
237 1391 56 27 joita
316 1391 95 22 voidaan
427 1392 89 21 verrata
531 1391 118 22 luonnossa
664 1390 134 22 vallitseviin
815 1390 70 22 valoi-

66 1421 42 20 siin
126 1421 25 26 ja
174 1421 104 26 synkkiin
294 1421 124 20 vaiheisiin.
450 1421 98 20 Suomen
564 1421 69 20 kansa
649 1427 28 14 on
694 1420 128 21 erittäinkin
838 1420 47 21 näi-

67 1449 42 22 den
131 1449 24 28 ja
179 1449 115 22 edellisten
318 1449 160 28 valtiopäiväin
502 1449 127 21 väliaikana
650 1449 55 20 mitä
720 1449 166 21 raskaimmalla

65 1479 84 22 tavalla
171 1481 80 19 saanut
272 1478 74 23 kokea
369 1478 130 21 kansallista
522 1479 148 21 olemustansa
693 1478 117 27 uhkaavia,
832 1477 55 30 jopa

66 1509 43 22 sitä
132 1509 80 22 useilta
235 1509 76 28 puolin
335 1508 173 23 musertaviakin
530 1508 110 23 vaurioita
660 1508 24 28 ja
707 1508 79 28 iskuja
830 1508 56 21 Tätä
