<?xml version="1.0" encoding="UTF-8"?>
<alto xmlns="http://www.loc.gov/standards/alto/ns-v3#" xmlns:xlink="http://www.w3.org/1999/xlink" xmlns:xsi="http://www.w3.org/2001/XMLSchema-instance" xsi:schemaLocation="http://www.loc.gov/standards/alto/ns-v3# http://www.loc.gov/alto/v3/alto-3-0.xsd">
	<Description>
		<MeasurementUnit>pixel</MeasurementUnit>
		<sourceImageInformation>
			<fileName>/tmp/tess_906tzm8f_input.PNG</fileName>
		</sourceImageInformation>
		<OCRProcessing ID="OCR_0">
			<ocrProcessingStep>
				<processingSoftware>
					<softwareName>tesseract 5.3.4</softwareName>
				</processingSoftware>
			</ocrProcessingStep>
		</OCRProcessing>
	</Description>
	<Layout>
		<Page WIDTH="1103" HEIGHT="1798" PHYSICAL_IMG_NR="0" ID="page_0">
			<PrintSpace HPOS="0" VPOS="0" WIDTH="1103" HEIGHT="1798">
				<ComposedBlock ID="cblock_0" HPOS="205" VPOS="99" WIDTH="705" HEIGHT="27">
					<TextBlock ID="block_0" HPOS="205" VPOS="99" WIDTH="705" HEIGHT="27">
						<TextLine ID="line_0" HPOS="205" VPOS="99" WIDTH="705" HEIGHT="27">
							<String ID="string_0" HPOS="205" VPOS="99" WIDTH="65" HEIGHT="23" WC="0.90" CONTENT="Prvk.,"/><SP WIDTH="12" VPOS="99" HPOS="270"/>
							<String ID="string_1" HPOS="282" VPOS="100" WIDTH="58" HEIGHT="18" WC="0.92" CONTENT="Ltvk."/><SP WIDTH="12" VPOS="100" HPOS="340"/>
							<String ID="string_2" HPOS="352" VPOS="102" WIDTH="22" HEIGHT="22" WC="0.93" CONTENT="ja"/><SP WIDTH="12" VPOS="102" HPOS="374"/>
							<String ID="string_3" HPOS="386" VPOS="101" WIDTH="50" HEIGHT="18" WC="0.92" CONTENT="Vvk."/><SP WIDTH="13" VPOS="101" HPOS="436"/>
							<String ID="string_4" HPOS="449" VPOS="101" WIDTH="164" HEIGHT="25" WC="0.92" CONTENT="valiokuntatyön"/><SP WIDTH="12" VPOS="101" HPOS="613"/>
							<String ID="string_5" HPOS="625" VPOS="102" WIDTH="178" HEIGHT="18" WC="0.90" CONTENT="toimitttamisesta."/><SP WIDTH="63" VPOS="102" HPOS="803"/>
							<String ID="string_6" HPOS="866" VPOS="104" WIDTH="44" HEIGHT="20" WC="0.95" CONTENT="455"/>
						</TextLine>
					</TextBlock>
				</ComposedBlock>
				<ComposedBlock ID="cblock_1" HPOS="88" VPOS="153" WIDTH="823" HEIGHT="1228">
					<TextBlock ID="block_1" HPOS="91" VPOS="153" WIDTH="820" HEIGHT="508">
						<TextLine ID="line_1" HPOS="96" VPOS="153" WIDTH="814" HEIGHT="29">
							<String ID="string_7" HPOS="96" VPOS="153" WIDTH="25" HEIGHT="22" WC="0.93" CONTENT="af"/><SP WIDTH="20" VPOS="153" HPOS="121"/>
							<String ID="string_8" HPOS="141" VPOS="153" WIDTH="105" HEIGHT="29" WC="0.96" CONTENT="frågorna"/><SP WIDTH="22" VPOS="153" HPOS="246"/>
							<String ID="string_9" HPOS="268" VPOS="154" WIDTH="61" HEIGHT="22" WC="0.90" CONTENT="inom"/><SP WIDTH="23" VPOS="154" HPOS="329"/>
							<String ID="string_10" HPOS="352" VPOS="155" WIDTH="118" HEIGHT="22" WC="0.91" CONTENT="utskotten."/><SP WIDTH="32" VPOS="155" HPOS="470"/>
							<String ID="string_11" HPOS="502" VPOS="156" WIDTH="67" HEIGHT="22" WC="0.96" CONTENT="Detta"/><SP WIDTH="16" VPOS="156" HPOS="569"/>
							<String ID="string_12" HPOS="585" VPOS="159" WIDTH="25" HEIGHT="19" WC="0.93" CONTENT="är"/><SP WIDTH="15" VPOS="159" HPOS="610"/>
							<String ID="string_13" HPOS="625" VPOS="156" WIDTH="49" HEIGHT="22" WC="0.96" CONTENT="icke"/><SP WIDTH="16" VPOS="156" HPOS="674"/>
							<String ID="string_14" HPOS="690" VPOS="156" WIDTH="56" HEIGHT="22" WC="0.96" CONTENT="blott"/><SP WIDTH="16" VPOS="156" HPOS="746"/>
							<String ID="string_15" HPOS="762" VPOS="163" WIDTH="27" HEIGHT="15" WC="0.93" CONTENT="en"/><SP WIDTH="16" VPOS="163" HPOS="789"/>
							<String ID="string_16" HPOS="805" VPOS="157" WIDTH="105" HEIGHT="22" WC="0.95" CONTENT="teoretisk"/>
						</TextLine>
						<TextLine ID="line_2" HPOS="95" VPOS="183" WIDTH="816" HEIGHT="32">
							<String ID="string_17" HPOS="95" VPOS="183" WIDTH="70" HEIGHT="29" WC="0.93" CONTENT="fräga,"/><SP WIDTH="23" VPOS="183" HPOS="165"/>
							<String ID="string_18" HPOS="188" VPOS="184" WIDTH="55" HEIGHT="21" WC="0.96" CONTENT="huru"/><SP WIDTH="16" VPOS="184" HPOS="243"/>
							<String ID="string_19" HPOS="259" VPOS="184" WIDTH="41" HEIGHT="21" WC="0.96" CONTENT="och"/><SP WIDTH="16" VPOS="184" HPOS="300"/>
							<String ID="string_20" HPOS="316" VPOS="185" WIDTH="8" HEIGHT="21" WC="0.93" CONTENT="i"/><SP WIDTH="15" VPOS="185" HPOS="324"/>
							<String ID="string_21" HPOS="339" VPOS="185" WIDTH="59" HEIGHT="22" WC="0.92" CONTENT="hvad"/><SP WIDTH="16" VPOS="185" HPOS="398"/>
							<String ID="string_22" HPOS="414" VPOS="187" WIDTH="51" HEIGHT="20" WC="0.96" CONTENT="män"/><SP WIDTH="16" VPOS="187" HPOS="465"/>
							<String ID="string_23" HPOS="481" VPOS="187" WIDTH="31" HEIGHT="20" WC="0.96" CONTENT="ett"/><SP WIDTH="16" VPOS="187" HPOS="512"/>
							<String ID="string_24" HPOS="528" VPOS="193" WIDTH="50" HEIGHT="15" WC="0.93" CONTENT="svar"/><SP WIDTH="15" VPOS="193" HPOS="578"/>
							<String ID="string_25" HPOS="593" VPOS="186" WIDTH="49" HEIGHT="22" WC="0.93" CONTENT="frän"/><SP WIDTH="17" VPOS="186" HPOS="642"/>
							<String ID="string_26" HPOS="659" VPOS="186" WIDTH="143" HEIGHT="29" WC="0.96" CONTENT="regeringens"/><SP WIDTH="17" VPOS="186" HPOS="802"/>
							<String ID="string_27" HPOS="819" VPOS="187" WIDTH="47" HEIGHT="21" WC="0.96" CONTENT="sida"/><SP WIDTH="15" VPOS="187" HPOS="866"/>
							<String ID="string_28" HPOS="881" VPOS="188" WIDTH="30" HEIGHT="27" WC="0.97" CONTENT="pä"/>
						</TextLine>
						<TextLine ID="line_3" HPOS="95" VPOS="214" WIDTH="815" HEIGHT="31">
							<String ID="string_29" HPOS="95" VPOS="214" WIDTH="42" HEIGHT="21" WC="0.96" CONTENT="den"/><SP WIDTH="16" VPOS="214" HPOS="137"/>
							<String ID="string_30" HPOS="153" VPOS="215" WIDTH="60" HEIGHT="20" WC="0.93" CONTENT="stora"/><SP WIDTH="15" VPOS="215" HPOS="213"/>
							<String ID="string_31" HPOS="228" VPOS="214" WIDTH="122" HEIGHT="28" WC="0.93" CONTENT="petitionen"/><SP WIDTH="16" VPOS="214" HPOS="350"/>
							<String ID="string_32" HPOS="366" VPOS="216" WIDTH="55" HEIGHT="20" WC="0.93" CONTENT="skall"/><SP WIDTH="17" VPOS="216" HPOS="421"/>
							<String ID="string_33" HPOS="438" VPOS="216" WIDTH="97" HEIGHT="26" WC="0.93" CONTENT="inverka,"/><SP WIDTH="16" VPOS="216" HPOS="535"/>
							<String ID="string_34" HPOS="551" VPOS="218" WIDTH="52" HEIGHT="20" WC="0.96" CONTENT="utan"/><SP WIDTH="12" VPOS="218" HPOS="603"/>
							<String ID="string_35" HPOS="615" VPOS="216" WIDTH="43" HEIGHT="22" WC="0.96" CONTENT="den"/><SP WIDTH="11" VPOS="216" HPOS="658"/>
							<String ID="string_36" HPOS="669" VPOS="219" WIDTH="25" HEIGHT="18" WC="0.96" CONTENT="är"/><SP WIDTH="10" VPOS="219" HPOS="694"/>
							<String ID="string_37" HPOS="704" VPOS="223" WIDTH="27" HEIGHT="15" WC="0.97" CONTENT="en"/><SP WIDTH="12" VPOS="223" HPOS="731"/>
							<String ID="string_38" HPOS="743" VPOS="217" WIDTH="91" HEIGHT="21" WC="0.93" CONTENT="alldeles"/><SP WIDTH="11" VPOS="217" HPOS="834"/>
							<String ID="string_39" HPOS="845" VPOS="217" WIDTH="65" HEIGHT="28" WC="0.90" CONTENT="prak-"/>
						</TextLine>
						<TextLine ID="line_4" HPOS="93" VPOS="244" WIDTH="818" HEIGHT="30">
							<String ID="string_40" HPOS="93" VPOS="244" WIDTH="44" HEIGHT="21" WC="0.92" CONTENT="tisk"/><SP WIDTH="16" VPOS="244" HPOS="137"/>
							<String ID="string_41" HPOS="153" VPOS="244" WIDTH="42" HEIGHT="21" WC="0.92" CONTENT="och"/><SP WIDTH="16" VPOS="244" HPOS="195"/>
							<String ID="string_42" HPOS="211" VPOS="244" WIDTH="134" HEIGHT="22" WC="0.91" CONTENT="omedelbar."/><SP WIDTH="31" VPOS="244" HPOS="345"/>
							<String ID="string_43" HPOS="376" VPOS="245" WIDTH="45" HEIGHT="28" WC="0.92" CONTENT="Jag"/><SP WIDTH="19" VPOS="245" HPOS="421"/>
							<String ID="string_44" HPOS="440" VPOS="246" WIDTH="89" HEIGHT="28" WC="0.92" CONTENT="ätergär"/><SP WIDTH="15" VPOS="246" HPOS="529"/>
							<String ID="string_45" HPOS="544" VPOS="249" WIDTH="59" HEIGHT="18" WC="0.95" CONTENT="ännu"/><SP WIDTH="15" VPOS="249" HPOS="603"/>
							<String ID="string_46" HPOS="618" VPOS="246" WIDTH="34" HEIGHT="21" WC="0.93" CONTENT="till"/><SP WIDTH="16" VPOS="246" HPOS="652"/>
							<String ID="string_47" HPOS="668" VPOS="246" WIDTH="110" HEIGHT="28" WC="0.91" CONTENT="exemplet"/><SP WIDTH="16" VPOS="246" HPOS="778"/>
							<String ID="string_48" HPOS="794" VPOS="247" WIDTH="117" HEIGHT="27" WC="0.91" CONTENT="angäende"/>
						</TextLine>
						<TextLine ID="line_5" HPOS="93" VPOS="273" WIDTH="817" HEIGHT="31">
							<String ID="string_49" HPOS="93" VPOS="273" WIDTH="147" HEIGHT="22" WC="0.92" CONTENT="användande"/><SP WIDTH="24" VPOS="273" HPOS="240"/>
							<String ID="string_50" HPOS="264" VPOS="273" WIDTH="25" HEIGHT="22" WC="0.93" CONTENT="af"/><SP WIDTH="20" VPOS="273" HPOS="289"/>
							<String ID="string_51" HPOS="309" VPOS="274" WIDTH="128" HEIGHT="22" WC="0.91" CONTENT="statsmedel"/><SP WIDTH="20" VPOS="274" HPOS="437"/>
							<String ID="string_52" HPOS="457" VPOS="274" WIDTH="38" HEIGHT="22" WC="0.93" CONTENT="för"/><SP WIDTH="13" VPOS="274" HPOS="495"/>
							<String ID="string_53" HPOS="508" VPOS="276" WIDTH="244" HEIGHT="27" WC="0.90" CONTENT="jernvägsbyggnader."/><SP WIDTH="32" VPOS="276" HPOS="752"/>
							<String ID="string_54" HPOS="784" VPOS="276" WIDTH="70" HEIGHT="28" WC="0.96" CONTENT="Ingen"/><SP WIDTH="16" VPOS="276" HPOS="854"/>
							<String ID="string_55" HPOS="870" VPOS="276" WIDTH="40" HEIGHT="21" WC="0.96" CONTENT="har"/>
						</TextLine>
						<TextLine ID="line_6" HPOS="92" VPOS="304" WIDTH="817" HEIGHT="30">
							<String ID="string_56" HPOS="92" VPOS="304" WIDTH="83" HEIGHT="27" WC="0.96" CONTENT="påstått"/><SP WIDTH="16" VPOS="304" HPOS="175"/>
							<String ID="string_57" HPOS="191" VPOS="304" WIDTH="31" HEIGHT="20" WC="0.93" CONTENT="att"/><SP WIDTH="16" VPOS="304" HPOS="222"/>
							<String ID="string_58" HPOS="238" VPOS="304" WIDTH="84" HEIGHT="28" WC="0.96" CONTENT="anslag,"/><SP WIDTH="17" VPOS="304" HPOS="322"/>
							<String ID="string_59" HPOS="339" VPOS="311" WIDTH="47" HEIGHT="14" WC="0.96" CONTENT="som"/><SP WIDTH="17" VPOS="311" HPOS="386"/>
							<String ID="string_60" HPOS="403" VPOS="304" WIDTH="25" HEIGHT="21" WC="0.93" CONTENT="af"/><SP WIDTH="12" VPOS="304" HPOS="428"/>
							<String ID="string_61" HPOS="440" VPOS="305" WIDTH="119" HEIGHT="21" WC="0.96" CONTENT="ständerna"/><SP WIDTH="16" VPOS="305" HPOS="559"/>
							<String ID="string_62" HPOS="575" VPOS="305" WIDTH="101" HEIGHT="27" WC="0.95" CONTENT="beviljats"/><SP WIDTH="11" VPOS="305" HPOS="676"/>
							<String ID="string_63" HPOS="687" VPOS="304" WIDTH="37" HEIGHT="22" WC="0.93" CONTENT="för"/><SP WIDTH="8" VPOS="304" HPOS="724"/>
							<String ID="string_64" HPOS="732" VPOS="305" WIDTH="177" HEIGHT="29" WC="0.92" CONTENT="jernvägsbygg-"/>
						</TextLine>
						<TextLine ID="line_7" HPOS="92" VPOS="332" WIDTH="817" HEIGHT="31">
							<String ID="string_65" HPOS="92" VPOS="333" WIDTH="75" HEIGHT="26" WC="0.96" CONTENT="nader,"/><SP WIDTH="22" VPOS="333" HPOS="167"/>
							<String ID="string_66" HPOS="189" VPOS="332" WIDTH="73" HEIGHT="22" WC="0.96" CONTENT="blifvit"/><SP WIDTH="21" VPOS="332" HPOS="262"/>
							<String ID="string_67" HPOS="283" VPOS="333" WIDTH="25" HEIGHT="21" WC="0.96" CONTENT="af"/><SP WIDTH="18" VPOS="333" HPOS="308"/>
							<String ID="string_68" HPOS="326" VPOS="334" WIDTH="133" HEIGHT="28" WC="0.96" CONTENT="regeringen"/><SP WIDTH="16" VPOS="334" HPOS="459"/>
							<String ID="string_69" HPOS="475" VPOS="334" WIDTH="102" HEIGHT="22" WC="0.96" CONTENT="använda"/><SP WIDTH="15" VPOS="334" HPOS="577"/>
							<String ID="string_70" HPOS="592" VPOS="336" WIDTH="29" HEIGHT="27" WC="0.96" CONTENT="pä"/><SP WIDTH="16" VPOS="336" HPOS="621"/>
							<String ID="string_71" HPOS="637" VPOS="336" WIDTH="67" HEIGHT="20" WC="0.96" CONTENT="annat"/><SP WIDTH="16" VPOS="336" HPOS="704"/>
							<String ID="string_72" HPOS="720" VPOS="336" WIDTH="48" HEIGHT="26" WC="0.96" CONTENT="sätt,"/><SP WIDTH="18" VPOS="336" HPOS="768"/>
							<String ID="string_73" HPOS="786" VPOS="342" WIDTH="50" HEIGHT="14" WC="0.93" CONTENT="men"/><SP WIDTH="16" VPOS="342" HPOS="836"/>
							<String ID="string_74" HPOS="852" VPOS="336" WIDTH="57" HEIGHT="20" WC="0.93" CONTENT="stän-"/>
						</TextLine>
						<TextLine ID="line_8" HPOS="93" VPOS="362" WIDTH="816" HEIGHT="31">
							<String ID="string_75" HPOS="93" VPOS="362" WIDTH="68" HEIGHT="22" WC="0.91" CONTENT="derna"/><SP WIDTH="23" VPOS="362" HPOS="161"/>
							<String ID="string_76" HPOS="184" VPOS="362" WIDTH="68" HEIGHT="22" WC="0.91" CONTENT="hafva"/><SP WIDTH="22" VPOS="362" HPOS="252"/>
							<String ID="string_77" HPOS="274" VPOS="363" WIDTH="69" HEIGHT="22" WC="0.96" CONTENT="redan"/><SP WIDTH="23" VPOS="363" HPOS="343"/>
							<String ID="string_78" HPOS="366" VPOS="364" WIDTH="8" HEIGHT="20" WC="0.96" CONTENT="i"/><SP WIDTH="23" VPOS="364" HPOS="374"/>
							<String ID="string_79" HPOS="397" VPOS="365" WIDTH="73" HEIGHT="20" WC="0.96" CONTENT="svaret"/><SP WIDTH="23" VPOS="365" HPOS="470"/>
							<String ID="string_80" HPOS="493" VPOS="366" WIDTH="28" HEIGHT="27" WC="0.96" CONTENT="pä"/><SP WIDTH="21" VPOS="366" HPOS="521"/>
							<String ID="string_81" HPOS="542" VPOS="364" WIDTH="164" HEIGHT="28" WC="0.96" CONTENT="propositionen"/><SP WIDTH="17" VPOS="364" HPOS="706"/>
							<String ID="string_82" HPOS="723" VPOS="372" WIDTH="34" HEIGHT="14" WC="0.93" CONTENT="om"/><SP WIDTH="17" VPOS="372" HPOS="757"/>
							<String ID="string_83" HPOS="774" VPOS="365" WIDTH="135" HEIGHT="28" WC="0.92" CONTENT="provisorisk"/>
						</TextLine>
						<TextLine ID="line_9" HPOS="92" VPOS="392" WIDTH="817" HEIGHT="30">
							<String ID="string_84" HPOS="92" VPOS="392" WIDTH="146" HEIGHT="29" WC="0.95" CONTENT="förlängning"/><SP WIDTH="24" VPOS="392" HPOS="238"/>
							<String ID="string_85" HPOS="262" VPOS="392" WIDTH="25" HEIGHT="22" WC="0.93" CONTENT="af"/><SP WIDTH="19" VPOS="392" HPOS="287"/>
							<String ID="string_86" HPOS="306" VPOS="394" WIDTH="178" HEIGHT="28" WC="0.49" CONTENT="hbevillningarna"/><SP WIDTH="23" VPOS="394" HPOS="484"/>
							<String ID="string_87" HPOS="507" VPOS="394" WIDTH="128" HEIGHT="26" WC="0.88" CONTENT="framhållit,"/><SP WIDTH="21" VPOS="394" HPOS="635"/>
							<String ID="string_88" HPOS="656" VPOS="396" WIDTH="32" HEIGHT="19" WC="0.93" CONTENT="att"/><SP WIDTH="18" VPOS="396" HPOS="688"/>
							<String ID="string_89" HPOS="706" VPOS="395" WIDTH="76" HEIGHT="21" WC="0.96" CONTENT="ibland"/><SP WIDTH="16" VPOS="395" HPOS="782"/>
							<String ID="string_90" HPOS="798" VPOS="397" WIDTH="68" HEIGHT="19" WC="0.96" CONTENT="annat"/><SP WIDTH="15" VPOS="397" HPOS="866"/>
							<String ID="string_91" HPOS="881" VPOS="402" WIDTH="28" HEIGHT="14" WC="0.97" CONTENT="en"/>
						</TextLine>
						<TextLine ID="line_10" HPOS="92" VPOS="422" WIDTH="818" HEIGHT="31">
							<String ID="string_92" HPOS="92" VPOS="422" WIDTH="133" HEIGHT="29" WC="0.96" CONTENT="förordning"/><SP WIDTH="21" VPOS="422" HPOS="225"/>
							<String ID="string_93" HPOS="246" VPOS="422" WIDTH="25" HEIGHT="22" WC="0.96" CONTENT="af"/><SP WIDTH="13" VPOS="422" HPOS="271"/>
							<String ID="string_94" HPOS="284" VPOS="424" WIDTH="42" HEIGHT="21" WC="0.96" CONTENT="den"/><SP WIDTH="16" VPOS="424" HPOS="326"/>
							<String ID="string_95" HPOS="342" VPOS="424" WIDTH="28" HEIGHT="20" WC="0.96" CONTENT="23"/><SP WIDTH="14" VPOS="424" HPOS="370"/>
							<String ID="string_96" HPOS="384" VPOS="424" WIDTH="49" HEIGHT="27" WC="0.96" CONTENT="juni"/><SP WIDTH="18" VPOS="424" HPOS="433"/>
							<String ID="string_97" HPOS="451" VPOS="424" WIDTH="57" HEIGHT="22" WC="0.93" CONTENT="1904"/><SP WIDTH="15" VPOS="424" HPOS="508"/>
							<String ID="string_98" HPOS="523" VPOS="424" WIDTH="98" HEIGHT="22" WC="0.96" CONTENT="medfört"/><SP WIDTH="16" VPOS="424" HPOS="621"/>
							<String ID="string_99" HPOS="637" VPOS="425" WIDTH="24" HEIGHT="20" WC="0.96" CONTENT="sä"/><SP WIDTH="15" VPOS="425" HPOS="661"/>
							<String ID="string_100" HPOS="676" VPOS="426" WIDTH="60" HEIGHT="20" WC="0.96" CONTENT="stora"/><SP WIDTH="16" VPOS="426" HPOS="736"/>
							<String ID="string_101" HPOS="752" VPOS="424" WIDTH="158" HEIGHT="29" WC="0.96" CONTENT="förändringar"/>
						</TextLine>
						<TextLine ID="line_11" HPOS="92" VPOS="452" WIDTH="817" HEIGHT="31">
							<String ID="string_102" HPOS="92" VPOS="453" WIDTH="6" HEIGHT="21" WC="0.93" CONTENT="i"/><SP WIDTH="17" VPOS="453" HPOS="98"/>
							<String ID="string_103" HPOS="115" VPOS="452" WIDTH="179" HEIGHT="29" WC="0.90" CONTENT="uppställningen"/><SP WIDTH="16" VPOS="452" HPOS="294"/>
							<String ID="string_104" HPOS="310" VPOS="452" WIDTH="26" HEIGHT="23" WC="0.96" CONTENT="af"/><SP WIDTH="12" VPOS="452" HPOS="336"/>
							<String ID="string_105" HPOS="348" VPOS="455" WIDTH="82" HEIGHT="20" WC="0.93" CONTENT="statens"/><SP WIDTH="16" VPOS="455" HPOS="430"/>
							<String ID="string_106" HPOS="446" VPOS="454" WIDTH="237" HEIGHT="29" WC="0.92" CONTENT="bokföringsväsende,"/><SP WIDTH="14" VPOS="454" HPOS="683"/>
							<String ID="string_107" HPOS="697" VPOS="456" WIDTH="32" HEIGHT="20" WC="0.95" CONTENT="att"/><SP WIDTH="11" VPOS="456" HPOS="729"/>
							<String ID="string_108" HPOS="740" VPOS="455" WIDTH="61" HEIGHT="21" WC="0.93" CONTENT="detta"/><SP WIDTH="11" VPOS="455" HPOS="801"/>
							<String ID="string_109" HPOS="812" VPOS="454" WIDTH="97" HEIGHT="22" WC="0.92" CONTENT="omedel-"/>
						</TextLine>
						<TextLine ID="line_12" HPOS="91" VPOS="483" WIDTH="817" HEIGHT="30">
							<String ID="string_110" HPOS="91" VPOS="483" WIDTH="50" HEIGHT="21" WC="0.95" CONTENT="bart"/><SP WIDTH="16" VPOS="483" HPOS="141"/>
							<String ID="string_111" HPOS="157" VPOS="483" WIDTH="62" HEIGHT="21" WC="0.93" CONTENT="leder"/><SP WIDTH="19" VPOS="483" HPOS="219"/>
							<String ID="string_112" HPOS="238" VPOS="483" WIDTH="83" HEIGHT="22" WC="0.92" CONTENT="derhän"/><SP WIDTH="17" VPOS="483" HPOS="321"/>
							<String ID="string_113" HPOS="338" VPOS="484" WIDTH="32" HEIGHT="21" WC="0.97" CONTENT="att"/><SP WIDTH="15" VPOS="484" HPOS="370"/>
							<String ID="string_114" HPOS="385" VPOS="485" WIDTH="82" HEIGHT="21" WC="0.93" CONTENT="statens"/><SP WIDTH="16" VPOS="485" HPOS="467"/>
							<String ID="string_115" HPOS="483" VPOS="484" WIDTH="120" HEIGHT="29" WC="0.96" CONTENT="tillgångar"/><SP WIDTH="16" VPOS="484" HPOS="603"/>
							<String ID="string_116" HPOS="619" VPOS="484" WIDTH="89" HEIGHT="22" WC="0.96" CONTENT="komma"/><SP WIDTH="16" VPOS="484" HPOS="708"/>
							<String ID="string_117" HPOS="724" VPOS="486" WIDTH="32" HEIGHT="20" WC="0.92" CONTENT="att"/><SP WIDTH="16" VPOS="486" HPOS="756"/>
							<String ID="string_118" HPOS="772" VPOS="484" WIDTH="113" HEIGHT="22" WC="0.96" CONTENT="användas"/><SP WIDTH="17" VPOS="484" HPOS="885"/>
							<String ID="string_119" HPOS="902" VPOS="485" WIDTH="6" HEIGHT="21" WC="0.96" CONTENT="i"/>
						</TextLine>
						<TextLine ID="line_13" HPOS="91" VPOS="513" WIDTH="818" HEIGHT="30">
							<String ID="string_120" HPOS="91" VPOS="513" WIDTH="54" HEIGHT="21" WC="0.96" CONTENT="strid"/><SP WIDTH="24" VPOS="513" HPOS="145"/>
							<String ID="string_121" HPOS="169" VPOS="514" WIDTH="51" HEIGHT="21" WC="0.96" CONTENT="med"/><SP WIDTH="23" VPOS="514" HPOS="220"/>
							<String ID="string_122" HPOS="243" VPOS="514" WIDTH="104" HEIGHT="27" WC="0.93" CONTENT="gällande"/><SP WIDTH="23" VPOS="514" HPOS="347"/>
							<String ID="string_123" HPOS="370" VPOS="514" WIDTH="167" HEIGHT="29" WC="0.96" CONTENT="bestämningar"/><SP WIDTH="22" VPOS="514" HPOS="537"/>
							<String ID="string_124" HPOS="559" VPOS="515" WIDTH="7" HEIGHT="21" WC="0.93" CONTENT="i"/><SP WIDTH="21" VPOS="515" HPOS="566"/>
							<String ID="string_125" HPOS="587" VPOS="514" WIDTH="115" HEIGHT="29" WC="0.94" CONTENT="grundlag."/><SP WIDTH="36" VPOS="514" HPOS="702"/>
							<String ID="string_126" HPOS="738" VPOS="514" WIDTH="42" HEIGHT="22" WC="0.96" CONTENT="Om"/><SP WIDTH="24" VPOS="514" HPOS="780"/>
							<String ID="string_127" HPOS="804" VPOS="515" WIDTH="36" HEIGHT="21" WC="0.96" CONTENT="det"/><SP WIDTH="24" VPOS="515" HPOS="840"/>
							<String ID="string_128" HPOS="864" VPOS="522" WIDTH="45" HEIGHT="21" WC="0.96" CONTENT="nya"/>
						</TextLine>
						<TextLine ID="line_14" HPOS="91" VPOS="542" WIDTH="816" HEIGHT="31">
							<String ID="string_129" HPOS="91" VPOS="542" WIDTH="238" HEIGHT="30" WC="0.91" CONTENT="bokföringssystemet"/><SP WIDTH="21" VPOS="542" HPOS="329"/>
							<String ID="string_130" HPOS="350" VPOS="544" WIDTH="41" HEIGHT="21" WC="0.96" CONTENT="och"/><SP WIDTH="20" VPOS="544" HPOS="391"/>
							<String ID="string_131" HPOS="411" VPOS="543" WIDTH="160" HEIGHT="29" WC="0.96" CONTENT="förordningen"/><SP WIDTH="21" VPOS="543" HPOS="571"/>
							<String ID="string_132" HPOS="592" VPOS="544" WIDTH="25" HEIGHT="22" WC="0.96" CONTENT="af"/><SP WIDTH="13" VPOS="544" HPOS="617"/>
							<String ID="string_133" HPOS="630" VPOS="545" WIDTH="28" HEIGHT="21" WC="0.96" CONTENT="23"/><SP WIDTH="14" VPOS="545" HPOS="658"/>
							<String ID="string_134" HPOS="672" VPOS="545" WIDTH="48" HEIGHT="27" WC="0.96" CONTENT="juni"/><SP WIDTH="19" VPOS="545" HPOS="720"/>
							<String ID="string_135" HPOS="739" VPOS="546" WIDTH="56" HEIGHT="20" WC="0.93" CONTENT="1904"/><SP WIDTH="14" VPOS="546" HPOS="795"/>
							<String ID="string_136" HPOS="809" VPOS="547" WIDTH="98" HEIGHT="26" WC="0.91" CONTENT="upprätt-"/>
						</TextLine>
						<TextLine ID="line_15" HPOS="91" VPOS="573" WIDTH="818" HEIGHT="30">
							<String ID="string_137" HPOS="91" VPOS="573" WIDTH="77" HEIGHT="26" WC="0.96" CONTENT="hållas,"/><SP WIDTH="24" VPOS="573" HPOS="168"/>
							<String ID="string_138" HPOS="192" VPOS="573" WIDTH="70" HEIGHT="22" WC="0.96" CONTENT="blifva"/><SP WIDTH="22" VPOS="573" HPOS="262"/>
							<String ID="string_139" HPOS="284" VPOS="574" WIDTH="120" HEIGHT="21" WC="0.91" CONTENT="ständerna"/><SP WIDTH="14" VPOS="574" HPOS="404"/>
							<String ID="string_140" HPOS="418" VPOS="574" WIDTH="96" HEIGHT="22" WC="0.91" CONTENT="försatta"/><SP WIDTH="16" VPOS="574" HPOS="514"/>
							<String ID="string_141" HPOS="530" VPOS="575" WIDTH="7" HEIGHT="20" WC="0.95" CONTENT="i"/><SP WIDTH="16" VPOS="575" HPOS="537"/>
							<String ID="string_142" HPOS="553" VPOS="574" WIDTH="43" HEIGHT="22" WC="0.93" CONTENT="den"/><SP WIDTH="15" VPOS="574" HPOS="596"/>
							<String ID="string_143" HPOS="611" VPOS="576" WIDTH="100" HEIGHT="27" WC="0.96" CONTENT="tvungna"/><SP WIDTH="15" VPOS="576" HPOS="711"/>
							<String ID="string_144" HPOS="726" VPOS="574" WIDTH="134" HEIGHT="29" WC="0.96" CONTENT="ställningen"/><SP WIDTH="16" VPOS="574" HPOS="860"/>
							<String ID="string_145" HPOS="876" VPOS="576" WIDTH="33" HEIGHT="20" WC="0.96" CONTENT="att"/>
						</TextLine>
						<TextLine ID="line_16" HPOS="91" VPOS="602" WIDTH="817" HEIGHT="31">
							<String ID="string_146" HPOS="91" VPOS="602" WIDTH="92" HEIGHT="23" WC="0.92" CONTENT="fortfara"/><SP WIDTH="16" VPOS="602" HPOS="183"/>
							<String ID="string_147" HPOS="199" VPOS="604" WIDTH="51" HEIGHT="21" WC="0.96" CONTENT="med"/><SP WIDTH="15" VPOS="604" HPOS="250"/>
							<String ID="string_148" HPOS="265" VPOS="610" WIDTH="85" HEIGHT="15" WC="0.92" CONTENT="samma"/><SP WIDTH="14" VPOS="610" HPOS="350"/>
							<String ID="string_149" HPOS="364" VPOS="604" WIDTH="150" HEIGHT="29" WC="0.89" CONTENT="bevillningar"/><SP WIDTH="15" VPOS="604" HPOS="514"/>
							<String ID="string_150" HPOS="529" VPOS="611" WIDTH="47" HEIGHT="15" WC="0.95" CONTENT="som"/><SP WIDTH="17" VPOS="611" HPOS="576"/>
							<String ID="string_151" HPOS="593" VPOS="604" WIDTH="67" HEIGHT="26" WC="0.95" CONTENT="förut,"/><SP WIDTH="18" VPOS="604" HPOS="660"/>
							<String ID="string_152" HPOS="678" VPOS="604" WIDTH="68" HEIGHT="22" WC="0.96" CONTENT="ehuru"/><SP WIDTH="17" VPOS="604" HPOS="746"/>
							<String ID="string_153" HPOS="763" VPOS="604" WIDTH="63" HEIGHT="22" WC="0.93" CONTENT="dessa"/><SP WIDTH="11" VPOS="604" HPOS="826"/>
							<String ID="string_154" HPOS="837" VPOS="605" WIDTH="71" HEIGHT="28" WC="0.91" CONTENT="möjli-"/>
						</TextLine>
						<TextLine ID="line_17" HPOS="91" VPOS="633" WIDTH="284" HEIGHT="28">
							<String ID="string_155" HPOS="91" VPOS="633" WIDTH="61" HEIGHT="28" WC="0.96" CONTENT="ligen"/><SP WIDTH="15" VPOS="633" HPOS="152"/>
							<String ID="string_156" HPOS="167" VPOS="634" WIDTH="74" HEIGHT="21" WC="0.93" CONTENT="kunde"/><SP WIDTH="15" VPOS="634" HPOS="241"/>
							<String ID="string_157" HPOS="256" VPOS="634" WIDTH="119" HEIGHT="21" WC="0.89" CONTENT="nedsättas."/>
						</TextLine>
					</TextBlock>
					<TextBlock ID="block_2" HPOS="88" VPOS="663" WIDTH="820" HEIGHT="718">
						<TextLine ID="line_18" HPOS="162" VPOS="663" WIDTH="745" HEIGHT="29">
							<String ID="string_158" HPOS="162" VPOS="663" WIDTH="34" HEIGHT="22" WC="0.96" CONTENT="De"/><SP WIDTH="15" VPOS="663" HPOS="196"/>
							<String ID="string_159" HPOS="211" VPOS="663" WIDTH="70" HEIGHT="22" WC="0.96" CONTENT="blifva"/><SP WIDTH="15" VPOS="663" HPOS="281"/>
							<String ID="string_160" HPOS="296" VPOS="665" WIDTH="100" HEIGHT="26" WC="0.91" CONTENT="tvungna"/><SP WIDTH="16" VPOS="665" HPOS="396"/>
							<String ID="string_161" HPOS="412" VPOS="664" WIDTH="79" HEIGHT="27" WC="0.90" CONTENT="dertill,"/><SP WIDTH="17" VPOS="664" HPOS="491"/>
							<String ID="string_162" HPOS="508" VPOS="664" WIDTH="93" HEIGHT="22" WC="0.96" CONTENT="emedan"/><SP WIDTH="16" VPOS="664" HPOS="601"/>
							<String ID="string_163" HPOS="617" VPOS="664" WIDTH="151" HEIGHT="28" WC="0.96" CONTENT="tillgångarna"/><SP WIDTH="17" VPOS="664" HPOS="768"/>
							<String ID="string_164" HPOS="785" VPOS="664" WIDTH="7" HEIGHT="21" WC="0.93" CONTENT="i"/><SP WIDTH="14" VPOS="664" HPOS="792"/>
							<String ID="string_165" HPOS="806" VPOS="664" WIDTH="101" HEIGHT="21" WC="0.89" CONTENT="statsfon-"/>
						</TextLine>
						<TextLine ID="line_19" HPOS="91" VPOS="693" WIDTH="817" HEIGHT="29">
							<String ID="string_166" HPOS="91" VPOS="693" WIDTH="43" HEIGHT="21" WC="0.96" CONTENT="den"/><SP WIDTH="17" VPOS="693" HPOS="134"/>
							<String ID="string_167" HPOS="151" VPOS="695" WIDTH="64" HEIGHT="26" WC="0.96" CONTENT="tagas"/><SP WIDTH="15" VPOS="695" HPOS="215"/>
							<String ID="string_168" HPOS="230" VPOS="693" WIDTH="8" HEIGHT="21" WC="0.96" CONTENT="i"/><SP WIDTH="17" VPOS="693" HPOS="238"/>
							<String ID="string_169" HPOS="255" VPOS="693" WIDTH="95" HEIGHT="28" WC="0.96" CONTENT="anspråk"/><SP WIDTH="16" VPOS="693" HPOS="350"/>
							<String ID="string_170" HPOS="366" VPOS="693" WIDTH="37" HEIGHT="22" WC="0.96" CONTENT="för"/><SP WIDTH="16" VPOS="693" HPOS="403"/>
							<String ID="string_171" HPOS="419" VPOS="694" WIDTH="69" HEIGHT="21" WC="0.95" CONTENT="andra"/><SP WIDTH="15" VPOS="694" HPOS="488"/>
							<String ID="string_172" HPOS="503" VPOS="694" WIDTH="110" HEIGHT="27" WC="0.96" CONTENT="ändamål,"/><SP WIDTH="16" VPOS="694" HPOS="613"/>
							<String ID="string_173" HPOS="629" VPOS="695" WIDTH="41" HEIGHT="20" WC="0.96" CONTENT="och"/><SP WIDTH="12" VPOS="695" HPOS="670"/>
							<String ID="string_174" HPOS="682" VPOS="694" WIDTH="92" HEIGHT="21" WC="0.96" CONTENT="sålunda"/><SP WIDTH="11" VPOS="694" HPOS="774"/>
							<String ID="string_175" HPOS="785" VPOS="693" WIDTH="41" HEIGHT="22" WC="0.96" CONTENT="den"/><SP WIDTH="13" VPOS="693" HPOS="826"/>
							<String ID="string_176" HPOS="839" VPOS="694" WIDTH="69" HEIGHT="28" WC="0.96" CONTENT="enligt"/>
						</TextLine>
						<TextLine ID="line_20" HPOS="90" VPOS="722" WIDTH="817" HEIGHT="29">
							<String ID="string_177" HPOS="90" VPOS="722" WIDTH="209" HEIGHT="29" WC="0.93" CONTENT="regeringsformen,"/><SP WIDTH="17" VPOS="722" HPOS="299"/>
							<String ID="string_178" HPOS="316" VPOS="723" WIDTH="125" HEIGHT="28" WC="0.92" CONTENT="förenings-"/><SP WIDTH="16" VPOS="723" HPOS="441"/>
							<String ID="string_179" HPOS="457" VPOS="724" WIDTH="42" HEIGHT="21" WC="0.93" CONTENT="och"/><SP WIDTH="16" VPOS="724" HPOS="499"/>
							<String ID="string_180" HPOS="515" VPOS="724" WIDTH="181" HEIGHT="22" WC="0.92" CONTENT="säkerhetsakten"/><SP WIDTH="11" VPOS="724" HPOS="696"/>
							<String ID="string_181" HPOS="707" VPOS="724" WIDTH="40" HEIGHT="21" WC="0.96" CONTENT="och"/><SP WIDTH="13" VPOS="724" HPOS="747"/>
							<String ID="string_182" HPOS="760" VPOS="723" WIDTH="65" HEIGHT="22" WC="0.93" CONTENT="äfven"/><SP WIDTH="11" VPOS="723" HPOS="825"/>
							<String ID="string_183" HPOS="836" VPOS="724" WIDTH="71" HEIGHT="21" WC="0.92" CONTENT="landt-"/>
						</TextLine>
						<TextLine ID="line_21" HPOS="91" VPOS="753" WIDTH="816" HEIGHT="28">
							<String ID="string_184" HPOS="91" VPOS="753" WIDTH="179" HEIGHT="28" WC="0.92" CONTENT="dagsordningen"/><SP WIDTH="21" VPOS="753" HPOS="270"/>
							<String ID="string_185" HPOS="291" VPOS="753" WIDTH="119" HEIGHT="22" WC="0.95" CONTENT="ständerna"/><SP WIDTH="20" VPOS="753" HPOS="410"/>
							<String ID="string_186" HPOS="430" VPOS="753" WIDTH="167" HEIGHT="22" WC="0.95" CONTENT="tillkommande"/><SP WIDTH="18" VPOS="753" HPOS="597"/>
							<String ID="string_187" HPOS="615" VPOS="755" WIDTH="44" HEIGHT="20" WC="0.95" CONTENT="rätt"/><SP WIDTH="16" VPOS="755" HPOS="659"/>
							<String ID="string_188" HPOS="675" VPOS="755" WIDTH="31" HEIGHT="20" WC="0.97" CONTENT="att"/><SP WIDTH="16" VPOS="755" HPOS="706"/>
							<String ID="string_189" HPOS="722" VPOS="754" WIDTH="103" HEIGHT="27" WC="0.93" CONTENT="granska,"/><SP WIDTH="17" VPOS="754" HPOS="825"/>
							<String ID="string_190" HPOS="842" VPOS="754" WIDTH="65" HEIGHT="21" WC="0.91" CONTENT="huru-"/>
						</TextLine>
						<TextLine ID="line_22" HPOS="90" VPOS="782" WIDTH="816" HEIGHT="29">
							<String ID="string_191" HPOS="90" VPOS="782" WIDTH="52" HEIGHT="23" WC="0.96" CONTENT="vida"/><SP WIDTH="23" VPOS="782" HPOS="142"/>
							<String ID="string_192" HPOS="165" VPOS="790" WIDTH="30" HEIGHT="21" WC="0.96" CONTENT="ny"/><SP WIDTH="23" VPOS="790" HPOS="195"/>
							<String ID="string_193" HPOS="218" VPOS="783" WIDTH="144" HEIGHT="28" WC="0.96" CONTENT="beskattning"/><SP WIDTH="22" VPOS="783" HPOS="362"/>
							<String ID="string_194" HPOS="384" VPOS="783" WIDTH="40" HEIGHT="22" WC="0.93" CONTENT="bör"/><SP WIDTH="23" VPOS="783" HPOS="424"/>
							<String ID="string_195" HPOS="447" VPOS="790" WIDTH="42" HEIGHT="21" WC="0.89" CONTENT="ega"/><SP WIDTH="15" VPOS="790" HPOS="489"/>
							<String ID="string_196" HPOS="504" VPOS="790" WIDTH="48" HEIGHT="15" WC="0.95" CONTENT="rum"/><SP WIDTH="17" VPOS="790" HPOS="552"/>
							<String ID="string_197" HPOS="569" VPOS="784" WIDTH="54" HEIGHT="21" WC="0.95" CONTENT="eller"/><SP WIDTH="15" VPOS="784" HPOS="623"/>
							<String ID="string_198" HPOS="638" VPOS="783" WIDTH="55" HEIGHT="26" WC="0.95" CONTENT="icke,"/><SP WIDTH="17" VPOS="783" HPOS="693"/>
							<String ID="string_199" HPOS="710" VPOS="786" WIDTH="64" HEIGHT="25" WC="0.93" CONTENT="göres"/><SP WIDTH="16" VPOS="786" HPOS="774"/>
							<String ID="string_200" HPOS="790" VPOS="783" WIDTH="116" HEIGHT="22" WC="0.92" CONTENT="illusorisk."/>
						</TextLine>
						<TextLine ID="line_23" HPOS="90" VPOS="812" WIDTH="817" HEIGHT="29">
							<String ID="string_201" HPOS="90" VPOS="812" WIDTH="44" HEIGHT="23" WC="0.96" CONTENT="Det"/><SP WIDTH="23" VPOS="812" HPOS="134"/>
							<String ID="string_202" HPOS="157" VPOS="815" WIDTH="25" HEIGHT="19" WC="0.96" CONTENT="är"/><SP WIDTH="23" VPOS="815" HPOS="182"/>
							<String ID="string_203" HPOS="205" VPOS="814" WIDTH="29" HEIGHT="27" WC="0.96" CONTENT="på"/><SP WIDTH="22" VPOS="814" HPOS="234"/>
							<String ID="string_204" HPOS="256" VPOS="813" WIDTH="72" HEIGHT="28" WC="0.95" CONTENT="grund"/><SP WIDTH="21" VPOS="813" HPOS="328"/>
							<String ID="string_205" HPOS="349" VPOS="812" WIDTH="70" HEIGHT="27" WC="0.96" CONTENT="häraf,"/><SP WIDTH="17" VPOS="812" HPOS="419"/>
							<String ID="string_206" HPOS="436" VPOS="820" WIDTH="46" HEIGHT="14" WC="0.93" CONTENT="som"/><SP WIDTH="17" VPOS="820" HPOS="482"/>
							<String ID="string_207" HPOS="499" VPOS="813" WIDTH="181" HEIGHT="22" WC="0.92" CONTENT="beskaffenheten"/><SP WIDTH="16" VPOS="813" HPOS="680"/>
							<String ID="string_208" HPOS="696" VPOS="813" WIDTH="25" HEIGHT="21" WC="0.96" CONTENT="af"/><SP WIDTH="13" VPOS="813" HPOS="721"/>
							<String ID="string_209" HPOS="734" VPOS="813" WIDTH="38" HEIGHT="22" WC="0.96" CONTENT="det"/><SP WIDTH="15" VPOS="813" HPOS="772"/>
							<String ID="string_210" HPOS="787" VPOS="821" WIDTH="57" HEIGHT="19" WC="0.96" CONTENT="svar,"/><SP WIDTH="16" VPOS="821" HPOS="844"/>
							<String ID="string_211" HPOS="860" VPOS="820" WIDTH="47" HEIGHT="15" WC="0.96" CONTENT="som"/>
						</TextLine>
						<TextLine ID="line_24" HPOS="90" VPOS="842" WIDTH="818" HEIGHT="29">
							<String ID="string_212" HPOS="90" VPOS="843" WIDTH="120" HEIGHT="22" WC="0.96" CONTENT="ständerna"/><SP WIDTH="22" VPOS="843" HPOS="210"/>
							<String ID="string_213" HPOS="232" VPOS="849" WIDTH="81" HEIGHT="22" WC="0.92" CONTENT="genom"/><SP WIDTH="21" VPOS="849" HPOS="313"/>
							<String ID="string_214" HPOS="334" VPOS="843" WIDTH="110" HEIGHT="22" WC="0.92" CONTENT="aflåtande"/><SP WIDTH="25" VPOS="843" HPOS="444"/>
							<String ID="string_215" HPOS="469" VPOS="842" WIDTH="25" HEIGHT="22" WC="0.96" CONTENT="af"/><SP WIDTH="21" VPOS="842" HPOS="494"/>
							<String ID="string_216" HPOS="515" VPOS="843" WIDTH="42" HEIGHT="22" WC="0.96" CONTENT="den"/><SP WIDTH="23" VPOS="843" HPOS="557"/>
							<String ID="string_217" HPOS="580" VPOS="845" WIDTH="60" HEIGHT="20" WC="0.92" CONTENT="stora"/><SP WIDTH="20" VPOS="845" HPOS="640"/>
							<String ID="string_218" HPOS="660" VPOS="843" WIDTH="122" HEIGHT="28" WC="0.91" CONTENT="petitionen"/><SP WIDTH="20" VPOS="843" HPOS="782"/>
							<String ID="string_219" HPOS="802" VPOS="845" WIDTH="52" HEIGHT="20" WC="0.96" CONTENT="trott"/><SP WIDTH="20" VPOS="845" HPOS="854"/>
							<String ID="string_220" HPOS="874" VPOS="843" WIDTH="34" HEIGHT="28" WC="0.96" CONTENT="sig"/>
						</TextLine>
						<TextLine ID="line_25" HPOS="90" VPOS="872" WIDTH="817" HEIGHT="29">
							<String ID="string_221" HPOS="90" VPOS="873" WIDTH="76" HEIGHT="21" WC="0.92" CONTENT="kunna"/><SP WIDTH="23" VPOS="873" HPOS="166"/>
							<String ID="string_222" HPOS="189" VPOS="875" WIDTH="90" HEIGHT="24" WC="0.91" CONTENT="emotse,"/><SP WIDTH="25" VPOS="875" HPOS="279"/>
							<String ID="string_223" HPOS="304" VPOS="872" WIDTH="136" HEIGHT="22" WC="0.96" CONTENT="omedelbart"/><SP WIDTH="19" VPOS="872" HPOS="440"/>
							<String ID="string_224" HPOS="459" VPOS="873" WIDTH="100" HEIGHT="22" WC="0.96" CONTENT="kommer"/><SP WIDTH="16" VPOS="873" HPOS="559"/>
							<String ID="string_225" HPOS="575" VPOS="875" WIDTH="32" HEIGHT="19" WC="0.93" CONTENT="att"/><SP WIDTH="15" VPOS="875" HPOS="607"/>
							<String ID="string_226" HPOS="622" VPOS="872" WIDTH="94" HEIGHT="22" WC="0.91" CONTENT="influera"/><SP WIDTH="15" VPOS="872" HPOS="716"/>
							<String ID="string_227" HPOS="731" VPOS="873" WIDTH="27" HEIGHT="28" WC="0.96" CONTENT="på"/><SP WIDTH="16" VPOS="873" HPOS="758"/>
							<String ID="string_228" HPOS="774" VPOS="880" WIDTH="28" HEIGHT="15" WC="0.96" CONTENT="en"/><SP WIDTH="15" VPOS="880" HPOS="802"/>
							<String ID="string_229" HPOS="817" VPOS="873" WIDTH="90" HEIGHT="28" WC="0.96" CONTENT="mängd,"/>
						</TextLine>
						<TextLine ID="line_26" HPOS="90" VPOS="902" WIDTH="817" HEIGHT="30">
							<String ID="string_230" HPOS="90" VPOS="903" WIDTH="85" HEIGHT="21" WC="0.96" CONTENT="kanske"/><SP WIDTH="16" VPOS="903" HPOS="175"/>
							<String ID="string_231" HPOS="191" VPOS="902" WIDTH="43" HEIGHT="22" WC="0.95" CONTENT="alla"/><SP WIDTH="16" VPOS="902" HPOS="234"/>
							<String ID="string_232" HPOS="250" VPOS="902" WIDTH="27" HEIGHT="22" WC="0.96" CONTENT="de"/><SP WIDTH="15" VPOS="902" HPOS="277"/>
							<String ID="string_233" HPOS="292" VPOS="902" WIDTH="83" HEIGHT="29" WC="0.96" CONTENT="frågor,"/><SP WIDTH="16" VPOS="902" HPOS="375"/>
							<String ID="string_234" HPOS="391" VPOS="910" WIDTH="46" HEIGHT="14" WC="0.96" CONTENT="som"/><SP WIDTH="17" VPOS="910" HPOS="437"/>
							<String ID="string_235" HPOS="454" VPOS="902" WIDTH="26" HEIGHT="22" WC="0.96" CONTENT="af"/><SP WIDTH="12" VPOS="902" HPOS="480"/>
							<String ID="string_236" HPOS="492" VPOS="904" WIDTH="118" HEIGHT="21" WC="0.96" CONTENT="ständerna"/><SP WIDTH="11" VPOS="904" HPOS="610"/>
							<String ID="string_237" HPOS="621" VPOS="903" WIDTH="62" HEIGHT="21" WC="0.96" CONTENT="skola"/><SP WIDTH="10" VPOS="903" HPOS="683"/>
							<String ID="string_238" HPOS="693" VPOS="903" WIDTH="105" HEIGHT="29" WC="0.93" CONTENT="slutligen"/><SP WIDTH="11" VPOS="903" HPOS="798"/>
							<String ID="string_239" HPOS="809" VPOS="903" WIDTH="98" HEIGHT="21" WC="0.91" CONTENT="behand-"/>
						</TextLine>
						<TextLine ID="line_27" HPOS="89" VPOS="932" WIDTH="818" HEIGHT="29">
							<String ID="string_240" HPOS="89" VPOS="933" WIDTH="40" HEIGHT="21" WC="0.96" CONTENT="las."/><SP WIDTH="32" VPOS="933" HPOS="129"/>
							<String ID="string_241" HPOS="161" VPOS="932" WIDTH="42" HEIGHT="22" WC="0.94" CONTENT="Om"/><SP WIDTH="17" VPOS="932" HPOS="203"/>
							<String ID="string_242" HPOS="220" VPOS="932" WIDTH="93" HEIGHT="22" WC="0.94" CONTENT="sålunda"/><SP WIDTH="15" VPOS="932" HPOS="313"/>
							<String ID="string_243" HPOS="328" VPOS="933" WIDTH="101" HEIGHT="21" WC="0.96" CONTENT="besluten"/><SP WIDTH="16" VPOS="933" HPOS="429"/>
							<String ID="string_244" HPOS="445" VPOS="933" WIDTH="42" HEIGHT="21" WC="0.96" CONTENT="och"/><SP WIDTH="15" VPOS="933" HPOS="487"/>
							<String ID="string_245" HPOS="502" VPOS="933" WIDTH="166" HEIGHT="28" WC="0.96" CONTENT="behandlingen"/><SP WIDTH="16" VPOS="933" HPOS="668"/>
							<String ID="string_246" HPOS="684" VPOS="932" WIDTH="7" HEIGHT="22" WC="0.96" CONTENT="i"/><SP WIDTH="15" VPOS="932" HPOS="691"/>
							<String ID="string_247" HPOS="706" VPOS="934" WIDTH="113" HEIGHT="20" WC="0.93" CONTENT="utskotten"/><SP WIDTH="11" VPOS="934" HPOS="819"/>
							<String ID="string_248" HPOS="830" VPOS="932" WIDTH="77" HEIGHT="22" WC="0.86" CONTENT="influe-"/>
						</TextLine>
						<TextLine ID="line_28" HPOS="89" VPOS="962" WIDTH="818" HEIGHT="30">
							<String ID="string_249" HPOS="89" VPOS="970" WIDTH="36" HEIGHT="14" WC="0.96" CONTENT="ras"/><SP WIDTH="17" VPOS="970" HPOS="125"/>
							<String ID="string_250" HPOS="142" VPOS="962" WIDTH="69" HEIGHT="26" WC="0.95" CONTENT="deraf,"/><SP WIDTH="15" VPOS="962" HPOS="211"/>
							<String ID="string_251" HPOS="226" VPOS="962" WIDTH="45" HEIGHT="22" WC="0.96" CONTENT="kan"/><SP WIDTH="17" VPOS="962" HPOS="271"/>
							<String ID="string_252" HPOS="288" VPOS="970" WIDTH="52" HEIGHT="14" WC="0.96" CONTENT="man"/><SP WIDTH="16" VPOS="970" HPOS="340"/>
							<String ID="string_253" HPOS="356" VPOS="964" WIDTH="28" HEIGHT="27" WC="0.96" CONTENT="på"/><SP WIDTH="16" VPOS="964" HPOS="384"/>
							<String ID="string_254" HPOS="400" VPOS="962" WIDTH="49" HEIGHT="22" WC="0.96" CONTENT="fullt"/><SP WIDTH="15" VPOS="962" HPOS="449"/>
							<String ID="string_255" HPOS="464" VPOS="962" WIDTH="71" HEIGHT="30" WC="0.96" CONTENT="laglig"/><SP WIDTH="15" VPOS="962" HPOS="535"/>
							<String ID="string_256" HPOS="550" VPOS="963" WIDTH="73" HEIGHT="29" WC="0.96" CONTENT="grund"/><SP WIDTH="15" VPOS="963" HPOS="623"/>
							<String ID="string_257" HPOS="638" VPOS="962" WIDTH="90" HEIGHT="27" WC="0.96" CONTENT="föreslå,"/><SP WIDTH="17" VPOS="962" HPOS="728"/>
							<String ID="string_258" HPOS="745" VPOS="964" WIDTH="72" HEIGHT="20" WC="0.96" CONTENT="såsom"/><SP WIDTH="16" VPOS="964" HPOS="817"/>
							<String ID="string_259" HPOS="833" VPOS="970" WIDTH="27" HEIGHT="14" WC="0.96" CONTENT="en"/><SP WIDTH="12" VPOS="970" HPOS="860"/>
							<String ID="string_260" HPOS="872" VPOS="962" WIDTH="35" HEIGHT="22" WC="0.95" CONTENT="del"/>
						</TextLine>
						<TextLine ID="line_29" HPOS="88" VPOS="992" WIDTH="819" HEIGHT="29">
							<String ID="string_261" HPOS="88" VPOS="993" WIDTH="84" HEIGHT="21" WC="0.96" CONTENT="utskott"/><SP WIDTH="9" VPOS="993" HPOS="172"/>
							<String ID="string_262" HPOS="181" VPOS="992" WIDTH="65" HEIGHT="22" WC="0.96" CONTENT="äfven"/><SP WIDTH="10" VPOS="992" HPOS="246"/>
							<String ID="string_263" HPOS="256" VPOS="993" WIDTH="65" HEIGHT="28" WC="0.96" CONTENT="gjort,"/><SP WIDTH="10" VPOS="993" HPOS="321"/>
							<String ID="string_264" HPOS="331" VPOS="994" WIDTH="31" HEIGHT="20" WC="0.96" CONTENT="att"/><SP WIDTH="10" VPOS="994" HPOS="362"/>
							<String ID="string_265" HPOS="372" VPOS="992" WIDTH="42" HEIGHT="22" WC="0.96" CONTENT="den"/><SP WIDTH="12" VPOS="992" HPOS="414"/>
							<String ID="string_266" HPOS="426" VPOS="992" WIDTH="135" HEIGHT="29" WC="0.96" CONTENT="behandling"/><SP WIDTH="12" VPOS="992" HPOS="561"/>
							<String ID="string_267" HPOS="573" VPOS="992" WIDTH="24" HEIGHT="22" WC="0.96" CONTENT="af"/><SP WIDTH="8" VPOS="992" HPOS="597"/>
							<String ID="string_268" HPOS="605" VPOS="992" WIDTH="111" HEIGHT="29" WC="0.96" CONTENT="frågorna,"/><SP WIDTH="11" VPOS="992" HPOS="716"/>
							<String ID="string_269" HPOS="727" VPOS="1000" WIDTH="46" HEIGHT="14" WC="0.96" CONTENT="som"/><SP WIDTH="12" VPOS="1000" HPOS="773"/>
							<String ID="string_270" HPOS="785" VPOS="992" WIDTH="122" HEIGHT="22" WC="0.96" CONTENT="tillsvidare"/>
						</TextLine>
						<TextLine ID="line_30" HPOS="89" VPOS="1022" WIDTH="818" HEIGHT="29">
							<String ID="string_271" HPOS="89" VPOS="1022" WIDTH="58" HEIGHT="27" WC="0.96" CONTENT="sker,"/><SP WIDTH="16" VPOS="1022" HPOS="147"/>
							<String ID="string_272" HPOS="163" VPOS="1022" WIDTH="50" HEIGHT="22" WC="0.93" CONTENT="icke"/><SP WIDTH="16" VPOS="1022" HPOS="213"/>
							<String ID="string_273" HPOS="229" VPOS="1022" WIDTH="111" HEIGHT="27" WC="0.91" CONTENT="slutföres,"/><SP WIDTH="18" VPOS="1022" HPOS="340"/>
							<String ID="string_274" HPOS="358" VPOS="1022" WIDTH="99" HEIGHT="27" WC="0.95" CONTENT="emedan,"/><SP WIDTH="13" VPOS="1022" HPOS="457"/>
							<String ID="string_275" HPOS="470" VPOS="1029" WIDTH="36" HEIGHT="15" WC="0.96" CONTENT="om"/><SP WIDTH="11" VPOS="1029" HPOS="506"/>
							<String ID="string_276" HPOS="517" VPOS="1023" WIDTH="156" HEIGHT="21" WC="0.93" CONTENT="betänkanden"/><SP WIDTH="11" VPOS="1023" HPOS="673"/>
							<String ID="string_277" HPOS="684" VPOS="1022" WIDTH="100" HEIGHT="29" WC="0.91" CONTENT="afgåfves"/><SP WIDTH="12" VPOS="1022" HPOS="784"/>
							<String ID="string_278" HPOS="796" VPOS="1023" WIDTH="41" HEIGHT="21" WC="0.93" CONTENT="och"/><SP WIDTH="11" VPOS="1023" HPOS="837"/>
							<String ID="string_279" HPOS="848" VPOS="1024" WIDTH="59" HEIGHT="20" WC="0.90" CONTENT="stän-"/>
						</TextLine>
						<TextLine ID="line_31" HPOS="90" VPOS="1051" WIDTH="817" HEIGHT="29">
							<String ID="string_280" HPOS="90" VPOS="1053" WIDTH="69" HEIGHT="21" WC="0.96" CONTENT="derna"/><SP WIDTH="16" VPOS="1053" HPOS="159"/>
							<String ID="string_281" HPOS="175" VPOS="1051" WIDTH="99" HEIGHT="23" WC="0.93" CONTENT="derefter"/><SP WIDTH="16" VPOS="1051" HPOS="274"/>
							<String ID="string_282" HPOS="290" VPOS="1052" WIDTH="83" HEIGHT="22" WC="0.90" CONTENT="erhölle"/><SP WIDTH="17" VPOS="1052" HPOS="373"/>
							<String ID="string_283" HPOS="390" VPOS="1054" WIDTH="30" HEIGHT="20" WC="0.96" CONTENT="ett"/><SP WIDTH="16" VPOS="1054" HPOS="420"/>
							<String ID="string_284" HPOS="436" VPOS="1052" WIDTH="49" HEIGHT="22" WC="0.93" CONTENT="icke"/><SP WIDTH="16" VPOS="1052" HPOS="485"/>
							<String ID="string_285" HPOS="501" VPOS="1053" WIDTH="92" HEIGHT="21" WC="0.92" CONTENT="väntadt"/><SP WIDTH="16" VPOS="1053" HPOS="593"/>
							<String ID="string_286" HPOS="609" VPOS="1059" WIDTH="57" HEIGHT="19" WC="0.96" CONTENT="svar,"/><SP WIDTH="12" VPOS="1059" HPOS="666"/>
							<String ID="string_287" HPOS="678" VPOS="1052" WIDTH="27" HEIGHT="22" WC="0.96" CONTENT="de"/><SP WIDTH="11" VPOS="1052" HPOS="705"/>
							<String ID="string_288" HPOS="716" VPOS="1052" WIDTH="106" HEIGHT="28" WC="0.93" CONTENT="möjligen"/><SP WIDTH="11" VPOS="1052" HPOS="822"/>
							<String ID="string_289" HPOS="833" VPOS="1051" WIDTH="74" HEIGHT="23" WC="0.92" CONTENT="blefve"/>
						</TextLine>
						<TextLine ID="line_32" HPOS="89" VPOS="1082" WIDTH="818" HEIGHT="29">
							<String ID="string_290" HPOS="89" VPOS="1084" WIDTH="100" HEIGHT="27" WC="0.96" CONTENT="tvungna"/><SP WIDTH="24" VPOS="1084" HPOS="189"/>
							<String ID="string_291" HPOS="213" VPOS="1084" WIDTH="31" HEIGHT="20" WC="0.93" CONTENT="att"/><SP WIDTH="16" VPOS="1084" HPOS="244"/>
							<String ID="string_292" HPOS="260" VPOS="1082" WIDTH="133" HEIGHT="22" WC="0.92" CONTENT="återförvisa"/><SP WIDTH="15" VPOS="1082" HPOS="393"/>
							<String ID="string_293" HPOS="408" VPOS="1083" WIDTH="112" HEIGHT="21" WC="0.95" CONTENT="ärendena"/><SP WIDTH="15" VPOS="1083" HPOS="520"/>
							<String ID="string_294" HPOS="535" VPOS="1083" WIDTH="33" HEIGHT="21" WC="0.96" CONTENT="till"/><SP WIDTH="16" VPOS="1083" HPOS="568"/>
							<String ID="string_295" HPOS="584" VPOS="1082" WIDTH="99" HEIGHT="28" WC="0.96" CONTENT="förnyad"/><SP WIDTH="15" VPOS="1082" HPOS="683"/>
							<String ID="string_296" HPOS="698" VPOS="1082" WIDTH="137" HEIGHT="28" WC="0.96" CONTENT="behandling"/><SP WIDTH="16" VPOS="1082" HPOS="835"/>
							<String ID="string_297" HPOS="851" VPOS="1082" WIDTH="7" HEIGHT="21" WC="0.93" CONTENT="i"/><SP WIDTH="16" VPOS="1082" HPOS="858"/>
							<String ID="string_298" HPOS="874" VPOS="1083" WIDTH="33" HEIGHT="20" WC="0.93" CONTENT="ut-"/>
						</TextLine>
						<TextLine ID="line_33" HPOS="91" VPOS="1112" WIDTH="816" HEIGHT="28">
							<String ID="string_299" HPOS="91" VPOS="1113" WIDTH="94" HEIGHT="27" WC="0.96" CONTENT="skotten,"/><SP WIDTH="24" VPOS="1113" HPOS="185"/>
							<String ID="string_300" HPOS="209" VPOS="1112" WIDTH="121" HEIGHT="27" WC="0.96" CONTENT="hvaremot,"/><SP WIDTH="22" VPOS="1112" HPOS="330"/>
							<String ID="string_301" HPOS="352" VPOS="1119" WIDTH="36" HEIGHT="15" WC="0.95" CONTENT="om"/><SP WIDTH="22" VPOS="1119" HPOS="388"/>
							<String ID="string_302" HPOS="410" VPOS="1114" WIDTH="73" HEIGHT="20" WC="0.95" CONTENT="svaret"/><SP WIDTH="15" VPOS="1114" HPOS="483"/>
							<String ID="string_303" HPOS="498" VPOS="1113" WIDTH="108" HEIGHT="25" WC="0.96" CONTENT="inväntas,"/><SP WIDTH="17" VPOS="1113" HPOS="606"/>
							<String ID="string_304" HPOS="623" VPOS="1112" WIDTH="72" HEIGHT="22" WC="0.96" CONTENT="denna"/><SP WIDTH="16" VPOS="1112" HPOS="695"/>
							<String ID="string_305" HPOS="711" VPOS="1112" WIDTH="137" HEIGHT="28" WC="0.96" CONTENT="behandling"/><SP WIDTH="16" VPOS="1112" HPOS="848"/>
							<String ID="string_306" HPOS="864" VPOS="1112" WIDTH="43" HEIGHT="22" WC="0.96" CONTENT="kan"/>
						</TextLine>
						<TextLine ID="line_34" HPOS="89" VPOS="1142" WIDTH="819" HEIGHT="29">
							<String ID="string_307" HPOS="89" VPOS="1142" WIDTH="39" HEIGHT="22" WC="0.96" CONTENT="ske"/><SP WIDTH="17" VPOS="1142" HPOS="128"/>
							<String ID="string_308" HPOS="145" VPOS="1142" WIDTH="137" HEIGHT="22" WC="0.95" CONTENT="omedelbart"/><SP WIDTH="16" VPOS="1142" HPOS="282"/>
							<String ID="string_309" HPOS="298" VPOS="1143" WIDTH="42" HEIGHT="21" WC="0.90" CONTENT="och"/><SP WIDTH="16" VPOS="1143" HPOS="340"/>
							<String ID="string_310" HPOS="356" VPOS="1142" WIDTH="112" HEIGHT="29" WC="0.90" CONTENT="hastigare"/><SP WIDTH="15" VPOS="1142" HPOS="468"/>
							<String ID="string_311" HPOS="483" VPOS="1143" WIDTH="90" HEIGHT="21" WC="0.95" CONTENT="komma"/><SP WIDTH="14" VPOS="1143" HPOS="573"/>
							<String ID="string_312" HPOS="587" VPOS="1142" WIDTH="32" HEIGHT="22" WC="0.92" CONTENT="till"/><SP WIDTH="18" VPOS="1142" HPOS="619"/>
							<String ID="string_313" HPOS="637" VPOS="1142" WIDTH="127" HEIGHT="29" WC="0.90" CONTENT="afslutning."/><SP WIDTH="24" VPOS="1142" HPOS="764"/>
							<String ID="string_314" HPOS="788" VPOS="1142" WIDTH="32" HEIGHT="22" WC="0.96" CONTENT="På"/><SP WIDTH="16" VPOS="1142" HPOS="820"/>
							<String ID="string_315" HPOS="836" VPOS="1142" WIDTH="72" HEIGHT="28" WC="0.96" CONTENT="grund"/>
						</TextLine>
						<TextLine ID="line_35" HPOS="89" VPOS="1172" WIDTH="819" HEIGHT="29">
							<String ID="string_316" HPOS="89" VPOS="1172" WIDTH="26" HEIGHT="22" WC="0.96" CONTENT="af"/><SP WIDTH="20" VPOS="1172" HPOS="115"/>
							<String ID="string_317" HPOS="135" VPOS="1172" WIDTH="72" HEIGHT="22" WC="0.96" CONTENT="denna"/><SP WIDTH="21" VPOS="1172" HPOS="207"/>
							<String ID="string_318" HPOS="228" VPOS="1172" WIDTH="142" HEIGHT="29" WC="0.96" CONTENT="uppfattning"/><SP WIDTH="21" VPOS="1172" HPOS="370"/>
							<String ID="string_319" HPOS="391" VPOS="1174" WIDTH="68" HEIGHT="20" WC="0.96" CONTENT="måste"/><SP WIDTH="21" VPOS="1174" HPOS="459"/>
							<String ID="string_320" HPOS="480" VPOS="1174" WIDTH="40" HEIGHT="27" WC="0.96" CONTENT="jag"/><SP WIDTH="19" VPOS="1174" HPOS="520"/>
							<String ID="string_321" HPOS="539" VPOS="1172" WIDTH="38" HEIGHT="22" WC="0.96" CONTENT="för"/><SP WIDTH="18" VPOS="1172" HPOS="577"/>
							<String ID="string_322" HPOS="595" VPOS="1172" WIDTH="46" HEIGHT="22" WC="0.96" CONTENT="min"/><SP WIDTH="16" VPOS="1172" HPOS="641"/>
							<String ID="string_323" HPOS="657" VPOS="1173" WIDTH="36" HEIGHT="21" WC="0.96" CONTENT="del"/><SP WIDTH="14" VPOS="1173" HPOS="693"/>
							<String ID="string_324" HPOS="707" VPOS="1172" WIDTH="99" HEIGHT="22" WC="0.96" CONTENT="vidhålla"/><SP WIDTH="16" VPOS="1172" HPOS="806"/>
							<String ID="string_325" HPOS="822" VPOS="1173" WIDTH="31" HEIGHT="20" WC="0.96" CONTENT="att"/><SP WIDTH="17" VPOS="1173" HPOS="853"/>
							<String ID="string_326" HPOS="870" VPOS="1172" WIDTH="38" HEIGHT="22" WC="0.96" CONTENT="det"/>
						</TextLine>
						<TextLine ID="line_36" HPOS="89" VPOS="1202" WIDTH="818" HEIGHT="29">
							<String ID="string_327" HPOS="89" VPOS="1202" WIDTH="94" HEIGHT="29" WC="0.95" CONTENT="förslag,"/><SP WIDTH="17" VPOS="1202" HPOS="183"/>
							<String ID="string_328" HPOS="200" VPOS="1210" WIDTH="47" HEIGHT="14" WC="0.96" CONTENT="som"/><SP WIDTH="16" VPOS="1210" HPOS="247"/>
							<String ID="string_329" HPOS="263" VPOS="1202" WIDTH="49" HEIGHT="22" WC="0.96" CONTENT="från"/><SP WIDTH="17" VPOS="1202" HPOS="312"/>
							<String ID="string_330" HPOS="329" VPOS="1209" WIDTH="27" HEIGHT="15" WC="0.96" CONTENT="en"/><SP WIDTH="17" VPOS="1209" HPOS="356"/>
							<String ID="string_331" HPOS="373" VPOS="1202" WIDTH="35" HEIGHT="22" WC="0.96" CONTENT="del"/><SP WIDTH="16" VPOS="1202" HPOS="408"/>
							<String ID="string_332" HPOS="424" VPOS="1202" WIDTH="83" HEIGHT="22" WC="0.96" CONTENT="utskott"/><SP WIDTH="16" VPOS="1202" HPOS="507"/>
							<String ID="string_333" HPOS="523" VPOS="1203" WIDTH="78" HEIGHT="28" WC="0.96" CONTENT="ingått,"/><SP WIDTH="17" VPOS="1203" HPOS="601"/>
							<String ID="string_334" HPOS="618" VPOS="1202" WIDTH="50" HEIGHT="22" WC="0.96" CONTENT="icke"/><SP WIDTH="16" VPOS="1202" HPOS="668"/>
							<String ID="string_335" HPOS="684" VPOS="1203" WIDTH="79" HEIGHT="21" WC="0.96" CONTENT="strider"/><SP WIDTH="15" VPOS="1203" HPOS="763"/>
							<String ID="string_336" HPOS="778" VPOS="1203" WIDTH="47" HEIGHT="21" WC="0.93" CONTENT="mot"/><SP WIDTH="10" VPOS="1203" HPOS="825"/>
							<String ID="string_337" HPOS="835" VPOS="1202" WIDTH="72" HEIGHT="22" WC="0.91" CONTENT="landt-"/>
						</TextLine>
						<TextLine ID="line_37" HPOS="89" VPOS="1232" WIDTH="818" HEIGHT="29">
							<String ID="string_338" HPOS="89" VPOS="1232" WIDTH="191" HEIGHT="29" WC="0.91" CONTENT="dagsordningens"/><SP WIDTH="22" VPOS="1232" HPOS="280"/>
							<String ID="string_339" HPOS="302" VPOS="1232" WIDTH="173" HEIGHT="29" WC="0.93" CONTENT="bestämningar."/><SP WIDTH="32" VPOS="1232" HPOS="475"/>
							<String ID="string_340" HPOS="507" VPOS="1232" WIDTH="125" HEIGHT="22" WC="0.87" CONTENT="Ständerna"/><SP WIDTH="15" VPOS="1232" HPOS="632"/>
							<String ID="string_341" HPOS="647" VPOS="1232" WIDTH="119" HEIGHT="22" WC="0.93" CONTENT="förutsätta"/><SP WIDTH="16" VPOS="1232" HPOS="766"/>
							<String ID="string_342" HPOS="782" VPOS="1233" WIDTH="125" HEIGHT="27" WC="0.90" CONTENT="mottagan-"/>
						</TextLine>
						<TextLine ID="line_38" HPOS="88" VPOS="1262" WIDTH="820" HEIGHT="29">
							<String ID="string_343" HPOS="88" VPOS="1264" WIDTH="39" HEIGHT="27" WC="0.95" CONTENT="get"/><SP WIDTH="16" VPOS="1264" HPOS="127"/>
							<String ID="string_344" HPOS="143" VPOS="1262" WIDTH="25" HEIGHT="22" WC="0.95" CONTENT="af"/><SP WIDTH="12" VPOS="1262" HPOS="168"/>
							<String ID="string_345" HPOS="180" VPOS="1263" WIDTH="82" HEIGHT="28" WC="0.96" CONTENT="tydligt"/><SP WIDTH="16" VPOS="1263" HPOS="262"/>
							<String ID="string_346" HPOS="278" VPOS="1270" WIDTH="51" HEIGHT="14" WC="0.96" CONTENT="svar"/><SP WIDTH="15" VPOS="1270" HPOS="329"/>
							<String ID="string_347" HPOS="344" VPOS="1262" WIDTH="50" HEIGHT="22" WC="0.96" CONTENT="från"/><SP WIDTH="15" VPOS="1262" HPOS="394"/>
							<String ID="string_348" HPOS="409" VPOS="1263" WIDTH="141" HEIGHT="28" WC="0.96" CONTENT="regeringen,"/><SP WIDTH="16" VPOS="1263" HPOS="550"/>
							<String ID="string_349" HPOS="566" VPOS="1262" WIDTH="109" HEIGHT="22" WC="0.96" CONTENT="huruvida"/><SP WIDTH="11" VPOS="1262" HPOS="675"/>
							<String ID="string_350" HPOS="686" VPOS="1263" WIDTH="42" HEIGHT="21" WC="0.95" CONTENT="den"/><SP WIDTH="12" VPOS="1263" HPOS="728"/>
							<String ID="string_351" HPOS="740" VPOS="1262" WIDTH="38" HEIGHT="22" WC="0.95" CONTENT="vill"/><SP WIDTH="11" VPOS="1262" HPOS="778"/>
							<String ID="string_352" HPOS="789" VPOS="1262" WIDTH="119" HEIGHT="28" WC="0.95" CONTENT="uppehålla"/>
						</TextLine>
						<TextLine ID="line_39" HPOS="89" VPOS="1292" WIDTH="819" HEIGHT="29">
							<String ID="string_353" HPOS="89" VPOS="1292" WIDTH="28" HEIGHT="22" WC="0.96" CONTENT="de"/><SP WIDTH="22" VPOS="1292" HPOS="117"/>
							<String ID="string_354" HPOS="139" VPOS="1294" WIDTH="47" HEIGHT="20" WC="0.96" CONTENT="mot"/><SP WIDTH="24" VPOS="1294" HPOS="186"/>
							<String ID="string_355" HPOS="210" VPOS="1292" WIDTH="38" HEIGHT="29" WC="0.95" CONTENT="lag"/><SP WIDTH="26" VPOS="1292" HPOS="248"/>
							<String ID="string_356" HPOS="274" VPOS="1292" WIDTH="112" HEIGHT="22" WC="0.95" CONTENT="stridande"/><SP WIDTH="26" VPOS="1292" HPOS="386"/>
							<String ID="string_357" HPOS="412" VPOS="1292" WIDTH="164" HEIGHT="29" WC="0.96" CONTENT="förordningar,"/><SP WIDTH="27" VPOS="1292" HPOS="576"/>
							<String ID="string_358" HPOS="603" VPOS="1298" WIDTH="47" HEIGHT="16" WC="0.96" CONTENT="som"/><SP WIDTH="26" VPOS="1298" HPOS="650"/>
							<String ID="string_359" HPOS="676" VPOS="1292" WIDTH="70" HEIGHT="22" WC="0.93" CONTENT="under"/><SP WIDTH="24" VPOS="1292" HPOS="746"/>
							<String ID="string_360" HPOS="770" VPOS="1293" WIDTH="87" HEIGHT="21" WC="0.96" CONTENT="senaste"/><SP WIDTH="26" VPOS="1293" HPOS="857"/>
							<String ID="string_361" HPOS="883" VPOS="1293" WIDTH="25" HEIGHT="20" WC="0.95" CONTENT="år"/>
						</TextLine>
						<TextLine ID="line_40" HPOS="88" VPOS="1320" WIDTH="819" HEIGHT="30">
							<String ID="string_362" HPOS="88" VPOS="1322" WIDTH="129" HEIGHT="22" WC="0.95" CONTENT="tillkommit"/><SP WIDTH="21" VPOS="1322" HPOS="217"/>
							<String ID="string_363" HPOS="238" VPOS="1322" WIDTH="42" HEIGHT="22" WC="0.96" CONTENT="och"/><SP WIDTH="23" VPOS="1322" HPOS="280"/>
							<String ID="string_364" HPOS="303" VPOS="1322" WIDTH="37" HEIGHT="22" WC="0.96" CONTENT="för"/><SP WIDTH="23" VPOS="1322" HPOS="340"/>
							<String ID="string_365" HPOS="363" VPOS="1322" WIDTH="139" HEIGHT="22" WC="0.96" CONTENT="närvarande"/><SP WIDTH="23" VPOS="1322" HPOS="502"/>
							<String ID="string_366" HPOS="525" VPOS="1326" WIDTH="59" HEIGHT="18" WC="0.96" CONTENT="ännu"/><SP WIDTH="20" VPOS="1326" HPOS="584"/>
							<String ID="string_367" HPOS="604" VPOS="1322" WIDTH="112" HEIGHT="28" WC="0.96" CONTENT="tillämpas"/><SP WIDTH="16" VPOS="1322" HPOS="716"/>
							<String ID="string_368" HPOS="732" VPOS="1322" WIDTH="7" HEIGHT="21" WC="0.96" CONTENT="i"/><SP WIDTH="16" VPOS="1322" HPOS="739"/>
							<String ID="string_369" HPOS="755" VPOS="1322" WIDTH="33" HEIGHT="21" WC="0.95" CONTENT="sin"/><SP WIDTH="16" VPOS="1322" HPOS="788"/>
							<String ID="string_370" HPOS="804" VPOS="1320" WIDTH="54" HEIGHT="23" WC="0.93" CONTENT="fulla"/><SP WIDTH="16" VPOS="1320" HPOS="858"/>
							<String ID="string_371" HPOS="874" VPOS="1323" WIDTH="33" HEIGHT="20" WC="0.92" CONTENT="ut-"/>
						</TextLine>
						<TextLine ID="line_41" HPOS="89" VPOS="1352" WIDTH="135" HEIGHT="29">
							<String ID="string_372" HPOS="89" VPOS="1352" WIDTH="135" HEIGHT="29" WC="0.95" CONTENT="sträckning."/>
						</TextLine>
					</TextBlock>
				</ComposedBlock>
				<ComposedBlock ID="cblock_2" HPOS="89" VPOS="1410" WIDTH="818" HEIGHT="119">
					<TextBlock ID="block_3" HPOS="89" VPOS="1410" WIDTH="818" HEIGHT="119">
						<TextLine ID="line_42" HPOS="159" VPOS="1410" WIDTH="748" HEIGHT="29">
							<String ID="string_373" HPOS="159" VPOS="1411" WIDTH="154" HEIGHT="22" WC="0.91" CONTENT="Kirkkoherra"/><SP WIDTH="16" VPOS="1411" HPOS="313"/>
							<String ID="string_374" HPOS="329" VPOS="1412" WIDTH="117" HEIGHT="26" WC="0.93" CONTENT="Malmberg:"/><SP WIDTH="16" VPOS="1412" HPOS="446"/>
							<String ID="string_375" HPOS="462" VPOS="1411" WIDTH="61" HEIGHT="21" WC="0.92" CONTENT="Minä"/><SP WIDTH="16" VPOS="1411" HPOS="523"/>
							<String ID="string_376" HPOS="539" VPOS="1418" WIDTH="27" HEIGHT="15" WC="0.97" CONTENT="en"/><SP WIDTH="15" VPOS="1418" HPOS="566"/>
							<String ID="string_377" HPOS="581" VPOS="1412" WIDTH="36" HEIGHT="21" WC="0.93" CONTENT="ole"/><SP WIDTH="10" VPOS="1412" HPOS="617"/>
							<String ID="string_378" HPOS="627" VPOS="1411" WIDTH="98" HEIGHT="28" WC="0.93" CONTENT="kysynyt"/><SP WIDTH="10" VPOS="1411" HPOS="725"/>
							<String ID="string_379" HPOS="735" VPOS="1410" WIDTH="172" HEIGHT="22" WC="0.91" CONTENT="kunnianarvoi-"/>
						</TextLine>
						<TextLine ID="line_43" HPOS="89" VPOS="1439" WIDTH="818" HEIGHT="29">
							<String ID="string_380" HPOS="89" VPOS="1447" WIDTH="40" HEIGHT="14" WC="0.96" CONTENT="san"/><SP WIDTH="22" VPOS="1447" HPOS="129"/>
							<String ID="string_381" HPOS="151" VPOS="1440" WIDTH="84" HEIGHT="28" WC="0.96" CONTENT="säädyn"/><SP WIDTH="23" VPOS="1440" HPOS="235"/>
							<String ID="string_382" HPOS="258" VPOS="1440" WIDTH="191" HEIGHT="28" WC="0.95" CONTENT="kärsivällisyyttä"/><SP WIDTH="23" VPOS="1440" HPOS="449"/>
							<String ID="string_383" HPOS="472" VPOS="1440" WIDTH="57" HEIGHT="21" WC="0.96" CONTENT="siinä"/><SP WIDTH="22" VPOS="1440" HPOS="529"/>
							<String ID="string_384" HPOS="551" VPOS="1441" WIDTH="76" HEIGHT="20" WC="0.96" CONTENT="monta"/><SP WIDTH="23" VPOS="1441" HPOS="627"/>
							<String ID="string_385" HPOS="650" VPOS="1440" WIDTH="95" HEIGHT="21" WC="0.96" CONTENT="istuntoa"/><SP WIDTH="22" VPOS="1440" HPOS="745"/>
							<String ID="string_386" HPOS="767" VPOS="1439" WIDTH="140" HEIGHT="22" WC="0.96" CONTENT="kestäneessä"/>
						</TextLine>
						<TextLine ID="line_44" HPOS="89" VPOS="1469" WIDTH="818" HEIGHT="28">
							<String ID="string_387" HPOS="89" VPOS="1469" WIDTH="169" HEIGHT="26" WC="0.96" CONTENT="keskustelussa,"/><SP WIDTH="24" VPOS="1469" HPOS="258"/>
							<String ID="string_388" HPOS="282" VPOS="1470" WIDTH="61" HEIGHT="21" WC="0.96" CONTENT="mikä"/><SP WIDTH="22" VPOS="1470" HPOS="343"/>
							<String ID="string_389" HPOS="365" VPOS="1471" WIDTH="58" HEIGHT="20" WC="0.96" CONTENT="tästä"/><SP WIDTH="22" VPOS="1471" HPOS="423"/>
							<String ID="string_390" HPOS="445" VPOS="1469" WIDTH="171" HEIGHT="28" WC="0.96" CONTENT="kysymyksestä"/><SP WIDTH="20" VPOS="1469" HPOS="616"/>
							<String ID="string_391" HPOS="636" VPOS="1476" WIDTH="28" HEIGHT="14" WC="0.96" CONTENT="on"/><SP WIDTH="21" VPOS="1476" HPOS="664"/>
							<String ID="string_392" HPOS="685" VPOS="1469" WIDTH="135" HEIGHT="26" WC="0.96" CONTENT="aiheutunut,"/><SP WIDTH="18" VPOS="1469" HPOS="820"/>
							<String ID="string_393" HPOS="838" VPOS="1471" WIDTH="69" HEIGHT="19" WC="0.96" CONTENT="mutta"/>
						</TextLine>
						<TextLine ID="line_45" HPOS="89" VPOS="1498" WIDTH="818" HEIGHT="31">
							<String ID="string_394" HPOS="89" VPOS="1501" WIDTH="40" HEIGHT="28" WC="0.96" CONTENT="nyt"/><SP WIDTH="16" VPOS="1501" HPOS="129"/>
							<String ID="string_395" HPOS="145" VPOS="1499" WIDTH="45" HEIGHT="22" WC="0.95" CONTENT="kun"/><SP WIDTH="16" VPOS="1499" HPOS="190"/>
							<String ID="string_396" HPOS="206" VPOS="1499" WIDTH="47" HEIGHT="22" WC="0.96" CONTENT="asia"/><SP WIDTH="15" VPOS="1499" HPOS="253"/>
							<String ID="string_397" HPOS="268" VPOS="1499" WIDTH="151" HEIGHT="23" WC="0.96" CONTENT="toivottavasti"/><SP WIDTH="16" VPOS="1499" HPOS="419"/>
							<String ID="string_398" HPOS="435" VPOS="1506" WIDTH="28" HEIGHT="15" WC="0.97" CONTENT="on"/><SP WIDTH="17" VPOS="1506" HPOS="463"/>
							<String ID="string_399" HPOS="480" VPOS="1499" WIDTH="62" HEIGHT="22" WC="0.96" CONTENT="esillä"/><SP WIDTH="15" VPOS="1499" HPOS="542"/>
							<String ID="string_400" HPOS="557" VPOS="1499" WIDTH="111" HEIGHT="22" WC="0.96" CONTENT="viimeistä"/><SP WIDTH="15" VPOS="1499" HPOS="668"/>
							<String ID="string_401" HPOS="683" VPOS="1499" WIDTH="83" HEIGHT="26" WC="0.96" CONTENT="kertaa,"/><SP WIDTH="17" VPOS="1499" HPOS="766"/>
							<String ID="string_402" HPOS="783" VPOS="1499" WIDTH="67" HEIGHT="28" WC="0.93" CONTENT="pidän"/><SP WIDTH="12" VPOS="1499" HPOS="850"/>
							<String ID="string_403" HPOS="862" VPOS="1498" WIDTH="45" HEIGHT="22" WC="0.93" CONTENT="vel-"/>
						</TextLine>
					</TextBlock>
				</ComposedBlock>
			</PrintSpace>
		</Page>
	</Layout>
</alto>
