1106 1795
348 106 100 24 Työvasta
460 107 152 18 valiokunnissa.
860 108 42 21 587

81 159 151 28 järjestyksen
252 160 29 21 46
298 159 35 29 $:n
353 160 89 28 nojalla,
458 161 47 21 niin
521 162 106 27 myöntää
642 162 60 20 tämä
717 161 83 28 pykälä
815 160 88 22 hänelle

84 191 75 20 tämän
176 189 115 22 oikeuden.
316 190 51 21 Kun
382 191 89 20 hänellä
484 197 28 15 on
523 191 76 22 oikeus
610 191 100 28 vapaasti
721 191 75 28 puhua
806 191 97 21 kaikissa

84 219 98 26 asioissa,
196 219 57 28 joita
268 219 73 22 silloin
352 220 131 21 käsitellään
491 221 25 27 ja
526 221 82 21 kaiken
618 227 40 15 sen
668 220 167 28 laillisuudesta,
849 220 54 21 mitä

83 249 108 28 säädyssä
206 249 113 28 tapahtuu,
331 250 47 21 niin
394 256 27 15 on
438 256 23 15 se
472 250 52 27 asia,
534 250 54 28 joka
598 251 41 26 nyt
649 250 81 28 painaa
739 257 70 14 usean
820 250 83 26 mieltä,

84 278 45 22 kun
146 278 20 22 ei
181 280 95 26 säätyyn
292 279 59 22 tulee
367 279 125 28 mietintöjä
507 279 170 26 valiokunnista,
694 279 42 22 sitä
751 280 91 21 luontoa
858 281 45 20 että

83 307 140 29 yksityisellä
244 308 108 28 jäsenellä
370 316 105 14 varmaan
491 317 27 14 on
535 310 76 21 oikeus
626 309 106 28 säädyssä
747 311 59 20 tästä
821 309 80 28 puhua.

83 337 40 22 Jos
147 338 45 21 hän
208 337 20 22 ei
244 339 53 21 saisi
313 339 43 21 sitä
370 339 74 26 tehdä,
462 339 47 22 olisi
527 339 165 28 puhevapautta
710 339 98 28 poljettu.
834 338 69 22 Asial-

85 367 73 22 liselta
178 367 24 28 ja
219 368 163 22 muodolliselta
397 369 106 21 kannalta
526 369 92 22 katsoen
635 375 29 16 on
679 370 57 20 tästä
752 369 82 21 asiasta
849 368 54 22 ollut

84 398 78 22 oikeus
177 397 81 29 puhua,
275 398 83 22 vaikka
374 398 20 22 ei
410 399 116 22 ehdotusta
541 400 40 27 nyt
596 399 36 21 ole
647 399 69 28 tehty.

156 457 158 22 Valtioneuvos
338 458 117 22 Danielson:
487 459 71 21 Herra
577 457 117 22 Puhemies
710 465 28 14 on
752 458 24 27 jo
793 457 110 22 viitannut

83 487 72 22 siihen
172 488 45 21 että
233 487 65 22 herra
315 487 143 29 Runebergin
473 489 91 27 käsitys,
582 489 45 21 että
642 488 67 21 muka
725 487 20 22 ei
761 487 51 22 saisi
829 487 74 28 puhua

82 547 170 28 jonkinmoinen
268 547 178 29 päätösehdotus,
463 550 45 19 että
523 550 61 19 tämä
599 547 65 22 herra
678 547 143 28 Runebergin
832 547 71 27 ajatus

81 577 80 28 johtaa
172 577 155 22 ehdottomasti
336 577 176 29 puhepavauden
520 577 180 28 rajoittamiseen,
713 577 48 22 enkä
773 573 49 38 minä
833 573 70 38 tiedä,

85 607 61 21 millä
160 607 92 22 nimellä
267 614 29 15 on
309 607 130 22 mainittava
451 610 61 19 tämä
527 607 90 22 kiihkeä
625 608 71 27 yritys
706 607 90 22 koettaa
804 609 100 19 muuttaa

85 638 61 20 tämä
158 637 182 29 tuomioprovasti
355 637 193 29 Schwartzbergin
562 637 108 26 lausunto,
682 637 61 28 jossa
752 637 44 21 hän
804 637 99 21 nimeno-

85 674 66 15 maan
163 667 99 28 kääntyy
272 667 101 28 säätyjen
389 668 145 21 enemmistön
550 667 101 28 puoleen,
668 667 163 26 ehdotukseksi,
845 667 60 28 josta

86 697 60 22 tulisi
162 699 112 20 äänestää.
305 697 94 28 Pyydän
415 705 57 14 vaan
488 698 78 27 kysyä,
582 697 168 22 tarkoittivatko
764 697 75 21 herrat
851 696 53 22 Gro-

85 727 79 22 tenfelt
186 727 24 28 ja
231 727 126 28 Runeberg,
382 728 44 21 kun
442 727 109 22 edellinen
567 727 91 28 kääntyi
674 726 163 22 vähemmistön
852 733 52 22 puo-

86 757 50 22 leen
150 757 25 28 ja
189 757 65 22 herra
264 757 121 29 Runeberg
395 757 62 22 sanoi
468 757 125 28 yhtyvänsä
602 757 68 22 tähän
681 757 65 21 herra
757 755 147 23 Grotenfeltin

84 787 141 27 lausuntoon,
242 787 139 22 tahtoivatko
397 789 76 20 nämät
489 788 74 21 herrat
579 787 123 24 ehdotusta,
712 786 69 29 jonka
792 786 111 29 hyväksy-

88 817 75 22 minen
180 817 103 22 sisältäisi
300 818 45 21 että
360 819 62 27 sääty
434 818 99 27 kääntyy
544 817 83 28 säädyn
638 817 161 22 vähemmistön
810 816 94 29 puoleen

87 847 123 29 pyynnöllä
230 849 45 20 että
290 847 146 22 vähemmistö
452 847 126 23 vaikuttaisi
594 846 148 23 hallitukseen
757 846 148 22 semmoisella

84 877 84 22 tavalla
183 877 53 22 kuin
253 877 65 22 herra
334 877 125 22 Grotenfelt
474 877 68 22 sanoi.

157 937 122 22 Professori
304 938 114 27 Runeberg:
449 937 44 28 Jag
513 937 41 22 ber
576 939 32 20 att
628 936 22 22 fä
673 939 82 19 nämna
778 937 32 21 att
826 936 80 21 doktor

84 967 126 22 Grotenfelt
233 967 49 23 icke
302 967 78 30 gjorde
395 969 69 26 nägot
479 967 92 29 förslag.
604 966 166 29 (Valtioneuvos
786 966 117 21 Danielson:

85 997 46 22 lika
146 997 48 22 litet
210 1004 46 15 som
274 998 141 28 domprosten
431 997 185 28 Schwartzberg).
647 996 44 28 Jag
706 997 54 21 sade
776 997 31 20 att
820 996 41 28 jag
876 995 29 22 dä

85 1034 91 15 snarare
191 1027 71 22 skulle
277 1035 54 14 vara
349 1027 103 28 benägen
467 1029 33 20 att
519 1030 79 19 törena
612 1026 48 29 mig
675 1033 35 15 om
727 1027 31 21 ett
776 1026 71 27 dylikt
858 1025 47 22 för-

85 1057 56 29 slag,
158 1057 94 22 emedan
268 1058 37 21 det
321 1057 133 22 ätminstone
470 1057 84 22 vänder
570 1057 34 28 sig
619 1056 34 22 till
668 1056 69 28 riktig
746 1056 82 21 adress.
839 1055 66 22 Hvad

85 1087 81 28 själfva
186 1087 69 22 saken
271 1089 76 27 angär,
363 1087 41 21 har
416 1087 40 28 jag
474 1086 110 29 uppfattat
600 1086 36 22 det
652 1087 26 20 sä
693 1088 31 19 att
740 1087 7 20 i
763 1085 142 28 domprosten

86 1117 182 29 Schwartzbergs
284 1117 104 28 yttrande
403 1117 118 22 innebäres
537 1119 31 19 ett
583 1115 93 29 förslag,
688 1123 36 14 om
736 1115 68 22 ocksä
814 1115 49 21 icke
875 1115 31 21 ett

87 1146 141 29 fullständigt
250 1147 144 22 formuleradt
417 1147 85 26 sädant,
527 1146 92 22 emedan
644 1145 37 22 det
702 1145 112 28 själffallet
835 1145 70 21 mäste

86 1175 60 29 syfta
168 1176 34 23 till
219 1178 32 21 att
266 1177 88 22 ständet
370 1176 70 23 skulle
456 1176 94 23 omfatta
565 1176 142 28 domprosten
722 1174 183 29 Schwartzbergs

86 1206 120 23 uttalande.

158 1236 124 22 Statsrädet
305 1235 122 22 Danielson
450 1243 66 20 synes
539 1242 53 15 anse
616 1235 31 22 att
664 1235 37 22 det
716 1234 72 21 skulle
802 1241 56 14 vara
873 1235 33 20 att

87 1265 135 29 fullkomligt
238 1266 120 21 inskränka
373 1265 96 22 friheten
485 1267 33 20 att
532 1265 46 22 tala
593 1265 8 21 i
619 1264 94 26 ständet,
725 1271 36 14 om
771 1263 136 28 yttrandena

88 1295 78 22 endast
182 1295 70 22 skulle
268 1295 98 22 hänföra
381 1295 35 28 sig
426 1295 34 22 till
471 1295 116 28 verkligen
598 1293 158 29 föreliggande
767 1293 87 28 förslag
865 1293 41 22 och

89 1325 105 23 ärenden.
210 1325 45 29 Jag
271 1325 39 22 har
326 1325 58 22 varit
399 1325 51 22 med
466 1325 36 22 vid
519 1324 108 22 särskilda
642 1323 139 28 landtdagar,
792 1330 37 15 om
840 1323 67 22 ocksä

87 1354 51 22 icke
160 1356 25 21 sä
204 1356 82 28 mänga
302 1362 48 14 som
366 1361 28 15 en
410 1355 36 21 del
462 1354 76 26 andra,
554 1361 51 15 men
619 1354 41 28 jag
677 1353 43 21 kan
735 1352 51 22 icke
801 1352 106 28 päminna

88 1385 47 28 mig
151 1386 31 21 att
199 1385 37 22 det
251 1384 110 29 nägonsin
376 1384 71 22 skulle
462 1384 67 22 hafva
545 1383 144 23 förekommit
699 1384 33 20 att
742 1389 28 15 en
781 1382 126 21 diskussion

88 1415 8 20 i
119 1415 87 21 ständet
227 1414 71 22 skulle
314 1413 58 22 förts
388 1415 7 20 i
412 1414 121 21 allmänhet
548 1415 53 20 utan
617 1415 31 20 att
663 1413 69 27 nägot
748 1412 87 27 förslag
849 1411 58 22 hade

87 1443 113 29 förelegat
217 1443 82 22 endera
314 1442 50 23 frän
381 1443 83 21 utskott
480 1443 54 20 eller
549 1441 49 23 frän
613 1443 75 26 nägon
704 1441 25 21 af
736 1441 99 21 ständets
846 1440 61 21 med-

88 1473 101 26 lemmar,
206 1473 41 21 och
261 1473 41 28 jag
317 1474 46 20 tror
378 1473 51 20 icke
445 1473 31 20 att
492 1471 128 22 talfriheten
636 1470 77 23 derför
728 1470 62 22 förut
806 1470 58 22 varit
874 1470 33 21 in-

88 1503 98 22 skränkt.
