1103 1792
211 116 43 21 212
446 115 129 25 Pappissääty
585 115 77 24 jouluk.
675 115 23 18 28
710 120 18 19 p.
742 114 53 18 1904.

282 169 95 22 Esitettiin
393 169 105 28 pöydällä
513 169 67 21 olleet
595 168 206 22 anomusehdotukset
817 174 32 16 n:o
865 168 86 27 45—4$I,
961 168 69 28 joista

283 239 32 17 n:o
331 234 35 28 45,
384 235 95 21 Haminan
497 234 109 28 kaupungin
623 233 172 28 lahjoitusmaiden
812 233 166 22 lunastamisesta

280 300 126 21 lähetettiin
421 300 199 22 valtiovaliokuntaan
626 306 6 20 ;

281 370 32 17 n:o
333 364 35 28 46,
389 365 108 22 Orihveden
517 365 22 27 ja
558 365 119 28 Pyhäjärven
694 365 130 22 Puhoksessa
840 365 50 21 sekä
905 364 123 28 Pyhäjärven

208 394 22 28 ja
250 395 115 21 Jaakkiman
391 395 155 27 Lahdenpohjan
571 395 83 22 välisten
676 395 111 22 kannasten
808 395 134 22 tutkimisesta
965 395 62 21 laiva-

210 424 71 22 kulkua
296 426 69 20 varten

280 490 125 22 lähetettiin
421 490 234 27 rautatievaliokuntaan;

280 561 32 17 n:o
326 556 34 27 47,
372 556 119 22 klassillisen
503 556 199 22 rinnakkaisosaston
714 556 168 28 perustamisesta
892 556 138 23 Savonlinnan:

210 586 131 27 reaalilyseon
357 586 102 27 yhteyteen

278 650 125 22 lähetettiin
419 651 86 27 yleiseen
522 651 236 27 anomusvaliokuntaan;

280 722 31 16 n:o
328 716 34 28 48,
379 717 120 21 klassillisen
517 716 200 23 rinnakkaisosaston
729 717 168 27 perustamisesta
907 718 124 22 Sortavalan

209 746 132 28 reaalilyseon
357 747 102 27 yhteyteen

278 824 93 22 aiheutti
393 824 118 28 professori
535 826 92 21 Heikel'in
650 825 139 22 lausumaan:
815 824 50 23 Den
888 824 141 24 framstälda

207 854 124 28 petitionen
348 857 25 19 är
384 855 127 28 egentligen
527 855 22 21 af
564 855 135 28 fullkomligt
714 854 60 22 lokal
789 856 72 26 natur,
877 862 51 15 men
939 856 8 20 i
957 863 68 21 grun-

207 884 43 21 den
270 886 24 19 är
317 884 40 21 här
372 884 64 28 fråga
451 891 35 14 om
503 886 32 20 ett
550 884 126 29 principielt
692 885 108 28 spörsmäl
815 884 26 22 af
853 886 55 20 stort
923 885 101 22 intresse.

206 913 44 22 Det
266 916 24 19 är
306 913 74 22 derom
395 914 41 27 jag
449 913 70 23 skulle
535 914 66 28 bedja
617 915 32 20 att
664 913 22 22 fä
701 915 60 27 yttra
776 915 71 27 nägra
862 915 46 21 ord.

242 946 2 4 +
276 949 77 21 Under
378 949 120 22 1870-talet
521 950 98 28 uppkom
638 949 7 22 i
666 951 50 20 vårt
736 949 53 22 land
809 957 28 14 en
856 950 91 27 mycket
963 950 62 21 stark

207 979 124 28 opposition
347 980 46 20 mot
409 979 36 21 det
461 986 16 14 s.
494 979 21 22 k.
530 979 202 22 latinherraväldet.
759 979 79 22 Denna
849 980 124 28 opposition
984 987 47 15 var:

206 1010 52 20 utan
282 1008 78 22 tvifvel
384 1009 69 21 delvis
477 1009 132 29 berättigad,
631 1009 28 22 dä
678 1010 48 21 värt
742 1009 132 28 skolsystem
890 1017 40 14 var
945 1010 34 21 till
995 1017 34 15 en.

205 1038 45 21 viss
271 1039 55 28 grad
347 1039 96 28 ensidigt
459 1039 159 28 organiseradt.
649 1039 51 22 Men
717 1039 43 22 den
776 1039 112 22 allmänna
903 1039 126 29 opinionen.

205 1068 52 29 gick
279 1068 37 22 för
339 1068 69 29 långt.
439 1069 52 21 Man
513 1069 94 29 trängde
630 1069 78 22 latinet
731 1068 74 23 alltför
825 1069 90 28 mycket
934 1071 24 20 ut
974 1069 55 23 från:

205 1098 163 29 läroplanerna.
399 1099 97 21 Numera
511 1099 41 22 har
568 1107 51 14 man
634 1099 86 29 begynt
734 1099 48 22 inse
798 1099 66 22 detta.
893 1099 50 22 Den
962 1100 67 22 reala;

205 1128 144 29 nyspräkliga
364 1129 188 28 undervisningen
568 1129 41 22 har
624 1129 50 22 icke
690 1129 156 22 ästadkommit
860 1129 27 22 de
898 1129 131 24 storartade:

204 1158 92 21 resultat
317 1165 52 14 man
389 1160 83 20 väntat.
503 1159 50 22 Den
569 1162 25 19 är
609 1159 50 22 icke
674 1159 206 28 tillfyllesgörande.
911 1159 42 22 Om
970 1167 57 15 man;

203 1189 64 27 tager
282 1189 8 20 i
306 1188 146 22 betraktande
473 1190 31 20 att
523 1191 40 20 vär
578 1189 75 22 kultur
667 1191 30 26 pä
712 1190 82 27 många
809 1191 43 20 sätt
868 1190 160 21 sammanhän--

204 1224 40 21 ger
265 1218 50 21 med
338 1218 43 21 den
404 1218 75 21 antika
500 1218 109 27 kulturen,
628 1219 76 22 vidare
720 1220 33 20 att
768 1219 36 21 det
820 1219 96 21 latinska
932 1219 90 28 spräket

203 1247 72 28 spelat
292 1254 27 15 en
336 1248 41 21 stol
393 1248 33 21 rol
441 1248 7 21 i
465 1248 42 21 den
524 1249 91 28 andliga
630 1249 116 28 odlingens
760 1249 75 27 tjenst,
851 1249 44 21 kan
911 1256 52 14 man
974 1249 52 22 för--

203 1278 35 20 stä
258 1278 32 20 att
314 1277 42 22 den
379 1277 69 29 högre
471 1278 102 22 kulturen
596 1278 87 22 fordrar
703 1280 31 20 att
754 1279 84 21 antalet
857 1278 25 22 af
899 1279 58 26 dem,
973 1281 48 20 som

203 1306 76 22 kunna
301 1307 105 28 begagna
429 1307 34 29 sig
483 1307 25 22 af
526 1315 27 15 en
574 1308 109 22 litteratur
702 1309 29 28 pä
746 1308 96 22 latinska
858 1309 95 28 spräket,
971 1309 51 22 icke

203 1336 56 21 skall
274 1337 133 28 inskränkas
422 1337 33 20 till
471 1339 32 18 ett
517 1337 61 22 fåtal.
610 1338 109 21 Skolorna
735 1337 120 22 förbereda
865 1338 38 21 för
913 1339 108 21 universi:

202 1366 62 21 tetet.
295 1365 119 28 Åtskilliga
430 1366 83 21 studier
528 1367 60 20 inom
605 1367 60 20 detta
675 1366 119 21 förutsätta
805 1366 100 29 kunskap
907 1361 10 38 i
934 1367 86 23 latinet.

201 1394 63 22 Inom
287 1395 126 28 teologiska
434 1395 122 22 fakulteten
581 1396 42 21 kan
645 1403 51 14 man
714 1396 50 22 icke
780 1396 99 22 undvara
895 1397 101 28 kunskap
1012 1397 8 22 i

202 1425 61 21 detta
282 1425 74 28 spräk.
388 1425 62 21 Inom
465 1425 242 29 historisk-filologiska
722 1426 115 22 sektionen
853 1429 25 19 är
893 1427 102 28 kunskap
1011 1424 8 25 i

202 1454 60 22 detta
278 1455 66 28 spräk
360 1455 145 28 obligatorisk
521 1455 42 22 och
581 1455 37 22 för
628 1456 59 21 vissa
697 1456 178 22 studieomräden
885 1457 133 29 oumbärlig.

201 1484 73 22 Ocksä
295 1484 38 22 för
353 1485 69 28 högre
443 1485 83 22 studier
546 1486 59 21 inom
619 1486 109 28 juridiska
742 1486 122 23 fakulteten
881 1488 70 21 mäste
967 1495 51 14 man

201 1514 102 22 betrakta
319 1521 27 15 en
362 1515 70 21 sådan
446 1515 101 28 kunskap
563 1517 72 20 såsom
651 1515 118 26 önskvärd,
785 1517 41 22 och
842 1518 15 20 t.
874 1523 19 16 o.
911 1524 29 15 m.
957 1517 62 22 inom
