1114 1795
196 121 43 21 758
425 120 129 24 Pappissääty
566 120 79 19 huhtik.
659 121 22 18 13
693 126 18 18 p.
725 121 52 18 1905.

267 173 27 22 Ei
309 173 58 22 liene
382 174 136 27 tarpeellista
534 175 46 20 että
592 173 51 22 siitä
654 173 89 22 erittäin
754 173 180 27 huomautetaan,
946 173 67 22 missä

195 205 76 20 tämän
294 203 153 21 vastalauseen
470 203 91 28 pykälät
577 204 90 21 eroavat
682 203 151 22 valiokunnan
849 203 163 26 ehdotuksesta,

196 233 82 22 vaikka
301 232 58 22 ehkä
381 233 73 24 sitten,
471 233 45 21 kun
531 233 58 21 tulee
605 233 126 22 keskustelu
748 233 140 28 pykälittäin,
905 234 108 27 päästään

195 263 143 22 tilaisuuteen
353 262 51 22 siitä
419 262 203 23 huomauttamaan.

267 322 122 23 Professori
406 322 113 28 Runeberg:
534 322 45 29 Jag
593 322 40 22 ber
649 323 32 21 att
696 321 23 22 få
733 322 72 22 uttala
820 323 71 28 några
906 322 41 22 ord
963 322 52 23 med

197 352 121 28 anledning
333 351 26 22 af
372 359 27 14 en
415 351 36 22 del
466 353 82 20 talares
563 352 126 27 yttranden.

268 382 58 21 Herr
342 381 123 22 Forsström
481 382 40 21 har
537 382 54 21 talat
607 389 36 14 om
658 381 130 22 ständernas
804 383 150 27 protester
970 384 45 20 mot

198 411 43 23 den
263 411 122 23 bestående
400 411 138 29 laglösheten
554 412 42 21 och
611 411 77 29 tyckes
705 418 54 16 anse
775 412 32 21 att
822 411 120 23 ständerna
957 412 58 28 gjort

197 442 40 21 allt
252 442 59 21 hvad
327 442 28 21 de
370 441 85 21 kunnat
470 442 43 21 och
528 441 59 28 gjort
602 449 51 20 nog,
670 442 29 21 dä
714 441 27 22 de
757 442 90 27 engäng
863 442 79 21 uttalat
953 442 63 21 dessa

198 472 116 27 protester.
345 471 44 21 För
412 470 46 22 min
482 471 36 22 del
540 471 41 21 har
601 471 40 28 jag
664 471 73 28 aldrig
759 470 111 29 uppfattat
885 471 131 22 ständernas

199 501 138 28 behandling
352 499 26 23 af
391 500 63 22 dessa
469 500 76 29 frägor
560 502 73 21 säsom
643 501 153 22 innebärande
806 502 75 27 nägon
892 502 123 27 protest,

198 531 41 21 och
255 531 45 21 kan
316 531 49 21 icke
381 530 70 22 heller
466 538 31 14 nu
512 533 55 26 göra
583 531 42 22 det.
656 531 45 28 Jag
715 532 71 21 måste
801 532 97 21 tvärtom
913 531 104 22 betrakta

197 561 132 22 ständernas
352 560 51 22 med
426 560 119 29 glädjande
569 561 90 29 enighet
683 560 121 23 omfattade
827 560 191 29 framställningar

199 591 41 22 och
264 592 28 27 pä
315 591 51 22 dem
385 591 115 28 grundade
515 591 118 28 petitioner
648 591 35 21 till
699 590 122 23 Monarken
837 592 72 21 såsom
925 591 92 22 innebä-

198 621 69 23 rande
283 627 28 15 en
326 620 50 22 fullt
392 620 162 29 öfvertygande
570 620 164 29 framställning
749 620 26 23 af
788 621 27 21 de
831 621 121 22 bestäende
968 621 49 22 sak-

198 651 173 21 förhållandena
394 651 42 21 och
452 652 31 20 ett
498 651 132 28 vittnesgillt
645 651 62 21 bevis
723 650 38 22 för
777 652 32 20 att
825 651 65 22 dessa
905 651 114 28 olyckliga

200 680 197 22 sakförhållanden
420 683 38 19 äro
482 680 86 22 vållade
594 681 25 21 af
639 682 32 20 ett
694 681 91 28 oriktigt
811 681 206 28 regeringssystem.

199 710 45 29 Jag
259 711 43 21 kan
319 711 50 21 icke
384 711 69 21 tänka
469 711 46 28 mig
531 711 32 21 att
578 718 52 14 man
645 717 54 15 vore
714 710 127 29 berättigad
857 712 32 20 att
904 711 56 28 hysa
976 711 42 22 den

200 740 87 22 misstro
303 740 34 21 till
352 740 140 29 regeringen,
509 742 32 19 att
557 740 42 22 den
615 740 49 22 icke
680 740 70 21 under
765 741 85 20 sådana
859 740 160 22 förhållanden

200 770 71 21 skulle
286 771 54 27 taga
355 770 86 27 hänsyn
457 770 33 21 till
507 770 64 21 dessa
586 769 196 29 framställningar,
797 771 25 20 så
833 770 89 28 mycket
933 770 86 22 mindre

200 806 47 16 som
267 807 28 14 en
309 800 92 21 rättelse
417 799 24 22 af
455 799 224 23 missförhållandena
694 800 50 21 icke
760 799 104 28 erbjuder
879 801 75 28 någon
970 801 49 21 svå-

201 830 79 29 righet.
312 829 44 29 Jag
379 829 84 22 förstår
485 830 33 21 till
534 829 54 22 fullo
605 831 32 20 att
651 830 120 28 uppskatta
787 831 32 20 att
834 830 8 21 i
858 831 31 20 ett
903 830 60 26 land,
981 830 38 22 der

201 860 43 21 den
259 859 119 22 historiska
393 859 159 29 utvecklingen
566 859 47 22 ledt
629 859 34 22 till
679 861 31 20 ett
725 859 207 29 regeringssystem,
949 860 71 28 bygdt

200 891 29 27 på
245 889 37 22 det
297 889 128 29 personliga
440 889 219 29 förgodtfinnandets
679 889 78 28 grund,
775 889 36 22 det
827 889 56 22 skall
899 897 54 15 vara
971 889 48 23 för-

201 919 68 22 enadt
284 919 51 22 med
351 919 26 22 de
394 919 55 22 allra
465 921 80 20 största
559 919 139 28 svårigheter
713 921 33 20 att
761 919 62 22 finna
834 919 41 22 och
887 919 134 29 genomföra

201 955 45 22 nya
268 949 89 25 former,
380 956 47 14 som
443 949 72 21 tillåta
529 949 79 28 lagens
624 949 61 21 makt
701 950 32 20 att
748 948 63 23 öfver
827 949 38 22 allt
881 951 69 20 annat
965 953 55 25 göra

201 979 36 28 sig
259 979 104 28 gällande
383 979 8 20 i
411 979 122 21 samhället.
565 979 51 21 Men
638 979 7 20 i
665 979 50 20 vårt
736 979 53 21 land
805 981 38 19 äro
858 979 24 27 ju
897 979 123 22 förhållan-

202 1008 58 22 dena
283 1009 49 21 icke
355 1009 90 20 sådana.
477 1008 43 21 Det
543 1008 71 29 gäller
637 1008 40 21 här
693 1008 78 22 endast
787 1010 32 19 att
835 1009 78 28 återgå
927 1009 35 21 till
977 1009 44 22 den

201 1039 29 27 på
245 1038 83 21 seklers
343 1037 137 29 bepröfvade
496 1039 72 28 grund
583 1038 77 28 bygda
676 1038 207 28 samhällsordning,
895 1045 47 15 som
954 1039 67 21 också

201 1068 71 21 under
295 1075 28 14 en
346 1070 55 19 nära
424 1067 169 29 etthundraårig
616 1067 105 29 förening
744 1067 51 22 med
819 1068 36 21 det
878 1069 61 20 stora
953 1068 68 28 ryska

201 1097 58 22 riket
282 1097 57 22 visat
362 1097 35 29 sig
417 1104 54 15 vara
486 1097 87 22 hållbar
588 1097 42 22 och
645 1097 75 28 riktig.
751 1097 46 28 Jag
811 1097 98 22 förbiser
924 1097 49 22 icke
989 1100 32 19 att

202 1127 36 22 det
262 1134 45 22 nya
329 1128 114 28 systemet,
467 1127 64 22 dessa
546 1135 17 14 s.
580 1128 20 21 k.
617 1127 108 22 reformer
739 1127 58 22 varit
813 1127 146 22 framkallade
975 1129 45 20 må-

201 1157 76 22 hända
299 1157 78 22 främst
401 1157 24 22 af
446 1164 28 15 en
489 1157 72 28 orsak,
577 1164 48 15 som
641 1157 68 22 också
724 1157 134 29 uppgifvits:
874 1157 100 23 sträfvan
990 1160 31 19 att

201 1190 103 19 närmare
327 1187 159 22 sammansluta
509 1188 37 21 det
569 1187 67 28 ryska
659 1187 150 28 kejsardömet
829 1187 52 22 med
897 1188 36 21 det
949 1187 72 22 finska

201 1217 213 22 storfurstendömet.
445 1217 52 22 Men
519 1218 40 28 jag
581 1221 24 18 är
628 1216 133 29 öfvertygad
783 1224 36 15 om
843 1218 32 21 att
890 1217 28 22 de
934 1219 87 20 senaste

202 1248 65 21 årens
283 1247 126 22 erfarenhet
425 1247 41 22 och
484 1247 27 22 de
526 1247 190 28 framställningar
731 1247 84 26 härom,
832 1254 47 15 som
890 1254 30 15 nu
931 1247 25 22 af
964 1249 57 20 stän-

204 1277 69 22 derna
295 1276 75 23 blifvit
393 1277 85 28 gjorda,
502 1277 63 22 skola
587 1277 67 22 lända
673 1277 36 21 till
724 1278 32 20 att
772 1276 116 23 efterhand
904 1276 118 29 öfvertyga

202 1307 45 21 alla
268 1307 114 22 tänkande
402 1307 67 21 också
491 1307 7 20 i
519 1308 50 21 vårt
589 1309 59 20 östra
664 1307 126 27 grannland
805 1313 43 21 om,
864 1307 59 21 hvad
939 1307 23 22 vi
977 1307 45 22 alla

202 1338 59 24 veta,
284 1337 114 27 nämligen
421 1338 32 18 att
477 1336 42 20 den
542 1339 103 17 närmare
667 1337 207 26 sammanslutning,
898 1343 48 13 som
970 1343 51 13 man

203 1363 156 28 eftersträfvat,
376 1364 49 22 icke
441 1365 30 28 på
486 1365 73 21 denna
573 1368 46 25 väg
633 1364 45 21 kan
694 1365 85 21 vinnas.
811 1364 44 22 Det
870 1365 44 21 kan
925 1365 37 21 väl
972 1364 50 22 icke

202 1394 102 22 betviflas
327 1396 34 20 att
383 1394 38 22 det
445 1394 49 22 icke
517 1394 72 22 finnes
605 1395 74 27 någon
695 1394 86 22 enskild
797 1401 86 22 person,
900 1401 48 15 som
963 1395 60 28 gjort

203 1425 25 21 så
250 1424 90 29 mycket
362 1424 39 23 för
425 1426 31 20 att
474 1424 51 22 slita
540 1424 80 22 sönder
637 1425 27 21 de
680 1424 47 23 inre
743 1423 186 30 föreningsband,
946 1424 76 23 hvilka

202 1454 71 23 under
295 1454 130 30 förgångna
444 1454 125 29 lyckligare
585 1455 24 21 år
625 1453 116 24 efterhand
757 1455 99 28 uppstått
872 1455 82 22 mellan
970 1455 51 22 Fin-

202 1485 53 22 land
279 1485 40 22 och
344 1485 117 28 Ryssland,
485 1491 47 16 som
556 1484 106 23 Finlands
682 1484 81 23 aflidne
779 1485 50 22 före
845 1485 61 22 detta
921 1485 101 29 general-

203 1519 112 25 guvernör
336 1515 91 30 general
450 1515 121 22 Bobrikoff.
603 1515 70 22 Dessa
696 1515 48 22 inre
767 1515 185 29 föreningsband,
974 1522 47 16 som
