1100 1792
159 96 38 18 An.
210 102 32 12 n:o
255 96 22 18 12
289 96 109 19 kiinteiden
410 97 157 25 pikkukoulujen
580 104 19 18 y.
612 104 25 12 m.
650 99 154 17 avustamisesta.
862 98 28 20 75

145 156 31 16 n:o
192 150 23 22 12

289 211 44 22 Till
348 211 139 29 högvördiga
502 211 172 23 Presteståndet.

143 270 38 22 Att
197 270 103 22 hemmen
316 271 7 21 i
339 272 49 21 vårt
403 271 53 22 land
472 272 7 21 i
495 271 120 22 allmänhet
630 271 50 22 icke
696 274 39 19 äro
751 271 7 21 i
775 271 65 21 stånd
851 272 38 25 att,

70 301 75 21 såsom
161 307 52 15 man
229 303 70 25 gärna
314 301 72 21 skulle
402 302 76 25 önska,
495 301 101 27 medd-la
606 301 86 21 barnen
702 301 44 21 den
756 300 70 22 första
836 300 54 22 bok-

72 330 48 28 liga
134 330 196 29 undervisningen,
346 332 54 20 utan
415 331 97 21 behöfva
527 330 61 29 hjälp
604 331 41 21 och
661 331 50 21 stöd
726 330 26 22 af
765 330 125 22 smäbarns-

70 360 83 26 skolor,
168 360 64 22 torde
248 360 91 22 allmänt
356 360 118 23 erkännas.

143 390 34 22 De
200 390 125 28 vanligaste
347 390 162 22 barnskolorna
529 392 29 26 pä
576 390 154 28 landsbygden
747 393 38 19 äro
801 390 27 22 de
844 396 46 15 am-

73 419 137 23 bulatoriska
227 420 54 21 eller
296 420 109 28 flyttande
421 420 110 22 skolorna.
562 420 77 28 Enligt
654 419 114 29 uppgifter
783 420 7 21 i
806 419 84 29 Bidrag

70 449 36 22 till
128 450 107 21 Finlands
258 449 105 23 officiella
386 450 96 22 statistik
502 450 28 22 X.
548 451 35 20 31.
615 449 114 22 Statistisk
745 449 107 23 öfversikt
868 448 26 22 af

71 479 258 29 barnaundervisningen
345 480 32 21 uti
394 480 253 28 evangelisk-lutherska
663 480 41 21 och
720 479 170 29 grekisk-ryska

69 508 188 30 församlingarna
277 510 6 21 i
304 510 95 22 Finland
420 511 25 21 är
463 511 53 21 1901
534 510 98 29 uppgick
646 510 99 21 nämnda
761 510 24 21 är
801 509 27 22 de
844 516 46 14 am-

71 539 138 22 bulatoriska
230 540 114 21 skolornas
367 540 61 21 antal
448 540 34 21 till
504 540 62 24 1,056
583 540 42 22 och
640 539 160 22 undervisades
815 539 7 21 i
838 538 52 22 dem

74 570 94 26 185,000
183 570 62 21 barn.
277 569 70 22 Dessa
363 569 73 23 siffror
451 577 53 15 vore
520 570 91 28 mycket
626 569 128 29 glädjande,
772 576 36 14 om
824 568 42 22 den
883 569 7 21 i

71 599 29 22 de
123 600 174 21 ambulatoriska
318 600 106 21 skolorna
447 600 130 22 meddelade
602 599 189 28 undervisningen
815 598 75 22 kunde

71 629 121 23 betecknas
208 636 46 15 som
272 636 27 15 en
315 630 7 20 i
337 630 77 28 regeln
430 629 205 23 tilliredsställande
652 628 237 28 barnaundervisning.

71 659 51 23 Men
146 660 82 28 många
250 659 153 22 törhällanden
426 662 62 26 göra,
510 661 33 20 att
566 660 42 22 den
631 658 43 22 blir
695 660 43 20 rätt
760 658 127 29 bristfällig.

71 689 76 22 Andra
170 690 143 28 olägenheter
335 689 75 22 kunde
433 690 35 21 väl
493 689 51 22 med
564 689 62 22 tiden
649 688 118 29 afhjälpas,
789 695 51 15 men
860 688 29 22 dä

70 719 104 22 skolorna
194 719 19 28 ej
236 722 37 18 äro
293 719 141 22 verksamma
454 726 47 15 mer
520 722 30 19 än
565 720 7 21 i
589 718 105 23 medeltal
708 725 41 15 sex
763 718 83 22 veckor
861 720 29 26 pä

72 749 76 29 hvarje
168 749 64 29 plats,
252 749 69 21 hinna
336 749 85 22 barnen
436 749 20 28 ej
473 749 78 28 vänjas
566 749 39 22 vid
620 748 203 29 uppmärksamhet,
840 748 49 22 ord-

70 779 62 29 ning,
148 779 112 29 snygghet
275 779 40 21 och
333 780 32 21 ett
380 780 146 28 regelbundet
542 779 82 27 arbete,
641 778 76 22 förrän
732 778 89 22 läraren
836 778 54 22 eller

71 809 127 22 lärarinnan
214 809 86 29 nödgas
315 809 75 22 lemna
405 809 51 22 dem
471 808 35 23 för
522 810 32 21 att
570 810 47 21 åter
632 808 64 28 börja
711 808 50 22 från
771 808 79 28 början
860 809 30 27 på

70 841 33 20 ett
126 841 67 20 annat
216 839 63 22 ställe
303 839 51 22 med
375 839 70 22 andra
466 840 62 21 barn.
559 839 36 22 Då
610 839 76 21 skolan
703 840 32 20 ett
750 838 99 28 följande
865 839 25 20 år

71 869 139 27 återvänder,
236 870 121 21 återvända
380 868 75 23 därför
474 869 121 29 ingalunda
610 869 64 21 alltid
689 868 92 26 barnen,
798 868 41 22 och
855 868 34 26 de,

70 907 48 15 som
134 902 55 27 göra
205 900 43 25 det,
264 900 29 21 ha
309 900 71 29 glömt
395 898 75 24 alltför
485 899 89 29 mycket
590 898 25 23 af
628 899 58 22 hvad
703 898 27 23 de
746 898 96 29 tidigare
856 898 33 21 in-

73 930 83 22 hemtat
173 930 42 22 och
231 931 53 20 vant
299 930 35 29 sig
349 929 45 23 vid.

143 960 34 22 De
200 960 174 22 ambulatoriska
397 960 104 22 skolorna
525 960 29 21 ha
574 959 47 22 haft
643 959 41 22 och
704 958 68 22 hafva
787 961 58 19 ännu
862 965 28 15 en

71 989 75 30 viktig
160 990 98 25 mission,
274 997 51 15 men
341 990 39 22 det
394 997 66 20 synes
476 997 46 14 som
539 997 36 14 om
591 989 27 22 de
634 989 40 22 hos
690 995 42 20 oss,
748 989 80 21 liksom
838 988 51 21 tidi-

72 1027 55 21 gare
150 1020 59 21 varit
231 1019 62 22 fallet
315 1020 3 21 i
337 1019 114 28 Tyskland
471 1020 42 21 och
529 1019 99 28 Sverige,
645 1019 140 28 småningom
801 1019 89 21 komme

72 1051 32 20 att
126 1049 80 22 aflösas
230 1049 24 22 af
276 1049 57 22 fasta
357 1049 128 22 småskolor.
517 1049 35 22 Då
575 1049 109 22 lärotiden
705 1049 7 20 i
734 1055 27 15 en
781 1048 109 28 flyttande

72 1079 63 23 sokla
158 1080 54 21 ökas
235 1079 34 22 till
294 1081 25 20 12
343 1079 83 22 veckor
447 1087 36 14 om
504 1081 53 25 året,
578 1079 76 28 börjar
674 1079 77 21 skolan
766 1079 68 21 redan
851 1079 38 28 på-

72 1110 76 22 minna
171 1117 36 15 om
231 1117 27 15 en
281 1109 43 22 fast
347 1109 69 22 skola.
447 1109 86 22 Verkar
552 1109 78 22 skolan
650 1109 38 21 det
707 1108 83 22 dubbla
806 1108 84 22 antalet

72 1140 83 22 veckor
177 1140 52 21 med
252 1147 38 14 ens
313 1141 30 27 på
363 1146 85 15 samma
468 1139 64 22 ställe
552 1139 54 22 eller
622 1139 104 28 slutligen
743 1138 103 29 omkring
861 1139 29 20 30

72 1170 82 22 veckor
170 1177 36 15 om
222 1170 53 27 året,
291 1173 25 18 är
333 1169 43 22 den
392 1169 58 22 fasta
465 1169 125 22 småskolan
607 1169 80 28 färdig.

142 1200 78 22 Delvis
242 1201 30 28 på
295 1200 60 21 detta
378 1201 50 25 sätt,
455 1200 1 21 i
479 1201 81 27 många
583 1198 39 22 fall
646 1198 66 22 äfven
732 1198 73 22 direkt
823 1197 67 22 hafva

71 1231 71 21 under
158 1230 28 22 de
201 1230 54 22 sista
270 1230 132 22 årtiondena
417 1230 41 21 hos
474 1236 34 15 oss
524 1229 139 29 uppkommit
678 1230 31 20 ett
725 1228 50 22 icke
790 1229 25 21 så
825 1228 65 28 ringa

72 1260 61 22 antal
156 1261 58 21 fasta
236 1260 130 22 småskolor.
397 1254 32 27 År
452 1260 52 21 1901
528 1258 99 30 uppgick
648 1259 60 21 detta
724 1258 60 22 antal
796 1258 34 21 till
846 1258 44 21 320

72 1290 75 22 skolor
162 1290 50 21 med
231 1291 78 25 11,000
325 1290 81 27 elever,
422 1289 42 22 och
480 1289 68 22 sedan
564 1289 50 22 dess
629 1289 30 20 ha
674 1288 75 21 säkert
764 1289 71 27 några
850 1288 40 21 tio-

71 1320 33 21 tal
118 1327 46 21 nya
179 1320 75 21 skolor
269 1319 134 22 tillkommit.

144 1349 52 22 Man
211 1349 41 22 har
267 1348 88 23 befarat
365 1351 33 20 att
408 1349 152 21 småskolorna
570 1348 71 21 skulle
651 1347 81 22 hindra
742 1347 148 28 uppkomsten

73 1382 24 19 at
113 1379 114 29 egentliga
240 1378 130 27 folkskolor,
387 1379 6 21 i
410 1379 37 22 det
463 1378 110 29 allmogen
590 1377 71 23 skulle
676 1377 52 28 nöja
738 1377 37 28 sig
784 1377 52 22 med
847 1377 43 21 den

72 1409 161 27 undervisning
241 1402 10 38 .
252 1409 85 21 barnen
357 1409 75 20 kunde
450 1408 85 21 erhålla
550 1408 6 21 i
572 1407 136 26 smäskolan;
725 1414 52 14 men
793 1406 97 22 erfaren-

72 1438 68 21 heten
159 1438 41 21 har
219 1439 96 20 tvärtom
335 1437 64 26 visat,
418 1438 33 20 att
467 1437 40 20 där
522 1437 37 21 det
574 1437 81 20 största
670 1435 84 22 antalet
769 1435 121 22 folkskolor

73 1467 79 26 finnas,
174 1467 40 21 där
233 1466 149 22 förekommer
397 1465 66 22 äfven
480 1466 42 21 den
538 1467 80 20 största
630 1465 115 29 mängden
761 1464 128 21 småskolor.

73 1497 99 22 Sålunda
187 1497 41 22 har
244 1503 27 16 en
287 1495 173 30 svenskspråkig
475 1495 106 22 kommun
596 1495 7 21 i
620 1489 142 27 Österbotten
775 1494 71 28 jämte
864 1495 26 20 12
