1111 1800
210 116 45 33 804
440 120 131 24 Pappissääty
584 120 79 18 huhtik.
675 120 24 17 14
710 125 18 18 p.
741 120 53 18 1905.

210 174 133 22 huolimatta
362 174 57 26 siitä,
436 174 58 22 onko
511 181 23 15 se
550 174 59 22 rikas
624 174 32 21 tai
671 173 81 28 köyhä,
766 173 54 28 joka
836 172 83 22 koskee
934 172 94 28 yksilöä,

210 204 132 21 huolimatta
357 204 58 25 siitä,
432 204 58 21 onko
506 204 44 21 hän
565 203 56 22 mies
635 203 32 21 tai
678 203 88 25 nainen,
777 202 79 22 nainut
864 203 33 21 tai
908 202 119 22 naimaton.

281 232 61 22 Minä
358 233 37 21 siis
411 233 91 28 pyydän
518 233 157 28 pappissäätyä
689 232 170 28 hyväksymään
873 234 73 19 tämän
957 227 71 38 pykä-

210 263 38 22 län
268 262 117 30 sellaisena
399 263 55 22 kuin
469 270 24 15 se
508 269 29 16 on
553 263 156 22 kolmannessa
723 262 181 22 vastalauseessa.
936 261 92 29 (Aänes-

210 293 46 28 tys!
272 292 136 28 Äänestys!).

282 363 121 23 Professori
430 363 126 28 Rosengvist:
587 363 44 29 Jag
653 363 41 22 ber
717 365 31 20 att
771 362 23 22 fä
816 365 60 26 yttra
896 363 71 28 nägra
989 362 40 23 ord

211 393 51 22 med
278 393 121 28 anledning
415 393 25 22 af
452 393 79 29 biskop
547 393 116 29 Räberghs
679 395 86 20 senaste
782 393 148 28 andragande.

281 430 83 28 Biskop
384 429 105 29 Rähbergh
510 429 40 22 har
568 429 57 23 först
640 429 60 22 velat
716 429 77 22 fastslå
808 431 73 20 såsom
897 430 31 21 ett
943 428 86 23 faktum

211 461 32 20 att
258 459 201 29 stadsfullmäktige
475 460 49 21 icke
540 461 153 28 representera
702 460 51 21 hela
763 459 81 22 folkets
855 459 98 28 mening.
979 459 50 22 Ifall

211 490 61 21 detta
287 493 25 18 är
328 491 30 20 ett
375 489 85 22 faktum
476 490 41 21 bör
532 490 37 21 det
584 497 55 14 vara
654 491 31 20 ett
701 490 68 21 motiv
785 489 34 22 till
834 491 32 20 att
882 489 69 22 ändra
967 489 61 22 kom-

211 519 239 29 munalförfattningen
467 520 7 21 i
490 527 27 14 en
534 520 68 21 sädan
617 520 100 28 riktning
733 521 32 20 att
780 519 80 22 folkets
871 519 82 22 äsikter
963 519 65 22 verk-

210 549 61 29 ligen
287 551 29 28 pä
332 551 31 20 ett
378 549 186 29 ändamälsenligt
579 551 43 20 sätt
638 549 71 22 blifva
725 549 187 28 representerade,
929 557 51 14 men
992 549 37 22 det

211 583 25 19 är
258 580 67 29 ingen
342 579 121 29 anledning
478 581 33 20 att
527 579 138 23 beträffande
681 579 100 23 enskilda
796 579 76 29 frägor
888 579 92 29 vidtaga
995 586 33 16 re-

210 610 326 29 presentationsförändringar.

281 646 84 29 Biskop
388 646 106 29 Räbergh
517 647 40 21 har
578 646 83 23 erinrat
676 653 36 15 om
728 646 27 22 de
771 648 60 20 stora
846 645 118 28 frestelser,
981 652 47 16 som

210 677 164 28 rusdryckerna
389 677 76 21 kunna
480 676 70 29 skapa
565 677 41 22 och
622 676 104 23 särskildt
742 676 76 28 vädjat
828 676 34 21 till
874 675 155 23 erfarenheten

210 706 49 23 frän
281 706 151 29 fängelserna.
464 706 44 29 Jag
529 708 46 21 tror
590 708 33 20 att
636 707 40 28 jag
691 706 85 22 kanske
792 713 47 15 mer
855 709 28 18 än
900 707 26 21 de
942 706 63 22 flesta
1021 706 8 21 i

210 737 61 22 detta
286 737 65 22 stånd
367 737 7 21 i
391 737 37 21 det
444 736 113 23 afseendet
573 737 43 22 kan
633 737 97 28 åberopa
745 736 161 27 erfarenheten,
924 736 7 22 i
947 736 37 22 det
997 737 31 21 att

207 768 41 28 jag
265 768 31 21 ett
312 768 36 21 års
364 767 33 22 tid
412 767 54 22 flere
481 767 89 22 timmar
586 767 77 28 hvarje
679 767 44 28 dag
738 766 79 23 besökt
827 765 122 30 fängelsets
961 766 68 23 cellar

210 798 41 21 och
267 796 73 23 blifvit
356 798 8 21 i
379 797 77 28 rikligt
471 797 90 22 tillfälle
578 799 32 20 att
620 797 116 28 verkligen
750 797 127 22 konstatera
888 797 37 22 det
935 796 92 29 faktum,

210 829 32 20 att
257 827 163 29 rusdryckerna
436 827 72 22 drifva
524 834 28 15 en
567 829 46 20 stor
629 827 82 28 mängd
726 827 128 22 människor
864 827 34 22 till
908 827 119 28 fängelset.

209 857 52 22 Men
277 857 41 22 här
333 861 25 18 är
372 864 30 15 nu
417 857 51 22 icke
484 857 64 28 fräga
564 857 81 22 derom.
678 857 111 22 Utskottet
805 857 47 26 har,
864 859 72 20 säsom
946 857 83 29 tydligt

209 887 99 28 framgär
324 887 26 22 af
363 887 49 22 dess
428 887 147 26 betänkande,
593 887 122 28 ingalunda
730 887 60 21 ställt
805 887 35 28 sig
854 889 30 26 pä
900 887 42 22 den
953 887 75 22 ständ-

209 917 107 29 punkten,
333 919 32 20 att
380 924 52 14 man
448 917 50 22 icke
514 917 40 22 bör
567 917 54 22 söka
632 917 120 22 inskränka
764 917 64 22 dessa
838 916 117 23 frestelser.
982 917 45 22 Me-

209 947 180 29 ningsolikheten
404 947 72 28 gäller
490 947 57 22 blott
563 950 72 26 vägen
651 947 41 22 och
709 947 94 22 medlen.

280 983 84 28 Biskop
387 983 105 28 Räbergh
515 983 40 21 har
578 983 83 22 erinrat
681 982 76 23 derom
778 984 32 20 att
833 982 38 29 lag
886 982 80 22 fostrar
982 983 45 22 sed.

208 1013 69 22 Detta
293 1017 25 18 &r
334 1020 27 15 en
377 1013 102 29 sanning,
496 1020 47 15 som
556 1013 41 29 jag
612 1013 37 22 för
664 1013 45 22 min
721 1013 36 22 del
767 1012 113 29 själffallet
890 1013 50 22 icke
951 1013 76 22 nekar.

208 1043 44 22 Det
276 1046 24 19 är
324 1043 56 22 blott
404 1043 122 28 medaljens
550 1043 69 22 andra
637 1043 49 21 sida
701 1050 47 15 som
762 1043 40 28 jag
818 1043 6 20 i
841 1043 61 22 detta
917 1049 110 16 samman-

209 1075 60 26 hang
292 1073 60 22 velat
374 1072 124 27 framhälla,
523 1079 27 16 en
574 1073 54 28 sida,
644 1079 47 15 som
711 1072 93 22 kommit
819 1073 34 21 till
868 1072 89 29 uttryck
973 1073 7 21 i
996 1074 32 21 ett

208 1103 115 22 uttalande
339 1102 26 22 af
377 1109 28 15 en
421 1103 25 21 af
460 1103 42 21 den
518 1103 95 22 svenska
628 1103 160 27 nykterhetens
800 1101 93 23 främsta
904 1103 41 21 och
956 1103 71 21 äldsta

208 1134 184 27 representanter,
411 1134 31 21 ett
457 1132 120 28 uttalande,
593 1132 86 22 hvilket
693 1133 45 21 han
753 1133 29 27 pä
798 1132 62 22 detta
872 1134 44 20 sätt
924 1131 103 23 formule-

208 1164 41 21 rat.
281 1163 51 21 Han
348 1165 75 25 säger:
448 1162 40 27 ,Vi
504 1162 23 22 få
542 1163 49 21 icke
607 1164 69 20 trösta
691 1164 29 27 pä
736 1162 90 22 makten
842 1162 25 21 af
880 1163 147 27 tvängsät-

208 1193 113 28 gärder,
338 1194 53 20 utan
406 1192 79 22 främst
501 1192 83 22 sträfva
599 1194 32 20 att
647 1192 69 22 sända
731 1192 96 29 sanning
840 1192 42 22 och
892 1192 135 28 upplysning

209 1223 7 21 i
227 1223 75 21 ämnet
313 1223 24 20 ut
347 1222 34 21 till
397 1223 50 26 alla,
464 1223 29 27 pä
509 1222 37 22 det
561 1224 32 20 att
614 1222 125 22 ändrade
755 1220 216 30 öfvertygelser
986 1222 41 21 hos

209 1253 37 21 det
262 1252 53 27 folk,
332 1259 47 14 som
395 1253 40 20 har
451 1253 25 20 sä
486 1253 54 20 stort
552 1251 121 28 inflytande
684 1253 29 27 pä
723 1251 177 29 lagstiftningen,
911 1253 37 20 mä
958 1251 69 22 verka

208 1282 99 22 ändrade
330 1282 83 28 lagar
436 1282 43 21 och
500 1282 37 21 det
559 1282 68 21 sedan
643 1281 98 22 ändrade
757 1282 84 21 seder
856 1281 73 28 börjat
945 1281 83 22 bereda

207 1312 94 29 lagarna
324 1314 74 26 öppen
421 1311 42 22 och
484 1311 62 28 jämn
567 1313 63 27 väg."
663 1311 49 22 Den
728 1310 54 23 fulla
797 1311 124 28 sanningen
937 1311 90 22 komma

208 1341 23 21 vi
246 1342 34 20 till
296 1341 77 21 endast
389 1348 82 21 genom
487 1343 32 18 att
534 1341 46 20 låta
591 1341 64 20 dessa
665 1341 58 20 båda
734 1341 59 20 sidor
803 1341 148 27 komplettera
961 1341 65 20 hvar-

208 1371 76 26 andra,
301 1370 43 21 den
360 1369 25 22 af
398 1370 47 28 mig
460 1370 132 21 markerade
609 1370 41 21 och
668 1370 42 21 den
721 1369 25 22 af
754 1369 79 28 biskop
844 1369 104 29 Råbergh
960 1369 66 22 fram-

208 1400 82 25 hållna,
307 1401 32 20 att
354 1400 38 28 lag
407 1399 81 22 fostrar
503 1399 45 22 sed.

212 1455 10 4 <
250 1424 14 39 =
279 1429 84 29 Biskop
386 1429 105 28 Råbergh
514 1429 41 22 har
578 1429 106 29 åberopat
707 1429 37 22 det
767 1429 86 22 kristna
875 1428 81 23 folkets
974 1430 51 21 röst.

207 1459 73 22 Äfven
301 1459 40 29 jag
364 1459 64 28 böjer
452 1459 46 29 mig
521 1459 62 28 djupt
606 1458 38 23 för
667 1459 73 22 denna
762 1461 52 24 röst,
831 1459 41 22 och
886 1460 40 28 jag
941 1460 37 21 vet
994 1460 32 21 att

208 1490 73 22 denna
297 1492 46 19 röst
358 1493 25 18 är
399 1489 61 22 Guds
476 1491 51 20 röst.
559 1489 51 22 Men
627 1489 36 22 det
679 1489 85 22 kristna
779 1489 80 22 folkets
874 1491 46 21 röst
936 1492 25 19 är
976 1489 49 23 icke

208 1520 96 23 identisk
320 1520 50 22 med
386 1521 75 21 rösten
477 1519 25 22 af
516 1520 27 21 de
558 1526 90 20 massor,
665 1526 47 15 som
728 1527 82 22 genom
820 1520 108 29 agitation
939 1519 87 23 drifvits
