1117 1798
194 116 49 35 486
434 119 130 24 Pappissääty
576 118 81 18 helmik.
669 118 11 18 7
693 124 18 18 p.
725 117 52 18 1905.

200 172 72 23 denna
292 172 154 22 beskaffenhet
465 172 85 21 kunnat
569 171 76 29 begås,
665 171 128 28 gerningar,
816 176 48 16 som
883 169 62 23 förut
960 170 57 21 varit

199 202 47 22 helt
261 202 41 21 och
318 202 70 21 hället
402 201 139 22 främmande
557 200 38 22 för
611 202 49 20 värt
675 200 113 22 samhälle.
816 199 50 22 Men
880 200 41 28 jag
931 199 40 22 ber
981 199 35 22 til-

199 232 47 21 lika
267 233 32 20 att
318 231 23 22 fä
363 234 55 25 säga
436 231 37 22 det
487 230 41 29 jag
543 232 52 23 tror,
612 232 32 20 att
660 230 37 21 det
712 229 72 22 finnes
799 229 61 27 flere,
875 229 78 22 hvilka
968 229 50 22 icke

199 261 71 22 uttala
289 261 35 28 sig
345 261 7 21 i
372 261 73 22 denna
465 260 40 22 sak
526 261 42 21 och
589 267 48 14 som
653 259 116 22 underläta
789 261 33 20 att
837 261 55 26 göra
908 258 43 27 det,
968 259 50 22 icke

200 291 95 22 emedan
311 291 28 22 de
353 291 72 21 skulle
440 291 51 21 med
507 290 86 22 mindre
609 289 63 28 afsky
689 289 102 22 betrakta
801 289 84 22 sädana
895 289 123 28 gerningar

199 327 49 16 som
268 320 42 23 den
329 319 177 30 ifrågavarande,
527 321 54 21 utan
603 320 94 22 emedan
712 319 28 22 de
756 326 53 15 anse
826 320 31 21 att
873 319 38 22 det
927 321 25 19 är
967 318 49 23 full-

201 350 93 29 komligt
315 351 57 21 orätt
392 351 32 21 att
444 357 39 15 ens
503 349 122 23 misstänka
644 351 32 20 att
696 349 84 22 sädana
801 349 121 29 gerningar
944 349 74 22 skulle

198 380 69 23 hafva
289 381 69 28 nägot
379 380 120 22 understöd
520 380 39 21 hos
584 379 105 23 Finlands
710 379 95 22 ständer.
844 379 81 28 (Hyvä,
946 379 72 28 hyvä-

202 410 111 29 huutoja!)

271 457 75 30 Piispa
361 455 99 30 Räbergh:
477 457 74 22 Sedan
566 456 111 30 professor
691 457 140 22 Hermanson
841 458 70 27 yttrat
920 457 42 28 sig,
974 457 44 21 kan

200 488 41 28 jag
251 489 52 20 utan
315 487 76 22 vidare
402 487 81 22 förena
491 488 47 28 mig
546 494 35 15 om
590 487 55 22 hans
653 487 114 22 uttalande
777 487 42 22 och
826 489 30 26 pä
864 493 85 16 samma
957 487 62 29 gäng

201 517 88 22 ansluta
300 518 46 29 mig
356 517 34 22 till
401 517 37 22 det
449 517 110 28 yttrande,
571 525 48 14 som
629 519 90 26 prosten
729 517 75 22 Walle
815 517 95 29 tidigare
922 516 95 30 afgifvit.

272 571 121 22 Professori
417 571 128 28 Rosengvist:
571 571 39 22 Att
634 571 112 22 diskutera
772 571 137 27 företeelser,
936 570 84 23 sädana

200 608 49 15 som
265 601 42 22 den
323 601 7 22 i
346 602 41 28 gär
402 601 90 26 timade,
509 603 32 20 att
557 601 98 28 allsidigt
671 601 41 22 och
729 601 86 22 rättvist
830 601 78 28 belysa
924 601 42 22 och
981 600 37 23 be-

202 631 66 22 döma
287 631 50 22 dem
354 631 41 22 och
411 631 68 22 sedan
495 633 29 27 pä
539 631 72 28 grund
627 630 66 22 häraf
705 630 86 29 afgifva
806 631 214 28 opinionsyttringar

201 661 7 22 i
229 661 43 22 den
287 667 43 16 ena
345 661 54 22 eller
414 661 70 22 andra
499 661 134 28 riktningen,
649 663 26 19 är
690 661 70 28 enligt
775 661 46 22 min
837 661 91 28 mening
943 662 76 27 nägot,

202 697 47 16 som
265 691 49 22 icke
330 691 87 28 äligger
432 691 125 22 ständerna.
584 691 44 28 Jag
643 692 70 21 mäste
729 690 78 23 derför
822 691 41 22 och
874 691 52 22 med
936 691 82 22 anslut-

201 721 55 28 ning
270 720 36 23 till
321 721 110 28 professor
446 721 151 22 Hermansons
607 720 114 23 uttalande
732 721 83 26 derom,
827 722 30 20 att
868 721 91 28 tystnad
969 720 51 22 icke

201 750 37 23 får
258 751 124 28 misstydas,
401 751 45 21 helt
462 751 41 22 och
519 751 68 22 hållet
603 750 85 22 afhälla
704 751 46 28 mig
765 750 50 23 från
831 752 32 20 att
878 750 57 23 fälla
950 752 69 27 något

202 781 102 22 omdöme
319 781 55 22 eller
389 781 69 21 uttala
474 781 47 28 mig
536 781 8 21 i
560 781 73 21 denna
648 779 70 30 fråga.

272 834 183 29 Lääninprovasti
465 835 70 22 Walle:
548 834 51 22 Kun
609 835 60 21 minä
678 835 148 22 ensimäisenä
834 835 80 28 pyysin
922 835 96 28 puheen-

204 871 83 15 vuoroa
302 866 59 20 tässä
376 865 104 21 ikävässä
495 865 89 25 asiassa,
601 871 28 15 en
642 864 43 21 sitä
700 865 79 27 tehnyt
789 865 164 22 herättääkseni
964 865 56 21 min-

201 894 162 22 käännäköistä
386 894 147 22 keskustelua.
565 894 60 22 Minä
648 893 62 29 pidin
732 894 214 26 velvollisuutenani,
962 895 57 21 niin-

202 924 55 22 kuin
277 924 84 27 sanoin,
380 924 60 28 juuri
459 924 164 29 pappissäädyn
637 924 114 28 jäsenenä,
768 924 103 22 Jumalan
888 932 69 14 sanan
972 924 47 29 pal-

201 954 98 27 velijana
315 954 68 22 saada
398 954 123 22 lausutuksi
536 954 144 28 mielipiteeni
697 955 60 21 tässä
772 954 82 22 asiassa
867 954 25 28 ja
903 954 65 22 olisin
978 954 41 22 toi-

201 985 75 23 vonut,
292 986 45 20 että
353 991 23 15 se
393 984 48 22 olisi
457 985 78 21 saanut
548 984 69 28 jäädä
632 984 77 21 silleen
725 984 68 22 ilman
810 984 207 22 minkäännäköistä

201 1020 39 15 sen
261 1016 107 26 enempää
388 1013 146 23 keskustelua.
565 1014 34 22 En
622 1014 37 21 voi
675 1013 136 23 kuitenkaan
827 1014 44 22 olla
886 1014 132 22 lausumatta

200 1044 75 20 tämän
292 1043 142 22 keskustelun
449 1043 109 28 johdosta,
573 1044 60 28 jossa
649 1043 152 29 mielihyvällä
816 1044 49 22 olen
877 1044 86 21 kuullut
974 1045 45 21 että

202 1073 111 21 ainakaan
328 1073 90 28 yleinen
434 1073 113 29 mielipide
563 1074 20 22 ei
599 1073 35 22 ole
645 1073 42 22 sitä
698 1075 98 25 vastaan,
807 1074 55 21 mitä
873 1074 147 28 mielipidettä

202 1103 60 21 minä
280 1102 94 27 lausuin,
395 1102 76 22 lisäksi
493 1104 45 21 että
558 1102 150 29 mielipahalla
729 1104 50 21 olen
795 1103 85 22 kuullut
895 1104 47 21 tätä
958 1104 61 21 asiaa

200 1132 129 28 pidettävän
345 1132 106 22 vieraana
466 1132 186 30 pappissäädylle,
669 1132 49 22 sillä
733 1133 48 21 niin
795 1133 70 22 lausui
877 1136 48 19 eräs
936 1133 84 29 puhuja

200 1163 54 21 ettei
270 1169 23 15 se
309 1162 68 22 kuulu
393 1163 174 28 pappissäätyyn
583 1163 22 28 ja
620 1164 46 20 että
676 1169 24 15 se
711 1170 27 14 on
750 1164 73 21 vieras
833 1163 185 29 pappissäädylle.

200 1192 34 21 En
251 1192 34 22 ole
300 1193 171 27 pyytänytkään
487 1195 46 19 että
547 1192 145 29 pappissääty
705 1194 94 26 säätynä
809 1194 83 20 mitään
903 1193 116 22 lausuntoa

200 1222 87 26 antaisi,
303 1223 62 20 minä
379 1222 51 22 olen
446 1224 110 26 pyytänyt
566 1222 124 28 yksityisen
701 1222 144 29 mielipiteeni
856 1222 161 29 pöytäkirjaan.

260 1276 100 21 Provasti
381 1276 99 22 Hellman:
501 1276 61 21 Minä
581 1283 57 15 vaan
654 1276 101 22 ilmoitan
769 1276 108 28 yhtyväni
894 1276 125 29 pääasialli-

199 1305 53 22 sesti
268 1305 119 30 professori
403 1305 115 22 Donnerin
534 1305 139 27 lausuntoon,
689 1307 22 28 ja
725 1307 98 27 provasti
833 1306 89 22 Wallen
933 1307 85 21 viimei-

198 1342 40 13 sen
253 1335 125 21 lausunnon
392 1336 104 26 johdosta
512 1336 83 20 tahdon
612 1335 174 28 mielipiteenäni
802 1336 83 27 lausua,
897 1336 52 21 ettei
960 1336 58 21 suin-

201 1363 59 22 kaan
276 1363 89 22 kukaan
381 1364 164 28 pappissäädyn
560 1364 109 27 jäsenistä
685 1365 34 21 ole
734 1365 88 28 pitänyt
837 1367 47 19 tätä
899 1365 61 21 asiaa
970 1364 48 23 sille

198 1393 118 22 kokonaan
340 1394 113 26 vieraana,
476 1395 70 20 mutta
567 1394 62 28 kyllä
649 1393 66 22 niistä
731 1394 75 28 syistä,
821 1395 63 27 jotka
899 1394 119 29 professori

198 1423 140 22 Hermanson
355 1423 143 22 lausuntonsa
513 1424 89 29 lopussa
617 1423 104 27 mainitsi,
737 1426 183 27 tarpeettomana.

269 1477 86 22 Pastori
375 1478 84 22 Fontell:
483 1477 44 30 Jag
551 1478 39 22 ber
612 1480 31 20 att
659 1477 23 23 få
698 1478 79 23 förena
793 1479 47 28 mig
855 1486 36 15 om
907 1478 111 30 professor

197 1508 102 22 Donners
315 1508 120 22 uttalande.
