1100 1798
194 116 65 23 Prvk.,
272 117 58 19 Ltvk.
341 119 23 22 ja
376 118 50 18 Vvk.
439 119 163 24 valiokuntatyön
615 120 170 18 toimittamisesta.
854 122 44 20 465

152 170 75 28 Piispa
245 168 100 31 Räbergh:
361 172 45 29 Jag
421 173 40 21 har
476 173 50 22 icke
542 172 59 23 förut
617 174 8 21 i
641 173 61 22 afton
717 174 80 28 begärt
813 174 62 22 ordet
891 174 7 22 i

80 200 74 22 denna
175 199 69 30 fråga,
266 208 51 15 men
338 199 29 25 dä
388 203 152 22 diskussionen
560 204 77 28 tyckes
652 204 103 21 utveckla
771 204 35 28 sig
821 204 33 22 till
870 211 28 15 en

79 233 75 25 öppen
170 231 144 28 omröstning,
332 239 66 15 anser
410 233 40 27 jag
466 233 46 28 mig
528 234 65 21 äfven
609 234 55 21 böra
680 236 82 18 nämna
777 235 70 27 några
858 234 40 21 ord

79 259 37 22 för
131 261 32 20 att
179 260 155 22 känneteckna
350 262 46 20 min
411 262 141 28 ståndpunkt.

151 289 47 30 Jag
218 289 40 22 vill
281 290 28 21 då
329 290 57 22 först
406 294 54 25 säga
482 293 30 20 att
533 292 28 26 vi,
578 292 70 28 enligt
663 292 46 21 min
724 292 75 26 tanke,
817 292 27 22 då
860 292 38 22 det

80 318 72 29 gäller
167 320 31 20 att
214 319 81 28 kämpa
312 321 45 21 mot
373 322 31 20 ett
419 320 81 29 laglöst
514 321 105 27 tillstånd,
636 322 70 21 måste
722 322 55 21 söka
793 323 31 20 att
835 322 8 21 i
854 322 44 22 alla

79 348 121 22 afseenden
211 348 59 29 följa
280 349 43 29 lag,
333 350 31 28 ja,
381 350 2 21 i
394 350 81 22 minsta
486 351 97 28 detaljer.
595 351 35 21 Dä
639 351 39 28 jag
686 352 65 28 utgär
759 351 105 26 härifrän,
874 354 24 20 är

80 378 38 22 det
133 378 46 22 min
193 379 73 27 tanke,
279 381 31 20 att
322 380 42 22 den
376 380 103 28 gällande
490 381 145 29 grundlagen,
647 381 249 29 landtdagsordningen,

80 408 50 22 med
147 409 104 22 atseende
267 411 13 20 ä
295 409 149 23 förevarande
460 410 64 30 fråga
540 410 72 29 gifver
623 411 90 22 alldeles
723 411 121 29 tillräcklig
855 412 42 21 och

79 438 49 22 klar
144 438 143 30 vägledning.
318 440 119 22 Utskotten
453 441 55 21 böra
524 441 82 27 arbeta,
618 441 68 22 sedan
698 441 27 21 de
736 448 27 15 en
775 443 61 27 gäng
846 440 50 23 blif-

78 469 34 21 vit
131 468 98 28 tillsatta,
252 470 40 22 och
313 470 28 22 de
361 470 55 22 böra
436 470 77 22 arbeta
528 473 52 19 utan
597 471 43 21 alla
656 471 63 21 sökta
735 470 63 22 förut
813 471 84 22 fattade

79 498 117 29 meningar
207 500 116 28 angående
334 501 66 20 sättet
410 500 38 22 för
461 500 61 22 deras
539 494 125 39 verksamhet
685 500 57 22 intill
753 501 49 21 dess
811 502 27 21 de
846 500 50 22 full-

78 528 60 29 gjort
148 529 38 21 sitt
197 529 75 21 arbete
284 529 54 22 eller
348 530 57 21 intill
417 530 49 21 dess
478 530 134 29 landtdagen
624 530 97 22 afslutas.
752 530 68 23 Detta
830 538 66 21 synes

78 566 55 14 vara
144 558 120 22 innehället
275 559 7 21 i
293 559 254 29 landtdagsordningens
558 560 173 28 bestämningar,
745 561 41 21 och
796 561 40 28 jag
848 562 48 20 tän-

79 588 40 22 ker
134 590 32 20 att
178 588 36 22 det
225 588 41 22 bör
278 596 52 14 vara
341 589 55 21 allas
407 590 64 21 deras
482 590 98 22 innersta
591 589 104 27 sträfvan,
707 590 76 22 hvilka
794 590 54 28 vilja
858 590 38 22 vid

78 618 136 29 landtdagen
231 620 124 21 motarbeta
371 619 42 22 den
429 620 116 28 laglöshet,
556 627 47 15 som
614 627 28 15 en
652 620 32 21 tid
695 620 74 21 bortät
779 620 117 22 framträdt

78 648 8 22 i
102 649 49 21 värt
167 648 59 26 land,
243 650 30 20 att
290 649 53 28 lyda
359 649 64 22 dessa
438 650 78 28 lagens
532 650 171 28 bestämningar.
728 650 52 21 Man
796 650 40 22 har
846 651 51 27 sagt

78 680 34 20 att
123 678 27 22 de
161 678 85 29 lagliga
257 678 215 30 förutsättningarna
483 679 37 22 för
531 681 31 20 ett
572 680 196 29 landtdagsarbete
779 680 49 22 icke
836 680 60 22 före-

78 708 91 22 komma
184 709 70 21 under
270 709 165 27 förhällanden,
452 710 29 21 dä
492 710 125 22 diktaturen
628 712 59 19 ännu
698 710 71 22 räder.
796 710 43 22 För
850 710 46 21 min

78 738 37 22 del
138 740 65 20 anser
226 738 65 23 äfven
313 740 40 28 jag
376 740 72 21 denna
469 740 97 22 diktatur
586 747 46 15 som
649 747 28 15 en
693 740 52 28 djup
762 740 80 28 olycka
857 739 39 23 för

78 768 51 23 hela
145 770 49 21 vårt
210 768 46 23 folk
273 770 41 22 och
330 771 33 21 att
378 770 136 29 landtdagen
529 770 68 22 borde
613 773 55 26 göra
682 770 39 22 allt
730 770 60 22 hvad
800 770 38 29 lag
848 770 47 22 för-

77 799 50 22 mår
142 798 38 23 för
195 801 32 20 att
244 806 35 16 om
295 800 87 29 möjligt
398 800 101 28 aflägsna
515 800 134 22 densamma.
673 800 51 22 Men
737 800 41 29 jag
791 800 44 22 kan
846 800 50 22 icke

80 828 100 30 fördölja
200 828 40 23 för
262 830 47 29 mig
333 832 32 19 att
386 830 72 22 denna
479 830 97 22 diktatur
596 830 49 22 icke
661 832 29 26 pä
705 830 132 22 nämnvärdt
852 832 44 20 sätt

78 860 61 27 gjort
159 860 27 21 de
207 859 138 22 församlade
365 860 119 22 ständerna
504 860 144 28 svärigheter.
679 860 70 22 Valen
771 860 34 21 till
824 860 71 22 landt-

78 889 75 28 dagen
176 888 68 23 hafva
266 889 41 22 fätt
329 889 101 30 försiggä
453 889 55 23 efter
527 890 38 29 lag
583 890 95 26 ostörda,
694 890 120 22 ständerna
828 889 68 22 hafva

79 918 41 23 fått
142 919 191 22 sammankomma
348 920 95 26 ostörda,
459 920 129 22 ständernas
604 920 113 29 petitions-
733 921 42 20 och
791 921 104 20 motions-

79 951 45 20 rätt
146 950 41 21 har
207 949 51 22 icke
280 950 7 21 i
307 951 75 27 någon
403 951 52 20 män
471 949 73 22 blifvit
559 950 86 27 kränkt,
662 950 41 29 och
719 950 177 28 yttranderätten

78 979 40 22 vid
138 979 158 22 ständermötet
316 980 41 21 har
377 980 58 21 varit
452 979 135 30 fullkomligt
603 979 34 22 fri.
669 979 72 22 Afven
757 980 39 21 der
811 982 84 25 yttran-

79 1009 59 22 dena
158 1009 112 22 inneburit
290 1010 77 28 skarpt
382 1010 93 22 klander
490 1011 46 20 mot
551 1009 139 29 regeringen,
707 1010 41 21 har
763 1010 67 28 ingen
846 1009 50 22 sökt

80 1039 80 22 hindra
176 1039 119 22 desamma.
326 1039 84 22 Derför
426 1047 66 20 synes
508 1040 36 21 det
561 1040 45 28 mig
622 1041 32 20 att
670 1039 158 22 ständermötet
843 1046 53 21 eger

78 1069 86 29 lagliga
187 1068 189 30 förutsättningar
398 1069 38 22 för
457 1071 31 20 ett
508 1069 87 22 fortsatt
615 1069 76 22 arbete
707 1069 70 29 enligt
792 1069 103 28 gällande

77 1099 145 29 grundlagar.
253 1099 137 29 Visserligen
413 1100 44 21 kan
480 1107 51 14 man
553 1103 64 25 säga:
639 1099 37 22 det
694 1099 75 22 kunde
782 1099 25 28 ju
823 1099 73 22 hända

77 1131 35 20 att
128 1129 44 22 alla
187 1129 170 22 ständermötets
373 1129 73 22 beslut
461 1129 70 22 blifva
546 1130 22 21 at
584 1129 45 22 noll
645 1129 41 22 och
702 1129 55 22 intet
773 1129 74 26 värde,
859 1136 35 15 om

78 1159 36 26 de,
130 1159 69 22 sedan
215 1159 27 22 de
258 1159 57 22 efter
331 1158 69 23 mötet
415 1159 147 22 öfverlemnas
572 1159 34 21 till
615 1159 141 28 regeringen,
768 1159 49 21 icke
828 1159 68 21 beak-

80 1190 34 19 tas
138 1190 24 20 sä
182 1195 47 15 som
251 1189 111 28 grundlag
382 1187 93 23 förmär.
506 1189 50 22 Men
572 1188 38 22 för
626 1189 46 21 min
688 1189 35 21 del
739 1189 39 21 vill
791 1188 40 28 jag
846 1188 50 22 icke

80 1225 54 15 vara
156 1219 152 28 pessimistisk.
339 1218 78 22 Redan
440 1219 44 21 den
506 1219 199 28 omständigheten,
726 1220 33 19 att
777 1218 119 21 ständerna

80 1248 181 22 sammankallats
282 1249 41 21 och
345 1248 77 22 hittills
442 1247 42 23 fått
500 1248 51 22 öfva
567 1248 33 22 sin
616 1248 141 22 verksamhet
773 1248 7 21 i
796 1247 42 22 frid
855 1248 41 21 och

80 1278 132 28 oantastadt,
233 1278 78 28 tyckes
331 1279 47 28 mig
394 1279 107 20 innebära
517 1280 30 20 ett
563 1278 137 22 vittnesbörd
716 1278 83 27 derom,
816 1279 30 20 att
863 1285 32 14 re-

80 1310 83 27 genten
186 1308 82 22 önskar
291 1315 27 15 en
341 1311 103 19 närmare
468 1308 126 29 anslutning
615 1308 33 21 till
664 1307 69 22 folket
749 1308 41 21 och
806 1309 31 20 att
854 1308 42 21 den

80 1338 117 22 inhemska
212 1338 133 29 regeringen
362 1337 66 23 äfven
443 1339 41 20 har
500 1345 84 14 samma
599 1338 59 28 goda
674 1337 98 29 afsigter.
803 1337 43 22 Det
862 1345 34 20 sy-

80 1369 43 20 nes
140 1368 47 29 mig
207 1369 71 21 såsom
295 1375 37 14 om
348 1368 61 21 detta
424 1368 71 21 skulle
511 1368 106 21 innebära
632 1367 69 22 löften
717 1367 38 22 för
771 1367 124 22 framtiden.

81 1398 115 21 Huruvida
218 1398 64 21 dessa
302 1397 69 22 löften
388 1398 62 21 skola
465 1397 65 28 fyllas
546 1398 54 21 eller
615 1397 49 22 icke
680 1398 36 21 vet
732 1397 68 28 ingen
817 1398 24 21 af
855 1404 41 14 oss.

80 1427 11 20 I
106 1428 77 26 hvarje
204 1427 38 21 fall
260 1427 73 28 ligger
353 1428 52 19 land
426 1428 41 19 och
489 1427 46 20 folk
550 1428 7 19 i
573 1427 98 20 Herrans
687 1427 60 20 hand
762 1427 41 20 och
820 1427 36 20 det
872 1429 25 17 är

81 1457 51 20 Han
155 1463 46 14 som
226 1452 39 25 sist
285 1457 42 20 och
348 1456 104 27 slutligen
470 1456 61 21 leder
547 1456 39 21 allt
602 1455 56 22 efter
673 1455 37 21 sitt
726 1455 46 24 råd,
789 1455 40 21 och
846 1455 51 20 Han

79 1486 42 21 har
141 1486 58 21 visat
218 1485 73 22 trohet
312 1487 45 20 mot
374 1485 60 22 detta
450 1485 38 21 sitt
499 1485 73 22 finska
588 1483 46 23 folk
649 1485 70 21 under
735 1485 161 22 århundraden.

81 1515 85 23 Derför
184 1516 85 29 hoppas
287 1515 39 29 jag
342 1515 42 22 och
398 1516 40 28 jag
454 1515 79 22 tänker
548 1516 33 21 att
595 1515 23 21 vi
634 1515 44 21 alla
693 1515 91 28 hoppas,
801 1515 32 20 att
847 1514 50 22 Gud

802 1557 23 18 30
