1103 1792
189 108 43 21 536
411 108 129 24 Pappissääty
552 107 89 18 maalisk.
654 107 23 18 14
689 113 18 18 p.
721 107 51 18 1905.

260 160 133 28 Senjälkeen
409 161 171 21 anomusehdotus
598 167 32 16 n:o
646 161 27 21 56
689 161 106 21 lähetettiin
807 161 104 27 erityiseen
922 160 80 22 valitus-

188 191 147 21 valiokuntaan.

260 310 95 22 Esitettiin
371 310 104 28 pöydällä
492 310 53 21 ollut
561 310 105 27 kysymys
681 309 113 28 työtavasta
810 309 155 22 valiokunnissa.

261 369 127 22 Keskustelu:

261 428 112 23 Professor
392 429 87 22 Donner:
514 429 49 22 Den
582 429 68 28 långa
669 429 131 24 diskussion,
820 435 46 14 som
886 428 70 22 under
972 435 33 14 se-

189 460 63 21 naste
275 459 163 22 sammanträde
462 459 56 28 egde
541 466 54 19 rum,
620 459 58 21 hade
701 459 34 21 till
759 459 37 20 sitt
813 457 144 29 hufvudsyfte
974 459 32 20 att

189 489 99 28 uppvisa,
305 490 31 20 att
353 489 41 21 den
409 496 16 14 s.
437 489 20 20 k.
470 489 136 28 bromsning,
618 495 46 15 som
676 489 141 22 förekommit
828 489 39 21 hos
880 489 125 30 ständerna,

189 519 6 21 i
215 519 121 21 allmänhet
355 521 25 19 är
395 519 33 21 till
444 519 126 28 betydande
586 519 69 21 skada
671 519 34 22 för
722 520 48 21 vårt
786 518 53 25 folk,
857 519 95 21 emedan
968 525 38 22 ge-

189 556 52 15 nom
258 549 127 22 densamma
404 555 27 15 en
448 549 82 28 mängd
547 549 84 28 viktiga
648 549 97 22 ärenden
762 549 49 21 icke
828 549 68 21 hinna
907 548 98 22 behand-

189 579 33 22 las
238 579 42 22 och
296 579 93 21 sålunda
404 581 31 19 ett
451 578 96 29 åsyftadt
563 578 201 23 framåtskridande
780 579 35 21 för
830 580 48 20 vårt
895 577 45 23 folk
958 579 48 21 hin-

190 609 56 22 dras.
278 609 44 28 Jag
340 611 45 19 tror
405 608 34 23 för
462 609 45 21 min
524 609 35 22 del
575 611 31 19 att
624 616 50 14 man
691 609 74 22 alltför
782 609 97 28 ensidigt
894 609 113 21 betraktat

189 639 166 28 behandlingen
378 638 26 22 af
425 639 72 22 denna
520 639 70 28 fråga.
623 639 48 21 Den
695 639 149 28 uppfattning,
870 645 46 15 som
937 640 70 27 några

190 669 65 21 stånd
278 669 59 21 velat
360 671 54 26 göra
437 669 105 28 gällande
566 670 48 21 med
640 668 104 23 afseende
764 671 12 20 å
793 669 214 28 landtdagsarbetet,

189 699 41 21 har
253 699 57 22 varit
333 700 24 20 så
380 706 51 21 pass
456 699 48 21 klar
520 699 41 22 och
577 699 108 26 bestämd,
702 701 32 20 att
751 699 42 22 den
809 699 50 22 icke
876 699 49 22 bort
941 698 65 22 fram-

189 728 61 22 kalla
272 731 74 26 någon
371 729 194 29 missuppfattning
589 730 49 21 med
656 729 103 22 afseende
776 731 13 20 å
805 729 131 22 ständernas
952 729 55 22 håll-

190 759 55 28 ning
267 759 7 21 i
298 759 126 22 allmänhet.
457 759 125 22 Ständerna
603 759 66 22 hafva
684 759 121 22 framhållit
823 760 5 20 i
845 759 33 22 sin
895 761 59 20 stora
971 766 36 21 pe-

191 789 65 21 tition
280 791 31 20 att
333 789 28 22 de
384 789 153 29 mångfaldiga
561 790 93 28 ingrepp
680 790 5 21 i
702 789 225 22 rättsförhållandena
943 789 65 22 och
994 785 17 37 i

192 820 49 20 vårt
264 819 63 21 lands
350 819 69 28 lagar,
443 826 46 15 som
510 821 37 27 egt
566 827 54 18 rum,
638 819 124 22 förorsakat
779 821 31 20 att
826 820 20 21 vi
863 818 60 23 lefva
938 819 70 22 under

192 855 27 15 en
243 850 24 20 så
291 849 92 22 abnorm
402 849 39 26 tid,
458 851 32 20 att
506 851 31 20 ett
553 849 85 28 vanligt
655 849 227 29 lagstiftningsarbete
899 849 49 22 icke
964 849 43 22 kan

193 877 142 23 förekomma.
367 879 51 21 Man
442 879 40 21 har
506 879 48 22 sökt
578 879 141 28 ådagalägga
742 881 32 19 att
795 879 114 21 stiftandet
926 879 26 21 af
964 886 44 20 nya

191 908 70 28 lagar,
272 908 117 28 lösningen
400 908 25 22 af
436 908 86 29 viktiga
533 909 187 27 samhällsfrågor,
732 910 112 27 svårligen
856 908 25 22 af
888 909 120 21 ständerna

191 938 76 21 kunna
290 938 109 26 slutföras,
423 939 28 21 då
474 946 51 14 man
550 940 48 21 icke
618 939 40 21 har
674 940 73 27 någon
763 939 103 21 säkerhet
882 938 35 22 för
934 941 30 19 att
981 940 27 20 de

191 967 181 23 förutbestående
388 969 92 28 lagarna
496 969 63 22 skola
574 969 111 28 iakttagas
701 970 42 21 och
755 976 50 14 man
817 969 91 21 sålunda
920 969 87 22 komme

192 1000 31 20 att
247 998 100 28 lagstifta
370 1000 28 27 på
422 1000 30 20 ett
476 1000 49 24 sätt,
550 1006 47 15 som
618 999 49 22 icke
683 999 40 21 har
738 1000 74 27 någon
829 999 115 28 betydelse
960 999 46 21 alls.

192 1028 32 22 På
246 1028 72 29 grund
333 1028 68 22 häraf
413 1029 118 27 godkände
547 1029 67 22 också
629 1028 54 23 flere
698 1029 65 22 stånd
779 1030 43 20 den
838 1028 169 29 framställning,

191 1065 47 15 som
262 1058 33 22 till
318 1058 93 22 stånden
435 1059 75 28 ingick
527 1059 49 21 från
592 1059 118 26 utskotten,
728 1061 33 19 att
777 1060 86 20 arbetet
878 1059 70 22 skulle
964 1058 44 22 för-

192 1088 148 22 beredelsevis
356 1096 43 20 ega
414 1096 48 14 rum
480 1089 6 20 i
502 1089 119 26 utskotten,
639 1096 49 15 men
700 1091 32 19 att
747 1090 119 20 ständerna
878 1090 48 21 icke
938 1090 70 21 skulle

191 1120 99 27 upptaga
312 1118 33 22 till
369 1118 85 28 slutligt
478 1118 121 29 afgörande
622 1120 70 20 andra
717 1119 76 28 frågor
809 1122 28 18 än
853 1119 89 26 sådana,
960 1126 47 14 som

193 1148 55 28 egde
271 1148 108 22 samband
403 1148 49 22 med
476 1148 42 22 den
535 1149 83 28 lagliga
633 1149 134 28 ordningens
784 1149 165 24 återställande,
967 1150 41 20 och

192 1178 32 21 att
238 1178 112 21 utskotten
366 1178 75 21 derför
456 1178 66 22 äfven
538 1179 50 21 icke
601 1179 71 21 skulle
683 1179 33 21 till
727 1179 94 21 stånden
832 1178 93 22 insända
937 1179 70 21 andra

192 1207 164 22 betänkanden.

265 1237 156 21 Förhållandet
437 1236 84 27 fortfar,
538 1244 48 15 som
602 1238 22 20 vi
640 1240 59 24 veta,
715 1240 67 19 ännu.
814 1237 73 28 Något
902 1244 52 15 svar
969 1238 40 21 har

193 1266 49 22 icke
258 1266 72 28 ingått
345 1268 29 27 på
390 1267 130 21 ständernas
536 1267 99 28 petition,
653 1268 41 20 och
710 1274 35 14 om
763 1274 51 14 man
831 1268 66 21 också
912 1268 40 20 har
964 1274 45 15 mer

194 1296 54 22 eller
271 1296 85 22 mindre
379 1296 65 21 säkra
461 1296 175 29 förhoppningar
659 1304 36 14 om
719 1298 32 20 att
777 1299 32 19 ett
824 1300 119 25 gynnsamt
959 1304 51 14 svar

193 1325 57 22 skall
266 1326 59 27 ingå,
341 1327 24 19 sä
382 1326 43 20 kan
441 1326 57 20 dock
514 1333 27 13 en
558 1326 129 27 fullständig
704 1326 82 21 visshet
801 1327 76 20 härom
889 1327 49 21 icke
948 1327 61 25 råda,

193 1354 75 22 förrän
293 1356 67 26 något
383 1362 51 14 svar
457 1355 97 25 anländt,
567 1355 41 21 och
624 1355 55 21 huru
695 1355 124 21 beskaffadt
837 1356 59 21 detta
912 1362 51 15 svar
978 1358 31 23 är,

195 1384 99 21 kommer
319 1386 31 19 att
377 1384 90 21 alldeles
493 1384 72 22 direkt
591 1384 92 22 inverka
707 1386 28 27 på
758 1385 116 29 lösningen
890 1385 26 22 af
929 1387 81 27 många

193 1413 188 29 samhällsfrågor.
398 1414 42 22 Om
456 1414 70 22 under
541 1414 83 22 sådana
640 1415 189 28 omständigheter
845 1422 29 14 nu
890 1422 28 15 en
928 1415 82 29 mängd

194 1444 86 22 mindre
304 1443 75 29 frågor
398 1444 48 22 icke
470 1443 73 23 blifvit
558 1443 26 23 af
596 1444 111 22 utskotten
724 1445 146 26 behandlade,
887 1448 53 19 utan
956 1446 52 22 lem-

193 1474 59 21 nade
273 1474 45 21 tills
340 1474 77 21 vidare
441 1474 41 21 och
506 1474 110 22 utskotten
634 1474 158 22 företrädesvis
809 1476 101 27 upptagit
920 1476 35 21 till
971 1476 36 22 be-

194 1503 109 30 handling
324 1505 45 27 just
393 1504 83 22 sådana
496 1503 81 30 frågor,
594 1511 47 14 som
658 1504 65 23 hafva
739 1504 108 23 samband
863 1505 50 22 med
929 1505 81 30 laglig-
