1103 1798
212 125 42 21 362
438 124 128 24 Pappissääty
577 124 88 18 maalisk.
678 123 23 18 14
713 130 18 17 p.
746 124 51 17 1905.

212 178 37 21 vid
265 178 109 28 styrelsen
394 178 3 21 i
413 178 120 23 Danmark,
565 178 41 21 Om
622 177 135 29 grundlagar
768 176 41 23 och
820 177 96 28 tidigare
927 176 99 22 ständer-

212 208 63 28 lagar
298 208 105 29 dagligen
422 208 103 26 kränkas,
541 207 76 22 hvilka
633 208 112 27 garantier
760 206 68 23 hafva
844 207 21 22 vi
881 206 38 22 för
934 208 32 20 att
983 206 42 26 det,

213 244 46 15 som
275 238 7 21 i
299 237 44 29 dag
358 237 102 27 beslutes,
478 237 7 21 i
501 244 92 22 morgon
609 237 152 28 respekteras?
792 236 45 23 Det
852 239 25 19 är
892 238 31 20 ett
939 237 45 20 hän
995 237 31 21 att

212 267 61 22 stifta
295 267 70 29 lagar,
390 267 28 22 dä
439 275 50 14 man
508 268 19 27 ej
544 268 40 21 har
599 269 75 26 nägon
690 267 102 22 säkerhet
808 266 37 22 för
861 268 31 19 att
908 267 28 21 de
952 265 74 28 följas.

212 298 69 22 Skola
295 299 23 20 vi
335 311 25 2 —
379 297 139 29 domprosten
535 297 170 28 Schwartzberg
720 296 94 23 berörde
825 296 79 29 frägan
915 309 28 3 —
955 296 72 22 drifva

214 329 35 21 det
272 328 90 28 gäckeri
387 329 50 20 med
459 327 138 22 tiotusentals
613 327 153 28 medborgare,
783 328 32 20 att
830 327 23 21 vi
869 327 92 28 inbjuda
977 326 50 22 dem

213 360 31 20 att
261 358 90 28 deltaga
366 358 6 21 i
389 357 104 22 stiftande
509 357 25 22 af
547 357 86 22 landets
647 357 70 28 lagar,
734 357 29 21 dä
777 357 8 21 i
801 356 79 29 själfva
896 357 77 22 verket
990 357 37 21 ad-

214 388 175 22 ministrationen
412 387 71 22 förfar
499 387 55 22 efter
569 387 126 28 godtycke?
726 387 69 22 Skola
809 387 23 21 vi
848 387 90 28 vidtaga
954 387 73 28 ätgär-

213 419 39 21 der
268 417 37 22 för
321 419 32 20 att
369 418 51 28 höja
435 417 80 22 folkets
531 417 115 28 sedlighet,
664 417 28 21 dä
704 424 27 15 en
742 419 111 26 guvernör
863 417 44 21 kan
918 419 55 26 göra
984 417 44 21 alla

212 448 73 21 beslut
300 448 7 21 i
324 448 61 21 detta
401 447 102 22 afseende
519 455 36 14 om
571 447 62 26 intet,
649 448 72 20 säsom
738 453 35 15 om
789 447 28 22 de
833 447 72 28 aldrig
916 447 111 21 existerat.

213 477 166 26 Förebräelsen,
403 479 32 20 att
457 476 80 23 folkets
560 479 43 20 rätt
623 477 19 27 ej
662 477 97 21 bevakas
776 477 41 22 och
834 478 31 19 att
880 476 148 29 landtdagens

213 508 76 21 arbete
311 507 98 26 hindras,
432 507 41 21 bör
493 506 82 27 derför,
596 508 73 20 säsom
685 507 68 21 redan
770 506 25 22 af
807 506 53 22 flere
875 507 70 21 talare
961 506 66 22 fram-

214 537 80 26 hällits,
311 537 49 22 icke
376 537 68 21 riktas
460 539 46 19 mot
522 537 125 24 ständerna,
663 539 52 19 utan
733 538 45 20 mot
794 538 67 20 annat
877 537 51 20 häll.
960 537 68 22 Arbe-

212 569 32 20 tet
267 567 37 22 vid
328 567 135 28 landtdagen
487 567 40 21 har
550 565 116 24 hbedrifvits
696 566 50 22 med
772 566 30 22 all
827 566 119 26 intensitet,
972 568 56 20 trots

214 597 42 22 den
278 597 153 28 beklämning,
454 603 47 15 som
518 597 69 21 hvilat
607 595 63 22 öfver
688 596 99 21 sinnena.
818 595 38 22 Att
872 603 51 14 man
940 596 88 22 arbetar

214 627 66 28 ifrigt,
304 629 54 19 utan
381 629 32 19 att
433 626 96 22 behöfva
548 628 73 27 nägon
637 626 68 21 sädan
721 626 96 21 kontroll
833 625 49 22 frän
898 627 130 20 ständernas

213 657 54 26 sida,
291 664 37 14 om
351 656 89 22 hvilken
461 657 40 20 här
516 657 57 21 varit
589 655 70 29 fräga,
676 656 60 21 detta
751 656 56 21 skall
822 663 45 22 nog
882 656 48 21 visa
946 656 40 28 sig,
1003 657 25 20 sä

213 688 60 20 snart
296 686 120 23 ständerna
439 686 74 22 kunna
536 686 127 22 konstatera
686 687 32 20 att
746 686 42 22 den
804 685 84 30 lagliga
904 685 123 30 ordningen

214 718 47 20 åter
283 717 71 21 håller
377 717 38 21 sitt
437 717 62 28 intåg
520 716 7 21 i
547 716 82 22 landet.
660 716 33 21 Få
715 715 27 23 de
758 716 19 28 ej
794 715 100 22 bevittna
910 716 61 22 detta
986 716 42 22 och

213 746 100 29 förlöper
334 746 150 22 innevarande
505 747 149 21 ständermöte
674 747 54 20 utan
742 746 99 26 resultat,
857 745 96 22 behöfva
968 747 60 21 stän-

214 777 67 21 derna
297 777 133 20 ätminstone
446 777 49 20 icke
510 779 56 25 göra
581 776 34 27 sig
631 776 42 21 den
689 775 159 27 förebräelsen,
865 777 32 20 att
908 776 28 21 de
946 783 81 21 genom

213 806 38 22 sitt
273 805 131 22 förfarande
427 805 65 30 gifvit
511 808 31 19 ett
561 805 163 30 godkännande
740 807 23 20 ät
778 805 91 29 möjliga
884 805 143 22 sträfvanden

214 838 32 20 att
268 836 125 22 förminska
416 835 72 22 finska
508 835 80 23 folkets
604 835 196 29 grundlagsenliga
815 836 138 28 rättigheter.
984 835 44 30 Jag

213 867 46 21 tror
275 867 32 20 att
323 865 69 23 folket
408 865 56 22 skall
480 865 71 23 förstä
567 866 63 21 deras
646 865 162 29 handlingssätt
819 866 40 21 och
871 865 61 28 gifva
943 866 37 21 det
990 866 38 21 sitt

214 897 148 21 erkännande.
394 896 114 22 Huruvida
532 897 27 21 de
579 895 162 29 myndigheter,
763 903 48 15 som
826 896 68 22 vållat
910 898 32 20 att
957 896 71 22 landt-

214 927 72 28 dagen
309 927 20 28 ej
353 926 74 22 blifvit
450 926 43 26 det,
517 934 47 14 som
588 926 42 22 den
647 926 49 22 bort
711 926 76 27 blifva,
803 926 76 22 kunna
894 926 135 29 rättfärdiga

214 957 59 22 detta
289 956 61 22 inför
366 956 72 22 finska
453 956 75 27 folket,
545 956 37 22 det
599 958 35 20 mä
651 956 26 22 de
693 963 23 15 se
732 956 40 22 till.
804 956 51 22 Men
866 956 60 22 detta
938 963 52 15 anse
1001 957 28 22 de

214 988 34 27 sig
264 987 84 21 kanske
365 987 49 22 icke
429 986 96 22 behöfva
541 988 52 27 taga
610 987 7 21 i
633 986 152 22 betraktande.

284 1034 45 29 Jag
349 1035 40 21 har
409 1035 95 28 tidigare
522 1036 72 20 ansett
617 1036 32 20 att
664 1035 111 21 utskotten
792 1035 75 21 kunna
883 1034 93 22 insända
991 1035 37 22 be-

213 1065 128 21 tänkanden
362 1065 8 21 i
391 1064 81 29 frägor,
494 1072 47 14 som
562 1065 19 27 ej
601 1066 34 20 stä
651 1064 8 21 i
674 1066 68 27 nägot
757 1065 163 28 sammanhang
935 1064 51 22 med
1002 1065 27 21 de

213 1094 104 29 politiska
339 1094 171 22 förhållandena
530 1095 7 21 i
558 1094 82 22 landet.
671 1094 44 28 Jag
730 1094 75 28 börjar
820 1094 69 22 blifva
905 1095 101 21 tveksam
1022 1095 8 21 i

214 1124 59 21 detta
297 1124 111 22 afseende.
439 1124 44 22 Det
505 1128 25 18 är
553 1126 59 20 svårt
636 1125 32 20 att
692 1124 74 22 stricte
789 1124 102 28 tillämpa
906 1124 38 29 lag
960 1124 70 22 under

212 1154 83 22 sådana
318 1154 163 26 förhållanden,
506 1161 47 15 som
576 1153 139 29 lagstiftaren
734 1154 19 27 ej
771 1155 106 21 förutsett
893 1155 41 21 och
952 1155 19 27 ej
988 1154 41 22 fått

212 1183 89 27 förutse,
325 1184 114 28 nämligen
462 1186 32 19 att
516 1184 135 28 regeringen
666 1184 50 21 icke
731 1184 140 28 respekterar
886 1184 44 22 den
945 1184 84 28 lagliga

213 1214 130 28 ordningen.

282 1256 45 29 Jag
342 1256 74 22 kunde
432 1256 57 22 sluta
504 1256 47 27 här,
567 1263 52 15 men
634 1255 111 29 professor
760 1256 92 22 Palmén
863 1256 94 22 berörde
960 1251 11 39 i
986 1256 43 22 slu-

212 1287 32 21 tet
260 1286 24 22 af
297 1287 38 21 sitt
349 1286 104 27 yttrande
469 1287 42 21 den
527 1293 52 21 nyss
595 1286 142 22 remitterade
752 1287 122 28 petitionen
890 1287 41 21 och
943 1286 87 22 riktade

212 1316 35 27 sig
270 1316 39 22 der
332 1318 46 19 mot
403 1317 30 20 ett
455 1316 96 28 tidigare
571 1316 103 28 yttrande
690 1315 25 22 af
728 1317 52 28 mig.
812 1316 68 21 Detta
895 1315 73 30 gifver
984 1316 46 29 mig

213 1345 121 27 anledning
357 1346 32 20 att
411 1345 133 27 utförligare
569 1347 59 26 yttra
654 1345 46 27 mig
724 1345 115 28 angående
863 1346 72 21 denna
958 1345 70 28 fråga.

212 1374 92 21 Prosten
320 1373 125 22 Johansson
460 1374 98 22 uttalade
572 1375 25 27 ju
613 1374 131 28 visserligen
759 1374 69 21 redan
843 1376 72 27 några
930 1374 99 22 tvifvels-

213 1403 45 21 mål
273 1402 139 23 beträffande
428 1403 133 28 petitionens
577 1403 161 28 berättigande,
755 1410 50 15 men
823 1403 60 23 detta
898 1404 72 22 skulle
980 1404 50 22 icke

213 1432 61 29 gifva
298 1433 47 28 mig
368 1433 121 28 anledning
504 1433 34 22 till
554 1435 31 20 ett
600 1433 120 22 uttalande.
751 1433 45 28 Jag
811 1433 44 22 kan
871 1433 104 22 försäkra
998 1435 32 21 att

210 1463 40 29 Jag
273 1463 49 22 icke
346 1466 25 19 är
393 1463 146 28 stridslysten,
556 1470 51 15 men
623 1463 29 22 då
665 1463 39 28 jag
720 1463 74 23 blifvit
809 1465 67 20 utsatt
892 1463 38 22 för
946 1465 31 21 ett
992 1471 37 15 an-

213 1500 69 22 grepp
298 1493 42 22 och
356 1500 65 15 anser
435 1492 80 30 frågan
531 1493 25 22 af
568 1495 46 20 stor
630 1493 121 29 betydelse,
767 1493 73 23 finner
853 1495 41 28 jag
908 1494 122 30 anledning

213 1524 32 21 att
260 1523 103 22 försvara
378 1524 53 28 mig.
