1103 1789
337 97 37 18 An.
387 103 31 13 n:o
431 99 11 18 3
454 100 190 22 prostitutsioonista.
869 100 26 20 41

147 150 130 34 —Ylempänä
285 152 128 28 esitettyjen
421 153 167 28 asianhaarojen
596 153 161 28 perustuksella
763 153 135 28 pyydämme

83 180 208 23 kunnian-arvoista
305 182 161 29 Pappissäätyä
480 182 96 29 yhdessä
591 183 93 22 muitten
700 183 102 28 säätyjen
818 183 81 22 kanssa

81 210 189 23 alamaisuudessa
286 219 119 15 anomaan:

296 272 46 21 että
364 271 157 22 Keisarillinen
543 271 133 28 Majesteetti
692 272 110 21 suvaitsisi
819 271 79 28 nykyi-

225 301 50 21 sillä
296 301 160 29 valtiopäivillä
476 303 67 20 antaa
563 301 177 28 Valtiosäätyjen
756 301 143 28 hyväksyttä-

225 330 63 22 väksi
308 337 54 15 arm.
382 331 112 27 esityksen
510 331 57 27 siitä,
583 331 71 21 mitkä
669 331 57 21 asiat
741 331 88 22 olisivat
844 330 55 22 Suo-

225 367 119 15 menmaan
360 360 129 23 erinäisestä
504 360 193 22 lainsäädännöstä
708 361 134 22 siirrettävät
854 360 45 22 val-

225 419 64 22 dessä
301 427 53 14 arm.
367 419 136 23 ehdotuksen
515 420 99 27 uudeksi,
628 420 152 28 täydelliseksi
790 420 25 28 ja
824 419 75 22 Suuri-

225 449 191 22 ruhtinaskunnan
439 449 239 23 valtio-oikeudellisen
702 457 90 14 aseman
816 449 83 22 mukai-

225 479 59 22 seksi
299 479 216 28 hallitusmuodoksi;
532 480 54 22 sekä

296 541 46 21 että
357 539 157 23 Keisarillinen
530 540 133 28 Majesteetti
679 539 111 22 suvaitsisi
802 546 97 15 armossa

225 572 106 24 määrätä,
356 571 45 20 että
424 570 165 21 vastamainittu
610 576 54 16 arm.
681 569 68 29 esitys
765 577 28 14 on
809 569 91 22 tehtävä

225 599 176 28 Valtiosäätyjen
429 599 97 28 puolelta
553 599 167 22 Keisarilliselle
746 599 154 28 Majesteetille

225 629 132 22 esitettävän
381 629 182 22 lakiehdotuksen
587 629 82 22 kanssa
691 630 127 28 pääasiassa
837 629 62 28 yhtä-

225 659 118 28 pitäväksi.

155 718 139 29 Helsingissä
312 720 27 21 14
354 722 53 26 p:nä
419 719 133 28 joulukuuta
568 720 63 21 1904.

191 779 70 22 Josua
276 780 131 23 Johansson.
526 781 59 22 Juho
602 780 57 22 Rud.
676 780 117 22 Forsman.

83 816 19 22 I.
120 817 28 21 M.
167 817 106 26 Taligren.
405 817 25 22 G.
447 817 26 22 A.
490 817 94 22 Heman.
718 815 63 28 Eljas
796 816 104 22 Lönnrot.

388 853 55 22 Eero
459 853 136 27 Hyvärinen.

155 935 32 17 n:o
203 930 20 21 3.

297 989 43 22 Till
356 989 146 30 Högvördiga
518 989 172 23 Presteständet.

156 1049 77 22 Redan
255 1049 38 22 vid
312 1049 55 22 flere
386 1048 135 30 föregäende
537 1049 133 28 landtdagar
684 1047 68 23 hafva
767 1048 34 22 till
816 1048 86 21 landets

85 1079 98 22 Ständer
197 1078 74 23 blifvit
286 1079 126 22 inlemnade
428 1079 118 29 petitioner
560 1080 7 21 i
584 1078 58 29 syfte
657 1079 32 22 att
704 1078 40 22 hos
761 1078 141 29 Regeringen

87 1109 89 22 anhälla
192 1115 35 16 om
245 1109 43 22 den
304 1109 190 28 reglementerade
505 1109 181 28 prostitutionens
698 1108 138 22 afskaffande
846 1109 57 20 samt

86 1139 153 22 anordnandet
255 1138 25 22 af
293 1138 50 27 den,
360 1138 25 23 af
398 1138 146 29 polismakten
560 1138 87 26 öfvade,
663 1138 118 28 uppsigten
795 1136 63 23 öfver
868 1136 35 23 för

86 1169 97 29 osedligt
202 1168 27 22 lit
248 1168 74 22 kända
342 1175 105 22 personer
463 1170 29 27 pä
507 1170 31 20 ett
553 1168 51 22 med
620 1168 104 28 gällande
740 1168 38 28 lag
792 1166 111 23 öfverens-

87 1199 139 21 stämmande
246 1200 50 20 sätt.
327 1198 44 22 Det
392 1198 50 22 med
464 1198 64 22 dessa
548 1198 120 29 petitioner
683 1196 92 23 afsedda
790 1196 58 28 syfte
863 1197 41 21 har

88 1228 56 22 dock
160 1228 50 22 icke
225 1228 74 22 blifvit
314 1230 91 20 vunnet.
430 1228 36 21 Dä
479 1228 122 28 petitionen
611 1228 78 21 härom
700 1229 74 19 senast
784 1226 38 22 vid
832 1226 71 22 landt-

87 1258 45 28 dag
151 1258 154 22 remitterades
325 1258 35 21 till
374 1258 151 28 vederbörligt
539 1258 90 25 utskott,
646 1256 113 22 lemnades
775 1256 129 22 densamma

88 1287 25 22 af
131 1287 61 23 detta
212 1287 139 23 obehandlad
372 1288 42 21 och
433 1287 53 22 kom
504 1287 60 28 förty
583 1287 50 22 icke
653 1286 71 22 under
744 1286 76 28 slutlig
834 1286 69 21 hand-

89 1318 115 29 läggning.
235 1317 36 21 Dä
286 1316 124 23 emellertid
427 1317 40 21 här
483 1317 98 28 antydda
592 1315 192 23 missförhällande
796 1315 39 22 allt
846 1318 57 19 ännu

88 1346 79 24 fortfar
189 1348 59 21 samt
270 1350 25 18 är
318 1346 26 23 af
364 1347 43 22 den
428 1348 40 25 art,
490 1348 32 20 att
542 1347 78 28 hvarje
636 1348 35 20 tör
686 1346 161 22 menniskorätt
862 1345 40 22 och

88 1377 111 29 sedlighet
221 1376 140 23 nitälskande
383 1376 146 29 medborgare
552 1378 70 20 mäste
644 1375 63 22 däraf
728 1376 30 28 pä
773 1375 37 22 det
825 1375 80 28 högsta

88 1410 114 25 uppröras,
223 1407 86 27 nödgas
327 1408 47 26 jag,
391 1406 74 21 därtill
480 1406 128 28 uppmanad
623 1406 49 20 icke
687 1406 57 20 blott
759 1404 26 22 af
798 1404 46 21 min
859 1412 45 13 em-

88 1436 114 29 betspligt,
218 1443 48 15 som
282 1436 93 28 ålägger
391 1435 46 28 mig
454 1436 46 24 ,att
515 1435 59 22 vaka
589 1434 103 22 deröfver
702 1435 32 21 att
744 1434 49 21 tukt
804 1433 41 22 och
856 1433 48 22 sed-

89 1466 71 28 lighet
179 1465 174 29 upprätthållas”
374 1464 36 28 (K.
426 1465 24 21 L.
466 1464 14 28 $
496 1465 58 27 356),
570 1466 54 19 utan
640 1462 66 23 äfven
721 1464 29 28 pä
765 1463 103 28 uppdrag
883 1462 26 22 af

90 1503 27 15 en
133 1495 66 23 talrik
215 1495 83 29 mängd
313 1494 36 23 för
364 1494 110 29 sedlighet
489 1494 141 22 nitälskande
646 1493 260 22 samhälls-medlemmar
