1100 1778
211 112 44 21 258
444 110 128 25 Pappissääty
583 110 76 24 jouluk.
672 110 23 19 29
709 116 18 18 p.
742 110 50 19 1904.

212 165 36 22 det
263 166 41 21 och
316 165 57 22 dock
384 165 150 28 genomandas
544 165 51 22 hela
606 164 132 22 skritvelsen
749 163 25 23 af
782 165 31 21 ett
823 163 125 29 uppriktigt
960 163 70 29 begär

212 197 32 20 att
260 196 50 21 med
327 194 122 23 monarken
464 195 68 22 ocksä
546 196 75 21 rädslä
636 194 41 22 och
691 194 83 28 jemka.
798 194 45 22 Det
858 196 25 18 är
899 194 67 27 detta,
982 200 48 15 som

211 225 82 21 saknas
308 225 7 21 i
331 225 249 28 petitionsmemorialet.

282 255 114 22 Professor
418 254 120 30 Runeberg
558 255 40 21 har
617 254 121 22 framhällit
758 254 7 21 i
787 255 32 21 ett
835 253 103 29 vältaligt
953 253 77 22 andra-

212 285 73 28 gande
309 287 32 19 att
364 284 119 22 ständerna
505 284 7 22 i
533 285 72 22 denna
621 284 39 22 sak
676 284 69 22 borde
761 284 66 22 ställa
842 284 35 28 sig
892 284 30 28 pä
936 283 95 22 Luthers

212 315 145 29 ständpunkt:
375 315 46 21 Här
437 316 45 20 stär
495 315 41 28 jag
551 315 41 21 och
608 315 44 22 kan
668 314 50 22 icke
733 314 150 27 annorlunda;
896 312 51 23 Gud
958 314 73 28 hjelpe

212 345 53 28 mig.
297 345 76 22 Amen.
406 345 44 28 Jag
472 345 79 28 tycker
574 346 32 20 att
627 344 165 23 reservationen
813 344 124 21 innehäller
952 346 79 19 nästan

212 375 69 22 verba
301 374 113 23 formalia:
433 374 22 22 »I
471 375 49 22 stöd
536 374 25 23 af
574 375 36 22 det
627 374 95 23 anförda
737 375 60 28 våga
812 373 126 23 Stiänderna
954 373 78 23 derför

212 405 70 22 uttala
303 405 37 22 det
361 405 66 29 hopp,
451 406 32 21 att
498 405 70 22 Eders
584 405 126 29 Kejserliga
725 404 105 29 Majestät
845 405 57 21 skall
917 403 61 22 finna
994 404 38 22 det

212 435 129 28 förklarligt
357 435 42 22 och
418 435 114 29 naturligt,
548 437 32 20 att
596 435 125 22 Ständerna
737 434 50 23 icke
803 435 75 21 kunna
894 434 70 22 ändra
978 434 54 22 eller

212 465 125 29 öfvergifva
353 465 34 22 sin
404 465 149 29 öfvertygelse
569 472 36 15 om
621 465 59 22 hvad
696 471 47 16 som
760 468 25 19 är
800 465 96 28 sanning
912 464 42 23 och
970 465 62 21 rätti

212 495 64 30 fråga
293 502 35 15 om
345 495 133 29 giltigheten
495 495 41 22 och
546 495 97 29 helgden
654 495 25 22 af
687 495 106 22 Finlands
804 495 156 28 grundlagar.<
989 495 43 21 För

213 527 45 20 min
280 525 36 22 del
335 525 73 22 finner
420 526 41 28 jag
476 527 33 20 att
524 525 91 22 härmed
632 525 96 29 ungefär
744 528 25 18 är
784 525 66 28 sagdt
866 525 38 22 det
918 532 49 15 som
982 531 50 22 pro-

213 555 70 22 fessor
305 555 121 28 Runeberg
449 557 70 27 ansäg
539 557 31 20 att
592 556 120 21 ständerna
732 555 7 22 i
756 555 73 22 denna
845 555 40 22 sak
901 555 55 22 böra
972 557 60 26 säga.

213 585 67 22 Detta
306 598 24 2 —
353 585 267 29 petitionsbetänkandets
639 586 42 21 och
701 585 179 22 reservationens
897 585 60 22 olika
972 585 60 22 inne-

213 615 55 22 börd
291 628 25 3 —
339 615 41 22 har
400 616 57 21 varit
472 615 39 22 för
526 616 48 27 mig
590 616 42 21 den
648 615 123 29 afgörande
787 615 148 29 synpunkten,
952 615 28 22 dä
993 615 41 28 jag

214 646 89 21 anslutit
319 645 47 28 mig
381 645 34 22 till
430 645 172 22 reservationen.

284 676 34 21 En
342 675 36 22 del
401 675 70 23 talare
494 675 68 22 hafva
585 677 73 20 ansett
680 675 36 22 det
737 675 78 22 hittills
831 675 95 22 berörda
942 683 53 15 vara
1011 675 25 22 af

212 705 87 22 formell
323 707 70 20 natur.
425 705 45 29 Jag
493 712 65 15 anser
580 705 60 22 detta
660 707 96 20 tvärtom
776 712 55 16 vara
851 705 43 22 den
910 705 123 23 materiella

212 736 117 22 skilnaden
352 735 82 22 mellan
458 736 245 22 utskottsbetänkandet
723 736 42 22 och
785 736 173 22 reservationen.
989 736 45 22 Det

212 773 48 14 som
282 766 99 22 deremot
404 766 27 21 de
449 766 64 21 flesta
527 766 71 21 talare
615 765 65 22 hafva
697 766 94 21 hänfört
807 766 34 21 till
857 766 37 22 det
910 766 124 22 materiella

213 799 25 18 är
254 798 31 19 att
301 796 164 22 reservationen
480 797 100 21 anhäller
596 803 35 14 om
646 803 26 14 en
685 803 29 21 ny
726 795 181 30 regeringsform,
919 797 115 22 hvaremot

213 827 122 28 petitionen
351 826 100 22 anhäller
467 833 36 15 om
514 828 32 20 att
557 828 24 20 sä
592 828 32 20 att
635 829 54 26 säga
700 826 72 22 äterfä
783 826 43 23 den
837 827 82 28 gamla.
940 827 44 28 Jag
994 827 39 28 hy-

212 863 36 15 ser
264 863 26 15 en
308 857 91 22 alldeles
415 863 72 14 annan
504 856 143 29 uppfattning
663 856 42 22 och
719 857 102 22 bemöter
832 856 81 23 därför
923 857 111 28 professor

212 886 144 29 Rosengvists
372 887 145 28 invändning,
535 887 28 21 dä
574 887 45 21 han
630 889 74 26 säger:
728 887 59 21 »Här
798 890 25 18 är
834 887 50 22 icke
894 888 29 27 pä
934 889 32 20 ett
977 887 57 22 enda

212 917 64 22 ställe
291 917 140 26 motiveradt,
448 917 95 22 hvarför
559 925 51 14 man
626 917 39 21 vill
682 916 67 23 hafva
764 918 70 28 något
849 919 71 26 nytte,
936 917 46 22 helt
997 924 36 15 en-

212 947 46 22 kelt
271 947 51 22 med
339 948 81 25 svaret,
436 947 22 21 vi
471 947 83 29 begära
564 947 70 22 heller
649 947 118 29 ingenting
777 949 59 27 nytt:
848 947 22 22 vi
882 947 85 29 begära
977 947 56 22 blott

212 977 38 22 det
272 977 77 28 gamla
370 977 7 22 i
393 984 30 21 ny
439 977 63 22 form.
534 977 10 22 I
560 978 73 21 denna
648 977 36 22 del
700 977 125 30 föreligger
840 977 87 23 säledes
944 985 28 14 en
986 977 48 23 helt

212 1007 43 22 och
277 1007 69 22 hället
364 1007 79 22 formel
466 1007 87 22 skilnad
574 1008 82 21 mellan
675 1007 153 23 betänkandet
844 1008 42 22 och
901 1008 132 22 reservatio-

212 1044 50 20 nen,
279 1038 72 21 sävidt
365 1038 41 28 jag
421 1038 84 22 kunnat
520 1037 56 22 fatta
591 1038 75 22 saken.

285 1067 113 22 Professor
408 1068 132 28 Rosengvist
551 1067 104 22 framhöll
666 1068 32 22 att
708 1068 42 21 här
760 1068 50 22 icke
821 1075 39 15 ens
871 1071 25 19 är
906 1067 128 23 framhället

212 1098 130 28 någonting,
363 1104 47 15 som
431 1098 74 21 kunde
526 1097 62 29 gifva
608 1098 56 26 stöd,
680 1097 95 23 hvarför
790 1105 52 15 man
858 1098 39 22 vill
913 1097 67 24 hafva
996 1098 38 22 det

212 1128 75 28 gamla
310 1128 7 21 i
340 1134 28 16 en
388 1135 30 21 ny
434 1127 56 23 form
507 1128 43 22 och
566 1128 49 22 icke
631 1128 7 20 i
655 1128 43 22 den
714 1128 81 28 gamla.
827 1128 44 29 Jag
886 1128 100 29 päpekar
1001 1130 32 20 att

211 1158 167 22 reservationen
397 1160 25 19 är
438 1158 92 21 affattad
546 1158 7 20 i
569 1157 57 23 form
642 1158 25 21 af
681 1165 27 15 en
724 1158 117 22 skrifvelse
856 1158 35 22 till
907 1158 127 28 Majestätet

212 1188 42 21 och
278 1188 32 20 att
334 1188 48 21 deri
406 1187 78 22 derför
504 1188 49 21 icke
571 1188 41 21 har
627 1188 85 22 kunnat
727 1189 110 28 upptagas
853 1188 44 22 alla
913 1189 28 21 de
956 1188 77 26 motiv,

212 1224 47 15 som
283 1217 79 22 härvid
386 1217 68 22 hafva
469 1218 59 28 gjort
550 1218 35 28 sig
604 1218 111 28 gällande.
747 1218 45 22 Det
807 1219 78 26 mäste,
902 1218 70 29 enligt
987 1218 47 22 min

212 1247 149 29 uppfattning,
372 1249 22 19 te
406 1248 34 28 sig
450 1246 37 23 för
498 1247 125 28 Majestätet
633 1254 48 16 mer
691 1248 133 28 sympatiskt
838 1249 31 21 att
880 1250 30 26 gä
921 1249 22 21 in
954 1249 30 27 pä
994 1250 40 20 vär

212 1277 99 28 begäran
327 1277 62 21 iden
405 1277 25 21 af
442 1278 166 21 reservationen
624 1280 28 18 än
667 1278 8 20 i
691 1278 44 22 den
750 1277 26 22 af
788 1278 118 22 utskottets
922 1278 112 28 majoritet

212 1306 128 28 föreslagna
351 1306 95 22 formen.
472 1308 42 20 Om
523 1314 51 14 man
575 1302 13 38 i
584 1307 87 21 likhet
679 1308 51 21 med
739 1307 110 28 professor
860 1308 80 21 Heikel
949 1308 38 21 vill
995 1308 38 21 be-

211 1336 82 21 teckna
309 1336 60 22 detta
385 1335 37 22 för
432 1337 32 20 ett
475 1336 49 21 icke
535 1337 67 27 öppet
614 1349 25 2 —
649 1336 25 28 ja
680 1336 40 29 jag
730 1338 47 20 tror
787 1336 45 21 han
840 1337 14 21 t.
864 1343 20 15 0.
893 1344 29 15 m.
932 1336 101 23 använde

211 1366 112 26 uttrycket
332 1365 49 21 icke
387 1364 48 22 fullt
443 1366 67 27 ärligt
518 1378 29 3 —
555 1365 46 28 spel
610 1366 70 21 måste
690 1367 40 27 jag
738 1366 118 21 framhålla
865 1367 31 20 att
908 1366 60 22 detta
977 1366 57 22 dock

211 1394 63 22 torde
290 1402 53 14 vara
359 1394 39 22 för
414 1395 90 27 mycket
519 1395 95 28 pästädt.
643 1395 38 21 Uti
699 1395 143 22 monarkiska
857 1396 77 22 länder
950 1400 83 18 använ-

212 1424 39 22 der
266 1432 53 14 man
334 1425 74 21 såsom
423 1425 83 22 bekant
522 1424 48 22 ofta
586 1425 31 21 uti
628 1425 129 22 skrifvelser
767 1425 33 22 till
811 1425 126 28 Majestätet
948 1433 28 15 en
987 1434 46 14 om-

211 1454 129 24 skrifvande
356 1453 63 23 form.
451 1454 36 22 Dä
502 1462 51 14 man
569 1456 41 28 gär
626 1454 22 22 in
664 1455 52 22 med
731 1456 114 28 klagomäl
856 1455 62 23 öfver
930 1456 104 29 ätgärder

212 1491 47 15 som
282 1484 107 30 vidtagits
413 1485 41 21 och
478 1492 50 14 man
548 1492 64 15 anser
632 1485 18 21 sig
683 1485 56 23 böra
754 1485 139 29 öfverklaga,
909 1486 57 22 låter
981 1494 52 15 man

212 1514 131 23 skrifvelsen
359 1514 73 30 aldrig
447 1515 110 29 uppträda
572 1516 8 21 i
596 1515 42 22 den
659 1522 47 16 form
718 1517 34 21 att
762 1516 75 23 udden
848 1516 84 23 vänder
942 1517 35 30 sig
988 1518 45 22 mot
