1098 1795
173 99 36 18 Ev.
222 100 90 18 mietintö
324 106 31 13 n:o
368 101 10 17 1
392 101 84 18 laillisen
488 103 73 22 järjest.
574 102 81 23 palautt.
668 102 126 18 maahamme.
849 103 42 21 193

73 154 73 25 såsom
161 152 27 35 af
194 153 110 28 Ryssland
315 153 103 28 eröfradt,
429 157 52 20 utan
493 157 72 20 såsom
576 155 120 23 förbundet
707 156 50 22 med
768 156 123 26 detsamma

73 190 83 22 genom
171 191 34 14 sin
222 191 56 21 egen
294 185 130 28 uppenbara
439 185 94 22 fördel.«

146 213 50 22 Med
216 214 139 29 tacksamhet
376 215 75 22 kunna
466 216 23 21 vi
505 215 41 23 ock
563 216 98 21 erkänna
677 216 27 21 de
719 216 63 22 bevis
797 217 30 27 på
842 216 46 26 väl-

74 243 64 28 villig
157 243 124 26 förståelse,
300 251 48 14 som
363 244 95 22 kommit
474 252 34 15 oss
524 245 33 22 till
573 246 35 21 del
625 245 49 22 från
689 246 66 27 ryske
772 249 59 23 män,
848 245 42 22 och

73 273 23 23 vi
112 273 76 21 kunna
203 273 49 22 icke
268 274 116 21 underlåta
400 276 32 19 att
444 275 83 28 hoppas
538 276 29 27 på
577 277 31 20 ett
618 275 97 28 verkligt
721 275 46 22 och
777 275 114 28 varaktigt

73 302 152 25 samförstånd
246 304 95 21 emellan
365 305 39 20 vår
424 304 93 22 monark
538 305 41 21 och
599 306 50 21 vårt
669 304 54 22 folk.
754 305 95 22 Komma
868 305 21 21 vi

74 333 91 26 derhän,
182 335 32 19 att
229 333 23 22 vi
268 333 20 28 ej
305 333 96 22 behöfva
416 333 75 23 frukta
506 333 37 22 för
559 335 49 21 vårt
623 334 57 22 folks
696 333 28 23 lif
735 334 54 22 eller
799 333 91 24 utveck-

74 362 54 29 ling,
149 362 37 22 för
208 364 38 20 vår
266 363 38 28 lag
324 363 42 22 och
386 365 50 25 rätt,
457 365 25 20 så
497 364 62 25 skola
574 365 23 20 vi
612 365 50 22 icke
677 364 71 22 heller
763 364 74 22 frukta
853 363 38 27 för

74 393 110 29 åtgärder,
201 399 48 15 som
264 393 47 25 afse
327 395 31 20 ett
374 394 122 22 närmande
512 394 95 22 emellan
623 394 94 22 Finland
728 395 41 21 och
780 394 111 28 Ryssland

73 424 30 29 på
124 422 171 29 frivillighetens
317 426 53 25 väg;
387 424 29 21 då
431 424 74 22 kunde
520 424 22 21 vi
559 424 42 22 ock
616 424 91 29 hoppas,
724 426 32 20 att
771 424 60 22 hvad
846 425 44 21 rätt

73 453 42 23 och
131 454 65 20 sannt
212 453 42 21 och
270 453 54 29 godt
341 453 40 22 där
396 454 116 28 uppspirar
528 454 63 28 skall,
607 454 62 21 finna
683 457 46 26 väg
744 454 34 21 till
797 461 35 15 oss
849 454 41 22 och

74 483 50 24 med
139 483 139 22 tacksamhet
294 483 40 22 här
350 485 129 27 emottagas.

144 512 111 29 Slutligen
265 514 71 27 nägra
347 513 39 25 ord
398 514 115 28 angäende
524 514 37 21 det
569 513 92 29 förslag,
669 521 46 14 som
725 513 166 27 reservationen

73 542 140 29 framställer.
237 543 45 28 Jag
298 543 110 22 erkänner
423 545 32 20 att
472 544 36 21 det
524 547 25 18 är
564 544 49 21 icke
629 546 52 19 utan
698 544 48 21 sina
767 544 124 29 betänklig-

72 573 64 22 heter
158 575 32 20 att
211 573 83 28 begära
315 580 28 16 en
363 581 30 21 ny
414 573 181 30 regeringsform,
616 581 50 14 men
689 575 20 26 1)
730 575 45 20 stär
791 574 36 21 det
841 574 22 28 ju
881 574 8 25 i

73 603 107 22 Finlands
195 603 101 24 ständers
312 603 62 22 makt
389 605 32 20 att
437 604 49 22 icke
502 604 115 28 samtycka
631 604 32 21 till
675 605 84 21 sädana
769 604 121 29 ändringar

73 634 8 21 i
100 634 117 29 grundlag,
234 641 46 14 som
297 641 53 15 vore
366 634 104 22 störande
486 634 54 22 eller
556 635 90 28 vääliga
662 633 37 22 för
715 635 39 21 vär
770 634 121 25 nationella

73 664 88 22 tillvaro
185 664 42 22 och
246 665 22 27 2)
289 667 25 18 är
334 664 69 21 saken
423 664 69 28 riktig
512 665 7 20 i
540 665 42 21 och
601 664 37 22 för
658 664 41 29 sig.
730 664 44 22 Det
794 667 25 18 är
837 664 53 24 visst

73 693 70 26 fallet,
164 695 32 20 att
217 694 22 21 vi
259 694 72 21 skulle
350 694 30 21 ha
400 695 32 20 att
453 696 84 26 emotse
556 696 60 20 stora
635 695 139 28 svårigheter
789 695 14 20 å
818 694 73 27 denna

74 726 50 27 väg,
140 731 52 14 men
208 731 34 14 om
260 724 22 21 vi
298 725 52 20 veta
364 725 34 20 att
409 724 22 21 vi
447 724 29 22 ha
492 726 31 20 ett
538 726 45 20 rätt
599 724 44 23 mäl
659 725 41 21 och
717 731 36 15 om
769 724 21 22 vi
807 723 84 25 sträfva

75 756 45 27 mot;
140 753 122 23 detsamma
282 756 54 19 utan
352 753 134 23 sidoblickar
502 754 40 22 och
559 756 53 20 utan
630 754 131 26 baktankar,
778 754 75 22 kunna
868 754 22 24 vi

73 783 69 28 ocksä
156 784 86 29 hoppas
257 785 33 21 att
306 784 64 21 dessa
385 784 138 29 svärigheter
538 785 63 22 skola
616 784 70 22 varda
701 784 144 28 undanröjda.

144 844 159 22 Valtioneuvos
324 844 117 22 Danielson:
464 843 57 23 Sitte
542 845 44 20 kun
609 843 118 29 professori
743 844 146 26 Hermanson,

71 873 55 29 joka
147 881 28 14 on
197 874 154 21 vastalauseen
367 873 140 22 varsinainen
524 874 145 27 muodostaja,
686 875 39 26 nyt
741 881 28 14 on
786 874 105 27 esittänyt

75 903 121 27 muutamia
211 904 96 21 tärkeitä
322 903 143 27 näkökohtia,
480 904 63 27 jotka
559 905 51 20 ovat
621 903 90 22 kaikille
722 904 102 27 yhteisiä,
835 911 56 20 pyy-

74 933 44 22 dän
143 933 59 23 minä
225 933 124 28 puolestani
372 933 69 22 saada
466 933 217 22 kunnioittavimmin
703 933 109 28 selvittää,
837 933 55 26 mitä

74 963 125 22 vastalause
214 963 127 27 tarkoittaa,
356 963 25 29 ja
396 963 159 22 minkätähden
571 963 194 28 allekirjoittaneet
781 965 51 20 ovat
843 963 48 24 kat-

74 995 78 20 soneet
171 1000 38 15 sen
230 993 124 22 tekemisen
369 993 218 22 välttämättömäksi.
618 993 70 21 Mutta
703 993 82 22 ensiksi
801 993 91 29 pyydän

73 1023 48 22 toki
141 1023 100 22 minäkin
263 1023 69 21 saada
347 1023 77 22 lausua
440 1023 121 22 muutamia
576 1023 77 28 sanoja
669 1023 56 26 siitä,
742 1023 60 21 mikä
818 1023 73 23 meille

75 1053 91 22 kaikille
182 1059 29 17 on
226 1053 103 28 yhteistä.

145 1082 102 23 Olemme
263 1083 177 26 valiokunnassa,
456 1082 161 29 valtiopäivillä
629 1082 25 29 ja
670 1082 144 22 eduskunnan
829 1082 62 23 ulko-

75 1112 103 29 puolella,
195 1113 121 24 kaikkialla
332 1112 118 23 Suomessa
466 1113 54 28 yhtä
536 1113 76 22 mieltä
627 1113 51 21 siitä
693 1114 46 20 että
754 1119 23 15 se
793 1112 99 22 hallitus-

74 1143 143 28 järjestelmä,
236 1143 48 28 jota
304 1143 68 21 täällä
392 1143 125 21 viimeisinä
533 1143 92 22 vuosina
640 1149 28 15 on
685 1143 136 25 noudatettu,
837 1143 55 21 mitä

73 1173 158 28 jyrkimmässä
252 1175 114 20 määrässä
386 1179 27 15 on
430 1173 142 22 ristiriidassa
587 1172 97 22 Suomen
701 1172 98 23 kansalle
812 1172 80 28 juhlal-

76 1203 68 22 lisesti
165 1203 173 28 vahvistettujen
358 1203 130 22 oikeuksien
508 1203 86 26 kanssa,
616 1202 92 22 samalla
724 1203 44 21 kun
785 1209 30 20 se,
831 1203 61 21 mikä

77 1233 118 22 merkitsee
217 1233 59 22 vielä
295 1235 124 24 enemmän,
441 1240 28 15 on
490 1233 177 28 sisällykseltään
687 1233 42 20 sitä
749 1233 81 25 laatua,
847 1233 46 21 että

75 1270 25 18 se
115 1263 74 21 uhkaa
205 1263 67 21 tuoda
283 1263 74 22 meille
368 1263 135 22 kansallisen
514 1263 172 22 surkastumisen
695 1263 25 28 ja
730 1263 76 21 kaikin
817 1262 75 29 puolin

76 1293 136 26 aineellisen,
229 1293 108 22 henkisen
354 1293 26 28 ja
399 1293 126 22 siveellisen
547 1292 186 29 rappeutumisen.
765 1291 127 23 Sentähden

77 1329 35 16 me
129 1323 102 27 myöskin
247 1323 94 22 olemme
357 1323 54 27 yhtä
422 1323 76 21 mieltä
508 1323 57 25 siitä,
578 1325 45 20 että
635 1323 110 27 nykyisen
755 1322 138 28 sukupolven

76 1352 142 22 velvollisuus
239 1359 28 15 on
288 1352 90 22 koettaa
398 1352 75 22 kaikin
493 1352 83 22 voimin
591 1351 73 28 torjua
679 1352 98 21 Suomen
792 1351 101 23 kansalta

76 1382 104 22 sellaisen
200 1382 154 29 järjestelmän
376 1382 68 22 tuhoa
468 1384 108 20 tuottavat
600 1382 134 21 seuraukset.
771 1381 122 22 Siihenhän

77 1413 121 23 velvoittaa
214 1413 67 21 meitä
297 1419 24 15 se
336 1413 127 26 säilymisen
480 1413 77 25 vaisto,
573 1412 69 27 jonka
657 1412 75 21 luonto
749 1419 28 14 on
791 1412 103 21 laskenut

73 1441 117 28 jokaiseen
205 1441 93 22 elävään
310 1441 110 26 olentoon,
430 1441 24 27 ja
462 1441 54 27 joka
526 1441 115 21 vaikuttaa
649 1441 122 27 jokaisessa
781 1442 113 19 terveessä

76 1470 192 32 yhteiskunnassa,
284 1472 25 26 ja
324 1472 47 19 tätä
386 1471 164 20 velvollisuutta
566 1471 95 20 enentää
674 1477 23 14 se
708 1470 105 27 ylentävä
823 1471 70 26 tunto,

76 1502 48 24 että
139 1500 89 24 meidän
244 1500 129 22 kansamme
389 1500 105 22 elämisen
511 1500 76 23 oikeus
603 1499 21 22 ei
640 1499 34 22 ole
685 1507 58 14 vaan
754 1499 141 27 muodollista

801 1542 22 17 13
