1081 1742
345 116 264 21 Jernvägsbyggnaderna.
849 110 42 20 441

66 192 55 14 vaan
145 184 232 29 epäsuoranaistenkin,
392 184 61 21 sikäli
477 184 51 21 kuin
552 192 27 13 ne
594 185 74 20 voivat
683 183 144 22 aikaansaada
843 184 50 28 epä-

66 213 138 21 luottamusta
228 213 133 21 suhteellista
380 213 120 28 vaalitapaa
515 216 96 22 vastaan,
625 213 21 27 ja
662 212 155 22 mahdollisesti
833 212 59 28 myös

66 242 83 20 tulevat
164 244 112 19 antamaan
292 241 80 21 aihetta
388 241 170 29 vaalikepposiin
574 242 21 27 ja
610 242 62 26 siten,
687 242 32 27 jos
736 242 61 20 nämä
809 240 84 22 kauvan

66 270 62 21 aikaa
144 270 82 21 tulevat
240 270 129 28 jatkumaan,
385 273 107 18 saattavat
506 270 99 22 turmella
621 270 81 21 kansan
716 269 93 29 puhtaan
821 269 73 21 oikeu-

67 298 173 28 denkäsityksen.

137 327 74 21 Kuten
232 330 91 22 sanottu,
339 334 25 14 en
386 326 131 22 kuitenkaan
533 328 56 20 tästä
605 326 97 22 kaikesta
717 326 125 22 huolimatta
857 326 37 21 sii-

68 355 40 22 hen
133 355 91 26 nähden,
238 357 50 20 ettei
311 358 73 18 muuta
407 356 106 28 lujempaa
529 356 20 28 ja
565 362 136 21 varmempaa
717 355 177 28 vaalijärjestystä

68 384 122 28 nykyisissä
205 384 77 22 oloissa
298 384 64 21 voida
377 384 66 21 tuoda
459 385 60 25 esiin,
529 384 66 21 tahdo
605 387 82 18 omasta
700 384 118 28 puolestani
829 382 66 22 tehdä

68 413 78 21 mitään
163 413 205 21 muutosehdotusta.

139 470 53 28 54
184 465 13 37 &
230 470 110 21 godkändes
363 469 51 22 härä
437 470 138 27 oförändrad,
597 470 41 21 och
663 469 74 22 blefvo
759 469 136 25 återstående

69 498 60 22 delar
144 498 22 21 af
183 498 162 28 ifrägavarande
361 498 118 29 lagförslag
494 501 93 25 antagna
603 502 50 18 utan
670 498 146 28 anmärkning.

139 555 32 21 På
186 555 93 29 begäran
295 555 109 22 lemnades
420 555 52 22 härä
487 556 63 21 ordet
564 555 23 21 åt

140 612 34 22 Hr
189 612 209 28 Segerstråle,
414 620 45 14 som
475 612 94 29 yttrade:
591 612 43 22 Det
649 613 38 21 har
702 616 60 25 synts
778 614 43 27 mig
837 612 60 22 svårt

70 645 31 17 att
124 642 56 20 finna
196 641 64 29 något
294 641 91 21 passande
408 641 85 21 tillfälle
509 645 30 17 att
560 643 77 19 nämna
653 642 66 28 några
734 641 38 22 ord
789 649 34 13 om
839 642 57 20 vissa

72 666 176 37 betänkligheter,
271 645 48 57 dem
335 671 35 27 jag
392 670 50 28 hyst
464 670 69 21 under
556 670 156 28 behandlingen
736 670 23 22 af
773 670 48 21 hela
837 670 59 21 detta

71 698 123 28 lagförslag.
224 698 74 22 Såsom
314 698 68 22 kändt
397 698 65 22 hafva
479 698 120 22 Ständerna
614 699 48 21 icke
678 701 56 19 ännu
750 699 41 21 fått
803 701 94 25 mottaga

70 728 186 27 propositionerna
285 727 111 27 angående
426 727 105 21 särskilda
562 727 170 28 medborgerliga
761 726 135 29 rättigheter:

70 756 132 27 pressfrihet,
218 756 146 28 församlings-
375 756 40 21 och
432 756 181 28 föreningsfrihet.
644 756 63 21 Huru
723 756 62 21 dessa
801 756 96 28 proposi-

70 785 70 20 tioner
163 785 84 21 komma
269 787 31 18 att
315 792 23 13 se
354 788 29 21 ut,
399 787 48 18 veta
469 785 21 20 vi
506 785 53 21 icke.
589 784 125 22 Emellertid
731 786 22 20 är
769 784 42 26 det,
827 791 70 14 såsom

72 812 66 22 kändt
154 812 41 22 och
211 812 68 22 såsom
296 813 22 21 af
333 813 50 21 flere
398 813 68 21 talare
482 813 133 25 framhållits,
631 813 22 21 af
669 816 44 18 stor
728 814 53 27 vigt,
791 816 32 18 att
834 812 63 22 dessa

70 841 90 21 friheter
176 842 66 20 blifva
258 841 107 25 effektiva,
381 841 41 21 och
437 841 37 21 det
489 842 38 20 har
542 841 91 28 tidigare
648 841 133 27 framhållits,
797 844 30 18 att
838 841 59 21 detta

71 871 23 20 är
109 870 23 21 af
147 870 51 21 allra
215 872 77 19 största
309 871 46 27 vigt
370 870 103 21 särskildt
489 870 34 21 för
538 870 47 21 hela
601 870 71 21 denna
687 870 84 22 reform.
799 870 35 21 Nu
846 870 51 21 kän-

71 906 38 13 ner
131 907 47 12 man
203 899 117 21 emellertid
343 899 48 21 icke
414 900 57 20 ännu
487 899 31 21 till
535 899 62 21 dessa
614 900 167 27 propositioners
797 898 100 21 innehåll.

72 927 76 22 Under
170 927 79 22 sådana
272 927 149 21 förhållanden
445 935 64 20 synes
532 927 37 22 det
591 929 44 26 mig
655 928 108 27 vanskligt
778 931 32 18 att
825 927 73 21 skrida

71 956 32 21 till
126 955 71 22 denna
220 956 84 21 reform.
333 955 42 28 Jag
398 956 134 28 vedervågar
554 956 48 21 icke
623 960 31 17 att
669 958 53 26 göra
738 957 65 28 något
817 955 81 28 förslag

71 984 135 26 härutinnan,
221 993 47 13 men
291 985 36 28 jag
342 985 38 20 har
402 985 48 21 icke
474 985 83 21 kunnat
578 985 112 21 underlåta
714 988 31 19 att
760 985 66 21 uttala
842 985 56 20 mina

72 1013 170 28 betänkligheter
258 1016 30 18 att
304 1021 28 13 nu
348 1013 71 22 skrida
436 1013 33 21 till
485 1013 82 28 slutligt
583 1013 124 28 afgörande.

140 1070 34 21 De
190 1070 23 23 af
228 1070 229 28 Grundlagsutskottet
471 1070 27 29 på
513 1070 54 21 sidd.
580 1071 40 20 115
632 1070 40 21 och
688 1071 39 20 116
743 1070 23 21 af
782 1070 117 21 betänkan-

70 1098 38 21 det
122 1098 127 22 framstälda
264 1099 107 28 förslagen
389 1099 73 21 blefvo
479 1099 22 21 af
517 1099 25 21 R.
553 1107 18 13 o.
581 1100 27 20 A.
623 1102 52 18 utan
691 1099 140 28 anmärkning
845 1098 54 29 god-

71 1127 76 21 kända.

355 1328 260 28 Jernvägsbyggnaderna.

141 1384 43 21 Till
195 1384 59 21 detta
267 1385 84 28 plenum
363 1385 54 21 hade
435 1385 110 28 bordlagts
561 1385 194 28 Borgareständets
772 1385 130 28 protokolls-

73 1412 84 28 utdrag,
184 1413 138 28 hvarigenom
351 1413 142 22 medständen
523 1414 104 28 inbjudits
653 1417 31 18 att
711 1414 74 21 förena
809 1414 34 27 sig
867 1420 34 14 om

72 1441 93 21 nämnda
181 1441 74 22 ständs
272 1442 69 21 beslut
357 1443 6 20 i
379 1441 61 29 fräga
456 1450 35 13 om
507 1442 212 29 Sydösterbottniska
735 1443 76 20 banan.

142 1497 35 22 Då
193 1498 59 21 detta
267 1498 78 22 ärende
362 1507 28 12 nu
407 1499 120 28 föredrogs,
542 1499 65 22 utbad
623 1501 32 27 sig
