1078 1742
193 120 42 22 290
456 128 24 16 R.
494 132 18 12 o.
525 128 25 16 A.
563 128 61 17 1906.
648 128 28 16 30
688 127 68 21 April.

193 194 107 30 förslaget
314 196 31 20 till
361 196 132 28 förordning,
509 197 5 20 i
531 196 103 22 afseende
650 196 12 21 å
675 196 86 20 hvilken
781 196 5 27 $
797 195 34 21 Hr
847 194 174 22 Landtmarskal-

193 223 42 22 ken
253 222 32 23 till
301 224 102 22 Ständets
419 224 134 22 besvarande
568 224 160 22 öfverlemnade
744 224 95 28 följande

387 310 448 28 Omröstningsproposition:

264 372 55 27 Den,
343 380 45 14 som
413 373 126 28 godkänner
564 374 13 26 $
604 374 9 20 1
639 374 66 27 enligt
732 373 123 21 Utskottets
879 372 142 26 betänkande,

193 402 71 20 röstar
278 402 29 28 ja;

264 465 75 21 vinner
357 465 41 28 nej,
414 464 38 22 har
467 465 25 21 R.
508 472 18 14 o.
543 466 26 20 A.
584 465 95 28 godkänt
696 466 12 26 $
725 466 10 20 1
754 465 66 27 enligt
840 464 41 22 den
897 464 49 21 näd.
960 471 61 21 prop.

265 528 162 28 Propositionen
452 528 129 22 besvarades
605 528 47 21 med
675 527 161 29 öfvervägande
858 528 40 32 nej,
913 527 31 21 till
967 526 55 29 följd

195 556 79 22 hvaraf
289 556 91 22 Ständet
395 557 54 21 hade
466 557 87 21 beslutit
569 560 31 18 att
615 560 77 24 antaga
708 557 10 27 $
735 558 9 19 1
764 556 47 21 med
827 556 41 21 den
884 564 6 12 i
904 556 48 21 näd.
962 563 59 21 prop.

193 584 123 29 föreslagna
332 585 86 29 lydelse.

263 670 12 22 I
291 671 102 21 afseende
409 672 12 20 å
436 672 12 27 &
465 673 11 20 2
492 672 85 28 ytirade

263 734 57 21 Frih.
343 742 57 13 von
425 734 146 22 Alfthan:
596 734 70 22 Dessa
682 735 36 21 två
734 734 79 28 frågor,
829 734 20 21 d.
864 742 20 13 v.
899 741 16 14 s.
931 733 91 21 rörande

195 763 144 21 skattesatsen
357 763 40 21 och
413 763 188 29 minimibeloppet,
616 765 36 19 äro
663 764 133 27 väsentligen
808 762 107 22 beroende
926 762 23 21 af
961 762 61 21 hvar-

194 791 74 21 andra.
299 791 34 21 Dä
355 792 26 21 R.
397 800 18 13 o.
430 792 27 21 A.
472 800 28 13 nu
516 792 39 20 har
570 792 88 21 beslutit
672 795 32 18 att
718 795 78 25 antaga
812 791 41 22 den
868 791 58 28 lägre
942 790 79 22 skatte-

195 823 80 23 satsen,
291 820 24 21 sä
337 822 22 19 är
375 820 36 21 det
434 820 47 22 icke
497 820 46 22 skäl
567 824 30 17 att
613 820 93 22 vidhälla
726 820 37 21 det
778 822 6 19 i
802 820 122 22 Utskottets
940 819 82 27 förslag

195 848 106 29 ingäende
323 849 58 28 lägre
404 849 189 28 minimibeloppet,
617 849 88 21 emedan
728 849 123 28 derigenom
873 856 25 13 en
914 847 108 28 rubbning

195 877 71 22 skulle
282 878 83 21 komma
381 881 31 18 att
427 878 84 28 uppstå,
525 885 46 14 som
587 878 48 21 icke
651 879 55 20 varit
721 877 83 22 afsedd.
835 876 31 22 På
880 876 69 29 grund
960 876 62 21 häraf

196 906 38 21 ber
249 906 36 28 jag
301 906 88 21 sålunda
405 910 31 17 att
450 907 23 20 få
488 907 87 21 förorda
590 907 166 21 reservationen.

264 969 34 21 Hr
321 969 206 22 Landtmarskalken
551 969 160 22 öfverlemnade
735 969 51 21 härå
808 969 32 21 till
862 969 102 21 Ståndets
985 969 36 20 be-

192 997 107 22 svarande
315 997 94 28 följande

381 1095 450 29 Omröstningsproposition:

263 1152 55 26 Den,
343 1159 44 14 som
413 1153 125 27 godkänner
561 1153 12 27 &
597 1154 12 19 2
637 1153 65 27 enligt
729 1151 126 23 Utskottets
881 1151 140 25 betänkande,

190 1182 71 19 röstar
276 1181 31 27 ja;

263 1245 75 19 vinner
361 1244 41 27 nej,
417 1243 38 22 har
476 1244 26 21 R.
518 1251 19 14 o.
553 1245 26 20 A.
595 1243 95 28 godkänt
714 1245 12 26 $
743 1245 12 19 2
772 1243 67 28 enligt
861 1243 159 21 reservationen

214 1279 19 13 o
251 1273 10 20 1

263 1335 165 28 Propositionen
451 1335 129 21 besvarades
603 1335 48 21 med
672 1335 162 27 öfvervägande
851 1335 42 27 nej;
909 1334 41 21 och
965 1334 55 21 hade

190 1363 26 21 R.
232 1371 20 13 o.
269 1364 26 20 A.
311 1363 89 21 sålunda
425 1364 85 20 beslutit
533 1366 32 19 att
587 1363 113 28 godkänna
716 1365 13 26 &
746 1364 13 20 2
775 1363 68 28 enligt
865 1363 102 28 förslaget
989 1363 31 20 uti

191 1391 42 21 den
251 1391 32 21 till
299 1391 145 22 betänkandet
460 1392 77 27 fogade
553 1393 158 20 reservationen
728 1393 16 20 I.

263 1455 175 22 Vidkommande
455 1456 11 27 $
481 1456 12 20 3
510 1455 125 21 framstälde
651 1455 34 21 Hr
700 1455 210 21 Landtmarskalken
926 1454 31 21 till
968 1453 25 21 R.
1002 1460 19 14 o.

189 1484 39 20 A:s
248 1483 133 21 hesvarande
397 1483 94 28 följande
