1078 1739
319 99 264 21 Jernvägsbyggnaderna.
831 91 42 20 253

113 167 34 22 Hr
170 166 69 22 Gösta
262 166 197 22 Grotenfelt:
483 166 42 28 Jag
545 166 38 22 har
599 166 74 22 blifvit
688 166 147 22 förekommen
851 166 23 20 af

45 196 40 22 den
110 195 127 29 föregäende
261 195 63 21 ärade
339 195 81 21 talaren
436 195 42 21 och
494 196 40 20 kan
551 195 116 21 inskränka
684 196 43 27 mig
743 195 32 21 till
791 197 31 18 att
837 201 37 14 en-

46 224 48 22 dast
116 224 91 30 påpeka,
221 227 31 18 att
274 232 76 20 genom
366 224 25 21 R.
407 232 19 13 o.
442 226 38 19 A:s
497 224 70 21 beslut
583 225 5 19 i
605 224 42 27 dag
663 223 112 28 angående
790 223 84 21 Elisen-

47 261 85 13 vaara—
144 247 134 38 Kronoborgs
291 252 69 22 banan
371 252 165 28 förteckningen
548 253 13 20 å
571 252 55 22 sidd.
635 252 85 22 35—36
731 253 5 20 i
750 251 123 23 Utskottets

48 281 135 22 betänkande
209 281 40 21 blir
273 281 146 28 ofullständig.
450 281 48 21 Den
524 281 67 21 borde
615 280 185 28 förfullständigas
825 280 48 21 med

47 310 68 22 denna
132 310 61 27 bana,
209 310 87 21 hvilken
311 311 57 20 inom
384 310 37 21 det
435 310 125 28 Höglofliga
576 309 87 21 ståndet
677 309 57 22 fallit
750 310 6 20 i
767 309 48 28 dag,
825 316 49 14 men

47 346 45 14 som
109 338 62 27 ändä,
186 338 75 21 tänker
277 339 35 27 jag
327 339 48 27 mig,
391 338 67 22 borde
474 338 23 21 fä
513 338 41 22 den
570 340 50 19 äran
637 341 31 18 att
684 338 85 21 komma
779 338 7 20 i
794 338 80 20 samma

48 368 56 21 klass
121 375 45 14 som
183 367 33 26 de,
231 367 71 21 hvilka
318 367 133 21 förekomma
467 368 6 20 i
489 367 171 28 förteckningen.

116 424 34 21 Hr
173 424 29 21 af
224 424 185 22 Hällström:
434 424 91 21 Minulla
550 424 120 28 puolestani
694 424 20 20 ei
739 424 34 20 ole
795 424 79 20 mitään

49 454 40 20 sitä
105 455 97 24 vastaan,
214 454 43 20 että
272 452 120 28 Kurkijoen
405 456 46 18 rata
467 456 86 18 otetaan
565 453 76 21 niitten
652 452 134 22 rautateiden
799 452 75 21 luette-

48 482 55 25 loon,
119 482 59 27 jotka
200 482 45 20 ensi
261 482 75 28 sijassa
355 483 113 27 päätetään
485 481 152 21 tutkittaviksi.
667 481 51 21 Että
734 482 41 20 sitä
791 481 84 21 mietin-

48 512 64 19 nössä
127 511 19 20 ei
163 510 33 21 ole
216 510 117 26 ehdotettu,
348 511 84 27 riippuu
449 510 157 21 luonnollisesti
622 510 54 27 siitä,
693 511 43 19 että
754 509 121 22 Valiokun-

49 546 39 14 nan
113 540 124 20 enemmistö
261 546 26 14 on
311 538 127 22 ehdottanut
460 540 71 20 tämän
555 538 66 22 radan
643 540 21 27 jo
686 541 38 25 nyt
738 538 137 22 rakennetta-

49 568 68 21 vaksi.

118 596 56 21 Mitä
197 597 49 21 sitte
269 596 123 28 lueteltujen
409 597 118 20 vastaisten
543 596 191 21 rautatiesuuntien
751 595 124 21 tutkimisen

49 625 141 28 järjestyksen
214 626 161 21 muuttamiseen
398 625 64 27 tulee,
478 626 44 20 niin
544 626 107 27 pyytäisin
672 624 65 22 saada
761 624 115 21 kannattaa

50 654 41 20 sitä
113 654 146 28 mielipidettä,
282 656 44 19 että
349 653 70 22 vanha
441 656 100 18 tunnettu
565 653 193 21 maantieteellinen
777 653 99 28 järjestys

51 682 162 28 säilytettäisiin.
242 682 51 22 Sillä
309 683 31 27 jos
363 685 102 18 ruvetaan
485 682 121 21 muutoksia
629 682 118 26 tekemään.
763 684 112 18 antamaan

51 711 89 28 etusijaa
163 711 82 21 toiselle
261 712 28 20 tai
311 711 83 21 toiselle
410 710 246 27 rautatieehdotukselle,
672 711 44 20 niin
732 710 82 28 tietysti
830 709 46 21 kai-

49 739 50 21 killa
123 740 73 20 muilla
218 740 101 27 säädyillä
341 747 26 13 on
383 740 62 20 oleva
469 747 58 13 sama
543 740 81 26 oikeus,
639 740 20 27 ja
674 740 57 20 tämä
747 746 38 14 suo
800 738 76 21 aikaan

50 768 99 22 sellaisen
166 769 149 28 kilpajuoksun
331 769 29 20 eri
376 768 175 22 rataehdotusten
568 768 72 21 välillä
653 769 29 20 eri
696 767 109 29 säädyissä
821 767 55 25 siitä,

50 797 56 20 mikä
129 798 91 20 rautatie
243 805 26 13 on
293 797 174 22 vastaisuudessa
490 800 119 18 asetettava
633 796 175 26 ensimmäiseksi,
833 797 43 19 että

50 826 47 20 siitä
114 826 18 20 ei
150 825 58 22 koko
223 826 148 21 ehdotukselle
386 826 44 21 tule
447 826 96 21 olemaan
560 825 80 29 hyötyä
655 825 124 21 ensinkään.

120 854 97 21 Minäkin
240 855 120 28 puolestani
383 854 85 29 pyydän
493 855 116 20 kannattaa
632 853 155 23 Valiokunnan
811 852 66 22 ehdo-

50 885 57 18 tusta
123 884 176 20 semmoisenaan.

121 939 58 22 Frih.
194 939 35 22 W.
240 947 55 14 von
312 940 97 21 Troil:
440 940 37 21 Då
491 941 36 28 jag
538 940 33 21 för
587 941 42 20 min
646 940 34 21 del
696 940 47 21 icke
760 940 40 21 kan
817 939 60 20 finna

51 968 64 28 några
139 968 46 21 skäl
201 969 33 20 för
251 969 170 21 motarbetandet
444 969 23 20 af
490 969 86 21 teknisk
591 969 161 27 undersökning
768 969 5 20 i
790 968 24 21 sä
830 967 47 21 vid-

52 997 81 21 sträckt
149 997 49 21 män
214 1005 45 13 som
275 998 87 27 möjligt,
378 997 23 22 sä
417 997 70 22 skulle
501 998 36 27 jag
553 997 50 28 vilja
619 998 83 21 ansluta
719 998 43 27 mig
776 997 32 20 till
819 996 57 21 Frih.

52 1033 41 13 von
109 1025 103 22 Alfthans
227 1027 100 27 yttrande
343 1026 40 21 och
399 1026 58 28 förty
473 1026 131 21 understöda
620 1026 53 21 hans
690 1026 87 28 förslag.

121 1082 35 21 Hr
172 1083 73 28 Georg
282 1091 35 13 von
332 1083 119 21 Wendt:
482 1083 136 21 Anslutande
633 1084 43 27 mig
689 1083 31 21 till
731 1083 34 21 Hr
775 1083 105 26 Ramsays

54 1111 118 26 uttalande,
187 1112 37 20 vill
239 1113 35 27 jag
297 1112 112 21 framhälla
424 1115 32 18 att
472 1112 164 28 konsegvensen
652 1112 23 21 af
690 1111 103 22 Ständets
809 1113 73 19 senast

54 1140 83 21 fattade
154 1140 69 21 beslut
231 1141 90 26 fordrar,
336 1144 31 18 att
383 1141 20 20 vi
419 1141 99 27 utstryka
533 1140 222 21 Kemi—Rovaniemi
772 1140 69 21 banan
857 1146 25 13 ur

54 1169 171 28 förteckningen.

123 1226 59 21 Frih.
220 1233 32 14 von
269 1226 145 21 Alfthan:
442 1226 44 21 Det
502 1234 37 13 var
555 1228 93 19 närmast
663 1226 48 21 med
728 1225 116 28 anledning
860 1224 23 21 af

55 1255 34 20 Hr
103 1255 112 28 Ramsays,
230 1256 91 27 August,
337 1255 137 28 andragande
495 1256 36 27 jag
547 1255 92 28 begärde
655 1255 67 21 ordet.
752 1254 64 21 Dock
832 1253 50 22 ville

54 1284 35 27 jag
105 1283 47 21 med
177 1283 115 28 anledning
315 1283 22 22 af
351 1283 34 22 Hr
407 1283 165 29 Björkenheims
592 1283 110 22 uttalande
718 1283 118 25 framhälla,
852 1284 32 19 att

55 1311 92 21 Ständet
163 1313 6 19 i
185 1311 38 28 går
247 1312 68 21 beslöt
339 1315 31 18 att
392 1312 156 21 återremittera
568 1312 75 28 frågan
659 1319 34 14 om
710 1311 173 22 Keski-Suomi

55 1340 270 28 sammanbindningsbana
348 1341 48 21 med
413 1341 102 20 särskildt
539 1341 85 28 kraftig,
640 1341 131 20 förordande
793 1339 91 22 motive-

55 1369 53 27 ring,
128 1368 24 21 sä
176 1372 31 17 att
229 1369 122 28 densamma
374 1370 60 20 torde
459 1369 24 21 af
505 1369 120 22 Ständerna
645 1369 114 21 framdeles
776 1368 108 22 omfattas.

57 1397 75 21 Denna
149 1397 55 21 bana
226 1397 38 22 har
279 1405 43 21 nog
337 1397 42 22 fätt
394 1399 42 21 sitt,
453 1398 41 21 och
515 1398 38 21 det
569 1397 77 22 blifver
660 1397 224 29 Jernvägsutskottets

56 1426 37 21 sak
110 1429 31 17 att
156 1428 52 26 göra
228 1426 165 28 formuleringen
417 1426 30 27 sä,
463 1430 33 18 att
511 1426 41 22 den
569 1426 77 22 blifver
661 1426 75 28 tydlig.
765 1425 66 22 Hvad
849 1425 36 20 be-

56 1454 73 21 träffar
153 1455 47 21 mitt
223 1455 86 28 förslag,
324 1455 24 21 sä
372 1455 106 21 erkänner
501 1456 40 27 jag,
557 1458 32 18 att
607 1454 36 22 det
658 1455 79 21 rubbar
752 1454 41 22 den
809 1453 77 22 tanke-

56 1483 63 28 gäng,
135 1490 45 14 som
203 1484 68 28 ligger
292 1484 32 20 till
340 1484 69 28 grund
432 1484 35 21 för
483 1484 222 27 Jernvägsutskottets
728 1483 88 27 förslag,
837 1489 48 13 men
