1081 1739
200 101 43 21 254
467 109 24 16 R.
505 113 18 12 o.
536 108 25 17 A.
574 108 60 17 1908.
658 108 27 17 26
697 108 68 20 April.

202 175 37 22 det
254 183 64 21 synes
341 177 48 26 mig,
404 179 30 18 att
457 176 49 21 med
522 176 42 28 god
589 177 50 28 vilja
655 176 13 21 &
684 183 39 14 ena
743 175 62 22 sidan
822 175 157 28 preponderens
995 175 34 20 för

202 212 26 13 en
246 205 44 20 viss
309 204 95 29 riktning
419 205 72 21 kunde
507 205 79 21 uttalas
606 205 41 22 och
663 205 12 21 &
691 204 66 22 andra
773 204 61 21 sidan
851 204 36 21 det
902 203 127 28 önsknings-

203 233 42 21 mål
269 234 81 25 vinnas,
365 236 32 19 att
419 241 25 13 en
461 233 24 22 sä
507 233 110 22 beskaffad
641 233 166 27 undersökning,
823 240 45 14 som
887 232 35 21 Hr
936 232 92 27 Ramsay

202 261 123 27 framhållit,
348 261 65 22 måtte
434 263 108 20 utarbetas
566 262 41 22 och
630 262 127 28 publiceras.
787 261 42 28 Jag
852 264 44 18 tror
911 268 42 20 nog
967 260 63 21 Jern-

203 290 158 28 vägsutskottet
383 291 54 21 skall
461 292 72 20 kunna
556 292 55 20 finna
635 291 100 29 lämpliga
758 290 79 22 former
857 289 77 22 härför.
964 289 65 21 Hvad

202 318 102 23 beträffar
327 320 102 28 förslaget
444 328 34 12 om
517 320 152 28 Äbo—Nystads
687 320 75 25 banan,
779 319 84 21 komma
879 319 42 21 lika
937 317 92 29 lydande

202 348 82 28 förslag
299 349 5 20 i
321 348 98 28 samtliga
440 348 63 22 ständ
527 351 32 19 att
581 348 137 22 framlemnas
741 348 40 21 och
798 348 94 21 kommer
907 346 122 29 antagligen

203 376 67 22 sedan
294 380 30 17 ett
347 377 108 21 omarbete
477 380 31 18 att
533 377 67 21 blifva
622 377 140 27 nödvändigt.
794 376 65 21 Hvad
875 376 98 21 beträffar
988 375 41 21 den

202 405 57 21 förra
274 405 63 21 delen
357 406 23 20 af
395 406 47 20 mitt
461 406 66 21 förslag
558 413 34 14 om
609 406 161 27 undersökning
785 405 23 21 af
823 405 67 21 banan
906 404 123 22 Joensuu—

203 433 95 29 Kuopio,
314 434 24 21 sä
353 434 79 21 rubbar
454 434 41 22 den
512 434 89 22 alldeles
616 434 48 22 icke
681 434 123 22 Utskottets
821 434 55 28 plan.
906 433 43 21 Det
964 432 66 28 gäller

203 462 56 22 blott
274 466 30 18 att
326 466 94 24 upptaga
443 466 116 25 yttermera
575 470 25 14 en
618 463 54 21 bana
688 464 5 20 i
709 462 164 28 förteckningen
889 462 40 21 och
944 462 35 28 jag
994 468 36 14 an-

202 498 34 14 ser
252 491 37 21 det
311 498 50 14 vara
377 492 23 20 af
422 493 46 27 vigt
483 495 32 18 att
537 492 23 21 få
576 492 69 21 denna
669 492 124 27 sträckning
815 490 77 22 utsedd
914 490 32 22 till
969 492 61 19 nästa

204 520 109 28 landtdag.

272 576 34 22 Hr
320 576 122 23 Fraser:
472 577 42 29 Jag
530 578 37 21 ber
583 578 23 20 få
620 580 57 26 yttra
693 578 65 27 några
774 576 38 22 ord
829 580 43 18 mot
887 576 34 22 Hr
936 576 93 21 Groten-

202 605 45 21 felt.
278 605 42 28 Jag
335 606 37 20 vill
395 606 78 21 bevara
488 606 78 21 honom
589 606 47 21 frän
652 609 31 18 att
699 606 87 21 förorda
801 612 26 15 eu
843 605 63 27 farlig
921 604 108 28 handling.

202 634 51 21 Han
278 634 93 21 berättar
393 636 6 20 i
423 636 37 20 sitt
483 635 137 28 andragande
643 638 33 18 att
700 633 328 29 Elisenvaara—Nyslottbanan

202 662 43 22 fått
268 670 25 14 en
310 664 57 20 orätt
389 663 100 29 riktning.
519 664 43 20 Om
582 664 37 21 det
634 665 5 19 i
656 663 115 21 allmänhet
787 664 23 20 är
825 662 73 28 farligt
913 665 32 18 att
959 662 27 28 gå
1002 662 27 28 pä

202 693 57 19 orätt
282 691 58 26 stråt,
355 692 24 20 så
401 694 24 19 är
440 692 37 21 det
498 695 79 26 ytterst
598 692 73 28 farligt
693 695 32 19 att
740 692 44 21 låta
807 694 31 19 ett
861 691 79 27 bantåg
959 690 27 28 gå
1001 690 29 28 på

203 722 57 19 orätt
282 720 56 28 spår,
353 720 88 22 hvarför
462 722 36 27 jag
513 721 70 21 skulle
606 721 50 29 vilja
671 722 102 20 motsätta
789 721 43 27 mig
847 720 34 21 Hr
896 719 133 22 Grotenfelts

203 748 89 28 förslag,
311 752 32 18 att
362 748 64 22 bland
444 750 109 27 banlinier,
569 757 46 14 som
634 750 69 21 skulle
719 749 50 27 ingå
785 750 5 20 i
806 748 222 28 Jernvägsutskottets

203 777 190 28 undersökningar,
409 778 68 22 banan
493 778 287 28 Elisenvaara—Kurkijoki
795 778 69 20 skulle
880 777 83 21 komma
975 776 54 21 med.

203 806 52 21 Men
279 806 75 22 främst
368 808 39 26 gör
427 808 36 27 jag
479 807 37 21 det
538 807 23 21 af
577 807 36 21 det
629 807 52 27 skäl,
697 810 32 18 att
750 807 37 27 jag
802 806 49 26 sjelf
873 806 38 20 har
926 812 26 14 en
969 805 60 25 bana,

203 842 46 14 som
264 836 36 27 jag
320 835 50 21 ville
386 836 93 21 förorda.
508 836 42 28 Jag
571 843 68 19 anser,
655 839 31 17 att
701 836 38 20 det
753 834 70 28 gamla
839 834 114 21 historiska
970 833 59 21 Kex-

202 863 58 22 holm
284 864 47 21 med
355 863 50 23 dess
428 864 105 22 utmärkta
556 864 64 22 hamn
643 864 38 21 har
703 865 56 28 gjort
779 863 91 22 Finland
888 864 5 20 i
910 862 119 29 förgångna

202 893 60 20 sekel
274 892 24 21 så
308 896 58 18 stora
377 894 94 27 tjenster,
483 897 30 17 att
524 893 48 22 icke
588 893 129 28 landtdagen
733 893 42 20 kan
792 892 107 27 negligera
915 891 114 21 desamma.

202 921 44 21 För
269 925 30 17 att
316 921 22 22 få
360 923 67 26 utsigt
449 925 31 18 att
495 922 24 21 få
541 922 70 21 denna
634 922 55 21 bana
705 922 31 21 till
753 921 63 21 stånd
832 921 50 20 ville
897 921 36 27 jag
948 919 81 22 undan-

202 951 76 26 tränga
295 950 68 21 banan
380 946 136 37 Kurkijoki—
527 946 144 37 Elisenvaara.

272 1007 34 20 Hr
330 1008 56 27 Aug.
412 1008 139 28 Ramsay:
581 1007 36 22 Då
641 1008 38 21 här
704 1007 128 21 framhållits
857 1005 125 29 betydelsen
1006 1005 23 21 af

203 1035 162 28 preponderens
381 1036 34 21 för
430 1036 40 21 den
487 1043 40 14 ena
543 1037 52 20 eller
609 1036 66 21 andra
686 1036 77 25 banan,
775 1035 36 21 vill
822 1036 34 27 jag
867 1035 75 21 endast
955 1034 74 27 bringa

202 1064 32 21 till
251 1065 91 26 erinran,
357 1064 88 22 hvilken
464 1065 55 21 våda
535 1065 70 21 denna
621 1065 53 21 teori
691 1065 41 20 kan
748 1063 108 26 innebära,
872 1063 27 21 då
915 1063 26 20 de
957 1062 72 26 banor,

201 1099 46 14 som
263 1092 90 29 tidigare
369 1093 92 22 Ständer
477 1093 92 27 beslutit,
581 1093 70 22 denna
666 1093 57 28 gång
739 1093 90 20 lemnats
840 1096 51 17 utan
903 1091 126 22 beaktande.

201 1121 79 21 Denna
302 1122 213 27 preponderensteori
539 1124 24 19 är
585 1122 78 27 vådlig,
686 1122 40 21 och
750 1121 70 21 bättre
844 1122 23 19 är
882 1123 31 18 att
929 1119 23 22 så
969 1119 59 28 begå,

202 1157 46 13 som
272 1149 213 29 Jernvägsutskottet
508 1151 117 27 föreslagit,
641 1151 34 20 för
691 1153 31 18 att
737 1149 96 22 undvika
848 1149 41 21 alla
905 1148 125 21 återvänds-

200 1178 100 28 gränder.
333 1178 57 22 Vida
405 1179 69 21 bättre
489 1181 24 19 är
535 1182 31 18 att
581 1179 27 21 de
623 1179 73 27 banor,
712 1186 46 14 som
775 1178 112 27 rimligtvis
902 1178 7 20 i
925 1177 41 21 den
982 1177 48 20 när-

202 1210 68 17 maste
286 1207 115 21 framtiden
417 1207 72 22 kunna
505 1208 84 21 komma
602 1209 6 19 i
618 1207 123 28 jemförelse
757 1207 48 20 med
821 1205 126 26 hvarandra,
962 1205 67 21 finnas

201 1235 132 21 undersökta
348 1235 40 22 och
404 1236 291 28 undersökningsmaterialet
714 1235 97 22 samladt.
841 1235 72 27 Några
929 1233 101 22 särskildt

201 1263 129 22 framhållna
345 1264 124 28 banförslag
484 1272 63 21 synas
560 1265 43 28 mig
619 1265 120 28 olämpliga.

272 1320 70 22 Sedan
359 1321 150 22 diskussionen
525 1322 114 21 förklarats
655 1321 102 27 afslutad,
773 1319 135 22 framstäldes
924 1320 32 21 till
967 1319 63 22 Stån-

201 1349 48 21 dets
266 1349 133 22 besvarande
415 1358 26 13 en
457 1350 24 21 så
496 1350 92 29 lydande

397 1407 446 28 Omröstningsproposition:

272 1463 38 28 De,
326 1471 45 14 som
388 1464 50 28 vilja
458 1464 114 29 godkänna
589 1464 120 22 Utskottets
727 1463 57 21 kläm
800 1463 13 21 å
828 1462 55 22 sidd.
899 1464 25 20 37
941 1461 41 22 och
998 1462 34 25 38,

200 1493 58 20 rösta
273 1492 32 28 ja;
