1084 1736
420 105 122 18 Utskotten.
868 100 28 19 47

68 173 79 27 Adeln,
167 181 45 14 som
229 175 5 19 i
250 173 121 22 hufvudsak
394 173 97 28 godkänt
507 173 26 22 de
550 175 6 20 i
572 167 130 28 skrifvelsen
720 173 123 28 föreslagna
858 173 39 21 de-

68 202 62 28 taljer
145 203 7 20 i
167 201 102 22 afseende
284 201 13 22 ä
312 202 40 21 den
369 202 155 28 stenografiska
539 202 212 29 protokollföringen,
766 202 34 21 för
815 202 31 21 sin
860 201 35 22 del

68 231 48 21 icke
138 231 39 21 har
198 230 66 28 nägot
283 233 32 18 att
335 230 102 29 päminna
451 234 45 18 mot
511 231 37 21 det
563 231 34 21 för
613 231 165 28 ifrägavarande
796 230 98 21 ändamäl

68 259 81 22 äskade
166 258 80 29 anslag.

137 315 39 22 Uti
189 315 156 22 behandlingen
360 316 23 21 af
398 316 60 22 detta
468 316 79 22 ärende
559 316 67 22 hafva
639 316 100 28 deltagit:
750 315 143 23 ordföranden

67 344 100 21 Friherre
190 344 55 22 Axel
268 344 149 28 Cedercreutz,
439 344 145 22 ledamöterne
606 344 99 22 Friherre
728 344 81 22 Gustaf
826 344 70 21 Adolf

68 372 136 50 Gripenberg
228 376 55 18 samt
304 373 81 21 Herrar
408 373 73 29 Georg
499 373 108 27 Granfelt,
622 373 23 22 af
660 373 125 27 Hällström,
801 372 94 23 Wallen-

68 401 62 21 sköld
154 401 40 22 och
216 401 103 22 Forsman
342 402 112 22 äfvensom
478 402 142 28 suppleanten
642 402 58 21 Herr
715 402 122 21 Alexander
852 408 42 14 von

69 430 76 22 Collan
160 430 76 28 junior.

138 476 137 28 Helsingfors
291 476 40 21 den
347 476 26 22 27
390 476 122 22 December
528 477 62 21 1905.

137 591 35 21 Hr
194 590 206 22 Landtmarskalken
423 590 123 29 tillfrågade
569 590 97 28 Ståndet,
688 589 106 22 huruvida
809 589 88 28 förelig-

67 619 71 29 gande
161 619 140 26 betänkande,
323 619 64 22 hvars
409 619 96 21 innehåll
528 620 8 20 i
559 619 120 28 väsentliga
702 619 60 21 delar
784 618 111 22 öfverens-

68 647 83 22 stämde
170 647 48 22 med
233 647 56 22 hvad
304 647 107 22 tillförene
427 649 56 20 varit
497 647 105 28 gällande,
618 647 71 22 kunde
700 647 132 22 omedelbart
841 655 55 20 upp-

68 680 60 25 tagas
151 677 33 20 till
206 676 135 29 behandling,
363 676 52 22 eller
437 684 35 13 om
492 677 26 20 R.
538 684 19 13 o.
575 677 27 20 A.
618 676 97 21 önskade
738 675 155 32 betänkandets

70 701 160 37 bordläggning.
793 707 2 2 -

138 762 149 21 Betänkandet
310 762 44 21 blef
376 762 52 21 härä
450 762 29 28 pä
494 762 33 21 Hr
547 761 219 22 Landtmarskalkens
782 761 115 22 framställ-

69 792 51 27 ning
136 791 116 28 godkändt,
268 791 40 21 och
323 790 131 22 förordnade
469 791 26 21 R.
511 798 18 14 o.
546 791 26 21 A.
587 793 32 18 att
634 790 94 21 beslutet
742 790 73 21 härom
826 789 69 22 skulle

69 827 62 14 anses
146 822 76 25 genast
236 819 110 29 justeradt.

423 962 119 23 Utskotten.

138 1019 34 21 Hr
187 1020 92 21 Kustavi
295 1020 186 22 Grotenfelt
493 1020 71 22 anhöll
580 1028 34 14 om
630 1020 62 22 ordet
708 1020 40 22 och
760 1019 133 27 meddelade,

68 1051 32 18 att
114 1048 249 29 Expeditionsutskottet
377 1049 144 21 konstituerat
536 1050 34 27 sig
584 1049 41 21 och
641 1051 67 19 utsett
723 1049 78 21 honom
816 1048 32 22 till
861 1048 33 22 sin

68 1076 136 22 ordförande.

136 1174 89 22 Plenum
242 1175 117 22 afslutades
376 1175 28 21 kl.
421 1176 53 20 11.15
490 1175 15 21 f.
520 1183 28 13 m.

682 1232 23 17 In
718 1231 65 18 fidem:

640 1283 49 22 Clas
705 1291 17 14 v.
741 1283 83 22 Collan.
