1078 1739
311 107 303 20 Representationsreformen.
833 100 42 21 393

51 176 70 21 kande
136 175 24 22 af
174 175 55 21 hvad
246 183 47 13 man
309 175 121 28 egentligen
447 183 63 20 synes
526 182 51 14 anse
593 175 35 21 för
643 177 47 24 rätt,
706 175 35 20 för
755 174 56 21 hvad
826 181 48 13 man

51 211 62 15 anser
135 207 31 18 att
189 203 61 22 dessa
273 203 68 28 aldrig
360 205 96 20 närmare
471 203 144 22 formulerade
632 211 16 14 s.
664 204 19 21 k.
700 202 174 22 »tidsförhållan-

51 232 53 22 den»
123 232 81 25 kräfva,
219 245 26 3 -—
261 233 34 20 för
310 232 37 21 det
366 232 59 21 helas
445 232 62 26 skull,
522 245 27 3 —
565 232 34 21 för
614 235 31 18 att
660 232 38 21 det
712 232 59 21 helas
787 238 88 21 genom-

51 261 114 22 drifvande
181 261 18 28 ej
216 261 33 20 mä
263 263 56 19 stöta
335 261 28 28 pä
377 261 138 27 svärigheter.

120 290 45 21 Det
179 297 62 20 synes
257 290 42 27 mig
313 297 44 14 som
374 297 35 13 om
421 289 112 22 Utskottet
549 289 48 21 bort
612 297 40 20 ega
668 296 56 13 mera
741 288 48 21 mod
806 291 31 18 att
852 295 23 14 se

51 318 63 21 dessa
131 317 190 22 tidsförhällanden
338 319 95 20 närmare
449 325 33 18 an,
491 318 41 21 och
542 318 91 28 jemföra
641 317 48 22 dem
698 317 48 21 med
755 317 27 20 de
790 316 85 28 gångna

51 347 101 21 tidernas.
183 347 42 20 Det
247 347 55 21 hade
317 347 28 20 dä
361 347 81 20 kunnat
465 347 84 20 komma
564 346 61 27 fram,
641 349 31 18 att
687 346 37 21 det
740 353 41 20 nya
796 345 80 28 lagför-

52 375 68 28 slaget
136 375 54 27 icke,
205 375 188 22 kulturhistoriskt
408 377 63 26 taget,
489 375 80 28 bygger
584 375 28 28 pä
627 375 71 28 nägon
714 375 34 20 för
763 381 35 14 oss
811 374 64 21 främ-

52 404 77 21 mande
145 403 75 28 grund,
236 404 51 21 eller
303 404 26 28 pä
345 404 69 27 nägon
431 411 69 14 annan
517 405 26 19 än
560 403 41 21 den
611 403 126 26 frisinnade,
747 403 70 27 gamla
828 409 48 14 nor-

53 432 66 26 diska,
134 432 29 28 pä
178 432 57 21 allas
249 432 38 21 här
303 434 5 19 i
325 432 72 21 landet
412 432 60 21 alltid
493 432 94 21 erkända
605 432 45 21 lika
664 433 52 20 rätt.
747 431 65 21 Hade
827 438 49 13 man

52 464 54 24 sagt,
121 464 32 18 att
168 460 40 22 den
225 461 156 21 svensk-finska
398 460 257 28 samhällsförfattningen
672 460 79 27 städse,
768 460 6 20 i
789 459 48 21 män
853 458 23 22 af

52 489 211 26 tidsförhällandena,
286 490 92 20 sträfvat
400 489 31 21 till
455 489 58 21 detta
537 496 79 14 samma
640 489 48 26 mäl,
710 488 24 22 sä
756 488 55 21 häde
827 495 48 13 man

53 518 81 21 kanske
156 518 48 22 icke
227 517 74 22 behöft
323 520 57 26 säga,
395 521 32 17 att
450 518 37 20 det
503 520 22 19 är
541 521 31 18 ett
587 518 24 20 sä
627 518 75 27 skarpt
724 517 79 28 spräng
820 516 54 21 ifrän

53 546 40 21 den
111 546 114 22 historiska
241 547 162 26 kontinuiteten,
419 554 44 14 som
480 547 20 21 vi
517 554 28 13 nu
561 546 33 21 stä
609 548 7 19 i
632 546 65 21 beräd
709 549 32 17 att
749 548 54 25 taga.
823 544 53 21 Icke

52 574 67 22 heller
134 574 66 28 nägot
215 578 51 25 nytt,
282 583 45 13 som
344 575 68 21 folket
423 575 93 25 kräfver,
532 576 5 20 i
554 575 37 21 det
606 574 56 27 land,
677 582 45 14 som
739 575 40 20 lärt
795 573 22 21 af
832 573 43 21 En-

51 603 105 28 gelbrekt,
171 604 101 20 Sturarne
287 604 42 21 och
344 603 80 21 Gustaf
439 604 74 21 Wasa.

121 632 42 21 Lät
179 640 35 13 oss
233 640 28 13 nu
282 633 83 20 minnas
387 632 41 21 den
451 632 69 28 gamla
543 632 102 21 nordiska
667 631 208 27 folkförsamlingen.

51 660 43 22 Till
116 662 58 26 tings
197 661 70 21 kunde
290 661 73 27 hvarje
387 661 70 21 bonde
481 661 90 26 komma,
588 661 27 27 pä
630 662 68 26 tinget
714 660 71 20 kunde
801 660 74 27 hvarje

53 689 70 21 bonde
147 689 75 21 kräfva
244 690 40 20 och
299 690 23 20 få
337 690 32 20 sin
385 691 48 19 rätt.
463 689 70 21 Dessa
553 690 133 28 urprinciper
701 690 37 20 äro
754 688 69 28 aldrig
838 688 38 20 här

52 718 6 21 i
73 718 72 20 landet
168 718 115 28 upphäfda,
299 718 51 21 eller
366 718 105 27 nägonsin
487 718 92 28 glömda.
608 718 46 21 När
668 716 208 22 tidsförhällandena

51 746 147 27 utvecklades,
208 746 83 22 kallade
306 746 35 22 väl
357 747 113 27 konungen
487 746 32 21 till
535 747 38 21 sitt
589 746 101 22 »samtal»
704 746 54 26 dem,
769 745 22 21 af
802 745 73 21 hvilka

52 774 41 22 han
109 777 94 19 närmast
226 775 70 21 kunde
317 777 64 19 vänta
397 776 33 26 sig
445 775 45 26 råd,
505 775 28 21 dä
549 775 40 21 han
605 775 48 21 icke
670 774 71 22 kunde
757 774 56 21 kalla
829 773 46 21 alla.

52 803 51 21 Men
119 804 148 27 grundsatsen,
282 806 32 19 att
329 804 40 20 alla
384 804 71 21 kunde
472 804 73 26 kallas,
561 804 45 20 blef
626 804 68 27 aldrig
709 803 85 28 skjuten
810 802 22 21 ät
847 803 28 19 si-

52 832 48 21 dan.
131 832 44 21 Allt
191 832 98 21 eftersom
305 832 36 21 det
357 832 79 21 sociala
456 832 63 21 lifvet
531 832 129 22 utvecklade
676 839 42 21 nya
733 832 85 24 former,
833 830 43 21 till-

53 860 95 22 kallades
173 861 182 28 fortsättningsvis
377 861 78 28 jemväl
472 869 41 20 nya
529 861 88 24 klasser,
633 874 26 2 —
676 860 89 26 klerker,
781 860 95 27 borgare,

53 889 120 21 skattemän
190 890 39 20 och
245 890 114 27 krigsmän,
374 902 25 2 —
417 890 47 26 alla,
476 897 45 13 som
543 890 71 20 kunde
631 897 50 13 vara
696 889 55 21 riket
766 888 33 21 till
814 895 62 20 gagn,

54 917 55 21 bäde
133 918 47 20 med
203 918 36 21 räd
254 918 40 22 och
310 918 48 21 däd.
388 918 48 21 Och
453 920 39 19 när
507 918 70 21 nöden
594 926 37 13 var
646 920 72 25 störst,
733 917 71 21 talade
820 918 56 19 ännu

53 946 115 27 konungen
192 946 69 21 direkt
281 947 32 20 till
329 946 27 21 de
371 946 57 21 olika
444 946 162 21 landsdelarnas
626 947 83 27 menige
724 946 97 27 allmoge,
837 945 40 20 och

53 974 41 21 den
112 975 69 20 beslöt
196 975 34 20 för
245 975 35 21 det
296 975 59 21 helas
370 975 91 21 välfärd.
492 975 43 21 Det
550 977 23 18 är
589 977 56 18 ännu
661 975 47 21 icke
724 975 41 20 200
777 974 24 20 är
811 973 65 21 sedan

52 1003 203 28 landskapsmötena
278 1003 48 22 med
347 1003 148 22 frihetstidens
510 1003 130 28 grundlagar
654 1003 107 27 definitivt
776 1001 101 22 afskaffa-

53 1031 38 21 des
113 1031 41 22 och
170 1032 26 21 de
212 1032 47 28 fyra
281 1032 90 21 stånden
395 1032 80 21 erhöllo
498 1033 32 20 sin
554 1032 56 21 fasta
633 1032 61 21 form.
723 1032 71 20 Äfven
811 1030 66 21 sedan

53 1059 49 22 dess
125 1060 66 21 hafva
214 1068 40 21 nya
269 1061 160 27 samhällslager
441 1060 47 21 äter
501 1061 41 21 och
557 1061 46 21 äter
619 1061 75 20 kallats
710 1060 32 21 till
759 1060 119 27 folkrepre-

52 1089 143 21 sentationen.

122 1117 43 21 Om
182 1117 35 22 det
233 1125 40 21 nya
288 1117 222 28 grundlagsförslaget
530 1117 73 22 derför
618 1118 48 21 icke
682 1117 116 21 innefattar
813 1115 65 28 nägot

53 1148 47 25 nytt
115 1146 33 21 till
164 1147 32 20 sin
213 1147 60 25 auda,
289 1146 23 21 sä
327 1148 22 19 är
365 1146 38 21 det
417 1146 48 21 icke
488 1146 66 21 heller
569 1147 32 20 till
617 1147 32 20 sin
666 1146 54 21 form
737 1153 36 14 oss
789 1144 88 22 alldeles

53 1173 139 22 främmande.

122 1203 52 20 Man
192 1203 40 21 kan
248 1204 6 20 i
271 1204 43 21 viss
330 1204 85 27 mening
430 1205 58 26 säga,
503 1206 31 19 att
549 1203 56 22 ända
625 1203 33 21 till
681 1202 135 22 frihetstiden
837 1201 41 21 den

53 1231 94 21 svenska
163 1231 113 28 riksdagen
292 1232 78 21 fortfor
385 1235 32 18 att
432 1232 123 28 principielt
570 1232 70 28 bygga
654 1232 29 29 pä
698 1235 32 18 ett
744 1231 134 22 enkammar-

53 1263 86 24 system.
169 1260 33 28 Ty
224 1260 37 21 det
283 1268 38 13 var
343 1262 56 19 ännu
421 1261 47 20 icke
492 1261 100 28 afgjordt,
607 1261 54 20 huru
684 1260 103 21 ständens
809 1261 69 19 röster

53 1288 69 21 skulle
145 1289 101 21 inbördes
270 1289 181 26 sammanräknas,
466 1289 42 21 och
531 1289 35 21 vid
591 1290 103 27 vigtigare
714 1289 73 27 frägor
802 1287 76 22 trädde

53 1316 27 21 de
96 1317 46 20 ofta
158 1317 137 22 tillsammans
311 1317 28 28 pä
354 1320 31 19 ett
400 1325 55 18 rum;
477 1317 53 22 huru
546 1317 27 22 de
589 1318 56 21 olika
667 1317 102 22 ständens
786 1319 50 18 vota
852 1317 26 19 än

53 1345 73 21 kunde
142 1345 82 27 utfalla,
239 1346 24 21 sä
279 1354 38 13 var
333 1346 36 21 det
384 1345 59 22 helas
459 1347 46 20 röst
519 1354 27 13 en
562 1348 50 25 röst,
628 1354 45 13 som
690 1346 113 27 konungen
819 1348 38 23 tog
872 1345 6 20 i

53 1373 141 22 betraktande
215 1374 55 21 efter
289 1382 45 13 som
350 1374 71 21 tidens
436 1375 101 27 lägenhet
553 1382 43 14 var.
626 1374 85 22 Sädana
727 1375 86 20 minnen
829 1373 49 27 lägo

53 1403 56 20 ännu
135 1402 81 28 tydliga
240 1410 53 21 gvar
308 1404 5 19 i
330 1403 149 21 frihetstidens
504 1403 183 28 »deputationer»,
713 1403 38 21 der
771 1403 27 20 de
821 1401 57 22 olika

54 1430 274 23 ständsrepresentanterna
349 1434 134 25 gemensamt
505 1431 83 22 hbeslöto
611 1431 47 22 med
678 1431 127 28 riksdagens
831 1431 47 20 rätt.

54 1458 82 22 Sädant
159 1460 60 26 ligger
233 1461 57 19 ännu
305 1467 58 21 gvar,
373 1460 48 20 icke
438 1460 55 21 blott
508 1461 7 19 i
531 1460 85 28 plenum
633 1461 116 27 plenorum,
764 1467 46 13 som
826 1458 54 21 äraf

54 1486 83 22 mindre
154 1487 116 28 betydelse,
284 1492 51 17 utan
354 1489 3 20 i
373 1488 27 21 de
415 1491 134 25 gemensamt
569 1488 116 21 arbetande
706 1488 117 25 utskotten,
839 1486 41 22 och
