1081 1742
334 97 303 31 Representationsreformen.
860 96 42 21 439

73 172 121 27 säkerligen
211 175 31 18 att
258 172 5 21 i
279 171 96 29 betydlig
397 171 49 21 mån
470 173 58 19 störa
543 171 37 22 det
595 171 155 21 intellektuella
766 171 40 21 och
822 171 80 21 ekono-

74 200 70 22 miska
166 200 62 21 lifvet
250 208 76 20 genom
349 200 27 21 all
392 200 42 21 den
458 200 102 28 söndring
576 200 40 22 och
632 207 43 18 oro,
691 207 46 14 som
759 207 76 21 genom
851 199 49 21 dem

74 229 97 21 kommer
186 232 32 18 att
232 228 130 22 framkallas.
392 228 32 22 På
440 229 64 21 dessa
518 228 94 28 grunder
628 228 37 22 vill
679 229 37 28 jag
731 228 67 21 uttala
810 229 42 20 min
864 235 38 13 an-

73 258 97 26 slutning
186 257 31 21 till
233 257 57 21 Frih.
306 264 41 14 von
364 257 102 21 Alfthans
483 257 116 26 uttalande,
614 260 51 18 utan
681 260 32 18 att
728 256 56 22 dock
799 258 51 26 göra
865 256 38 21 nä-

73 289 40 25 got
126 286 96 28 yrkande
238 286 5 21 i
260 286 58 21 detta
334 286 108 21 afseende.

144 348 33 21 Hr
200 348 72 29 Georg
294 348 182 22 Schauman:
499 348 41 28 Jag
563 350 23 20 är
608 348 48 22 icke
677 348 127 29 öfvertygad
820 356 33 13 om
869 350 32 19 att

72 377 44 22 den
138 377 96 28 ändring,
256 384 45 14 som
325 377 103 27 vidtagits
444 378 5 20 i
466 377 105 22 Senatens
594 377 81 28 förslag
698 377 31 21 till
745 377 155 28 proposition
888 373 16 37 i

74 406 71 21 denna
161 406 105 28 paragraf,
282 407 24 20 är
328 406 114 28 oafsigtlig,
459 414 48 13 men
523 406 41 21 den
580 406 185 28 omständigheten
781 406 33 20 får
830 408 71 18 natur-

74 434 74 28 ligtvis
170 434 48 22 icke
240 434 88 22 inverka
351 434 27 28 pä
402 434 130 22 Ständernas
556 434 76 22 beslut.
662 434 41 28 Jag
726 434 124 28 godkänner
868 433 33 21 af-

72 463 74 28 gjordt
162 463 124 28 paragrafen
308 463 66 28 enligt
390 462 124 22 Utskottets
531 463 80 28 förslag
626 462 42 22 och
684 463 108 28 begagnar
806 462 94 21 tillfället

73 495 33 17 att
120 493 52 26 göra
188 498 26 14 en
230 492 86 21 rättelse
332 492 5 20 i
354 492 163 28 motiveringen,
533 492 38 21 der
586 492 37 21 det
638 492 13 21 &
666 492 39 21 sid.
722 492 25 21 17
764 491 44 21 står
821 492 38 26 »$8
872 492 27 20 26

73 520 42 22 och
131 521 48 26 78»,
193 520 83 21 hvilket
292 521 38 21 bör
345 528 51 14 vara
412 521 27 21 26
454 520 42 22 och
512 522 32 20 74.

144 584 25 21 17
186 584 13 27 &
216 583 44 21 blef
274 583 51 21 härä
341 583 23 21 af
379 583 26 22 R.
421 591 18 14 o.
455 584 27 21 A.
498 583 107 29 godkänd.

144 641 84 21 18-—43
244 641 26 27 $$
286 640 126 28 godkändes
428 644 52 18 utan
496 641 146 27 anmärkning.

143 697 46 23 Vid
205 698 27 21 44
248 698 12 28 8
276 698 110 21 anmärkte

143 760 57 22 Frih.
225 760 55 22 Axel
306 760 225 22 Cedercreutz:
557 761 44 21 Det
623 762 23 20 är
669 761 55 21 blott
746 760 34 22 för
802 763 31 18 att
848 761 51 27 göra

72 788 95 22 Ständet
185 790 159 28 uppmärksamt
359 789 28 29 pä
403 797 25 13 en
445 790 124 28 ortografisk
586 789 159 28 omständighet
760 790 6 20 i
783 789 117 21 betänkan-

74 817 43 28 det,
132 825 46 14 som
193 819 36 27 jag
244 819 54 27 tagit
312 818 44 28 mig
371 818 93 21 friheten
482 818 84 21 anhälla
582 826 34 13 om
632 818 67 21 ordet.
729 818 47 20 Här
788 817 44 21 stär
842 818 58 20 näm-

74 845 57 29 ligen
154 846 103 21 Finlands
280 846 56 22 bank
358 846 48 21 med
430 847 51 20 liten
498 846 67 21 initial
581 848 7 20 i
603 846 62 21 ordet
681 846 61 21 bank.
773 846 46 21 Allt
834 844 65 27 sedan

74 874 42 21 den
132 874 38 27 tid,
186 875 28 21 dä
236 875 57 21 detta
309 875 85 20 institut
415 875 104 28 uppstätt,
534 875 38 21 har
586 875 62 21 ordet
662 875 61 21 alltid
738 874 97 21 skrifvits
852 872 47 22 med

74 906 56 18 stort
145 903 25 26 B,
186 903 40 22 och
242 911 74 14 senare
331 903 39 22 har
385 903 59 22 detta
461 903 73 22 blifvit
549 903 49 22 dess
614 904 128 21 firmanamn.
773 902 80 22 Derför
864 909 36 14 an-

74 939 36 14 ser
124 932 41 28 jag,
180 935 31 18 att
234 932 68 21 denna
322 933 121 20 institution
460 932 65 21 äfven
542 933 5 20 i
564 932 69 22 denna
649 933 34 27 lag
698 932 53 21 skall
768 931 132 21 förekomma

74 961 6 27 i
96 960 50 21 dess
162 962 54 19 rätta
232 961 61 21 form.

143 1022 32 21 På
198 1023 34 21 Hr
246 1023 219 22 Landtmarskalkens
489 1023 155 28 framställning
667 1023 69 22 beslöt
750 1023 26 21 R.
792 1030 18 13 o.
826 1023 26 20 A.
868 1025 31 18 att

72 1051 116 28 godkänna
203 1053 28 20 44
246 1053 19 26 &,
280 1052 56 21 dock
352 1052 48 21 med
417 1053 86 20 rättelse
519 1052 23 21 af
557 1052 37 21 det
612 1052 110 21 anmärkta
744 1050 156 26 bokstafsfelet,

74 1079 88 22 hvilken
179 1081 87 21 rättelse
282 1081 64 21 äfven
363 1081 66 21 borde
445 1081 107 28 iakttagas
568 1081 28 28 pä
611 1081 41 21 alla
668 1081 68 28 öfriga
751 1080 76 21 ställen
839 1080 6 20 i
858 1079 42 21 för-

74 1107 215 30 fattningsförslaget,
304 1109 38 22 der
358 1117 79 14 samma
453 1109 30 22 fel
499 1109 103 22 förekom.

142 1167 86 21 45—76
244 1167 23 28 $$
282 1167 89 28 gillades
387 1170 51 18 utan
456 1167 148 27 anmärkning.

143 1223 137 22 Beträffande
297 1225 25 20 77
338 1224 12 27 $
365 1223 86 29 yttrade

143 1285 273 22 HrWallensköld:
434 1286 38 22 Uti
483 1287 155 26 motiveringen
650 1286 32 21 till
695 1285 123 22 Utskottets
829 1285 74 21 betän-

73 1313 71 25 kande
160 1315 39 20 sid.
217 1316 25 20 19
259 1315 121 21 framhålles
404 1322 50 14 nere
472 1315 26 28 på
514 1315 67 26 sidan,
596 1318 32 17 att
643 1314 129 28 stadgandet
787 1317 31 18 att
834 1313 69 21 landt-

70 1342 84 28 dagens
178 1344 115 27 petitioner
315 1344 60 21 skola
398 1343 23 21 af
444 1343 98 28 samtlige
561 1343 163 28 landtdagsmän
740 1341 162 23 underskrifvas

72 1371 49 24 icke
144 1371 114 22 återfinnes
274 1373 6 20 i
296 1372 36 21 det
354 1372 24 21 af
400 1372 124 28 Kejserliga
544 1371 94 22 Senaten
658 1372 119 27 uppgjorda
794 1370 108 28 förslaget,

72 1403 56 18 samt
143 1403 31 18 att
197 1400 65 28 något
277 1400 91 22 hållbart
391 1401 69 20 motiv
476 1400 34 21 för
526 1400 49 21 dess
587 1375 8 57 =
597 1379 131 49 uppingands
745 1401 5 19 i
767 1399 41 21 den
825 1399 77 28 nådiga

72 1429 163 27 propositionen
260 1429 47 21 icke
322 1429 61 21 torde
407 1429 73 21 kunna
496 1428 110 29 åberopas.
635 1428 42 28 Jag
698 1428 82 29 åtnöjer
795 1428 43 27 mig
854 1426 48 22 med

72 1459 32 18 att
128 1456 90 22 hänvisa
232 1457 31 21 till
287 1457 59 22 detta
370 1457 110 22 uttalande
504 1457 23 21 af
543 1457 117 26 Utskottet,
676 1457 82 20 hvilket
782 1456 64 21 äfven
868 1456 34 28 jag

72 1485 70 21 skulle
158 1485 50 28 vilja
224 1485 96 27 omfatta,
335 1486 56 22 dock
408 1489 52 18 utan
476 1489 31 18 att
524 1485 117 21 framställa
658 1485 64 28 något
736 1483 103 30 yrkande.
