1078 2011
200 398 40 21 120
459 405 25 16 R.
497 409 18 12 o.
527 404 25 18 A.
564 404 61 17 1908.
648 404 13 17 9
671 404 68 20 April.

272 472 40 21 Till
329 480 79 13 samma
424 472 85 29 plenum
525 472 113 21 bordlades
654 472 64 21 äfven

270 500 175 22 Statsutskottets
465 501 3 20 i
483 500 43 28 dag
548 501 101 20 inkomna
671 500 80 28 förslag
774 500 32 21 till
820 499 204 29 sammanjemkning

200 529 22 20 af
238 528 102 23 ständens
350 529 122 28 skiljaktiga
482 529 70 22 beslut
566 529 35 21 vid
613 529 158 27 behandlingen
781 528 24 22 af
815 528 123 22 Utskottets
950 528 72 21 betän-

201 557 71 21 kande
294 557 42 22 N:o
351 559 13 20 2
380 559 5 20 i
401 557 117 28 anledning
536 557 24 22 af
575 557 48 22 näd.
644 565 58 21 prop.
717 557 42 22 N:o
775 557 19 26 6,
814 557 110 21 angäende
939 556 85 28 anslag

201 593 40 42 n
254 585 197 29 bevillningsmedel
473 587 43 22 för
537 586 243 23 folkskoleväsendet
804 593 68 14 under
894 585 51 21 ären
969 585 54 22 1906

201 621 25 15 och
258 615 60 21 1907.

269 712 88 21 Plenum
372 712 116 22 afslutades
500 712 32 23 kl.
548 714 46 20 7.15
610 720 16 13 e.
646 720 25 13 m.

819 763 23 18 In
854 762 66 18 fidem:

783 797 51 21 Clas
849 805 18 13 v.
885 796 81 22 Collan.

337 963 157 35 Mändagen
512 964 56 26 den
586 964 17 27 9
621 964 84 34 April
723 963 40 27 kl.
781 964 15 26 7
815 971 21 19 e.
855 971 35 18 m.

268 1031 140 23 Meddelades
424 1036 30 18 att
470 1033 65 21 sedan
551 1033 25 21 R.
592 1041 19 13 o.
628 1034 37 20 A:s
681 1031 179 29 nästföregäende
880 1031 84 29 plenum
976 1031 46 28 pol-

198 1060 30 21 let
243 1061 107 21 äterstälts
366 1061 34 21 för

500 1124 140 27 Friherrliga
655 1126 70 19 ätten:

197 1181 42 21 N:o
258 1182 32 20 52.
320 1181 179 28 Standertskjöld,
515 1182 23 21 af
552 1181 67 22 fullm.
641 1181 57 22 Herr
715 1181 82 22 Walter
812 1181 72 21 Oskar
899 1180 122 25 Hackman,

368 1210 65 21 Filos.
451 1210 90 21 Doktor.

270 1341 73 27 Enligt
366 1344 31 18 ett
422 1341 47 21 frän
494 1341 183 29 Borgareständet
700 1341 103 28 ingänget
827 1340 195 29 protokollsutdrag

199 1368 55 22 hade
270 1369 91 21 nämnda
376 1370 74 21 ständs
472 1370 84 21 valmän
572 1370 31 21 till
625 1370 114 28 suppleant
753 1370 7 20 i
776 1369 164 22 Statsutskottet
954 1372 67 18 utsett

200 1397 34 21 Hr
249 1398 81 21 Kaarlo
345 1398 154 22 Brofeldt.

453 1530 95 22 Finiands
564 1529 211 29 Hypoteksförening.

264 1586 121 28 Föredrogs
408 1587 47 21 frän
478 1590 84 18 senaste
577 1588 85 27 plenum
677 1587 72 21 härtill
765 1586 117 28 bordlagda
898 1586 48 21 näd.
959 1594 59 20 prop.

195 1614 43 22 N:o
255 1616 20 25 9,
290 1614 110 28 angäende
416 1616 135 28 statsgaranti
567 1615 34 21 för
618 1616 102 21 Finlands
744 1615 226 29 Hypoteksförenings
986 1618 33 18 ut-

194 1643 91 21 ländska
300 1644 40 21 län.

265 1700 33 21 Hr
314 1700 73 28 Georg
403 1701 170 21 Schauman
590 1701 71 21 anhöll
677 1709 33 13 om
727 1701 62 20 ordet
804 1700 41 21 och
859 1699 93 29 yttrade:
976 1699 43 28 Jag

194 1728 39 21 har
258 1729 73 27 begärt
354 1729 62 21 ordet
438 1730 47 21 icke
500 1730 34 21 för
549 1733 31 18 att
596 1730 66 20 uttala
685 1731 44 26 mig
747 1729 111 28 angående
874 1727 144 28 föreliggande

193 1757 145 28 propositions
362 1758 99 26 innehåll,
483 1761 50 18 utan
549 1766 33 13 om
603 1758 77 28 sjelfva
702 1757 187 22 öfverlemnandet
904 1757 23 20 af
942 1763 76 21 propo-

194 1785 93 22 sitionen
303 1786 31 20 till
350 1794 29 13 nu
400 1787 126 21 församlade
549 1786 98 22 Ständer.
676 1787 79 20 Denna
771 1787 76 20 urtima
863 1785 102 27 landtdag
980 1784 38 21 har
