<?xml version="1.0" encoding="UTF-8"?>
<alto xmlns="http://www.loc.gov/standards/alto/ns-v3#" xmlns:xlink="http://www.w3.org/1999/xlink" xmlns:xsi="http://www.w3.org/2001/XMLSchema-instance" xsi:schemaLocation="http://www.loc.gov/standards/alto/ns-v3# http://www.loc.gov/alto/v3/alto-3-0.xsd">
	<Description>
		<MeasurementUnit>pixel</MeasurementUnit>
		<sourceImageInformation>
			<fileName>/tmp/tess_9nxd7i6y_input.PNG</fileName>
		</sourceImageInformation>
		<OCRProcessing ID="OCR_0">
			<ocrProcessingStep>
				<processingSoftware>
					<softwareName>tesseract 5.3.4</softwareName>
				</processingSoftware>
			</ocrProcessingStep>
		</OCRProcessing>
	</Description>
	<Layout>
		<Page WIDTH="1075" HEIGHT="1734" PHYSICAL_IMG_NR="0" ID="page_0">
			<PrintSpace HPOS="0" VPOS="0" WIDTH="1075" HEIGHT="1734">
				<ComposedBlock ID="cblock_0" HPOS="378" VPOS="95" WIDTH="510" HEIGHT="35">
					<TextBlock ID="block_0" HPOS="378" VPOS="95" WIDTH="510" HEIGHT="35">
						<TextLine ID="line_0" HPOS="378" VPOS="95" WIDTH="510" HEIGHT="35">
							<String ID="string_0" HPOS="378" VPOS="96" WIDTH="201" HEIGHT="34" WC="0.91" CONTENT="Bränvinsskatten."/><SP WIDTH="269" VPOS="96" HPOS="579"/>
							<String ID="string_1" HPOS="848" VPOS="95" WIDTH="40" HEIGHT="21" WC="0.96" CONTENT="151"/>
						</TextLine>
					</TextBlock>
				</ComposedBlock>
				<GraphicalElement ID="cblock_1" HPOS="476" VPOS="130" WIDTH="413" HEIGHT="5"></GraphicalElement >
				<ComposedBlock ID="cblock_2" HPOS="64" VPOS="169" WIDTH="830" HEIGHT="516">
					<TextBlock ID="block_1" HPOS="64" VPOS="169" WIDTH="830" HEIGHT="516">
						<TextLine ID="line_1" HPOS="132" VPOS="169" WIDTH="757" HEIGHT="31">
							<String ID="string_2" HPOS="132" VPOS="173" WIDTH="34" HEIGHT="21" WC="0.96" CONTENT="Hr"/><SP WIDTH="15" VPOS="173" HPOS="166"/>
							<String ID="string_3" HPOS="181" VPOS="172" WIDTH="102" HEIGHT="28" WC="0.96" CONTENT="Boije:"/><SP WIDTH="30" VPOS="172" HPOS="283"/>
							<String ID="string_4" HPOS="313" VPOS="172" WIDTH="44" HEIGHT="21" WC="0.96" CONTENT="Det"/><SP WIDTH="15" VPOS="172" HPOS="357"/>
							<String ID="string_5" HPOS="372" VPOS="172" WIDTH="38" HEIGHT="20" WC="0.96" CONTENT="har"/><SP WIDTH="16" VPOS="172" HPOS="410"/>
							<String ID="string_6" HPOS="426" VPOS="171" WIDTH="36" HEIGHT="21" WC="0.96" CONTENT="vid"/><SP WIDTH="16" VPOS="171" HPOS="462"/>
							<String ID="string_7" HPOS="478" VPOS="170" WIDTH="158" HEIGHT="29" WC="0.96" CONTENT="behandlingen"/><SP WIDTH="17" VPOS="170" HPOS="636"/>
							<String ID="string_8" HPOS="653" VPOS="170" WIDTH="23" HEIGHT="22" WC="0.93" CONTENT="af"/><SP WIDTH="17" VPOS="170" HPOS="676"/>
							<String ID="string_9" HPOS="693" VPOS="169" WIDTH="196" HEIGHT="28" WC="0.92" CONTENT="bränvinslagstift-"/>
						</TextLine>
						<TextLine ID="line_2" HPOS="64" VPOS="198" WIDTH="825" HEIGHT="31">
							<String ID="string_10" HPOS="64" VPOS="202" WIDTH="78" HEIGHT="27" WC="0.92" CONTENT="ningen"/><SP WIDTH="16" VPOS="202" HPOS="142"/>
							<String ID="string_11" HPOS="158" VPOS="201" WIDTH="39" HEIGHT="21" WC="0.93" CONTENT="och"/><SP WIDTH="17" VPOS="201" HPOS="197"/>
							<String ID="string_12" HPOS="214" VPOS="201" WIDTH="110" HEIGHT="21" WC="0.93" CONTENT="skatterna"/><SP WIDTH="16" VPOS="201" HPOS="324"/>
							<String ID="string_13" HPOS="340" VPOS="200" WIDTH="38" HEIGHT="21" WC="0.96" CONTENT="här"/><SP WIDTH="15" VPOS="200" HPOS="378"/>
							<String ID="string_14" HPOS="393" VPOS="200" WIDTH="59" HEIGHT="21" WC="0.93" CONTENT="alltid"/><SP WIDTH="13" VPOS="200" HPOS="452"/>
							<String ID="string_15" HPOS="465" VPOS="199" WIDTH="133" HEIGHT="26" WC="0.90" CONTENT="framhällits,"/><SP WIDTH="15" VPOS="199" HPOS="598"/>
							<String ID="string_16" HPOS="613" VPOS="202" WIDTH="31" HEIGHT="19" WC="0.97" CONTENT="att"/><SP WIDTH="17" VPOS="202" HPOS="644"/>
							<String ID="string_17" HPOS="661" VPOS="199" WIDTH="69" HEIGHT="21" WC="0.96" CONTENT="denna"/><SP WIDTH="16" VPOS="199" HPOS="730"/>
							<String ID="string_18" HPOS="746" VPOS="199" WIDTH="38" HEIGHT="20" WC="0.93" CONTENT="bör"/><SP WIDTH="14" VPOS="199" HPOS="784"/>
							<String ID="string_19" HPOS="798" VPOS="198" WIDTH="28" HEIGHT="27" WC="0.93" CONTENT="gä"/><SP WIDTH="12" VPOS="198" HPOS="826"/>
							<String ID="string_20" HPOS="838" VPOS="198" WIDTH="51" HEIGHT="28" WC="0.90" CONTENT="jem-"/>
						</TextLine>
						<TextLine ID="line_3" HPOS="64" VPOS="227" WIDTH="825" HEIGHT="30">
							<String ID="string_21" HPOS="64" VPOS="229" WIDTH="57" HEIGHT="22" WC="0.96" CONTENT="sides"/><SP WIDTH="17" VPOS="229" HPOS="121"/>
							<String ID="string_22" HPOS="138" VPOS="229" WIDTH="47" HEIGHT="22" WC="0.96" CONTENT="med"/><SP WIDTH="16" VPOS="229" HPOS="185"/>
							<String ID="string_23" HPOS="201" VPOS="229" WIDTH="80" HEIGHT="21" WC="0.97" CONTENT="folkets"/><SP WIDTH="16" VPOS="229" HPOS="281"/>
							<String ID="string_24" HPOS="297" VPOS="236" WIDTH="52" HEIGHT="21" WC="0.96" CONTENT="egen"/><SP WIDTH="17" VPOS="236" HPOS="349"/>
							<String ID="string_25" HPOS="366" VPOS="228" WIDTH="146" HEIGHT="28" WC="0.93" CONTENT="uppfattning."/><SP WIDTH="24" VPOS="228" HPOS="512"/>
							<String ID="string_26" HPOS="536" VPOS="227" WIDTH="105" HEIGHT="22" WC="0.91" CONTENT="Hurudan"/><SP WIDTH="17" VPOS="227" HPOS="641"/>
							<String ID="string_27" HPOS="658" VPOS="229" WIDTH="24" HEIGHT="20" WC="0.96" CONTENT="är"/><SP WIDTH="15" VPOS="229" HPOS="682"/>
							<String ID="string_28" HPOS="697" VPOS="227" WIDTH="28" HEIGHT="21" WC="0.96" CONTENT="dä"/><SP WIDTH="15" VPOS="227" HPOS="725"/>
							<String ID="string_29" HPOS="740" VPOS="227" WIDTH="80" HEIGHT="21" WC="0.93" CONTENT="folkets"/><SP WIDTH="16" VPOS="227" HPOS="820"/>
							<String ID="string_30" HPOS="836" VPOS="233" WIDTH="53" HEIGHT="21" WC="0.93" CONTENT="upp-"/>
						</TextLine>
						<TextLine ID="line_4" HPOS="64" VPOS="254" WIDTH="825" HEIGHT="32">
							<String ID="string_31" HPOS="64" VPOS="258" WIDTH="109" HEIGHT="28" WC="0.92" CONTENT="fattning?"/><SP WIDTH="31" VPOS="258" HPOS="173"/>
							<String ID="string_32" HPOS="204" VPOS="257" WIDTH="29" HEIGHT="21" WC="0.93" CONTENT="Vi"/><SP WIDTH="24" VPOS="257" HPOS="233"/>
							<String ID="string_33" HPOS="257" VPOS="260" WIDTH="49" HEIGHT="19" WC="0.93" CONTENT="veta"/><SP WIDTH="23" VPOS="260" HPOS="306"/>
							<String ID="string_34" HPOS="329" VPOS="257" WIDTH="89" HEIGHT="21" WC="0.97" CONTENT="allmänt"/><SP WIDTH="22" VPOS="257" HPOS="418"/>
							<String ID="string_35" HPOS="440" VPOS="259" WIDTH="31" HEIGHT="18" WC="0.97" CONTENT="att"/><SP WIDTH="16" VPOS="259" HPOS="471"/>
							<String ID="string_36" HPOS="487" VPOS="257" WIDTH="63" HEIGHT="20" WC="0.96" CONTENT="bland"/><SP WIDTH="17" VPOS="257" HPOS="550"/>
							<String ID="string_37" HPOS="567" VPOS="256" WIDTH="70" HEIGHT="21" WC="0.93" CONTENT="folket"/><SP WIDTH="16" VPOS="256" HPOS="637"/>
							<String ID="string_38" HPOS="653" VPOS="257" WIDTH="48" HEIGHT="21" WC="0.91" CONTENT="icke"/><SP WIDTH="16" VPOS="257" HPOS="701"/>
							<String ID="string_39" HPOS="717" VPOS="256" WIDTH="77" HEIGHT="21" WC="0.93" CONTENT="endast"/><SP WIDTH="15" VPOS="256" HPOS="794"/>
							<String ID="string_40" HPOS="809" VPOS="254" WIDTH="80" HEIGHT="22" WC="0.93" CONTENT="sädana"/>
						</TextLine>
						<TextLine ID="line_5" HPOS="64" VPOS="283" WIDTH="825" HEIGHT="30">
							<String ID="string_41" HPOS="64" VPOS="286" WIDTH="46" HEIGHT="22" WC="0.92" CONTENT="smä"/><SP WIDTH="14" VPOS="286" HPOS="110"/>
							<String ID="string_42" HPOS="124" VPOS="286" WIDTH="149" HEIGHT="22" WC="0.92" CONTENT="restriktioner"/><SP WIDTH="15" VPOS="286" HPOS="273"/>
							<String ID="string_43" HPOS="288" VPOS="286" WIDTH="84" HEIGHT="27" WC="0.92" CONTENT="önskas,"/><SP WIDTH="16" VPOS="286" HPOS="372"/>
							<String ID="string_44" HPOS="388" VPOS="289" WIDTH="51" HEIGHT="18" WC="0.93" CONTENT="utan"/><SP WIDTH="16" VPOS="289" HPOS="439"/>
							<String ID="string_45" HPOS="455" VPOS="289" WIDTH="14" HEIGHT="17" WC="0.93" CONTENT="t."/><SP WIDTH="16" VPOS="289" HPOS="469"/>
							<String ID="string_46" HPOS="485" VPOS="293" WIDTH="19" HEIGHT="13" WC="0.96" CONTENT="o."/><SP WIDTH="16" VPOS="293" HPOS="504"/>
							<String ID="string_47" HPOS="520" VPOS="293" WIDTH="25" HEIGHT="13" WC="0.93" CONTENT="m."/><SP WIDTH="16" VPOS="293" HPOS="545"/>
							<String ID="string_48" HPOS="561" VPOS="285" WIDTH="132" HEIGHT="28" WC="0.92" CONTENT="förbudslag."/><SP WIDTH="24" VPOS="285" HPOS="693"/>
							<String ID="string_49" HPOS="717" VPOS="284" WIDTH="78" HEIGHT="21" WC="0.92" CONTENT="Denna"/><SP WIDTH="12" VPOS="284" HPOS="795"/>
							<String ID="string_50" HPOS="807" VPOS="283" WIDTH="82" HEIGHT="22" WC="0.92" CONTENT="önskan"/>
						</TextLine>
						<TextLine ID="line_6" HPOS="64" VPOS="311" WIDTH="826" HEIGHT="32">
							<String ID="string_51" HPOS="64" VPOS="315" WIDTH="38" HEIGHT="21" WC="0.95" CONTENT="har"/><SP WIDTH="15" VPOS="315" HPOS="102"/>
							<String ID="string_52" HPOS="117" VPOS="316" WIDTH="33" HEIGHT="20" WC="0.93" CONTENT="sin"/><SP WIDTH="16" VPOS="316" HPOS="150"/>
							<String ID="string_53" HPOS="166" VPOS="315" WIDTH="65" HEIGHT="28" WC="0.92" CONTENT="djupa"/><SP WIDTH="14" VPOS="315" HPOS="231"/>
							<String ID="string_54" HPOS="245" VPOS="314" WIDTH="69" HEIGHT="29" WC="0.93" CONTENT="grund"/><SP WIDTH="17" VPOS="314" HPOS="314"/>
							<String ID="string_55" HPOS="331" VPOS="315" WIDTH="30" HEIGHT="20" WC="0.93" CONTENT="uti"/><SP WIDTH="16" VPOS="315" HPOS="361"/>
							<String ID="string_56" HPOS="377" VPOS="314" WIDTH="81" HEIGHT="21" WC="0.96" CONTENT="folkets"/><SP WIDTH="16" VPOS="314" HPOS="458"/>
							<String ID="string_57" HPOS="474" VPOS="321" WIDTH="53" HEIGHT="20" WC="0.93" CONTENT="egen"/><SP WIDTH="16" VPOS="321" HPOS="527"/>
							<String ID="string_58" HPOS="543" VPOS="313" WIDTH="123" HEIGHT="22" WC="0.93" CONTENT="erfarenhet"/><SP WIDTH="15" VPOS="313" HPOS="666"/>
							<String ID="string_59" HPOS="681" VPOS="313" WIDTH="41" HEIGHT="22" WC="0.93" CONTENT="och"/><SP WIDTH="16" VPOS="313" HPOS="722"/>
							<String ID="string_60" HPOS="738" VPOS="311" WIDTH="152" HEIGHT="23" WC="0.93" CONTENT="medvetandet"/>
						</TextLine>
						<TextLine ID="line_7" HPOS="64" VPOS="340" WIDTH="826" HEIGHT="30">
							<String ID="string_61" HPOS="64" VPOS="344" WIDTH="23" HEIGHT="21" WC="0.96" CONTENT="af"/><SP WIDTH="15" VPOS="344" HPOS="87"/>
							<String ID="string_62" HPOS="102" VPOS="344" WIDTH="26" HEIGHT="21" WC="0.93" CONTENT="de"/><SP WIDTH="23" VPOS="344" HPOS="128"/>
							<String ID="string_63" HPOS="151" VPOS="343" WIDTH="116" HEIGHT="26" WC="0.95" CONTENT="frestelser,"/><SP WIDTH="22" VPOS="343" HPOS="267"/>
							<String ID="string_64" HPOS="289" VPOS="351" WIDTH="45" HEIGHT="13" WC="0.96" CONTENT="som"/><SP WIDTH="25" VPOS="351" HPOS="334"/>
							<String ID="string_65" HPOS="359" VPOS="343" WIDTH="40" HEIGHT="21" WC="0.93" CONTENT="den"/><SP WIDTH="25" VPOS="343" HPOS="399"/>
							<String ID="string_66" HPOS="424" VPOS="343" WIDTH="51" HEIGHT="20" WC="0.96" CONTENT="lätta"/><SP WIDTH="23" VPOS="343" HPOS="475"/>
							<String ID="string_67" HPOS="498" VPOS="342" WIDTH="115" HEIGHT="28" WC="0.96" CONTENT="tillgången"/><SP WIDTH="17" VPOS="342" HPOS="613"/>
							<String ID="string_68" HPOS="630" VPOS="343" WIDTH="33" HEIGHT="20" WC="0.93" CONTENT="till"/><SP WIDTH="16" VPOS="343" HPOS="663"/>
							<String ID="string_69" HPOS="679" VPOS="342" WIDTH="90" HEIGHT="21" WC="0.96" CONTENT="bränvin"/><SP WIDTH="17" VPOS="342" HPOS="769"/>
							<String ID="string_70" HPOS="786" VPOS="340" WIDTH="104" HEIGHT="29" WC="0.96" CONTENT="erbjuder."/>
						</TextLine>
						<TextLine ID="line_8" HPOS="64" VPOS="369" WIDTH="827" HEIGHT="31">
							<String ID="string_71" HPOS="64" VPOS="372" WIDTH="41" HEIGHT="28" WC="0.91" CONTENT="Jag"/><SP WIDTH="15" VPOS="372" HPOS="105"/>
							<String ID="string_72" HPOS="120" VPOS="373" WIDTH="123" HEIGHT="20" WC="0.96" CONTENT="instämmer"/><SP WIDTH="16" VPOS="373" HPOS="243"/>
							<String ID="string_73" HPOS="259" VPOS="371" WIDTH="87" HEIGHT="22" WC="0.96" CONTENT="alldeles"/><SP WIDTH="17" VPOS="371" HPOS="346"/>
							<String ID="string_74" HPOS="363" VPOS="372" WIDTH="6" HEIGHT="20" WC="0.93" CONTENT="i"/><SP WIDTH="15" VPOS="372" HPOS="369"/>
							<String ID="string_75" HPOS="384" VPOS="371" WIDTH="58" HEIGHT="21" WC="0.96" CONTENT="hvad"/><SP WIDTH="16" VPOS="371" HPOS="442"/>
							<String ID="string_76" HPOS="458" VPOS="371" WIDTH="34" HEIGHT="21" WC="0.96" CONTENT="Hr"/><SP WIDTH="15" VPOS="371" HPOS="492"/>
							<String ID="string_77" HPOS="507" VPOS="371" WIDTH="103" HEIGHT="21" WC="0.39" CONTENT="Norrmen"/><SP WIDTH="15" VPOS="371" HPOS="610"/>
							<String ID="string_78" HPOS="625" VPOS="373" WIDTH="67" HEIGHT="26" WC="0.96" CONTENT="yttrat"/><SP WIDTH="16" VPOS="373" HPOS="692"/>
							<String ID="string_79" HPOS="708" VPOS="370" WIDTH="111" HEIGHT="27" WC="0.93" CONTENT="angående"/><SP WIDTH="11" VPOS="370" HPOS="819"/>
							<String ID="string_80" HPOS="830" VPOS="369" WIDTH="61" HEIGHT="21" WC="0.91" CONTENT="lönn-"/>
						</TextLine>
						<TextLine ID="line_9" HPOS="66" VPOS="397" WIDTH="824" HEIGHT="31">
							<String ID="string_81" HPOS="66" VPOS="401" WIDTH="104" HEIGHT="27" WC="0.92" CONTENT="bränning"/><SP WIDTH="16" VPOS="401" HPOS="170"/>
							<String ID="string_82" HPOS="186" VPOS="401" WIDTH="40" HEIGHT="20" WC="0.93" CONTENT="och"/><SP WIDTH="17" VPOS="401" HPOS="226"/>
							<String ID="string_83" HPOS="243" VPOS="400" WIDTH="144" HEIGHT="28" WC="0.91" CONTENT="lurendrejeri."/><SP WIDTH="31" VPOS="400" HPOS="387"/>
							<String ID="string_84" HPOS="418" VPOS="401" WIDTH="39" HEIGHT="20" WC="0.96" CONTENT="Att"/><SP WIDTH="19" VPOS="401" HPOS="457"/>
							<String ID="string_85" HPOS="476" VPOS="407" WIDTH="27" HEIGHT="14" WC="0.93" CONTENT="nu"/><SP WIDTH="17" VPOS="407" HPOS="503"/>
							<String ID="string_86" HPOS="520" VPOS="400" WIDTH="106" HEIGHT="21" WC="0.90" CONTENT="skrämma"/><SP WIDTH="16" VPOS="400" HPOS="626"/>
							<String ID="string_87" HPOS="642" VPOS="399" WIDTH="48" HEIGHT="21" WC="0.93" CONTENT="med"/><SP WIDTH="17" VPOS="399" HPOS="690"/>
							<String ID="string_88" HPOS="707" VPOS="399" WIDTH="83" HEIGHT="26" WC="0.93" CONTENT="sädant,"/><SP WIDTH="15" VPOS="399" HPOS="790"/>
							<String ID="string_89" HPOS="805" VPOS="398" WIDTH="28" HEIGHT="21" WC="0.93" CONTENT="dä"/><SP WIDTH="15" VPOS="398" HPOS="833"/>
							<String ID="string_90" HPOS="848" VPOS="397" WIDTH="42" HEIGHT="21" WC="0.93" CONTENT="fol-"/>
						</TextLine>
						<TextLine ID="line_10" HPOS="65" VPOS="427" WIDTH="825" HEIGHT="31">
							<String ID="string_91" HPOS="65" VPOS="430" WIDTH="36" HEIGHT="21" WC="0.93" CONTENT="ket"/><SP WIDTH="16" VPOS="430" HPOS="101"/>
							<String ID="string_92" HPOS="117" VPOS="429" WIDTH="59" HEIGHT="29" WC="0.85" CONTENT="sjelft"/><SP WIDTH="15" VPOS="429" HPOS="176"/>
							<String ID="string_93" HPOS="191" VPOS="429" WIDTH="64" HEIGHT="28" WC="0.96" CONTENT="yrkar"/><SP WIDTH="15" VPOS="429" HPOS="255"/>
							<String ID="string_94" HPOS="270" VPOS="429" WIDTH="28" HEIGHT="28" WC="0.93" CONTENT="pä"/><SP WIDTH="15" VPOS="429" HPOS="298"/>
							<String ID="string_95" HPOS="313" VPOS="429" WIDTH="132" HEIGHT="27" WC="0.92" CONTENT="förbudslag,"/><SP WIDTH="20" VPOS="429" HPOS="445"/>
							<String ID="string_96" HPOS="465" VPOS="430" WIDTH="23" HEIGHT="19" WC="0.96" CONTENT="är"/><SP WIDTH="15" VPOS="430" HPOS="488"/>
							<String ID="string_97" HPOS="503" VPOS="429" WIDTH="68" HEIGHT="27" WC="0.96" CONTENT="enligt"/><SP WIDTH="11" VPOS="429" HPOS="571"/>
							<String ID="string_98" HPOS="582" VPOS="429" WIDTH="42" HEIGHT="20" WC="0.96" CONTENT="min"/><SP WIDTH="12" VPOS="429" HPOS="624"/>
							<String ID="string_99" HPOS="636" VPOS="428" WIDTH="66" HEIGHT="21" WC="0.96" CONTENT="tanke"/><SP WIDTH="13" VPOS="428" HPOS="702"/>
							<String ID="string_100" HPOS="715" VPOS="427" WIDTH="87" HEIGHT="21" WC="0.93" CONTENT="alldeles"/><SP WIDTH="12" VPOS="427" HPOS="802"/>
							<String ID="string_101" HPOS="814" VPOS="427" WIDTH="76" HEIGHT="21" WC="0.93" CONTENT="omoti-"/>
						</TextLine>
						<TextLine ID="line_11" HPOS="65" VPOS="455" WIDTH="825" HEIGHT="29">
							<String ID="string_102" HPOS="65" VPOS="458" WIDTH="81" HEIGHT="21" WC="0.91" CONTENT="veradt."/><SP WIDTH="31" VPOS="458" HPOS="146"/>
							<String ID="string_103" HPOS="177" VPOS="457" WIDTH="34" HEIGHT="21" WC="0.96" CONTENT="Då"/><SP WIDTH="16" VPOS="457" HPOS="211"/>
							<String ID="string_104" HPOS="227" VPOS="457" WIDTH="47" HEIGHT="22" WC="0.93" CONTENT="vårt"/><SP WIDTH="15" VPOS="457" HPOS="274"/>
							<String ID="string_105" HPOS="289" VPOS="457" WIDTH="235" HEIGHT="21" WC="0.91" CONTENT="fosterlandsälskande"/><SP WIDTH="16" VPOS="457" HPOS="524"/>
							<String ID="string_106" HPOS="540" VPOS="457" WIDTH="186" HEIGHT="21" WC="0.96" CONTENT="konstitutionella"/><SP WIDTH="16" VPOS="457" HPOS="726"/>
							<String ID="string_107" HPOS="742" VPOS="457" WIDTH="54" HEIGHT="27" WC="0.96" CONTENT="parti"/><SP WIDTH="16" VPOS="457" HPOS="796"/>
							<String ID="string_108" HPOS="812" VPOS="455" WIDTH="78" HEIGHT="28" WC="0.96" CONTENT="tydligt"/>
						</TextLine>
						<TextLine ID="line_12" HPOS="65" VPOS="483" WIDTH="826" HEIGHT="31">
							<String ID="string_109" HPOS="65" VPOS="487" WIDTH="87" HEIGHT="20" WC="0.93" CONTENT="skrifvit"/><SP WIDTH="16" VPOS="487" HPOS="152"/>
							<String ID="string_110" HPOS="168" VPOS="486" WIDTH="79" HEIGHT="21" WC="0.96" CONTENT="folkets"/><SP WIDTH="11" VPOS="486" HPOS="247"/>
							<String ID="string_111" HPOS="258" VPOS="486" WIDTH="34" HEIGHT="21" WC="0.96" CONTENT="väl"/><SP WIDTH="12" VPOS="486" HPOS="292"/>
							<String ID="string_112" HPOS="304" VPOS="486" WIDTH="40" HEIGHT="21" WC="0.93" CONTENT="och"/><SP WIDTH="13" VPOS="486" HPOS="344"/>
							<String ID="string_113" HPOS="357" VPOS="485" WIDTH="292" HEIGHT="29" WC="0.90" CONTENT="nykterhetssträfvandenas"/><SP WIDTH="16" VPOS="485" HPOS="649"/>
							<String ID="string_114" HPOS="665" VPOS="484" WIDTH="182" HEIGHT="28" WC="0.92" CONTENT="understödjande"/><SP WIDTH="16" VPOS="484" HPOS="847"/>
							<String ID="string_115" HPOS="863" VPOS="483" WIDTH="28" HEIGHT="28" WC="0.97" CONTENT="pä"/>
						</TextLine>
						<TextLine ID="line_13" HPOS="64" VPOS="513" WIDTH="827" HEIGHT="30">
							<String ID="string_116" HPOS="64" VPOS="517" WIDTH="34" HEIGHT="19" WC="0.93" CONTENT="sin"/><SP WIDTH="16" VPOS="517" HPOS="98"/>
							<String ID="string_117" HPOS="114" VPOS="515" WIDTH="153" HEIGHT="28" WC="0.91" CONTENT="oegennyttiga"/><SP WIDTH="15" VPOS="515" HPOS="267"/>
							<String ID="string_118" HPOS="282" VPOS="515" WIDTH="40" HEIGHT="21" WC="0.96" CONTENT="och"/><SP WIDTH="16" VPOS="515" HPOS="322"/>
							<String ID="string_119" HPOS="338" VPOS="522" WIDTH="54" HEIGHT="14" WC="0.93" CONTENT="rena"/><SP WIDTH="12" VPOS="522" HPOS="392"/>
							<String ID="string_120" HPOS="404" VPOS="515" WIDTH="58" HEIGHT="24" WC="0.92" CONTENT="fana,"/><SP WIDTH="15" VPOS="515" HPOS="462"/>
							<String ID="string_121" HPOS="477" VPOS="521" WIDTH="64" HEIGHT="14" WC="0.96" CONTENT="anser"/><SP WIDTH="14" VPOS="521" HPOS="541"/>
							<String ID="string_122" HPOS="555" VPOS="515" WIDTH="35" HEIGHT="28" WC="0.96" CONTENT="jag"/><SP WIDTH="15" VPOS="515" HPOS="590"/>
							<String ID="string_123" HPOS="605" VPOS="515" WIDTH="43" HEIGHT="27" WC="0.93" CONTENT="mig"/><SP WIDTH="16" VPOS="515" HPOS="648"/>
							<String ID="string_124" HPOS="664" VPOS="515" WIDTH="47" HEIGHT="20" WC="0.92" CONTENT="icke"/><SP WIDTH="17" VPOS="515" HPOS="711"/>
							<String ID="string_125" HPOS="728" VPOS="513" WIDTH="94" HEIGHT="21" WC="0.92" CONTENT="behöfva"/><SP WIDTH="14" VPOS="513" HPOS="822"/>
							<String ID="string_126" HPOS="836" VPOS="519" WIDTH="55" HEIGHT="21" WC="0.90" CONTENT="upp-"/>
						</TextLine>
						<TextLine ID="line_14" HPOS="65" VPOS="541" WIDTH="829" HEIGHT="30">
							<String ID="string_127" HPOS="65" VPOS="547" WIDTH="49" HEIGHT="24" WC="0.95" CONTENT="taga"/><SP WIDTH="16" VPOS="547" HPOS="114"/>
							<String ID="string_128" HPOS="130" VPOS="543" WIDTH="59" HEIGHT="22" WC="0.93" CONTENT="detta"/><SP WIDTH="15" VPOS="543" HPOS="189"/>
							<String ID="string_129" HPOS="204" VPOS="543" WIDTH="64" HEIGHT="21" WC="0.96" CONTENT="ärade"/><SP WIDTH="16" VPOS="543" HPOS="268"/>
							<String ID="string_130" HPOS="284" VPOS="543" WIDTH="62" HEIGHT="21" WC="0.96" CONTENT="stånd"/><SP WIDTH="17" VPOS="543" HPOS="346"/>
							<String ID="string_131" HPOS="363" VPOS="543" WIDTH="48" HEIGHT="21" WC="0.96" CONTENT="med"/><SP WIDTH="20" VPOS="543" HPOS="411"/>
							<String ID="string_132" HPOS="431" VPOS="546" WIDTH="31" HEIGHT="18" WC="0.93" CONTENT="att"/><SP WIDTH="17" VPOS="546" HPOS="462"/>
							<String ID="string_133" HPOS="479" VPOS="543" WIDTH="136" HEIGHT="28" WC="0.92" CONTENT="vidlyftigare"/><SP WIDTH="15" VPOS="543" HPOS="615"/>
							<String ID="string_134" HPOS="630" VPOS="545" WIDTH="57" HEIGHT="26" WC="0.96" CONTENT="yttra"/><SP WIDTH="16" VPOS="545" HPOS="687"/>
							<String ID="string_135" HPOS="703" VPOS="543" WIDTH="43" HEIGHT="26" WC="0.96" CONTENT="mig"/><SP WIDTH="16" VPOS="543" HPOS="746"/>
							<String ID="string_136" HPOS="762" VPOS="543" WIDTH="5" HEIGHT="20" WC="0.93" CONTENT="i"/><SP WIDTH="17" VPOS="543" HPOS="767"/>
							<String ID="string_137" HPOS="784" VPOS="541" WIDTH="60" HEIGHT="28" WC="0.96" CONTENT="fråga"/><SP WIDTH="13" VPOS="541" HPOS="844"/>
							<String ID="string_138" HPOS="857" VPOS="548" WIDTH="37" HEIGHT="13" WC="0.77" CONTENT="om"/>
						</TextLine>
						<TextLine ID="line_15" HPOS="66" VPOS="569" WIDTH="826" HEIGHT="30">
							<String ID="string_139" HPOS="66" VPOS="572" WIDTH="199" HEIGHT="21" WC="0.89" CONTENT="bränvinsskattens"/><SP WIDTH="23" VPOS="572" HPOS="265"/>
							<String ID="string_140" HPOS="288" VPOS="571" WIDTH="98" HEIGHT="28" WC="0.92" CONTENT="höjande,"/><SP WIDTH="22" VPOS="571" HPOS="386"/>
							<String ID="string_141" HPOS="408" VPOS="574" WIDTH="51" HEIGHT="19" WC="0.93" CONTENT="utan"/><SP WIDTH="17" VPOS="574" HPOS="459"/>
							<String ID="string_142" HPOS="476" VPOS="575" WIDTH="44" HEIGHT="17" WC="0.93" CONTENT="tror"/><SP WIDTH="16" VPOS="575" HPOS="520"/>
							<String ID="string_143" HPOS="536" VPOS="573" WIDTH="35" HEIGHT="26" WC="0.96" CONTENT="jag"/><SP WIDTH="14" VPOS="573" HPOS="571"/>
							<String ID="string_144" HPOS="585" VPOS="575" WIDTH="32" HEIGHT="18" WC="0.96" CONTENT="att"/><SP WIDTH="15" VPOS="575" HPOS="617"/>
							<String ID="string_145" HPOS="632" VPOS="571" WIDTH="26" HEIGHT="22" WC="0.96" CONTENT="R."/><SP WIDTH="15" VPOS="571" HPOS="658"/>
							<String ID="string_146" HPOS="673" VPOS="579" WIDTH="19" HEIGHT="13" WC="0.96" CONTENT="o."/><SP WIDTH="11" VPOS="579" HPOS="692"/>
							<String ID="string_147" HPOS="703" VPOS="571" WIDTH="27" HEIGHT="21" WC="0.96" CONTENT="A."/><SP WIDTH="15" VPOS="571" HPOS="730"/>
							<String ID="string_148" HPOS="745" VPOS="571" WIDTH="54" HEIGHT="20" WC="0.93" CONTENT="skall"/><SP WIDTH="19" VPOS="571" HPOS="799"/>
							<String ID="string_149" HPOS="818" VPOS="569" WIDTH="74" HEIGHT="22" WC="0.92" CONTENT="bifalla"/>
						</TextLine>
						<TextLine ID="line_16" HPOS="65" VPOS="598" WIDTH="825" HEIGHT="30">
							<String ID="string_150" HPOS="65" VPOS="601" WIDTH="32" HEIGHT="21" WC="0.91" CONTENT="till"/><SP WIDTH="24" VPOS="601" HPOS="97"/>
							<String ID="string_151" HPOS="121" VPOS="600" WIDTH="123" HEIGHT="22" WC="0.91" CONTENT="Utskottets"/><SP WIDTH="16" VPOS="600" HPOS="244"/>
							<String ID="string_152" HPOS="260" VPOS="601" WIDTH="80" HEIGHT="27" WC="0.96" CONTENT="förslag"/><SP WIDTH="16" VPOS="601" HPOS="340"/>
							<String ID="string_153" HPOS="356" VPOS="608" WIDTH="34" HEIGHT="13" WC="0.93" CONTENT="om"/><SP WIDTH="16" VPOS="608" HPOS="390"/>
							<String ID="string_154" HPOS="406" VPOS="601" WIDTH="96" HEIGHT="20" WC="0.93" CONTENT="skattens"/><SP WIDTH="17" VPOS="601" HPOS="502"/>
							<String ID="string_155" HPOS="519" VPOS="600" WIDTH="90" HEIGHT="28" WC="0.93" CONTENT="höjande"/><SP WIDTH="15" VPOS="600" HPOS="609"/>
							<String ID="string_156" HPOS="624" VPOS="600" WIDTH="32" HEIGHT="21" WC="0.96" CONTENT="till"/><SP WIDTH="17" VPOS="600" HPOS="656"/>
							<String ID="string_157" HPOS="673" VPOS="601" WIDTH="11" HEIGHT="20" WC="0.96" CONTENT="1"/><SP WIDTH="18" VPOS="601" HPOS="684"/>
							<String ID="string_158" HPOS="702" VPOS="599" WIDTH="59" HEIGHT="21" WC="0.96" CONTENT="mark"/><SP WIDTH="15" VPOS="599" HPOS="761"/>
							<String ID="string_159" HPOS="776" VPOS="599" WIDTH="28" HEIGHT="21" WC="0.96" CONTENT="20"/><SP WIDTH="22" VPOS="599" HPOS="804"/>
							<String ID="string_160" HPOS="826" VPOS="598" WIDTH="64" HEIGHT="29" WC="0.96" CONTENT="penni"/>
						</TextLine>
						<TextLine ID="line_17" HPOS="66" VPOS="626" WIDTH="826" HEIGHT="31">
							<String ID="string_161" HPOS="66" VPOS="629" WIDTH="41" HEIGHT="21" WC="0.93" CONTENT="och"/><SP WIDTH="20" VPOS="629" HPOS="107"/>
							<String ID="string_162" HPOS="127" VPOS="629" WIDTH="86" HEIGHT="21" WC="0.91" CONTENT="dermed"/><SP WIDTH="22" VPOS="629" HPOS="213"/>
							<String ID="string_163" HPOS="235" VPOS="629" WIDTH="72" HEIGHT="21" WC="0.92" CONTENT="sävidt"/><SP WIDTH="15" VPOS="629" HPOS="307"/>
							<String ID="string_164" HPOS="322" VPOS="629" WIDTH="83" HEIGHT="28" WC="0.96" CONTENT="möjligt"/><SP WIDTH="15" VPOS="629" HPOS="405"/>
							<String ID="string_165" HPOS="420" VPOS="629" WIDTH="36" HEIGHT="20" WC="0.96" CONTENT="vid"/><SP WIDTH="17" VPOS="629" HPOS="456"/>
							<String ID="string_166" HPOS="473" VPOS="629" WIDTH="76" HEIGHT="26" WC="0.93" CONTENT="denna,"/><SP WIDTH="16" VPOS="629" HPOS="549"/>
							<String ID="string_167" HPOS="565" VPOS="629" WIDTH="82" HEIGHT="21" WC="0.93" CONTENT="kanske"/><SP WIDTH="16" VPOS="629" HPOS="647"/>
							<String ID="string_168" HPOS="663" VPOS="629" WIDTH="53" HEIGHT="20" WC="0.93" CONTENT="sista"/><SP WIDTH="16" VPOS="629" HPOS="716"/>
							<String ID="string_169" HPOS="732" VPOS="627" WIDTH="102" HEIGHT="27" WC="0.93" CONTENT="landtdag"/><SP WIDTH="15" VPOS="627" HPOS="834"/>
							<String ID="string_170" HPOS="849" VPOS="626" WIDTH="43" HEIGHT="21" WC="0.93" CONTENT="till-"/>
						</TextLine>
						<TextLine ID="line_18" HPOS="66" VPOS="657" WIDTH="499" HEIGHT="28">
							<String ID="string_171" HPOS="66" VPOS="658" WIDTH="95" HEIGHT="27" WC="0.92" CONTENT="mötesgä"/><SP WIDTH="16" VPOS="658" HPOS="161"/>
							<String ID="string_172" HPOS="177" VPOS="657" WIDTH="79" HEIGHT="21" WC="0.96" CONTENT="folkets"/><SP WIDTH="16" VPOS="657" HPOS="256"/>
							<String ID="string_173" HPOS="272" VPOS="657" WIDTH="79" HEIGHT="28" WC="0.93" CONTENT="tydligt"/><SP WIDTH="15" VPOS="657" HPOS="351"/>
							<String ID="string_174" HPOS="366" VPOS="657" WIDTH="95" HEIGHT="21" WC="0.92" CONTENT="uttalade"/><SP WIDTH="16" VPOS="657" HPOS="461"/>
							<String ID="string_175" HPOS="477" VPOS="657" WIDTH="88" HEIGHT="21" WC="0.92" CONTENT="önskan."/>
						</TextLine>
					</TextBlock>
				</ComposedBlock>
				<ComposedBlock ID="cblock_3" HPOS="66" VPOS="708" WIDTH="826" HEIGHT="114">
					<TextBlock ID="block_2" HPOS="66" VPOS="708" WIDTH="826" HEIGHT="114">
						<TextLine ID="line_19" HPOS="135" VPOS="708" WIDTH="756" HEIGHT="28">
							<String ID="string_176" HPOS="135" VPOS="708" WIDTH="34" HEIGHT="22" WC="0.96" CONTENT="Hr"/><SP WIDTH="22" VPOS="708" HPOS="169"/>
							<String ID="string_177" HPOS="191" VPOS="708" WIDTH="19" HEIGHT="22" WC="0.96" CONTENT="J."/><SP WIDTH="22" VPOS="708" HPOS="210"/>
							<String ID="string_178" HPOS="232" VPOS="708" WIDTH="31" HEIGHT="22" WC="0.95" CONTENT="M."/><SP WIDTH="21" VPOS="708" HPOS="263"/>
							<String ID="string_179" HPOS="284" VPOS="709" WIDTH="197" HEIGHT="27" WC="0.96" CONTENT="Tigerstedt:"/><SP WIDTH="30" VPOS="709" HPOS="481"/>
							<String ID="string_180" HPOS="511" VPOS="709" WIDTH="42" HEIGHT="27" WC="0.96" CONTENT="Jag"/><SP WIDTH="19" VPOS="709" HPOS="553"/>
							<String ID="string_181" HPOS="572" VPOS="709" WIDTH="37" HEIGHT="21" WC="0.95" CONTENT="ber"/><SP WIDTH="15" VPOS="709" HPOS="609"/>
							<String ID="string_182" HPOS="624" VPOS="712" WIDTH="31" HEIGHT="18" WC="0.93" CONTENT="att"/><SP WIDTH="15" VPOS="712" HPOS="655"/>
							<String ID="string_183" HPOS="670" VPOS="708" WIDTH="23" HEIGHT="21" WC="0.92" CONTENT="fä"/><SP WIDTH="15" VPOS="708" HPOS="693"/>
							<String ID="string_184" HPOS="708" VPOS="708" WIDTH="74" HEIGHT="21" WC="0.93" CONTENT="förena"/><SP WIDTH="16" VPOS="708" HPOS="782"/>
							<String ID="string_185" HPOS="798" VPOS="708" WIDTH="43" HEIGHT="28" WC="0.96" CONTENT="mig"/><SP WIDTH="15" VPOS="708" HPOS="841"/>
							<String ID="string_186" HPOS="856" VPOS="715" WIDTH="35" HEIGHT="13" WC="0.96" CONTENT="om"/>
						</TextLine>
						<TextLine ID="line_20" HPOS="66" VPOS="736" WIDTH="824" HEIGHT="29">
							<String ID="string_187" HPOS="66" VPOS="738" WIDTH="37" HEIGHT="20" WC="0.93" CONTENT="det"/><SP WIDTH="23" VPOS="738" HPOS="103"/>
							<String ID="string_188" HPOS="126" VPOS="737" WIDTH="114" HEIGHT="27" WC="0.95" CONTENT="uttalande,"/><SP WIDTH="23" VPOS="737" HPOS="240"/>
							<String ID="string_189" HPOS="263" VPOS="744" WIDTH="45" HEIGHT="14" WC="0.91" CONTENT="som"/><SP WIDTH="23" VPOS="744" HPOS="308"/>
							<String ID="string_190" HPOS="331" VPOS="737" WIDTH="98" HEIGHT="28" WC="0.91" CONTENT="afgifvits"/><SP WIDTH="16" VPOS="737" HPOS="429"/>
							<String ID="string_191" HPOS="445" VPOS="738" WIDTH="23" HEIGHT="20" WC="0.96" CONTENT="af"/><SP WIDTH="15" VPOS="738" HPOS="468"/>
							<String ID="string_192" HPOS="483" VPOS="737" WIDTH="34" HEIGHT="21" WC="0.96" CONTENT="Hr"/><SP WIDTH="15" VPOS="737" HPOS="517"/>
							<String ID="string_193" HPOS="532" VPOS="738" WIDTH="66" HEIGHT="27" WC="0.95" CONTENT="Björn"/><SP WIDTH="23" VPOS="738" HPOS="598"/>
							<String ID="string_194" HPOS="621" VPOS="737" WIDTH="127" HEIGHT="25" WC="0.95" CONTENT="Schauman,"/><SP WIDTH="19" VPOS="737" HPOS="748"/>
							<String ID="string_195" HPOS="767" VPOS="737" WIDTH="40" HEIGHT="21" WC="0.93" CONTENT="och"/><SP WIDTH="15" VPOS="737" HPOS="807"/>
							<String ID="string_196" HPOS="822" VPOS="736" WIDTH="68" HEIGHT="21" WC="0.93" CONTENT="tillika"/>
						</TextLine>
						<TextLine ID="line_21" HPOS="66" VPOS="766" WIDTH="826" HEIGHT="28">
							<String ID="string_197" HPOS="66" VPOS="766" WIDTH="38" HEIGHT="21" WC="0.93" CONTENT="ber"/><SP WIDTH="22" VPOS="766" HPOS="104"/>
							<String ID="string_198" HPOS="126" VPOS="766" WIDTH="36" HEIGHT="28" WC="0.93" CONTENT="jag"/><SP WIDTH="22" VPOS="766" HPOS="162"/>
							<String ID="string_199" HPOS="184" VPOS="768" WIDTH="31" HEIGHT="19" WC="0.96" CONTENT="att"/><SP WIDTH="23" VPOS="768" HPOS="215"/>
							<String ID="string_200" HPOS="238" VPOS="766" WIDTH="33" HEIGHT="20" WC="0.95" CONTENT="för"/><SP WIDTH="23" VPOS="766" HPOS="271"/>
							<String ID="string_201" HPOS="294" VPOS="766" WIDTH="43" HEIGHT="21" WC="0.95" CONTENT="min"/><SP WIDTH="23" VPOS="766" HPOS="337"/>
							<String ID="string_202" HPOS="360" VPOS="766" WIDTH="34" HEIGHT="21" WC="0.92" CONTENT="del"/><SP WIDTH="16" VPOS="766" HPOS="394"/>
							<String ID="string_203" HPOS="410" VPOS="766" WIDTH="24" HEIGHT="20" WC="0.92" CONTENT="fä"/><SP WIDTH="14" VPOS="766" HPOS="434"/>
							<String ID="string_204" HPOS="448" VPOS="766" WIDTH="133" HEIGHT="21" WC="0.92" CONTENT="understöda"/><SP WIDTH="22" VPOS="766" HPOS="581"/>
							<String ID="string_205" HPOS="603" VPOS="766" WIDTH="37" HEIGHT="21" WC="0.96" CONTENT="det"/><SP WIDTH="23" VPOS="766" HPOS="640"/>
							<String ID="string_206" HPOS="663" VPOS="766" WIDTH="85" HEIGHT="27" WC="0.96" CONTENT="förslag,"/><SP WIDTH="16" VPOS="766" HPOS="748"/>
							<String ID="string_207" HPOS="764" VPOS="773" WIDTH="45" HEIGHT="13" WC="0.96" CONTENT="som"/><SP WIDTH="15" VPOS="773" HPOS="809"/>
							<String ID="string_208" HPOS="824" VPOS="766" WIDTH="68" HEIGHT="27" WC="0.95" CONTENT="gjorts"/>
						</TextLine>
						<TextLine ID="line_22" HPOS="67" VPOS="794" WIDTH="441" HEIGHT="28">
							<String ID="string_209" HPOS="67" VPOS="794" WIDTH="111" HEIGHT="28" WC="0.92" CONTENT="angäende"/><SP WIDTH="17" VPOS="794" HPOS="178"/>
							<String ID="string_210" HPOS="195" VPOS="794" WIDTH="199" HEIGHT="22" WC="0.92" CONTENT="bränvinsskattens"/><SP WIDTH="16" VPOS="794" HPOS="394"/>
							<String ID="string_211" HPOS="410" VPOS="794" WIDTH="98" HEIGHT="28" WC="0.92" CONTENT="höjande."/>
						</TextLine>
					</TextBlock>
				</ComposedBlock>
				<ComposedBlock ID="cblock_4" HPOS="66" VPOS="873" WIDTH="826" HEIGHT="115">
					<TextBlock ID="block_3" HPOS="66" VPOS="873" WIDTH="826" HEIGHT="115">
						<TextLine ID="line_23" HPOS="136" VPOS="873" WIDTH="756" HEIGHT="28">
							<String ID="string_212" HPOS="136" VPOS="874" WIDTH="70" HEIGHT="22" WC="0.96" CONTENT="Sedan"/><SP WIDTH="16" VPOS="874" HPOS="206"/>
							<String ID="string_213" HPOS="222" VPOS="875" WIDTH="41" HEIGHT="20" WC="0.96" CONTENT="den"/><SP WIDTH="17" VPOS="875" HPOS="263"/>
							<String ID="string_214" HPOS="280" VPOS="875" WIDTH="105" HEIGHT="20" WC="0.93" CONTENT="allmänna"/><SP WIDTH="15" VPOS="875" HPOS="385"/>
							<String ID="string_215" HPOS="400" VPOS="875" WIDTH="151" HEIGHT="21" WC="0.92" CONTENT="diskussionen"/><SP WIDTH="15" VPOS="875" HPOS="551"/>
							<String ID="string_216" HPOS="566" VPOS="875" WIDTH="87" HEIGHT="21" WC="0.92" CONTENT="härmed"/><SP WIDTH="12" VPOS="875" HPOS="653"/>
							<String ID="string_217" HPOS="665" VPOS="875" WIDTH="115" HEIGHT="21" WC="0.92" CONTENT="förklarats"/><SP WIDTH="10" VPOS="875" HPOS="780"/>
							<String ID="string_218" HPOS="790" VPOS="873" WIDTH="102" HEIGHT="28" WC="0.92" CONTENT="afslutad,"/>
						</TextLine>
						<TextLine ID="line_24" HPOS="67" VPOS="903" WIDTH="824" HEIGHT="28">
							<String ID="string_219" HPOS="67" VPOS="903" WIDTH="111" HEIGHT="28" WC="0.28" CONTENT="ofvergick"/><SP WIDTH="17" VPOS="903" HPOS="178"/>
							<String ID="string_220" HPOS="195" VPOS="903" WIDTH="90" HEIGHT="22" WC="0.92" CONTENT="Ständet"/><SP WIDTH="15" VPOS="903" HPOS="285"/>
							<String ID="string_221" HPOS="300" VPOS="903" WIDTH="32" HEIGHT="21" WC="0.93" CONTENT="till"/><SP WIDTH="16" VPOS="903" HPOS="332"/>
							<String ID="string_222" HPOS="348" VPOS="903" WIDTH="199" HEIGHT="28" WC="0.90" CONTENT="detaljgranskning"/><SP WIDTH="14" VPOS="903" HPOS="547"/>
							<String ID="string_223" HPOS="561" VPOS="903" WIDTH="23" HEIGHT="22" WC="0.93" CONTENT="af"/><SP WIDTH="11" VPOS="903" HPOS="584"/>
							<String ID="string_224" HPOS="595" VPOS="903" WIDTH="141" HEIGHT="22" WC="0.96" CONTENT="förevarande"/><SP WIDTH="10" VPOS="903" HPOS="736"/>
							<String ID="string_225" HPOS="746" VPOS="903" WIDTH="79" HEIGHT="22" WC="0.96" CONTENT="ärende"/><SP WIDTH="11" VPOS="903" HPOS="825"/>
							<String ID="string_226" HPOS="836" VPOS="905" WIDTH="55" HEIGHT="18" WC="0.96" CONTENT="samt"/>
						</TextLine>
						<TextLine ID="line_25" HPOS="66" VPOS="931" WIDTH="824" HEIGHT="30">
							<String ID="string_227" HPOS="66" VPOS="933" WIDTH="95" HEIGHT="20" WC="0.93" CONTENT="närmast"/><SP WIDTH="15" VPOS="933" HPOS="161"/>
							<String ID="string_228" HPOS="176" VPOS="932" WIDTH="74" HEIGHT="26" WC="0.96" CONTENT="frågan"/><SP WIDTH="16" VPOS="932" HPOS="250"/>
							<String ID="string_229" HPOS="266" VPOS="939" WIDTH="34" HEIGHT="14" WC="0.93" CONTENT="om"/><SP WIDTH="16" VPOS="939" HPOS="300"/>
							<String ID="string_230" HPOS="316" VPOS="932" WIDTH="200" HEIGHT="21" WC="0.51" CONTENT="bränvinsskattens"/><SP WIDTH="17" VPOS="932" HPOS="516"/>
							<String ID="string_231" HPOS="533" VPOS="933" WIDTH="84" HEIGHT="28" WC="0.96" CONTENT="belopp,"/><SP WIDTH="15" VPOS="933" HPOS="617"/>
							<String ID="string_232" HPOS="632" VPOS="933" WIDTH="7" HEIGHT="20" WC="0.93" CONTENT="i"/><SP WIDTH="15" VPOS="933" HPOS="639"/>
							<String ID="string_233" HPOS="654" VPOS="932" WIDTH="103" HEIGHT="21" WC="0.93" CONTENT="afseende"/><SP WIDTH="17" VPOS="932" HPOS="757"/>
							<String ID="string_234" HPOS="774" VPOS="931" WIDTH="66" HEIGHT="22" WC="0.92" CONTENT="hvarä"/><SP WIDTH="16" VPOS="931" HPOS="840"/>
							<String ID="string_235" HPOS="856" VPOS="931" WIDTH="34" HEIGHT="21" WC="0.97" CONTENT="Hr"/>
						</TextLine>
						<TextLine ID="line_26" HPOS="66" VPOS="959" WIDTH="824" HEIGHT="29">
							<String ID="string_236" HPOS="66" VPOS="960" WIDTH="207" HEIGHT="21" WC="0.92" CONTENT="Landtmarskalken"/><SP WIDTH="16" VPOS="960" HPOS="273"/>
							<String ID="string_237" HPOS="289" VPOS="961" WIDTH="31" HEIGHT="20" WC="0.93" CONTENT="till"/><SP WIDTH="17" VPOS="961" HPOS="320"/>
							<String ID="string_238" HPOS="337" VPOS="960" WIDTH="101" HEIGHT="22" WC="0.91" CONTENT="Ständets"/><SP WIDTH="23" VPOS="960" HPOS="438"/>
							<String ID="string_239" HPOS="461" VPOS="961" WIDTH="134" HEIGHT="21" WC="0.88" CONTENT="besvarande"/><SP WIDTH="22" VPOS="961" HPOS="595"/>
							<String ID="string_240" HPOS="617" VPOS="961" WIDTH="161" HEIGHT="21" WC="0.92" CONTENT="öfverlemnade"/><SP WIDTH="16" VPOS="961" HPOS="778"/>
							<String ID="string_241" HPOS="794" VPOS="959" WIDTH="96" HEIGHT="29" WC="0.96" CONTENT="följande"/>
						</TextLine>
					</TextBlock>
				</ComposedBlock>
				<ComposedBlock ID="cblock_5" HPOS="255" VPOS="1017" WIDTH="450" HEIGHT="29">
					<TextBlock ID="block_4" HPOS="255" VPOS="1017" WIDTH="450" HEIGHT="29">
						<TextLine ID="line_27" HPOS="255" VPOS="1017" WIDTH="450" HEIGHT="29">
							<String ID="string_242" HPOS="255" VPOS="1017" WIDTH="450" HEIGHT="29" WC="0.91" CONTENT="Omröstningsproposition:"/>
						</TextLine>
					</TextBlock>
				</ComposedBlock>
				<ComposedBlock ID="cblock_6" HPOS="67" VPOS="1069" WIDTH="827" HEIGHT="171">
					<TextBlock ID="block_5" HPOS="67" VPOS="1069" WIDTH="827" HEIGHT="86">
						<TextLine ID="line_28" HPOS="136" VPOS="1069" WIDTH="758" HEIGHT="28">
							<String ID="string_243" HPOS="136" VPOS="1069" WIDTH="47" HEIGHT="21" WC="0.96" CONTENT="Vill"/><SP WIDTH="15" VPOS="1069" HPOS="183"/>
							<String ID="string_244" HPOS="198" VPOS="1069" WIDTH="25" HEIGHT="21" WC="0.96" CONTENT="R."/><SP WIDTH="17" VPOS="1069" HPOS="223"/>
							<String ID="string_245" HPOS="240" VPOS="1077" WIDTH="18" HEIGHT="13" WC="0.85" CONTENT="o."/><SP WIDTH="16" VPOS="1077" HPOS="258"/>
							<String ID="string_246" HPOS="274" VPOS="1070" WIDTH="33" HEIGHT="25" WC="0.89" CONTENT="A.,"/><SP WIDTH="15" VPOS="1070" HPOS="307"/>
							<String ID="string_247" HPOS="322" VPOS="1069" WIDTH="48" HEIGHT="21" WC="0.92" CONTENT="med"/><SP WIDTH="24" VPOS="1069" HPOS="370"/>
							<String ID="string_248" HPOS="394" VPOS="1069" WIDTH="158" HEIGHT="28" WC="0.96" CONTENT="godkännande"/><SP WIDTH="16" VPOS="1069" HPOS="552"/>
							<String ID="string_249" HPOS="568" VPOS="1069" WIDTH="23" HEIGHT="21" WC="0.93" CONTENT="af"/><SP WIDTH="20" VPOS="1069" HPOS="591"/>
							<String ID="string_250" HPOS="611" VPOS="1069" WIDTH="227" HEIGHT="22" WC="0.91" CONTENT="Ekonomiutskottets"/><SP WIDTH="19" VPOS="1069" HPOS="838"/>
							<String ID="string_251" HPOS="857" VPOS="1069" WIDTH="37" HEIGHT="21" WC="0.91" CONTENT="be-"/>
						</TextLine>
						<TextLine ID="line_29" HPOS="67" VPOS="1097" WIDTH="827" HEIGHT="29">
							<String ID="string_252" HPOS="67" VPOS="1097" WIDTH="113" HEIGHT="26" WC="0.92" CONTENT="tänkande,"/><SP WIDTH="16" VPOS="1097" HPOS="180"/>
							<String ID="string_253" HPOS="196" VPOS="1097" WIDTH="106" HEIGHT="21" WC="0.90" CONTENT="fastställa"/><SP WIDTH="15" VPOS="1097" HPOS="302"/>
							<String ID="string_254" HPOS="317" VPOS="1098" WIDTH="42" HEIGHT="20" WC="0.93" CONTENT="den"/><SP WIDTH="16" VPOS="1098" HPOS="359"/>
							<String ID="string_255" HPOS="375" VPOS="1098" WIDTH="65" HEIGHT="26" WC="0.93" CONTENT="skatt,"/><SP WIDTH="14" VPOS="1098" HPOS="440"/>
							<String ID="string_256" HPOS="454" VPOS="1105" WIDTH="46" HEIGHT="14" WC="0.96" CONTENT="som"/><SP WIDTH="16" VPOS="1105" HPOS="500"/>
							<String ID="string_257" HPOS="516" VPOS="1098" WIDTH="33" HEIGHT="20" WC="0.93" CONTENT="för"/><SP WIDTH="16" VPOS="1098" HPOS="549"/>
							<String ID="string_258" HPOS="565" VPOS="1098" WIDTH="138" HEIGHT="28" WC="0.90" CONTENT="tillverkning"/><SP WIDTH="17" VPOS="1098" HPOS="703"/>
							<String ID="string_259" HPOS="720" VPOS="1098" WIDTH="22" HEIGHT="21" WC="0.93" CONTENT="af"/><SP WIDTH="12" VPOS="1098" HPOS="742"/>
							<String ID="string_260" HPOS="754" VPOS="1098" WIDTH="90" HEIGHT="22" WC="0.93" CONTENT="bränvin"/><SP WIDTH="11" VPOS="1098" HPOS="844"/>
							<String ID="string_261" HPOS="855" VPOS="1098" WIDTH="39" HEIGHT="21" WC="0.96" CONTENT="bör"/>
						</TextLine>
						<TextLine ID="line_30" HPOS="67" VPOS="1126" WIDTH="500" HEIGHT="29">
							<String ID="string_262" HPOS="67" VPOS="1126" WIDTH="102" HEIGHT="28" WC="0.93" CONTENT="erläggas,"/><SP WIDTH="15" VPOS="1126" HPOS="169"/>
							<String ID="string_263" HPOS="184" VPOS="1126" WIDTH="32" HEIGHT="20" WC="0.96" CONTENT="till"/><SP WIDTH="22" VPOS="1126" HPOS="216"/>
							<String ID="string_264" HPOS="238" VPOS="1128" WIDTH="5" HEIGHT="19" WC="0.96" CONTENT="1"/><SP WIDTH="17" VPOS="1128" HPOS="243"/>
							<String ID="string_265" HPOS="260" VPOS="1126" WIDTH="59" HEIGHT="21" WC="0.96" CONTENT="mark"/><SP WIDTH="16" VPOS="1126" HPOS="319"/>
							<String ID="string_266" HPOS="335" VPOS="1127" WIDTH="28" HEIGHT="21" WC="0.96" CONTENT="20"/><SP WIDTH="15" VPOS="1127" HPOS="363"/>
							<String ID="string_267" HPOS="378" VPOS="1127" WIDTH="65" HEIGHT="27" WC="0.96" CONTENT="penni"/><SP WIDTH="16" VPOS="1127" HPOS="443"/>
							<String ID="string_268" HPOS="459" VPOS="1134" WIDTH="39" HEIGHT="21" WC="0.93" CONTENT="per"/><SP WIDTH="15" VPOS="1134" HPOS="498"/>
							<String ID="string_269" HPOS="513" VPOS="1126" WIDTH="54" HEIGHT="22" WC="0.92" CONTENT="liter."/>
						</TextLine>
					</TextBlock>
					<TextBlock ID="block_6" HPOS="137" VPOS="1154" WIDTH="287" HEIGHT="29">
						<TextLine ID="line_31" HPOS="137" VPOS="1154" WIDTH="287" HEIGHT="29">
							<String ID="string_270" HPOS="137" VPOS="1154" WIDTH="47" HEIGHT="21" WC="0.96" CONTENT="Den"/><SP WIDTH="15" VPOS="1154" HPOS="184"/>
							<String ID="string_271" HPOS="199" VPOS="1154" WIDTH="37" HEIGHT="22" WC="0.96" CONTENT="det"/><SP WIDTH="15" VPOS="1154" HPOS="236"/>
							<String ID="string_272" HPOS="251" VPOS="1154" WIDTH="44" HEIGHT="27" WC="0.93" CONTENT="vill,"/><SP WIDTH="16" VPOS="1154" HPOS="295"/>
							<String ID="string_273" HPOS="311" VPOS="1156" WIDTH="68" HEIGHT="20" WC="0.91" CONTENT="röstar"/><SP WIDTH="15" VPOS="1156" HPOS="379"/>
							<String ID="string_274" HPOS="394" VPOS="1156" WIDTH="30" HEIGHT="27" WC="0.96" CONTENT="ja;"/>
						</TextLine>
					</TextBlock>
					<TextBlock ID="block_7" HPOS="68" VPOS="1183" WIDTH="826" HEIGHT="57">
						<TextLine ID="line_32" HPOS="136" VPOS="1183" WIDTH="758" HEIGHT="28">
							<String ID="string_275" HPOS="136" VPOS="1184" WIDTH="75" HEIGHT="20" WC="0.92" CONTENT="vinner"/><SP WIDTH="21" VPOS="1184" HPOS="211"/>
							<String ID="string_276" HPOS="232" VPOS="1184" WIDTH="39" HEIGHT="27" WC="0.96" CONTENT="nej,"/><SP WIDTH="24" VPOS="1184" HPOS="271"/>
							<String ID="string_277" HPOS="295" VPOS="1183" WIDTH="38" HEIGHT="21" WC="0.96" CONTENT="har"/><SP WIDTH="14" VPOS="1183" HPOS="333"/>
							<String ID="string_278" HPOS="347" VPOS="1184" WIDTH="26" HEIGHT="20" WC="0.96" CONTENT="R."/><SP WIDTH="17" VPOS="1184" HPOS="373"/>
							<String ID="string_279" HPOS="390" VPOS="1191" WIDTH="18" HEIGHT="13" WC="0.93" CONTENT="o."/><SP WIDTH="15" VPOS="1191" HPOS="408"/>
							<String ID="string_280" HPOS="423" VPOS="1184" WIDTH="33" HEIGHT="26" WC="0.91" CONTENT="A.,"/><SP WIDTH="24" VPOS="1184" HPOS="456"/>
							<String ID="string_281" HPOS="480" VPOS="1183" WIDTH="49" HEIGHT="21" WC="0.93" CONTENT="med"/><SP WIDTH="23" VPOS="1183" HPOS="529"/>
							<String ID="string_282" HPOS="552" VPOS="1183" WIDTH="159" HEIGHT="28" WC="0.92" CONTENT="godkännande"/><SP WIDTH="23" VPOS="1183" HPOS="711"/>
							<String ID="string_283" HPOS="734" VPOS="1184" WIDTH="24" HEIGHT="21" WC="0.96" CONTENT="af"/><SP WIDTH="22" VPOS="1184" HPOS="758"/>
							<String ID="string_284" HPOS="780" VPOS="1184" WIDTH="40" HEIGHT="21" WC="0.93" CONTENT="den"/><SP WIDTH="25" VPOS="1184" HPOS="820"/>
							<String ID="string_285" HPOS="845" VPOS="1183" WIDTH="49" HEIGHT="21" WC="0.93" CONTENT="näd."/>
						</TextLine>
						<TextLine ID="line_33" HPOS="68" VPOS="1211" WIDTH="551" HEIGHT="29">
							<String ID="string_286" HPOS="68" VPOS="1219" WIDTH="66" HEIGHT="21" WC="0.85" CONTENT="prop.,"/><SP WIDTH="15" VPOS="1219" HPOS="134"/>
							<String ID="string_287" HPOS="149" VPOS="1211" WIDTH="94" HEIGHT="22" WC="0.90" CONTENT="faststält"/><SP WIDTH="15" VPOS="1211" HPOS="243"/>
							<String ID="string_288" HPOS="258" VPOS="1212" WIDTH="85" HEIGHT="21" WC="0.96" CONTENT="skatten"/><SP WIDTH="16" VPOS="1212" HPOS="343"/>
							<String ID="string_289" HPOS="359" VPOS="1212" WIDTH="32" HEIGHT="20" WC="0.96" CONTENT="till"/><SP WIDTH="24" VPOS="1212" HPOS="391"/>
							<String ID="string_290" HPOS="415" VPOS="1214" WIDTH="3" HEIGHT="19" WC="0.94" CONTENT="1"/><SP WIDTH="18" VPOS="1214" HPOS="418"/>
							<String ID="string_291" HPOS="436" VPOS="1212" WIDTH="60" HEIGHT="21" WC="0.96" CONTENT="mark"/><SP WIDTH="16" VPOS="1212" HPOS="496"/>
							<String ID="string_292" HPOS="512" VPOS="1220" WIDTH="38" HEIGHT="20" WC="0.92" CONTENT="per"/><SP WIDTH="15" VPOS="1220" HPOS="550"/>
							<String ID="string_293" HPOS="565" VPOS="1212" WIDTH="54" HEIGHT="22" WC="0.95" CONTENT="liter."/>
						</TextLine>
					</TextBlock>
				</ComposedBlock>
				<ComposedBlock ID="cblock_7" HPOS="68" VPOS="1268" WIDTH="825" HEIGHT="114">
					<TextBlock ID="block_8" HPOS="68" VPOS="1268" WIDTH="825" HEIGHT="114">
						<TextLine ID="line_34" HPOS="137" VPOS="1268" WIDTH="756" HEIGHT="30">
							<String ID="string_294" HPOS="137" VPOS="1268" WIDTH="31" HEIGHT="21" WC="0.90" CONTENT="Pä"/><SP WIDTH="15" VPOS="1268" HPOS="168"/>
							<String ID="string_295" HPOS="183" VPOS="1268" WIDTH="73" HEIGHT="22" WC="0.90" CONTENT="derom"/><SP WIDTH="21" VPOS="1268" HPOS="256"/>
							<String ID="string_296" HPOS="277" VPOS="1268" WIDTH="72" HEIGHT="29" WC="0.90" CONTENT="gjordt"/><SP WIDTH="15" VPOS="1268" HPOS="349"/>
							<String ID="string_297" HPOS="364" VPOS="1269" WIDTH="96" HEIGHT="28" WC="0.90" CONTENT="yrkande"/><SP WIDTH="16" VPOS="1269" HPOS="460"/>
							<String ID="string_298" HPOS="476" VPOS="1269" WIDTH="107" HEIGHT="21" WC="0.92" CONTENT="anstäldes"/><SP WIDTH="17" VPOS="1269" HPOS="583"/>
							<String ID="string_299" HPOS="600" VPOS="1270" WIDTH="69" HEIGHT="20" WC="0.92" CONTENT="sluten"/><SP WIDTH="16" VPOS="1270" HPOS="669"/>
							<String ID="string_300" HPOS="685" VPOS="1270" WIDTH="107" HEIGHT="28" WC="0.92" CONTENT="votering,"/><SP WIDTH="16" VPOS="1270" HPOS="792"/>
							<String ID="string_301" HPOS="808" VPOS="1269" WIDTH="41" HEIGHT="21" WC="0.96" CONTENT="och"/><SP WIDTH="16" VPOS="1269" HPOS="849"/>
							<String ID="string_302" HPOS="865" VPOS="1268" WIDTH="28" HEIGHT="22" WC="0.96" CONTENT="dä"/>
						</TextLine>
						<TextLine ID="line_35" HPOS="68" VPOS="1297" WIDTH="824" HEIGHT="29">
							<String ID="string_303" HPOS="68" VPOS="1299" WIDTH="95" HEIGHT="19" WC="0.91" CONTENT="rösterna"/><SP WIDTH="23" VPOS="1299" HPOS="163"/>
							<String ID="string_304" HPOS="186" VPOS="1297" WIDTH="75" HEIGHT="21" WC="0.90" CONTENT="härvid"/><SP WIDTH="23" VPOS="1297" HPOS="261"/>
							<String ID="string_305" HPOS="284" VPOS="1297" WIDTH="77" HEIGHT="21" WC="0.92" CONTENT="utföllo"/><SP WIDTH="23" VPOS="1297" HPOS="361"/>
							<String ID="string_306" HPOS="384" VPOS="1298" WIDTH="48" HEIGHT="20" WC="0.96" CONTENT="med"/><SP WIDTH="24" VPOS="1298" HPOS="432"/>
							<String ID="string_307" HPOS="456" VPOS="1298" WIDTH="26" HEIGHT="21" WC="0.96" CONTENT="37"/><SP WIDTH="24" VPOS="1298" HPOS="482"/>
							<String ID="string_308" HPOS="506" VPOS="1298" WIDTH="20" HEIGHT="28" WC="0.96" CONTENT="ja"/><SP WIDTH="23" VPOS="1298" HPOS="526"/>
							<String ID="string_309" HPOS="549" VPOS="1298" WIDTH="40" HEIGHT="21" WC="0.96" CONTENT="och"/><SP WIDTH="23" VPOS="1298" HPOS="589"/>
							<String ID="string_310" HPOS="612" VPOS="1298" WIDTH="27" HEIGHT="21" WC="0.96" CONTENT="20"/><SP WIDTH="23" VPOS="1298" HPOS="639"/>
							<String ID="string_311" HPOS="662" VPOS="1298" WIDTH="40" HEIGHT="28" WC="0.96" CONTENT="nej,"/><SP WIDTH="17" VPOS="1298" HPOS="702"/>
							<String ID="string_312" HPOS="719" VPOS="1298" WIDTH="54" HEIGHT="21" WC="0.97" CONTENT="hade"/><SP WIDTH="17" VPOS="1298" HPOS="773"/>
							<String ID="string_313" HPOS="790" VPOS="1298" WIDTH="24" HEIGHT="22" WC="0.96" CONTENT="R."/><SP WIDTH="16" VPOS="1298" HPOS="814"/>
							<String ID="string_314" HPOS="830" VPOS="1305" WIDTH="19" HEIGHT="14" WC="0.92" CONTENT="o."/><SP WIDTH="16" VPOS="1305" HPOS="849"/>
							<String ID="string_315" HPOS="865" VPOS="1298" WIDTH="27" HEIGHT="21" WC="0.97" CONTENT="A."/>
						</TextLine>
						<TextLine ID="line_36" HPOS="69" VPOS="1326" WIDTH="823" HEIGHT="29">
							<String ID="string_316" HPOS="69" VPOS="1326" WIDTH="86" HEIGHT="21" WC="0.91" CONTENT="beslutit"/><SP WIDTH="15" VPOS="1326" HPOS="155"/>
							<String ID="string_317" HPOS="170" VPOS="1326" WIDTH="106" HEIGHT="21" WC="0.93" CONTENT="fastställa"/><SP WIDTH="17" VPOS="1326" HPOS="276"/>
							<String ID="string_318" HPOS="293" VPOS="1326" WIDTH="338" HEIGHT="28" WC="0.92" CONTENT="bränvinstillverkningsskatten"/><SP WIDTH="16" VPOS="1326" HPOS="631"/>
							<String ID="string_319" HPOS="647" VPOS="1327" WIDTH="31" HEIGHT="21" WC="0.96" CONTENT="till"/><SP WIDTH="22" VPOS="1327" HPOS="678"/>
							<String ID="string_320" HPOS="700" VPOS="1328" WIDTH="2" HEIGHT="20" WC="0.96" CONTENT="1"/><SP WIDTH="15" VPOS="1328" HPOS="702"/>
							<String ID="string_321" HPOS="717" VPOS="1327" WIDTH="59" HEIGHT="21" WC="0.97" CONTENT="mark"/><SP WIDTH="12" VPOS="1327" HPOS="776"/>
							<String ID="string_322" HPOS="788" VPOS="1328" WIDTH="27" HEIGHT="20" WC="0.97" CONTENT="20"/><SP WIDTH="11" VPOS="1328" HPOS="815"/>
							<String ID="string_323" HPOS="826" VPOS="1327" WIDTH="66" HEIGHT="28" WC="0.96" CONTENT="penni"/>
						</TextLine>
						<TextLine ID="line_37" HPOS="68" VPOS="1354" WIDTH="107" HEIGHT="28">
							<String ID="string_324" HPOS="68" VPOS="1362" WIDTH="38" HEIGHT="20" WC="0.92" CONTENT="per"/><SP WIDTH="15" VPOS="1362" HPOS="106"/>
							<String ID="string_325" HPOS="121" VPOS="1354" WIDTH="54" HEIGHT="21" WC="0.88" CONTENT="liter."/>
						</TextLine>
					</TextBlock>
				</ComposedBlock>
				<ComposedBlock ID="cblock_8" HPOS="68" VPOS="1428" WIDTH="825" HEIGHT="86">
					<TextBlock ID="block_9" HPOS="68" VPOS="1428" WIDTH="825" HEIGHT="86">
						<TextLine ID="line_38" HPOS="136" VPOS="1428" WIDTH="757" HEIGHT="29">
							<String ID="string_326" HPOS="136" VPOS="1428" WIDTH="66" HEIGHT="21" WC="0.93" CONTENT="Emot"/><SP WIDTH="15" VPOS="1428" HPOS="202"/>
							<String ID="string_327" HPOS="217" VPOS="1428" WIDTH="175" HEIGHT="22" WC="0.93" CONTENT="Statsutskottets"/><SP WIDTH="16" VPOS="1428" HPOS="392"/>
							<String ID="string_328" HPOS="408" VPOS="1429" WIDTH="28" HEIGHT="28" WC="0.97" CONTENT="pä"/><SP WIDTH="16" VPOS="1429" HPOS="436"/>
							<String ID="string_329" HPOS="452" VPOS="1429" WIDTH="39" HEIGHT="21" WC="0.96" CONTENT="sid."/><SP WIDTH="17" VPOS="1429" HPOS="491"/>
							<String ID="string_330" HPOS="508" VPOS="1430" WIDTH="11" HEIGHT="20" WC="0.93" CONTENT="5"/><SP WIDTH="16" VPOS="1430" HPOS="519"/>
							<String ID="string_331" HPOS="535" VPOS="1429" WIDTH="74" HEIGHT="28" WC="0.92" CONTENT="gjorda"/><SP WIDTH="18" VPOS="1429" HPOS="609"/>
							<String ID="string_332" HPOS="627" VPOS="1430" WIDTH="142" HEIGHT="27" WC="0.93" CONTENT="beräkningar"/><SP WIDTH="15" VPOS="1430" HPOS="769"/>
							<String ID="string_333" HPOS="784" VPOS="1429" WIDTH="109" HEIGHT="21" WC="0.92" CONTENT="framstäl-"/>
						</TextLine>
						<TextLine ID="line_39" HPOS="68" VPOS="1456" WIDTH="824" HEIGHT="30">
							<String ID="string_334" HPOS="68" VPOS="1457" WIDTH="38" HEIGHT="21" WC="0.92" CONTENT="des"/><SP WIDTH="16" VPOS="1457" HPOS="106"/>
							<String ID="string_335" HPOS="122" VPOS="1456" WIDTH="48" HEIGHT="22" WC="0.92" CONTENT="icke"/><SP WIDTH="17" VPOS="1456" HPOS="170"/>
							<String ID="string_336" HPOS="187" VPOS="1456" WIDTH="70" HEIGHT="28" WC="0.91" CONTENT="nägon"/><SP WIDTH="16" VPOS="1456" HPOS="257"/>
							<String ID="string_337" HPOS="273" VPOS="1457" WIDTH="146" HEIGHT="28" WC="0.91" CONTENT="anmärkning,"/><SP WIDTH="17" VPOS="1457" HPOS="419"/>
							<String ID="string_338" HPOS="436" VPOS="1462" WIDTH="50" HEIGHT="16" WC="0.93" CONTENT="utan"/><SP WIDTH="18" VPOS="1462" HPOS="486"/>
							<String ID="string_339" HPOS="504" VPOS="1458" WIDTH="72" HEIGHT="21" WC="0.89" CONTENT="blefvo"/><SP WIDTH="16" VPOS="1458" HPOS="576"/>
							<String ID="string_340" HPOS="592" VPOS="1458" WIDTH="108" HEIGHT="21" WC="0.91" CONTENT="desamma"/><SP WIDTH="16" VPOS="1458" HPOS="700"/>
							<String ID="string_341" HPOS="716" VPOS="1458" WIDTH="28" HEIGHT="28" WC="0.96" CONTENT="pä"/><SP WIDTH="15" VPOS="1458" HPOS="744"/>
							<String ID="string_342" HPOS="759" VPOS="1458" WIDTH="33" HEIGHT="21" WC="0.93" CONTENT="Hr"/><SP WIDTH="16" VPOS="1458" HPOS="792"/>
							<String ID="string_343" HPOS="808" VPOS="1457" WIDTH="84" HEIGHT="22" WC="0.90" CONTENT="Landt-"/>
						</TextLine>
						<TextLine ID="line_40" HPOS="68" VPOS="1485" WIDTH="457" HEIGHT="29">
							<String ID="string_344" HPOS="68" VPOS="1485" WIDTH="147" HEIGHT="22" WC="0.92" CONTENT="marskalkens"/><SP WIDTH="15" VPOS="1485" HPOS="215"/>
							<String ID="string_345" HPOS="230" VPOS="1486" WIDTH="158" HEIGHT="28" WC="0.93" CONTENT="framställning"/><SP WIDTH="15" VPOS="1486" HPOS="388"/>
							<String ID="string_346" HPOS="403" VPOS="1486" WIDTH="122" HEIGHT="28" WC="0.91" CONTENT="godkända."/>
						</TextLine>
					</TextBlock>
				</ComposedBlock>
			</PrintSpace>
		</Page>
	</Layout>
</alto>
