1081 1739
198 121 41 20 232
464 128 25 16 R.
502 132 17 12 o.
532 128 25 16 A.
571 127 60 18 1908.
655 128 28 17 26
695 128 68 20 April.

199 195 74 22 vidare
298 195 103 22 afhandla
426 196 229 21 hamnförhållandena
678 197 4 20 i
707 196 76 21 Kaskö
809 196 40 21 och
875 196 151 25 Kristinestad,

198 224 70 21 skulle
291 225 34 28 jag
348 225 49 28 vilja
414 227 51 26 säga
489 225 65 28 några
578 225 38 21 ord
633 233 33 13 om
683 225 27 21 de
726 225 79 26 kartor,
820 232 45 14 som
883 225 70 21 blifvit
969 225 57 20 inom

201 253 93 20 Ståndet
317 253 105 21 utdelade.
452 253 32 22 På
507 253 40 21 den
569 261 46 16 ena,
631 254 20 21 d.
667 261 19 14 v.
701 262 16 13 s.
733 254 41 21 den
791 261 45 14 som
853 253 84 28 åtföljer
953 253 74 21 betän-

198 281 82 21 kandet
295 281 40 22 och
352 282 37 21 der
405 281 73 22 hafvet
493 283 23 20 är
527 282 108 28 färglagdt
645 284 62 27 grönt
717 296 25 2 —
752 282 93 21 affattad
856 283 5 20 i
870 283 99 27 temligen
982 286 45 17 stor

198 309 60 22 skala
283 317 44 14 som
344 310 40 21 den
401 312 23 19 är
440 324 25 2 —
482 311 37 20 har
535 311 76 21 Kaskö
627 311 44 21 helt
687 311 40 22 och
745 311 66 21 hållet
827 311 143 26 bortlemnats,
986 310 41 22 och

199 339 109 21 dessutom
324 341 37 19 äro
384 339 37 21 här
436 340 31 20 ref
490 339 40 22 och
546 339 111 22 blindskär
680 340 47 21 icke
743 340 39 21 alls
799 340 94 27 angifna,
909 340 117 27 hvarjemte

199 375 25 13 en
242 367 35 21 del
292 375 103 14 remmare
411 368 146 22 bortlemnats.
587 368 88 21 Således
691 369 71 27 gifver
778 368 42 21 den
835 369 48 20 icke
899 368 69 28 någon
983 368 44 21 bild

199 396 23 21 af
233 396 26 21 de
272 396 94 28 verkliga
382 396 161 21 förhållandena
558 397 87 21 utanför
660 397 154 21 Kristinestad.
839 397 101 21 Tvärtom
957 397 69 21 skulle

199 432 25 13 en
249 432 84 20 person,
355 432 45 14 som
423 425 48 21 icke
494 427 23 19 är
539 425 81 21 bekant
640 426 47 20 med
704 425 221 21 lokalförhållandena
940 425 87 21 utanför

198 453 155 25 Kristinestad,
376 454 70 20 kunna
471 458 32 16 tro
519 457 31 17 att
573 454 118 21 farvattnet
711 454 38 21 der
765 456 23 18 är
804 454 88 21 alldeles
909 454 60 26 klart,
985 454 41 21 och

199 482 117 20 emellertid
340 484 23 18 är
387 482 96 28 inloppet
506 482 27 28 på
549 490 25 14 en
599 483 85 21 sträcka
699 483 24 21 af
739 484 54 20 104
811 484 23 20 11
853 483 68 28 sjömil
937 482 88 21 alldeles

198 510 50 21 fullt
272 510 22 21 af
316 510 115 26 blindskär,
448 512 75 20 mellan
548 512 72 20 hvilka
643 512 97 27 seglaren
758 512 68 20 måste
841 512 52 20 söka
909 512 32 27 sig
957 512 20 20 in
994 511 31 21 till

198 539 153 21 Kristinestad.
383 540 46 20 Den
455 540 66 21 andra
547 540 82 26 kartan,
651 540 107 28 nämligen
785 540 48 26 den,
856 540 38 21 der
916 540 72 20 landet
1003 542 23 18 är

198 568 110 28 färglagdt
323 568 47 21 med
393 568 52 28 gult,
461 569 37 21 har
521 568 64 22 äfven
602 569 41 21 den
659 570 46 20 sina
722 570 82 25 brister,
821 576 46 14 men
883 569 71 27 gifver
969 568 55 22 dock

200 604 25 13 en
242 596 70 21 bättre
336 596 148 29 föreställning
499 605 34 13 om
557 597 254 29 inloppsförhållandena,
829 597 54 21 både
899 598 31 20 till
946 597 80 21 Kristi-

198 625 74 21 nestad
300 625 39 21 och
363 626 81 20 Kaskö.
477 626 110 22 Utskottet
610 628 62 26 säger
695 626 27 28 på
745 626 40 21 sid.
809 627 40 21 30:
875 626 86 21 »Ehuru
985 626 41 22 Ut-

199 654 82 20 skottet
304 654 27 28 på
353 654 90 21 anförda
459 655 45 21 skäl
521 655 47 21 icke
587 655 41 21 kan
645 655 89 21 tillmäta
751 655 139 28 hamnfrågan
908 655 69 27 någon
994 654 32 21 af-

198 682 96 28 görande
311 683 116 28 betydelse,
443 684 38 20 har
497 683 112 22 Utskottet
625 684 66 20 likväl
707 687 71 17 ansett
793 685 32 27 sig
838 684 51 21 böra
901 683 125 21 införskaffa

198 718 26 14 en
249 711 106 29 möjligast
379 712 125 28 fullständig
527 712 40 21 och
591 712 48 21 fullt
662 712 95 28 opartisk
781 713 115 27 utredning
919 712 22 21 af
956 712 70 21 denna

199 739 68 28 fråga,
283 740 88 21 emedan
395 740 36 21 det
447 744 72 25 syntes
534 741 114 25 sannolikt,
664 744 31 18 att
711 742 41 20 den
769 741 36 21 vid
822 741 129 28 föregående
967 742 59 20 stän-

199 768 110 21 dermöten
335 769 125 27 framhäfda,
486 770 22 20 af
533 770 101 27 gammalt
661 770 98 20 inrotade
789 770 174 28 föreställningen
992 777 33 13 om

198 796 77 22 Kaskö
298 797 74 21 hamns
395 798 106 21 utmärkta
524 798 122 21 försträden
670 798 64 21 äfven
752 799 96 20 kommer
863 801 30 18 att
910 798 116 21 framträda

199 825 35 21 vid
252 826 70 20 denna
339 826 119 28 landtdag.»
489 826 54 22 Utaf
559 827 26 21 de
601 828 50 20 sista
669 827 65 21 orden
752 827 72 21 kunde
841 835 47 13 man
904 827 22 20 få
942 826 36 21 det
994 828 32 19 in-

198 854 72 28 tryck,
294 858 31 17 att
347 855 176 28 föreställningen
546 863 33 13 om
603 856 27 20 de
653 856 107 20 utmärkta
777 855 247 21 hamnförhållandena
1012 850 15 37 i

199 882 77 22 Kaskö
298 883 69 21 skulle
391 892 50 12 vara
465 886 74 19 nästan
563 892 25 13 en
612 884 78 22 fantasi
715 884 40 22 och
780 888 31 17 att
833 884 74 21 Kaskö
923 884 38 20 alls
978 884 48 21 icke

198 911 70 21 skulle
281 919 50 14 vara
347 920 26 13 en
396 912 23 21 så
435 913 166 28 utomordentlig
619 913 120 28 hamnplats
755 914 70 20 såsom
838 912 86 29 påstädt
947 912 79 22 blifvit.

198 939 52 21 Men
267 940 162 21 förhållandena
445 943 42 24 äro,
502 942 68 20 skulle
586 942 35 27 jag
637 942 49 27 vilja
703 941 68 28 påstå,
787 942 50 20 raka
853 945 122 17 motsatsen.

268 968 32 21 På
315 976 79 14 samma
411 971 43 20 sätt
469 971 60 26 säger
545 969 113 22 Utskottet
674 970 79 25 vidare,
770 973 30 18 att
816 970 36 21 det
863 969 65 21 första
940 969 86 21 hindret

198 997 34 20 för
248 1000 32 17 ett
302 997 73 21 säkert
390 998 41 21 och
451 998 51 27 godt
519 999 72 28 inlopp
608 999 31 20 till
655 998 147 22 Kristinestad
820 999 67 27 ligger
902 997 35 22 vid
954 997 72 22 Härk-

199 1026 52 20 meri
268 1025 48 27 båk,
331 1026 87 21 hvarest
441 1027 94 20 farleden
551 1029 39 26 gör
605 1027 38 21 två
659 1027 26 28 på
701 1027 121 21 hvarandra
839 1027 94 28 följande
949 1027 78 28 skarpa

198 1054 137 28 krökningar.
368 1055 50 20 Men
435 1055 58 21 detta
509 1057 22 19 är
555 1059 31 17 ett
609 1057 94 27 misstag,
718 1060 23 23 ty
764 1056 45 20 förr
824 1057 26 19 än
868 1063 47 13 man
932 1055 95 21 kommer

199 1082 31 20 till
247 1082 114 22 Härkmeri
376 1083 41 21 båk
439 1084 38 21 har
492 1091 48 14 man
557 1088 31 17 att
604 1092 85 20 passera
706 1092 25 13 en
749 1085 100 27 temligen
866 1083 50 22 svår
928 1083 66 21 infart
1005 1083 22 22 af

198 1112 13 19 4
229 1111 48 21 mils
293 1111 70 28 längd.
393 1112 63 21 Efter
476 1112 114 21 Härkmeri
614 1113 41 20 båk
671 1115 23 18 är
709 1113 96 20 farleden
822 1113 87 20 alldeles
925 1113 46 20 klar
986 1112 41 21 och

197 1139 39 20 rak
260 1141 62 26 säger
346 1140 116 22 Utskottet.
493 1141 44 21 Det
559 1143 23 19 är
605 1141 65 21 äfven
693 1145 31 17 ett
748 1142 94 27 misstag,
859 1144 22 25 ty
898 1142 63 19 innan
978 1149 48 12 man

198 1168 96 21 kommer
309 1169 32 20 till
357 1169 146 22 Kristinestad
525 1171 38 26 gör
579 1170 95 21 farleden
691 1170 43 25 två,
752 1170 67 21 ehuru
835 1170 86 27 mycket
937 1169 90 28 obetyd-

198 1196 42 28 liga
264 1197 135 28 krökningar.
430 1197 42 28 Jag
494 1198 95 28 påpekar
612 1198 59 21 detta
689 1199 109 25 särskildt,
815 1199 88 20 emedan
919 1198 37 21 det
971 1199 56 20 varit

197 1225 62 27 fråga
284 1233 33 13 om
341 1225 113 29 belysning
476 1227 23 20 af
519 1227 103 21 farleden.
651 1227 44 21 För
714 1227 75 28 hvarje
806 1227 53 20 krök
875 1226 105 22 behöfdes
996 1230 31 17 ett

197 1261 39 20 par
251 1253 59 28 fyrar
332 1255 38 20 till.
400 1255 59 21 Utan
475 1258 30 18 att
528 1256 50 27 vilja
594 1255 49 28 ingå
658 1256 5 20 i
680 1255 65 28 detalj
767 1256 42 20 kan
824 1256 35 27 jag
874 1255 106 26 meddela,
996 1258 31 18 att

197 1282 37 21 det
250 1282 34 21 för
300 1283 125 28 belysandet
441 1284 23 20 af
479 1284 70 21 denna
565 1284 67 21 farled
650 1284 36 21 vid
702 1284 148 22 Kristinestad
863 1284 68 21 skulle
942 1283 84 22 fordras

197 1311 65 20 minst
279 1312 31 25 12,
326 1319 34 13 om
377 1313 18 26 ej
413 1313 27 20 14
455 1312 62 28 fyrar,
532 1313 23 20 af
570 1313 73 21 hvilka
656 1313 27 20 de
696 1316 31 18 tre
744 1313 53 20 sista
813 1320 65 21 paren
895 1312 66 21 måste
976 1320 50 14 vara

197 1339 107 28 uppförda
327 1340 27 27 på
377 1343 31 18 ett
430 1341 159 28 jemförelsevis'
606 1342 46 20 litet
667 1341 88 21 område
771 1354 26 3 —
814 1341 20 21 d.
850 1349 19 13 v.
885 1349 16 13 s.
916 1341 88 21 alldeles
1020 1342 6 19 i

198 1367 103 22 närheten
317 1369 23 20 af
362 1369 76 21 staden
455 1383 32 12 —,
502 1369 137 28 hvarigenom
663 1377 47 14 man
727 1370 40 20 lätt
790 1369 71 22 kunde
877 1369 97 22 förvexla
990 1369 37 22 det

197 1403 40 14 ena
255 1401 61 23 paret
331 1397 48 21 med
395 1397 37 22 det
448 1398 65 21 andra
529 1399 35 20 vid
580 1399 139 27 inseglingen,
735 1398 40 21 och
792 1398 73 21 derför
880 1401 44 18 tror
939 1399 41 27 jag,
996 1401 31 18 att

197 1424 27 21 de
246 1428 34 17 tre
302 1426 52 20 sista
377 1434 65 20 paren
462 1427 57 28 fyrar
541 1429 36 18 äro
601 1427 87 21 alldeles
709 1427 101 28 omöjliga
827 1430 31 17 att
873 1426 154 22 åstadkomma.

198 1453 46 21 Vill
263 1461 48 14 man
327 1462 28 13 nu
371 1454 46 21 äter
438 1455 22 21 fä
475 1463 26 13 en
516 1455 43 27 god
576 1455 74 26 farled,
666 1455 23 21 sä
705 1455 69 21 mäste
790 1455 129 21 ätminstone
935 1455 38 20 tvä
988 1463 39 12 un-

198 1481 195 29 dervattensgrund
418 1483 133 21 bortskaffas.
581 1484 41 27 Jag
641 1484 41 20 kan
701 1484 47 20 icke
765 1490 36 14 ens
818 1484 138 20 närmelsevis
973 1490 54 21 upp-

196 1510 63 27 gifva
282 1511 143 21 kostnaderna
449 1512 34 20 för
503 1515 30 18 ett
556 1512 76 21 sädant
654 1512 80 25 arbete,
751 1519 48 13 men
816 1513 6 19 i
838 1512 41 20 alla
897 1512 38 20 fall
951 1513 24 19 är
990 1511 37 21 det
