1075 1734
355 113 223 33 Folkskolebudgeten
841 114 39 21 105

125 189 56 22 Frih.
197 196 56 14 von
273 189 142 21 Alfthan:
438 188 42 22 Till
496 189 81 21 antalet
592 188 23 21 af
630 188 27 21 de
672 189 152 25 institutioner,
835 196 45 13 som

56 217 34 21 Hr
105 219 104 20 Norrm6n
224 218 125 27 uppräknat,
365 218 69 21 skulle
449 218 35 27 jag
500 218 51 27 vilja
561 220 116 25 yttermera
689 218 62 27 lägga
762 217 60 26 en,
802 213 18 36 d.
834 224 18 14 v.
864 224 16 14 s.

57 246 26 21 de
99 246 65 28 högre
179 246 194 26 arbetarkurserna,
389 246 57 26 eller,
457 254 45 12 som
519 247 19 20 vi
556 246 60 21 skola
632 246 89 28 hoppas,
732 246 26 20 de
770 245 110 21 blifvande

56 275 195 21 arbetarinstituten
267 275 5 19 i
288 274 106 22 städerna.
424 274 201 28 Folkhögskolorna
641 282 28 20 pä
684 274 74 21 landet
774 277 106 18 motsvara

57 304 120 27 egentligen
200 310 57 14 mera
279 303 41 21 den
345 311 71 13 vuxna
440 303 225 27 landtbefolkningens
689 303 66 21 behof
774 303 22 21 af
815 302 65 28 högre

57 332 158 27 undervisning,
229 331 40 21 och
284 332 58 20 detta
359 332 65 21 behof
440 332 68 20 måste
524 332 33 21 väl
574 332 5 20 i
596 332 100 20 städerna
711 331 126 28 tillgodoses
853 330 28 29 pä

56 360 66 28 nägot
138 364 63 17 annat
213 362 46 24 sätt,
271 362 93 20 närmast
375 362 6 19 i
392 360 55 21 form
458 360 23 21 af
492 361 175 20 arbetarinstitut.
690 360 43 21 Om
745 360 63 21 dessa
820 360 60 21 skola

57 389 70 21 kunna
140 389 65 21 blifva
217 389 48 21 fullt
278 390 88 27 nyttiga,
380 390 134 20 verksamma
528 392 137 25 permanenta
677 389 109 25 anstalter,
797 389 84 21 komma

57 417 26 21 de
98 421 32 17 att
150 418 67 20 blifva
235 418 80 27 ganska
335 418 97 27 dyrbara,
450 422 22 23 ty
494 418 26 20 de
539 418 67 20 mäste
621 418 66 20 hafva
703 425 26 13 en
746 417 135 27 förstklassig

56 446 167 28 lärarepersona!
242 446 39 21 och
297 447 6 20 i
319 446 66 27 öfrigt
404 449 95 18 utrustas
521 446 47 21 med
592 446 97 28 lämpligt
704 446 177 27 undervisnings-

56 475 102 20 material.
188 475 74 20 Också
281 475 133 27 lokalfrägan
437 475 39 20 blir
493 476 5 19 i
512 475 98 20 städerna
637 482 26 13 en
681 475 83 27 ganska
788 475 92 20 kostsam

56 503 68 27 fråga.
155 503 76 21 Derför
253 503 60 21 torde
334 504 74 27 anslag
430 504 34 20 för
486 503 61 21 dessa
571 504 140 27 inrättningar
735 503 45 21 från
800 506 81 17 statens

57 531 46 21 sida
123 539 50 14 vara
193 533 64 20 minst
275 532 42 20 lika
337 532 128 21 motiveradt
482 539 44 14 som
543 533 34 19 för
593 532 27 21 de
636 532 91 27 tidigare
744 531 138 29 uppräknade

57 560 132 26 ändamälen,
205 561 27 27 pä
247 561 36 20 det
299 564 31 17 att
346 561 47 21 icke
410 561 163 20 kommunernas
585 561 64 20 redan
665 568 28 13 nu
705 561 81 27 ganska
800 561 82 26 strängt

58 589 92 21 anlitade
174 589 104 28 budgeter
301 589 65 22 mätte
390 589 68 21 blifva
482 589 34 21 för
535 589 58 21 detta
612 589 98 21 ändamäl
727 590 5 19 i
748 589 73 21 alltför
840 589 42 26 hög

57 617 52 28 grad
134 618 137 27 engagerade.
301 618 42 27 Jag
365 618 69 21 skulle
457 618 70 27 bedja,
545 621 32 18 att
598 617 166 22 Statsutskottet
780 617 49 21 ville
845 617 35 21 vid

58 646 147 28 uppgörandet
227 647 22 20 af
272 647 31 20 sin
326 647 73 28 kalkyl
415 650 50 24 taga
481 647 64 20 äfven
562 647 70 20 denna
648 645 160 29 omständighet
823 647 5 20 i
846 645 36 21 be-

57 675 119 21 traktande.

128 732 33 21 Hr
175 732 65 28 Björn
283 732 148 21 Schauman
455 733 144 21 understödde
616 732 32 21 Hr
664 732 117 21 Norrméns
798 731 85 28 förslag.

128 818 70 21 Sedan
215 818 85 21 härmed
317 818 41 21 den
371 819 105 20 allmänna
488 818 150 21 diskussionen
650 819 7 20 i
669 817 141 22 förevarande
821 817 61 27 fräga

58 847 114 21 förklarats
194 847 91 21 afslutad
303 847 39 21 och
364 847 34 21 Hr
422 847 206 21 Landtmarskalken
653 847 99 28 påpekat,
770 849 31 18 att
816 845 66 28 enligt

58 875 54 22 hans
128 876 138 28 uppfattning
281 876 36 21 det
333 876 22 20 af
373 876 31 20 Hr
421 876 104 21 Norrmen
542 878 78 18 väckta
631 876 103 27 förslaget
745 876 47 20 icke
804 874 79 22 uteslöt

59 904 196 28 detaljbehandling
270 905 22 20 af
303 904 149 28 föreliggande
473 904 140 25 betänkande,
630 907 50 18 utan
693 904 77 21 endast
786 911 50 13 vore
852 906 32 18 att

60 932 106 22 betraktas
192 933 69 21 säsom
285 937 31 17 ett
338 933 174 27 tilläggsförslag,
537 933 82 21 hvilket
649 933 54 21 efter
728 932 155 22 betänkandets

58 961 161 28 genomgäende
235 962 82 20 komme
333 965 32 17 att
380 966 61 23 tagas
457 962 68 20 under
540 961 107 28 pröfning,
663 962 111 27 öfvergick
791 961 25 21 R.
828 968 17 13 o.
857 960 26 20 A.

59 990 32 20 till
106 990 196 28 detaljeranskning
317 991 23 20 af
357 990 152 21 betänkandet.

128 1046 84 22 Härvid
230 1047 71 21 blefvo
317 1047 123 22 Utskottets
456 1048 210 26 resolutionsförslag
686 1048 27 27 pä
728 1047 54 21 sidd.
793 1048 13 20 4
819 1046 40 21 och
871 1046 12 20 5

60 1078 54 18 samt
129 1076 28 27 pä
172 1076 45 20 öfre
233 1076 61 21 delen
311 1076 22 21 af
349 1076 38 21 sid.
404 1078 12 19 6
432 1079 51 18 utan
500 1076 121 21 diskussion
634 1076 121 28 godkända.

131 1132 32 21 Dä
183 1132 94 22 derefter
293 1134 5 20 i
317 1134 92 27 ordning
428 1133 111 27 föredrogs
557 1133 176 21 Statsutskottets
749 1132 83 28 förslag
848 1139 37 13 ne-

60 1161 58 21 derst
140 1161 28 28 pä
190 1161 38 21 sid.
241 1162 12 20 6
271 1164 44 18 »att
333 1162 120 21 Ständerna
469 1162 50 20 ville
534 1162 33 20 till
583 1162 116 20 understöd
715 1162 21 20 ät
752 1161 61 28 sjuka
828 1160 57 21 folk-

60 1190 114 20 skollärare
197 1190 40 21 och
260 1190 118 21 lärarinnor
400 1190 32 21 för
455 1191 49 20 ären
530 1191 55 20 1906
609 1190 40 21 och
673 1191 53 20 1907
751 1190 79 27 bevilja
854 1192 31 17 ett

60 1218 74 28 anslag
149 1219 23 20 af
188 1220 88 24 110,000
293 1220 81 24 mark»,
388 1219 85 28 yttrade

128 1275 34 21 Hr
177 1276 74 21 Alexis
267 1276 211 27 Gripenberg:
501 1276 49 21 Just
565 1276 46 21 före
621 1276 105 21 klämmen
738 1276 68 20 finnas
819 1274 66 27 nägra

59 1303 68 27 rader,
149 1311 45 14 som
217 1306 36 19 äro
276 1304 144 26 kursiverade,
444 1304 41 21 och
508 1304 36 21 det
566 1305 61 20 torde
648 1304 25 21 ha
690 1305 56 20 varit
761 1304 123 21 Utskottets

60 1333 85 26 mening
160 1335 31 18 att
207 1332 106 21 desamma
329 1333 69 20 skulle
413 1333 69 21 blifva
500 1333 89 21 föremäl
605 1333 34 20 för
655 1333 102 20 särskildt
773 1332 75 21 beslut.

128 1388 34 21 Hr
183 1389 221 21 Landtmarskalkens
428 1389 49 21 med
500 1389 114 28 anledning
636 1389 61 22 häraf
718 1390 32 21 till
774 1389 25 21 R.
820 1396 19 13 o.
861 1388 25 21 A.

59 1417 83 21 riktade
163 1417 65 28 fräga,
248 1417 104 22 huruvida
374 1418 92 21 Ständet
487 1419 49 20 ville
557 1418 50 28 ingä
629 1419 5 20 i
655 1418 101 28 pröfning
775 1418 65 20 äfven
864 1416 22 21 af

60 1445 58 22 detta
134 1446 47 21 med
199 1447 71 20 kursiv
287 1446 35 21 stil
338 1447 124 20 markerade
481 1446 110 21 uttalande
607 1447 23 20 af
640 1446 171 26 Statsutskottet,
827 1447 59 19 näm-

59 1475 57 27 ligen
134 1478 42 17 vatt
191 1475 6 20 i
214 1475 93 20 särdeles
323 1475 114 20 ömmande
453 1475 42 27 fall,
511 1475 55 21 efter
581 1475 233 28 Skolöfverstyrelsens
826 1473 60 29 pröf-

60 1503 56 28 ning,
142 1503 115 21 understöd
281 1503 71 21 kunde
376 1503 175 28 tillgodokomma
574 1503 160 21 folkskollärare
759 1503 65 21 äfven
850 1501 35 22 vid
