1078 1739
183 112 41 21 238
458 119 23 16 R.
494 124 18 11 o.
525 119 26 17 A.
563 119 60 17 1906.
641 119 27 17 26
680 119 68 20 April.

253 186 52 21 Med
329 187 80 27 hänsyn
432 187 31 20 till
488 187 81 21 banans
592 187 95 28 riktning
704 187 48 21 frän
770 187 122 28 Kauhajoki
910 189 100 23 vesterut,

183 223 64 20 synes
271 216 44 27 mig
337 216 158 20 reservationen
515 215 41 22 N:o
573 217 12 20 6
601 223 39 20 ega
656 215 107 22 företräde
780 214 90 23 framför
886 215 124 22 Utskottets

183 243 142 22 betänkande.
355 243 65 21 Hvad
441 244 102 27 beträffar
567 244 41 21 den
625 245 22 20 af
663 248 161 17 reservanterna
841 243 111 29 påpekade
968 243 42 21 till-

184 272 108 28 ökningen
315 273 5 20 i
342 272 118 22 kostnaden
478 273 34 20 för
527 273 210 26 Ostermarkslinien,
753 280 26 13 en
796 273 45 21 half
857 273 71 28 miljon
945 272 65 26 mark,

183 309 64 42 PV
263 301 40 21 den
321 301 46 21 icke
384 301 26 21 ha
419 301 30 27 sä
464 302 85 27 mycket
566 305 29 17 att
613 302 83 27 betyda,
712 301 40 22 och
763 301 57 21 hvad
832 301 66 28 angär
911 301 97 28 pästäen-

199 333 21 17 et
235 329 13 21 &
264 330 39 21 sid.
318 331 33 24 63,
367 333 30 18 att
413 330 207 21 Ostermarksbanan
637 331 30 20 till
683 331 32 20 sin
732 334 72 17 vestra
820 330 33 21 del
869 330 39 27 gär
922 329 24 22 sä
960 331 50 19 nära

184 358 84 26 kusten,
283 361 32 18 att
330 358 40 21 den
387 359 46 21 icke
449 360 6 19 i
472 359 106 28 väsentlig
594 359 47 21 män
658 359 98 21 influerar
772 359 27 28 pä
814 359 27 21 de
858 359 69 20 lokala
938 358 72 21 trafik-

183 387 168 27 förhällandena,
375 387 71 21 hvilka
470 387 37 21 allt
526 387 184 28 fortsättningsvis
726 388 85 20 komma
827 390 32 18 att
874 387 70 21 direkt
960 387 50 20 bero

183 415 23 21 af
221 415 164 21 hamnstäderna
401 416 40 20 och
458 416 60 21 deras
536 416 288 26 vattenkommunikationer,
839 416 24 20 sä
874 416 41 20 kan
927 416 35 27 jag
973 415 36 20 vid

183 444 158 28 granskningen
365 444 22 21 af
410 444 40 21 den
474 444 117 28 ätföljande
616 444 73 22 kartan
709 444 48 22 icke
773 444 68 22 förstä
857 444 64 21 detta.
951 444 59 20 Mest

183 472 91 28 betyder
289 473 41 24 det,
346 477 31 17 att
394 473 191 28 bansträckningen
602 473 62 29 följer
679 473 41 21 den
736 473 70 28 gamla
819 472 131 28 landsvägen
962 472 48 21 från

184 501 125 28 Kauhajoki
326 505 94 17 vesterut
436 502 40 21 och
492 502 89 21 sälunda
598 502 34 21 väl
646 502 39 28 gär
699 510 77 20 genom
792 502 27 21 de
831 505 53 18 mest
896 500 113 22 befolkade

183 530 116 21 trakterna.
329 530 42 21 Det
387 530 89 22 oaktadt
490 531 69 21 skulle
574 532 35 27 jag
625 530 55 22 dock
696 531 74 21 förena
786 531 44 27 mig
841 538 34 13 om
885 530 124 22 Utskottets

184 558 136 22 betänkande
336 560 5 20 i
357 559 65 21 tanke
438 562 30 18 att
484 559 123 28 derigenom
625 560 98 28 möjligen
735 559 121 21 underlätta
867 559 142 28 uppkomsten

183 587 23 21 af
221 588 158 20 ständerbeslut
395 595 33 13 om
444 588 212 28 Sydösterbottniska
672 588 76 21 banan.
773 587 160 22 Hufvudsaken
946 589 22 19 är
978 590 32 18 att

181 616 23 20 fä
227 624 26 12 en
278 616 64 21 sädan
365 617 89 27 jernväg
474 616 31 21 till
528 616 70 27 ständ,
621 617 35 21 det
680 616 89 29 betyder
789 616 66 22 sedan
871 616 89 26 mindre,
975 623 34 13 om

182 644 70 21 denna
275 646 88 27 jernväg
386 645 31 21 till
440 653 25 13 en
482 645 33 21 del
531 645 39 28 går
586 646 64 27 något
665 653 45 13 mer
724 646 6 20 i
747 653 50 13 norr
812 645 51 21 eller
878 644 68 22 söder.
976 644 34 21 Hr

181 673 118 21 Estlander
314 674 98 21 framhöll
429 681 25 14 en
470 674 115 28 synpunkt,
601 682 44 13 som
662 675 35 27 jag
712 674 48 21 icke
776 675 55 27 tagit
846 675 6 19 i
869 673 140 27 betraktande

182 702 35 21 vid
234 702 111 28 läsningen
363 703 22 21 af
401 702 150 26 betänkandet,
568 703 104 27 nämligen
689 707 31 17 att
736 710 25 13 en
780 704 53 20 bana
849 710 76 20 genom
934 702 76 21 Oster-

181 730 60 21 mark
266 731 67 21 skulle
355 731 62 21 lända
434 732 74 20 staden
525 732 76 20 Kaskö
617 732 31 20 till
663 731 73 26 skada,
752 733 52 19 enär
819 735 30 17 ett
865 738 38 21 par
918 731 92 21 socknar

183 759 85 21 komme
289 763 30 17 att
342 760 94 28 förflytta
460 761 30 20 sin
514 760 60 21 trafik
598 760 31 21 till
652 760 152 21 Kristinestad.
837 760 42 27 Jag
902 759 108 21 förmodar

182 788 56 20 dock
262 791 31 18 att
315 788 70 22 denna
408 789 108 28 synpunkt
539 790 63 26 tagits
626 790 5 20 i
655 788 140 22 betraktande
816 790 56 19 inom
897 788 113 22 Utskottet

181 817 66 20 innan
265 816 48 22 dess
330 817 134 21 betänkande
479 818 136 28 uppgjordes.

251 873 58 22 Frih.
325 882 50 13 von
395 874 185 22 Willebrand:
597 874 42 21 Det
654 876 24 19 är
693 875 47 21 icke
756 874 24 21 sä
796 874 87 21 alldeles
900 874 38 20 lätt
954 877 30 17 att
1002 874 7 20 i

181 902 176 28 jernvägsfrägor
380 902 57 22 bilda
460 904 33 26 sig
514 911 26 13 en
564 904 93 27 opinion,
680 903 26 28 pä
728 902 68 28 grund
820 903 23 21 af
857 902 87 21 hvilken
961 910 47 13 man

182 931 50 21 ville
249 931 52 21 fälla
317 935 30 17 ett
363 932 38 20 ord
418 933 5 19 i
440 932 100 21 debatten
557 935 49 18 utan
623 936 29 16 att
669 940 39 19 ega
724 932 108 27 personlig
848 931 118 21 kännedom
975 938 34 14 om

182 959 27 21 de
232 959 129 27 landsdelar,
383 967 46 14 som
452 960 84 21 komma
556 963 31 18 att
609 960 22 21 af
645 961 89 27 jernväg
750 960 91 21 beröras.
872 959 137 21 Beträffande

182 987 179 29 Sydösterbotten
383 989 76 20 tilltror
480 989 35 28 jag
530 989 43 27 mig
589 989 116 20 emellertid
723 989 64 20 hafva
804 996 25 13 en
846 988 24 21 sä
886 995 49 21 pass
951 988 59 27 läng-

182 1017 60 27 varig
267 1017 126 26 erfarenhet,
417 1021 30 17 att
469 1018 35 27 jag
524 1018 4 20 i
554 1017 60 28 fråga
639 1025 33 13 om
696 1017 49 21 dess
765 1018 89 27 jernväg
869 1017 18 28 ej
906 1016 103 21 behöfver

182 1045 65 20 tveka
271 1048 31 18 att
323 1049 57 24 yttra
399 1047 48 26 mig.
477 1045 41 28 Jag
533 1046 39 21 har
587 1046 65 21 också
668 1050 58 17 snart
742 1046 63 27 sagdt
820 1045 68 21 under
904 1045 47 21 hela
967 1045 41 21 den

183 1073 215 28 Sydösterbottniska
413 1075 126 28 jernvägens
563 1075 120 28 martyrium
708 1074 36 21 vid
768 1074 51 21 vära
839 1073 127 28 landtdagar
982 1074 27 26 pä

182 1102 58 21 detta
258 1110 45 13 rum
319 1103 74 21 tillåtit
408 1104 42 27 mig
466 1103 41 21 tala
523 1103 32 21 till
571 1103 49 21 dess
637 1103 75 21 fördel.
732 1102 150 27 Fordomdags
892 1102 74 28 gjorde
974 1103 35 27 jag

181 1130 36 21 det
234 1131 127 28 obetingadt
377 1139 24 13 ur
417 1131 40 21 den
468 1132 143 27 synpunkten,
622 1135 30 18 att
663 1131 41 22 den
716 1131 66 21 borde
794 1134 102 25 utmynna
910 1132 5 19 i
928 1131 81 21 Kaskö.

182 1159 67 21 Detta
273 1159 27 28 pä
317 1160 68 27 grund
402 1160 22 21 af
439 1160 40 21 den
495 1161 70 26 gamla
581 1160 96 28 dogmen,
692 1168 46 13 som
754 1160 38 21 här
808 1159 72 22 blifvit
895 1159 114 28 äberopad,

181 1192 32 16 att
235 1187 77 22 Kaskö
335 1188 38 21 har
389 1189 93 28 afgjordt
498 1189 68 21 bättre
581 1189 63 21 hamn
660 1189 40 21 och
721 1188 68 21 under
804 1189 160 26 förutsättning,
978 1192 32 17 att

181 1216 142 28 hamnfrägan
341 1217 38 21 bör
395 1225 49 13 vara
460 1217 133 28 väsentligen
610 1217 159 21 bestämmande
785 1218 5 19 i
808 1217 59 28 fräga
883 1224 33 13 om
928 1217 41 20 alla
977 1216 33 21 till

181 1245 74 20 hafvet
279 1245 82 28 gående
384 1247 123 26 jernvägars
529 1246 98 27 riktning.
658 1247 38 20 Att
719 1246 77 21 Kaskö
817 1245 59 21 stads
893 1245 63 21 hamn
972 1245 38 21 har

181 1275 69 19 större
273 1274 105 27 naturliga
400 1274 121 21 företräden
545 1276 26 19 än
595 1274 163 25 Kristinestads,
782 1274 36 21 det
841 1278 44 17 tror
907 1275 35 27 jag
962 1275 48 26 mig,

181 1302 67 21 ehuru
271 1303 46 20 icke
333 1303 109 28 specialist
458 1303 26 28 på
500 1303 102 26 området,
618 1303 55 21 dock
687 1303 132 21 fortfarunde
833 1302 68 22 hafva
917 1303 46 20 skäl
980 1306 30 17 att

182 1338 49 13 vara
249 1331 127 28 öfvertygad
393 1339 39 14 om.
462 1331 125 22 Emellertid
604 1331 65 28 vågar
684 1333 34 26 jag
734 1331 48 22 icke
793 1331 58 28 jäfva
863 1331 27 21 de
901 1332 109 34 uppgifter

181 1359 113 27 angående
309 1360 138 27 möjligheten
463 1361 23 20 af
498 1360 156 21 Kristinestads
671 1360 69 27 hamn,
756 1367 46 14 som
814 1360 73 21 blifvit
898 1367 28 20 på
936 1367 74 14 senare

181 1387 56 21 tider
262 1389 6 19 i
288 1388 23 21 sä
327 1389 42 20 rikt
385 1389 52 20 mått
453 1389 130 20 framstälda.
613 1389 46 20 Min
674 1389 58 20 förra
748 1389 139 28 ståndpunkt,
904 1389 106 20 beroende

181 1416 27 26 på
232 1416 43 21 den
298 1417 166 28 uppfattningen
487 1425 47 13 man
555 1419 5 19 i
573 1417 115 21 allmänhet
710 1417 62 23 hade,
788 1417 102 21 särskildt
907 1417 5 20 i
928 1417 82 26 Kaskö,

181 1448 32 17 att
235 1445 160 21 Kristinestads
415 1446 63 21 hamn
495 1454 37 13 var
548 1446 91 27 omöjlig,
655 1446 65 27 vågar
735 1447 36 26 jag
786 1445 73 22 derför
875 1445 47 21 icke
939 1445 71 27 längre

181 1473 56 21 hålla
262 1473 33 28 på.
324 1473 42 28 Jag
389 1475 67 20 skulle
481 1474 67 21 under
567 1475 76 20 sådant
659 1474 135 21 förhållande
810 1474 56 20 helst
882 1474 52 28 vilja
949 1473 62 21 ställa

181 1502 43 27 mig
249 1502 28 27 på
299 1510 80 13 samma
402 1502 132 28 ståndpunkt
557 1510 46 14 som
621 1502 121 22 Stämderna
765 1505 78 23 senast,
859 1505 31 18 att
905 1502 106 27 nämligen
