1081 1742
200 127 42 21 388
464 134 24 17 R.
501 139 18 12 o.
532 134 25 17 A.
570 134 60 17 1908.
650 134 28 17 28
689 134 50 20 Maj.

201 202 69 21 heter.
299 204 39 19 Att
360 202 124 28 bildningen
508 202 38 21 hos
570 210 26 13 en
619 205 45 18 stor
686 202 34 21 del
743 202 23 21 af
782 201 50 21 våra
848 201 179 21 arbetareklasser

201 231 58 20 visat
282 230 32 28 sig
330 230 23 21 så
375 230 120 28 bristfällig,
510 238 46 14 som
578 232 36 27 jag
628 238 28 14 nu
679 230 89 22 skildrat
791 230 48 26 den,
863 230 85 21 bevisar
970 228 56 22 dock

201 259 126 28 lyckligtvis
350 259 46 21 icke
419 262 31 18 att
472 260 42 20 den
537 260 69 20 skulle
629 260 77 20 saknas
728 259 40 21 hos
790 260 68 20 större
874 258 60 22 delen
951 258 23 21 af
989 256 37 22 vår

200 287 206 28 arbetarefolkning.
434 288 42 27 Jag
492 291 36 18 vet
550 289 92 20 tvärtom
664 291 32 18 att
711 288 56 20 inom
784 288 136 21 arbetarenes
935 286 34 21 led
985 287 42 19 rätt

202 315 92 29 mycken
311 315 96 29 bildning
429 316 45 21 står
488 319 32 18 att
542 317 62 25 finna,
620 316 65 28 parad
702 316 48 21 med
766 315 24 22 så
805 315 90 28 mycken
912 314 115 29 duglighet,

200 344 126 21 erfarenhet
341 344 41 22 och
404 345 211 27 fosterlandskärlek,
634 347 31 19 att
680 345 48 26 den,
743 344 65 21 sedan
832 345 89 20 sinnena
936 344 91 27 lugnats,

199 373 57 21 skall
280 375 51 26 göra
354 374 32 27 sig
408 373 99 28 gällande
530 374 41 21 och
595 373 119 28 paralysera
737 373 105 21 bristerna
866 373 38 20 hos
920 372 36 21 det
972 372 54 27 lägst

200 401 92 22 stående
315 401 119 22 elementet.
463 402 42 28 Jag
528 402 37 21 vill
588 402 73 21 derför
683 402 82 28 hoppas
786 404 32 19 att
834 401 69 28 någon
919 400 108 29 synnerlig

198 430 49 21 fara
263 430 48 21 icke
335 431 114 28 föreligger
472 434 31 18 att
519 431 108 21 utsträcka
650 432 114 20 rösträtten
786 430 31 21 till
833 430 73 28 hvarje
923 437 47 14 man
986 429 40 21 och

198 466 88 21 qvinna.

270 487 42 28 Jag
334 487 39 21 har
388 488 72 21 tillåtit
482 489 44 27 mig
541 488 64 21 dessa
623 487 47 22 från
686 488 78 28 sjelfva
785 487 160 28 hufvudfrågan
962 486 65 28 något

198 516 120 21 afvikande
334 516 145 27 betraktelser,
495 518 51 20 enär
561 517 38 21 det
613 524 34 18 nu,
663 516 28 21 då
706 516 41 21 den
760 516 70 28 gamla
840 515 186 28 ståndsrepresen-

198 545 98 21 tationen
320 545 39 27 går
381 548 31 18 att
427 546 6 20 i
450 545 66 22 andra
537 545 81 22 händer
640 545 131 22 öfverlemna
794 545 170 27 lagstiftningen,
978 543 48 22 icke

197 573 63 21 torde
276 573 71 21 kunna
362 573 110 29 förtyckas
488 574 69 28 någon
573 574 163 27 landtdagsman
753 576 31 18 att
795 574 53 20 söka
858 573 90 21 bedöma
974 572 52 21 qvali-

197 602 42 49 Hop
246 603 92 20 lonerna
353 602 39 21 hos
408 602 55 27 dem,
478 610 45 14 som
543 603 68 21 kallas
627 605 31 18 att
673 605 93 25 mottaga
782 602 42 21 och
839 601 73 22 vidare
928 601 96 21 förkofra

197 633 79 19 arfvet.

270 659 42 28 Jag
334 659 42 21 kan
392 667 42 20 nog
456 660 48 21 icke
520 659 80 28 frigöra
623 661 43 26 mig
680 659 48 22 frän
752 667 25 13 en
794 659 73 21 känsla
886 658 22 21 af
923 657 101 22 missmod

197 688 68 21 äfven
290 688 60 21 öfver
372 691 32 18 att
426 688 219 28 demokratiseringen
667 688 23 21 af
709 688 38 21 vär
768 687 217 22 folkrepresentation
1001 688 24 19 är

198 717 122 27 föreslagen
336 719 32 18 att
382 717 38 21 ske
436 717 28 28 pä
479 717 65 21 basen
560 717 24 21 af
598 717 209 21 enkammarsystem.
848 723 27 20 Jag
890 719 45 18 tror
950 715 74 21 nämli-

196 753 41 20 gen
256 748 32 18 att
303 745 229 28 lagstiftningsarbetet
548 745 26 28 pä
590 746 68 21 bättre
674 745 40 22 och
740 747 24 19 för
779 745 48 21 värt
842 745 61 21 lands
919 744 105 21 harmoni-

195 774 41 21 ska
260 774 126 27 utveckling
401 774 115 29 lyckligare
539 776 43 19 sätt
597 774 68 21 skulle
683 773 135 22 handhafvas
834 773 23 21 af
872 781 26 13 en
913 780 111 21 represen-

196 803 70 20 tation
283 802 97 21 fördelad
402 803 28 28 pä
445 806 79 18 tvenne
540 803 90 21 kamrar.
659 803 53 21 Icke
727 803 35 20 för
776 805 32 18 att
824 802 80 21 antalet
919 802 83 20 kamrar
1016 802 7 20 i

196 831 42 21 och
255 831 35 21 för
305 832 16 20 sig
361 831 89 26 betyder
466 831 23 22 sä
505 831 91 28 mycket,
612 831 36 21 det
664 832 95 20 kommer
773 832 22 26 ju
810 831 56 21 först
881 837 45 14 som
942 831 39 20 sist
996 837 26 14 an

196 859 49 21 icke
270 859 72 28 derpä,
357 863 50 17 utan
432 860 27 28 pä
473 860 54 20 huru
550 861 196 27 representationen
772 859 95 21 kommer
882 861 31 18 att
928 858 95 21 funktio-

196 895 62 19 nera;
282 895 46 13 men
350 888 36 21 det
408 888 110 21 förefaller
540 890 43 25 mig
605 896 45 13 som
673 896 33 13 om
729 890 68 19 större
821 888 107 26 garantier
943 887 34 20 för
992 889 31 18 ett

196 916 185 28 lyckobringande
397 916 220 28 lagstiftningsarbete
633 916 72 22 kunde
720 924 92 20 rymmas
827 916 58 21 inom
901 922 71 14 ramen
988 915 34 21 för

194 944 39 21 två
258 945 83 21 kamrar
356 946 27 20 än
406 945 34 21 för
455 953 25 13 en
503 945 55 21 enda
580 945 72 21 sådan.
682 945 41 27 Jag
743 945 67 21 måste
826 944 93 21 erkänna
935 947 30 17 att
981 943 41 21 den

195 973 51 22 näd.
262 981 59 21 prop.
337 974 32 20 till
385 974 131 21 Ständernas
532 974 119 28 antagande
667 974 121 27 förelägger
803 973 83 27 förslag
901 972 31 21 till
944 980 25 13 en
981 974 41 19 rätt

194 1002 44 27 god
263 1002 299 28 enkammarrepresentation,
585 1010 47 14 men
656 1003 67 20 måste
746 1002 61 28 fråga
831 1002 48 27 mig,
895 1001 27 21 dä
945 1000 77 22 sådant

195 1030 84 22 kunnat
290 1030 44 26 ske,
347 1038 34 14 om
398 1032 20 20 vi
435 1031 47 21 icke
499 1032 81 20 kunnat
595 1031 23 21 fä
634 1038 25 14 en
675 1034 47 18 rent
737 1030 23 22 af
775 1030 56 21 ideel
847 1031 175 27 representation,

194 1066 35 14 om
253 1059 134 28 Regeringen
410 1060 48 20 icke
480 1063 72 17 ansett
574 1061 32 27 sig
626 1060 50 20 böra
692 1058 132 28 tillmötesgä
839 1058 183 28 formdyrkarene.

194 1087 53 21 Men
272 1088 105 20 måhända
399 1088 53 21 skall
476 1088 41 21 den
540 1096 42 20 nya
598 1088 148 21 enkammaren
763 1087 69 21 förmå
847 1088 46 20 föra
909 1086 48 21 vårt
971 1086 50 21 land

192 1116 34 21 till
250 1116 63 28 lycka
336 1116 39 21 och
399 1116 105 22 välständ.
533 1116 69 28 Ingen
625 1117 40 20 kan
689 1116 67 21 önska
780 1116 36 20 det
832 1115 145 29 uppriktigare
993 1116 27 19 än

192 1145 43 27 jag.
268 1146 39 19 Att
322 1144 37 22 det
381 1145 107 27 hängifna,
504 1145 83 21 landets
603 1152 66 14 sanna
687 1146 59 20 bästa
762 1144 102 21 afseende
880 1144 78 25 arbete,
974 1150 46 14 som

193 1173 41 21 den
260 1173 70 28 gamla
352 1174 272 28 ständsrepresentationen
648 1182 27 12 nu
698 1174 96 24 afslutar,
809 1173 48 21 icke
880 1172 23 21 af
921 1173 42 19 den
979 1179 41 21 nya

192 1202 74 21 tidens
283 1202 170 21 bilderstormare
468 1204 62 19 röner
546 1202 65 28 nägot
626 1202 143 24 erkännande,
785 1201 105 21 behöfver
907 1201 47 21 icke
972 1200 47 21 med

192 1230 164 28 nödvändighet
380 1231 70 21 varsla
466 1238 32 14 om
523 1234 123 18 motsatsen.
674 1230 13 21 I
701 1230 54 28 godt
777 1229 142 21 medvetande
939 1236 34 14 om
989 1231 31 18 att

191 1259 49 21 icke
257 1258 66 22 hafva
340 1259 49 21 sökt
404 1259 28 28 pä
448 1259 36 21 det
498 1259 118 21 allmännas
634 1259 116 21 bekostnad
768 1258 100 21 befordra
884 1265 53 20 egna
953 1258 67 20 klass-

191 1288 107 20 intressen
315 1288 41 20 kan
372 1287 130 22 ätminstone
517 1287 26 21 R.
554 1296 19 13 o.
584 1288 26 21 A.
627 1288 55 27 stiga
698 1287 40 21 ned
756 1288 5 20 i
777 1288 32 20 sin
825 1286 53 28 graf.
908 1286 111 21 Historien

191 1316 56 20 skall
263 1316 47 21 icke
325 1316 60 28 jäfva
403 1316 128 28 påståendet
553 1319 31 18 att
600 1316 57 21 detta
673 1316 63 21 stånd
752 1316 76 20 hedrat
844 1315 61 21 fader
920 1314 40 22 och
976 1322 44 13 mo-

191 1344 44 26 der,
259 1344 115 21 frisinnadt
398 1345 75 21 verkat
495 1344 34 22 för
551 1344 84 22 landets
658 1344 98 28 allsidiga
779 1344 113 20 förkofran
915 1343 40 21 och
970 1342 48 22 med

190 1374 74 26 öppen
281 1372 57 22 blick
353 1376 43 18 sett
411 1373 114 21 framtiden
542 1381 33 13 an.
604 1373 56 21 Dess
676 1374 52 20 sista
745 1372 118 28 lifsyttring
878 1372 46 25 blir,
936 1372 83 27 hoppas

190 1402 42 27 jag,
248 1404 32 18 att
295 1401 47 21 med
358 1402 159 27 godkännande
532 1402 23 20 af
570 1402 41 20 den
628 1402 48 20 näd.
687 1409 59 20 prop.
759 1401 67 21 uttala
842 1402 31 19 sin
891 1400 128 28 välsignelse

190 1430 64 20 öfver
270 1429 42 21 den
328 1438 41 19 nya
384 1431 195 27 representationen
596 1433 54 18 samt
666 1430 62 21 öfver
743 1430 49 20 land
809 1429 41 21 och
866 1429 51 20 folk.

262 1485 34 22 Hr
318 1485 215 22 Svinhufvud:
558 1486 164 21 Käsiteltävänä
738 1485 62 22 oleva
815 1485 124 21 armollinen
953 1485 66 27 esitys

189 1515 91 20 sisältää
296 1515 43 20 niin
355 1522 78 14 suuren
450 1515 180 28 edistysaskeleen
642 1514 175 29 yhteiskunta
796 1509 13 38 —
826 1514 114 21 reformien
951 1513 68 26 alalla,
