1078 1734
381 95 201 34 Bränvinsskatten,
874 96 28 20 75

72 170 345 28 minuteringsmonopolbolagens
433 170 128 22 vinstmedel
573 170 33 21 till
623 169 277 23 kommunikationsfonden

72 198 113 28 utgående,
201 198 72 22 kunde
293 206 121 14 reserveras
430 198 32 22 till
477 206 27 14 en
523 198 329 28 invaliditetsförsäkringsfond,
866 198 34 21 af-

73 227 52 21 sedd
142 230 32 18 att
196 226 110 22 användas
329 227 27 28 på
371 229 43 19 sätt
434 230 86 18 senaste
543 227 113 29 landtdags
679 227 192 21 Ekonomiutskott

73 255 240 22 motionsbetänkandet
327 256 42 21 N:o
386 257 10 20 1
413 256 122 28 föreslagit;

141 312 41 22 och
197 312 72 22 anhöll
285 312 34 21 Hr
355 320 34 14 von
413 312 128 28 Wright,
556 316 32 18 att
602 313 54 21 hans
672 312 110 22 uttalande
797 312 56 28 finge
867 312 33 21 åt-

71 341 52 28 följa
140 342 172 28 propositionens
327 342 74 20 remiss
417 341 32 21 till
465 341 162 21 vederbörande
643 342 90 20 utskott.

141 398 71 22 Sedan
229 398 34 22 Hr
277 398 214 27 Landtmarskalken,
507 400 64 27 jemte
587 398 209 28 tillkännagifvande
809 401 31 18 att
849 398 51 21 Tal-

71 427 206 22 manskonferensen
301 427 87 21 .beslutit
409 427 88 21 förorda
519 428 75 20 remiss
617 427 23 21 af
662 427 159 21 ofvanberörda
855 434 44 20 prop.

70 456 33 21 till
118 456 117 21 Ekonomi-
251 456 41 21 och
307 455 176 27 Statsutskotten,
499 456 94 21 tillsport
604 456 34 21 Hr
649 463 42 14 von
706 456 86 28 Wright
802 455 32 21 till
860 455 40 21 hvil-

72 485 38 21 ket
125 484 22 22 af
162 484 63 21 dessa
247 487 79 18 tvenne
341 484 86 22 utskott
442 484 42 21 han
501 464 96 42 önskade
611 484 24 22 få
650 484 121 22 uttalandet
786 484 114 22 öfverlem-

72 513 58 27 nadt,
145 512 85 29 yttrade
245 512 34 22 Hr
290 520 56 14 von
361 512 124 28 Wright,
501 516 32 18 att
548 513 120 21 uttalandet
683 512 56 22 helst
750 512 67 22 borde
827 512 72 22 öfver-

71 542 83 21 lemnas
177 541 32 21 till
233 541 170 26 Statsutskottet,
425 543 52 19 enär
499 542 49 26 han,
570 542 71 21 såsom
664 541 95 22 varande
781 541 93 22 ledamot
892 542 7 20 i

72 570 219 26 Ekonomiutskottet,
307 570 83 21 komme
406 573 31 18 att
452 570 67 21 hafva
533 570 85 22 tillfälle
634 573 31 19 att
676 570 50 28 sjelf
736 570 86 28 utlägga
832 570 66 21 saken

71 600 6 20 i
95 598 133 22 sistnämnda
244 599 87 21 utskott.

141 655 32 21 På
196 655 34 22 Hr
252 655 219 23 Landtmarskalkens
495 656 157 28 framställning
675 656 70 22 beslöt
759 656 92 22 Ståndet
866 663 33 14 re-

72 685 85 21 mittera
180 684 48 21 nåd.
243 692 60 21 prop.
318 684 41 22 N:o
376 686 12 20 5
403 685 31 21 till
457 684 119 22 Ekonomi-
597 685 41 21 och
660 685 176 26 Statsutskotten,
858 684 40 22 och

71 713 70 21 skulle
158 712 165 22 Statsutskottet
339 713 78 21 erhälla
432 713 35 21 del
483 713 24 21 af
521 714 34 21 Hr
571 721 41 14 von
631 714 95 28 Wrights
741 713 106 29 yttrande.

141 849 90 22 Plenum
247 850 116 21 afslutades
380 850 27 21 kl.
423 852 39 25 7,15
477 858 18 14 e.
511 858 26 14 m.

695 914 23 17 In
730 913 65 18 fidem:

656 954 51 22 Clas
722 962 19 13 v.
759 953 82 23 Collan.
