1078 1736
341 118 267 21 Jernvägsbyggnaderna.
849 110 41 20 233

65 188 76 28 många
166 187 80 27 gånger
270 187 88 26 150,000
384 187 59 21 mark
470 186 195 22 undanskaffandet
689 186 23 21 af
736 186 62 21 dessa
822 184 68 28 grund

65 217 70 21 skulle
159 216 68 20 kosta.
257 215 122 21 Hvartdera
395 215 22 21 af
433 215 62 21 dessa
510 214 68 29 grund
596 218 105 25 upptager
717 222 25 13 en
758 218 36 24 yta
810 214 22 20 af
847 220 45 14 om-

66 245 63 27 kring
145 245 62 24 6,000
223 245 35 25 m?,
274 244 40 21 och
330 244 75 28 djupet
421 244 93 20 varierar
529 243 48 21 från
594 244 12 20 2
622 244 32 20 till
671 244 26 20 12
713 243 38 26 fot,
766 242 77 22 hvaraf
858 249 34 21 sy-

66 281 45 18 nes,
127 276 31 18 att
173 272 36 21 det
224 274 23 19 är
263 280 85 13 enorma
364 272 69 27 grund
450 272 36 21 det
501 272 69 21 skulle
586 272 55 27 gälla
657 275 32 18 att
705 272 144 27 bortspränga.

135 301 83 21 Vidare
234 301 59 21 heter
309 301 37 20 det
361 302 6 19 i
384 300 154 21 betänkandet:
556 300 76 21 »Efter
647 300 140 28 passerandet
799 299 23 21 af
833 299 59 20 detta

65 330 114 25 farvatten,
195 337 45 14 som
263 329 67 21 tillika
349 330 69 28 tjenar
433 329 68 21 såsom
518 329 88 21 stadens
636 332 41 17 yttre
693 329 58 26 redd,
767 329 68 20 möter
850 327 41 21 den

65 366 17 14 s.
97 359 20 20 k.
140 358 139 28 Korsryggen
304 358 47 21 med
374 359 30 25 4,5
420 359 12 20 å
448 359 29 24 5,0
496 366 19 13 m
538 359 145 26 vattendjup.»
717 357 43 21 Det
783 359 22 18 är
827 356 64 21 äfven

66 389 67 24 orätt;
149 387 147 28 vattendjupet
312 387 111 20 derstädes
439 388 23 19 är
478 387 47 20 icke
541 388 30 25 4,5
586 388 13 19 A
615 388 12 19 5
644 394 26 16 m,
686 390 50 17 utan
753 385 47 21 från
816 386 29 24 3,5
860 384 32 21 till

68 417 12 20 5
91 424 28 17 m,
135 415 81 22 hvilket
232 415 104 28 betydligt
352 415 114 21 förändrar
481 415 72 21 saken.
583 415 47 22 Vid
647 415 66 21 första
729 414 57 22 blick
805 414 27 28 pä
845 413 47 21 kar-

66 448 36 17 tan
121 445 68 20 skulle
205 451 47 14 man
275 444 70 21 kunna
361 447 39 22 tro,
416 447 31 18 att
462 443 158 22 Kristinestads
636 443 63 22 hamn
716 443 108 28 verkligen
842 449 50 14 vore

67 473 86 28 mycket
169 474 67 20 större
256 474 26 19 än
300 472 81 25 Kaskö,
396 472 129 21 ätminstone
541 472 96 26 bredare,
653 480 46 13 men
717 472 63 21 äfven
797 471 58 22 detta
870 471 23 20 är

68 505 31 18 ett
124 501 130 28 fullkomligt
279 502 94 27 misstag,
396 501 88 21 emedan
509 501 36 21 det
568 503 23 19 är
614 509 25 13 en
663 501 155 28 jemförelsevis
841 498 51 22 smal

68 532 73 22 ränna,
157 537 44 14 som
218 531 22 20 är
256 529 24 22 så
295 537 49 21 pass
360 529 52 28 djup
429 533 30 17 att
474 530 72 27 fartyg
563 530 72 21 kunna
650 537 91 21 passera,
758 537 47 12 men
819 527 27 22 då
857 535 36 13 en-

68 558 49 22 dast
133 558 71 28 fartyg
218 558 23 21 af
258 560 25 19 14
299 560 12 18 a
325 559 25 20 15
366 558 32 21 fot
414 558 142 27 djupgående.
586 558 44 21 För
645 558 65 27 öfrigt
725 559 22 19 är
764 560 83 18 vattnet
857 555 35 21 vid

68 586 101 22 stranden
186 587 85 28 mycket
286 586 84 28 grundt.
401 586 31 21 På
447 587 53 20 flere
516 587 94 20 famnars
627 586 86 21 afständ
729 585 48 22 från
793 584 100 23 stranden

68 617 23 19 är
115 615 75 28 djupet
214 615 54 21 blott
283 616 11 20 2
311 617 12 18 a
339 617 12 19 3
367 615 38 26 fot,
428 615 84 21 hvadan
536 615 158 28 anläggningen
718 615 22 20 af
756 615 58 27 kajer
829 613 64 21 äfven

69 644 69 21 skulle
162 644 75 21 kräfva
260 647 56 18 stora
340 643 122 22 kostnader.
492 643 80 22 Vända
596 645 20 20 vi
636 651 35 14 oss
687 643 31 21 till
734 643 75 21 Kaskö
825 642 71 26 hamn,

69 672 24 21 så
109 680 22 13 se
155 673 20 20 vi
191 673 55 20 först
268 672 40 21 och
324 672 77 21 främst
422 676 31 17 att
472 673 96 28 inloppet
584 674 23 19 är
622 674 75 19 nästan
713 672 80 21 hälften
810 671 85 21 kortare

69 701 20 21 d.
106 709 19 13 v.
141 709 16 13 s.
173 702 11 20 5
201 703 11 18 2
228 701 12 20 6
256 701 74 28 sjömil.
360 701 103 28 Inloppet
485 703 23 18 är
524 701 65 21 redan
612 701 69 28 belyst
696 701 21 20 af
732 701 37 20 två
785 707 37 21 par
837 699 58 28 fyrar

69 729 41 22 och
126 730 77 27 sjelfva
219 729 95 21 farleden
331 729 38 22 har
385 733 31 18 ett
432 729 52 28 djup
499 729 23 22 af
537 730 77 21 mellan
631 731 11 20 7
659 729 40 22 och
715 730 12 20 9
743 737 27 13 m.
799 728 24 21 TT.
839 735 19 14 o.
869 735 25 13 m.

69 759 7 20 i
91 758 78 28 sjelfva
192 758 90 21 hamnen
305 759 23 20 är
344 759 75 27 djupet
440 758 57 21 ända
519 758 31 21 till
572 758 41 21 den
638 758 106 28 egentliga
759 757 75 22 staden
851 764 44 13 om-

70 787 63 28 kring
149 787 12 20 9
182 795 9 12 m
213 787 41 21 och
270 786 52 21 midt
338 790 57 17 emot
411 787 75 20 staden
502 789 24 18 är
541 787 75 28 djupet
632 788 10 20 7
660 795 25 12 m.
716 786 88 21 Således
821 785 75 28 betyd-

69 815 40 28 ligt
125 823 44 13 mer
184 817 26 19 än
226 815 56 21 hvad
300 815 37 22 det
352 816 40 20 är
383 809 13 38 i
405 815 159 22 Kristinestad...
590 815 52 21 Man
658 815 38 21 har
708 814 115 22 framhällit
838 813 56 22 hvad

70 844 75 21 Kaskö
169 843 102 22 beträffar
294 847 31 18 att
348 844 91 26 utanför,
454 843 20 22 d.
491 852 19 13 v.
525 851 16 14 s.
557 844 89 27 sydvest
669 851 32 14 om
725 843 82 25 Kaskö,
827 842 67 21 skulle

71 872 57 28 ligga
144 875 30 17 ett
190 872 85 28 mycket
290 872 74 28 farligt
378 872 76 28 grund,
470 880 45 13 som
532 872 67 22 måste
615 880 98 20 passeras
724 872 36 21 vid
772 870 124 29 inlöpandet

70 901 32 20 till
125 900 81 22 Kaskö.
235 900 65 22 Emot
322 902 59 20 detta
402 901 69 21 skulle
494 902 35 27 jag
553 901 50 28 vilja
627 903 51 25 säga
697 900 103 29 följande:
817 902 30 18 att
862 902 34 18 ut-

70 929 165 28 gängspunkten
259 930 47 20 från
322 931 71 27 öppna
410 930 45 27 sjön
472 930 32 20 till
520 930 59 20 såväl
595 929 146 22 Kristinestad
758 936 45 14 som
820 928 76 21 Kaskö

71 960 23 18 är
116 965 128 20 gemensam,
265 958 85 21 hvadan
374 958 59 21 detta
455 958 76 28 grund,
546 958 84 21 hvilket
651 959 36 27 jag
710 966 49 20 nyss
776 956 118 25 nämnde,
883 952 16 39 i

71 986 74 28 hvarje
156 986 38 21 fall
205 986 67 22 måste
288 994 104 21 passeras,
409 994 49 14 vare
474 988 34 26 sig
523 994 47 14 man
587 987 33 21 far
635 987 32 21 till
683 986 146 22 Kristinestad
845 985 51 21 eller

71 1015 83 20 Kaskö.
184 1015 130 21 Stränderna
337 1017 36 19 äro
396 1015 86 28 mycket
505 1015 64 28 djupa
592 1016 5 19 i
622 1016 75 20 Kaskö
723 1014 87 22 alldeles
836 1014 59 20 invid

71 1043 108 26 stranden,
195 1043 24 21 så
234 1047 33 17 att
282 1043 65 22 redan
364 1051 34 17 nu,
414 1043 66 21 ehuru
496 1045 50 26 inga
562 1044 116 21 artificiella
694 1044 140 27 inrättningar
849 1042 47 21 här-

71 1072 34 20 för
122 1072 120 25 förefinnas,
257 1072 71 28 fartyg
344 1073 48 20 med
409 1072 55 21 ända
480 1072 32 21 till
529 1073 25 20 15
570 1073 44 20 fots
630 1073 51 27 djup
698 1073 71 20 kunna
785 1072 62 27 lägga
858 1070 38 21 till.

142 1099 37 22 Uti
197 1101 144 21 betänkandet
363 1101 62 21 heter
439 1101 38 20 det
492 1101 73 21 vidare
582 1104 31 18 att
651 1100 122 22 Kristinestad
790 1100 68 21 skulle
874 1099 22 20 få

72 1129 59 27 kajer
153 1129 48 21 med
218 1137 24 13 en
266 1129 62 28 längd
353 1129 23 21 af
391 1131 13 20 2
421 1130 41 25 km,
484 1129 82 22 hvilket
589 1130 107 28 knappast
719 1137 50 13 vore
793 1128 103 28 möjligt
885 1124 15 38 i

71 1157 83 21 Kaskö.
183 1157 42 29 Jag
240 1161 44 18 tror
306 1160 92 19 tvärtom
418 1161 31 17 att
465 1158 37 21 det
520 1159 2 19 i
540 1158 76 21 Kaskö
632 1158 55 21 ändå
703 1165 49 14 vore
768 1157 83 28 möjligt
865 1158 32 19 att

72 1185 154 27 åstadkomma,
242 1194 33 13 om
292 1186 46 22 icke
355 1186 37 21 det
408 1186 86 26 dubbla,
510 1186 24 22 så
549 1186 56 22 dock
622 1186 128 22 åtminstone
762 1187 13 20 3
786 1186 111 20 kilometer

73 1214 50 28 lång
138 1214 33 28 kaj
188 1214 41 22 och
244 1214 90 22 hvarvid
350 1215 48 21 icke
414 1214 66 28 några
496 1215 238 29 fördjupningsarbeten
751 1215 38 21 alls
803 1213 93 22 behöfde

71 1242 88 22 utföras.

142 1271 31 21 På
187 1272 69 27 grund
272 1272 24 20 af
313 1272 37 20 allt
366 1272 37 20 det
418 1272 66 27 sagda
506 1272 37 21 ber
562 1273 34 27 jag
612 1275 30 18 att
658 1271 22 22 få
695 1271 130 21 understöda
840 1270 57 21 Frih.

71 1307 42 13 von
131 1300 130 21 Bonsdorffs
278 1300 85 29 förslag.

141 1356 34 21 Hr
190 1356 61 22 Hans
267 1357 158 21 Estlander:
442 1357 11 21 I
469 1358 68 20 likhet
553 1357 47 21 med
617 1358 34 20 Hr
665 1358 93 28 Ramsay
771 1357 49 21 ville
832 1356 64 21 äfven

71 1386 35 27 jag
129 1385 131 21 understöda
276 1386 41 20 den
339 1387 139 25 reservation,
498 1387 6 20 i
520 1386 88 21 hvilken
624 1386 98 26 föreslås,
737 1389 32 18 att
784 1385 113 29 Sydöster-

72 1414 109 20 bottniska
205 1414 69 21 banan
296 1414 69 27 skulle
384 1415 23 21 få
423 1422 25 14 en
465 1414 106 28 sydligare
588 1415 123 27 sträckning
726 1422 77 20 genom
819 1414 78 20 Bötom

73 1442 40 21 och
137 1442 47 21 icke
207 1449 76 20 genom
307 1443 131 21 Ostermark.
469 1443 43 21 Till
535 1443 26 21 de
578 1443 52 26 skäl,
645 1450 45 14 som
707 1443 32 20 Hr
755 1443 93 27 Ramsay
864 1442 34 20 för

72 1470 70 21 denna
160 1471 64 20 banas
240 1471 124 27 sträckning
380 1472 76 24 anfört,
473 1471 50 21 ville
538 1472 36 27 jag
588 1472 123 27 ytterligare
733 1471 112 21 framhålla
861 1474 37 22 att,

72 1506 33 14 om
130 1498 69 21 banan
223 1499 76 28 drages
322 1500 6 20 i
352 1500 40 20 den
410 1500 22 20 af
448 1499 114 22 Utskottet
578 1507 27 13 nu
621 1500 120 27 föreslagna
758 1500 101 26 riktning,
874 1498 24 20 sä
