1078 1739
198 118 42 20 224
458 126 24 16 R.
496 130 17 12 o.
526 126 24 16 A.
563 126 60 16 1906.
647 126 27 16 24
683 126 67 20 April.

199 192 55 21 ollen
271 199 27 14 on
314 193 36 20 siis
366 194 54 27 juuri
437 195 56 19 tämä
509 193 93 21 liikkeen
618 193 151 28 yhdistämistä
780 197 73 17 varten
864 193 94 21 muuhun
970 193 54 21 Suo-

199 228 60 13 meen
276 223 66 19 tarvis
366 223 43 19 että
432 223 62 19 nämä
517 223 73 27 paikat
606 222 82 21 tulevat
703 222 151 28 yhdistetyiksi
871 221 154 22 rautatieverk-

199 249 63 25 koon,
274 253 67 17 mutta
352 257 22 14 se
386 250 103 28 tapahtuu
504 251 56 28 juuri
572 251 117 20 ehdotetun
705 250 319 22 Joensuun
825 245 13 38 —
847 250 96 22 Lieksan
954 245 11 38 —
977 245 51 38 Nur-

200 278 87 20 meksen
304 279 47 20 eikä
368 274 131 37 Värtsilän
516 279 127 21 Hiiskosken
657 279 65 24 radan
740 280 81 25 kautta,
831 279 49 28 joka
891 280 18 20 ei
925 279 99 21 lainkaan

199 307 61 20 sinne
276 308 39 19 asti
332 307 136 22 ulotukkaan.

269 335 71 21 Näillä
363 336 60 28 syillä
447 337 58 20 minä
528 336 119 28 puolestani
669 336 83 29 pyydän
769 336 63 21 saada
849 337 114 20 kannattaa
980 336 45 21 kol-

201 366 67 18 matta
284 365 157 20 vastalausetta.
463 365 109 28 Myönnän
589 365 56 28 kyllä
657 367 43 19 että
716 365 47 20 Hra
775 364 168 22 Wallensköldin
960 365 66 20 ehdo-

200 395 42 23 tus,
259 393 51 20 ettei
326 397 36 24 nyt
376 394 120 27 päätettäisi
509 393 65 21 radan
586 394 144 27 jatkamisesta
743 393 144 21 kauemmaksi
900 393 50 21 kuin
961 393 65 21 Liek-

201 428 58 18 saan,
276 422 53 20 voisi
346 421 42 21 olla
403 422 119 20 asiallisesti
539 422 51 28 yhtä
608 423 62 27 hyvä,
688 422 46 20 sillä
751 422 61 20 eihän
839 425 38 25 nyt
897 422 128 20 kuitenkaan

204 450 35 19 voi
256 449 52 21 tulla
332 450 155 28 kysymykseen
512 451 43 20 niin
579 451 114 21 runsaiden
710 450 138 27 rahavarojen
864 451 163 25 määrääminen,

201 479 45 19 että
264 479 106 20 voitaisiin
388 479 74 28 ryhtyä
474 479 93 21 muuhun
584 480 50 20 kuin
651 481 69 19 tämän
737 479 102 21 alkuosan
851 479 175 25 rakentamiseen,

204 506 88 27 jotenka
314 508 68 20 voisin
406 508 57 27 kyllä
484 508 81 20 tätäkin
583 508 112 20 ehdotusta
713 508 119 20 kannattaa.
862 508 70 20 Mutta
950 508 40 20 kun
1007 508 17 20 ei

200 534 135 22 kuitenkaan
352 536 53 21 liene
422 540 72 17 muuta
510 536 165 21 mahdolisuutta
695 536 144 28 ajateltavissa
855 536 50 21 kuin
922 538 43 18 että
980 539 46 17 rata

201 563 115 22 Lieksasta
340 564 116 22 läheisessä
478 565 185 21 tulevaisuudessa
681 566 56 20 tulee
753 565 151 27 jatkettavaksi
920 564 106 22 Nurmek-

200 599 58 19 seen,
275 594 43 19 niin
335 593 107 21 kannatan
459 594 44 20 ensi
519 594 75 28 sijassa
610 594 102 20 kolmatta
729 594 158 20 vastalausetta.

271 649 33 21 Hr
318 650 65 28 Björn
424 651 150 21 Schauman:
604 650 43 28 Jag
663 651 101 21 omfattar
774 650 131 28 fullkomligt
916 650 40 21 den
968 651 58 27 prin-

200 678 35 27 cip
252 678 34 20 Hr
294 678 148 22 Wallensköld
460 678 82 27 uttalat,
554 680 106 27 nämligen
677 682 32 18 att
722 679 164 28 konsegvensen
898 679 82 21 fordrar
996 682 30 18 att

200 706 120 22 Ständerna
337 707 47 21 icke
396 707 78 29 frängä
483 711 31 18 ett
525 708 90 27 tidigare
623 708 80 20 fattadt
714 708 75 25 beslut,
797 708 73 20 derest
881 707 47 22 icke
939 715 87 20 synner-

200 735 58 27 ligen
276 735 106 22 bindande
399 736 46 21 skäl
461 737 42 21 tala
519 736 34 21 för
568 740 32 18 ett
615 736 132 28 frängäende
763 736 22 21 af
798 736 123 21 detsamma.
942 736 84 21 Beträf-

201 763 66 21 fande
283 765 150 27 sträckningen
450 766 22 20 af
483 765 41 21 den
536 765 107 21 Karelska
660 765 67 21 banan
745 764 75 22 trodde
835 766 35 26 jag
882 766 58 26 mig
933 759 11 37 i
954 766 71 26 början

200 792 22 20 af
238 792 85 28 plenum
341 801 49 13 vara
404 794 127 28 öfvertygad
550 801 34 13 om
600 797 32 18 att
647 794 41 20 den
709 794 126 28 lyckligaste
851 793 40 21 och
915 794 111 27 riktigaste

200 820 70 21 skulle
286 828 50 14 vara
348 822 41 20 den
403 822 47 21 från
462 822 95 21 Joensuu
568 822 32 21 till
611 822 98 22 Nurmes.
739 822 126 20 Emellertid
881 822 37 20 har
931 822 40 20 den
983 822 44 20 dis-

201 849 95 27 kussion,
312 857 44 14 som
381 852 5 19 i
402 850 60 22 afton
476 851 121 27 försiggätt,
611 851 56 35 gjort
687 852 43 26 mig
745 851 82 27 ganska
851 851 101 21 tveksam.
983 850 43 21 Det

200 885 64 20 synes
286 879 42 27 mig
350 879 106 27 nämligen
483 887 45 13 som
554 887 34 13 om
612 887 23 13 sä
663 879 97 28 vägande
783 879 45 21 skäl
853 879 110 27 framlagts
992 879 34 21 för

202 905 318 29 Värtsilä--Hiiskoskibanan,
544 911 32 18 att
590 908 37 21 det
642 908 41 20 kan
701 908 27 20 bli
745 911 22 17 tu
783 908 28 20 tal
829 915 33 13 om
886 907 26 21 de
928 908 46 20 icke
991 910 36 18 äro

201 939 48 16 rent
266 935 22 20 af
304 936 113 21 bindande.
449 936 74 21 Under
538 936 79 21 sädana
635 936 147 21 förhällanden
799 938 22 18 är
836 937 35 26 jag
887 936 17 27 ej
915 936 73 21 vidare
1000 936 27 27 pä

199 963 36 20 det
253 963 58 21 klara
327 964 47 21 med
391 964 53 21 huru
461 965 40 20 den
517 965 105 21 Karelska
631 965 68 20 banan
711 964 114 29 lyckligast
840 964 66 21 borde
922 964 103 27 sträckas,

201 991 40 21 och
258 991 28 21 dä
300 993 35 27 jag
350 994 23 19 är
389 993 61 27 lifligt
466 993 127 28 öfvertygad
610 1001 32 13 om
655 997 30 17 att
697 993 70 21 denna
783 993 54 20 bana
853 993 23 20 sä
892 996 68 17 varmt
982 1000 45 13 om-

200 1019 68 22 fattas
290 1021 23 20 af
328 1021 97 28 samtliga
448 1021 69 27 ständ,
533 1025 31 18 att
584 1022 49 21 dess
656 1022 105 21 tillkomst
783 1023 24 19 är
821 1021 125 28 betryggad,
962 1021 63 20 äfven

199 1055 33 14 om
258 1049 68 21 denna
349 1049 103 29 landtdag
467 1051 17 27 ej
501 1051 69 20 skulle
594 1050 81 21 besluta
691 1051 33 26 sig
739 1050 34 21 för
793 1050 123 28 byggandet
938 1050 22 21 af
975 1049 53 22 den-

200 1084 86 19 samma,
303 1077 37 22 ber
354 1079 36 27 jag
405 1082 31 17 att
451 1079 23 20 få
497 1079 83 21 ansluta
602 1080 42 26 mig
660 1079 30 20 till
706 1079 34 20 Hr
760 1078 164 28 Björkenheims
940 1078 87 28 förslag.

274 1134 32 21 Hr
328 1135 124 21 Alexander
478 1135 150 21 Aminoff:
658 1135 42 28 Jag
715 1137 23 19 är
754 1143 50 13 ense
820 1135 47 21 med
884 1135 34 21 Hr
932 1135 96 21 Wallen-

203 1162 62 21 sköld
289 1163 79 25 derom,
391 1167 31 17 att
444 1171 26 14 en
493 1164 95 28 följande
605 1164 102 27 landtdag
722 1165 5 19 i
744 1163 116 21 allmänhet
876 1163 65 21 borde
957 1163 70 21 känna

203 1191 33 27 sig
254 1191 84 21 bunden
355 1192 23 20 af
394 1199 25 14 en
435 1193 130 27 föregäende
581 1193 112 27 landtdags
710 1192 69 21 beslut
795 1192 40 21 och
851 1195 32 18 att
897 1191 89 22 sälunda
1002 1199 25 14 en

203 1219 95 28 följande
321 1220 103 28 landtdag
446 1222 18 27 ej
481 1224 50 17 utan
555 1221 96 28 vägande
674 1221 45 21 skäl
744 1221 44 22 bör,
804 1221 76 27 frångå
896 1228 25 13 en
937 1221 91 26 tidigare

202 1247 114 28 landtdags
340 1249 144 28 uppfattning.
513 1249 12 21 I
541 1249 67 21 likhet
630 1249 47 21 med
701 1249 41 21 den
760 1252 85 18 senaste
868 1249 63 20 ärade
946 1249 81 20 talaren

199 1283 62 14 anser
276 1277 35 27 jag
326 1277 64 24 dock,
404 1281 32 17 att
452 1278 84 27 mycket
552 1278 96 27 vägande
664 1278 46 21 skäl
726 1277 105 28 föreligga
847 1277 35 21 för
894 1277 132 28 frångående

199 1305 23 20 af
238 1304 130 28 föregående
384 1306 112 28 landtdags
513 1307 69 20 beslut
599 1308 5 19 i
616 1307 59 27 fråga
691 1314 34 13 om
737 1306 107 21 Karelska
855 1306 79 21 banans
946 1306 80 21 sträck-

199 1334 58 27 ning.
288 1333 33 21 Hr
336 1333 138 22 Svinhufvud
490 1335 38 20 har
542 1334 39 21 här
597 1335 80 28 påmint
693 1343 39 18 om,
749 1338 31 17 att
795 1335 107 20 Karelska
919 1334 68 21 banan
1004 1336 23 19 är

199 1369 24 13 en
241 1362 23 20 af
280 1362 26 21 de
329 1366 54 17 mest
398 1363 104 27 gifvande
524 1363 100 26 banorna,
640 1371 46 13 men
703 1363 34 21 Hr
753 1363 139 21 Svinhufvud
907 1363 38 20 har
959 1363 67 28 glömt

198 1394 30 17 att
244 1390 95 28 tillägga,
351 1394 31 18 att
398 1392 36 20 det
450 1392 56 21 ändå
521 1392 66 21 finnes
604 1392 36 21 vid
653 1392 106 21 Karelska
775 1391 70 22 banan
862 1399 26 13 en
900 1392 126 27 sträckning

199 1419 49 20 med
273 1419 85 28 mycket
381 1420 60 21 klent
464 1421 94 24 resultat,
582 1421 103 27 nämligen
712 1420 219 22 Värtsilä—Joensuu
950 1421 75 19 banan.

199 1446 79 22 Denna
294 1447 34 21 del
350 1450 63 25 utgör
429 1452 31 17 ett
479 1449 109 27 undantag
604 1449 54 20 ifrån
675 1449 36 21 det
727 1449 98 20 omdöme
841 1448 33 21 Hr
890 1447 136 22 Svinhufvud

201 1475 51 27 eljes
269 1476 47 20 med
333 1478 55 19 rätta
410 1477 64 27 gifvit
489 1476 75 22 banan.
595 1477 51 21 Men
663 1477 26 21 då
705 1485 48 13 man
770 1480 59 24 tager
845 1477 58 20 detta
919 1478 5 18 i
942 1476 85 20 betrak-

197 1504 66 20 tande
280 1504 39 21 och
335 1506 26 19 än
380 1506 74 20 vidare
469 1509 60 24 tager
544 1506 6 20 i
567 1505 147 27 betraktande,
731 1508 32 18 att
779 1506 36 20 det
831 1506 47 20 icke
894 1512 28 14 nu
938 1507 23 18 är
976 1504 49 21 huf-
