1078 1742
192 98 42 21 270
456 106 24 16 R.
493 110 18 12 o.
524 106 25 16 A.
562 106 60 17 1908.
647 106 26 17 26
685 106 68 20 April.

192 172 23 21 af
230 172 59 21 detta
313 173 140 27 betänkande,
469 174 55 20 efter
547 176 31 18 att
593 174 65 21 hafva
681 174 40 22 läst
738 174 54 21 blott
807 174 37 21 det
859 175 51 20 sista
927 173 91 21 uttalan-

191 200 44 27 det,
251 202 114 27 väsentligt
387 202 129 26 förändrats,
531 202 66 21 sedan
620 204 35 26 jag
672 204 54 20 varit
741 204 5 19 i
764 202 84 22 tillfälle
867 206 31 18 att
913 202 104 28 genomgå

191 229 37 21 det
245 231 5 19 i
267 229 48 22 dess
331 230 78 22 helhet.
438 230 44 22 Det
497 238 64 21 synes
577 232 50 27 mig,
642 232 5 20 i
664 234 90 18 motsats
770 231 31 21 till
817 231 56 21 hvad
891 231 33 21 Hr
936 230 81 22 Schau-

191 265 56 16 man,
271 258 78 28 Georg,
372 259 104 26 framhöll,
496 260 166 27 otvifvelaktigt,
686 263 31 18 att
740 260 64 21 äfven
828 260 41 21 den
893 260 55 21 kläm
971 266 45 14 som

191 286 166 22 Statsutskottet
372 288 111 27 föreslagit
498 288 56 21 dock
569 288 40 28 gär
623 289 7 20 i
645 296 79 13 samma
741 288 100 28 riktning,
857 296 45 14 som
918 288 36 21 det
965 295 52 17 som,

192 315 67 28 enligt
273 315 56 21 hvad
345 316 93 28 framgär
454 316 23 21 af
493 316 48 22 näd.
549 318 166 27 propositionen,
731 317 23 21 af
768 317 40 21 den
825 317 109 21 inhemska
947 317 70 27 Rege-

191 344 75 27 ringen
289 344 34 21 för
345 344 61 22 Hans
430 345 101 28 Majestät
554 346 38 21 har
613 346 128 27 föreslagits.
771 346 41 27 Jag
828 346 36 20 vill
880 346 48 21 icke
944 345 72 21 vidare

192 372 113 28 uppehålla
328 373 37 21 det
387 373 123 28 Höglofliga
532 374 95 21 ständets
649 374 37 27 tid,
702 377 50 18 utan
769 374 38 21 ber
822 374 60 24 blott,
897 374 69 21 såsom
982 374 35 27 jag

191 401 92 27 tidigare
304 405 53 24 sagt,
373 402 23 21 fä
411 402 131 22 understöda
557 403 42 21 den
615 403 56 21 kläm
688 403 32 21 Hr
736 410 41 14 von
796 402 150 28 Weissenberg
961 402 56 21 före-

191 430 66 27 slagit
271 443 27 3 —
313 430 88 22 hvilken
420 431 55 21 kläm
491 432 35 28 jag
542 439 63 13 anser
620 432 5 20 i
642 439 24 13 en
683 431 67 28 högre
765 431 51 28 grad
833 433 27 19 än
876 431 118 21 uttalandet
1010 432 5 19 i

191 458 176 22 Statsutskottets
389 460 134 21 betänkande
543 460 41 21 och
601 460 27 28 pä
643 463 31 18 ett
689 461 112 20 rättvisare
816 462 43 19 sätt
874 462 26 19 än
917 460 36 20 det
968 460 49 20 sist-

191 488 93 20 nämnda
300 488 101 21 innebära
417 491 30 18 ett
462 488 186 28 tillmötesgående
659 488 23 22 af
692 488 36 22 det
740 488 133 28 berättigade
884 490 5 19 i
901 488 26 22 de
939 488 78 28 yrkan-

191 515 41 21 den
250 516 13 20 &
278 516 131 22 förbättrade
425 517 114 26 förmäner,
554 525 45 13 som
615 518 24 20 af
654 517 161 21 vederbörande
832 517 121 21 framstälts.

261 573 34 21 Hr
313 573 26 21 V.
355 582 56 13 von
428 574 129 28 Wright:
577 574 42 28 Jag
634 574 66 22 mäste
716 576 51 26 säga
784 578 30 17 att
830 574 36 22 det
882 576 18 27 ej
917 574 100 22 förvänar

191 602 50 27 mig,
257 605 30 17 att
310 602 166 22 Statsutskottet
499 604 47 20 icke
563 606 70 18 ansett
648 604 33 26 sig
697 603 70 21 kunna
784 603 86 21 förorda
885 611 25 13 en
924 610 90 21 genom-

189 630 84 28 gäende
295 630 122 29 förhöjning
440 632 22 20 af
485 632 237 28 jernvägspersonalens
742 632 65 21 löner.
837 632 43 20 Det
895 639 63 21 synes
974 632 42 27 mig

191 659 107 27 nämligen
321 662 32 18 att
369 660 26 20 de
415 660 99 26 anspräk,
529 660 74 21 hvilka
619 660 125 21 härutinnan
761 660 123 26 framstälts,
900 662 36 19 äro
952 660 65 28 nägot

191 687 34 21 för
240 687 60 28 längt
321 688 91 27 gäende.
440 688 48 22 Här
510 689 38 21 har
571 689 87 21 anstälts
678 689 122 28 jemförelse
816 689 88 21 emellan
921 689 26 21 de
962 690 7 20 i
985 690 32 20 in-

191 716 96 21 dustrins
302 717 65 27 tjenst
383 718 88 20 stäende
482 717 137 22 arbetarenes
630 718 101 27 ställning
742 718 40 20 och
794 718 26 20 de
832 718 35 20 vid
878 718 138 28 jernvägarne

191 744 104 22 anstälda.
325 745 44 21 Det
384 746 67 21 mäste
468 746 117 21 emellertid
598 749 59 25 tagas
669 747 5 19 i
687 746 148 26 betraktande,
845 750 31 17 att
887 746 27 21 de
925 746 93 21 fordrin-

191 781 43 20 gar,
251 781 45 13 som
312 775 6 19 i
335 774 101 21 afseende
452 774 12 21 ä
479 776 92 26 tjensten
588 775 72 21 ställas
678 774 26 28 pä
714 775 196 28 jernvägsbetjente
922 774 26 29 pä
960 775 56 20 olika

191 805 64 23 orter,
270 804 36 19 äro
329 802 24 21 sä
375 803 63 24 olika,
454 806 31 18 att
507 803 136 28 jemförelsen
666 803 89 21 emellan
772 803 188 21 industriarbetare
976 803 40 21 och

190 831 199 27 jernvägsarbetare
401 832 6 20 i
423 832 115 21 allmänhet
555 832 39 20 blir
609 832 106 21 haltande.
745 832 45 21 Det
800 834 23 18 är
834 839 26 13 en
871 832 145 21 utomordent-

191 859 39 28 ligt
246 863 45 18 stor
313 860 83 21 skilnad
421 860 76 21 mellan
513 860 41 21 den
571 860 107 27 ställning,
694 868 44 13 som
756 861 130 28 exempelvis
903 868 25 14 en
946 861 71 20 vexel-

191 888 45 21 karl
261 889 27 28 pä
303 897 25 12 en
351 890 78 20 station
454 889 47 21 med
518 892 45 18 stor
583 889 61 21 trafik
660 890 88 27 intager,
764 889 39 21 och
819 889 41 21 den
877 889 40 22 han
935 890 82 27 intager

191 916 28 28 pä
234 925 28 12 en
285 919 84 24 station,
385 917 38 21 der
446 917 104 22 måhända
573 917 75 22 endast
664 919 14 20 4
693 920 13 19 A
721 919 12 20 5
750 918 52 21 eller
817 919 12 20 6
845 918 37 27 tåg
898 925 32 14 om
947 918 68 27 dagen

191 953 93 20 passera.
313 946 46 21 Der
373 948 93 26 spännas
489 946 47 21 icke
553 954 103 13 nerverna
672 946 26 28 pä
714 946 60 27 längt
790 948 37 19 när
843 947 4 20 i
864 954 79 13 samma
958 946 59 28 grad,

191 981 45 14 som
254 975 5 20 i
276 974 121 22 industrielt
415 975 79 26 arbete,
510 975 77 20 sädant
603 975 36 20 det
654 975 34 20 för
703 975 134 20 närvarande
854 975 106 21 bedrifves
976 975 40 21 och

189 1002 70 21 mäste
276 1003 113 21 bedrifvas.
419 1003 30 21 Af
465 1003 58 21 detta
543 1003 46 21 skäl
606 1003 94 21 kommer
719 1004 36 27 jag
770 1003 31 21 till
818 1003 41 21 den
876 1004 93 25 slutsats,
985 1007 31 17 att

189 1031 240 28 jernvägspersonalens
452 1032 118 27 aflöningar
586 1032 50 21 böra
652 1032 98 28 afpassas
767 1032 55 21 efter
838 1032 40 21 den
896 1032 121 28 sysselsätt-

189 1061 52 26 ning
257 1060 27 21 de
305 1061 63 20 hafva
385 1061 39 20 och
446 1064 31 17 att
492 1061 91 20 sålunda
598 1060 22 21 ät
636 1061 93 27 betjente
745 1060 48 21 med
810 1068 26 13 en
852 1061 164 27 ansträngande

189 1088 70 28 sysslä
275 1096 64 20 gerna
364 1089 34 20 mä
413 1089 81 21 betalas
518 1089 65 28 högre
600 1089 99 27 aflöning,
715 1096 47 13 men
780 1089 33 21 för
828 1089 78 25 arbete,
922 1097 45 12 som
984 1092 33 17 ut-

189 1117 58 20 föres
264 1117 27 28 pä
306 1117 57 21 stilla
386 1117 208 22 landsortsstationer
617 1117 40 21 och
672 1117 13 21 &
700 1117 114 21 ödemarks
837 1117 140 21 bansträekor
992 1119 24 19 är

189 1145 37 21 det
242 1146 48 21 icke
306 1145 22 21 af
344 1146 69 21 nöden
430 1149 31 18 att
476 1146 63 21 lönen
555 1147 23 20 är
593 1145 23 22 sä
632 1145 47 28 hög.
704 1146 42 27 Jag
761 1153 62 14 anser
834 1149 31 18 att
877 1146 37 21 det
924 1148 23 18 är
958 1150 58 17 otve-

188 1173 72 28 tydigt
282 1177 31 18 att
335 1177 68 18 staten
426 1175 5 20 i
448 1174 115 21 allmänhet
587 1174 80 21 betalar
689 1175 47 20 sina
757 1175 96 20 arbetare
878 1175 48 20 vida
950 1174 65 28 högre

189 1204 26 19 än
239 1202 104 26 enskilde,
359 1203 28 20 dä
403 1203 35 21 det
457 1205 23 18 är
495 1203 62 27 fråga
572 1211 33 12 om
621 1203 97 21 arbetare
733 1203 6 20 i
756 1203 59 28 lägre
830 1203 108 27 ställning,
954 1203 40 21 och
1010 1204 5 19 i

188 1231 75 27 nägon
279 1231 53 21 män
354 1231 42 21 kan
411 1231 59 21 detta
494 1239 49 13 vara
563 1231 134 28 berättigadt,
713 1239 48 13 men
778 1239 47 13 man
843 1232 37 20 bör
896 1231 55 21 dock
968 1232 47 21 icke

187 1260 28 27 gä
238 1259 36 21 för
296 1259 59 28 längt
377 1261 7 20 i
406 1260 105 28 yrkandet
537 1260 73 27 härpä.
648 1260 47 21 Den
717 1260 129 28 jemförelse,
868 1267 45 14 som
938 1260 22 20 af
982 1260 35 21 Hr

189 1295 40 14 von
249 1288 151 28 Weissenberg
422 1289 67 27 gjorts
513 1288 132 21 beträffande
660 1289 228 20 industriarbetarenes
904 1288 40 21 och
960 1289 57 28 jern-

189 1317 191 26 vägsarbetarenes
403 1317 107 27 ställning,
531 1324 63 21 synes
618 1317 42 27 mig
682 1317 47 21 icke
751 1325 50 13 vara
817 1317 49 20 fullt
881 1317 71 27 riktig.
983 1317 34 21 Hr

188 1352 44 13 von
249 1345 154 28 Weissenberg
419 1346 98 23 nämnde,
532 1349 32 17 att
579 1353 26 13 en
622 1345 76 21 mälare
715 1345 52 21 eller
778 1353 83 13 murare
872 1345 40 21 kan
924 1345 92 28 förtjena

188 1375 11 19 7
216 1375 13 19 4
242 1374 14 20 8
272 1374 59 20 mark
347 1381 34 13 om
397 1373 75 29 dagen,
502 1374 66 21 Detta
583 1375 24 19 är
622 1374 79 27 riktigt,
717 1381 48 14 men
782 1374 91 21 mälaren
890 1373 40 21 och
947 1381 69 14 mura-

187 1409 37 13 ren
240 1401 103 22 har"icke
359 1402 46 21 året
421 1410 33 13 om
471 1402 79 26 arbete,
565 1405 50 18 utan
632 1402 75 21 endast
722 1410 26 13 en
764 1402 35 21 del
810 1403 23 20 af
844 1402 50 26 året,
906 1402 110 21 hvaremot

188 1430 27 21 de
231 1431 5 20 i
254 1433 81 18 statens
354 1431 65 27 tjenst
435 1431 89 20 stäende
540 1431 124 21 arbetarena
679 1431 65 20 hafva
762 1438 79 13 samma
858 1431 33 20 lön
908 1431 47 20 hela
971 1431 46 20 äret

187 1466 41 13 om.
259 1459 74 20 Ehuru
349 1459 36 28 jag
400 1459 83 21 således
500 1459 47 21 icke
564 1459 41 20 kan
621 1459 113 28 godkänna
750 1459 42 21 alla
807 1459 27 20 de
847 1457 125 29 premisser,
980 1458 36 49 på

187 1487 74 21 hvilka
284 1487 34 21 Hr
333 1495 42 13 von
392 1487 153 28 Weissenberg
561 1487 59 21 stödt
635 1489 46 20 sina
696 1487 80 28 åsigter
793 1487 35 21 vid
845 1487 171 21 framställandet
