<?xml version="1.0" encoding="UTF-8"?>
<alto xmlns="http://www.loc.gov/standards/alto/ns-v3#" xmlns:xlink="http://www.w3.org/1999/xlink" xmlns:xsi="http://www.w3.org/2001/XMLSchema-instance" xsi:schemaLocation="http://www.loc.gov/standards/alto/ns-v3# http://www.loc.gov/alto/v3/alto-3-0.xsd">
	<Description>
		<MeasurementUnit>pixel</MeasurementUnit>
		<sourceImageInformation>
			<fileName>/tmp/tess_3f6fc0jw_input.PNG</fileName>
		</sourceImageInformation>
		<OCRProcessing ID="OCR_0">
			<ocrProcessingStep>
				<processingSoftware>
					<softwareName>tesseract 5.3.4</softwareName>
				</processingSoftware>
			</ocrProcessingStep>
		</OCRProcessing>
	</Description>
	<Layout>
		<Page WIDTH="1078" HEIGHT="1739" PHYSICAL_IMG_NR="0" ID="page_0">
			<PrintSpace HPOS="0" VPOS="0" WIDTH="1078" HEIGHT="1739">
				<ComposedBlock ID="cblock_0" HPOS="376" VPOS="116" WIDTH="492" HEIGHT="33">
					<TextBlock ID="block_0" HPOS="376" VPOS="116" WIDTH="492" HEIGHT="33">
						<TextLine ID="line_0" HPOS="376" VPOS="116" WIDTH="492" HEIGHT="33">
							<String ID="string_0" HPOS="376" VPOS="116" WIDTH="161" HEIGHT="33" WC="0.89" CONTENT="Näringslagen."/><SP WIDTH="291" VPOS="116" HPOS="537"/>
							<String ID="string_1" HPOS="828" VPOS="117" WIDTH="40" HEIGHT="22" WC="0.96" CONTENT="307"/>
						</TextLine>
					</TextBlock>
				</ComposedBlock>
				<GraphicalElement ID="cblock_1" HPOS="45" VPOS="150" WIDTH="825" HEIGHT="9"></GraphicalElement >
				<ComposedBlock ID="cblock_2" HPOS="44" VPOS="191" WIDTH="826" HEIGHT="202">
					<TextBlock ID="block_1" HPOS="44" VPOS="191" WIDTH="826" HEIGHT="202">
						<TextLine ID="line_1" HPOS="113" VPOS="191" WIDTH="756" HEIGHT="23">
							<String ID="string_2" HPOS="113" VPOS="193" WIDTH="58" HEIGHT="21" WC="0.88" CONTENT="Frih."/><SP WIDTH="16" VPOS="193" HPOS="171"/>
							<String ID="string_3" HPOS="187" VPOS="192" WIDTH="67" HEIGHT="22" WC="0.95" CONTENT="Adolf"/><SP WIDTH="20" VPOS="192" HPOS="254"/>
							<String ID="string_4" HPOS="274" VPOS="200" WIDTH="57" HEIGHT="14" WC="0.96" CONTENT="von"/><SP WIDTH="17" VPOS="200" HPOS="331"/>
							<String ID="string_5" HPOS="348" VPOS="192" WIDTH="186" HEIGHT="22" WC="0.95" CONTENT="Bonsdorff:"/><SP WIDTH="24" VPOS="192" HPOS="534"/>
							<String ID="string_6" HPOS="558" VPOS="193" WIDTH="39" HEIGHT="20" WC="0.96" CONTENT="Att"/><SP WIDTH="16" VPOS="193" HPOS="597"/>
							<String ID="string_7" HPOS="613" VPOS="192" WIDTH="47" HEIGHT="21" WC="0.93" CONTENT="från"/><SP WIDTH="16" VPOS="192" HPOS="660"/>
							<String ID="string_8" HPOS="676" VPOS="192" WIDTH="131" HEIGHT="21" WC="0.91" CONTENT="Ständernas"/><SP WIDTH="16" VPOS="192" HPOS="807"/>
							<String ID="string_9" HPOS="823" VPOS="191" WIDTH="46" HEIGHT="22" WC="0.96" CONTENT="sida"/>
						</TextLine>
						<TextLine ID="line_2" HPOS="45" VPOS="221" WIDTH="824" HEIGHT="28">
							<String ID="string_10" HPOS="45" VPOS="221" WIDTH="139" HEIGHT="28" WC="0.92" CONTENT="ovilkorligen"/><SP WIDTH="25" VPOS="221" HPOS="184"/>
							<String ID="string_11" HPOS="209" VPOS="221" WIDTH="65" HEIGHT="28" WC="0.96" CONTENT="något"/><SP WIDTH="23" VPOS="221" HPOS="274"/>
							<String ID="string_12" HPOS="297" VPOS="221" WIDTH="39" HEIGHT="22" WC="0.96" CONTENT="bör"/><SP WIDTH="21" VPOS="221" HPOS="336"/>
							<String ID="string_13" HPOS="357" VPOS="223" WIDTH="63" HEIGHT="26" WC="0.96" CONTENT="göras"/><SP WIDTH="16" VPOS="223" HPOS="420"/>
							<String ID="string_14" HPOS="436" VPOS="222" WIDTH="5" HEIGHT="20" WC="0.96" CONTENT="i"/><SP WIDTH="16" VPOS="222" HPOS="441"/>
							<String ID="string_15" HPOS="457" VPOS="221" WIDTH="117" HEIGHT="28" WC="0.96" CONTENT="anledning"/><SP WIDTH="19" VPOS="221" HPOS="574"/>
							<String ID="string_16" HPOS="593" VPOS="221" WIDTH="24" HEIGHT="21" WC="0.96" CONTENT="af"/><SP WIDTH="14" VPOS="221" HPOS="617"/>
							<String ID="string_17" HPOS="631" VPOS="221" WIDTH="42" HEIGHT="21" WC="0.93" CONTENT="den"/><SP WIDTH="16" VPOS="221" HPOS="673"/>
							<String ID="string_18" HPOS="689" VPOS="221" WIDTH="180" HEIGHT="26" WC="0.91" CONTENT="rättskränkning,"/>
						</TextLine>
						<TextLine ID="line_3" HPOS="45" VPOS="248" WIDTH="824" HEIGHT="30">
							<String ID="string_19" HPOS="45" VPOS="257" WIDTH="33" HEIGHT="14" WC="0.95" CONTENT="om"/><SP WIDTH="25" VPOS="257" HPOS="78"/>
							<String ID="string_20" HPOS="103" VPOS="250" WIDTH="88" HEIGHT="21" WC="0.95" CONTENT="hvilken"/><SP WIDTH="24" VPOS="250" HPOS="191"/>
							<String ID="string_21" HPOS="215" VPOS="249" WIDTH="33" HEIGHT="22" WC="0.96" CONTENT="Hr"/><SP WIDTH="20" VPOS="249" HPOS="248"/>
							<String ID="string_22" HPOS="268" VPOS="249" WIDTH="121" HEIGHT="22" WC="0.96" CONTENT="Schauman"/><SP WIDTH="17" VPOS="249" HPOS="389"/>
							<String ID="string_23" HPOS="406" VPOS="257" WIDTH="49" HEIGHT="21" WC="0.95" CONTENT="nyss"/><SP WIDTH="16" VPOS="257" HPOS="455"/>
							<String ID="string_24" HPOS="471" VPOS="249" WIDTH="85" HEIGHT="29" WC="0.96" CONTENT="yttrade"/><SP WIDTH="21" VPOS="249" HPOS="556"/>
							<String ID="string_25" HPOS="577" VPOS="250" WIDTH="39" HEIGHT="27" WC="0.96" CONTENT="sig,"/><SP WIDTH="15" VPOS="250" HPOS="616"/>
							<String ID="string_26" HPOS="631" VPOS="249" WIDTH="38" HEIGHT="22" WC="0.96" CONTENT="har"/><SP WIDTH="20" VPOS="249" HPOS="669"/>
							<String ID="string_27" HPOS="689" VPOS="250" WIDTH="35" HEIGHT="28" WC="0.96" CONTENT="jag"/><SP WIDTH="15" VPOS="250" HPOS="724"/>
							<String ID="string_28" HPOS="739" VPOS="249" WIDTH="65" HEIGHT="21" WC="0.93" CONTENT="redan"/><SP WIDTH="15" VPOS="249" HPOS="804"/>
							<String ID="string_29" HPOS="819" VPOS="248" WIDTH="50" HEIGHT="22" WC="0.92" CONTENT="tidi-"/>
						</TextLine>
						<TextLine ID="line_4" HPOS="44" VPOS="277" WIDTH="824" HEIGHT="30">
							<String ID="string_30" HPOS="44" VPOS="286" WIDTH="51" HEIGHT="20" WC="0.96" CONTENT="gare"/><SP WIDTH="25" VPOS="286" HPOS="95"/>
							<String ID="string_31" HPOS="120" VPOS="278" WIDTH="74" HEIGHT="21" WC="0.92" CONTENT="tillåtit"/><SP WIDTH="22" VPOS="278" HPOS="194"/>
							<String ID="string_32" HPOS="216" VPOS="279" WIDTH="42" HEIGHT="28" WC="0.95" CONTENT="mig"/><SP WIDTH="22" VPOS="279" HPOS="258"/>
							<String ID="string_33" HPOS="280" VPOS="278" WIDTH="117" HEIGHT="22" WC="0.94" CONTENT="framhålla."/><SP WIDTH="29" VPOS="278" HPOS="397"/>
							<String ID="string_34" HPOS="426" VPOS="278" WIDTH="42" HEIGHT="28" WC="0.95" CONTENT="Jag"/><SP WIDTH="25" VPOS="278" HPOS="468"/>
							<String ID="string_35" HPOS="493" VPOS="278" WIDTH="40" HEIGHT="21" WC="0.96" CONTENT="kan"/><SP WIDTH="24" VPOS="278" HPOS="533"/>
							<String ID="string_36" HPOS="557" VPOS="279" WIDTH="49" HEIGHT="21" WC="0.96" CONTENT="icke"/><SP WIDTH="15" VPOS="279" HPOS="606"/>
							<String ID="string_37" HPOS="621" VPOS="281" WIDTH="75" HEIGHT="25" WC="0.96" CONTENT="genast"/><SP WIDTH="16" VPOS="281" HPOS="696"/>
							<String ID="string_38" HPOS="712" VPOS="277" WIDTH="57" HEIGHT="22" WC="0.96" CONTENT="bilda"/><SP WIDTH="16" VPOS="277" HPOS="769"/>
							<String ID="string_39" HPOS="785" VPOS="278" WIDTH="42" HEIGHT="27" WC="0.96" CONTENT="mig"/><SP WIDTH="15" VPOS="278" HPOS="827"/>
							<String ID="string_40" HPOS="842" VPOS="285" WIDTH="26" HEIGHT="13" WC="0.96" CONTENT="en"/>
						</TextLine>
						<TextLine ID="line_5" HPOS="45" VPOS="305" WIDTH="825" HEIGHT="30">
							<String ID="string_41" HPOS="45" VPOS="307" WIDTH="139" HEIGHT="28" WC="0.96" CONTENT="uppfattning"/><SP WIDTH="15" VPOS="307" HPOS="184"/>
							<String ID="string_42" HPOS="199" VPOS="314" WIDTH="41" HEIGHT="19" WC="0.96" CONTENT="om,"/><SP WIDTH="15" VPOS="314" HPOS="240"/>
							<String ID="string_43" HPOS="255" VPOS="307" WIDTH="106" HEIGHT="21" WC="0.96" CONTENT="huruvida"/><SP WIDTH="22" VPOS="307" HPOS="361"/>
							<String ID="string_44" HPOS="383" VPOS="307" WIDTH="38" HEIGHT="21" WC="0.96" CONTENT="det"/><SP WIDTH="19" VPOS="307" HPOS="421"/>
							<String ID="string_45" HPOS="440" VPOS="307" WIDTH="23" HEIGHT="21" WC="0.96" CONTENT="af"/><SP WIDTH="15" VPOS="307" HPOS="463"/>
							<String ID="string_46" HPOS="478" VPOS="307" WIDTH="34" HEIGHT="21" WC="0.96" CONTENT="Hr"/><SP WIDTH="18" VPOS="307" HPOS="512"/>
							<String ID="string_47" HPOS="530" VPOS="307" WIDTH="120" HEIGHT="21" WC="0.96" CONTENT="Schauman"/><SP WIDTH="16" VPOS="307" HPOS="650"/>
							<String ID="string_48" HPOS="666" VPOS="307" WIDTH="121" HEIGHT="27" WC="0.93" CONTENT="föreslagna"/><SP WIDTH="15" VPOS="307" HPOS="787"/>
							<String ID="string_49" HPOS="802" VPOS="305" WIDTH="68" HEIGHT="22" WC="0.91" CONTENT="förfa-"/>
						</TextLine>
						<TextLine ID="line_6" HPOS="45" VPOS="333" WIDTH="825" HEIGHT="31">
							<String ID="string_50" HPOS="45" VPOS="337" WIDTH="124" HEIGHT="26" WC="0.91" CONTENT="ringssättet"/><SP WIDTH="17" VPOS="337" HPOS="169"/>
							<String ID="string_51" HPOS="186" VPOS="343" WIDTH="51" HEIGHT="14" WC="0.96" CONTENT="vore"/><SP WIDTH="15" VPOS="343" HPOS="237"/>
							<String ID="string_52" HPOS="252" VPOS="335" WIDTH="37" HEIGHT="22" WC="0.96" CONTENT="det"/><SP WIDTH="14" VPOS="335" HPOS="289"/>
							<String ID="string_53" HPOS="303" VPOS="336" WIDTH="85" HEIGHT="28" WC="0.96" CONTENT="riktiga,"/><SP WIDTH="18" VPOS="336" HPOS="388"/>
							<String ID="string_54" HPOS="406" VPOS="343" WIDTH="47" HEIGHT="14" WC="0.96" CONTENT="men"/><SP WIDTH="19" VPOS="343" HPOS="453"/>
							<String ID="string_55" HPOS="472" VPOS="339" WIDTH="31" HEIGHT="18" WC="0.93" CONTENT="att"/><SP WIDTH="15" VPOS="339" HPOS="503"/>
							<String ID="string_56" HPOS="518" VPOS="335" WIDTH="121" HEIGHT="22" WC="0.91" CONTENT="Ständerna"/><SP WIDTH="15" VPOS="335" HPOS="639"/>
							<String ID="string_57" HPOS="654" VPOS="335" WIDTH="66" HEIGHT="21" WC="0.96" CONTENT="borde"/><SP WIDTH="16" VPOS="335" HPOS="720"/>
							<String ID="string_58" HPOS="736" VPOS="335" WIDTH="87" HEIGHT="27" WC="0.93" CONTENT="vidtaga"/><SP WIDTH="14" VPOS="335" HPOS="823"/>
							<String ID="string_59" HPOS="837" VPOS="333" WIDTH="33" HEIGHT="22" WC="0.93" CONTENT="åt-"/>
						</TextLine>
						<TextLine ID="line_7" HPOS="45" VPOS="364" WIDTH="361" HEIGHT="29">
							<String ID="string_60" HPOS="45" VPOS="364" WIDTH="82" HEIGHT="28" WC="0.96" CONTENT="gärder,"/><SP WIDTH="16" VPOS="364" HPOS="127"/>
							<String ID="string_61" HPOS="143" VPOS="371" WIDTH="63" HEIGHT="21" WC="0.96" CONTENT="synes"/><SP WIDTH="16" VPOS="371" HPOS="206"/>
							<String ID="string_62" HPOS="222" VPOS="365" WIDTH="43" HEIGHT="28" WC="0.96" CONTENT="mig"/><SP WIDTH="15" VPOS="365" HPOS="265"/>
							<String ID="string_63" HPOS="280" VPOS="365" WIDTH="126" HEIGHT="28" WC="0.96" CONTENT="uppenbart."/>
						</TextLine>
					</TextBlock>
				</ComposedBlock>
				<ComposedBlock ID="cblock_3" HPOS="45" VPOS="419" WIDTH="826" HEIGHT="259">
					<TextBlock ID="block_2" HPOS="45" VPOS="419" WIDTH="826" HEIGHT="138">
						<TextLine ID="line_8" HPOS="115" VPOS="419" WIDTH="754" HEIGHT="28">
							<String ID="string_64" HPOS="115" VPOS="421" WIDTH="71" HEIGHT="22" WC="0.93" CONTENT="Sedan"/><SP WIDTH="26" VPOS="421" HPOS="186"/>
							<String ID="string_65" HPOS="212" VPOS="421" WIDTH="150" HEIGHT="22" WC="0.93" CONTENT="diskussionen"/><SP WIDTH="26" VPOS="421" HPOS="362"/>
							<String ID="string_66" HPOS="388" VPOS="421" WIDTH="87" HEIGHT="22" WC="0.96" CONTENT="härmed"/><SP WIDTH="25" VPOS="421" HPOS="475"/>
							<String ID="string_67" HPOS="500" VPOS="421" WIDTH="116" HEIGHT="22" WC="0.93" CONTENT="förklarats"/><SP WIDTH="25" VPOS="421" HPOS="616"/>
							<String ID="string_68" HPOS="641" VPOS="420" WIDTH="101" HEIGHT="27" WC="0.91" CONTENT="afslutad,"/><SP WIDTH="14" VPOS="420" HPOS="742"/>
							<String ID="string_69" HPOS="756" VPOS="420" WIDTH="56" HEIGHT="21" WC="0.96" CONTENT="fäste"/><SP WIDTH="23" VPOS="420" HPOS="812"/>
							<String ID="string_70" HPOS="835" VPOS="419" WIDTH="34" HEIGHT="22" WC="0.91" CONTENT="Hr"/>
						</TextLine>
						<TextLine ID="line_9" HPOS="47" VPOS="449" WIDTH="824" HEIGHT="30">
							<String ID="string_71" HPOS="47" VPOS="450" WIDTH="207" HEIGHT="21" WC="0.91" CONTENT="Landtmarskalken"/><SP WIDTH="26" VPOS="450" HPOS="254"/>
							<String ID="string_72" HPOS="280" VPOS="450" WIDTH="102" HEIGHT="22" WC="0.91" CONTENT="Ständets"/><SP WIDTH="26" VPOS="450" HPOS="382"/>
							<String ID="string_73" HPOS="408" VPOS="450" WIDTH="187" HEIGHT="29" WC="0.96" CONTENT="uppmärksamhet"/><SP WIDTH="22" VPOS="450" HPOS="595"/>
							<String ID="string_74" HPOS="617" VPOS="450" WIDTH="36" HEIGHT="21" WC="0.96" CONTENT="vid"/><SP WIDTH="17" VPOS="450" HPOS="653"/>
							<String ID="string_75" HPOS="670" VPOS="453" WIDTH="31" HEIGHT="18" WC="0.93" CONTENT="att"/><SP WIDTH="15" VPOS="453" HPOS="701"/>
							<String ID="string_76" HPOS="716" VPOS="449" WIDTH="106" HEIGHT="22" WC="0.92" CONTENT="derunder"/><SP WIDTH="13" VPOS="449" HPOS="822"/>
							<String ID="string_77" HPOS="835" VPOS="456" WIDTH="36" HEIGHT="21" WC="0.93" CONTENT="yr-"/>
						</TextLine>
						<TextLine ID="line_10" HPOS="46" VPOS="477" WIDTH="823" HEIGHT="30">
							<String ID="string_78" HPOS="46" VPOS="478" WIDTH="84" HEIGHT="22" WC="0.92" CONTENT="kanden"/><SP WIDTH="17" VPOS="478" HPOS="130"/>
							<String ID="string_79" HPOS="147" VPOS="479" WIDTH="66" HEIGHT="28" WC="0.96" CONTENT="gjorts"/><SP WIDTH="16" VPOS="479" HPOS="213"/>
							<String ID="string_80" HPOS="229" VPOS="478" WIDTH="40" HEIGHT="22" WC="0.93" CONTENT="och"/><SP WIDTH="17" VPOS="478" HPOS="269"/>
							<String ID="string_81" HPOS="286" VPOS="479" WIDTH="73" HEIGHT="21" WC="0.88" CONTENT="blifvit"/><SP WIDTH="12" VPOS="479" HPOS="359"/>
							<String ID="string_82" HPOS="371" VPOS="478" WIDTH="146" HEIGHT="22" WC="0.92" CONTENT="understödda"/><SP WIDTH="13" VPOS="478" HPOS="517"/>
							<String ID="string_83" HPOS="530" VPOS="479" WIDTH="80" HEIGHT="26" WC="0.93" CONTENT="derom,"/><SP WIDTH="12" VPOS="479" HPOS="610"/>
							<String ID="string_84" HPOS="622" VPOS="482" WIDTH="32" HEIGHT="18" WC="0.93" CONTENT="att"/><SP WIDTH="15" VPOS="482" HPOS="654"/>
							<String ID="string_85" HPOS="669" VPOS="477" WIDTH="141" HEIGHT="23" WC="0.92" CONTENT="förevarande"/><SP WIDTH="11" VPOS="477" HPOS="810"/>
							<String ID="string_86" HPOS="821" VPOS="477" WIDTH="48" HEIGHT="21" WC="0.92" CONTENT="näd."/>
						</TextLine>
						<TextLine ID="line_11" HPOS="45" VPOS="506" WIDTH="825" HEIGHT="51">
							<String ID="string_87" HPOS="45" VPOS="515" WIDTH="61" HEIGHT="42" WC="0.17" CONTENT="pe"/><SP WIDTH="15" VPOS="515" HPOS="106"/>
							<String ID="string_88" HPOS="121" VPOS="508" WIDTH="66" HEIGHT="20" WC="0.92" CONTENT="mätte"/><SP WIDTH="16" VPOS="508" HPOS="187"/>
							<String ID="string_89" HPOS="203" VPOS="508" WIDTH="117" HEIGHT="21" WC="0.90" CONTENT="remitteras"/><SP WIDTH="23" VPOS="508" HPOS="320"/>
							<String ID="string_90" HPOS="343" VPOS="508" WIDTH="60" HEIGHT="21" WC="0.90" CONTENT="säväl"/><SP WIDTH="21" VPOS="508" HPOS="403"/>
							<String ID="string_91" HPOS="424" VPOS="508" WIDTH="31" HEIGHT="21" WC="0.93" CONTENT="tili"/><SP WIDTH="16" VPOS="508" HPOS="455"/>
							<String ID="string_92" HPOS="471" VPOS="508" WIDTH="57" HEIGHT="28" WC="0.93" CONTENT="Lag-"/><SP WIDTH="15" VPOS="508" HPOS="528"/>
							<String ID="string_93" HPOS="543" VPOS="515" WIDTH="45" HEIGHT="14" WC="0.96" CONTENT="som"/><SP WIDTH="16" VPOS="515" HPOS="588"/>
							<String ID="string_94" HPOS="604" VPOS="508" WIDTH="32" HEIGHT="20" WC="0.93" CONTENT="till"/><SP WIDTH="15" VPOS="508" HPOS="636"/>
							<String ID="string_95" HPOS="651" VPOS="506" WIDTH="219" HEIGHT="26" WC="0.92" CONTENT="Ekonomiutskottet,"/>
						</TextLine>
					</TextBlock>
					<TextBlock ID="block_3" HPOS="45" VPOS="535" WIDTH="826" HEIGHT="143">
						<TextLine ID="line_12" HPOS="61" VPOS="535" WIDTH="810" HEIGHT="29">
							<String ID="string_96" HPOS="61" VPOS="539" WIDTH="96" HEIGHT="18" WC="0.92" CONTENT="varemot"/><SP WIDTH="14" VPOS="539" HPOS="157"/>
							<String ID="string_97" HPOS="171" VPOS="536" WIDTH="257" HEIGHT="22" WC="0.92" CONTENT="Talmanskonferensens"/><SP WIDTH="14" VPOS="536" HPOS="428"/>
							<String ID="string_98" HPOS="442" VPOS="536" WIDTH="80" HEIGHT="28" WC="0.93" CONTENT="förslag"/><SP WIDTH="10" VPOS="536" HPOS="522"/>
							<String ID="string_99" HPOS="532" VPOS="536" WIDTH="48" HEIGHT="22" WC="0.87" CONTENT="icke"/><SP WIDTH="18" VPOS="536" HPOS="580"/>
							<String ID="string_100" HPOS="598" VPOS="536" WIDTH="23" HEIGHT="22" WC="0.93" CONTENT="af"/><SP WIDTH="10" VPOS="536" HPOS="621"/>
							<String ID="string_101" HPOS="631" VPOS="536" WIDTH="68" HEIGHT="28" WC="0.93" CONTENT="nägon"/><SP WIDTH="17" VPOS="536" HPOS="699"/>
							<String ID="string_102" HPOS="716" VPOS="536" WIDTH="73" HEIGHT="21" WC="0.92" CONTENT="blifvit"/><SP WIDTH="14" VPOS="536" HPOS="789"/>
							<String ID="string_103" HPOS="803" VPOS="535" WIDTH="68" HEIGHT="21" WC="0.93" CONTENT="föror-"/>
						</TextLine>
						<TextLine ID="line_13" HPOS="45" VPOS="563" WIDTH="825" HEIGHT="23">
							<String ID="string_104" HPOS="45" VPOS="564" WIDTH="58" HEIGHT="21" WC="0.92" CONTENT="dadt."/><SP WIDTH="17" VPOS="564" HPOS="103"/>
							<String ID="string_105" HPOS="120" VPOS="564" WIDTH="45" HEIGHT="21" WC="0.93" CONTENT="Vid"/><SP WIDTH="16" VPOS="564" HPOS="165"/>
							<String ID="string_106" HPOS="181" VPOS="564" WIDTH="76" HEIGHT="22" WC="0.93" CONTENT="sädant"/><SP WIDTH="15" VPOS="564" HPOS="257"/>
							<String ID="string_107" HPOS="272" VPOS="564" WIDTH="134" HEIGHT="22" WC="0.90" CONTENT="förhällande"/><SP WIDTH="15" VPOS="564" HPOS="406"/>
							<String ID="string_108" HPOS="421" VPOS="565" WIDTH="118" HEIGHT="21" WC="0.92" CONTENT="hemstälde"/><SP WIDTH="23" VPOS="565" HPOS="539"/>
							<String ID="string_109" HPOS="562" VPOS="564" WIDTH="34" HEIGHT="22" WC="0.93" CONTENT="Hr"/><SP WIDTH="19" VPOS="564" HPOS="596"/>
							<String ID="string_110" HPOS="615" VPOS="564" WIDTH="207" HEIGHT="22" WC="0.92" CONTENT="Landtmarskalken"/><SP WIDTH="15" VPOS="564" HPOS="822"/>
							<String ID="string_111" HPOS="837" VPOS="563" WIDTH="33" HEIGHT="21" WC="0.96" CONTENT="till"/>
						</TextLine>
						<TextLine ID="line_14" HPOS="46" VPOS="591" WIDTH="824" HEIGHT="30">
							<String ID="string_112" HPOS="46" VPOS="592" WIDTH="99" HEIGHT="28" WC="0.92" CONTENT="Ständet,"/><SP WIDTH="23" VPOS="592" HPOS="145"/>
							<String ID="string_113" HPOS="168" VPOS="593" WIDTH="105" HEIGHT="21" WC="0.93" CONTENT="huruvida"/><SP WIDTH="16" VPOS="593" HPOS="273"/>
							<String ID="string_114" HPOS="289" VPOS="594" WIDTH="117" HEIGHT="20" WC="0.91" CONTENT="detsamma"/><SP WIDTH="20" VPOS="594" HPOS="406"/>
							<String ID="string_115" HPOS="426" VPOS="594" WIDTH="50" HEIGHT="21" WC="0.93" CONTENT="ville"/><SP WIDTH="16" VPOS="594" HPOS="476"/>
							<String ID="string_116" HPOS="492" VPOS="594" WIDTH="107" HEIGHT="20" WC="0.92" CONTENT="remittera"/><SP WIDTH="16" VPOS="594" HPOS="599"/>
							<String ID="string_117" HPOS="615" VPOS="593" WIDTH="70" HEIGHT="21" WC="0.93" CONTENT="denna"/><SP WIDTH="16" VPOS="593" HPOS="685"/>
							<String ID="string_118" HPOS="701" VPOS="592" WIDTH="47" HEIGHT="22" WC="0.92" CONTENT="näd."/><SP WIDTH="16" VPOS="592" HPOS="748"/>
							<String ID="string_119" HPOS="764" VPOS="600" WIDTH="59" HEIGHT="21" WC="0.92" CONTENT="prop."/><SP WIDTH="14" VPOS="600" HPOS="823"/>
							<String ID="string_120" HPOS="837" VPOS="591" WIDTH="33" HEIGHT="22" WC="0.96" CONTENT="till"/>
						</TextLine>
						<TextLine ID="line_15" HPOS="46" VPOS="620" WIDTH="817" HEIGHT="30">
							<String ID="string_121" HPOS="46" VPOS="622" WIDTH="59" HEIGHT="20" WC="0.89" CONTENT="såväl"/><SP WIDTH="26" VPOS="622" HPOS="105"/>
							<String ID="string_122" HPOS="131" VPOS="621" WIDTH="152" HEIGHT="29" WC="0.92" CONTENT="Lagutskottet"/><SP WIDTH="25" VPOS="621" HPOS="283"/>
							<String ID="string_123" HPOS="308" VPOS="629" WIDTH="45" HEIGHT="15" WC="0.91" CONTENT="som"/><SP WIDTH="31" VPOS="629" HPOS="353"/>
							<String ID="string_124" HPOS="384" VPOS="622" WIDTH="224" HEIGHT="26" WC="0.82" CONTENT="Ekonomiutskottet;"/><SP WIDTH="25" VPOS="622" HPOS="608"/>
							<String ID="string_125" HPOS="633" VPOS="622" WIDTH="85" HEIGHT="21" WC="0.91" CONTENT="hvartill"/><SP WIDTH="30" VPOS="622" HPOS="718"/>
							<String ID="string_126" HPOS="748" VPOS="622" WIDTH="26" HEIGHT="20" WC="0.96" CONTENT="R."/><SP WIDTH="27" VPOS="622" HPOS="774"/>
							<String ID="string_127" HPOS="801" VPOS="628" WIDTH="18" HEIGHT="14" WC="0.77" CONTENT="o."/><SP WIDTH="24" VPOS="628" HPOS="819"/>
							<String ID="string_128" HPOS="843" VPOS="620" WIDTH="20" HEIGHT="21" WC="0.74" CONTENT="A."/>
						</TextLine>
						<TextLine ID="line_16" HPOS="47" VPOS="650" WIDTH="126" HEIGHT="28">
							<String ID="string_129" HPOS="47" VPOS="650" WIDTH="126" HEIGHT="28" WC="0.89" CONTENT="samtyckte."/>
						</TextLine>
					</TextBlock>
				</ComposedBlock>
				<ComposedBlock ID="cblock_4" HPOS="47" VPOS="706" WIDTH="828" HEIGHT="831">
					<TextBlock ID="block_4" HPOS="47" VPOS="706" WIDTH="826" HEIGHT="373">
						<TextLine ID="line_17" HPOS="116" VPOS="706" WIDTH="755" HEIGHT="30">
							<String ID="string_130" HPOS="116" VPOS="708" WIDTH="100" HEIGHT="21" WC="0.80" CONTENT="Derefter"/><SP WIDTH="28" VPOS="708" HPOS="216"/>
							<String ID="string_131" HPOS="244" VPOS="708" WIDTH="85" HEIGHT="28" WC="0.96" CONTENT="yttrade"/><SP WIDTH="31" VPOS="708" HPOS="329"/>
							<String ID="string_132" HPOS="360" VPOS="708" WIDTH="34" HEIGHT="21" WC="0.91" CONTENT="Hr"/><SP WIDTH="25" VPOS="708" HPOS="394"/>
							<String ID="string_133" HPOS="419" VPOS="708" WIDTH="219" HEIGHT="22" WC="0.39" CONTENT="Tandtmarskalken:"/><SP WIDTH="28" VPOS="708" HPOS="638"/>
							<String ID="string_134" HPOS="666" VPOS="707" WIDTH="141" HEIGHT="22" WC="0.96" CONTENT="Beträffande"/><SP WIDTH="30" VPOS="707" HPOS="807"/>
							<String ID="string_135" HPOS="837" VPOS="706" WIDTH="34" HEIGHT="21" WC="0.96" CONTENT="Hr"/>
						</TextLine>
						<TextLine ID="line_18" HPOS="47" VPOS="736" WIDTH="824" HEIGHT="29">
							<String ID="string_136" HPOS="47" VPOS="736" WIDTH="131" HEIGHT="22" WC="0.92" CONTENT="Schaumans"/><SP WIDTH="23" VPOS="736" HPOS="178"/>
							<String ID="string_137" HPOS="201" VPOS="736" WIDTH="99" HEIGHT="29" WC="0.92" CONTENT="yttrande"/><SP WIDTH="23" VPOS="736" HPOS="300"/>
							<String ID="string_138" HPOS="323" VPOS="736" WIDTH="41" HEIGHT="22" WC="0.93" CONTENT="och"/><SP WIDTH="22" VPOS="736" HPOS="364"/>
							<String ID="string_139" HPOS="386" VPOS="736" WIDTH="103" HEIGHT="29" WC="0.92" CONTENT="yrkande,"/><SP WIDTH="23" VPOS="736" HPOS="489"/>
							<String ID="string_140" HPOS="512" VPOS="737" WIDTH="73" HEIGHT="21" WC="0.92" CONTENT="hvilka"/><SP WIDTH="22" VPOS="737" HPOS="585"/>
							<String ID="string_141" HPOS="607" VPOS="737" WIDTH="22" HEIGHT="28" WC="0.93" CONTENT="ju"/><SP WIDTH="23" VPOS="737" HPOS="629"/>
							<String ID="string_142" HPOS="652" VPOS="736" WIDTH="66" HEIGHT="22" WC="0.92" CONTENT="ocksä"/><SP WIDTH="22" VPOS="736" HPOS="718"/>
							<String ID="string_143" HPOS="740" VPOS="736" WIDTH="76" HEIGHT="22" WC="0.92" CONTENT="vunnit"/><SP WIDTH="16" VPOS="736" HPOS="816"/>
							<String ID="string_144" HPOS="832" VPOS="742" WIDTH="39" HEIGHT="14" WC="0.92" CONTENT="un-"/>
						</TextLine>
						<TextLine ID="line_19" HPOS="47" VPOS="765" WIDTH="824" HEIGHT="29">
							<String ID="string_145" HPOS="47" VPOS="765" WIDTH="93" HEIGHT="26" WC="0.92" CONTENT="derstöd,"/><SP WIDTH="17" VPOS="765" HPOS="140"/>
							<String ID="string_146" HPOS="157" VPOS="765" WIDTH="36" HEIGHT="21" WC="0.96" CONTENT="ber"/><SP WIDTH="15" VPOS="765" HPOS="193"/>
							<String ID="string_147" HPOS="208" VPOS="766" WIDTH="35" HEIGHT="27" WC="0.93" CONTENT="jag"/><SP WIDTH="22" VPOS="766" HPOS="243"/>
							<String ID="string_148" HPOS="265" VPOS="765" WIDTH="24" HEIGHT="21" WC="0.93" CONTENT="fä"/><SP WIDTH="20" VPOS="765" HPOS="289"/>
							<String ID="string_149" HPOS="309" VPOS="765" WIDTH="103" HEIGHT="27" WC="0.92" CONTENT="meddela,"/><SP WIDTH="18" VPOS="765" HPOS="412"/>
							<String ID="string_150" HPOS="430" VPOS="768" WIDTH="31" HEIGHT="19" WC="0.97" CONTENT="att"/><SP WIDTH="14" VPOS="768" HPOS="461"/>
							<String ID="string_151" HPOS="475" VPOS="766" WIDTH="36" HEIGHT="28" WC="0.92" CONTENT="jag"/><SP WIDTH="15" VPOS="766" HPOS="511"/>
							<String ID="string_152" HPOS="526" VPOS="765" WIDTH="47" HEIGHT="21" WC="0.89" CONTENT="icke"/><SP WIDTH="16" VPOS="765" HPOS="573"/>
							<String ID="string_153" HPOS="589" VPOS="765" WIDTH="67" HEIGHT="28" WC="0.92" CONTENT="ansäg"/><SP WIDTH="16" VPOS="765" HPOS="656"/>
							<String ID="string_154" HPOS="672" VPOS="766" WIDTH="42" HEIGHT="27" WC="0.93" CONTENT="mig"/><SP WIDTH="14" VPOS="766" HPOS="714"/>
							<String ID="string_155" HPOS="728" VPOS="768" WIDTH="95" HEIGHT="18" WC="0.92" CONTENT="tvungen"/><SP WIDTH="16" VPOS="768" HPOS="823"/>
							<String ID="string_156" HPOS="839" VPOS="766" WIDTH="32" HEIGHT="18" WC="0.97" CONTENT="att"/>
						</TextLine>
						<TextLine ID="line_20" HPOS="47" VPOS="768" WIDTH="824" HEIGHT="57">
							<String ID="string_157" HPOS="47" VPOS="793" WIDTH="85" HEIGHT="29" WC="0.92" CONTENT="afbryta"/><SP WIDTH="15" VPOS="793" HPOS="132"/>
							<String ID="string_158" HPOS="147" VPOS="794" WIDTH="115" HEIGHT="28" WC="0.93" CONTENT="yttrandet,"/><SP WIDTH="16" VPOS="794" HPOS="262"/>
							<String ID="string_159" HPOS="278" VPOS="794" WIDTH="66" HEIGHT="21" WC="0.96" CONTENT="ehuru"/><SP WIDTH="16" VPOS="794" HPOS="344"/>
							<String ID="string_160" HPOS="360" VPOS="794" WIDTH="36" HEIGHT="21" WC="0.96" CONTENT="det"/><SP WIDTH="15" VPOS="794" HPOS="396"/>
							<String ID="string_161" HPOS="411" VPOS="795" WIDTH="21" HEIGHT="27" WC="0.97" CONTENT="ju"/><SP WIDTH="17" VPOS="795" HPOS="432"/>
							<String ID="string_162" HPOS="449" VPOS="794" WIDTH="68" HEIGHT="28" WC="0.96" CONTENT="ligger"/><SP WIDTH="18" VPOS="794" HPOS="517"/>
							<String ID="string_163" HPOS="535" VPOS="794" WIDTH="35" HEIGHT="21" WC="0.93" CONTENT="för"/><SP WIDTH="15" VPOS="794" HPOS="570"/>
							<String ID="string_164" HPOS="585" VPOS="796" WIDTH="70" HEIGHT="26" WC="0.96" CONTENT="öppen"/><SP WIDTH="17" VPOS="796" HPOS="655"/>
							<String ID="string_165" HPOS="672" VPOS="794" WIDTH="42" HEIGHT="28" WC="0.95" CONTENT="dag"/><SP WIDTH="15" VPOS="794" HPOS="714"/>
							<String ID="string_166" HPOS="729" VPOS="797" WIDTH="31" HEIGHT="18" WC="0.97" CONTENT="att"/><SP WIDTH="11" VPOS="797" HPOS="760"/>
							<String ID="string_167" HPOS="771" VPOS="768" WIDTH="40" HEIGHT="57" WC="0.96" CONTENT="det"/><SP WIDTH="15" VPOS="768" HPOS="811"/>
							<String ID="string_168" HPOS="826" VPOS="792" WIDTH="45" HEIGHT="21" WC="0.91" CONTENT="del-"/>
						</TextLine>
						<TextLine ID="line_21" HPOS="48" VPOS="822" WIDTH="823" HEIGHT="29">
							<String ID="string_169" HPOS="48" VPOS="823" WIDTH="33" HEIGHT="20" WC="0.95" CONTENT="vis"/><SP WIDTH="15" VPOS="823" HPOS="81"/>
							<String ID="string_170" HPOS="96" VPOS="822" WIDTH="47" HEIGHT="21" WC="0.95" CONTENT="icke"/><SP WIDTH="16" VPOS="822" HPOS="143"/>
							<String ID="string_171" HPOS="159" VPOS="822" WIDTH="66" HEIGHT="21" WC="0.95" CONTENT="hörde"/><SP WIDTH="15" VPOS="822" HPOS="225"/>
							<String ID="string_172" HPOS="240" VPOS="822" WIDTH="32" HEIGHT="22" WC="0.96" CONTENT="till"/><SP WIDTH="16" VPOS="822" HPOS="272"/>
							<String ID="string_173" HPOS="288" VPOS="822" WIDTH="59" HEIGHT="22" WC="0.96" CONTENT="detta"/><SP WIDTH="16" VPOS="822" HPOS="347"/>
							<String ID="string_174" HPOS="363" VPOS="822" WIDTH="84" HEIGHT="22" WC="0.93" CONTENT="ärende."/><SP WIDTH="25" VPOS="822" HPOS="447"/>
							<String ID="string_175" HPOS="472" VPOS="823" WIDTH="65" HEIGHT="21" WC="0.96" CONTENT="Detta"/><SP WIDTH="16" VPOS="823" HPOS="537"/>
							<String ID="string_176" HPOS="553" VPOS="822" WIDTH="100" HEIGHT="29" WC="0.95" CONTENT="yttrande"/><SP WIDTH="15" VPOS="822" HPOS="653"/>
							<String ID="string_177" HPOS="668" VPOS="822" WIDTH="131" HEIGHT="22" WC="0.96" CONTENT="resulterade"/><SP WIDTH="16" VPOS="822" HPOS="799"/>
							<String ID="string_178" HPOS="815" VPOS="822" WIDTH="5" HEIGHT="20" WC="0.92" CONTENT="i"/><SP WIDTH="15" VPOS="822" HPOS="820"/>
							<String ID="string_179" HPOS="835" VPOS="828" WIDTH="36" HEIGHT="20" WC="0.91" CONTENT="yr-"/>
						</TextLine>
						<TextLine ID="line_22" HPOS="47" VPOS="850" WIDTH="825" HEIGHT="30">
							<String ID="string_180" HPOS="47" VPOS="850" WIDTH="81" HEIGHT="22" WC="0.92" CONTENT="kandet"/><SP WIDTH="17" VPOS="850" HPOS="128"/>
							<String ID="string_181" HPOS="145" VPOS="855" WIDTH="43" HEIGHT="17" WC="0.92" CONTENT="»att"/><SP WIDTH="23" VPOS="855" HPOS="188"/>
							<String ID="string_182" HPOS="211" VPOS="851" WIDTH="152" HEIGHT="28" WC="0.91" CONTENT="Lagutskottet"/><SP WIDTH="22" VPOS="851" HPOS="363"/>
							<String ID="string_183" HPOS="385" VPOS="851" WIDTH="55" HEIGHT="28" WC="0.96" CONTENT="finge"/><SP WIDTH="19" VPOS="851" HPOS="440"/>
							<String ID="string_184" HPOS="459" VPOS="852" WIDTH="7" HEIGHT="20" WC="0.96" CONTENT="i"/><SP WIDTH="16" VPOS="852" HPOS="466"/>
							<String ID="string_185" HPOS="482" VPOS="852" WIDTH="98" HEIGHT="28" WC="0.96" CONTENT="uppdrag"/><SP WIDTH="15" VPOS="852" HPOS="580"/>
							<String ID="string_186" HPOS="595" VPOS="854" WIDTH="32" HEIGHT="18" WC="0.96" CONTENT="att"/><SP WIDTH="14" VPOS="854" HPOS="627"/>
							<String ID="string_187" HPOS="641" VPOS="851" WIDTH="107" HEIGHT="21" WC="0.96" CONTENT="inkomma"/><SP WIDTH="16" VPOS="851" HPOS="748"/>
							<String ID="string_188" HPOS="764" VPOS="850" WIDTH="47" HEIGHT="21" WC="0.92" CONTENT="med"/><SP WIDTH="17" VPOS="850" HPOS="811"/>
							<String ID="string_189" HPOS="828" VPOS="850" WIDTH="44" HEIGHT="20" WC="0.92" CONTENT="för-"/>
						</TextLine>
						<TextLine ID="line_23" HPOS="47" VPOS="859" WIDTH="823" HEIGHT="67">
							<String ID="string_190" HPOS="47" VPOS="880" WIDTH="46" HEIGHT="27" WC="0.96" CONTENT="slag"/><SP WIDTH="15" VPOS="880" HPOS="93"/>
							<String ID="string_191" HPOS="108" VPOS="880" WIDTH="32" HEIGHT="20" WC="0.93" CONTENT="till"/><SP WIDTH="15" VPOS="880" HPOS="140"/>
							<String ID="string_192" HPOS="155" VPOS="879" WIDTH="127" HEIGHT="27" WC="0.91" CONTENT="Ständerna,"/><SP WIDTH="14" VPOS="879" HPOS="282"/>
							<String ID="string_193" HPOS="296" VPOS="880" WIDTH="116" HEIGHT="28" WC="0.91" CONTENT="åsyftande"/><SP WIDTH="15" VPOS="880" HPOS="412"/>
							<String ID="string_194" HPOS="427" VPOS="883" WIDTH="32" HEIGHT="18" WC="0.95" CONTENT="att"/><SP WIDTH="14" VPOS="883" HPOS="459"/>
							<String ID="string_195" HPOS="473" VPOS="859" WIDTH="38" HEIGHT="42" WC="0.80" CONTENT="till"/><SP WIDTH="10" VPOS="859" HPOS="511"/>
							<String ID="string_196" HPOS="521" VPOS="880" WIDTH="130" HEIGHT="21" WC="0.92" CONTENT="Monarkens"/><SP WIDTH="14" VPOS="880" HPOS="651"/>
							<String ID="string_197" HPOS="665" VPOS="880" WIDTH="119" HEIGHT="20" WC="0.92" CONTENT="kännedom"/><SP WIDTH="13" VPOS="880" HPOS="784"/>
							<String ID="string_198" HPOS="797" VPOS="879" WIDTH="73" HEIGHT="47" WC="0.87" CONTENT="bringa"/>
						</TextLine>
						<TextLine ID="line_24" HPOS="48" VPOS="906" WIDTH="823" HEIGHT="30">
							<String ID="string_199" HPOS="48" VPOS="908" WIDTH="79" HEIGHT="21" WC="0.96" CONTENT="folkets"/><SP WIDTH="16" VPOS="908" HPOS="127"/>
							<String ID="string_200" HPOS="143" VPOS="916" WIDTH="38" HEIGHT="13" WC="0.96" CONTENT="oro"/><SP WIDTH="15" VPOS="916" HPOS="181"/>
							<String ID="string_201" HPOS="196" VPOS="908" WIDTH="40" HEIGHT="22" WC="0.96" CONTENT="och"/><SP WIDTH="16" VPOS="908" HPOS="236"/>
							<String ID="string_202" HPOS="252" VPOS="908" WIDTH="124" HEIGHT="28" WC="0.92" CONTENT="bekymmer"/><SP WIDTH="15" VPOS="908" HPOS="376"/>
							<String ID="string_203" HPOS="391" VPOS="908" WIDTH="101" HEIGHT="22" WC="0.92" CONTENT="deröfver"/><SP WIDTH="15" VPOS="908" HPOS="492"/>
							<String ID="string_204" HPOS="507" VPOS="912" WIDTH="37" HEIGHT="22" WC="0.93" CONTENT="att,"/><SP WIDTH="12" VPOS="912" HPOS="544"/>
							<String ID="string_205" HPOS="556" VPOS="909" WIDTH="89" HEIGHT="21" WC="0.92" CONTENT="oaktadt"/><SP WIDTH="15" VPOS="909" HPOS="645"/>
							<String ID="string_206" HPOS="660" VPOS="908" WIDTH="70" HEIGHT="21" WC="0.96" CONTENT="folket"/><SP WIDTH="14" VPOS="908" HPOS="730"/>
							<String ID="string_207" HPOS="744" VPOS="909" WIDTH="6" HEIGHT="19" WC="0.96" CONTENT="i"/><SP WIDTH="16" VPOS="909" HPOS="750"/>
							<String ID="string_208" HPOS="766" VPOS="906" WIDTH="105" HEIGHT="22" WC="0.96" CONTENT="särskilda"/>
						</TextLine>
						<TextLine ID="line_25" HPOS="47" VPOS="935" WIDTH="824" HEIGHT="30">
							<String ID="string_209" HPOS="47" VPOS="937" WIDTH="81" HEIGHT="27" WC="0.91" CONTENT="vigtiga"/><SP WIDTH="16" VPOS="937" HPOS="128"/>
							<String ID="string_210" HPOS="144" VPOS="937" WIDTH="210" HEIGHT="28" WC="0.92" CONTENT="regeringsåtgärder"/><SP WIDTH="14" VPOS="937" HPOS="354"/>
							<String ID="string_211" HPOS="368" VPOS="937" WIDTH="48" HEIGHT="21" WC="0.96" CONTENT="från"/><SP WIDTH="16" VPOS="937" HPOS="416"/>
							<String ID="string_212" HPOS="432" VPOS="940" WIDTH="85" HEIGHT="18" WC="0.96" CONTENT="senaste"/><SP WIDTH="15" VPOS="940" HPOS="517"/>
							<String ID="string_213" HPOS="532" VPOS="937" WIDTH="31" HEIGHT="21" WC="0.96" CONTENT="tid"/><SP WIDTH="16" VPOS="937" HPOS="563"/>
							<String ID="string_214" HPOS="579" VPOS="937" WIDTH="42" HEIGHT="21" WC="0.93" CONTENT="fått"/><SP WIDTH="9" VPOS="937" HPOS="621"/>
							<String ID="string_215" HPOS="630" VPOS="937" WIDTH="59" HEIGHT="21" WC="0.92" CONTENT="helsa"/><SP WIDTH="11" VPOS="937" HPOS="689"/>
							<String ID="string_216" HPOS="700" VPOS="940" WIDTH="31" HEIGHT="18" WC="0.96" CONTENT="ett"/><SP WIDTH="10" VPOS="940" HPOS="731"/>
							<String ID="string_217" HPOS="741" VPOS="935" WIDTH="130" HEIGHT="28" WC="0.96" CONTENT="återgående"/>
						</TextLine>
						<TextLine ID="line_26" HPOS="47" VPOS="964" WIDTH="825" HEIGHT="30">
							<String ID="string_218" HPOS="47" VPOS="965" WIDTH="32" HEIGHT="21" WC="0.95" CONTENT="till"/><SP WIDTH="17" VPOS="965" HPOS="79"/>
							<String ID="string_219" HPOS="96" VPOS="965" WIDTH="63" HEIGHT="28" WC="0.95" CONTENT="laglig"/><SP WIDTH="16" VPOS="965" HPOS="159"/>
							<String ID="string_220" HPOS="175" VPOS="965" WIDTH="96" HEIGHT="28" WC="0.96" CONTENT="ordning,"/><SP WIDTH="15" VPOS="965" HPOS="271"/>
							<String ID="string_221" HPOS="286" VPOS="966" WIDTH="67" HEIGHT="21" WC="0.96" CONTENT="finske"/><SP WIDTH="23" VPOS="966" HPOS="353"/>
							<String ID="string_222" HPOS="376" VPOS="966" WIDTH="154" HEIGHT="28" WC="0.96" CONTENT="medborgaren"/><SP WIDTH="20" VPOS="966" HPOS="530"/>
							<String ID="string_223" HPOS="550" VPOS="966" WIDTH="65" HEIGHT="21" WC="0.93" CONTENT="Kalle"/><SP WIDTH="15" VPOS="966" HPOS="615"/>
							<String ID="string_224" HPOS="630" VPOS="966" WIDTH="98" HEIGHT="28" WC="0.92" CONTENT="Prokopé"/><SP WIDTH="14" VPOS="966" HPOS="728"/>
							<String ID="string_225" HPOS="742" VPOS="964" WIDTH="66" HEIGHT="22" WC="0.96" CONTENT="likväl"/><SP WIDTH="16" VPOS="964" HPOS="808"/>
							<String ID="string_226" HPOS="824" VPOS="964" WIDTH="48" HEIGHT="21" WC="0.96" CONTENT="icke"/>
						</TextLine>
						<TextLine ID="line_27" HPOS="48" VPOS="992" WIDTH="822" HEIGHT="24">
							<String ID="string_227" HPOS="48" VPOS="994" WIDTH="71" HEIGHT="20" WC="0.87" CONTENT="blifvit"/><SP WIDTH="24" VPOS="994" HPOS="119"/>
							<String ID="string_228" HPOS="143" VPOS="994" WIDTH="55" HEIGHT="21" WC="0.87" CONTENT="stäld"/><SP WIDTH="23" VPOS="994" HPOS="198"/>
							<String ID="string_229" HPOS="221" VPOS="994" WIDTH="56" HEIGHT="21" WC="0.96" CONTENT="inför"/><SP WIDTH="22" VPOS="994" HPOS="277"/>
							<String ID="string_230" HPOS="299" VPOS="994" WIDTH="55" HEIGHT="21" WC="0.96" CONTENT="finsk"/><SP WIDTH="20" VPOS="994" HPOS="354"/>
							<String ID="string_231" HPOS="374" VPOS="994" WIDTH="91" HEIGHT="21" WC="0.96" CONTENT="domstol"/><SP WIDTH="16" VPOS="994" HPOS="465"/>
							<String ID="string_232" HPOS="481" VPOS="998" WIDTH="32" HEIGHT="18" WC="0.96" CONTENT="att"/><SP WIDTH="14" VPOS="998" HPOS="513"/>
							<String ID="string_233" HPOS="527" VPOS="1002" WIDTH="63" HEIGHT="14" WC="0.96" CONTENT="svara"/><SP WIDTH="15" VPOS="1002" HPOS="590"/>
							<String ID="string_234" HPOS="605" VPOS="995" WIDTH="35" HEIGHT="20" WC="0.96" CONTENT="för"/><SP WIDTH="14" VPOS="995" HPOS="640"/>
							<String ID="string_235" HPOS="654" VPOS="995" WIDTH="38" HEIGHT="20" WC="0.96" CONTENT="sitt"/><SP WIDTH="15" VPOS="995" HPOS="692"/>
							<String ID="string_236" HPOS="707" VPOS="995" WIDTH="56" HEIGHT="20" WC="0.96" CONTENT="inom"/><SP WIDTH="17" VPOS="995" HPOS="763"/>
							<String ID="string_237" HPOS="780" VPOS="992" WIDTH="90" HEIGHT="22" WC="0.95" CONTENT="Finland"/>
						</TextLine>
						<TextLine ID="line_28" HPOS="47" VPOS="1020" WIDTH="826" HEIGHT="31">
							<String ID="string_238" HPOS="47" VPOS="1022" WIDTH="113" HEIGHT="28" WC="0.96" CONTENT="begångna"/><SP WIDTH="15" VPOS="1022" HPOS="160"/>
							<String ID="string_239" HPOS="175" VPOS="1022" WIDTH="63" HEIGHT="27" WC="0.96" CONTENT="brott,"/><SP WIDTH="16" VPOS="1022" HPOS="238"/>
							<String ID="string_240" HPOS="254" VPOS="1022" WIDTH="40" HEIGHT="22" WC="0.96" CONTENT="och"/><SP WIDTH="15" VPOS="1022" HPOS="294"/>
							<String ID="string_241" HPOS="309" VPOS="1023" WIDTH="91" HEIGHT="21" WC="0.96" CONTENT="sålunda"/><SP WIDTH="15" VPOS="1023" HPOS="400"/>
							<String ID="string_242" HPOS="415" VPOS="1023" WIDTH="54" HEIGHT="21" WC="0.96" CONTENT="finsk"/><SP WIDTH="17" VPOS="1023" HPOS="469"/>
							<String ID="string_243" HPOS="486" VPOS="1023" WIDTH="34" HEIGHT="28" WC="0.96" CONTENT="lag"/><SP WIDTH="15" VPOS="1023" HPOS="520"/>
							<String ID="string_244" HPOS="535" VPOS="1023" WIDTH="41" HEIGHT="21" WC="0.95" CONTENT="och"/><SP WIDTH="15" VPOS="1023" HPOS="576"/>
							<String ID="string_245" HPOS="591" VPOS="1023" WIDTH="77" HEIGHT="21" WC="0.96" CONTENT="allmän"/><SP WIDTH="16" VPOS="1023" HPOS="668"/>
							<String ID="string_246" HPOS="684" VPOS="1022" WIDTH="145" HEIGHT="27" WC="0.95" CONTENT="rättsordning"/><SP WIDTH="16" VPOS="1022" HPOS="829"/>
							<String ID="string_247" HPOS="845" VPOS="1020" WIDTH="28" HEIGHT="28" WC="0.96" CONTENT="på"/>
						</TextLine>
						<TextLine ID="line_29" HPOS="48" VPOS="1051" WIDTH="437" HEIGHT="28">
							<String ID="string_248" HPOS="48" VPOS="1055" WIDTH="31" HEIGHT="17" WC="0.96" CONTENT="ett"/><SP WIDTH="16" VPOS="1055" HPOS="79"/>
							<String ID="string_249" HPOS="95" VPOS="1051" WIDTH="134" HEIGHT="28" WC="0.93" CONTENT="synnerligen"/><SP WIDTH="16" VPOS="1051" HPOS="229"/>
							<String ID="string_250" HPOS="245" VPOS="1051" WIDTH="58" HEIGHT="28" WC="0.92" CONTENT="groft"/><SP WIDTH="15" VPOS="1051" HPOS="303"/>
							<String ID="string_251" HPOS="318" VPOS="1053" WIDTH="42" HEIGHT="19" WC="0.92" CONTENT="sätt"/><SP WIDTH="16" VPOS="1053" HPOS="360"/>
							<String ID="string_252" HPOS="376" VPOS="1052" WIDTH="109" HEIGHT="21" WC="0.91" CONTENT="kränkts»."/>
						</TextLine>
					</TextBlock>
					<TextBlock ID="block_5" HPOS="47" VPOS="1077" WIDTH="828" HEIGHT="460">
						<TextLine ID="line_30" HPOS="117" VPOS="1077" WIDTH="755" HEIGHT="31">
							<String ID="string_253" HPOS="117" VPOS="1079" WIDTH="42" HEIGHT="28" WC="0.96" CONTENT="Jag"/><SP WIDTH="15" VPOS="1079" HPOS="159"/>
							<String ID="string_254" HPOS="174" VPOS="1080" WIDTH="43" HEIGHT="26" WC="0.96" CONTENT="har,"/><SP WIDTH="15" VPOS="1080" HPOS="217"/>
							<String ID="string_255" HPOS="232" VPOS="1087" WIDTH="46" HEIGHT="14" WC="0.92" CONTENT="som"/><SP WIDTH="16" VPOS="1087" HPOS="278"/>
							<String ID="string_256" HPOS="294" VPOS="1080" WIDTH="70" HEIGHT="28" WC="0.92" CONTENT="sagdt,"/><SP WIDTH="16" VPOS="1080" HPOS="364"/>
							<String ID="string_257" HPOS="380" VPOS="1080" WIDTH="47" HEIGHT="21" WC="0.96" CONTENT="icke"/><SP WIDTH="16" VPOS="1080" HPOS="427"/>
							<String ID="string_258" HPOS="443" VPOS="1080" WIDTH="70" HEIGHT="21" WC="0.96" CONTENT="funnit"/><SP WIDTH="17" VPOS="1080" HPOS="513"/>
							<String ID="string_259" HPOS="530" VPOS="1081" WIDTH="43" HEIGHT="26" WC="0.96" CONTENT="mig"/><SP WIDTH="14" VPOS="1081" HPOS="573"/>
							<String ID="string_260" HPOS="587" VPOS="1084" WIDTH="95" HEIGHT="24" WC="0.95" CONTENT="tvungen"/><SP WIDTH="9" VPOS="1084" HPOS="682"/>
							<String ID="string_261" HPOS="691" VPOS="1082" WIDTH="31" HEIGHT="19" WC="0.93" CONTENT="att"/><SP WIDTH="16" VPOS="1082" HPOS="722"/>
							<String ID="string_262" HPOS="738" VPOS="1079" WIDTH="84" HEIGHT="28" WC="0.92" CONTENT="afbryta"/><SP WIDTH="16" VPOS="1079" HPOS="822"/>
							<String ID="string_263" HPOS="838" VPOS="1077" WIDTH="34" HEIGHT="21" WC="0.96" CONTENT="Hr"/>
						</TextLine>
						<TextLine ID="line_31" HPOS="48" VPOS="1107" WIDTH="825" HEIGHT="30">
							<String ID="string_264" HPOS="48" VPOS="1108" WIDTH="129" HEIGHT="26" WC="0.96" CONTENT="Schauman,"/><SP WIDTH="15" VPOS="1108" HPOS="177"/>
							<String ID="string_265" HPOS="192" VPOS="1116" WIDTH="47" HEIGHT="13" WC="0.96" CONTENT="men"/><SP WIDTH="17" VPOS="1116" HPOS="239"/>
							<String ID="string_266" HPOS="256" VPOS="1108" WIDTH="40" HEIGHT="22" WC="0.95" CONTENT="kan"/><SP WIDTH="17" VPOS="1108" HPOS="296"/>
							<String ID="string_267" HPOS="313" VPOS="1109" WIDTH="48" HEIGHT="21" WC="0.96" CONTENT="med"/><SP WIDTH="16" VPOS="1109" HPOS="361"/>
							<String ID="string_268" HPOS="377" VPOS="1108" WIDTH="117" HEIGHT="29" WC="0.96" CONTENT="anledning"/><SP WIDTH="22" VPOS="1108" HPOS="494"/>
							<String ID="string_269" HPOS="516" VPOS="1109" WIDTH="23" HEIGHT="21" WC="0.96" CONTENT="af"/><SP WIDTH="22" VPOS="1109" HPOS="539"/>
							<String ID="string_270" HPOS="561" VPOS="1109" WIDTH="53" HEIGHT="21" WC="0.96" CONTENT="hans"/><SP WIDTH="15" VPOS="1109" HPOS="614"/>
							<String ID="string_271" HPOS="629" VPOS="1108" WIDTH="99" HEIGHT="29" WC="0.96" CONTENT="yttrande"/><SP WIDTH="16" VPOS="1108" HPOS="728"/>
							<String ID="string_272" HPOS="744" VPOS="1108" WIDTH="48" HEIGHT="21" WC="0.93" CONTENT="icke"/><SP WIDTH="15" VPOS="1108" HPOS="792"/>
							<String ID="string_273" HPOS="807" VPOS="1107" WIDTH="66" HEIGHT="21" WC="0.92" CONTENT="fram-"/>
						</TextLine>
						<TextLine ID="line_32" HPOS="47" VPOS="1135" WIDTH="825" HEIGHT="30">
							<String ID="string_274" HPOS="47" VPOS="1136" WIDTH="62" HEIGHT="22" WC="0.95" CONTENT="ställa"/><SP WIDTH="16" VPOS="1136" HPOS="109"/>
							<String ID="string_275" HPOS="125" VPOS="1136" WIDTH="69" HEIGHT="28" WC="0.96" CONTENT="någon"/><SP WIDTH="17" VPOS="1136" HPOS="194"/>
							<String ID="string_276" HPOS="211" VPOS="1138" WIDTH="130" HEIGHT="27" WC="0.96" CONTENT="proposition"/><SP WIDTH="17" VPOS="1138" HPOS="341"/>
							<String ID="string_277" HPOS="358" VPOS="1138" WIDTH="32" HEIGHT="20" WC="0.93" CONTENT="till"/><SP WIDTH="16" VPOS="1138" HPOS="390"/>
							<String ID="string_278" HPOS="406" VPOS="1137" WIDTH="97" HEIGHT="25" WC="0.91" CONTENT="Ståndet,"/><SP WIDTH="11" VPOS="1137" HPOS="503"/>
							<String ID="string_279" HPOS="514" VPOS="1137" WIDTH="75" HEIGHT="21" WC="0.92" CONTENT="dervid"/><SP WIDTH="16" VPOS="1137" HPOS="589"/>
							<String ID="string_280" HPOS="605" VPOS="1137" WIDTH="112" HEIGHT="28" WC="0.96" CONTENT="stödjande"/><SP WIDTH="16" VPOS="1137" HPOS="717"/>
							<String ID="string_281" HPOS="733" VPOS="1137" WIDTH="43" HEIGHT="27" WC="0.96" CONTENT="mig"/><SP WIDTH="10" VPOS="1137" HPOS="776"/>
							<String ID="string_282" HPOS="786" VPOS="1136" WIDTH="45" HEIGHT="20" WC="0.96" CONTENT="dels"/><SP WIDTH="14" VPOS="1136" HPOS="831"/>
							<String ID="string_283" HPOS="845" VPOS="1135" WIDTH="27" HEIGHT="28" WC="0.96" CONTENT="på"/>
						</TextLine>
						<TextLine ID="line_33" HPOS="47" VPOS="1163" WIDTH="825" HEIGHT="31">
							<String ID="string_284" HPOS="47" VPOS="1166" WIDTH="14" HEIGHT="26" WC="0.87" CONTENT="8"/><SP WIDTH="16" VPOS="1166" HPOS="61"/>
							<String ID="string_285" HPOS="77" VPOS="1166" WIDTH="12" HEIGHT="20" WC="0.89" CONTENT="2"/><SP WIDTH="16" VPOS="1166" HPOS="89"/>
							<String ID="string_286" HPOS="105" VPOS="1166" WIDTH="6" HEIGHT="20" WC="0.89" CONTENT="i"/><SP WIDTH="16" VPOS="1166" HPOS="111"/>
							<String ID="string_287" HPOS="127" VPOS="1165" WIDTH="24" HEIGHT="21" WC="0.89" CONTENT="L."/><SP WIDTH="16" VPOS="1165" HPOS="151"/>
							<String ID="string_288" HPOS="167" VPOS="1165" WIDTH="33" HEIGHT="27" WC="0.82" CONTENT="O,"/><SP WIDTH="15" VPOS="1165" HPOS="200"/>
							<String ID="string_289" HPOS="215" VPOS="1165" WIDTH="87" HEIGHT="21" WC="0.96" CONTENT="hvilken"/><SP WIDTH="18" VPOS="1165" HPOS="302"/>
							<String ID="string_290" HPOS="320" VPOS="1166" WIDTH="100" HEIGHT="28" WC="0.96" CONTENT="paragraf"/><SP WIDTH="13" VPOS="1166" HPOS="420"/>
							<String ID="string_291" HPOS="433" VPOS="1166" WIDTH="36" HEIGHT="28" WC="0.96" CONTENT="jag"/><SP WIDTH="16" VPOS="1166" HPOS="469"/>
							<String ID="string_292" HPOS="485" VPOS="1166" WIDTH="35" HEIGHT="21" WC="0.96" CONTENT="vid"/><SP WIDTH="23" VPOS="1166" HPOS="520"/>
							<String ID="string_293" HPOS="543" VPOS="1169" WIDTH="84" HEIGHT="18" WC="0.96" CONTENT="senaste"/><SP WIDTH="17" VPOS="1169" HPOS="627"/>
							<String ID="string_294" HPOS="644" VPOS="1166" WIDTH="85" HEIGHT="28" WC="0.96" CONTENT="plenum"/><SP WIDTH="16" VPOS="1166" HPOS="729"/>
							<String ID="string_295" HPOS="745" VPOS="1166" WIDTH="5" HEIGHT="20" WC="0.96" CONTENT="i"/><SP WIDTH="16" VPOS="1166" HPOS="750"/>
							<String ID="string_296" HPOS="766" VPOS="1165" WIDTH="43" HEIGHT="21" WC="0.93" CONTENT="min"/><SP WIDTH="16" VPOS="1165" HPOS="809"/>
							<String ID="string_297" HPOS="825" VPOS="1163" WIDTH="47" HEIGHT="21" WC="0.93" CONTENT="dik-"/>
						</TextLine>
						<TextLine ID="line_34" HPOS="47" VPOS="1192" WIDTH="825" HEIGHT="30">
							<String ID="string_298" HPOS="47" VPOS="1198" WIDTH="72" HEIGHT="16" WC="0.91" CONTENT="tamen"/><SP WIDTH="16" VPOS="1198" HPOS="119"/>
							<String ID="string_299" HPOS="135" VPOS="1194" WIDTH="104" HEIGHT="28" WC="0.91" CONTENT="uppläste,"/><SP WIDTH="15" VPOS="1194" HPOS="239"/>
							<String ID="string_300" HPOS="254" VPOS="1194" WIDTH="46" HEIGHT="21" WC="0.96" CONTENT="dels"/><SP WIDTH="17" VPOS="1194" HPOS="300"/>
							<String ID="string_301" HPOS="317" VPOS="1194" WIDTH="27" HEIGHT="28" WC="0.96" CONTENT="på"/><SP WIDTH="16" VPOS="1194" HPOS="344"/>
							<String ID="string_302" HPOS="360" VPOS="1195" WIDTH="26" HEIGHT="21" WC="0.96" CONTENT="63"/><SP WIDTH="16" VPOS="1195" HPOS="386"/>
							<String ID="string_303" HPOS="402" VPOS="1196" WIDTH="13" HEIGHT="25" WC="0.70" CONTENT="$"/><SP WIDTH="15" VPOS="1196" HPOS="415"/>
							<String ID="string_304" HPOS="430" VPOS="1196" WIDTH="5" HEIGHT="19" WC="0.96" CONTENT="i"/><SP WIDTH="19" VPOS="1196" HPOS="435"/>
							<String ID="string_305" HPOS="454" VPOS="1195" WIDTH="23" HEIGHT="20" WC="0.93" CONTENT="L."/><SP WIDTH="11" VPOS="1195" HPOS="477"/>
							<String ID="string_306" HPOS="488" VPOS="1194" WIDTH="33" HEIGHT="27" WC="0.90" CONTENT="O.,"/><SP WIDTH="16" VPOS="1194" HPOS="521"/>
							<String ID="string_307" HPOS="537" VPOS="1202" WIDTH="45" HEIGHT="14" WC="0.96" CONTENT="som"/><SP WIDTH="17" VPOS="1202" HPOS="582"/>
							<String ID="string_308" HPOS="599" VPOS="1194" WIDTH="117" HEIGHT="22" WC="0.96" CONTENT="innehåller"/><SP WIDTH="14" VPOS="1194" HPOS="716"/>
							<String ID="string_309" HPOS="730" VPOS="1197" WIDTH="32" HEIGHT="17" WC="0.93" CONTENT="att"/><SP WIDTH="17" VPOS="1197" HPOS="762"/>
							<String ID="string_310" HPOS="779" VPOS="1192" WIDTH="93" HEIGHT="22" WC="0.89" CONTENT="»Landt-"/>
						</TextLine>
						<TextLine ID="line_35" HPOS="48" VPOS="1220" WIDTH="826" HEIGHT="31">
							<String ID="string_311" HPOS="48" VPOS="1222" WIDTH="107" HEIGHT="21" WC="0.96" CONTENT="marskalk"/><SP WIDTH="16" VPOS="1222" HPOS="155"/>
							<String ID="string_312" HPOS="171" VPOS="1222" WIDTH="51" HEIGHT="21" WC="0.96" CONTENT="eller"/><SP WIDTH="14" VPOS="1222" HPOS="222"/>
							<String ID="string_313" HPOS="236" VPOS="1223" WIDTH="78" HEIGHT="21" WC="0.96" CONTENT="talman"/><SP WIDTH="12" VPOS="1223" HPOS="314"/>
							<String ID="string_314" HPOS="326" VPOS="1224" WIDTH="19" HEIGHT="20" WC="0.96" CONTENT="ej"/><SP WIDTH="12" VPOS="1224" HPOS="345"/>
							<String ID="string_315" HPOS="357" VPOS="1223" WIDTH="35" HEIGHT="21" WC="0.96" CONTENT="må"/><SP WIDTH="10" VPOS="1223" HPOS="392"/>
							<String ID="string_316" HPOS="402" VPOS="1224" WIDTH="65" HEIGHT="27" WC="0.96" CONTENT="vägra"/><SP WIDTH="10" VPOS="1224" HPOS="467"/>
							<String ID="string_317" HPOS="477" VPOS="1226" WIDTH="32" HEIGHT="18" WC="0.92" CONTENT="att"/><SP WIDTH="8" VPOS="1226" HPOS="509"/>
							<String ID="string_318" HPOS="517" VPOS="1223" WIDTH="30" HEIGHT="21" WC="0.92" CONTENT="till"/><SP WIDTH="16" VPOS="1223" HPOS="547"/>
							<String ID="string_319" HPOS="563" VPOS="1223" WIDTH="163" HEIGHT="28" WC="0.91" CONTENT="öfverläggning"/><SP WIDTH="14" VPOS="1223" HPOS="726"/>
							<String ID="string_320" HPOS="740" VPOS="1223" WIDTH="55" HEIGHT="20" WC="0.93" CONTENT="inom"/><SP WIDTH="16" VPOS="1223" HPOS="795"/>
							<String ID="string_321" HPOS="811" VPOS="1220" WIDTH="63" HEIGHT="22" WC="0.90" CONTENT="Stån-"/>
						</TextLine>
						<TextLine ID="line_36" HPOS="48" VPOS="1249" WIDTH="825" HEIGHT="31">
							<String ID="string_322" HPOS="48" VPOS="1250" WIDTH="37" HEIGHT="21" WC="0.93" CONTENT="det"/><SP WIDTH="16" VPOS="1250" HPOS="85"/>
							<String ID="string_323" HPOS="101" VPOS="1254" WIDTH="94" HEIGHT="25" WC="0.92" CONTENT="upptaga"/><SP WIDTH="22" VPOS="1254" HPOS="195"/>
							<String ID="string_324" HPOS="217" VPOS="1258" WIDTH="25" HEIGHT="14" WC="0.96" CONTENT="en"/><SP WIDTH="24" VPOS="1258" HPOS="242"/>
							<String ID="string_325" HPOS="266" VPOS="1251" WIDTH="23" HEIGHT="21" WC="0.93" CONTENT="af"/><SP WIDTH="23" VPOS="1251" HPOS="289"/>
							<String ID="string_326" HPOS="312" VPOS="1252" WIDTH="169" HEIGHT="20" WC="0.91" CONTENT="ståndsledamot"/><SP WIDTH="23" VPOS="1252" HPOS="481"/>
							<String ID="string_327" HPOS="504" VPOS="1252" WIDTH="65" HEIGHT="21" WC="0.96" CONTENT="väckt"/><SP WIDTH="20" VPOS="1252" HPOS="569"/>
							<String ID="string_328" HPOS="589" VPOS="1252" WIDTH="61" HEIGHT="28" WC="0.96" CONTENT="fråga"/><SP WIDTH="16" VPOS="1252" HPOS="650"/>
							<String ID="string_329" HPOS="666" VPOS="1252" WIDTH="51" HEIGHT="20" WC="0.96" CONTENT="eller"/><SP WIDTH="15" VPOS="1252" HPOS="717"/>
							<String ID="string_330" HPOS="732" VPOS="1254" WIDTH="31" HEIGHT="18" WC="0.96" CONTENT="att"/><SP WIDTH="15" VPOS="1254" HPOS="763"/>
							<String ID="string_331" HPOS="778" VPOS="1251" WIDTH="8" HEIGHT="20" WC="0.96" CONTENT="i"/><SP WIDTH="14" VPOS="1251" HPOS="786"/>
							<String ID="string_332" HPOS="800" VPOS="1249" WIDTH="73" HEIGHT="25" WC="0.96" CONTENT="sådan,"/>
						</TextLine>
						<TextLine ID="line_37" HPOS="50" VPOS="1277" WIDTH="824" HEIGHT="31">
							<String ID="string_333" HPOS="50" VPOS="1279" WIDTH="65" HEIGHT="21" WC="0.96" CONTENT="redan"/><SP WIDTH="22" VPOS="1279" HPOS="115"/>
							<String ID="string_334" HPOS="137" VPOS="1284" WIDTH="115" HEIGHT="24" WC="0.96" CONTENT="upptagen,"/><SP WIDTH="20" VPOS="1284" HPOS="252"/>
							<String ID="string_335" HPOS="272" VPOS="1280" WIDTH="33" HEIGHT="20" WC="0.93" CONTENT="till"/><SP WIDTH="23" VPOS="1280" HPOS="305"/>
							<String ID="string_336" HPOS="328" VPOS="1280" WIDTH="92" HEIGHT="21" WC="0.92" CONTENT="Ståndet"/><SP WIDTH="22" VPOS="1280" HPOS="420"/>
							<String ID="string_337" HPOS="442" VPOS="1280" WIDTH="118" HEIGHT="22" WC="0.96" CONTENT="framställa"/><SP WIDTH="23" VPOS="1280" HPOS="560"/>
							<String ID="string_338" HPOS="583" VPOS="1281" WIDTH="139" HEIGHT="27" WC="0.96" CONTENT="proposition,"/><SP WIDTH="23" VPOS="1281" HPOS="722"/>
							<String ID="string_339" HPOS="745" VPOS="1283" WIDTH="58" HEIGHT="18" WC="0.96" CONTENT="utom"/><SP WIDTH="21" VPOS="1283" HPOS="803"/>
							<String ID="string_340" HPOS="824" VPOS="1279" WIDTH="6" HEIGHT="20" WC="0.96" CONTENT="i"/><SP WIDTH="16" VPOS="1279" HPOS="830"/>
							<String ID="string_341" HPOS="846" VPOS="1277" WIDTH="28" HEIGHT="21" WC="0.96" CONTENT="de"/>
						</TextLine>
						<TextLine ID="line_38" HPOS="48" VPOS="1306" WIDTH="826" HEIGHT="31">
							<String ID="string_342" HPOS="48" VPOS="1308" WIDTH="44" HEIGHT="23" WC="0.96" CONTENT="fall,"/><SP WIDTH="15" VPOS="1308" HPOS="92"/>
							<String ID="string_343" HPOS="107" VPOS="1310" WIDTH="32" HEIGHT="18" WC="0.95" CONTENT="att"/><SP WIDTH="22" VPOS="1310" HPOS="139"/>
							<String ID="string_344" HPOS="161" VPOS="1308" WIDTH="41" HEIGHT="20" WC="0.93" CONTENT="han"/><SP WIDTH="22" VPOS="1308" HPOS="202"/>
							<String ID="string_345" HPOS="224" VPOS="1308" WIDTH="68" HEIGHT="21" WC="0.93" CONTENT="finner"/><SP WIDTH="23" VPOS="1308" HPOS="292"/>
							<String ID="string_346" HPOS="315" VPOS="1308" WIDTH="74" HEIGHT="29" WC="0.96" CONTENT="frågan"/><SP WIDTH="23" VPOS="1308" HPOS="389"/>
							<String ID="string_347" HPOS="412" VPOS="1309" WIDTH="66" HEIGHT="21" WC="0.96" CONTENT="strida"/><SP WIDTH="23" VPOS="1309" HPOS="478"/>
							<String ID="string_348" HPOS="501" VPOS="1312" WIDTH="44" HEIGHT="18" WC="0.96" CONTENT="mot"/><SP WIDTH="21" VPOS="1312" HPOS="545"/>
							<String ID="string_349" HPOS="566" VPOS="1309" WIDTH="116" HEIGHT="28" WC="0.88" CONTENT="grundlag»"/><SP WIDTH="26" VPOS="1309" HPOS="682"/>
							<String ID="string_350" HPOS="708" VPOS="1316" WIDTH="18" HEIGHT="14" WC="0.86" CONTENT="o."/><SP WIDTH="21" VPOS="1316" HPOS="726"/>
							<String ID="string_351" HPOS="747" VPOS="1316" WIDTH="16" HEIGHT="14" WC="0.95" CONTENT="s."/><SP WIDTH="21" VPOS="1316" HPOS="763"/>
							<String ID="string_352" HPOS="784" VPOS="1316" WIDTH="18" HEIGHT="13" WC="0.96" CONTENT="v."/><SP WIDTH="29" VPOS="1316" HPOS="802"/>
							<String ID="string_353" HPOS="831" VPOS="1306" WIDTH="43" HEIGHT="28" WC="0.96" CONTENT="Jag"/>
						</TextLine>
						<TextLine ID="line_39" HPOS="47" VPOS="1335" WIDTH="827" HEIGHT="31">
							<String ID="string_354" HPOS="47" VPOS="1336" WIDTH="67" HEIGHT="21" WC="0.96" CONTENT="finner"/><SP WIDTH="23" VPOS="1336" HPOS="114"/>
							<String ID="string_355" HPOS="137" VPOS="1339" WIDTH="30" HEIGHT="18" WC="0.95" CONTENT="att"/><SP WIDTH="24" VPOS="1339" HPOS="167"/>
							<String ID="string_356" HPOS="191" VPOS="1336" WIDTH="40" HEIGHT="22" WC="0.95" CONTENT="den"/><SP WIDTH="23" VPOS="1336" HPOS="231"/>
							<String ID="string_357" HPOS="254" VPOS="1336" WIDTH="24" HEIGHT="22" WC="0.95" CONTENT="af"/><SP WIDTH="22" VPOS="1336" HPOS="278"/>
							<String ID="string_358" HPOS="300" VPOS="1337" WIDTH="34" HEIGHT="21" WC="0.96" CONTENT="Hr"/><SP WIDTH="22" VPOS="1337" HPOS="334"/>
							<String ID="string_359" HPOS="356" VPOS="1337" WIDTH="121" HEIGHT="21" WC="0.94" CONTENT="Schauman"/><SP WIDTH="24" VPOS="1337" HPOS="477"/>
							<String ID="string_360" HPOS="501" VPOS="1338" WIDTH="77" HEIGHT="21" WC="0.94" CONTENT="väckta"/><SP WIDTH="21" VPOS="1338" HPOS="578"/>
							<String ID="string_361" HPOS="599" VPOS="1337" WIDTH="75" HEIGHT="29" WC="0.96" CONTENT="frågan"/><SP WIDTH="23" VPOS="1337" HPOS="674"/>
							<String ID="string_362" HPOS="697" VPOS="1338" WIDTH="47" HEIGHT="21" WC="0.96" CONTENT="icke"/><SP WIDTH="24" VPOS="1338" HPOS="744"/>
							<String ID="string_363" HPOS="768" VPOS="1344" WIDTH="50" HEIGHT="20" WC="0.96" CONTENT="eger"/><SP WIDTH="19" VPOS="1344" HPOS="818"/>
							<String ID="string_364" HPOS="837" VPOS="1335" WIDTH="37" HEIGHT="21" WC="0.96" CONTENT="det"/>
						</TextLine>
						<TextLine ID="line_40" HPOS="49" VPOS="1364" WIDTH="826" HEIGHT="30">
							<String ID="string_365" HPOS="49" VPOS="1364" WIDTH="154" HEIGHT="28" WC="0.95" CONTENT="sammanhang"/><SP WIDTH="22" VPOS="1364" HPOS="203"/>
							<String ID="string_366" HPOS="225" VPOS="1365" WIDTH="47" HEIGHT="21" WC="0.96" CONTENT="med"/><SP WIDTH="24" VPOS="1365" HPOS="272"/>
							<String ID="string_367" HPOS="296" VPOS="1366" WIDTH="149" HEIGHT="28" WC="0.94" CONTENT="föreliggande"/><SP WIDTH="26" VPOS="1366" HPOS="445"/>
							<String ID="string_368" HPOS="471" VPOS="1366" WIDTH="49" HEIGHT="21" WC="0.89" CONTENT="nåd."/><SP WIDTH="18" VPOS="1366" HPOS="520"/>
							<String ID="string_369" HPOS="538" VPOS="1374" WIDTH="60" HEIGHT="20" WC="0.93" CONTENT="prop."/><SP WIDTH="27" VPOS="1374" HPOS="598"/>
							<String ID="string_370" HPOS="625" VPOS="1379" WIDTH="27" HEIGHT="3" WC="0.92" CONTENT="—"/><SP WIDTH="30" VPOS="1379" HPOS="652"/>
							<String ID="string_371" HPOS="682" VPOS="1366" WIDTH="51" HEIGHT="21" WC="0.86" CONTENT="eller"/><SP WIDTH="29" VPOS="1366" HPOS="733"/>
							<String ID="string_372" HPOS="762" VPOS="1364" WIDTH="113" HEIGHT="22" WC="0.90" CONTENT="öfverhuf-"/>
						</TextLine>
						<TextLine ID="line_41" HPOS="47" VPOS="1393" WIDTH="827" HEIGHT="29">
							<String ID="string_373" HPOS="47" VPOS="1393" WIDTH="103" HEIGHT="28" WC="0.91" CONTENT="vudtaget"/><SP WIDTH="23" VPOS="1393" HPOS="150"/>
							<String ID="string_374" HPOS="173" VPOS="1394" WIDTH="65" HEIGHT="27" WC="0.96" CONTENT="något"/><SP WIDTH="19" VPOS="1394" HPOS="238"/>
							<String ID="string_375" HPOS="257" VPOS="1394" WIDTH="153" HEIGHT="28" WC="0.96" CONTENT="sammanhang"/><SP WIDTH="21" VPOS="1394" HPOS="410"/>
							<String ID="string_376" HPOS="431" VPOS="1394" WIDTH="47" HEIGHT="22" WC="0.96" CONTENT="med"/><SP WIDTH="22" VPOS="1394" HPOS="478"/>
							<String ID="string_377" HPOS="500" VPOS="1394" WIDTH="123" HEIGHT="22" WC="0.93" CONTENT="densamma"/><SP WIDTH="20" VPOS="1394" HPOS="623"/>
							<String ID="string_378" HPOS="643" VPOS="1408" WIDTH="27" HEIGHT="3" WC="0.92" CONTENT="—"/><SP WIDTH="27" VPOS="1408" HPOS="670"/>
							<String ID="string_379" HPOS="697" VPOS="1398" WIDTH="31" HEIGHT="18" WC="0.85" CONTENT="att"/><SP WIDTH="25" VPOS="1398" HPOS="728"/>
							<String ID="string_380" HPOS="753" VPOS="1394" WIDTH="37" HEIGHT="21" WC="0.95" CONTENT="det"/><SP WIDTH="15" VPOS="1394" HPOS="790"/>
							<String ID="string_381" HPOS="805" VPOS="1393" WIDTH="69" HEIGHT="22" WC="0.96" CONTENT="skulle"/>
						</TextLine>
						<TextLine ID="line_42" HPOS="49" VPOS="1422" WIDTH="826" HEIGHT="30">
							<String ID="string_382" HPOS="49" VPOS="1429" WIDTH="50" HEIGHT="13" WC="0.96" CONTENT="vara"/><SP WIDTH="27" VPOS="1429" HPOS="99"/>
							<String ID="string_383" HPOS="126" VPOS="1422" WIDTH="33" HEIGHT="21" WC="0.96" CONTENT="för"/><SP WIDTH="23" VPOS="1422" HPOS="159"/>
							<String ID="string_384" HPOS="182" VPOS="1423" WIDTH="42" HEIGHT="27" WC="0.93" CONTENT="mig"/><SP WIDTH="26" VPOS="1423" HPOS="224"/>
							<String ID="string_385" HPOS="250" VPOS="1422" WIDTH="67" HEIGHT="28" WC="0.93" CONTENT="enligt"/><SP WIDTH="18" VPOS="1422" HPOS="317"/>
							<String ID="string_386" HPOS="335" VPOS="1423" WIDTH="106" HEIGHT="27" WC="0.92" CONTENT="grundlag"/><SP WIDTH="23" VPOS="1423" HPOS="441"/>
							<String ID="string_387" HPOS="464" VPOS="1423" WIDTH="129" HEIGHT="28" WC="0.92" CONTENT="tillständigt"/><SP WIDTH="21" VPOS="1423" HPOS="593"/>
							<String ID="string_388" HPOS="614" VPOS="1426" WIDTH="32" HEIGHT="18" WC="0.92" CONTENT="att"/><SP WIDTH="22" VPOS="1426" HPOS="646"/>
							<String ID="string_389" HPOS="668" VPOS="1423" WIDTH="106" HEIGHT="29" WC="0.92" CONTENT="uppställa"/><SP WIDTH="23" VPOS="1423" HPOS="774"/>
							<String ID="string_390" HPOS="797" VPOS="1428" WIDTH="78" HEIGHT="22" WC="0.92" CONTENT="propo-"/>
						</TextLine>
						<TextLine ID="line_43" HPOS="49" VPOS="1450" WIDTH="826" HEIGHT="30">
							<String ID="string_391" HPOS="49" VPOS="1451" WIDTH="62" HEIGHT="20" WC="0.92" CONTENT="sition"/><SP WIDTH="32" VPOS="1451" HPOS="111"/>
							<String ID="string_392" HPOS="143" VPOS="1450" WIDTH="111" HEIGHT="28" WC="0.96" CONTENT="angående"/><SP WIDTH="34" VPOS="1450" HPOS="254"/>
							<String ID="string_393" HPOS="288" VPOS="1452" WIDTH="115" HEIGHT="27" WC="0.71" CONTENT="förslaget;"/><SP WIDTH="28" VPOS="1452" HPOS="403"/>
							<String ID="string_394" HPOS="431" VPOS="1452" WIDTH="89" HEIGHT="21" WC="0.96" CONTENT="hvarför"/><SP WIDTH="31" VPOS="1452" HPOS="520"/>
							<String ID="string_395" HPOS="551" VPOS="1453" WIDTH="34" HEIGHT="27" WC="0.93" CONTENT="jag"/><SP WIDTH="24" VPOS="1453" HPOS="585"/>
							<String ID="string_396" HPOS="609" VPOS="1452" WIDTH="81" HEIGHT="28" WC="0.93" CONTENT="nödgas"/><SP WIDTH="28" VPOS="1452" HPOS="690"/>
							<String ID="string_397" HPOS="718" VPOS="1452" WIDTH="100" HEIGHT="26" WC="0.94" CONTENT="förklara,"/><SP WIDTH="25" VPOS="1452" HPOS="818"/>
							<String ID="string_398" HPOS="843" VPOS="1452" WIDTH="32" HEIGHT="19" WC="0.96" CONTENT="att"/>
						</TextLine>
						<TextLine ID="line_44" HPOS="47" VPOS="1478" WIDTH="827" HEIGHT="30">
							<String ID="string_399" HPOS="47" VPOS="1478" WIDTH="59" HEIGHT="27" WC="0.96" CONTENT="detta"/><SP WIDTH="15" VPOS="1478" HPOS="106"/>
							<String ID="string_400" HPOS="121" VPOS="1478" WIDTH="80" HEIGHT="28" WC="0.96" CONTENT="förslag"/><SP WIDTH="16" VPOS="1478" HPOS="201"/>
							<String ID="string_401" HPOS="217" VPOS="1479" WIDTH="76" HEIGHT="21" WC="0.96" CONTENT="endast"/><SP WIDTH="22" VPOS="1479" HPOS="293"/>
							<String ID="string_402" HPOS="315" VPOS="1484" WIDTH="51" HEIGHT="16" WC="0.96" CONTENT="utan"/><SP WIDTH="17" VPOS="1484" HPOS="366"/>
							<String ID="string_403" HPOS="383" VPOS="1480" WIDTH="73" HEIGHT="21" WC="0.96" CONTENT="vidare"/><SP WIDTH="23" VPOS="1480" HPOS="456"/>
							<String ID="string_404" HPOS="479" VPOS="1480" WIDTH="72" HEIGHT="28" WC="0.96" CONTENT="lägges"/><SP WIDTH="16" VPOS="1480" HPOS="551"/>
							<String ID="string_405" HPOS="567" VPOS="1480" WIDTH="32" HEIGHT="21" WC="0.93" CONTENT="till"/><SP WIDTH="16" VPOS="1480" HPOS="599"/>
							<String ID="string_406" HPOS="615" VPOS="1481" WIDTH="25" HEIGHT="21" WC="0.88" CONTENT="R."/><SP WIDTH="16" VPOS="1481" HPOS="640"/>
							<String ID="string_407" HPOS="656" VPOS="1488" WIDTH="18" HEIGHT="14" WC="0.89" CONTENT="o."/><SP WIDTH="16" VPOS="1488" HPOS="674"/>
							<String ID="string_408" HPOS="690" VPOS="1481" WIDTH="37" HEIGHT="21" WC="0.96" CONTENT="A:s"/><SP WIDTH="16" VPOS="1481" HPOS="727"/>
							<String ID="string_409" HPOS="743" VPOS="1480" WIDTH="131" HEIGHT="27" WC="0.96" CONTENT="handlingar."/>
						</TextLine>
						<TextLine ID="line_45" HPOS="47" VPOS="1507" WIDTH="828" HEIGHT="30">
							<String ID="string_410" HPOS="47" VPOS="1507" WIDTH="70" HEIGHT="21" WC="0.93" CONTENT="Öfver"/><SP WIDTH="22" VPOS="1507" HPOS="117"/>
							<String ID="string_411" HPOS="139" VPOS="1507" WIDTH="69" HEIGHT="21" WC="0.96" CONTENT="denna"/><SP WIDTH="24" VPOS="1507" HPOS="208"/>
							<String ID="string_412" HPOS="232" VPOS="1508" WIDTH="43" HEIGHT="20" WC="0.96" CONTENT="min"/><SP WIDTH="23" VPOS="1508" HPOS="275"/>
							<String ID="string_413" HPOS="298" VPOS="1508" WIDTH="98" HEIGHT="28" WC="0.96" CONTENT="tolkning"/><SP WIDTH="22" VPOS="1508" HPOS="396"/>
							<String ID="string_414" HPOS="418" VPOS="1508" WIDTH="21" HEIGHT="21" WC="0.96" CONTENT="af"/><SP WIDTH="24" VPOS="1508" HPOS="439"/>
							<String ID="string_415" HPOS="463" VPOS="1509" WIDTH="24" HEIGHT="21" WC="0.94" CONTENT="L."/><SP WIDTH="16" VPOS="1509" HPOS="487"/>
							<String ID="string_416" HPOS="503" VPOS="1509" WIDTH="27" HEIGHT="21" WC="0.90" CONTENT="O."/><SP WIDTH="16" VPOS="1509" HPOS="530"/>
							<String ID="string_417" HPOS="546" VPOS="1516" WIDTH="49" HEIGHT="21" WC="0.96" CONTENT="eger"/><SP WIDTH="23" VPOS="1516" HPOS="595"/>
							<String ID="string_418" HPOS="618" VPOS="1510" WIDTH="134" HEIGHT="27" WC="0.92" CONTENT="naturligtvis"/><SP WIDTH="20" VPOS="1510" HPOS="752"/>
							<String ID="string_419" HPOS="772" VPOS="1508" WIDTH="27" HEIGHT="22" WC="0.96" CONTENT="R."/><SP WIDTH="15" VPOS="1508" HPOS="799"/>
							<String ID="string_420" HPOS="814" VPOS="1516" WIDTH="18" HEIGHT="13" WC="0.84" CONTENT="o."/><SP WIDTH="16" VPOS="1516" HPOS="832"/>
							<String ID="string_421" HPOS="848" VPOS="1508" WIDTH="27" HEIGHT="21" WC="0.96" CONTENT="A."/>
						</TextLine>
					</TextBlock>
				</ComposedBlock>
			</PrintSpace>
		</Page>
	</Layout>
</alto>
