1078 1739
341 84 286 34 Maltdrycksbevillningen.
857 85 40 21 283

71 161 106 26 infördes;
194 167 52 20 men,
255 168 44 13 som
315 160 68 28 sagdt,
392 160 70 28 någon
478 160 138 29 passionerad
632 160 122 28 anhängare
770 160 22 21 af
808 159 90 22 Utskot-

72 193 43 18 tets
131 189 71 22 beslut
216 189 7 20 i
238 189 70 21 denna
324 189 61 28 fråga
402 189 41 21 kan
458 190 36 27 jag
510 189 110 28 verkligen
634 189 48 22 icke
694 196 56 14 vara.
780 188 35 21 Då
831 195 67 14 reser-

73 219 100 21 vationen
197 217 41 22 N:o
261 218 12 21 2
296 219 77 20 vunnit
398 217 117 22 understöd
538 217 24 22 af
581 221 80 18 tvenne
677 217 23 21 af
716 217 102 22 Ståndets
834 217 63 21 ärade

71 247 140 21 medlemmar
232 246 40 21 och
295 246 83 21 således
400 246 55 21 efter
477 246 139 21 häfdvunnen
640 249 100 18 coutume
756 246 41 21 kan
814 245 84 22 komma

72 275 69 22 under
156 275 131 27 omröstning
302 287 28 8 —
345 275 92 21 änskönt
459 275 37 21 det
511 274 110 22 förefaller
643 275 43 27 mig
702 282 46 13 som
764 281 34 14 om
810 274 34 21 Hr
855 281 41 14 von

73 303 96 28 Wrights
194 303 115 21 understöd
330 311 51 13 vore
397 303 23 21 af
435 303 149 22 beskaffenhet
599 306 32 18 att
653 304 48 21 icke
718 303 78 21 bereda
818 303 26 21 de
865 306 32 17 tre

71 332 67 21 ärade
153 335 162 18 reservanterne
337 331 92 22 särskild
452 331 80 28 fägnad
547 345 29 2 —
592 332 68 21 måste
684 333 36 27 jag
735 335 50 24 taga
800 331 31 21 till
846 331 51 21 orda

72 361 65 20 äfven
153 361 7 20 i
176 360 69 21 denna
260 360 67 28 fråga.
358 360 42 28 Jag
415 360 33 21 får
463 362 57 26 säga,
535 363 31 18 att
582 360 24 21 så
628 361 46 20 litet
689 361 35 27 jag
740 360 100 21 förvånar
856 361 42 26 mig

71 389 64 21 öfver
150 392 32 18 att
197 390 157 20 reservationen
371 389 41 21 N:o
429 390 9 20 1:
457 390 77 20 vunnit
556 389 122 25 understöd,
695 390 23 20 så
739 389 85 28 mycket
840 395 56 14 mera

72 417 103 22 förvånar
190 417 35 21 det
241 418 42 27 mig
298 420 31 18 att
344 417 24 22 så
384 419 54 20 varit
453 417 61 22 fallet
529 417 48 22 med
593 419 160 20 reservationen
765 417 41 22 N:o
817 418 19 20 2.
857 418 40 20 Att

72 454 29 14 nu
117 449 32 19 tre
164 446 23 22 af
202 445 123 23 Utekottets
341 447 26 21 12
384 446 137 22 medlemmar
542 446 65 22 hafva
623 446 155 22 undertecknat
800 453 96 14 reserva-

71 476 74 20 tionen
161 475 41 21 och
217 478 31 18 att
263 475 69 21 denna
349 476 76 20 vunnit
440 475 117 21 understöd
572 476 8 20 i
596 475 96 26 Ståndet,
708 475 89 21 innebär
811 477 32 19 att
854 474 41 22 Ut-

71 504 94 20 skottets
189 504 68 28 öfriga
280 504 137 21 medlemmar
439 507 81 18 ansetts
543 505 100 27 antingen
670 504 48 21 icke
734 504 65 20 hafva
815 503 81 21 kunnat

73 532 91 21 bedöma
185 532 82 28 frågan,
288 532 51 21 eller
362 532 47 22 icke
431 532 67 22 hafva
513 533 57 21 velat
593 532 90 21 bedöma
710 532 75 28 frågan
802 532 56 26 eller,
873 531 24 21 af

71 560 113 28 oförmåga
200 561 49 21 eller
264 561 117 28 håglöshet,
397 561 49 21 sökt
462 561 70 29 skjuta
556 561 40 21 den
613 561 55 21 ifrån
684 562 33 26 sig
732 561 34 21 för
781 564 31 18 att
827 560 68 22 vältra

70 589 43 21 den
129 589 28 29 på
173 590 70 20 andra.
273 590 44 20 Det
332 592 23 18 är
370 590 88 20 emedan
485 591 35 27 jag
535 590 44 21 inte
595 597 34 14 ser
645 589 65 29 något
726 593 64 17 annat
804 589 93 21 alterna-

71 619 38 25 tiv,
124 625 45 14 som
189 618 35 21 det
239 618 100 21 förvånar
361 619 43 27 mig
419 621 31 18 att
470 618 66 21 andra
552 619 159 21 reservationen
728 619 76 21 vunnit
818 617 78 22 under-

70 646 57 22 stöd.
157 646 112 22 Utskottet
290 646 38 22 har
348 648 56 20 varit
419 647 131 28 fullkomligt
572 654 51 14 ense
639 654 33 14 om
688 650 33 18 att
735 646 138 28 svagdrickat
888 647 6 19 i

71 675 152 28 nykterhetens
239 676 90 20 intresse
345 676 38 20 bör
393 675 24 21 så
427 676 47 21 vidt
490 676 81 28 möjligt
586 675 23 21 få
624 683 124 21 gynsamma
762 675 79 21 vilkor:
859 675 36 21 be-

71 704 53 21 frias
139 704 49 20 från
204 704 56 21 skatt
274 704 45 21 helt
334 704 41 21 och
390 704 66 21 hållet
471 704 47 26 och,
533 712 34 13 om
583 704 37 21 det
637 705 65 27 ginge
718 712 33 18 an,
766 704 64 21 äfven
846 703 48 21 från

71 732 245 22 kontrollkostnaderna.
345 732 76 22 Sävidt
436 733 36 28 jag
488 733 40 21 kan
544 733 75 25 förstå,
629 732 41 22 och
686 740 45 14 som
746 733 36 27 jag
796 735 44 18 tror
852 733 42 27 mig

71 760 73 22 kunna
159 761 102 25 försäkra,
277 761 37 21 har
329 762 65 20 saken
411 763 82 25 ganska
517 761 145 28 omsorgsfullt
682 761 40 21 och
738 763 157 26 samvetsgrant

69 789 127 28 Ofvervägts
215 790 23 20 af
261 790 117 21 Utskottet.
407 790 41 20 Till
472 790 55 21 buds
550 790 88 21 stående
661 790 106 21 litteratur
786 789 38 21 har
840 789 55 21 efter

71 818 99 28 förmåga
185 818 156 28 tillgodngjorts
357 818 50 22 med
421 818 37 22 det
473 819 89 21 resultat
572 818 63 27 dock,
643 822 31 17 att
684 818 124 22 Utskottets
824 818 71 20 öfver-

72 847 99 27 vägande
188 848 105 26 majoritet
309 847 86 21 beslutit
411 847 56 21 inför
483 847 119 21 Ständerna
618 847 69 21 afvisa
704 847 69 21 denna
789 846 61 28 fräga
862 846 34 21 sä-

70 882 46 14 som
139 875 49 21 icke
211 876 99 27 liggande
325 876 57 20 inom
405 875 123 22 Utskottets
544 876 131 27 kompetens.
706 876 55 20 Dess
777 874 118 22 utredande

70 903 64 21 beror
148 904 90 21 framför
253 904 38 21 allt
307 904 27 28 pä
349 904 134 21 erhällandet
498 904 22 21 af
540 904 114 22 statistiskt
670 904 102 26 material,
787 911 45 14 som
848 904 48 20 icke

69 932 40 21 alls
126 932 94 21 befinner
235 934 34 26 sig
283 934 56 20 inom
356 932 125 22 Utskottets
497 932 109 22 räckvidd.
637 932 34 22 Då
686 933 48 21 icke
750 932 83 22 landets
850 932 46 21 offi-

70 960 65 22 ciella
149 961 147 28 myndigheter
311 961 81 21 kunnat
408 961 79 21 erhålla
510 962 65 28 något
590 962 101 24 material,
707 969 45 13 som
768 962 6 20 i
790 960 59 22 detta
864 960 33 22 af-

67 989 83 22 seende
165 990 68 20 skulle
249 990 62 28 duga,
322 990 24 21 så
361 992 23 19 är
400 990 36 21 det
451 990 107 28 knappast
572 990 106 26 tänkbart,
688 993 32 18 att
732 990 111 22 Utskottet
858 996 38 14 un-

68 1017 40 22 der
123 1018 172 28 landtdagstiden
307 1018 68 22 skulle
385 1019 70 20 kunna
464 1018 28 28 på
500 1022 31 18 ett
538 1019 75 21 hittills
622 1018 167 22 okontrolleradt
810 1017 86 22 område

69 1046 24 21 få
106 1046 65 28 något
182 1047 74 21 bättre.
272 1047 114 21 Dessutom
398 1047 68 21 måste
482 1047 70 21 denna
568 1047 61 28 fråga
645 1047 101 21 bedömas
762 1046 133 22 hufvudsak-

68 1074 65 29 ligast
149 1075 27 28 på
191 1075 132 28 grundvalen
339 1076 24 20 af
377 1083 57 18 rena,
445 1076 70 21 solida
526 1076 40 21 och
577 1076 162 28 vetenskapliga
755 1076 141 20 fackmanna-

69 1104 96 27 insigter.
183 1104 12 20 I
210 1104 36 21 det
261 1104 113 21 afseendet
386 1106 23 19 är
420 1104 120 27 Utskottet,
554 1105 36 27 jag
605 1104 76 22 tvekar
696 1104 48 21 icke
755 1107 31 18 att
801 1104 94 20 erkänna

69 1132 44 26 det,
128 1132 81 28 ganska
225 1132 72 28 fattigt
312 1133 113 21 utrustadt.
456 1132 124 22 Utskottets
592 1132 136 22 medlemmar
743 1132 65 22 hafva
824 1132 73 21 blifvit

69 1160 70 28 valda,
154 1161 25 21 så
194 1161 46 21 vidt
254 1162 35 27 jag
305 1161 84 26 förstår,
405 1161 68 21 under
488 1162 154 27 förutsättning
655 1164 31 18 att
698 1161 27 21 de
739 1162 75 20 besitta
831 1161 65 27 insig-

69 1192 34 18 ter
118 1190 6 20 i
140 1190 105 20 allmänna
268 1189 208 29 bevillningsfrågor,
500 1198 47 13 men
565 1191 5 20 i
587 1190 172 28 bryggerifrågor
782 1189 66 21 hafva
869 1189 27 21 de

69 1218 60 20 ringa
145 1219 71 27 insigt.
236 1218 41 28 Jag
293 1222 36 17 vet
352 1218 48 22 icke
416 1219 5 20 i
438 1218 57 22 hvad
512 1219 48 21 mån
576 1218 48 22 vårt
639 1218 63 21 ärade
726 1218 62 22 stånd
805 1218 90 20 besitter

69 1246 82 21 sådana
167 1247 136 27 kapaciteter,
319 1254 47 14 men
389 1247 129 21 åtminstone
541 1247 85 21 kommo
645 1247 26 21 de
687 1248 47 20 icke
750 1248 6 20 i
772 1246 85 27 åtanke,
869 1245 27 21 då

69 1274 135 22 elektorerna
226 1275 74 28 gjorde
323 1276 38 20 sitt
384 1276 34 20 val
441 1276 33 21 till
491 1276 58 21 detta
573 1276 87 20 utskott.
690 1275 114 21 Huruvida
820 1274 28 22 de
864 1278 31 17 tre

68 1303 67 21 ärade
150 1306 161 18 reservanterna
327 1306 6 18 i
349 1304 42 21 den
408 1306 69 26 vägen
493 1304 67 22 hafva
575 1304 69 28 någon
661 1306 67 19 större
744 1304 71 27 insigt,
831 1303 66 28 vågar

69 1332 36 27 jag
121 1331 48 21 icke
185 1332 80 28 afgöra,
281 1340 47 13 men
351 1333 36 27 jag
409 1333 69 21 skulle
499 1333 33 21 för
549 1332 122 22 Utskottets
688 1340 53 20 egen
757 1332 54 21 skull
828 1331 69 21 önska

69 1362 33 19 att
117 1359 27 22 de
160 1360 48 21 icke
232 1361 71 21 blefve
326 1364 55 18 satta
405 1361 27 28 på
454 1361 54 29 prof.
538 1361 52 21 Man
606 1361 96 26 har,som
718 1360 179 29 sagdt,tillgodor

69 1389 58 27 gjort
142 1389 34 27 sig
191 1389 41 21 den
247 1389 112 25 litteratur,
374 1390 93 20 svenska
482 1390 150 21 betänkanden
649 1390 40 21 och
705 1393 70 22 annat,
786 1396 45 14 som
844 1388 53 21 stått

69 1416 34 22 till
119 1417 54 21 buds
190 1418 6 20 i
212 1418 58 20 detta
286 1418 128 26 hänseende,
425 1418 41 21 och
482 1419 56 27 gjort
554 1419 32 27 sig
605 1418 109 28 förtrogen
730 1418 48 21 med
794 1418 103 20 termino-

71 1446 58 27 login
146 1446 41 21 och
203 1446 40 21 den
259 1446 105 21 allmänna
385 1446 150 28 tankegängen
558 1446 51 22 deri.
639 1446 73 28 Nägot
726 1446 24 22 sä
765 1448 38 19 när
818 1445 80 21 förstär

70 1481 48 13 man
135 1475 33 27 sig
184 1474 70 29 härpä,
270 1482 48 13 men
335 1475 123 28 specialisti
471 1475 72 21 facket
555 1475 38 21 har
604 1483 47 13 man
663 1475 47 21 icke
727 1475 79 21 kunnat
823 1474 75 21 blifva.
