<?xml version="1.0" encoding="UTF-8"?>
<alto xmlns="http://www.loc.gov/standards/alto/ns-v3#" xmlns:xlink="http://www.w3.org/1999/xlink" xmlns:xsi="http://www.w3.org/2001/XMLSchema-instance" xsi:schemaLocation="http://www.loc.gov/standards/alto/ns-v3# http://www.loc.gov/alto/v3/alto-3-0.xsd">
	<Description>
		<MeasurementUnit>pixel</MeasurementUnit>
		<sourceImageInformation>
			<fileName>/tmp/tess_aijvudym_input.PNG</fileName>
		</sourceImageInformation>
		<OCRProcessing ID="OCR_0">
			<ocrProcessingStep>
				<processingSoftware>
					<softwareName>tesseract 5.3.4</softwareName>
				</processingSoftware>
			</ocrProcessingStep>
		</OCRProcessing>
	</Description>
	<Layout>
		<Page WIDTH="1075" HEIGHT="1736" PHYSICAL_IMG_NR="0" ID="page_0">
			<PrintSpace HPOS="0" VPOS="0" WIDTH="1075" HEIGHT="1736">
				<ComposedBlock ID="cblock_0" HPOS="194" VPOS="115" WIDTH="552" HEIGHT="28">
					<TextBlock ID="block_0" HPOS="194" VPOS="115" WIDTH="552" HEIGHT="28">
						<TextLine ID="line_0" HPOS="194" VPOS="115" WIDTH="552" HEIGHT="28">
							<String ID="string_0" HPOS="194" VPOS="115" WIDTH="40" HEIGHT="20" WC="0.96" CONTENT="142"/><SP WIDTH="220" VPOS="115" HPOS="234"/>
							<String ID="string_1" HPOS="454" VPOS="123" WIDTH="25" HEIGHT="16" WC="0.96" CONTENT="R."/><SP WIDTH="13" VPOS="123" HPOS="479"/>
							<String ID="string_2" HPOS="492" VPOS="127" WIDTH="18" HEIGHT="12" WC="0.92" CONTENT="o."/><SP WIDTH="13" VPOS="127" HPOS="510"/>
							<String ID="string_3" HPOS="523" VPOS="123" WIDTH="25" HEIGHT="16" WC="0.94" CONTENT="A."/><SP WIDTH="12" VPOS="123" HPOS="548"/>
							<String ID="string_4" HPOS="560" VPOS="123" WIDTH="61" HEIGHT="17" WC="0.95" CONTENT="1906."/><SP WIDTH="24" VPOS="123" HPOS="621"/>
							<String ID="string_5" HPOS="645" VPOS="123" WIDTH="21" HEIGHT="17" WC="0.96" CONTENT="11"/><SP WIDTH="11" VPOS="123" HPOS="666"/>
							<String ID="string_6" HPOS="677" VPOS="123" WIDTH="69" HEIGHT="20" WC="0.96" CONTENT="April."/>
						</TextLine>
					</TextBlock>
				</ComposedBlock>
				<GraphicalElement ID="cblock_1" HPOS="203" VPOS="146" WIDTH="816" HEIGHT="13"></GraphicalElement >
				<ComposedBlock ID="cblock_2" HPOS="184" VPOS="189" WIDTH="835" HEIGHT="1340">
					<TextBlock ID="block_1" HPOS="192" VPOS="189" WIDTH="827" HEIGHT="344">
						<TextLine ID="line_1" HPOS="194" VPOS="189" WIDTH="825" HEIGHT="23">
							<String ID="string_7" HPOS="194" VPOS="189" WIDTH="112" HEIGHT="21" WC="0.92" CONTENT="motverka"/><SP WIDTH="16" VPOS="189" HPOS="306"/>
							<String ID="string_8" HPOS="322" VPOS="190" WIDTH="122" HEIGHT="21" WC="0.92" CONTENT="bränvinets"/><SP WIDTH="17" VPOS="190" HPOS="444"/>
							<String ID="string_9" HPOS="461" VPOS="190" WIDTH="112" HEIGHT="22" WC="0.92" CONTENT="missbruk."/><SP WIDTH="28" VPOS="190" HPOS="573"/>
							<String ID="string_10" HPOS="601" VPOS="191" WIDTH="34" HEIGHT="21" WC="0.96" CONTENT="Hr"/><SP WIDTH="15" VPOS="191" HPOS="635"/>
							<String ID="string_11" HPOS="650" VPOS="191" WIDTH="119" HEIGHT="21" WC="0.93" CONTENT="Schauman"/><SP WIDTH="17" VPOS="191" HPOS="769"/>
							<String ID="string_12" HPOS="786" VPOS="190" WIDTH="98" HEIGHT="21" WC="0.89" CONTENT="framhöll"/><SP WIDTH="16" VPOS="190" HPOS="884"/>
							<String ID="string_13" HPOS="900" VPOS="190" WIDTH="73" HEIGHT="21" WC="0.96" CONTENT="vidare"/><SP WIDTH="16" VPOS="190" HPOS="973"/>
							<String ID="string_14" HPOS="989" VPOS="193" WIDTH="30" HEIGHT="18" WC="0.96" CONTENT="att"/>
						</TextLine>
						<TextLine ID="line_2" HPOS="193" VPOS="217" WIDTH="826" HEIGHT="30">
							<String ID="string_15" HPOS="193" VPOS="217" WIDTH="38" HEIGHT="21" WC="0.96" CONTENT="det"/><SP WIDTH="15" VPOS="217" HPOS="231"/>
							<String ID="string_16" HPOS="246" VPOS="218" WIDTH="23" HEIGHT="20" WC="0.93" CONTENT="af"/><SP WIDTH="21" VPOS="218" HPOS="269"/>
							<String ID="string_17" HPOS="290" VPOS="218" WIDTH="214" HEIGHT="22" WC="0.92" CONTENT="Ekonomiutskottet"/><SP WIDTH="22" VPOS="218" HPOS="504"/>
							<String ID="string_18" HPOS="526" VPOS="219" WIDTH="115" HEIGHT="21" WC="0.91" CONTENT="förordade"/><SP WIDTH="20" VPOS="219" HPOS="641"/>
							<String ID="string_19" HPOS="661" VPOS="220" WIDTH="96" HEIGHT="27" WC="0.92" CONTENT="anslaget"/><SP WIDTH="16" VPOS="220" HPOS="757"/>
							<String ID="string_20" HPOS="773" VPOS="226" WIDTH="33" HEIGHT="14" WC="0.93" CONTENT="om"/><SP WIDTH="16" VPOS="226" HPOS="806"/>
							<String ID="string_21" HPOS="822" VPOS="220" WIDTH="76" HEIGHT="25" WC="0.92" CONTENT="20,000"/><SP WIDTH="16" VPOS="220" HPOS="898"/>
							<String ID="string_22" HPOS="914" VPOS="218" WIDTH="59" HEIGHT="22" WC="0.95" CONTENT="mark"/><SP WIDTH="14" VPOS="218" HPOS="973"/>
							<String ID="string_23" HPOS="987" VPOS="218" WIDTH="32" HEIGHT="22" WC="0.96" CONTENT="till"/>
						</TextLine>
						<TextLine ID="line_3" HPOS="194" VPOS="246" WIDTH="824" HEIGHT="30">
							<String ID="string_24" HPOS="194" VPOS="246" WIDTH="146" HEIGHT="28" WC="0.92" CONTENT="befrämjande"/><SP WIDTH="15" VPOS="246" HPOS="340"/>
							<String ID="string_25" HPOS="355" VPOS="247" WIDTH="23" HEIGHT="21" WC="0.93" CONTENT="af"/><SP WIDTH="15" VPOS="247" HPOS="378"/>
							<String ID="string_26" HPOS="393" VPOS="248" WIDTH="308" HEIGHT="28" WC="0.92" CONTENT="nykterhetsundervisningen"/><SP WIDTH="24" VPOS="248" HPOS="701"/>
							<String ID="string_27" HPOS="725" VPOS="248" WIDTH="67" HEIGHT="27" WC="0.96" CONTENT="enligt"/><SP WIDTH="14" VPOS="248" HPOS="792"/>
							<String ID="string_28" HPOS="806" VPOS="248" WIDTH="53" HEIGHT="21" WC="0.93" CONTENT="hans"/><SP WIDTH="21" VPOS="248" HPOS="859"/>
							<String ID="string_29" HPOS="880" VPOS="247" WIDTH="138" HEIGHT="21" WC="0.93" CONTENT="förmenande"/>
						</TextLine>
						<TextLine ID="line_4" HPOS="193" VPOS="275" WIDTH="825" HEIGHT="28">
							<String ID="string_30" HPOS="193" VPOS="276" WIDTH="23" HEIGHT="19" WC="0.93" CONTENT="är"/><SP WIDTH="23" VPOS="276" HPOS="216"/>
							<String ID="string_31" HPOS="239" VPOS="275" WIDTH="88" HEIGHT="21" WC="0.92" CONTENT="alldeles"/><SP WIDTH="24" VPOS="275" HPOS="327"/>
							<String ID="string_32" HPOS="351" VPOS="276" WIDTH="34" HEIGHT="20" WC="0.96" CONTENT="för"/><SP WIDTH="14" VPOS="276" HPOS="385"/>
							<String ID="string_33" HPOS="399" VPOS="276" WIDTH="53" HEIGHT="21" WC="0.95" CONTENT="litet."/><SP WIDTH="30" VPOS="276" HPOS="452"/>
							<String ID="string_34" HPOS="482" VPOS="276" WIDTH="41" HEIGHT="27" WC="0.96" CONTENT="Jag"/><SP WIDTH="19" VPOS="276" HPOS="523"/>
							<String ID="string_35" HPOS="542" VPOS="276" WIDTH="71" HEIGHT="21" WC="0.93" CONTENT="kunde"/><SP WIDTH="19" VPOS="276" HPOS="613"/>
							<String ID="string_36" HPOS="632" VPOS="277" WIDTH="83" HEIGHT="20" WC="0.95" CONTENT="ansluta"/><SP WIDTH="18" VPOS="277" HPOS="715"/>
							<String ID="string_37" HPOS="733" VPOS="277" WIDTH="42" HEIGHT="26" WC="0.96" CONTENT="mig"/><SP WIDTH="16" VPOS="277" HPOS="775"/>
							<String ID="string_38" HPOS="791" VPOS="276" WIDTH="30" HEIGHT="21" WC="0.94" CONTENT="till"/><SP WIDTH="18" VPOS="276" HPOS="821"/>
							<String ID="string_39" HPOS="839" VPOS="276" WIDTH="33" HEIGHT="21" WC="0.84" CONTENT="Hr"/><SP WIDTH="8" VPOS="276" HPOS="872"/>
							<String ID="string_40" HPOS="880" VPOS="276" WIDTH="138" HEIGHT="21" WC="0.84" CONTENT="Schaumans"/>
						</TextLine>
						<TextLine ID="line_5" HPOS="193" VPOS="303" WIDTH="825" HEIGHT="30">
							<String ID="string_41" HPOS="193" VPOS="303" WIDTH="146" HEIGHT="28" WC="0.96" CONTENT="uppfattning,"/><SP WIDTH="16" VPOS="303" HPOS="339"/>
							<String ID="string_42" HPOS="355" VPOS="311" WIDTH="33" HEIGHT="14" WC="0.96" CONTENT="om"/><SP WIDTH="16" VPOS="311" HPOS="388"/>
							<String ID="string_43" HPOS="404" VPOS="305" WIDTH="41" HEIGHT="20" WC="0.96" CONTENT="den"/><SP WIDTH="17" VPOS="305" HPOS="445"/>
							<String ID="string_44" HPOS="462" VPOS="308" WIDTH="58" HEIGHT="17" WC="0.93" CONTENT="stora"/><SP WIDTH="16" VPOS="308" HPOS="520"/>
							<String ID="string_45" HPOS="536" VPOS="308" WIDTH="95" HEIGHT="25" WC="0.92" CONTENT="apparat,"/><SP WIDTH="15" VPOS="308" HPOS="631"/>
							<String ID="string_46" HPOS="646" VPOS="313" WIDTH="45" HEIGHT="13" WC="0.96" CONTENT="som"/><SP WIDTH="17" VPOS="313" HPOS="691"/>
							<String ID="string_47" HPOS="708" VPOS="305" WIDTH="34" HEIGHT="20" WC="0.96" CONTENT="Hr"/><SP WIDTH="15" VPOS="305" HPOS="742"/>
							<String ID="string_48" HPOS="757" VPOS="304" WIDTH="120" HEIGHT="22" WC="0.96" CONTENT="Schauman"/><SP WIDTH="12" VPOS="304" HPOS="877"/>
							<String ID="string_49" HPOS="889" VPOS="305" WIDTH="68" HEIGHT="20" WC="0.96" CONTENT="skulle"/><SP WIDTH="11" VPOS="305" HPOS="957"/>
							<String ID="string_50" HPOS="968" VPOS="304" WIDTH="50" HEIGHT="28" WC="0.96" CONTENT="vilja"/>
						</TextLine>
						<TextLine ID="line_6" HPOS="193" VPOS="332" WIDTH="824" HEIGHT="29">
							<String ID="string_51" HPOS="193" VPOS="333" WIDTH="55" HEIGHT="20" WC="0.96" CONTENT="sätta"/><SP WIDTH="17" VPOS="333" HPOS="248"/>
							<String ID="string_52" HPOS="265" VPOS="333" WIDTH="6" HEIGHT="20" WC="0.93" CONTENT="i"/><SP WIDTH="16" VPOS="333" HPOS="271"/>
							<String ID="string_53" HPOS="287" VPOS="332" WIDTH="56" HEIGHT="28" WC="0.96" CONTENT="gång"/><SP WIDTH="15" VPOS="332" HPOS="343"/>
							<String ID="string_54" HPOS="358" VPOS="333" WIDTH="34" HEIGHT="20" WC="0.96" CONTENT="för"/><SP WIDTH="16" VPOS="333" HPOS="392"/>
							<String ID="string_55" HPOS="408" VPOS="333" WIDTH="69" HEIGHT="21" WC="0.96" CONTENT="denna"/><SP WIDTH="17" VPOS="333" HPOS="477"/>
							<String ID="string_56" HPOS="494" VPOS="333" WIDTH="162" HEIGHT="28" WC="0.96" CONTENT="undervisning,"/><SP WIDTH="16" VPOS="333" HPOS="656"/>
							<String ID="string_57" HPOS="672" VPOS="333" WIDTH="65" HEIGHT="22" WC="0.93" CONTENT="redan"/><SP WIDTH="17" VPOS="333" HPOS="737"/>
							<String ID="string_58" HPOS="754" VPOS="341" WIDTH="50" HEIGHT="13" WC="0.92" CONTENT="vore"/><SP WIDTH="16" VPOS="341" HPOS="804"/>
							<String ID="string_59" HPOS="820" VPOS="333" WIDTH="121" HEIGHT="28" WC="0.76" CONTENT="tillskapad."/><SP WIDTH="24" VPOS="333" HPOS="941"/>
							<String ID="string_60" HPOS="965" VPOS="333" WIDTH="52" HEIGHT="21" WC="0.96" CONTENT="Men"/>
						</TextLine>
						<TextLine ID="line_7" HPOS="193" VPOS="359" WIDTH="824" HEIGHT="30">
							<String ID="string_61" HPOS="193" VPOS="359" WIDTH="24" HEIGHT="22" WC="0.96" CONTENT="sä"/><SP WIDTH="15" VPOS="359" HPOS="217"/>
							<String ID="string_62" HPOS="232" VPOS="361" WIDTH="63" HEIGHT="26" WC="0.96" CONTENT="länge"/><SP WIDTH="12" VPOS="361" HPOS="295"/>
							<String ID="string_63" HPOS="307" VPOS="361" WIDTH="59" HEIGHT="21" WC="0.93" CONTENT="detta"/><SP WIDTH="12" VPOS="361" HPOS="366"/>
							<String ID="string_64" HPOS="378" VPOS="361" WIDTH="46" HEIGHT="22" WC="0.96" CONTENT="icke"/><SP WIDTH="12" VPOS="361" HPOS="424"/>
							<String ID="string_65" HPOS="436" VPOS="363" WIDTH="23" HEIGHT="20" WC="0.93" CONTENT="är"/><SP WIDTH="10" VPOS="363" HPOS="459"/>
							<String ID="string_66" HPOS="469" VPOS="362" WIDTH="67" HEIGHT="26" WC="0.96" CONTENT="fallet,"/><SP WIDTH="11" VPOS="362" HPOS="536"/>
							<String ID="string_67" HPOS="547" VPOS="365" WIDTH="50" HEIGHT="18" WC="0.96" CONTENT="utan"/><SP WIDTH="13" VPOS="365" HPOS="597"/>
							<String ID="string_68" HPOS="610" VPOS="370" WIDTH="47" HEIGHT="13" WC="0.96" CONTENT="man"/><SP WIDTH="13" VPOS="370" HPOS="657"/>
							<String ID="string_69" HPOS="670" VPOS="362" WIDTH="77" HEIGHT="21" WC="0.96" CONTENT="endast"/><SP WIDTH="9" VPOS="362" HPOS="747"/>
							<String ID="string_70" HPOS="756" VPOS="369" WIDTH="77" HEIGHT="20" WC="0.93" CONTENT="genom"/><SP WIDTH="12" VPOS="369" HPOS="833"/>
							<String ID="string_71" HPOS="845" VPOS="361" WIDTH="172" HEIGHT="22" WC="0.92" CONTENT="understödande"/>
						</TextLine>
						<TextLine ID="line_8" HPOS="192" VPOS="389" WIDTH="825" HEIGHT="29">
							<String ID="string_72" HPOS="192" VPOS="389" WIDTH="24" HEIGHT="20" WC="0.96" CONTENT="af"/><SP WIDTH="22" VPOS="389" HPOS="216"/>
							<String ID="string_73" HPOS="238" VPOS="389" WIDTH="65" HEIGHT="21" WC="0.93" CONTENT="redan"/><SP WIDTH="23" VPOS="389" HPOS="303"/>
							<String ID="string_74" HPOS="326" VPOS="389" WIDTH="115" HEIGHT="22" WC="0.92" CONTENT="bestäende"/><SP WIDTH="23" VPOS="389" HPOS="441"/>
							<String ID="string_75" HPOS="464" VPOS="391" WIDTH="250" HEIGHT="27" WC="0.91" CONTENT="nykterhetsföreningar"/><SP WIDTH="22" VPOS="391" HPOS="714"/>
							<String ID="string_76" HPOS="736" VPOS="391" WIDTH="42" HEIGHT="20" WC="0.96" CONTENT="kan"/><SP WIDTH="24" VPOS="391" HPOS="778"/>
							<String ID="string_77" HPOS="802" VPOS="391" WIDTH="63" HEIGHT="20" WC="0.95" CONTENT="verka"/><SP WIDTH="24" VPOS="391" HPOS="865"/>
							<String ID="string_78" HPOS="889" VPOS="391" WIDTH="34" HEIGHT="20" WC="0.96" CONTENT="för"/><SP WIDTH="23" VPOS="391" HPOS="923"/>
							<String ID="string_79" HPOS="946" VPOS="391" WIDTH="71" HEIGHT="25" WC="0.96" CONTENT="saken,"/>
						</TextLine>
						<TextLine ID="line_9" HPOS="192" VPOS="418" WIDTH="825" HEIGHT="29">
							<String ID="string_80" HPOS="192" VPOS="420" WIDTH="45" HEIGHT="18" WC="0.93" CONTENT="tror"/><SP WIDTH="15" VPOS="420" HPOS="237"/>
							<String ID="string_81" HPOS="252" VPOS="418" WIDTH="36" HEIGHT="27" WC="0.93" CONTENT="jag"/><SP WIDTH="15" VPOS="418" HPOS="288"/>
							<String ID="string_82" HPOS="303" VPOS="418" WIDTH="97" HEIGHT="28" WC="0.92" CONTENT="anslaget"/><SP WIDTH="15" VPOS="418" HPOS="400"/>
							<String ID="string_83" HPOS="415" VPOS="426" WIDTH="33" HEIGHT="13" WC="0.93" CONTENT="om"/><SP WIDTH="18" VPOS="426" HPOS="448"/>
							<String ID="string_84" HPOS="466" VPOS="420" WIDTH="76" HEIGHT="25" WC="0.91" CONTENT="20,000"/><SP WIDTH="15" VPOS="420" HPOS="542"/>
							<String ID="string_85" HPOS="557" VPOS="419" WIDTH="60" HEIGHT="21" WC="0.93" CONTENT="mark"/><SP WIDTH="14" VPOS="419" HPOS="617"/>
							<String ID="string_86" HPOS="631" VPOS="419" WIDTH="118" HEIGHT="21" WC="0.92" CONTENT="tillsvidare"/><SP WIDTH="11" VPOS="419" HPOS="749"/>
							<String ID="string_87" HPOS="760" VPOS="421" WIDTH="23" HEIGHT="19" WC="0.92" CONTENT="är"/><SP WIDTH="11" VPOS="421" HPOS="783"/>
							<String ID="string_88" HPOS="794" VPOS="419" WIDTH="101" HEIGHT="28" WC="0.90" CONTENT="tillfylles."/><SP WIDTH="23" VPOS="419" HPOS="895"/>
							<String ID="string_89" HPOS="918" VPOS="419" WIDTH="29" HEIGHT="21" WC="0.96" CONTENT="Sä"/><SP WIDTH="12" VPOS="419" HPOS="947"/>
							<String ID="string_90" HPOS="959" VPOS="422" WIDTH="58" HEIGHT="18" WC="0.96" CONTENT="snart"/>
						</TextLine>
						<TextLine ID="line_10" HPOS="192" VPOS="445" WIDTH="825" HEIGHT="31">
							<String ID="string_91" HPOS="192" VPOS="445" WIDTH="36" HEIGHT="22" WC="0.92" CONTENT="det"/><SP WIDTH="16" VPOS="445" HPOS="228"/>
							<String ID="string_92" HPOS="244" VPOS="447" WIDTH="58" HEIGHT="20" WC="0.92" CONTENT="visar"/><SP WIDTH="15" VPOS="447" HPOS="302"/>
							<String ID="string_93" HPOS="317" VPOS="447" WIDTH="37" HEIGHT="27" WC="0.96" CONTENT="sig,"/><SP WIDTH="16" VPOS="447" HPOS="354"/>
							<String ID="string_94" HPOS="370" VPOS="450" WIDTH="32" HEIGHT="18" WC="0.93" CONTENT="att"/><SP WIDTH="15" VPOS="450" HPOS="402"/>
							<String ID="string_95" HPOS="417" VPOS="448" WIDTH="151" HEIGHT="28" WC="0.92" CONTENT="föreningarna"/><SP WIDTH="19" VPOS="448" HPOS="568"/>
							<String ID="string_96" HPOS="587" VPOS="448" WIDTH="48" HEIGHT="21" WC="0.93" CONTENT="med"/><SP WIDTH="16" VPOS="448" HPOS="635"/>
							<String ID="string_97" HPOS="651" VPOS="448" WIDTH="108" HEIGHT="21" WC="0.92" CONTENT="önskvärd"/><SP WIDTH="17" VPOS="448" HPOS="759"/>
							<String ID="string_98" HPOS="776" VPOS="447" WIDTH="112" HEIGHT="28" WC="0.92" CONTENT="framgäng"/><SP WIDTH="15" VPOS="447" HPOS="888"/>
							<String ID="string_99" HPOS="903" VPOS="448" WIDTH="65" HEIGHT="21" WC="0.96" CONTENT="verka"/><SP WIDTH="16" VPOS="448" HPOS="968"/>
							<String ID="string_100" HPOS="984" VPOS="447" WIDTH="33" HEIGHT="21" WC="0.96" CONTENT="för"/>
						</TextLine>
						<TextLine ID="line_11" HPOS="192" VPOS="474" WIDTH="824" HEIGHT="30">
							<String ID="string_101" HPOS="192" VPOS="474" WIDTH="64" HEIGHT="21" WC="0.93" CONTENT="dessa"/><SP WIDTH="16" VPOS="474" HPOS="256"/>
							<String ID="string_102" HPOS="272" VPOS="475" WIDTH="103" HEIGHT="26" WC="0.90" CONTENT="ändamäl,"/><SP WIDTH="16" VPOS="475" HPOS="375"/>
							<String ID="string_103" HPOS="391" VPOS="477" WIDTH="23" HEIGHT="20" WC="0.96" CONTENT="är"/><SP WIDTH="16" VPOS="477" HPOS="414"/>
							<String ID="string_104" HPOS="430" VPOS="476" WIDTH="36" HEIGHT="21" WC="0.93" CONTENT="det"/><SP WIDTH="16" VPOS="476" HPOS="466"/>
							<String ID="string_105" HPOS="482" VPOS="477" WIDTH="102" HEIGHT="27" WC="0.92" CONTENT="naturligt"/><SP WIDTH="16" VPOS="477" HPOS="584"/>
							<String ID="string_106" HPOS="600" VPOS="477" WIDTH="40" HEIGHT="20" WC="0.93" CONTENT="och"/><SP WIDTH="16" VPOS="477" HPOS="640"/>
							<String ID="string_107" HPOS="656" VPOS="477" WIDTH="100" HEIGHT="27" WC="0.92" CONTENT="önskligt,"/><SP WIDTH="11" VPOS="477" HPOS="756"/>
							<String ID="string_108" HPOS="767" VPOS="480" WIDTH="31" HEIGHT="17" WC="0.93" CONTENT="att"/><SP WIDTH="18" VPOS="480" HPOS="798"/>
							<String ID="string_109" HPOS="816" VPOS="476" WIDTH="119" HEIGHT="21" WC="0.91" CONTENT="Ständerna"/><SP WIDTH="20" VPOS="476" HPOS="935"/>
							<String ID="string_110" HPOS="955" VPOS="476" WIDTH="61" HEIGHT="21" WC="0.92" CONTENT="ställa"/>
						</TextLine>
						<TextLine ID="line_12" HPOS="192" VPOS="503" WIDTH="824" HEIGHT="30">
							<String ID="string_111" HPOS="192" VPOS="503" WIDTH="70" HEIGHT="21" WC="0.93" CONTENT="ökade"/><SP WIDTH="16" VPOS="503" HPOS="262"/>
							<String ID="string_112" HPOS="278" VPOS="505" WIDTH="134" HEIGHT="27" WC="0.92" CONTENT="statsanslag,"/><SP WIDTH="17" VPOS="505" HPOS="412"/>
							<String ID="string_113" HPOS="429" VPOS="505" WIDTH="23" HEIGHT="20" WC="0.93" CONTENT="af"/><SP WIDTH="15" VPOS="505" HPOS="452"/>
							<String ID="string_114" HPOS="467" VPOS="505" WIDTH="72" HEIGHT="21" WC="0.96" CONTENT="hvilka"/><SP WIDTH="16" VPOS="505" HPOS="539"/>
							<String ID="string_115" HPOS="555" VPOS="505" WIDTH="27" HEIGHT="21" WC="0.93" CONTENT="de"/><SP WIDTH="17" VPOS="505" HPOS="582"/>
							<String ID="string_116" HPOS="599" VPOS="507" WIDTH="36" HEIGHT="19" WC="0.96" CONTENT="äro"/><SP WIDTH="16" VPOS="507" HPOS="635"/>
							<String ID="string_117" HPOS="651" VPOS="506" WIDTH="5" HEIGHT="20" WC="0.93" CONTENT="i"/><SP WIDTH="19" VPOS="506" HPOS="656"/>
							<String ID="string_118" HPOS="675" VPOS="505" WIDTH="71" HEIGHT="26" WC="0.92" CONTENT="behof,"/><SP WIDTH="15" VPOS="505" HPOS="746"/>
							<String ID="string_119" HPOS="761" VPOS="505" WIDTH="32" HEIGHT="21" WC="0.96" CONTENT="till"/><SP WIDTH="17" VPOS="505" HPOS="793"/>
							<String ID="string_120" HPOS="810" VPOS="505" WIDTH="61" HEIGHT="21" WC="0.93" CONTENT="deras"/><SP WIDTH="12" VPOS="505" HPOS="871"/>
							<String ID="string_121" HPOS="883" VPOS="505" WIDTH="133" HEIGHT="28" WC="0.96" CONTENT="förfogande."/>
						</TextLine>
					</TextBlock>
					<TextBlock ID="block_2" HPOS="189" VPOS="531" WIDTH="827" HEIGHT="401">
						<TextLine ID="line_13" HPOS="261" VPOS="531" WIDTH="754" HEIGHT="31">
							<String ID="string_122" HPOS="261" VPOS="531" WIDTH="65" HEIGHT="22" WC="0.90" CONTENT="Hvad"/><SP WIDTH="18" VPOS="531" HPOS="326"/>
							<String ID="string_123" HPOS="344" VPOS="533" WIDTH="66" HEIGHT="21" WC="0.95" CONTENT="sedan"/><SP WIDTH="22" VPOS="533" HPOS="410"/>
							<String ID="string_124" HPOS="432" VPOS="533" WIDTH="100" HEIGHT="22" WC="0.92" CONTENT="beträffar"/><SP WIDTH="22" VPOS="533" HPOS="532"/>
							<String ID="string_125" HPOS="554" VPOS="534" WIDTH="75" HEIGHT="28" WC="0.92" CONTENT="frägan"/><SP WIDTH="20" VPOS="534" HPOS="629"/>
							<String ID="string_126" HPOS="649" VPOS="541" WIDTH="33" HEIGHT="14" WC="0.96" CONTENT="om"/><SP WIDTH="17" VPOS="541" HPOS="682"/>
							<String ID="string_127" HPOS="699" VPOS="534" WIDTH="41" HEIGHT="21" WC="0.96" CONTENT="den"/><SP WIDTH="16" VPOS="534" HPOS="740"/>
							<String ID="string_128" HPOS="756" VPOS="534" WIDTH="76" HEIGHT="27" WC="0.96" CONTENT="grund,"/><SP WIDTH="16" VPOS="534" HPOS="832"/>
							<String ID="string_129" HPOS="848" VPOS="534" WIDTH="66" HEIGHT="27" WC="0.93" CONTENT="enligt"/><SP WIDTH="15" VPOS="534" HPOS="914"/>
							<String ID="string_130" HPOS="929" VPOS="533" WIDTH="86" HEIGHT="22" WC="0.93" CONTENT="hvilken"/>
						</TextLine>
						<TextLine ID="line_14" HPOS="191" VPOS="560" WIDTH="825" HEIGHT="30">
							<String ID="string_131" HPOS="191" VPOS="560" WIDTH="41" HEIGHT="21" WC="0.95" CONTENT="den"/><SP WIDTH="24" VPOS="560" HPOS="232"/>
							<String ID="string_132" HPOS="256" VPOS="561" WIDTH="31" HEIGHT="20" WC="0.95" CONTENT="till"/><SP WIDTH="24" VPOS="561" HPOS="287"/>
							<String ID="string_133" HPOS="311" VPOS="561" WIDTH="153" HEIGHT="21" WC="0.93" CONTENT="kommunerna"/><SP WIDTH="23" VPOS="561" HPOS="464"/>
							<String ID="string_134" HPOS="487" VPOS="562" WIDTH="107" HEIGHT="28" WC="0.90" CONTENT="utgäende"/><SP WIDTH="23" VPOS="562" HPOS="594"/>
							<String ID="string_135" HPOS="617" VPOS="563" WIDTH="90" HEIGHT="21" WC="0.90" CONTENT="andelen"/><SP WIDTH="20" VPOS="563" HPOS="707"/>
							<String ID="string_136" HPOS="727" VPOS="563" WIDTH="23" HEIGHT="20" WC="0.93" CONTENT="af"/><SP WIDTH="19" VPOS="563" HPOS="750"/>
							<String ID="string_137" HPOS="769" VPOS="563" WIDTH="185" HEIGHT="20" WC="0.93" CONTENT="bränvinsskatten"/><SP WIDTH="25" VPOS="563" HPOS="954"/>
							<String ID="string_138" HPOS="979" VPOS="563" WIDTH="37" HEIGHT="19" WC="0.96" CONTENT="bör"/>
						</TextLine>
						<TextLine ID="line_15" HPOS="191" VPOS="588" WIDTH="824" HEIGHT="30">
							<String ID="string_139" HPOS="191" VPOS="588" WIDTH="101" HEIGHT="28" WC="0.93" CONTENT="fördelas,"/><SP WIDTH="16" VPOS="588" HPOS="292"/>
							<String ID="string_140" HPOS="308" VPOS="589" WIDTH="38" HEIGHT="21" WC="0.96" CONTENT="har"/><SP WIDTH="14" VPOS="589" HPOS="346"/>
							<String ID="string_141" HPOS="360" VPOS="590" WIDTH="34" HEIGHT="20" WC="0.96" CONTENT="Hr"/><SP WIDTH="16" VPOS="590" HPOS="394"/>
							<String ID="string_142" HPOS="410" VPOS="590" WIDTH="120" HEIGHT="22" WC="0.96" CONTENT="Schauman"/><SP WIDTH="16" VPOS="590" HPOS="530"/>
							<String ID="string_143" HPOS="546" VPOS="591" WIDTH="40" HEIGHT="21" WC="0.96" CONTENT="och"/><SP WIDTH="17" VPOS="591" HPOS="586"/>
							<String ID="string_144" HPOS="603" VPOS="591" WIDTH="66" HEIGHT="21" WC="0.93" CONTENT="andra"/><SP WIDTH="16" VPOS="591" HPOS="669"/>
							<String ID="string_145" HPOS="685" VPOS="591" WIDTH="66" HEIGHT="21" WC="0.91" CONTENT="talare"/><SP WIDTH="17" VPOS="591" HPOS="751"/>
							<String ID="string_146" HPOS="768" VPOS="592" WIDTH="54" HEIGHT="20" WC="0.96" CONTENT="varit"/><SP WIDTH="16" VPOS="592" HPOS="822"/>
							<String ID="string_147" HPOS="838" VPOS="591" WIDTH="22" HEIGHT="21" WC="0.94" CONTENT="af"/><SP WIDTH="11" VPOS="591" HPOS="860"/>
							<String ID="string_148" HPOS="871" VPOS="591" WIDTH="40" HEIGHT="20" WC="0.96" CONTENT="den"/><SP WIDTH="14" VPOS="591" HPOS="911"/>
							<String ID="string_149" HPOS="925" VPOS="591" WIDTH="90" HEIGHT="27" WC="0.96" CONTENT="mening,"/>
						</TextLine>
						<TextLine ID="line_16" HPOS="191" VPOS="618" WIDTH="824" HEIGHT="29">
							<String ID="string_150" HPOS="191" VPOS="620" WIDTH="31" HEIGHT="18" WC="0.96" CONTENT="att"/><SP WIDTH="16" VPOS="620" HPOS="222"/>
							<String ID="string_151" HPOS="238" VPOS="625" WIDTH="48" HEIGHT="13" WC="0.96" CONTENT="man"/><SP WIDTH="17" VPOS="625" HPOS="286"/>
							<String ID="string_152" HPOS="303" VPOS="618" WIDTH="65" HEIGHT="21" WC="0.93" CONTENT="borde"/><SP WIDTH="18" VPOS="618" HPOS="368"/>
							<String ID="string_153" HPOS="386" VPOS="619" WIDTH="106" HEIGHT="21" WC="0.91" CONTENT="bibehälla"/><SP WIDTH="16" VPOS="619" HPOS="492"/>
							<String ID="string_154" HPOS="508" VPOS="619" WIDTH="41" HEIGHT="21" WC="0.96" CONTENT="den"/><SP WIDTH="12" VPOS="619" HPOS="549"/>
							<String ID="string_155" HPOS="561" VPOS="620" WIDTH="124" HEIGHT="20" WC="0.93" CONTENT="nuvarande"/><SP WIDTH="10" VPOS="620" HPOS="685"/>
							<String ID="string_156" HPOS="695" VPOS="619" WIDTH="239" HEIGHT="28" WC="0.92" CONTENT="fördelningsgrunden."/><SP WIDTH="16" VPOS="619" HPOS="934"/>
							<String ID="string_157" HPOS="950" VPOS="619" WIDTH="65" HEIGHT="21" WC="0.96" CONTENT="Detta"/>
						</TextLine>
						<TextLine ID="line_17" HPOS="190" VPOS="645" WIDTH="825" HEIGHT="31">
							<String ID="string_158" HPOS="190" VPOS="645" WIDTH="74" HEIGHT="21" WC="0.91" CONTENT="derför"/><SP WIDTH="21" VPOS="645" HPOS="264"/>
							<String ID="string_159" HPOS="285" VPOS="650" WIDTH="31" HEIGHT="17" WC="0.96" CONTENT="att"/><SP WIDTH="20" VPOS="650" HPOS="316"/>
							<String ID="string_160" HPOS="336" VPOS="647" WIDTH="130" HEIGHT="27" WC="0.96" CONTENT="kommuner,"/><SP WIDTH="20" VPOS="647" HPOS="466"/>
							<String ID="string_161" HPOS="486" VPOS="656" WIDTH="45" HEIGHT="13" WC="0.96" CONTENT="som"/><SP WIDTH="20" VPOS="656" HPOS="531"/>
							<String ID="string_162" HPOS="551" VPOS="656" WIDTH="28" HEIGHT="13" WC="0.93" CONTENT="nu"/><SP WIDTH="16" VPOS="656" HPOS="579"/>
							<String ID="string_163" HPOS="595" VPOS="648" WIDTH="102" HEIGHT="28" WC="0.92" CONTENT="uppburit"/><SP WIDTH="15" VPOS="648" HPOS="697"/>
							<String ID="string_164" HPOS="712" VPOS="656" WIDTH="26" HEIGHT="13" WC="0.96" CONTENT="en"/><SP WIDTH="17" VPOS="656" HPOS="738"/>
							<String ID="string_165" HPOS="755" VPOS="648" WIDTH="85" HEIGHT="21" WC="0.96" CONTENT="relativt"/><SP WIDTH="14" VPOS="648" HPOS="840"/>
							<String ID="string_166" HPOS="854" VPOS="653" WIDTH="46" HEIGHT="16" WC="0.97" CONTENT="stor"/><SP WIDTH="14" VPOS="653" HPOS="900"/>
							<String ID="string_167" HPOS="914" VPOS="648" WIDTH="62" HEIGHT="20" WC="0.96" CONTENT="andel"/><SP WIDTH="17" VPOS="648" HPOS="976"/>
							<String ID="string_168" HPOS="993" VPOS="648" WIDTH="22" HEIGHT="20" WC="0.96" CONTENT="af"/>
						</TextLine>
						<TextLine ID="line_18" HPOS="190" VPOS="674" WIDTH="825" HEIGHT="31">
							<String ID="string_169" HPOS="190" VPOS="674" WIDTH="117" HEIGHT="27" WC="0.92" CONTENT="skatterna,"/><SP WIDTH="21" VPOS="674" HPOS="307"/>
							<String ID="string_170" HPOS="328" VPOS="676" WIDTH="5" HEIGHT="20" WC="0.96" CONTENT="i"/><SP WIDTH="21" VPOS="676" HPOS="333"/>
							<String ID="string_171" HPOS="354" VPOS="676" WIDTH="116" HEIGHT="21" WC="0.96" CONTENT="framtiden"/><SP WIDTH="23" VPOS="676" HPOS="470"/>
							<String ID="string_172" HPOS="493" VPOS="676" WIDTH="69" HEIGHT="22" WC="0.93" CONTENT="skulle"/><SP WIDTH="19" VPOS="676" HPOS="562"/>
							<String ID="string_173" HPOS="581" VPOS="677" WIDTH="22" HEIGHT="21" WC="0.92" CONTENT="fä"/><SP WIDTH="21" VPOS="677" HPOS="603"/>
							<String ID="string_174" HPOS="624" VPOS="677" WIDTH="106" HEIGHT="28" WC="0.96" CONTENT="betydligt"/><SP WIDTH="18" VPOS="677" HPOS="730"/>
							<String ID="string_175" HPOS="748" VPOS="676" WIDTH="87" HEIGHT="22" WC="0.93" CONTENT="mindre."/><SP WIDTH="30" VPOS="676" HPOS="835"/>
							<String ID="string_176" HPOS="865" VPOS="676" WIDTH="79" HEIGHT="21" WC="0.91" CONTENT="Attsä"/><SP WIDTH="16" VPOS="676" HPOS="944"/>
							<String ID="string_177" HPOS="960" VPOS="677" WIDTH="55" HEIGHT="20" WC="0.97" CONTENT="varit"/>
						</TextLine>
						<TextLine ID="line_19" HPOS="190" VPOS="702" WIDTH="824" HEIGHT="32">
							<String ID="string_178" HPOS="190" VPOS="702" WIDTH="67" HEIGHT="27" WC="0.91" CONTENT="fallet,"/><SP WIDTH="21" VPOS="702" HPOS="257"/>
							<String ID="string_179" HPOS="278" VPOS="707" WIDTH="30" HEIGHT="17" WC="0.95" CONTENT="att"/><SP WIDTH="21" VPOS="707" HPOS="308"/>
							<String ID="string_180" HPOS="329" VPOS="704" WIDTH="124" HEIGHT="22" WC="0.96" CONTENT="kommuner"/><SP WIDTH="23" VPOS="704" HPOS="453"/>
							<String ID="string_181" HPOS="476" VPOS="705" WIDTH="47" HEIGHT="21" WC="0.93" CONTENT="med"/><SP WIDTH="19" VPOS="705" HPOS="523"/>
							<String ID="string_182" HPOS="542" VPOS="706" WIDTH="77" HEIGHT="27" WC="0.92" CONTENT="fätalig"/><SP WIDTH="16" VPOS="706" HPOS="619"/>
							<String ID="string_183" HPOS="635" VPOS="706" WIDTH="126" HEIGHT="26" WC="0.93" CONTENT="befolkning"/><SP WIDTH="16" VPOS="706" HPOS="761"/>
							<String ID="string_184" HPOS="777" VPOS="705" WIDTH="100" HEIGHT="29" WC="0.92" CONTENT="uppburit"/><SP WIDTH="17" VPOS="705" HPOS="877"/>
							<String ID="string_185" HPOS="894" VPOS="705" WIDTH="120" HEIGHT="28" WC="0.96" CONTENT="betydande"/>
						</TextLine>
						<TextLine ID="line_20" HPOS="190" VPOS="731" WIDTH="825" HEIGHT="31">
							<String ID="string_186" HPOS="190" VPOS="731" WIDTH="60" HEIGHT="21" WC="0.95" CONTENT="delar"/><SP WIDTH="16" VPOS="731" HPOS="250"/>
							<String ID="string_187" HPOS="266" VPOS="732" WIDTH="23" HEIGHT="20" WC="0.93" CONTENT="af"/><SP WIDTH="15" VPOS="732" HPOS="289"/>
							<String ID="string_188" HPOS="304" VPOS="732" WIDTH="194" HEIGHT="27" WC="0.93" CONTENT="bränvinsskatten,"/><SP WIDTH="16" VPOS="732" HPOS="498"/>
							<String ID="string_189" HPOS="514" VPOS="742" WIDTH="62" HEIGHT="20" WC="0.91" CONTENT="synes"/><SP WIDTH="18" VPOS="742" HPOS="576"/>
							<String ID="string_190" HPOS="594" VPOS="735" WIDTH="42" HEIGHT="27" WC="0.96" CONTENT="mig"/><SP WIDTH="16" VPOS="735" HPOS="636"/>
							<String ID="string_191" HPOS="652" VPOS="734" WIDTH="55" HEIGHT="22" WC="0.93" CONTENT="dock"/><SP WIDTH="19" VPOS="734" HPOS="707"/>
							<String ID="string_192" HPOS="726" VPOS="735" WIDTH="80" HEIGHT="26" WC="0.93" CONTENT="bevisa,"/><SP WIDTH="15" VPOS="735" HPOS="806"/>
							<String ID="string_193" HPOS="821" VPOS="737" WIDTH="31" HEIGHT="18" WC="0.96" CONTENT="att"/><SP WIDTH="15" VPOS="737" HPOS="852"/>
							<String ID="string_194" HPOS="867" VPOS="742" WIDTH="25" HEIGHT="13" WC="0.93" CONTENT="en"/><SP WIDTH="12" VPOS="742" HPOS="892"/>
							<String ID="string_195" HPOS="904" VPOS="734" WIDTH="111" HEIGHT="28" WC="0.92" CONTENT="uppenbar"/>
						</TextLine>
						<TextLine ID="line_21" HPOS="190" VPOS="761" WIDTH="825" HEIGHT="29">
							<String ID="string_196" HPOS="190" VPOS="761" WIDTH="107" HEIGHT="21" WC="0.93" CONTENT="orättvisa"/><SP WIDTH="16" VPOS="761" HPOS="297"/>
							<String ID="string_197" HPOS="313" VPOS="761" WIDTH="38" HEIGHT="21" WC="0.93" CONTENT="här"/><SP WIDTH="15" VPOS="761" HPOS="351"/>
							<String ID="string_198" HPOS="366" VPOS="765" WIDTH="36" HEIGHT="24" WC="0.92" CONTENT="egt"/><SP WIDTH="16" VPOS="765" HPOS="402"/>
							<String ID="string_199" HPOS="418" VPOS="770" WIDTH="51" HEIGHT="19" WC="0.96" CONTENT="rum,"/><SP WIDTH="16" VPOS="770" HPOS="469"/>
							<String ID="string_200" HPOS="485" VPOS="766" WIDTH="22" HEIGHT="24" WC="0.97" CONTENT="ty"/><SP WIDTH="16" VPOS="766" HPOS="507"/>
							<String ID="string_201" HPOS="523" VPOS="762" WIDTH="36" HEIGHT="21" WC="0.97" CONTENT="det"/><SP WIDTH="16" VPOS="762" HPOS="559"/>
							<String ID="string_202" HPOS="575" VPOS="764" WIDTH="24" HEIGHT="20" WC="0.93" CONTENT="är"/><SP WIDTH="10" VPOS="764" HPOS="599"/>
							<String ID="string_203" HPOS="609" VPOS="763" WIDTH="47" HEIGHT="21" WC="0.93" CONTENT="icke"/><SP WIDTH="11" VPOS="763" HPOS="656"/>
							<String ID="string_204" HPOS="667" VPOS="763" WIDTH="113" HEIGHT="27" WC="0.93" CONTENT="mantalen,"/><SP WIDTH="12" VPOS="763" HPOS="780"/>
							<String ID="string_205" HPOS="792" VPOS="770" WIDTH="44" HEIGHT="14" WC="0.93" CONTENT="som"/><SP WIDTH="13" VPOS="770" HPOS="836"/>
							<String ID="string_206" HPOS="849" VPOS="762" WIDTH="91" HEIGHT="21" WC="0.92" CONTENT="behöfva"/><SP WIDTH="13" VPOS="762" HPOS="940"/>
							<String ID="string_207" HPOS="953" VPOS="762" WIDTH="62" HEIGHT="21" WC="0.92" CONTENT="brän-"/>
						</TextLine>
						<TextLine ID="line_22" HPOS="190" VPOS="789" WIDTH="823" HEIGHT="30">
							<String ID="string_208" HPOS="190" VPOS="789" WIDTH="212" HEIGHT="24" WC="0.92" CONTENT="vinsskattemedlen,"/><SP WIDTH="22" VPOS="789" HPOS="402"/>
							<String ID="string_209" HPOS="424" VPOS="794" WIDTH="50" HEIGHT="18" WC="0.96" CONTENT="utan"/><SP WIDTH="26" VPOS="794" HPOS="474"/>
							<String ID="string_210" HPOS="500" VPOS="791" WIDTH="157" HEIGHT="28" WC="0.94" CONTENT="befolkningen,"/><SP WIDTH="12" VPOS="791" HPOS="657"/>
							<String ID="string_211" HPOS="669" VPOS="792" WIDTH="41" HEIGHT="20" WC="0.97" CONTENT="och"/><SP WIDTH="16" VPOS="792" HPOS="710"/>
							<String ID="string_212" HPOS="726" VPOS="792" WIDTH="37" HEIGHT="20" WC="0.96" CONTENT="det"/><SP WIDTH="15" VPOS="792" HPOS="763"/>
							<String ID="string_213" HPOS="778" VPOS="793" WIDTH="23" HEIGHT="19" WC="0.96" CONTENT="är"/><SP WIDTH="15" VPOS="793" HPOS="801"/>
							<String ID="string_214" HPOS="816" VPOS="792" WIDTH="50" HEIGHT="20" WC="0.93" CONTENT="dess"/><SP WIDTH="17" VPOS="792" HPOS="866"/>
							<String ID="string_215" HPOS="883" VPOS="791" WIDTH="70" HEIGHT="25" WC="0.92" CONTENT="behof,"/><SP WIDTH="16" VPOS="791" HPOS="953"/>
							<String ID="string_216" HPOS="969" VPOS="798" WIDTH="44" HEIGHT="14" WC="0.97" CONTENT="som"/>
						</TextLine>
						<TextLine ID="line_23" HPOS="191" VPOS="817" WIDTH="822" HEIGHT="31">
							<String ID="string_217" HPOS="191" VPOS="817" WIDTH="66" HEIGHT="21" WC="0.93" CONTENT="borde"/><SP WIDTH="16" VPOS="817" HPOS="257"/>
							<String ID="string_218" HPOS="273" VPOS="821" WIDTH="60" HEIGHT="25" WC="0.91" CONTENT="tagas"/><SP WIDTH="17" VPOS="821" HPOS="333"/>
							<String ID="string_219" HPOS="350" VPOS="820" WIDTH="5" HEIGHT="19" WC="0.93" CONTENT="i"/><SP WIDTH="19" VPOS="820" HPOS="355"/>
							<String ID="string_220" HPOS="374" VPOS="819" WIDTH="145" HEIGHT="21" WC="0.92" CONTENT="betraktande."/><SP WIDTH="24" VPOS="819" HPOS="519"/>
							<String ID="string_221" HPOS="543" VPOS="820" WIDTH="43" HEIGHT="20" WC="0.93" CONTENT="Det"/><SP WIDTH="11" VPOS="820" HPOS="586"/>
							<String ID="string_222" HPOS="597" VPOS="820" WIDTH="65" HEIGHT="28" WC="0.92" CONTENT="djupa"/><SP WIDTH="11" VPOS="820" HPOS="662"/>
							<String ID="string_223" HPOS="673" VPOS="820" WIDTH="101" HEIGHT="28" WC="0.93" CONTENT="missnöje"/><SP WIDTH="11" VPOS="820" HPOS="774"/>
							<String ID="string_224" HPOS="785" VPOS="820" WIDTH="62" HEIGHT="20" WC="0.96" CONTENT="öfver"/><SP WIDTH="11" VPOS="820" HPOS="847"/>
							<String ID="string_225" HPOS="858" VPOS="819" WIDTH="155" HEIGHT="27" WC="0.96" CONTENT="fördelningen,"/>
						</TextLine>
						<TextLine ID="line_24" HPOS="189" VPOS="847" WIDTH="824" HEIGHT="29">
							<String ID="string_226" HPOS="189" VPOS="852" WIDTH="45" HEIGHT="14" WC="0.93" CONTENT="som"/><SP WIDTH="17" VPOS="852" HPOS="234"/>
							<String ID="string_227" HPOS="251" VPOS="847" WIDTH="88" HEIGHT="21" WC="0.92" CONTENT="uttalats"/><SP WIDTH="15" VPOS="847" HPOS="339"/>
							<String ID="string_228" HPOS="354" VPOS="848" WIDTH="6" HEIGHT="20" WC="0.93" CONTENT="i"/><SP WIDTH="17" VPOS="848" HPOS="360"/>
							<String ID="string_229" HPOS="377" VPOS="848" WIDTH="162" HEIGHT="21" WC="0.92" CONTENT="Bondeständet"/><SP WIDTH="17" VPOS="848" HPOS="539"/>
							<String ID="string_230" HPOS="556" VPOS="848" WIDTH="35" HEIGHT="21" WC="0.93" CONTENT="vid"/><SP WIDTH="17" VPOS="848" HPOS="591"/>
							<String ID="string_231" HPOS="608" VPOS="848" WIDTH="50" HEIGHT="21" WC="0.92" CONTENT="flere"/><SP WIDTH="16" VPOS="848" HPOS="658"/>
							<String ID="string_232" HPOS="674" VPOS="849" WIDTH="131" HEIGHT="27" WC="0.92" CONTENT="landtdagar,"/><SP WIDTH="15" VPOS="849" HPOS="805"/>
							<String ID="string_233" HPOS="820" VPOS="856" WIDTH="62" HEIGHT="20" WC="0.93" CONTENT="synes"/><SP WIDTH="11" VPOS="856" HPOS="882"/>
							<String ID="string_234" HPOS="893" VPOS="849" WIDTH="43" HEIGHT="26" WC="0.93" CONTENT="mig"/><SP WIDTH="12" VPOS="849" HPOS="936"/>
							<String ID="string_235" HPOS="948" VPOS="848" WIDTH="65" HEIGHT="21" WC="0.93" CONTENT="hafva"/>
						</TextLine>
						<TextLine ID="line_25" HPOS="189" VPOS="875" WIDTH="824" HEIGHT="29">
							<String ID="string_236" HPOS="189" VPOS="875" WIDTH="82" HEIGHT="26" WC="0.92" CONTENT="utgjort"/><SP WIDTH="22" VPOS="875" HPOS="271"/>
							<String ID="string_237" HPOS="293" VPOS="883" WIDTH="24" HEIGHT="12" WC="0.93" CONTENT="en"/><SP WIDTH="25" VPOS="883" HPOS="317"/>
							<String ID="string_238" HPOS="342" VPOS="877" WIDTH="93" HEIGHT="26" WC="0.91" CONTENT="naturlig"/><SP WIDTH="21" VPOS="877" HPOS="435"/>
							<String ID="string_239" HPOS="456" VPOS="877" WIDTH="116" HEIGHT="27" WC="0.92" CONTENT="anledning"/><SP WIDTH="15" VPOS="877" HPOS="572"/>
							<String ID="string_240" HPOS="587" VPOS="877" WIDTH="34" HEIGHT="20" WC="0.92" CONTENT="för"/><SP WIDTH="23" VPOS="877" HPOS="621"/>
							<String ID="string_241" HPOS="644" VPOS="877" WIDTH="212" HEIGHT="21" WC="0.91" CONTENT="Ekonomiutskottet"/><SP WIDTH="16" VPOS="877" HPOS="856"/>
							<String ID="string_242" HPOS="872" VPOS="879" WIDTH="31" HEIGHT="18" WC="0.93" CONTENT="att"/><SP WIDTH="16" VPOS="879" HPOS="903"/>
							<String ID="string_243" HPOS="919" VPOS="880" WIDTH="94" HEIGHT="24" WC="0.93" CONTENT="upptaga"/>
						</TextLine>
						<TextLine ID="line_26" HPOS="189" VPOS="903" WIDTH="513" HEIGHT="29">
							<String ID="string_244" HPOS="189" VPOS="903" WIDTH="30" HEIGHT="20" WC="0.93" CONTENT="till"/><SP WIDTH="17" VPOS="903" HPOS="219"/>
							<String ID="string_245" HPOS="236" VPOS="903" WIDTH="101" HEIGHT="28" WC="0.90" CONTENT="pröfning"/><SP WIDTH="15" VPOS="903" HPOS="337"/>
							<String ID="string_246" HPOS="352" VPOS="905" WIDTH="78" HEIGHT="27" WC="0.92" CONTENT="jemväl"/><SP WIDTH="17" VPOS="905" HPOS="430"/>
							<String ID="string_247" HPOS="447" VPOS="905" WIDTH="69" HEIGHT="21" WC="0.96" CONTENT="denna"/><SP WIDTH="15" VPOS="905" HPOS="516"/>
							<String ID="string_248" HPOS="531" VPOS="905" WIDTH="46" HEIGHT="21" WC="0.97" CONTENT="sida"/><SP WIDTH="15" VPOS="905" HPOS="577"/>
							<String ID="string_249" HPOS="592" VPOS="906" WIDTH="23" HEIGHT="21" WC="0.97" CONTENT="af"/><SP WIDTH="15" VPOS="906" HPOS="615"/>
							<String ID="string_250" HPOS="630" VPOS="906" WIDTH="72" HEIGHT="21" WC="0.96" CONTENT="saken."/>
						</TextLine>
					</TextBlock>
					<TextBlock ID="block_3" HPOS="184" VPOS="931" WIDTH="829" HEIGHT="523">
						<TextLine ID="line_27" HPOS="258" VPOS="931" WIDTH="754" HEIGHT="30">
							<String ID="string_251" HPOS="258" VPOS="931" WIDTH="34" HEIGHT="21" WC="0.96" CONTENT="Hr"/><SP WIDTH="23" VPOS="931" HPOS="292"/>
							<String ID="string_252" HPOS="315" VPOS="932" WIDTH="129" HEIGHT="27" WC="0.95" CONTENT="Grotenfelt,"/><SP WIDTH="22" VPOS="932" HPOS="444"/>
							<String ID="string_253" HPOS="466" VPOS="933" WIDTH="47" HEIGHT="22" WC="0.96" CONTENT="Nils"/><SP WIDTH="23" VPOS="933" HPOS="513"/>
							<String ID="string_254" HPOS="536" VPOS="934" WIDTH="73" HEIGHT="27" WC="0.89" CONTENT="Bernt,"/><SP WIDTH="23" VPOS="934" HPOS="609"/>
							<String ID="string_255" HPOS="632" VPOS="934" WIDTH="38" HEIGHT="21" WC="0.94" CONTENT="har"/><SP WIDTH="15" VPOS="934" HPOS="670"/>
							<String ID="string_256" HPOS="685" VPOS="935" WIDTH="5" HEIGHT="20" WC="0.93" CONTENT="i"/><SP WIDTH="17" VPOS="935" HPOS="690"/>
							<String ID="string_257" HPOS="707" VPOS="934" WIDTH="67" HEIGHT="21" WC="0.91" CONTENT="likhet"/><SP WIDTH="20" VPOS="934" HPOS="774"/>
							<String ID="string_258" HPOS="794" VPOS="934" WIDTH="48" HEIGHT="21" WC="0.96" CONTENT="med"/><SP WIDTH="20" VPOS="934" HPOS="842"/>
							<String ID="string_259" HPOS="862" VPOS="933" WIDTH="66" HEIGHT="22" WC="0.93" CONTENT="andra"/><SP WIDTH="18" VPOS="933" HPOS="928"/>
							<String ID="string_260" HPOS="946" VPOS="934" WIDTH="66" HEIGHT="20" WC="0.93" CONTENT="talare"/>
						</TextLine>
						<TextLine ID="line_28" HPOS="189" VPOS="961" WIDTH="824" HEIGHT="29">
							<String ID="string_261" HPOS="189" VPOS="964" WIDTH="76" HEIGHT="16" WC="0.92" CONTENT="varnat"/><SP WIDTH="22" VPOS="964" HPOS="265"/>
							<String ID="string_262" HPOS="287" VPOS="961" WIDTH="32" HEIGHT="20" WC="0.96" CONTENT="för"/><SP WIDTH="21" VPOS="961" HPOS="319"/>
							<String ID="string_263" HPOS="340" VPOS="969" WIDTH="25" HEIGHT="13" WC="0.93" CONTENT="en"/><SP WIDTH="25" VPOS="969" HPOS="365"/>
							<String ID="string_264" HPOS="390" VPOS="962" WIDTH="64" HEIGHT="21" WC="0.93" CONTENT="altför"/><SP WIDTH="21" VPOS="962" HPOS="454"/>
							<String ID="string_265" HPOS="475" VPOS="963" WIDTH="57" HEIGHT="20" WC="0.92" CONTENT="stark"/><SP WIDTH="23" VPOS="963" HPOS="532"/>
							<String ID="string_266" HPOS="555" VPOS="963" WIDTH="80" HEIGHT="27" WC="0.92" CONTENT="ökning"/><SP WIDTH="16" VPOS="963" HPOS="635"/>
							<String ID="string_267" HPOS="651" VPOS="963" WIDTH="22" HEIGHT="20" WC="0.93" CONTENT="af"/><SP WIDTH="20" VPOS="963" HPOS="673"/>
							<String ID="string_268" HPOS="693" VPOS="963" WIDTH="187" HEIGHT="21" WC="0.92" CONTENT="bränvinsskatten"/><SP WIDTH="16" VPOS="963" HPOS="880"/>
							<String ID="string_269" HPOS="896" VPOS="962" WIDTH="40" HEIGHT="21" WC="0.87" CONTENT="och"/><SP WIDTH="16" VPOS="962" HPOS="936"/>
							<String ID="string_270" HPOS="952" VPOS="962" WIDTH="61" HEIGHT="21" WC="0.91" CONTENT="hällit"/>
						</TextLine>
						<TextLine ID="line_29" HPOS="188" VPOS="988" WIDTH="825" HEIGHT="31">
							<String ID="string_271" HPOS="188" VPOS="988" WIDTH="52" HEIGHT="26" WC="0.96" CONTENT="före,"/><SP WIDTH="17" VPOS="988" HPOS="240"/>
							<String ID="string_272" HPOS="257" VPOS="992" WIDTH="32" HEIGHT="17" WC="0.93" CONTENT="att"/><SP WIDTH="19" VPOS="992" HPOS="289"/>
							<String ID="string_273" HPOS="308" VPOS="989" WIDTH="162" HEIGHT="29" WC="0.92" CONTENT="försigtigheten"/><SP WIDTH="24" VPOS="989" HPOS="470"/>
							<String ID="string_274" HPOS="494" VPOS="991" WIDTH="68" HEIGHT="20" WC="0.95" CONTENT="skulle"/><SP WIDTH="22" VPOS="991" HPOS="562"/>
							<String ID="string_275" HPOS="584" VPOS="999" WIDTH="61" HEIGHT="13" WC="0.96" CONTENT="mana"/><SP WIDTH="16" VPOS="999" HPOS="645"/>
							<String ID="string_276" HPOS="661" VPOS="995" WIDTH="32" HEIGHT="17" WC="0.96" CONTENT="att"/><SP WIDTH="15" VPOS="995" HPOS="693"/>
							<String ID="string_277" HPOS="708" VPOS="991" WIDTH="38" HEIGHT="21" WC="0.93" CONTENT="här"/><SP WIDTH="15" VPOS="991" HPOS="746"/>
							<String ID="string_278" HPOS="761" VPOS="995" WIDTH="49" HEIGHT="24" WC="0.93" CONTENT="taga"/><SP WIDTH="16" VPOS="995" HPOS="810"/>
							<String ID="string_279" HPOS="826" VPOS="991" WIDTH="46" HEIGHT="21" WC="0.92" CONTENT="smä"/><SP WIDTH="15" VPOS="991" HPOS="872"/>
							<String ID="string_280" HPOS="887" VPOS="994" WIDTH="52" HEIGHT="24" WC="0.95" CONTENT="steg."/><SP WIDTH="31" VPOS="994" HPOS="939"/>
							<String ID="string_281" HPOS="970" VPOS="991" WIDTH="43" HEIGHT="20" WC="0.96" CONTENT="Det"/>
						</TextLine>
						<TextLine ID="line_30" HPOS="187" VPOS="1017" WIDTH="823" HEIGHT="30">
							<String ID="string_282" HPOS="187" VPOS="1018" WIDTH="23" HEIGHT="20" WC="0.96" CONTENT="är"/><SP WIDTH="14" VPOS="1018" HPOS="210"/>
							<String ID="string_283" HPOS="224" VPOS="1017" WIDTH="22" HEIGHT="28" WC="0.96" CONTENT="ju"/><SP WIDTH="17" VPOS="1017" HPOS="246"/>
							<String ID="string_284" HPOS="263" VPOS="1017" WIDTH="40" HEIGHT="21" WC="0.93" CONTENT="den"/><SP WIDTH="17" VPOS="1017" HPOS="303"/>
							<String ID="string_285" HPOS="320" VPOS="1019" WIDTH="84" HEIGHT="28" WC="0.92" CONTENT="vanliga"/><SP WIDTH="17" VPOS="1019" HPOS="404"/>
							<String ID="string_286" HPOS="421" VPOS="1020" WIDTH="164" HEIGHT="27" WC="0.92" CONTENT="uppfattningen"/><SP WIDTH="17" VPOS="1020" HPOS="585"/>
							<String ID="string_287" HPOS="602" VPOS="1020" WIDTH="22" HEIGHT="21" WC="0.96" CONTENT="af"/><SP WIDTH="15" VPOS="1020" HPOS="624"/>
							<String ID="string_288" HPOS="639" VPOS="1020" WIDTH="72" HEIGHT="26" WC="0.96" CONTENT="saken,"/><SP WIDTH="16" VPOS="1020" HPOS="711"/>
							<String ID="string_289" HPOS="727" VPOS="1027" WIDTH="48" HEIGHT="13" WC="0.97" CONTENT="men"/><SP WIDTH="15" VPOS="1027" HPOS="775"/>
							<String ID="string_290" HPOS="790" VPOS="1020" WIDTH="36" HEIGHT="27" WC="0.93" CONTENT="jag"/><SP WIDTH="14" VPOS="1020" HPOS="826"/>
							<String ID="string_291" HPOS="840" VPOS="1023" WIDTH="49" HEIGHT="22" WC="0.93" CONTENT="tror,"/><SP WIDTH="17" VPOS="1023" HPOS="889"/>
							<String ID="string_292" HPOS="906" VPOS="1022" WIDTH="31" HEIGHT="17" WC="0.93" CONTENT="att"/><SP WIDTH="10" VPOS="1022" HPOS="937"/>
							<String ID="string_293" HPOS="947" VPOS="1019" WIDTH="63" HEIGHT="21" WC="0.93" CONTENT="äfven"/>
						</TextLine>
						<TextLine ID="line_31" HPOS="188" VPOS="1047" WIDTH="823" HEIGHT="28">
							<String ID="string_294" HPOS="188" VPOS="1053" WIDTH="26" HEIGHT="12" WC="0.96" CONTENT="en"/><SP WIDTH="17" VPOS="1053" HPOS="214"/>
							<String ID="string_295" HPOS="231" VPOS="1053" WIDTH="69" HEIGHT="14" WC="0.96" CONTENT="annan"/><SP WIDTH="23" VPOS="1053" HPOS="300"/>
							<String ID="string_296" HPOS="323" VPOS="1047" WIDTH="139" HEIGHT="28" WC="0.96" CONTENT="uppfattning"/><SP WIDTH="22" VPOS="1047" HPOS="462"/>
							<String ID="string_297" HPOS="484" VPOS="1048" WIDTH="40" HEIGHT="21" WC="0.93" CONTENT="kan"/><SP WIDTH="17" VPOS="1048" HPOS="524"/>
							<String ID="string_298" HPOS="541" VPOS="1049" WIDTH="64" HEIGHT="20" WC="0.91" CONTENT="hafva"/><SP WIDTH="16" VPOS="1049" HPOS="605"/>
							<String ID="string_299" HPOS="621" VPOS="1049" WIDTH="37" HEIGHT="20" WC="0.93" CONTENT="sitt"/><SP WIDTH="21" VPOS="1049" HPOS="658"/>
							<String ID="string_300" HPOS="679" VPOS="1048" WIDTH="151" HEIGHT="27" WC="0.92" CONTENT="berättigande."/><SP WIDTH="30" VPOS="1048" HPOS="830"/>
							<String ID="string_301" HPOS="860" VPOS="1048" WIDTH="41" HEIGHT="26" WC="0.93" CONTENT="Jag"/><SP WIDTH="15" VPOS="1048" HPOS="901"/>
							<String ID="string_302" HPOS="916" VPOS="1051" WIDTH="44" HEIGHT="17" WC="0.93" CONTENT="tror"/><SP WIDTH="15" VPOS="1051" HPOS="960"/>
							<String ID="string_303" HPOS="975" VPOS="1051" WIDTH="36" HEIGHT="22" WC="0.97" CONTENT="att,"/>
						</TextLine>
						<TextLine ID="line_32" HPOS="188" VPOS="1073" WIDTH="823" HEIGHT="30">
							<String ID="string_304" HPOS="188" VPOS="1073" WIDTH="45" HEIGHT="21" WC="0.92" CONTENT="ifall"/><SP WIDTH="17" VPOS="1073" HPOS="233"/>
							<String ID="string_305" HPOS="250" VPOS="1074" WIDTH="120" HEIGHT="22" WC="0.92" CONTENT="Ständerna"/><SP WIDTH="22" VPOS="1074" HPOS="370"/>
							<String ID="string_306" HPOS="392" VPOS="1077" WIDTH="48" HEIGHT="20" WC="0.94" CONTENT="icke"/><SP WIDTH="17" VPOS="1077" HPOS="440"/>
							<String ID="string_307" HPOS="457" VPOS="1077" WIDTH="5" HEIGHT="20" WC="0.95" CONTENT="i"/><SP WIDTH="16" VPOS="1077" HPOS="462"/>
							<String ID="string_308" HPOS="478" VPOS="1077" WIDTH="30" HEIGHT="20" WC="0.87" CONTENT="tid"/><SP WIDTH="18" VPOS="1077" HPOS="508"/>
							<String ID="string_309" HPOS="526" VPOS="1077" WIDTH="87" HEIGHT="20" WC="0.96" CONTENT="försöka"/><SP WIDTH="16" VPOS="1077" HPOS="613"/>
							<String ID="string_310" HPOS="629" VPOS="1081" WIDTH="30" HEIGHT="16" WC="0.93" CONTENT="att"/><SP WIDTH="17" VPOS="1081" HPOS="659"/>
							<String ID="string_311" HPOS="676" VPOS="1081" WIDTH="56" HEIGHT="17" WC="0.93" CONTENT="mota"/><SP WIDTH="18" VPOS="1081" HPOS="732"/>
							<String ID="string_312" HPOS="750" VPOS="1077" WIDTH="122" HEIGHT="20" WC="0.92" CONTENT="bränvinets"/><SP WIDTH="16" VPOS="1077" HPOS="872"/>
							<String ID="string_313" HPOS="888" VPOS="1076" WIDTH="123" HEIGHT="27" WC="0.85" CONTENT="förderfliga"/>
						</TextLine>
						<TextLine ID="line_33" HPOS="187" VPOS="1103" WIDTH="824" HEIGHT="30">
							<String ID="string_314" HPOS="187" VPOS="1103" WIDTH="130" HEIGHT="28" WC="0.92" CONTENT="verkningar"/><SP WIDTH="23" VPOS="1103" HPOS="317"/>
							<String ID="string_315" HPOS="340" VPOS="1104" WIDTH="40" HEIGHT="21" WC="0.93" CONTENT="och"/><SP WIDTH="24" VPOS="1104" HPOS="380"/>
							<String ID="string_316" HPOS="404" VPOS="1105" WIDTH="89" HEIGHT="21" WC="0.91" CONTENT="sälunda"/><SP WIDTH="24" VPOS="1105" HPOS="493"/>
							<String ID="string_317" HPOS="517" VPOS="1105" WIDTH="92" HEIGHT="21" WC="0.96" CONTENT="erkänna"/><SP WIDTH="23" VPOS="1105" HPOS="609"/>
							<String ID="string_318" HPOS="632" VPOS="1106" WIDTH="37" HEIGHT="20" WC="0.93" CONTENT="det"/><SP WIDTH="23" VPOS="1106" HPOS="669"/>
							<String ID="string_319" HPOS="692" VPOS="1105" WIDTH="132" HEIGHT="28" WC="0.92" CONTENT="berättigade"/><SP WIDTH="23" VPOS="1105" HPOS="824"/>
							<String ID="string_320" HPOS="847" VPOS="1106" WIDTH="6" HEIGHT="19" WC="0.96" CONTENT="i"/><SP WIDTH="23" VPOS="1106" HPOS="853"/>
							<String ID="string_321" HPOS="876" VPOS="1105" WIDTH="40" HEIGHT="20" WC="0.96" CONTENT="den"/><SP WIDTH="25" VPOS="1105" HPOS="916"/>
							<String ID="string_322" HPOS="941" VPOS="1105" WIDTH="70" HEIGHT="20" WC="0.96" CONTENT="starka"/>
						</TextLine>
						<TextLine ID="line_34" HPOS="187" VPOS="1131" WIDTH="824" HEIGHT="29">
							<String ID="string_323" HPOS="187" VPOS="1131" WIDTH="95" HEIGHT="27" WC="0.96" CONTENT="opinion,"/><SP WIDTH="23" VPOS="1131" HPOS="282"/>
							<String ID="string_324" HPOS="305" VPOS="1139" WIDTH="44" HEIGHT="14" WC="0.96" CONTENT="som"/><SP WIDTH="25" VPOS="1139" HPOS="349"/>
							<String ID="string_325" HPOS="374" VPOS="1141" WIDTH="28" HEIGHT="12" WC="0.95" CONTENT="nu"/><SP WIDTH="23" VPOS="1141" HPOS="402"/>
							<String ID="string_326" HPOS="425" VPOS="1133" WIDTH="41" HEIGHT="27" WC="0.96" CONTENT="dag"/><SP WIDTH="16" VPOS="1133" HPOS="466"/>
							<String ID="string_327" HPOS="482" VPOS="1133" WIDTH="34" HEIGHT="22" WC="0.96" CONTENT="för"/><SP WIDTH="19" VPOS="1133" HPOS="516"/>
							<String ID="string_328" HPOS="535" VPOS="1134" WIDTH="42" HEIGHT="26" WC="0.96" CONTENT="dag"/><SP WIDTH="15" VPOS="1134" HPOS="577"/>
							<String ID="string_329" HPOS="592" VPOS="1135" WIDTH="38" HEIGHT="20" WC="0.93" CONTENT="allt"/><SP WIDTH="15" VPOS="1135" HPOS="630"/>
							<String ID="string_330" HPOS="645" VPOS="1134" WIDTH="96" HEIGHT="21" WC="0.93" CONTENT="starkare"/><SP WIDTH="16" VPOS="1134" HPOS="741"/>
							<String ID="string_331" HPOS="757" VPOS="1133" WIDTH="83" HEIGHT="22" WC="0.93" CONTENT="fordrar"/><SP WIDTH="15" VPOS="1133" HPOS="840"/>
							<String ID="string_332" HPOS="855" VPOS="1133" WIDTH="64" HEIGHT="21" WC="0.93" CONTENT="totalt"/><SP WIDTH="15" VPOS="1133" HPOS="919"/>
							<String ID="string_333" HPOS="934" VPOS="1133" WIDTH="77" HEIGHT="20" WC="0.93" CONTENT="förbud"/>
						</TextLine>
						<TextLine ID="line_35" HPOS="186" VPOS="1159" WIDTH="825" HEIGHT="31">
							<String ID="string_334" HPOS="186" VPOS="1159" WIDTH="34" HEIGHT="20" WC="0.93" CONTENT="för"/><SP WIDTH="18" VPOS="1159" HPOS="220"/>
							<String ID="string_335" HPOS="238" VPOS="1160" WIDTH="241" HEIGHT="30" WC="0.90" CONTENT="bränvinstillverkning"/><SP WIDTH="16" VPOS="1160" HPOS="479"/>
							<String ID="string_336" HPOS="495" VPOS="1162" WIDTH="39" HEIGHT="21" WC="0.96" CONTENT="och"/><SP WIDTH="17" VPOS="1162" HPOS="534"/>
							<String ID="string_337" HPOS="551" VPOS="1162" WIDTH="125" HEIGHT="28" WC="0.95" CONTENT="försäljning"/><SP WIDTH="16" VPOS="1162" HPOS="676"/>
							<String ID="string_338" HPOS="692" VPOS="1164" WIDTH="5" HEIGHT="19" WC="0.96" CONTENT="i"/><SP WIDTH="15" VPOS="1164" HPOS="697"/>
							<String ID="string_339" HPOS="712" VPOS="1162" WIDTH="78" HEIGHT="25" WC="0.95" CONTENT="landet,"/><SP WIDTH="16" VPOS="1162" HPOS="790"/>
							<String ID="string_340" HPOS="806" VPOS="1163" WIDTH="20" HEIGHT="19" WC="0.96" CONTENT="vi"/><SP WIDTH="18" VPOS="1163" HPOS="826"/>
							<String ID="string_341" HPOS="844" VPOS="1162" WIDTH="70" HEIGHT="20" WC="0.96" CONTENT="kunna"/><SP WIDTH="14" VPOS="1162" HPOS="914"/>
							<String ID="string_342" HPOS="928" VPOS="1162" WIDTH="83" HEIGHT="20" WC="0.96" CONTENT="komma"/>
						</TextLine>
						<TextLine ID="line_36" HPOS="186" VPOS="1187" WIDTH="825" HEIGHT="51">
							<String ID="string_343" HPOS="186" VPOS="1187" WIDTH="80" HEIGHT="21" WC="0.92" CONTENT="derhän"/><SP WIDTH="23" VPOS="1187" HPOS="266"/>
							<String ID="string_344" HPOS="289" VPOS="1192" WIDTH="29" HEIGHT="17" WC="0.95" CONTENT="att"/><SP WIDTH="24" VPOS="1192" HPOS="318"/>
							<String ID="string_345" HPOS="342" VPOS="1189" WIDTH="59" HEIGHT="21" WC="0.93" CONTENT="detta"/><SP WIDTH="24" VPOS="1189" HPOS="401"/>
							<String ID="string_346" HPOS="425" VPOS="1190" WIDTH="77" HEIGHT="21" WC="0.92" CONTENT="förbud"/><SP WIDTH="23" VPOS="1190" HPOS="502"/>
							<String ID="string_347" HPOS="525" VPOS="1191" WIDTH="109" HEIGHT="26" WC="0.91" CONTENT="verkligen"/><SP WIDTH="25" VPOS="1191" HPOS="634"/>
							<String ID="string_348" HPOS="659" VPOS="1191" WIDTH="33" HEIGHT="21" WC="0.91" CONTENT="fäs"/><SP WIDTH="22" VPOS="1191" HPOS="692"/>
							<String ID="string_349" HPOS="714" VPOS="1191" WIDTH="32" HEIGHT="20" WC="0.93" CONTENT="till"/><SP WIDTH="16" VPOS="1191" HPOS="746"/>
							<String ID="string_350" HPOS="762" VPOS="1191" WIDTH="62" HEIGHT="21" WC="0.90" CONTENT="ständ."/><SP WIDTH="24" VPOS="1191" HPOS="824"/>
							<String ID="string_351" HPOS="848" VPOS="1190" WIDTH="84" HEIGHT="21" WC="0.91" CONTENT="hvilket"/><SP WIDTH="15" VPOS="1190" HPOS="932"/>
							<String ID="string_352" HPOS="947" VPOS="1190" WIDTH="64" HEIGHT="48" WC="0.40" CONTENT="W"/>
						</TextLine>
						<TextLine ID="line_37" HPOS="185" VPOS="1216" WIDTH="826" HEIGHT="31">
							<String ID="string_353" HPOS="185" VPOS="1217" WIDTH="47" HEIGHT="19" WC="0.93" CONTENT="mitt"/><SP WIDTH="26" VPOS="1217" HPOS="232"/>
							<String ID="string_354" HPOS="258" VPOS="1216" WIDTH="139" HEIGHT="22" WC="0.92" CONTENT="förmenande"/><SP WIDTH="25" VPOS="1216" HPOS="397"/>
							<String ID="string_355" HPOS="422" VPOS="1226" WIDTH="51" HEIGHT="13" WC="0.92" CONTENT="vore"/><SP WIDTH="24" VPOS="1226" HPOS="473"/>
							<String ID="string_356" HPOS="497" VPOS="1227" WIDTH="25" HEIGHT="12" WC="0.93" CONTENT="en"/><SP WIDTH="24" VPOS="1227" HPOS="522"/>
							<String ID="string_357" HPOS="546" VPOS="1219" WIDTH="83" HEIGHT="28" WC="0.89" CONTENT="olyeka,"/><SP WIDTH="23" VPOS="1219" HPOS="629"/>
							<String ID="string_358" HPOS="652" VPOS="1219" WIDTH="89" HEIGHT="20" WC="0.90" CONTENT="emedan"/><SP WIDTH="24" VPOS="1219" HPOS="741"/>
							<String ID="string_359" HPOS="765" VPOS="1226" WIDTH="81" HEIGHT="13" WC="0.90" CONTENT="massor"/><SP WIDTH="15" VPOS="1226" HPOS="846"/>
							<String ID="string_360" HPOS="861" VPOS="1218" WIDTH="22" HEIGHT="21" WC="0.93" CONTENT="af"/><SP WIDTH="16" VPOS="1218" HPOS="883"/>
							<String ID="string_361" HPOS="899" VPOS="1218" WIDTH="47" HEIGHT="21" WC="0.92" CONTENT="värt"/><SP WIDTH="21" VPOS="1218" HPOS="946"/>
							<String ID="string_362" HPOS="967" VPOS="1217" WIDTH="44" HEIGHT="22" WC="0.96" CONTENT="folk"/>
						</TextLine>
						<TextLine ID="line_38" HPOS="185" VPOS="1245" WIDTH="826" HEIGHT="29">
							<String ID="string_363" HPOS="185" VPOS="1245" WIDTH="57" HEIGHT="20" WC="0.90" CONTENT="ännu"/><SP WIDTH="24" VPOS="1245" HPOS="242"/>
							<String ID="string_364" HPOS="266" VPOS="1247" WIDTH="37" HEIGHT="18" WC="0.96" CONTENT="äro"/><SP WIDTH="22" VPOS="1247" HPOS="303"/>
							<String ID="string_365" HPOS="325" VPOS="1253" WIDTH="91" HEIGHT="21" WC="0.96" CONTENT="omogna"/><SP WIDTH="18" VPOS="1253" HPOS="416"/>
							<String ID="string_366" HPOS="434" VPOS="1247" WIDTH="33" HEIGHT="20" WC="0.96" CONTENT="för"/><SP WIDTH="15" VPOS="1247" HPOS="467"/>
							<String ID="string_367" HPOS="482" VPOS="1255" WIDTH="26" HEIGHT="13" WC="0.93" CONTENT="en"/><SP WIDTH="16" VPOS="1255" HPOS="508"/>
							<String ID="string_368" HPOS="524" VPOS="1247" WIDTH="66" HEIGHT="21" WC="0.96" CONTENT="sådan"/><SP WIDTH="17" VPOS="1247" HPOS="590"/>
							<String ID="string_369" HPOS="607" VPOS="1248" WIDTH="84" HEIGHT="21" WC="0.95" CONTENT="reform."/><SP WIDTH="31" VPOS="1248" HPOS="691"/>
							<String ID="string_370" HPOS="722" VPOS="1247" WIDTH="42" HEIGHT="22" WC="0.93" CONTENT="Om"/><SP WIDTH="22" VPOS="1247" HPOS="764"/>
							<String ID="string_371" HPOS="786" VPOS="1247" WIDTH="118" HEIGHT="21" WC="0.90" CONTENT="Ständerna"/><SP WIDTH="17" VPOS="1247" HPOS="904"/>
							<String ID="string_372" HPOS="921" VPOS="1254" WIDTH="27" HEIGHT="13" WC="0.93" CONTENT="nu"/><SP WIDTH="17" VPOS="1254" HPOS="948"/>
							<String ID="string_373" HPOS="965" VPOS="1246" WIDTH="46" HEIGHT="21" WC="0.92" CONTENT="der-"/>
						</TextLine>
						<TextLine ID="line_39" HPOS="185" VPOS="1273" WIDTH="827" HEIGHT="30">
							<String ID="string_374" HPOS="185" VPOS="1276" WIDTH="59" HEIGHT="17" WC="0.96" CONTENT="emot"/><SP WIDTH="12" VPOS="1276" HPOS="244"/>
							<String ID="string_375" HPOS="256" VPOS="1273" WIDTH="25" HEIGHT="21" WC="0.93" CONTENT="sä"/><SP WIDTH="8" VPOS="1273" HPOS="281"/>
							<String ID="string_376" HPOS="289" VPOS="1274" WIDTH="46" HEIGHT="21" WC="0.92" CONTENT="vidt"/><SP WIDTH="10" VPOS="1274" HPOS="335"/>
							<String ID="string_377" HPOS="345" VPOS="1275" WIDTH="82" HEIGHT="28" WC="0.93" CONTENT="möjligt"/><SP WIDTH="9" VPOS="1275" HPOS="427"/>
							<String ID="string_378" HPOS="436" VPOS="1276" WIDTH="114" HEIGHT="21" WC="0.93" CONTENT="medverka"/><SP WIDTH="8" VPOS="1276" HPOS="550"/>
							<String ID="string_379" HPOS="558" VPOS="1276" WIDTH="32" HEIGHT="20" WC="0.93" CONTENT="till"/><SP WIDTH="11" VPOS="1276" HPOS="590"/>
							<String ID="string_380" HPOS="601" VPOS="1276" WIDTH="243" HEIGHT="21" WC="0.91" CONTENT="bränvinsmissbrukets"/><SP WIDTH="11" VPOS="1276" HPOS="844"/>
							<String ID="string_381" HPOS="855" VPOS="1275" WIDTH="108" HEIGHT="28" WC="0.92" CONTENT="stäfjande"/><SP WIDTH="8" VPOS="1275" HPOS="963"/>
							<String ID="string_382" HPOS="971" VPOS="1275" WIDTH="41" HEIGHT="21" WC="0.97" CONTENT="och"/>
						</TextLine>
						<TextLine ID="line_40" HPOS="184" VPOS="1303" WIDTH="828" HEIGHT="28">
							<String ID="string_383" HPOS="184" VPOS="1308" WIDTH="78" HEIGHT="20" WC="0.93" CONTENT="genom"/><SP WIDTH="17" VPOS="1308" HPOS="262"/>
							<String ID="string_384" HPOS="279" VPOS="1303" WIDTH="57" HEIGHT="20" WC="0.92" CONTENT="stark"/><SP WIDTH="16" VPOS="1303" HPOS="336"/>
							<String ID="string_385" HPOS="352" VPOS="1303" WIDTH="124" HEIGHT="28" WC="0.93" CONTENT="förhöjning"/><SP WIDTH="15" VPOS="1303" HPOS="476"/>
							<String ID="string_386" HPOS="491" VPOS="1305" WIDTH="23" HEIGHT="20" WC="0.93" CONTENT="af"/><SP WIDTH="15" VPOS="1305" HPOS="514"/>
							<String ID="string_387" HPOS="529" VPOS="1305" WIDTH="186" HEIGHT="20" WC="0.92" CONTENT="bränvinsskatten"/><SP WIDTH="18" VPOS="1305" HPOS="715"/>
							<String ID="string_388" HPOS="733" VPOS="1304" WIDTH="129" HEIGHT="27" WC="0.92" CONTENT="tillmötesgä"/><SP WIDTH="15" VPOS="1304" HPOS="862"/>
							<String ID="string_389" HPOS="877" VPOS="1303" WIDTH="135" HEIGHT="28" WC="0.93" CONTENT="nykterhets-"/>
						</TextLine>
						<TextLine ID="line_41" HPOS="185" VPOS="1330" WIDTH="827" HEIGHT="31">
							<String ID="string_390" HPOS="185" VPOS="1330" WIDTH="104" HEIGHT="21" WC="0.36" CONTENT="ifrarenes"/><SP WIDTH="23" VPOS="1330" HPOS="289"/>
							<String ID="string_391" HPOS="312" VPOS="1331" WIDTH="128" HEIGHT="28" WC="0.96" CONTENT="fordringar,"/><SP WIDTH="23" VPOS="1331" HPOS="440"/>
							<String ID="string_392" HPOS="463" VPOS="1340" WIDTH="63" HEIGHT="20" WC="0.96" CONTENT="synes"/><SP WIDTH="23" VPOS="1340" HPOS="526"/>
							<String ID="string_393" HPOS="549" VPOS="1333" WIDTH="37" HEIGHT="20" WC="0.96" CONTENT="det"/><SP WIDTH="23" VPOS="1333" HPOS="586"/>
							<String ID="string_394" HPOS="609" VPOS="1334" WIDTH="42" HEIGHT="27" WC="0.96" CONTENT="mig"/><SP WIDTH="27" VPOS="1334" HPOS="651"/>
							<String ID="string_395" HPOS="678" VPOS="1337" WIDTH="31" HEIGHT="17" WC="0.96" CONTENT="att"/><SP WIDTH="23" VPOS="1337" HPOS="709"/>
							<String ID="string_396" HPOS="732" VPOS="1340" WIDTH="46" HEIGHT="13" WC="0.95" CONTENT="man"/><SP WIDTH="26" VPOS="1340" HPOS="778"/>
							<String ID="string_397" HPOS="804" VPOS="1333" WIDTH="39" HEIGHT="20" WC="0.93" CONTENT="kan"/><SP WIDTH="29" VPOS="1333" HPOS="843"/>
							<String ID="string_398" HPOS="872" VPOS="1332" WIDTH="87" HEIGHT="28" WC="0.94" CONTENT="hoppas,"/><SP WIDTH="22" VPOS="1332" HPOS="959"/>
							<String ID="string_399" HPOS="981" VPOS="1335" WIDTH="31" HEIGHT="18" WC="0.97" CONTENT="att"/>
						</TextLine>
						<TextLine ID="line_42" HPOS="185" VPOS="1358" WIDTH="826" HEIGHT="30">
							<String ID="string_400" HPOS="185" VPOS="1358" WIDTH="63" HEIGHT="21" WC="0.78" CONTENT="dessa"/><SP WIDTH="22" VPOS="1358" HPOS="248"/>
							<String ID="string_401" HPOS="270" VPOS="1359" WIDTH="122" HEIGHT="28" WC="0.96" CONTENT="fordringar"/><SP WIDTH="23" VPOS="1359" HPOS="392"/>
							<String ID="string_402" HPOS="415" VPOS="1362" WIDTH="47" HEIGHT="20" WC="0.95" CONTENT="icke"/><SP WIDTH="22" VPOS="1362" HPOS="462"/>
							<String ID="string_403" HPOS="484" VPOS="1361" WIDTH="59" HEIGHT="21" WC="0.93" CONTENT="skola"/><SP WIDTH="22" VPOS="1361" HPOS="543"/>
							<String ID="string_404" HPOS="565" VPOS="1361" WIDTH="116" HEIGHT="22" WC="0.96" CONTENT="framträda"/><SP WIDTH="20" VPOS="1361" HPOS="681"/>
							<String ID="string_405" HPOS="701" VPOS="1361" WIDTH="49" HEIGHT="21" WC="0.96" CONTENT="med"/><SP WIDTH="20" VPOS="1361" HPOS="750"/>
							<String ID="string_406" HPOS="770" VPOS="1361" WIDTH="40" HEIGHT="21" WC="0.93" CONTENT="den"/><SP WIDTH="16" VPOS="1361" HPOS="810"/>
							<String ID="string_407" HPOS="826" VPOS="1361" WIDTH="83" HEIGHT="27" WC="0.96" CONTENT="skärpa,"/><SP WIDTH="16" VPOS="1361" HPOS="909"/>
							<String ID="string_408" HPOS="925" VPOS="1368" WIDTH="43" HEIGHT="13" WC="0.97" CONTENT="som"/><SP WIDTH="17" VPOS="1368" HPOS="968"/>
							<String ID="string_409" HPOS="985" VPOS="1361" WIDTH="26" HEIGHT="20" WC="0.97" CONTENT="de"/>
						</TextLine>
						<TextLine ID="line_43" HPOS="186" VPOS="1387" WIDTH="825" HEIGHT="30">
							<String ID="string_410" HPOS="186" VPOS="1387" WIDTH="72" HEIGHT="21" WC="0.93" CONTENT="kunna"/><SP WIDTH="17" VPOS="1387" HPOS="258"/>
							<String ID="string_411" HPOS="275" VPOS="1388" WIDTH="28" HEIGHT="25" WC="0.94" CONTENT="få,"/><SP WIDTH="20" VPOS="1388" HPOS="303"/>
							<String ID="string_412" HPOS="323" VPOS="1389" WIDTH="45" HEIGHT="20" WC="0.95" CONTENT="ifall"/><SP WIDTH="18" VPOS="1389" HPOS="368"/>
							<String ID="string_413" HPOS="386" VPOS="1390" WIDTH="115" HEIGHT="27" WC="0.92" CONTENT="opinionen"/><SP WIDTH="15" VPOS="1390" HPOS="501"/>
							<String ID="string_414" HPOS="516" VPOS="1390" WIDTH="142" HEIGHT="21" WC="0.87" CONTENT="underbläses"/><SP WIDTH="15" VPOS="1390" HPOS="658"/>
							<String ID="string_415" HPOS="673" VPOS="1397" WIDTH="78" HEIGHT="20" WC="0.96" CONTENT="genom"/><SP WIDTH="17" VPOS="1397" HPOS="751"/>
							<String ID="string_416" HPOS="768" VPOS="1393" WIDTH="31" HEIGHT="17" WC="0.93" CONTENT="att"/><SP WIDTH="15" VPOS="1393" HPOS="799"/>
							<String ID="string_417" HPOS="814" VPOS="1389" WIDTH="119" HEIGHT="21" WC="0.93" CONTENT="Ständerna"/><SP WIDTH="17" VPOS="1389" HPOS="933"/>
							<String ID="string_418" HPOS="950" VPOS="1389" WIDTH="61" HEIGHT="21" WC="0.95" CONTENT="ställa"/>
						</TextLine>
						<TextLine ID="line_44" HPOS="184" VPOS="1416" WIDTH="644" HEIGHT="38">
							<String ID="string_419" HPOS="184" VPOS="1416" WIDTH="34" HEIGHT="27" WC="0.93" CONTENT="sig"/><SP WIDTH="16" VPOS="1416" HPOS="218"/>
							<String ID="string_420" HPOS="234" VPOS="1416" WIDTH="87" HEIGHT="27" WC="0.91" CONTENT="ovilliga"/><SP WIDTH="17" VPOS="1416" HPOS="321"/>
							<String ID="string_421" HPOS="338" VPOS="1421" WIDTH="44" HEIGHT="16" WC="0.93" CONTENT="mot"/><SP WIDTH="15" VPOS="1421" HPOS="382"/>
							<String ID="string_422" HPOS="397" VPOS="1418" WIDTH="107" HEIGHT="27" WC="0.91" CONTENT="yrkandet"/><SP WIDTH="16" VPOS="1418" HPOS="504"/>
							<String ID="string_423" HPOS="520" VPOS="1419" WIDTH="26" HEIGHT="27" WC="0.96" CONTENT="pä"/><SP WIDTH="16" VPOS="1419" HPOS="546"/>
							<String ID="string_424" HPOS="562" VPOS="1419" WIDTH="121" HEIGHT="35" WC="0.92" CONTENT="förhöjning"/><SP WIDTH="15" VPOS="1419" HPOS="683"/>
							<String ID="string_425" HPOS="698" VPOS="1419" WIDTH="24" HEIGHT="20" WC="0.93" CONTENT="af"/><SP WIDTH="15" VPOS="1419" HPOS="722"/>
							<String ID="string_426" HPOS="737" VPOS="1419" WIDTH="91" HEIGHT="20" WC="0.96" CONTENT="skatten."/>
						</TextLine>
					</TextBlock>
					<TextBlock ID="block_4" HPOS="184" VPOS="1445" WIDTH="827" HEIGHT="75">
						<TextLine ID="line_45" HPOS="254" VPOS="1445" WIDTH="757" HEIGHT="29">
							<String ID="string_427" HPOS="254" VPOS="1445" WIDTH="31" HEIGHT="20" WC="0.95" CONTENT="På"/><SP WIDTH="22" VPOS="1445" HPOS="285"/>
							<String ID="string_428" HPOS="307" VPOS="1445" WIDTH="62" HEIGHT="21" WC="0.96" CONTENT="dessa"/><SP WIDTH="25" VPOS="1445" HPOS="369"/>
							<String ID="string_429" HPOS="394" VPOS="1446" WIDTH="47" HEIGHT="20" WC="0.96" CONTENT="skäl"/><SP WIDTH="21" VPOS="1446" HPOS="441"/>
							<String ID="string_430" HPOS="462" VPOS="1447" WIDTH="37" HEIGHT="20" WC="0.96" CONTENT="ber"/><SP WIDTH="15" VPOS="1447" HPOS="499"/>
							<String ID="string_431" HPOS="514" VPOS="1447" WIDTH="34" HEIGHT="27" WC="0.93" CONTENT="jag"/><SP WIDTH="20" VPOS="1447" HPOS="548"/>
							<String ID="string_432" HPOS="568" VPOS="1446" WIDTH="22" HEIGHT="21" WC="0.96" CONTENT="få"/><SP WIDTH="16" VPOS="1446" HPOS="590"/>
							<String ID="string_433" HPOS="606" VPOS="1447" WIDTH="85" HEIGHT="24" WC="0.96" CONTENT="föreslå,"/><SP WIDTH="16" VPOS="1447" HPOS="691"/>
							<String ID="string_434" HPOS="707" VPOS="1450" WIDTH="31" HEIGHT="18" WC="0.97" CONTENT="att"/><SP WIDTH="16" VPOS="1450" HPOS="738"/>
							<String ID="string_435" HPOS="754" VPOS="1447" WIDTH="25" HEIGHT="21" WC="0.96" CONTENT="R."/><SP WIDTH="16" VPOS="1447" HPOS="779"/>
							<String ID="string_436" HPOS="795" VPOS="1454" WIDTH="18" HEIGHT="14" WC="0.96" CONTENT="o."/><SP WIDTH="16" VPOS="1454" HPOS="813"/>
							<String ID="string_437" HPOS="829" VPOS="1448" WIDTH="25" HEIGHT="19" WC="0.96" CONTENT="A."/><SP WIDTH="18" VPOS="1448" HPOS="854"/>
							<String ID="string_438" HPOS="872" VPOS="1446" WIDTH="49" HEIGHT="20" WC="0.92" CONTENT="ville"/><SP WIDTH="16" VPOS="1446" HPOS="921"/>
							<String ID="string_439" HPOS="937" VPOS="1446" WIDTH="74" HEIGHT="20" WC="0.96" CONTENT="förena"/>
						</TextLine>
						<TextLine ID="line_46" HPOS="184" VPOS="1472" WIDTH="827" HEIGHT="48">
							<String ID="string_440" HPOS="184" VPOS="1472" WIDTH="33" HEIGHT="48" WC="0.80" CONTENT="sig"/><SP WIDTH="16" VPOS="1472" HPOS="217"/>
							<String ID="string_441" HPOS="233" VPOS="1480" WIDTH="35" HEIGHT="13" WC="0.93" CONTENT="om"/><SP WIDTH="16" VPOS="1480" HPOS="268"/>
							<String ID="string_442" HPOS="284" VPOS="1472" WIDTH="226" HEIGHT="24" WC="0.91" CONTENT="Ekonomiutskottets"/><SP WIDTH="22" VPOS="1472" HPOS="510"/>
							<String ID="string_443" HPOS="532" VPOS="1475" WIDTH="81" HEIGHT="27" WC="0.96" CONTENT="förslag"/><SP WIDTH="16" VPOS="1475" HPOS="613"/>
							<String ID="string_444" HPOS="629" VPOS="1476" WIDTH="4" HEIGHT="20" WC="0.93" CONTENT="i"/><SP WIDTH="18" VPOS="1476" HPOS="633"/>
							<String ID="string_445" HPOS="651" VPOS="1475" WIDTH="54" HEIGHT="21" WC="0.93" CONTENT="hvad"/><SP WIDTH="13" VPOS="1475" HPOS="705"/>
							<String ID="string_446" HPOS="718" VPOS="1475" WIDTH="38" HEIGHT="21" WC="0.96" CONTENT="det"/><SP WIDTH="11" VPOS="1475" HPOS="756"/>
							<String ID="string_447" HPOS="767" VPOS="1477" WIDTH="35" HEIGHT="19" WC="0.93" CONTENT="rör"/><SP WIDTH="10" VPOS="1477" HPOS="802"/>
							<String ID="string_448" HPOS="812" VPOS="1474" WIDTH="199" HEIGHT="22" WC="0.91" CONTENT="bränvinsskattens"/>
						</TextLine>
					</TextBlock>
					<TextBlock ID="block_5" HPOS="199" VPOS="1501" WIDTH="70" HEIGHT="28">
						<TextLine ID="line_47" HPOS="199" VPOS="1501" WIDTH="70" HEIGHT="28">
							<String ID="string_449" HPOS="199" VPOS="1501" WIDTH="70" HEIGHT="28" WC="0.91" CONTENT="elopp."/>
						</TextLine>
					</TextBlock>
				</ComposedBlock>
			</PrintSpace>
		</Page>
	</Layout>
</alto>
