1078 1742
196 103 43 21 302
375 136 2 2 |
474 111 24 17 R.
512 115 18 13 o.
541 112 26 16 A.
579 112 60 16 1906.
660 112 13 16 9
686 112 49 20 Maj.

514 213 101 23 Politiska
629 212 83 29 fängar.

267 270 34 21 Hr
323 270 112 22 Fraser
457 270 71 22 anhöll
551 278 33 14 om
608 271 62 21 ordet
684 271 40 21 och
740 270 94 29 yttrade:
858 271 59 21 Mina
932 270 89 22 Herrar!

198 298 64 21 Efter
287 298 65 29 några
377 298 61 22 korta
463 300 84 20 timmar
570 300 39 28 går
635 300 80 28 dagens
740 300 32 20 sol
798 300 48 21 ned.
875 300 51 21 Med
952 299 69 21 denna

197 327 33 21 sol
253 326 38 28 gär
313 327 47 22 icke
383 327 80 28 dagens
486 328 38 26 sol,
539 328 81 22 seklers
643 329 31 21 sol
696 328 40 28 gär
761 328 48 21 ned.
838 328 45 22 När
905 330 60 19 nästa
981 328 41 28 dag

197 351 56 37 gryr,
315 363 10 14 r
347 356 34 21 för
403 356 27 21 de
452 357 65 28 ryska
539 357 74 21 folken
634 357 104 21 frihetens
754 356 48 28 dag.
832 357 43 21 Det
897 358 23 20 är
943 356 79 22 bekant

198 385 6 20 i
225 384 50 21 vida
312 388 73 22 kretsar,
407 388 31 18 att
460 386 42 20 den
525 385 69 22 första
616 386 81 28 åtgärd,
712 386 42 20 den
778 386 5 20 i
808 393 87 14 morgon
918 392 103 14 samman-

197 412 105 22 trädande
317 413 122 22 riksduman
465 416 63 19 ärnar
552 414 94 28 vidtaga,
668 416 24 19 är
716 414 42 21 den
784 418 31 17 att
840 393 26 42 äi
887 414 133 28 Regeringen

198 441 132 28 kategoriskt
352 442 71 22 fordra
445 442 41 22 alla
509 443 100 28 politiska
633 443 87 28 fängars
746 442 136 28 frigifvande.
919 442 44 22 Det
987 450 34 20 sy-

198 477 37 14 nes
260 472 43 26 mig
325 474 30 18 att
377 470 103 22 Finlands
506 472 53 26 folk,
582 479 45 14 som
650 472 24 21 sä
696 472 63 27 länge
785 472 63 28 njutit
872 472 23 20 af
919 471 101 21 frihetens

198 499 89 27 frukter,
308 499 47 21 icke
372 500 37 20 bör
429 500 92 28 glömma
538 500 26 21 de
581 500 143 28 medborgare,
740 508 45 13 som
802 500 38 21 hos
856 508 35 13 oss
907 502 56 19 ännu
978 500 44 21 för-

196 527 85 22 smäkta
296 529 6 20 i
319 528 96 28 fängelse
437 528 40 22 och
492 529 6 20 i
516 528 142 29 deportation,
674 529 51 21 eller
748 528 72 22 hvilka
844 530 56 20 ännu
921 529 46 21 icke
988 528 33 21 för

197 557 46 20 sina
267 556 58 22 brott
347 557 73 21 blifvit
441 557 160 22 öfverlemnade
623 558 31 21 till
678 558 58 21 finsk
760 557 103 21 domstels
886 557 135 27 behandling.

196 584 42 29 Jag
258 588 37 18 vet
314 585 47 22 icke
384 585 53 22 huru
461 586 76 28 mänga
560 586 23 21 af
605 586 47 22 värt
674 586 62 21 lands
760 586 138 28 medborgare
922 588 51 19 höra
989 586 31 20 till

197 613 42 21 den
256 614 102 28 kategori,
369 614 34 21 för
419 614 85 22 hvilken
520 616 35 27 jag
570 615 67 28 vägar
651 618 49 25 taga
715 614 103 22 Ständets
835 614 185 29 uppmärksamhet

197 642 6 20 i
218 642 103 28 anspräk;
336 643 35 28 jag
391 643 38 21 har
451 644 43 27 mig
518 644 79 20 bekant
619 644 75 21 endast
716 647 89 18 tvenne:
828 643 128 21 Nikolainen
980 643 40 21 och

196 670 107 29 Prokop6.
332 671 51 21 Men
406 672 53 21 huru
482 672 77 28 många
574 672 27 21 de
621 674 25 19 än
664 672 34 21 mä
714 680 50 13 vara
781 672 51 21 eller
847 672 53 21 huru
915 672 28 26 få,
959 672 24 21 sä
997 673 24 19 är

196 699 38 21 det
257 700 56 21 dock
336 700 39 21 vär
395 700 54 28 pligt
471 704 31 17 att
518 702 6 20 i
540 701 103 21 frihetens
664 700 136 22 födslostund
821 700 33 21 för
870 701 95 28 miljoner
980 700 41 21 och

198 728 84 21 hundra
304 728 97 29 miljoner
423 730 64 20 tänka
504 729 27 28 pä
546 729 62 21 dessa
624 733 85 18 tvenne.
739 729 42 27 Jag
796 733 60 24 tager
872 730 42 26 mig
929 729 91 21 friheten

196 759 33 19 att
244 756 35 22 för
299 757 37 21 det
351 757 122 28 Höglofliga
489 757 91 22 Ständet
603 758 83 26 föreslå,
707 761 31 18 att
754 758 26 21 R.
796 766 18 13 o.
830 758 26 21 A.
872 758 49 21 ville
937 758 26 28 pä
979 759 42 19 sätt

196 785 38 21 det
249 784 122 30 Höglofliga
387 786 92 21 Ständet
489 786 67 22 finner
572 786 120 29 lämpligast
708 786 88 28 inbjuda
812 786 139 21 medständen
966 789 31 17 att
1014 787 7 19 i

199 813 140 29 landtdagens
356 822 62 14 namn
434 814 50 28 ingä
499 815 31 21 till
547 815 62 21 Hans
624 815 122 29 Kejserliga
757 815 102 28 Majestät
870 815 46 21 med
929 816 91 26 begäran

195 849 35 14 om
255 843 18 27 ej
297 842 81 22 mindre
401 846 31 18 att
454 844 41 20 alla
511 844 57 21 inom
591 844 164 27 Kejsaredömet
779 843 40 22 och
834 843 92 21 Finland
942 844 78 20 ännu
1007 838 17 38 i

199 871 97 27 fängelse
318 871 158 22 försmäktande
498 872 68 21 finska
589 872 100 28 politiska
704 872 78 27 fångar
797 871 33 22 mä
846 871 68 22 återfå
929 871 91 21 friheten

196 901 27 19 än
247 899 41 22 ock
304 903 31 18 att
358 900 27 21 de
401 900 34 21 för
458 901 56 20 brott
537 901 119 27 anklagade
678 901 68 21 finska
770 900 165 28 medborgarene
956 900 64 21 mätte

196 927 75 22 ställas
287 928 56 21 inför
357 930 42 19 rätt
415 929 75 26 forum,
504 929 55 22 finsk
574 929 98 22 domstol.

267 985 32 21 På
321 985 155 29 framställning
497 986 23 21 af
536 986 33 21 Hr
584 986 207 21 Landtmarskalken
809 986 67 21 beslöt
892 986 25 21 R.
933 993 18 14 o.
966 987 32 24 A.,
1014 986 7 20 i

199 1013 140 22 betraktande
360 1013 62 22 deraf
436 1018 31 17 att
482 1014 34 21 Hr
530 1014 89 22 Frasers
635 1015 80 28 förslag
730 1015 49 21 icke
794 1015 90 27 tidigare
901 1015 70 20 blifvit
987 1014 35 21 för

196 1041 35 21 Hr
245 1041 206 23 Landtmarskalken
468 1043 99 26 anmäldt,
583 1051 47 13 men
646 1043 37 22 det
694 1044 45 21 deri
751 1043 89 21 berörda
852 1043 87 21 ärendet
951 1042 69 21 kunde

196 1077 64 14 anses
276 1071 6 20 i
299 1072 42 20 viss
365 1071 48 21 män
438 1071 142 27 brädskande,
602 1071 85 29 afbryta
710 1072 215 27 öfverläggningarna
947 1071 33 21 för
995 1079 25 13 en

196 1101 64 26 gvart
275 1100 77 20 timme.

266 1155 63 22 Efter
353 1157 107 28 förloppet
486 1157 23 21 af
536 1157 69 21 denna
632 1157 30 21 tid
691 1157 61 28 afgaf
784 1156 33 22 Hr
847 1156 174 21 Landtmarskal-

197 1185 41 20 ken
265 1185 31 20 till
321 1185 92 21 Ständet
437 1185 95 29 följande
562 1185 151 22 meddelande:
744 1185 59 21 Enär
830 1185 83 28 jemlikt
938 1186 11 20 2
977 1186 11 26 &
1015 1186 6 19 i

197 1213 26 21 L.
240 1213 28 21 O.
284 1213 36 21 vid
336 1215 76 20 urtima
439 1214 101 28 landtdag
563 1214 76 21 endast
660 1214 34 21 mä
716 1214 131 21 förekomma
870 1213 84 26 ärende,
976 1221 45 13 som

197 1241 110 22 föranledt
331 1242 113 28 landtdags
470 1243 88 21 kallelse
581 1243 51 21 eller
654 1243 23 20 af
699 1243 104 28 Kejsaren
826 1242 40 21 och
889 1242 132 21 Storfursten

196 1270 65 28 eljest
276 1271 30 20 till
323 1270 120 22 Ständerna
462 1271 150 26 öfverlemnas,
627 1271 23 21 sä
666 1271 40 21 ock
722 1271 56 21 hvad
796 1271 47 20 med
859 1270 69 28 dylikt
943 1270 78 21 ärende

197 1305 51 20 eger
264 1299 131 28 oskiljaktigt
411 1299 159 28 sammanhang,
584 1299 24 22 sä
623 1299 40 22 och
679 1299 28 21 dä
722 1299 42 21 den
776 1299 22 21 af
808 1299 34 21 Hr
852 1299 77 21 Fraser
945 1299 76 21 väckta

197 1327 77 28 frägan
297 1327 95 22 hvarken
411 1329 23 20 är
457 1328 111 21 framstäld
584 1328 68 21 under
675 1328 158 27 behandlingen
856 1327 23 22 af
901 1327 65 28 nägot
990 1327 32 21 till

195 1355 73 21 denna
284 1355 103 29 landtdag
407 1357 157 21 öfverlemnadt
579 1357 84 26 ärende,
679 1357 18 28 ej
718 1356 68 21 heller
801 1363 76 14 annars
893 1363 50 20 eger
958 1355 64 29 nägot

196 1383 113 28 skönjbart
330 1385 153 28 sammanhang
506 1385 46 21 med
575 1385 76 21 sädant
672 1385 86 26 ärende,
781 1385 24 21 sä
827 1385 67 20 finner
915 1385 36 27 jag
973 1385 49 26 mig,

194 1412 87 28 jemlikt
295 1413 27 21 63
337 1414 13 26 8
366 1414 5 19 i
389 1413 24 21 L.
429 1413 33 26 O.,
476 1414 48 21 icke
540 1414 71 21 kunna
626 1413 33 21 till
674 1413 165 28 öfverläggning
854 1414 56 20 inom
927 1413 25 20 R.
967 1420 19 13 o.
996 1412 26 21 A.

196 1444 96 25 upptaga
307 1441 37 21 det
359 1441 23 21 af
397 1441 34 22 Hr
445 1442 77 21 Fraser
541 1441 124 22 framstälda
686 1441 111 28 förslaget,
819 1445 49 18 utan
885 1441 75 21 varder
977 1441 46 20 det-

195 1476 82 14 samma
293 1469 86 22 härmed
396 1470 58 28 lagdt
469 1471 32 20 till
516 1471 26 21 R.
558 1478 18 14 o.
592 1471 39 20 A:s
646 1470 133 28 handlingar.
