1078 1742
187 98 41 20 370
461 106 25 16 R.
499 110 18 13 o.
529 106 26 17 A.
567 106 60 17 1906.
646 106 29 17 28
687 106 50 20 Maj.

186 172 129 28 lägenheter.
345 173 74 21 Också
434 174 70 21 denna
520 173 34 22 del
571 174 23 21 af
609 174 153 28 befolkningen
779 174 72 21 träder
862 174 98 28 frivilligt
970 173 44 21 till-

187 200 55 22 baka
258 201 32 21 till
309 204 31 18 ett
355 202 123 22 mindretals
494 202 101 28 ställning
610 203 7 21 i
633 202 41 22 den
691 202 56 22 fasta
762 202 152 29 förhoppning,
930 206 32 18 att
976 202 38 21 det

186 229 115 22 kulturella
323 230 39 26 arf,
377 238 45 14 som
446 232 20 20 vi
483 238 28 14 nu
528 233 71 19 kunna
616 239 23 13 se
655 231 88 22 tillbaka
760 230 27 29 pä
802 231 68 21 under
884 231 28 21 de
927 234 87 18 senaste

186 258 27 21 40
236 258 58 26 åren,
309 258 53 22 skall
386 259 27 21 ha
429 259 81 21 kunnat
532 260 23 20 ät
571 260 40 21 den
630 260 86 28 mycket
731 267 57 20 unga
803 260 68 20 finska
887 260 125 27 bildningen

185 286 61 28 gifva
262 286 41 22 den
326 288 81 27 stadga,
422 291 31 18 att
475 288 62 22 dessa
554 296 41 20 nya
616 288 97 23 element,
728 296 45 14 som
790 296 28 13 nu
835 288 84 21 komma
934 291 32 18 att
980 288 33 21 in-

185 317 49 25 taga
258 322 26 14 en
300 315 99 22 afsevärd
423 316 34 22 del
473 316 22 22 af
517 316 38 22 det
570 324 52 19 rum,
645 324 45 14 som
708 317 105 21 härintills
837 318 87 26 intagits
946 316 24 22 af
984 316 28 22 de

185 344 100 27 svenska,
301 344 60 22 skola
384 345 70 21 kunna
472 346 5 20 i
493 345 43 21 lika
557 346 54 26 män,
631 346 20 28 ja
671 346 81 21 kanske
769 346 4 20 i
791 347 57 19 ännu
870 345 66 28 högre
959 344 52 29 grad

185 372 32 21 till
232 372 151 22 fosterlandets
398 381 56 21 gagn
471 374 96 28 begagna
583 374 70 21 denna
668 376 48 19 rätt.

254 400 65 22 Hvad
336 402 37 20 det
388 402 146 28 föreliggande
550 403 103 28 förslaget
669 404 5 20 i
690 403 68 27 öfrigt
772 402 108 27 beträffar,
888 410 63 21 synes
962 403 50 27 mig,

185 432 31 18 att
231 429 38 21 det
288 430 135 28 märkligaste
439 432 47 20 icke
502 431 69 28 ligger
586 435 82 17 ensamt
684 432 5 20 i
706 431 75 28 frägan
797 439 35 13 om
848 431 40 21 den
904 431 107 21 allmänna

184 459 121 24 rösträtten,
321 466 34 14 om
378 459 86 22 hvilken
486 460 36 28 jag
537 462 24 19 är
582 460 128 28 öfvertygad
726 464 31 17 att
773 460 41 21 den
831 461 6 20 i
853 460 87 28 lämplig
956 460 55 21 form

185 487 69 21 skulle
271 487 72 21 blifvit
358 488 65 21 redan
439 489 91 27 tidigare
546 488 23 21 af
584 488 120 22 Ständerna
721 489 104 24 besluten,
841 488 71 22 derest
928 488 82 28 möjlig-

184 515 36 21 het
236 516 32 20 till
285 516 77 22 sädant
385 516 133 23 förefunnits.
550 517 43 21 För
608 518 43 27 mig
672 518 68 27 ligger
755 517 37 21 det
807 518 136 26 märkligaste
959 517 53 26 deri,

183 547 33 18 att
231 544 48 21 värt
302 544 60 22 lands
385 546 95 27 gvinnor,
496 546 54 27 gifta
573 554 46 13 som
635 546 73 28 ogifta,
724 546 55 21 ifrän
802 549 31 18 att
848 546 26 21 ha
891 546 54 20 varit
961 546 50 20 full-

183 572 96 29 ständigt
294 574 107 21 uteslutna
417 574 47 21 frän
480 574 38 22 allt
534 574 132 22 omedelbart
681 574 116 29 inflytande
808 575 28 27 pä
847 574 161 28 lagstiftningen

183 601 40 21 och
247 601 27 21 de
297 602 138 28 lagstiftande
458 602 204 29 församlingarna,
657 597 13 38 i
682 606 32 18 ett
735 608 37 23 tag
795 603 55 28 höjts
873 603 32 21 till
928 610 80 14 samma

183 630 102 28 ställning
300 638 45 14 som
361 631 82 22 landets
459 634 54 24 män,
529 632 90 21 hvarvid
633 632 67 21 tillika
712 632 36 21 det
760 632 101 26 märkliga
874 631 135 21 förhällande

183 666 50 20 eger
248 666 53 19 rum,
316 663 31 17 att
367 661 119 27 gvinnorna
502 661 57 20 inom
577 660 160 22 valmanskären
754 661 85 21 komma
855 663 31 18 att
900 660 33 21 till
948 664 61 17 anta-

182 687 30 21 let
234 687 134 29 öfverskjuta
391 690 97 20 männen.
518 688 44 22 För
584 690 44 27 mig
650 690 90 20 innebär
755 689 66 26 detta,
836 689 56 21 inför
907 696 29 14 nu
952 688 56 22 före-

182 716 102 28 liggande
307 717 134 28 synnerligen
464 718 95 20 radikala
579 718 40 21 och
635 718 95 21 tekniskt
746 718 123 27 vägsamma
884 717 125 21 reformför-

182 744 52 28 slag,
250 752 26 14 en
293 747 59 25 tröst,
368 748 22 26 ty
405 747 35 27 jag
456 748 23 19 är
494 746 128 28 öfvertygad
637 754 34 14 om
687 750 31 18 att
734 746 70 21 denna
819 746 35 21 del
867 746 22 21 af
902 746 107 21 valmans-

182 772 65 22 kären
271 773 95 22 kommer
389 778 31 18 att
442 776 74 26 utgöra
540 778 31 18 ett
594 775 88 28 kraftigt
705 777 52 19 värn
781 775 34 21 för
837 774 106 28 familjens
959 776 50 25 rätt,

182 801 113 29 familjens,
311 810 45 14 som
372 802 56 22 dock
442 806 78 26 ytterst
535 805 24 19 är
573 804 96 27 grunden
685 804 35 20 för
736 804 38 20 allt
789 803 92 21 ordnadt
896 803 111 21 samhälls-

181 830 30 26 lif,
227 830 42 22 och
285 834 31 18 att
331 830 89 22 sålunda
444 832 57 21 detta
520 832 189 22 valmanselement
730 832 97 21 kommer
842 835 31 18 att
888 833 75 26 utgöra
976 834 33 18 ett

181 858 76 21 hinder
273 859 34 21 för
329 860 148 21 brädstörtade
500 862 172 27 omstörtningar.
701 861 63 20 Dock
786 862 24 19 är
832 860 36 21 det
891 860 69 21 tillika
975 863 33 18 att

180 886 105 27 förvänta,
300 891 31 18 att
354 887 69 22 denna
439 891 41 18 rätt
504 889 65 21 mätte
585 889 48 21 med
656 889 132 21 moderation
806 889 92 25 utöfvas,
913 892 23 25 ty
951 889 56 20 äter-

180 915 81 22 verkan
278 916 23 21 af
323 917 58 20 detta
405 918 138 27 experiment,
565 925 46 14 som
627 918 5 20 i
649 917 77 22 sädant
746 917 103 22 afseende
871 917 39 21 hos
926 925 35 13 oss
977 925 29 13 nu

179 944 97 21 kommer
298 948 31 17 att
351 945 147 28 förverkligas,
520 947 96 20 kommer
640 946 161 27 otvifvelaktigt
822 950 31 17 att
868 945 28 22 bli
913 949 45 18 stor
978 945 29 28 pä

177 972 176 23 förhällandenas
369 975 138 27 utveckling
501 968 10 39 i
519 975 59 21 detta
589 975 121 21 hänseeude
722 976 5 19 i
739 975 49 21 hela
802 975 94 27 Europa.
921 974 84 28 Frägan

179 1009 33 13 om
228 1003 106 26 gvinnans
351 1004 88 20 rösträtt
454 1004 5 20 i
476 1003 69 28 öfriga
561 1003 146 22 kulturländer
723 1004 95 20 kommer
833 1003 71 21 säkert
915 1006 32 18 att
957 1003 51 21 här-

177 1030 48 21 utaf
248 1032 51 19 röna
321 1032 102 27 antingen
448 1032 114 21 befordran
584 1032 52 21 eller
658 1032 72 21 skada.
761 1031 156 22 Medvetandet
932 1031 73 21 härom

178 1059 53 20 skall
249 1059 6 20 i
271 1059 32 21 sin
327 1059 47 21 män
393 1060 87 28 bidraga
502 1061 31 20 till
549 1064 32 17 att
603 1061 69 20 denna
695 1062 89 19 rösträtt
806 1061 54 20 skall
881 1060 27 21 bli
932 1060 27 28 pä
974 1063 31 18 ett

177 1087 116 28 förnuftigt
309 1087 41 22 och
366 1088 85 28 värdigt
465 1091 43 19 sätt
524 1089 117 28 begagnad.

246 1115 66 22 Hvad
336 1124 27 13 nu
386 1118 5 19 i
412 1118 66 27 öfrigt
501 1117 100 22 beträffar
624 1118 36 21 det
682 1117 148 28 föreliggande
854 1117 153 26 betänkandet,

176 1146 23 19 är
219 1144 32 21 till
275 1145 116 21 detsamma
415 1145 75 28 fogadt
512 1147 161 25 reservationer,
688 1146 23 21 af
733 1146 73 21 hvilka
828 1147 35 26 jag
884 1146 122 28 principielt

176 1173 36 20 vill
230 1173 75 21 beröra
329 1174 76 21 endast
427 1178 85 18 tvenne.
542 1175 47 21 Den
613 1182 38 13 ena
667 1175 67 28 gäller
750 1182 25 13 en
792 1175 105 27 sänkning
912 1175 23 20 af
949 1176 55 19 röst-

176 1201 128 22 rättsåldern
327 1201 47 22 från
391 1203 28 20 24
434 1203 31 20 till
481 1204 26 20 21
524 1203 29 26 år,
569 1203 40 21 den
634 1203 66 21 andra
716 1211 26 13 en
765 1203 133 28 ombildning
920 1203 23 21 af
958 1203 47 20 val-

176 1230 167 28 kretssystemet.
368 1231 63 21 Hvad
448 1239 27 14 nu
491 1232 40 21 den
545 1232 66 21 första
623 1231 105 27 beträffar,
739 1231 61 22 torde
811 1231 37 22 det
859 1239 51 14 vara
920 1231 84 21 mindre

175 1259 122 28 väsentligt,
313 1259 53 21 hvar
389 1259 162 28 åldersgränsen
575 1261 72 28 lägges
671 1261 77 20 mellan
764 1261 27 20 21
808 1260 41 21 och
864 1261 27 20 30
907 1259 32 27 år;
954 1260 50 21 huf-

175 1287 112 21 vudsaken
303 1289 29 24 är,
347 1291 32 18 att
394 1288 41 21 den
452 1290 22 19 är
489 1289 43 21 lika
548 1289 34 21 för
597 1289 41 21 alla
654 1289 87 21 klasser.
764 1289 48 21 Den
828 1289 174 27 olägenhet,som

173 1323 63 14 anses
260 1315 89 29 härflyta
373 1317 67 27 deraf,
456 1321 31 17 att
510 1325 26 13 en
553 1317 34 21 del
611 1318 89 25 valmän,
723 1325 45 13 som
792 1317 65 22 hafva
880 1320 32 19 att
927 1317 75 22 utöfva

173 1345 95 25 rösträtt,
277 1345 100 28 möjligen
393 1345 34 22 för
442 1349 30 18 ett
485 1346 34 21 val
530 1346 69 21 skulle
611 1346 66 21 blifva
689 1345 139 22 förhindrade
839 1349 31 18 att
880 1345 75 22 utöfva
968 1347 32 20 sin

173 1374 96 24 rösträtt,
279 1375 24 18 är
313 1373 24 21 så
352 1373 51 22 liten
421 1374 39 21 och
476 1374 123 21 försvinner
615 1375 55 20 inom
687 1378 31 17 tre
734 1374 29 25 år,
778 1374 24 21 så
817 1377 31 18 att
863 1374 71 27 någon
950 1375 53 20 hän-

173 1408 39 21 syn
229 1401 71 21 dertill
324 1402 47 21 icke
387 1402 67 22 borde
469 1406 67 25 tagas.
566 1403 140 21 Annorlunda
723 1405 23 19 är
762 1403 36 21 det
814 1403 47 20 med
878 1403 40 20 den
935 1403 66 20 andra

172 1431 168 25 reservationen,
356 1431 86 21 hvilken
466 1431 37 21 har
518 1439 26 14 en
561 1433 67 20 större
644 1431 112 28 principiel
774 1431 95 21 bärvidd.
900 1431 42 21 För
958 1431 46 27 mig

172 1459 63 26 utgör
258 1458 37 21 det
310 1460 152 27 väsentligaste
485 1461 31 20 uti
533 1460 36 21 det
592 1468 28 13 nu
636 1460 148 28 föreliggande
804 1460 108 28 förslaget,
926 1459 14 22 å
961 1467 40 13 ena

171 1487 61 20 sidan
251 1487 231 29 enkammarsystemet,
497 1489 82 21 hvilket
595 1491 23 18 är
637 1490 2 19 i
656 1489 76 28 många
748 1489 116 20 afseenden
882 1489 72 27 farligt
968 1488 33 21 till
