1081 1742
326 124 150 21 Laglighetens
489 123 158 19 återställande.
858 116 40 21 461

145 191 42 29 Jag
203 191 96 22 anhåller
313 192 116 21 emellertid
447 195 30 19 att
493 192 22 21 få
529 196 57 24 yttra
602 193 43 27 mig
661 193 5 20 i
683 192 73 21 saken.

145 220 42 28 Jag
212 222 39 26 gör
273 220 37 21 det
333 220 48 22 icke
397 220 48 22 med
462 222 116 27 angenäma
594 220 92 26 känslor,
701 223 23 26 ty
740 220 36 21 det
791 220 39 21 har
844 219 56 21 fallit

76 249 28 27 på
120 249 42 21 min
186 249 41 21 lott
241 252 32 18 att
288 249 125 28 polemisera
429 253 57 18 emot
502 253 31 18 ett
549 249 141 26 betänkande,
705 256 45 14 som
766 248 71 28 utgått
852 248 47 21 från

76 277 133 21 Ständernas
225 277 134 28 Lagutskott,
380 278 84 22 hvilket
478 279 35 27 jag
535 278 48 28 sjelf
598 278 68 21 under
681 285 26 13 en
724 277 52 29 följd
793 277 23 21 af
831 276 69 22 landt-

76 306 68 27 dagar
166 306 38 21 har
227 306 86 26 tillhört,
328 306 41 22 och
384 306 83 22 hvilket
482 307 83 21 utskott
580 306 66 22 också
662 306 36 22 vid
714 306 70 21 denna
799 305 102 28 landtdag

76 334 58 21 inom
150 336 33 26 sig
199 335 76 21 räknar
290 334 142 27 medlemmar,
443 335 84 21 hvilkas
543 335 128 21 rättskänsla
687 334 40 22 och
743 333 158 23 fosterländska

76 364 62 20 sinne
160 364 36 27 jag
215 363 40 21 lärt
270 364 43 27 mig
328 363 75 21 känna.
434 363 121 29 Uppgiften
572 364 40 21 blir
626 364 48 21 icke
690 365 140 26 angenämare
846 362 55 21 deri-

76 395 126 24 genom,
171 386 38 39 att
216 392 55 21 hvad
287 392 36 28 jag
338 392 95 21 kommer
448 396 31 18 att
494 394 51 26 säga
561 392 42 21 kan
619 392 22 21 få
657 392 37 21 det
709 391 111 22 utseendet
831 390 69 22 såsom

78 428 35 13 om
136 421 35 27 jag
194 420 50 21 ville
265 420 97 22 försvara
378 421 205 26 missförhållanden,
599 421 48 21 dem
663 420 113 22 Utskottet
791 420 47 21 med
855 420 46 20 skäl

79 450 104 26 angriper.
212 448 42 29 Jag
269 449 82 28 hoppas
373 449 56 22 dock
453 453 30 18 att
506 450 37 21 det
565 450 54 21 skall
642 449 83 28 framgå
743 449 23 21 af
787 448 57 22 hvad
867 448 35 28 jag

77 476 97 22 kemmer
196 480 32 18 att
249 480 62 26 yttra,
332 481 31 18 att
386 478 151 28 lagstridighet
559 478 22 22 af
604 479 43 27 mig
667 478 74 28 ogillas
756 478 50 20 fullt
820 480 24 18 ut
859 476 43 22 lika

77 507 85 27 strängt
184 514 45 14 som
245 506 23 21 af
284 506 157 28 Lagutskottet.
473 507 51 21 Men
541 506 144 22 förhållandet
700 508 23 20 är
738 505 117 23 emellertid
871 508 31 18 att

77 534 61 21 detta
161 534 142 27 betänkande,
325 535 89 21 oaktadt
429 536 38 20 allt
485 536 58 21 hvad
559 536 41 21 den
616 536 63 20 ärade
695 535 73 25 talare,
782 542 46 14 som
844 534 55 21 först

79 563 55 21 hade
157 564 61 20 ordet
240 564 6 20 i
269 563 70 21 denna
362 564 67 28 fråga,
445 567 67 25 yttrat
535 572 34 14 om
588 564 119 22 samarbete
723 564 40 21 och
780 562 122 22 förtroende

78 592 77 20 mellan
176 593 97 27 regering
289 592 40 22 och
344 594 175 26 representation,
535 593 55 21 dock
607 592 117 22 innehåller
739 592 43 28 det!
791 592 111 28 skarpaste

78 620 108 28 ogillande
211 628 47 14 man
281 621 34 21 väl
337 628 66 21 gerna
419 621 41 21 kan
481 622 65 21 tänka
562 622 23 21 af
600 621 41 21 den
658 622 123 20 nuvarande
797 620 105 22 Senatens

77 648 135 29 ståndpunkt
231 650 5 20 i
261 649 26 21 de
303 650 76 28 frågor,
395 657 44 14 som
456 650 38 22 här
510 650 92 22 beröras.
633 649 151 22 Betänkandet
798 650 24 20 är
837 648 65 22 också

79 677 131 29 fullkomligt
231 678 59 26 olikt,
312 678 71 22 såvidt
405 679 35 28 jag
464 679 41 21 kan
525 679 62 26 finna,
603 678 56 22 hvad
676 678 58 21 förut
750 678 89 21 kommit
854 676 48 22 från

79 705 158 29 Lagutskottet,
257 708 2 20 i
282 706 37 22 det
341 710 31 18 att
387 707 119 22 detsamma
522 708 47 21 icke
585 708 38 20 bär
639 708 67 20 vittne
722 714 34 14 om
772 706 41 22 den
825 713 77 21 mogna

80 734 64 22 kritik
168 735 41 21 och
231 736 40 20 den
289 736 64 27 lugna
369 736 142 28 objektivitet,
527 744 46 14 som
589 744 48 13 man
654 735 47 21 med
718 735 46 21 skäl
780 735 40 21 kan
837 736 65 20 vänta

78 762 26 22 af
119 766 31 18 ett
165 764 68 28 dylikt
248 764 89 22 utskott.

150 792 34 21 Då
200 793 33 27 jag
247 800 28 14 nu
291 792 83 22 således
389 793 40 28 går
443 797 32 17 att
485 794 92 27 granska
586 793 162 28 Lagutskottets
760 791 142 22 förevarande

78 819 144 28 betänkande,
237 821 37 21 vill
289 822 36 28 jag
339 822 48 21 icke
404 823 5 19 i
425 822 60 21 detta
501 822 152 27 sammanhang
667 824 57 26 yttra
740 822 43 27 rig
798 828 33 14 om
847 820 55 21 hvad

80 848 114 22 Utskottet
218 850 26 28 pä
267 850 60 21 sidan
343 851 13 20 2
371 854 14 17 t.
401 858 19 13 o.
436 858 27 13 m.
478 851 14 21 5
507 850 76 21 uttalat
599 850 110 27 angående
724 849 130 28 rättigheten
870 848 34 21 för

78 876 124 23 Ständerna
224 881 31 18 att
273 879 36 20 vid
324 879 76 21 urtima
416 879 104 28 landtdag
535 878 106 22 behandla
657 886 26 13 en
698 877 62 28 fräga
776 877 66 22 sädan
858 885 45 13 som

79 905 77 22 denna.
185 906 12 21 1
213 906 40 22 den
269 907 95 28 följande
380 907 184 28 framställningen
581 907 47 21 frän
644 907 60 21 sidan
721 908 12 20 5
748 907 33 20 til!
796 906 41 21 och
856 905 48 22 med

78 933 62 22 sidan
158 936 26 20 14
200 935 127 22 framställer
342 935 112 22 Utskottet
469 936 27 21 de
512 938 128 24 rättssatser,
651 935 71 22 hvilka
734 935 88 21 hänföra
830 935 33 27 sig
872 934 31 21 till

78 963 111 22 embetens
208 964 40 21 och
263 965 99 27 tjensters
379 965 128 21 besättande
523 966 5 20 i
544 964 79 27 landet,
639 964 111 21 äfvensom
766 964 62 27 ryska
845 963 58 26 sprä-

80 991 48 22 kets
148 993 137 28 användning
303 993 56 21 inom
376 994 56 20 vissa
448 993 136 22 förvaltande
601 993 51 21 verk
669 993 5 20 i
691 992 212 22 Storfurstendömet.

82 1019 138 24 Beträffande
243 1021 69 22 denna
335 1021 34 22 del
393 1022 23 21 af
438 1022 148 21 betänkandet
602 1021 36 22 vill
654 1022 35 27 jag
704 1021 47 22 icke
766 1022 52 27 göra
834 1020 69 28 nägon

81 1049 147 29 anmärkning.
258 1050 65 21 Hvad
345 1050 38 21 här
405 1052 62 26 säges
491 1052 22 19 är
536 1051 67 27 enligt
621 1051 42 20 min
679 1050 64 21 tanke
758 1050 8 21 i
781 1048 122 22 hufvudsak

80 1077 82 28 riktigt,
185 1086 46 13 men
253 1079 36 20 det
304 1080 23 19 är
342 1079 66 21 ocksä
423 1079 89 21 allmänt
528 1079 73 26 kändt,
616 1079 24 21 sä
655 1082 31 17 att
702 1086 24 13 en
742 1078 66 21 sädan
832 1077 72 21 utred-

82 1106 52 27 ning
149 1106 106 29 knappast
269 1107 55 22 hade
341 1109 54 20 varit
411 1107 103 29 behöflig.
544 1107 72 28 Följer
629 1107 23 22 sä
668 1107 27 28 pä
710 1107 39 21 sid.
761 1107 26 21 15
803 1106 41 21 och
860 1106 44 28 följ.

81 1141 27 14 en
126 1136 96 21 närmare
237 1137 135 27 motivering,
388 1136 102 21 hurusom
507 1136 26 21 de
549 1136 155 26 förhällanden,
720 1143 44 14 som
781 1135 38 21 här
835 1134 69 22 blifvit

83 1163 95 27 berörda,
194 1164 68 21 mäste
283 1172 62 14 anses
361 1165 126 28 lagstridiga
503 1165 40 21 och
560 1165 84 28 päkalla
660 1163 182 29 undanrödjande.
874 1163 30 21 Af

81 1191 71 22 denna
169 1193 154 28 framställning
339 1193 118 22 behandlar
472 1201 47 21 pag.
536 1195 31 26 15
577 1197 14 17 t.
608 1201 18 14 o.
642 1201 27 13 m.
685 1194 25 20 19
726 1194 63 27 ryska
805 1192 98 28 spräkets

80 1220 102 29 ställning
198 1222 6 20 i
220 1222 162 21 embetsverken
399 1223 6 20 i
421 1222 101 21 Finland.
552 1222 74 21 Äfven
643 1221 131 22 beträffande
790 1221 71 21 denna
869 1220 34 21 del

81 1248 23 21 af
120 1249 145 22 betänkandet
280 1251 37 20 vill
331 1251 36 28 jag
383 1251 148 21 öfverhufvud
547 1251 48 21 icke
610 1253 57 26 yttra
678 1251 48 27 mig,
738 1249 88 22 emedan
838 1249 66 21 saken

80 1278 36 20 rör
131 1277 83 22 landets
229 1278 88 29 styrelse
333 1280 5 20 i
355 1279 94 28 egentlig
465 1280 93 27 mening,
573 1278 295 29 Ekonomiedepartementet,
883 1278 21 20 af

80 1305 64 22 hvars
167 1307 136 22 medlemmar
317 1307 65 28 några
397 1308 39 21 här
451 1309 38 20 äro
503 1308 106 21 tillstädes
625 1307 40 22 och
681 1307 65 22 hafva
761 1308 67 20 större
845 1307 59 20 kom-

80 1337 76 25 petens
172 1337 27 20 än
214 1336 35 28 jag
264 1340 32 17 att
310 1336 71 21 härom
397 1337 68 20 uttala
481 1337 40 28 sig.
550 1336 84 21 Endast
648 1336 57 21 hvad
721 1336 111 21 Utskottet
842 1336 62 27 säger

80 1362 28 29 pä
131 1363 87 22 sidorna
241 1365 26 21 18
283 1365 40 21 och
339 1365 27 21 19
382 1365 34 21 mä
431 1366 36 27 jag
483 1365 48 21 med
547 1365 66 28 nägra
629 1365 38 21 ord
684 1364 80 22 beröra.
794 1363 32 22 Pä
841 1363 63 22 dessa

80 1391 60 22 sidor
155 1392 53 22 talar
225 1393 110 22 Utskottet
351 1401 33 13 om
400 1393 42 22 den
459 1397 86 18 senaste
555 1393 153 28 förordningen
720 1392 109 29 angäende
840 1391 64 29 ryska

80 1420 94 28 spräket,
191 1421 87 22 hvilken
303 1429 44 14 som
368 1422 80 21 bekant
463 1422 127 21 utfärdades
606 1421 41 22 den
664 1422 13 21 3
693 1420 144 23 innevarande
853 1419 51 29 Maj.

103 1456 55 14 enna
182 1449 155 30 framställning
359 1452 24 19 är
405 1450 74 27 sädan,
495 1454 32 18 att
549 1450 41 21 den
614 1450 65 22 väckt
702 1451 42 20 min
767 1451 78 20 största
861 1449 43 20 för-

80 1477 86 28 våning.
191 1478 52 21 Icke
259 1482 30 18 ett
305 1478 37 22 ord
359 1479 22 21 af
397 1479 138 22 erkännande
551 1479 22 21 åt
588 1479 104 21 Senatens
708 1477 196 28 Ekonomiedepar-

79 1508 88 24 tement,
182 1506 23 22 ät
224 1507 36 21 det
281 1511 57 18 stora
353 1507 97 26 resultat,
458 1515 46 14 som
521 1507 291 29 Ekonomiedepartementet
826 1513 77 21 genom
