1081 1742
183 85 41 21 326
447 92 25 16 R.
484 96 19 12 o.
515 92 25 16 A.
553 92 60 17 1906.
637 92 25 17 18
674 92 49 20 Maj.

186 160 56 20 mina
260 158 171 30 betänkligheter
446 163 58 18 emot
519 168 26 13 en
562 160 112 28 tvägrenig
690 160 126 28 utmynning
831 159 23 21 af
869 159 70 21 denna
955 159 54 20 bana

184 187 42 22 och
242 188 70 21 skulle
327 188 68 22 under
410 188 81 22 sädana
506 188 151 22 förhällanden
668 188 48 22 med
730 188 187 21 tillfredsställelse
928 190 81 19 emotse

184 216 42 21 den
243 216 134 29 inbjudning,
392 224 52 19 som,
459 217 56 21 efter
529 217 58 21 hvad
603 217 36 21 det
655 217 109 28 förljudes,
780 224 51 14 vore
844 219 32 19 att
886 218 65 20 vänta
962 215 47 21 frän

183 244 189 28 Borgareständet.
402 246 125 21 Emellertid
541 246 41 21 och
595 246 34 21 för
639 246 110 21 säkerhets
761 245 55 21 skull
827 252 51 14 vore
889 246 34 28 jag
934 245 75 21 främst

186 272 97 23 benägen
306 277 31 18 att
360 274 131 22 understöda
513 274 35 22 Hr
571 282 41 14 von
628 274 96 28 Wrights
747 274 81 28 förslag
843 282 34 13 om
893 277 30 17 ett
939 273 71 22 beslut

183 301 48 21 frän
242 281 33 42 R.
290 310 18 13 o.
325 303 38 21 A:s
379 303 46 21 sida
441 304 5 20 i
463 303 41 21 den
527 303 101 28 riktning,
644 306 31 18 att
697 303 75 28 frågan
789 310 33 14 om
839 302 40 22 den
896 302 114 28 Sydöster-

184 330 112 22 bottniska
318 332 69 20 banan
404 333 6 19 i
427 333 62 27 ingen
513 332 102 21 händelse
639 332 37 21 vid
691 332 71 20 denna
777 331 103 28 landtdag
895 331 56 27 finge
966 330 43 21 för-

184 358 57 22 falla.
272 360 44 20 Det
339 368 39 13 ena
401 360 68 22 skulle
484 362 22 26 ju
522 360 39 22 alls
577 360 48 22 icke
641 360 92 22 utesluta
749 360 37 21 det
801 360 73 26 andra,
889 360 70 21 såsom
976 358 34 22 Hr

184 395 43 13 von
242 388 87 28 Wright
337 388 66 22 redan
412 389 122 21 framhållit.
564 389 11 21 I
592 389 74 28 frågan
683 396 33 14 om
728 388 113 29 anslagens
853 387 156 30 disponerande

182 417 24 20 är
221 417 37 27 jag
274 417 59 28 villig
348 420 31 18 att
395 418 130 21 understöda
541 418 58 21 Frih.
615 425 42 14 von
673 418 101 21 Alfthans
790 418 87 27 förslag.

252 485 35 21 Hr
302 485 236 23 Wallensköld:
566 486 35 22 Dä
616 486 38 22 här
669 486 116 28 föreligger
800 489 31 18 ett
845 486 163 28 sammanjemk-

184 514 151 28 ningsförslag,
352 514 83 22 hvilket
450 516 6 20 i
471 515 42 21 den
536 516 75 28 punkt,
626 515 88 21 hvarom
735 523 28 13 nu
779 517 23 19 är
816 515 67 27 fräga,
898 515 110 21 öfverens-

183 544 102 20 stämmer
300 543 47 21 med
363 543 37 22 det
416 544 70 21 beslut
500 544 26 21 R.
543 552 18 13 o.
577 545 27 20 A.
620 544 90 28 tidigare
726 544 69 26 fattat,
811 544 25 21 sä
851 544 110 21 förefaller
972 544 36 20 det

183 572 49 27 mig,
248 578 45 14 som
310 579 34 13 om
360 572 37 21 det
412 572 123 28 Höglofliga
551 572 91 22 Ständet
658 573 47 21 icke
721 573 41 21 kan
778 574 52 26 göra
843 575 64 18 annat
918 574 26 19 än
956 576 50 17 utan

183 600 75 21 vidare
279 600 115 28 godkänna
417 601 327 29 sammanjemkningsförslaget,
761 604 51 18 utan
836 604 31 18 att
889 601 117 21 framställa

182 628 66 28 några
272 636 40 20 nya
335 629 82 29 förslag
432 630 23 21 af
469 638 26 13 en
511 630 52 21 eller
587 638 70 13 annan
683 634 37 17 art.
750 630 44 21 Det
809 632 24 19 är
848 630 75 21 endast
939 633 30 17 ett
985 630 22 20 af

182 657 28 21 de
225 657 75 28 gjorda
323 658 114 28 förslagen,
453 666 44 14 som
521 659 65 28 enligt
607 660 43 20 min
666 658 54 28 äsigt
737 658 114 28 lämpligen
867 658 71 22 kunde
954 666 53 19 upp-

182 688 60 25 tagas
262 686 35 20 vid
313 686 59 22 detta
387 687 90 26 tillfälle,
493 687 40 21 och
549 687 36 21 det
600 689 23 19 är
639 690 30 18 att
689 688 26 20 R.
731 694 18 14 o.
766 688 32 26 A.,
814 687 27 21 dä
857 687 36 21 det
907 688 22 27 ju
941 694 21 14 n
975 666 31 42 |

182 716 24 19 är
221 714 80 22 bekant
317 715 53 21 huru
387 716 26 21 de
433 716 66 21 andra
519 716 91 21 ständen
632 716 86 21 beslutit
735 717 6 19 i
757 716 69 20 denna
843 716 67 28 fräga,
925 716 34 20 för
975 719 32 17 att

182 742 146 28 ävägabringa
351 744 129 22 ätminstone
503 748 32 18 tre
558 744 74 22 ständs
654 745 70 21 beslut
744 744 133 22 beträffande
893 744 114 28 Sydöster-

181 770 112 23 bottniska
310 772 73 26 banan,
394 773 98 28 inbjuder
510 773 105 28 Borgare-
631 774 40 21 och
686 773 175 26 Bondeständen,
877 773 73 21 hvilka
965 773 42 21 fat-

181 802 33 19 tat
229 800 117 22 afvikande
363 802 69 20 beslut
448 803 5 19 i
470 802 81 28 frågan,
566 805 31 18 att
613 802 74 21 förena
702 803 33 27 sig
751 809 33 13 om
793 802 26 20 R.
827 802 40 20 och
881 802 38 20 A:s
932 802 74 20 beslut.

180 828 13 21 I
209 828 71 22 denna
295 830 69 27 punkt
380 830 69 21 skulle
464 831 35 27 jag
509 830 84 22 således
603 830 74 22 förena
688 832 43 26 mig
742 830 48 21 med
802 830 34 21 Hr
849 830 157 28 Björkenheim.

250 903 36 21 Hr
301 904 56 27 Aug.
372 903 141 29 Ramsay:
529 905 157 20 Diskussionen
703 905 5 20 i
725 904 42 28 dag
782 904 38 21 har
838 905 85 27 mycket
939 905 68 20 starkt

180 931 118 28 päverkats
320 932 46 21 dels
389 933 68 26 deraf,
473 936 30 18 att
519 933 26 21 de
562 933 70 28 öfriga
651 933 102 21 ständens
774 933 71 21 beslut
861 934 55 20 varit
932 933 72 26 kändt,

180 960 48 21 dels
244 960 62 21 deraf
322 964 31 17 att
368 969 49 13 man
433 965 52 18 trott
501 963 32 26 sig
549 962 70 21 känna
635 961 56 22 hvad
707 969 45 14 som
769 962 95 20 kommer
879 964 31 18 att
921 961 38 22 ske
969 969 37 13 an-

181 988 85 27 gäende
280 989 65 28 nägra
361 990 92 27 punkter
469 991 29 20 uti
515 990 122 22 Utskottets
653 990 85 27 förslag.
768 990 42 27 Jag
825 993 44 18 tror
885 991 20 20 vi
922 990 84 21 komma

180 1016 49 21 från
254 1019 42 19 rätt
318 1017 56 28 spår,
389 1026 35 13 om
439 1019 22 21 vi
476 1019 33 21 för
525 1019 86 28 mycket
626 1022 49 24 taga
691 1019 84 28 intryck
792 1019 22 20 af
829 1018 56 21 hvad
902 1026 45 13 som
963 1018 44 21 mä-

180 1045 73 21 hända
269 1046 96 21 kommer
381 1050 31 18 att
427 1047 38 21 ske
482 1049 57 20 inom
555 1047 65 28 nägot
635 1047 23 21 af
673 1047 148 26 medständen,
830 1047 41 21 och
881 1050 32 18 att
924 1048 19 20 vi
955 1049 51 26 göra

180 1075 76 20 tättast
279 1074 41 21 och
343 1075 86 22 klokast
452 1077 29 20 uti
505 1079 31 18 att
559 1076 44 21 helt
622 1076 73 21 enkelt
709 1075 57 22 hälla
781 1083 35 14 oss
832 1076 32 20 till
883 1075 122 22 Utskottets

180 1103 303 29 eammanjemkningsförslag
505 1107 55 18 samt
583 1105 68 28 punkt
674 1104 33 21 för
731 1104 68 28 punkt
820 1104 105 21 behandla
941 1104 65 26 detta,

180 1131 71 20 räsom
274 1139 33 13 om
331 1133 20 19 vi
373 1133 48 20 icke
444 1133 54 21 hade
521 1133 50 21 reda
595 1133 27 28 pä
645 1133 118 27 nägonting
785 1136 65 17 annat
868 1135 25 18 än
910 1133 56 20 hvad
984 1133 20 20 vi

178 1159 80 28 sjelfva
274 1160 73 21 önska.
377 1161 33 21 Pä
425 1161 37 22 det
477 1163 64 20 sättet
564 1162 85 21 komma
665 1163 21 19 vi
702 1161 32 21 till
750 1161 37 21 det
802 1161 95 21 säkraste
913 1161 91 21 resulta-

179 1191 34 17 set
228 1188 41 21 och
285 1189 31 20 till
333 1189 41 21 den
390 1190 95 21 säkraste
509 1190 64 21 basen
596 1190 35 21 för
646 1197 25 14 en
688 1198 27 19 ny
731 1190 212 27 sammanjemkning.
971 1189 35 28 Ty

179 1223 26 14 sn
221 1216 67 21 sädan
306 1217 39 21 blir
361 1218 162 29 otvifvelaktigt
538 1220 5 19 i
560 1219 70 27 nägon
654 1219 68 27 punkt
738 1218 128 28 nödvändig.
897 1218 108 21 Personli-

179 1252 41 20 gen
237 1247 24 18 är
276 1246 35 27 jag
327 1246 91 21 tilltalad
435 1247 22 21 af
472 1247 108 28 förslaget,
595 1251 32 17 att
649 1247 188 28 anslagsbeloppet
857 1247 69 20 skulle
949 1254 56 13 sam-

180 1273 117 21 manfattas
314 1275 6 20 i
337 1282 25 13 en
379 1275 55 21 enda
457 1279 54 24 post,
527 1283 48 14 men
593 1277 36 27 jag
644 1281 43 15 tror
703 1275 38 22 det
756 1277 23 19 är
804 1277 24 19 för
843 1278 48 18 sent
905 1278 32 18 att
952 1283 54 20 upp-

178 1304 51 25 taga
252 1302 70 21 denna
345 1303 68 28 fråga.
443 1304 66 21 Detta
525 1305 68 20 skulle
609 1305 84 20 komma
709 1307 32 18 att
756 1304 109 21 betraktas
881 1303 70 22 såsom
967 1304 38 21 nä-

178 1330 104 28 gonslags
302 1331 123 29 slingerväg
448 1333 46 20 frän
510 1333 26 21 R.
552 1340 18 14 o.
585 1334 39 20 A:s
640 1332 46 22 sida
702 1332 35 21 för
752 1335 31 18 att
799 1332 96 21 försvära
912 1332 93 21 beslutet

179 1366 35 13 om
230 1359 28 20 de
274 1359 243 30 banbyggnadsförslag,
532 1369 44 13 som
600 1369 28 13 nu
651 1362 56 27 ligga
723 1361 67 21 andra
808 1361 63 20 ständ
887 1365 69 17 varmt
971 1369 35 13 om

179 1387 85 28 hjertat.
293 1387 42 28 Jag
350 1392 45 18 tror
410 1390 48 21 icke
473 1390 66 21 heller
554 1393 31 18 att
601 1390 26 21 de
643 1389 143 28 olägenheter,
802 1397 45 13 som
863 1389 69 21 skulle
951 1397 54 20 upp-

179 1415 35 22 stä
229 1416 24 21 af
268 1419 31 18 att
322 1417 163 29 anslagsposten
510 1419 71 20 blefve
605 1417 104 27 fördelad,
732 1425 51 14 vore
806 1417 24 22 sä
853 1421 63 22 stora,
931 1421 31 17 att
978 1417 27 21 de

179 1444 73 21 skulle
275 1445 140 28 omöjliggöra
430 1449 31 18 ett
477 1447 69 20 beslut
561 1448 6 19 i
584 1447 93 28 enlighet
694 1446 48 21 med
760 1446 123 22 Utskottets
900 1453 106 14 samman-

178 1473 211 30 jemkningsförslag.
420 1475 41 21 För
476 1478 31 18 att
523 1475 83 22 komma
621 1475 31 21 till
669 1475 62 21 säker
748 1475 37 20 bas
796 1475 34 20 för
840 1474 165 29 sammanjemk-
