1086 1736
298 113 176 20 Helsningstalen
486 113 33 16 till
531 111 148 18 medstånden.
874 106 25 20 17

141 181 47 28 Nyt
203 183 122 18 saavutettu
341 188 71 13 asema
428 188 28 13 on
472 181 120 21 tosiaankin
602 181 111 28 pidettävä
722 179 179 22 käännekohtana

73 208 94 22 Suomen
184 209 81 20 kansan
282 209 108 21 elämässä.
418 209 56 20 Mitä
490 209 120 21 viimeisinä
625 209 99 21 raskaina
740 209 89 21 vuosina
845 215 56 14 mur-

74 239 74 20 rettiin
170 238 20 27 ja
210 237 106 28 poljettiin
330 238 21 27 ja
366 237 156 28 laiminlyötiin,
538 245 26 14 on
580 237 114 22 uudelleen
710 237 154 22 rakennettava
880 237 20 28 ja

73 266 141 21 kehitettävä.
229 265 76 28 Työtä,
320 269 154 25 uupumatonta
489 266 112 21 innokasta
613 267 61 27 työtä
685 266 114 21 vaaditaan
810 266 92 21 lainsää-

71 294 96 26 dännön,
181 294 110 21 hallinnon
306 295 20 27 ja
341 294 150 21 taloudellisen
507 295 117 21 toiminnan
641 294 68 22 alalle.
730 294 75 22 Tähän
821 293 79 29 työhön

73 322 117 22 kutsutaan
212 322 66 22 kansa
302 322 230 28 kokonaisuudessaan,
553 323 72 26 kansa,
639 323 51 28 joka
706 323 194 27 vastoinkäymisen

72 352 88 28 päivinä
176 358 27 14 on
219 351 133 21 karaistunut
366 352 20 28 ja
402 351 106 29 herännyt
522 354 124 19 tuntemaan
662 352 132 21 oikeutensa.
817 352 85 21 Itsetie-

74 380 84 21 toisena
175 380 35 21 luo
225 381 57 19 tämä
297 380 67 21 kansa
380 380 101 21 silmänsä
496 380 153 22 tulevaisuutta
664 380 66 26 kohti,
741 380 89 28 pyrkien
842 387 60 14 muo-

72 408 127 22 dostamaan
215 408 126 22 kohtalonsa
357 409 126 21 luonteensa
499 409 131 21 mukaisesti.
646 408 150 22 Luonnollista
812 416 34 18 on,
858 410 43 20 että

73 444 24 14 se
121 437 155 26 lainsäädäntö,
297 437 64 28 jonka
384 438 74 20 kautta
481 439 57 19 tämä
561 438 133 21 tulevaisuus
709 438 143 28 järjestetään,
867 444 35 18 on,

75 468 155 26 vapautettuna
238 466 88 21 luokka-
332 466 21 28 ja
359 466 201 28 säätyoikeuksista,
569 469 92 25 pantava
672 466 56 21 koko
738 466 80 21 kansan
826 466 76 21 käsiin.

144 494 98 21 Olemme
258 498 38 23 nyt
312 495 98 21 kutsutut
425 494 122 22 laskemaan
564 495 164 28 perustuskiveä
743 495 50 21 tälle
812 494 90 22 tulevai-

73 522 85 22 suuden
174 523 168 21 rakennukselle.
367 524 90 27 Täynnä
473 524 152 20 edesvastuuta
641 531 27 13 on
684 526 56 18 tämä
756 525 99 27 työmme,
866 524 36 20 sii-

74 551 41 21 hen
139 551 105 29 kysytään
264 552 89 21 tarkkaa
368 553 48 27 ajan
432 552 141 21 vaatimusten
591 553 94 27 tajuntaa
700 553 21 27 ja
736 553 119 27 esiytyvien
872 552 29 20 eri

76 579 154 29 mielipiteiden
254 582 74 26 tyyntä
351 581 127 20 arvostelua.
507 580 109 22 Päämaali
631 588 28 13 on
674 581 65 21 selvä.
770 580 28 22 Se
814 587 27 14 on
857 580 46 21 kai-

75 608 51 21 kille
142 615 58 14 sama
216 609 107 21 isänmaan
340 610 56 20 onni.

146 637 164 22 Vakuutettuna
325 638 55 26 siitä,
396 639 44 20 että
455 639 73 26 työssä
543 639 72 20 tämän
632 637 118 29 päämaalin
762 637 140 22 saavuttami-

74 665 59 21 seksi
149 673 57 14 sama
222 667 63 20 avoin
301 667 114 20 luottamus
431 667 51 20 kuin
499 667 106 20 ennenkin
626 674 27 13 on
665 666 113 21 vallitseva
786 666 117 28 Talonpoi-

76 694 128 28 kaissäädyn
219 695 21 27 ja
249 694 117 21 Ritariston
375 696 20 27 ja
404 695 87 21 Aatelin
501 695 78 26 välillä,
587 695 114 21 sulkeutuu
714 695 104 21 Ritaristo
830 695 20 28 ja
859 695 45 20 Aa-

75 723 38 20 teli
129 723 99 21 arvoisan
244 723 232 29 Talonpoikaissäädyn
486 724 116 28 jatkuvaan
613 725 141 27 ystävyyteen
765 724 20 28 ja
796 723 107 22 suosioon.

145 779 64 22 Efter
224 780 37 21 det
275 780 166 28 helsningstalen
458 781 103 28 upplästs,
575 780 86 29 yttrade

147 837 34 21 Hr
195 837 219 25 Landtmarskalken:
445 837 36 21 Då
496 838 47 21 icke
559 837 66 28 nägra
641 839 117 26 erinringar
769 837 48 22 med
829 837 74 21 anled-

76 866 53 27 viog
144 865 23 21 af
190 866 62 20 dessa
274 866 28 20 tal
319 866 71 20 blifvit
404 866 83 28 gjorda,
506 866 61 21 torde
583 867 32 20 till
631 867 131 27 protokollet
777 866 23 21 få
816 865 87 22 anteck-

77 902 44 16 nas,
137 896 33 19 att
184 894 27 20 de
228 894 72 21 blifvit
322 894 21 21 af
357 894 26 22 R.
400 902 18 14 o.
431 895 27 20 A.
472 894 48 22 med
536 894 159 28 godkännande
711 894 94 27 ähörda
794 890 10 37 ;
821 894 83 22 hvilket

77 922 48 21 med
143 922 113 28 klubbslag
272 922 142 22 bekräftades.

147 1065 35 21 Hr
196 1065 207 22 Landtmarskalken
422 1066 75 28 gjorde
513 1066 51 22 härä
579 1067 32 21 till
627 1066 92 22 Ständet
734 1066 96 29 följande
846 1066 60 21 med-

76 1094 118 21 delanden:
225 1094 66 21 Hvad
307 1094 36 21 det
357 1095 28 27 pä
401 1095 196 21 landtmarskalken
613 1095 157 21 ankommande
790 1096 52 20 talet
858 1095 47 21 vid-

78 1122 103 27 kommer,
201 1122 24 22 sä
248 1123 38 21 har
301 1123 36 21 det
351 1123 47 28 gätt
414 1123 24 21 sä
453 1131 45 13 som
514 1124 35 28 jag
565 1124 28 28 pä
608 1124 150 28 förmiddagen
775 1124 108 26 befarade,
899 1124 6 20 i

77 1154 24 46 v
117 1154 32 17 att
164 1151 37 20 det
216 1152 56 20 varit
287 1152 42 27 mig
345 1152 96 28 omöjligt
450 1155 31 18 att
490 1152 22 21 fä
528 1152 35 21 det
579 1152 86 27 färdigt.
694 1152 42 28 Jag
752 1153 106 27 beklagar,
875 1155 32 18 att

94 1182 44 18 etta
154 1179 48 22 icke
224 1180 84 28 lyckats
325 1181 47 27 mig,
387 1183 23 25 ty
426 1180 38 21 det
479 1181 56 20 hade
551 1181 104 20 särskildt
670 1183 55 19 varit
740 1181 35 21 för
790 1181 115 21 landtmar-

77 1207 91 22 skalken
184 1215 25 14 en
225 1209 106 27 trygghet,
346 1217 34 13 om
396 1209 92 21 Ständet
503 1209 43 21 fätt
561 1209 42 28 god
621 1209 31 21 tid
669 1213 31 17 att
715 1209 118 28 öfverväga
844 1209 60 21 detta

79 1237 81 27 vigtiga
182 1237 36 20 tal.
248 1237 52 21 Men
322 1245 33 14 om
372 1237 37 22 det
432 1237 125 28 Höglofliga
575 1237 92 22 Ständet
682 1238 37 21 vill
734 1241 50 25 taga
799 1239 6 20 i
821 1238 86 21 rättvist

80 1265 146 26 betraktande,
242 1268 32 18 att
289 1265 195 22 landtmarskalken
501 1266 127 21 utnämndes
644 1267 37 20 tvä
697 1267 65 28 dagar
778 1267 46 20 före
837 1266 70 21 landt-

78 1293 82 28 dagens
184 1294 73 28 början
281 1294 40 21 och
337 1297 31 18 att
383 1295 41 20 han
440 1295 93 21 anlände
551 1295 69 28 dagen
638 1295 55 21 efter
708 1296 160 27 utnämningen,
882 1294 25 21 sä

78 1321 62 21 torde
157 1321 37 22 det
209 1323 112 23 erkännas,
336 1326 31 18 att
382 1323 54 21 felet
450 1323 131 21 ätminstone
597 1324 48 21 icke
661 1324 136 21 uteslutande
813 1325 24 20 är
847 1323 59 27 hans,

78 1353 52 18 utan
147 1350 63 21 beror
225 1351 27 28 pä
265 1351 217 28 omständigheterna.
512 1351 43 28 Jag
570 1352 96 21 anhäller
682 1352 73 21 derför
770 1356 32 17 att
817 1352 23 21 fä
852 1359 55 21 upp-

79 1379 45 20 läsa
139 1379 59 21 detta
224 1380 91 21 svarstal
329 1380 72 21 först
397 1375 14 38 i
416 1388 88 20 morgon
514 1381 37 20 vid
560 1381 93 28 plenum,
660 1388 45 14 som
717 1381 111 28 begynner
836 1381 71 28 precis

80 1407 28 22 kl.
117 1408 25 20 11
159 1407 15 22 f.
190 1415 26 14 m.
242 1408 65 21 Hvad
323 1409 171 27 morgondagens
512 1409 154 28 förrättningar
675 1409 111 26 beträffar,
794 1409 24 22 sä
827 1409 37 21 ber
872 1409 35 28 jag

80 1438 33 18 att
127 1435 23 21 få
166 1437 69 20 erinra
258 1444 40 19 om,
315 1437 113 21 huruledes
444 1437 27 21 R.
487 1445 19 14 o.
523 1439 32 25 A.,
572 1437 55 21 efter
636 1441 31 17 att
675 1438 58 20 inför
744 1438 70 20 slutna
833 1437 75 21 dörrar

79 1464 66 21 hafva
158 1464 116 22 behandlat
298 1466 143 27 nyssnämnda
457 1465 68 29 fråga,
540 1466 38 21 har
594 1469 31 18 att
644 1469 69 18 motse
728 1465 181 29 helsningsdepu-

78 1493 93 21 tationer
186 1493 48 21 frän
251 1493 140 22 medständen
408 1494 47 26 och,
471 1495 6 20 i
494 1494 42 22 den
555 1494 54 29 följd
625 1494 64 22 dessa
705 1494 151 29 deputationer
870 1501 38 14 an-

829 1534 11 17 2
