1078 1736
171 101 28 20 73
445 109 24 17 R.
483 114 18 12 o.
513 110 26 17 A.
551 110 60 17 1906.
635 109 26 18 27
672 109 63 17 Febr.

236 312 141 35 Tisdagen
396 313 55 27 den
471 313 34 27 27
524 314 138 27 Februari
680 314 39 27 kl.
738 313 31 27 12
789 313 35 35 pä
842 314 98 35 dagen.

244 386 143 23 Meddelades
403 391 30 18 att
449 388 66 22 sedan
531 392 85 18 senaste
632 389 85 28 plenum
734 389 64 28 pollet
814 389 88 28 uttagits
917 389 34 21 för

503 458 82 27 Adliga
601 459 72 20 ätten:

176 512 42 21 N:o
234 514 48 21 235.
313 513 152 28 Schatelovitx,
477 515 22 21 af
515 515 66 22 fullm.
597 505 90 40 Friherre
699 515 50 21 Carl
757 514 66 22 Ernst
835 515 79 26 Wrede,
923 509 79 27 Öfver-

346 543 100 22 direktör.

529 670 119 23 Utskotten.

244 726 76 28 Enligt
344 734 25 14 en
394 726 46 22 frän
465 721 214 27 Ekonomiutskottet
698 728 105 27 ingängen
819 727 113 21 skrifvelse
948 726 56 22 hade

177 754 66 28 sagda
258 755 83 21 utskott
357 756 30 20 till
404 756 32 20 sin
453 756 130 21 ordförande
599 760 64 17 utsett
684 756 26 21 Hr
716 756 83 22 Viktor
832 763 34 14 von
877 755 126 28 Wright.

473 899 228 27 Spelkortsbevillning.

243 955 123 28 Föredrogs
387 955 254 29 Bevillningsutskottets
661 956 32 21 till
710 956 60 21 detta
785 956 84 28 plenum
887 955 116 28 bordlagda

175 983 135 22 betänkande
326 984 41 21 N:o
383 985 13 20 2
411 985 7 20 i
434 985 115 28 anledning
571 985 23 21 af
609 985 49 21 näd.
674 992 59 21 prop.
750 985 40 21 N:o
805 985 20 26 2,
840 984 110 28 angäende
966 984 36 21 be-

171 1012 92 28 villning
278 1012 34 21 för
327 1013 102 28 spelkort.

241 1069 32 21 Pä
290 1069 92 28 begäran
400 1069 109 22 lemnades
525 1070 61 21 ordet
601 1070 22 21 ät

246 1125 58 22 Frih.
342 1133 34 14 von
392 1126 139 27 Alfthan,
546 1134 45 14 som
607 1127 94 28 yttrade:
718 1126 44 21 Det
777 1126 68 21 måste
855 1127 23 28 ju
888 1126 117 21 betecknas

173 1153 73 21 säsom
272 1161 25 13 en
322 1155 144 27 oegentlighet
488 1158 31 18 att
541 1155 121 27 handlägga
685 1162 26 14 en
739 1155 267 28 bevillningsproposition,

173 1183 67 20 innan
267 1183 188 27 statsregleringen
472 1190 37 14 ens
525 1183 38 21 har
578 1184 119 26 inkommit,
712 1185 57 19 ännu
784 1183 83 21 mindre
883 1183 71 21 blifvit
969 1182 37 22 be-

176 1210 102 21 handlad.
308 1211 125 21 Emellertid
455 1213 23 20 är
493 1212 69 21 denna
579 1212 119 27 bevillning
713 1212 23 21 af
751 1211 24 21 sä
790 1211 51 21 liten
857 1211 95 21 finansiel
969 1212 37 19 be-

176 1239 92 27 tydelse,
283 1242 31 18 att
330 1239 159 22 behandlandet
504 1241 23 20 af
542 1240 71 21 denna
628 1240 46 21 titel
691 1239 91 22 isolerad
796 1239 55 22 dock
862 1239 61 22 torde
934 1239 72 21 kunna

173 1267 119 27 försvaras,
302 1267 28 22 dä
339 1269 39 27 ju
374 1263 11 38 i
395 1269 63 27 ingen
474 1268 102 22 händelse
592 1268 60 28 fräga
668 1269 41 20 kan
727 1268 68 21 blifva
811 1275 33 14 om
862 1267 143 29 bortlyftande

172 1295 25 21 af
217 1296 71 21 denna
312 1296 123 28 obetydliga
451 1297 40 21 och
507 1297 48 21 icke
572 1297 126 28 ingripande
714 1297 64 21 skatt.
807 1296 42 34 Jag
864 1297 37 21 vill
916 1296 90 21 sålunda

173 1324 36 21 för
225 1325 44 20 min
290 1325 34 21 del
340 1305 48 41 icke
404 1327 99 20 motsätta
518 1327 44 26 mig
577 1329 32 18 att
625 1326 68 21 denna
709 1325 61 28 fråga
787 1333 27 13 nu
830 1325 32 21 till
878 1325 81 28 slutligt
974 1326 33 20 af-

172 1354 100 26 görande
295 1353 115 28 företages,
432 1353 42 22 och
496 1354 121 28 egentligen
641 1354 72 21 anhöll
735 1354 35 28 jag
793 1361 34 14 om
851 1353 61 22 ordet
926 1354 34 21 för
974 1357 33 18 att

193 1381 113 22 olemisera
327 1387 46 16 mot
388 1390 26 13 en
435 1383 88 28 princip,
539 1389 45 14 som
601 1383 67 20 finnes
683 1383 83 20 uttalad
783 1383 5 20 i
805 1383 41 20 den
862 1382 146 21 betänkandet

173 1409 124 28 åtföljande
320 1411 165 21 reservationen.
515 1411 46 21 Der
583 1411 123 21 framhålles
729 1411 114 28 nämligen,
858 1413 31 19 att
904 1410 36 21 det
955 1417 53 14 vore

175 1438 47 20 skäl
246 1441 32 18 att
302 1439 48 27 höja
374 1439 164 28 ifrågavarande
561 1439 117 28 bevillning
701 1439 79 27 derför,
796 1443 31 17 att
847 1439 37 21 det
898 1439 68 27 gäller
980 1445 27 13 en

174 1466 124 28 lyxartikel,
319 1467 29 29 på
371 1467 87 21 hvilken
481 1468 85 21 skatten
591 1468 67 20 under
680 1468 52 20 flere
753 1467 59 21 tiotal
833 1466 25 22 år
872 1467 48 21 icke
936 1466 72 22 blifvit

174 1494 60 29 höjd.
265 1494 78 23 Denna
366 1496 84 28 princip
473 1503 62 21 synes
559 1497 44 27 mig
625 1504 50 13 vara
691 1496 76 27 osund,
782 1495 20 21 d.
818 1503 20 14 v.
853 1503 22 19 s.,
890 1498 32 18 att
936 1494 72 22 öfver-
