1075 1734
293 124 103 17 Finlands
408 124 218 20 Hypoteksförening.
832 115 40 21 119

177 261 162 34 Torsdagen
359 260 55 27 den
434 260 17 26 5
470 260 83 34 April
572 260 39 26 kl.
629 260 15 26 7
663 268 22 18 e.
706 268 36 18 m.

117 330 142 22 Meddelades
282 332 31 19 att
328 329 66 22 sedan
411 329 102 21 Ståndets
528 328 180 29 nästföregående
720 328 155 22 sammanträde

50 359 66 29 pollet
131 360 88 26 uttagits
235 358 34 22 för

384 422 80 27 Adliga
475 424 61 19 ätten
542 430 7 12 :

50 479 42 22 N:o
108 480 33 21 20.
172 479 142 27 Sölfverarm,
325 479 22 21 af
358 479 67 27 fullm.
435 479 58 20 Herr
504 478 54 21 Karl
566 478 106 21 Reinhold
681 485 44 14 von
736 477 141 26 Willebrand,

224 507 65 22 Filos.
305 507 90 26 Doktor,
411 507 67 22 Aldre
494 507 109 28 Ingeniör.

305 639 96 23 Finlands
418 639 210 28 Hypoteksförening.

122 697 63 20 Efter
201 697 86 28 behörig
301 697 97 20 anmälan
414 700 56 18 samt
491 696 152 28 inbeledsagad
659 696 22 21 af
697 695 138 22 medlemmar
853 695 23 20 af

52 725 25 22 R.
94 733 18 13 o.
128 726 26 20 A.
171 725 97 21 inträdde
284 725 120 21 ledamoten
416 726 5 20 i
434 725 121 28 Kejserliga
565 725 93 21 Senaten
671 725 33 21 W.
720 724 85 29 Kyan
815 723 12 22 de
861 731 15 18 r,

52 753 86 22 hvilken
154 754 32 21 till
203 753 33 22 Hr
251 753 208 22 Landimarskalken
476 753 160 22 öfverlemnade

122 782 62 21 Hans
195 782 120 28 Kejserliga
326 783 112 28 Majestäts
450 782 78 28 nådiga
541 783 132 28 proposition
685 782 42 21 N:o
738 783 18 25 9,
767 780 111 29 angående

53 812 137 27 statsgaranti
206 811 34 21 för
255 811 102 21 Finlands
373 811 227 28 Hypoteksförenings
617 811 114 21 utländska
746 810 42 21 lån.

122 868 34 22 Hr
181 868 205 22 Landtmarskalken
412 868 92 22 tackade
527 868 32 21 för
585 867 40 22 den
651 870 120 26 emottagna
796 866 79 28 nådiga

54 898 165 48 propositionen,
241 905 45 13 som
306 898 25 20 R.
351 905 19 13 o.
389 898 26 21 A.
434 897 69 21 skulle
520 898 5 20 i
541 896 175 29 grundlagsenlig
732 896 91 28 ordning
839 896 37 20 be-

69 926 68 26 andla,
152 926 109 21 hvarefter
276 926 33 21 Hr
325 926 105 21 Senatorn
446 926 106 21 afträdde.

124 982 71 22 Sedan
211 982 33 21 Hr
259 982 207 22 Landtmarskalken
486 982 113 26 meddelat,
615 985 31 18 att
661 982 218 22 Talmanskonferen-

54 1018 38 14 sen
114 1014 68 18 utsatt
204 1011 142 29 nästföljande
369 1012 63 28 plena
454 1012 32 20 till
503 1011 119 28 mändagen
639 1011 41 21 den
697 1012 12 20 9
725 1011 80 21 dennes
824 1010 27 21 kl.
867 1011 11 20 7

54 1039 28 29 pä
97 1040 95 26 aftonen,
207 1039 108 29 onsdagen
331 1040 41 21 den
390 1041 25 20 11
432 1040 28 21 kl.
476 1041 26 20 11
520 1040 13 21 f.
550 1048 25 13 m.
591 1040 41 21 och
647 1040 68 21 första
726 1040 86 28 plenum
825 1038 54 22 efter

70 1068 39 21 äsk
131 1068 32 20 till
187 1068 108 28 onsdagen
315 1068 40 21 den
376 1070 26 20 18
418 1069 27 20 kl.
465 1070 11 20 7
493 1068 28 29 pä
537 1068 95 26 aftonen,
651 1068 69 22 beslöt
735 1068 25 21 R.
776 1075 18 14 o.
810 1068 27 20 A.
853 1067 28 28 pä

66 1097 147 27 ramstälining
233 1097 23 21 af
278 1097 33 21 Hr
333 1097 208 21 Landtmarskalken
565 1100 31 18 att
619 1097 116 28 bordlägga
750 1096 68 28 sagda
833 1095 50 21 nåd.

56 1132 59 21 prop.
130 1126 32 20 till
178 1125 65 21 första
260 1126 83 28 plenum
361 1126 5 20 i
383 1128 61 18 nästa
460 1126 74 21 vecka.

127 1268 56 21 Frän
200 1268 239 29 Bevillningsutskottet
454 1269 56 21 hade
527 1269 112 21 inkommit
654 1269 67 27 sagda
736 1269 95 21 utskotts
842 1268 44 21 för-

58 1296 47 28 slag
127 1297 31 20 till
183 1297 204 28 sammanjemkning
409 1297 23 21 af
448 1297 103 21 ständens
569 1297 122 28 skiljaktiga
708 1297 70 21 beslut
793 1297 37 21 vid
849 1297 37 20 be-

58 1325 131 27 handlingen
212 1325 23 21 af
258 1325 122 22 Utskottets
403 1326 135 21 betänkande
559 1325 40 22 N:o
616 1327 12 20 3
643 1326 7 20 i
665 1325 116 28 anledning
796 1325 23 22 af
838 1325 48 21 näd.

59 1360 59 21 prop.
133 1353 42 22 N:o
191 1355 19 25 3,
226 1354 109 27 angående
351 1354 254 28 stämpelhevillning.

129 1410 66 21 Detta
218 1411 298 28 sammanjemkningsförslag
539 1411 113 22 bordlades
668 1411 31 21 till
715 1411 66 22 första
797 1411 86 29 plenum

60 1439 5 20 i
82 1440 61 20 nästa
159 1439 74 21 vecka.
