<?xml version="1.0" encoding="UTF-8"?>
<alto xmlns="http://www.loc.gov/standards/alto/ns-v3#" xmlns:xlink="http://www.w3.org/1999/xlink" xmlns:xsi="http://www.w3.org/2001/XMLSchema-instance" xsi:schemaLocation="http://www.loc.gov/standards/alto/ns-v3# http://www.loc.gov/alto/v3/alto-3-0.xsd">
	<Description>
		<MeasurementUnit>pixel</MeasurementUnit>
		<sourceImageInformation>
			<fileName>/tmp/tess_573icinq_input.PNG</fileName>
		</sourceImageInformation>
		<OCRProcessing ID="OCR_0">
			<ocrProcessingStep>
				<processingSoftware>
					<softwareName>tesseract 5.3.4</softwareName>
				</processingSoftware>
			</ocrProcessingStep>
		</OCRProcessing>
	</Description>
	<Layout>
		<Page WIDTH="1078" HEIGHT="1736" PHYSICAL_IMG_NR="0" ID="page_0">
			<PrintSpace HPOS="0" VPOS="0" WIDTH="1078" HEIGHT="1736">
				<ComposedBlock ID="cblock_0" HPOS="338" VPOS="114" WIDTH="549" HEIGHT="27">
					<TextBlock ID="block_0" HPOS="338" VPOS="114" WIDTH="549" HEIGHT="27">
						<TextLine ID="line_0" HPOS="338" VPOS="114" WIDTH="549" HEIGHT="27">
							<String ID="string_0" HPOS="338" VPOS="120" WIDTH="265" HEIGHT="21" WC="0.91" CONTENT="Jernvägsbyggnaderna."/><SP WIDTH="244" VPOS="120" HPOS="603"/>
							<String ID="string_1" HPOS="847" VPOS="114" WIDTH="40" HEIGHT="20" WC="0.96" CONTENT="229"/>
						</TextLine>
					</TextBlock>
				</ComposedBlock>
				<GraphicalElement ID="cblock_1" HPOS="61" VPOS="145" WIDTH="826" HEIGHT="10"></GraphicalElement >
				<ComposedBlock ID="cblock_2" HPOS="62" VPOS="188" WIDTH="834" HEIGHT="1343">
					<TextBlock ID="block_1" HPOS="62" VPOS="188" WIDTH="834" HEIGHT="1343">
						<TextLine ID="line_1" HPOS="63" VPOS="188" WIDTH="825" HEIGHT="28">
							<String ID="string_2" HPOS="63" VPOS="188" WIDTH="40" HEIGHT="21" WC="0.95" CONTENT="blir"/><SP WIDTH="14" VPOS="188" HPOS="103"/>
							<String ID="string_3" HPOS="117" VPOS="188" WIDTH="99" HEIGHT="28" WC="0.96" CONTENT="gällande"/><SP WIDTH="23" VPOS="188" HPOS="216"/>
							<String ID="string_4" HPOS="239" VPOS="188" WIDTH="40" HEIGHT="21" WC="0.96" CONTENT="och"/><SP WIDTH="16" VPOS="188" HPOS="279"/>
							<String ID="string_5" HPOS="295" VPOS="188" WIDTH="101" HEIGHT="21" WC="0.96" CONTENT="omfattas"/><SP WIDTH="16" VPOS="188" HPOS="396"/>
							<String ID="string_6" HPOS="412" VPOS="188" WIDTH="23" HEIGHT="21" WC="0.96" CONTENT="af"/><SP WIDTH="14" VPOS="188" HPOS="435"/>
							<String ID="string_7" HPOS="449" VPOS="188" WIDTH="99" HEIGHT="26" WC="0.96" CONTENT="stånden,"/><SP WIDTH="15" VPOS="188" HPOS="548"/>
							<String ID="string_8" HPOS="563" VPOS="188" WIDTH="24" HEIGHT="22" WC="0.96" CONTENT="så"/><SP WIDTH="22" VPOS="188" HPOS="587"/>
							<String ID="string_9" HPOS="609" VPOS="188" WIDTH="96" HEIGHT="22" WC="0.96" CONTENT="kommer"/><SP WIDTH="16" VPOS="188" HPOS="705"/>
							<String ID="string_10" HPOS="721" VPOS="188" WIDTH="69" HEIGHT="21" WC="0.96" CONTENT="banan"/><SP WIDTH="16" VPOS="188" HPOS="790"/>
							<String ID="string_11" HPOS="806" VPOS="190" WIDTH="31" HEIGHT="18" WC="0.93" CONTENT="att"/><SP WIDTH="15" VPOS="190" HPOS="837"/>
							<String ID="string_12" HPOS="852" VPOS="195" WIDTH="36" HEIGHT="13" WC="0.92" CONTENT="en-"/>
						</TextLine>
						<TextLine ID="line_2" HPOS="62" VPOS="216" WIDTH="826" HEIGHT="29">
							<String ID="string_13" HPOS="62" VPOS="216" WIDTH="39" HEIGHT="28" WC="0.95" CONTENT="ligt"/><SP WIDTH="16" VPOS="216" HPOS="101"/>
							<String ID="string_14" HPOS="117" VPOS="217" WIDTH="48" HEIGHT="20" WC="0.93" CONTENT="mitt"/><SP WIDTH="15" VPOS="217" HPOS="165"/>
							<String ID="string_15" HPOS="180" VPOS="216" WIDTH="138" HEIGHT="21" WC="0.92" CONTENT="förmenande"/><SP WIDTH="15" VPOS="216" HPOS="318"/>
							<String ID="string_16" HPOS="333" VPOS="216" WIDTH="24" HEIGHT="21" WC="0.96" CONTENT="få"/><SP WIDTH="15" VPOS="216" HPOS="357"/>
							<String ID="string_17" HPOS="372" VPOS="216" WIDTH="40" HEIGHT="22" WC="0.96" CONTENT="den"/><SP WIDTH="16" VPOS="216" HPOS="412"/>
							<String ID="string_18" HPOS="428" VPOS="217" WIDTH="79" HEIGHT="27" WC="0.96" CONTENT="riktiga"/><SP WIDTH="16" VPOS="217" HPOS="507"/>
							<String ID="string_19" HPOS="523" VPOS="217" WIDTH="151" HEIGHT="28" WC="0.96" CONTENT="sträckningen"/><SP WIDTH="12" VPOS="217" HPOS="674"/>
							<String ID="string_20" HPOS="686" VPOS="217" WIDTH="41" HEIGHT="21" WC="0.93" CONTENT="och"/><SP WIDTH="11" VPOS="217" HPOS="727"/>
							<String ID="string_21" HPOS="738" VPOS="216" WIDTH="75" HEIGHT="22" WC="0.91" CONTENT="dervid"/><SP WIDTH="12" VPOS="216" HPOS="813"/>
							<String ID="string_22" HPOS="825" VPOS="217" WIDTH="63" HEIGHT="20" WC="0.96" CONTENT="vinna"/>
						</TextLine>
						<TextLine ID="line_3" HPOS="62" VPOS="244" WIDTH="825" HEIGHT="29">
							<String ID="string_23" HPOS="62" VPOS="244" WIDTH="41" HEIGHT="22" WC="0.96" CONTENT="den"/><SP WIDTH="16" VPOS="244" HPOS="103"/>
							<String ID="string_24" HPOS="119" VPOS="244" WIDTH="118" HEIGHT="27" WC="0.96" CONTENT="förmånen,"/><SP WIDTH="15" VPOS="244" HPOS="237"/>
							<String ID="string_25" HPOS="252" VPOS="248" WIDTH="32" HEIGHT="18" WC="0.96" CONTENT="att"/><SP WIDTH="21" VPOS="248" HPOS="284"/>
							<String ID="string_26" HPOS="305" VPOS="246" WIDTH="67" HEIGHT="20" WC="0.96" CONTENT="banan"/><SP WIDTH="19" VPOS="246" HPOS="372"/>
							<String ID="string_27" HPOS="391" VPOS="245" WIDTH="39" HEIGHT="21" WC="0.96" CONTENT="blir"/><SP WIDTH="18" VPOS="245" HPOS="430"/>
							<String ID="string_28" HPOS="448" VPOS="246" WIDTH="3" HEIGHT="20" WC="0.96" CONTENT="i"/><SP WIDTH="18" VPOS="246" HPOS="451"/>
							<String ID="string_29" HPOS="469" VPOS="246" WIDTH="69" HEIGHT="27" WC="0.96" CONTENT="någon"/><SP WIDTH="18" VPOS="246" HPOS="538"/>
							<String ID="string_30" HPOS="556" VPOS="245" WIDTH="47" HEIGHT="21" WC="0.96" CONTENT="mån"/><SP WIDTH="17" VPOS="245" HPOS="603"/>
							<String ID="string_31" HPOS="620" VPOS="253" WIDTH="57" HEIGHT="13" WC="0.93" CONTENT="mera"/><SP WIDTH="17" VPOS="253" HPOS="677"/>
							<String ID="string_32" HPOS="694" VPOS="245" WIDTH="102" HEIGHT="27" WC="0.92" CONTENT="rentabel,"/><SP WIDTH="16" VPOS="245" HPOS="796"/>
							<String ID="string_33" HPOS="812" VPOS="246" WIDTH="26" HEIGHT="20" WC="0.96" CONTENT="än"/><SP WIDTH="16" VPOS="246" HPOS="838"/>
							<String ID="string_34" HPOS="854" VPOS="252" WIDTH="33" HEIGHT="14" WC="0.96" CONTENT="om"/>
						</TextLine>
						<TextLine ID="line_4" HPOS="62" VPOS="272" WIDTH="826" HEIGHT="30">
							<String ID="string_35" HPOS="62" VPOS="272" WIDTH="42" HEIGHT="22" WC="0.93" CONTENT="den"/><SP WIDTH="17" VPOS="272" HPOS="104"/>
							<String ID="string_36" HPOS="121" VPOS="273" WIDTH="76" HEIGHT="27" WC="0.92" CONTENT="drages"/><SP WIDTH="23" VPOS="273" HPOS="197"/>
							<String ID="string_37" HPOS="220" VPOS="274" WIDTH="60" HEIGHT="27" WC="0.96" CONTENT="längs"/><SP WIDTH="16" VPOS="274" HPOS="280"/>
							<String ID="string_38" HPOS="296" VPOS="274" WIDTH="40" HEIGHT="21" WC="0.96" CONTENT="den"/><SP WIDTH="23" VPOS="274" HPOS="336"/>
							<String ID="string_39" HPOS="359" VPOS="274" WIDTH="120" HEIGHT="27" WC="0.96" CONTENT="nordligare"/><SP WIDTH="16" VPOS="274" HPOS="479"/>
							<String ID="string_40" HPOS="495" VPOS="274" WIDTH="152" HEIGHT="28" WC="0.96" CONTENT="sträckningen"/><SP WIDTH="16" VPOS="274" HPOS="647"/>
							<String ID="string_41" HPOS="663" VPOS="282" WIDTH="77" HEIGHT="20" WC="0.93" CONTENT="genom"/><SP WIDTH="17" VPOS="282" HPOS="740"/>
							<String ID="string_42" HPOS="757" VPOS="274" WIDTH="131" HEIGHT="25" WC="0.91" CONTENT="Östermark,"/>
						</TextLine>
						<TextLine ID="line_5" HPOS="62" VPOS="301" WIDTH="826" HEIGHT="28">
							<String ID="string_43" HPOS="62" VPOS="302" WIDTH="70" HEIGHT="21" WC="0.96" CONTENT="såsom"/><SP WIDTH="17" VPOS="302" HPOS="132"/>
							<String ID="string_44" HPOS="149" VPOS="301" WIDTH="113" HEIGHT="22" WC="0.96" CONTENT="Utskottet"/><SP WIDTH="15" VPOS="301" HPOS="262"/>
							<String ID="string_45" HPOS="277" VPOS="302" WIDTH="100" HEIGHT="21" WC="0.96" CONTENT="förordat."/><SP WIDTH="23" VPOS="302" HPOS="377"/>
							<String ID="string_46" HPOS="400" VPOS="303" WIDTH="32" HEIGHT="20" WC="0.95" CONTENT="En"/><SP WIDTH="19" VPOS="303" HPOS="432"/>
							<String ID="string_47" HPOS="451" VPOS="303" WIDTH="54" HEIGHT="20" WC="0.96" CONTENT="bana"/><SP WIDTH="16" VPOS="303" HPOS="505"/>
							<String ID="string_48" HPOS="521" VPOS="303" WIDTH="35" HEIGHT="21" WC="0.93" CONTENT="via"/><SP WIDTH="16" VPOS="303" HPOS="556"/>
							<String ID="string_49" HPOS="572" VPOS="303" WIDTH="125" HEIGHT="21" WC="0.91" CONTENT="Östermark"/><SP WIDTH="17" VPOS="303" HPOS="697"/>
							<String ID="string_50" HPOS="714" VPOS="303" WIDTH="95" HEIGHT="20" WC="0.96" CONTENT="kommer"/><SP WIDTH="10" VPOS="303" HPOS="809"/>
							<String ID="string_51" HPOS="819" VPOS="305" WIDTH="31" HEIGHT="18" WC="0.96" CONTENT="att"/><SP WIDTH="10" VPOS="305" HPOS="850"/>
							<String ID="string_52" HPOS="860" VPOS="301" WIDTH="28" HEIGHT="28" WC="0.96" CONTENT="gå"/>
						</TextLine>
						<TextLine ID="line_6" HPOS="63" VPOS="330" WIDTH="825" HEIGHT="29">
							<String ID="string_53" HPOS="63" VPOS="331" WIDTH="34" HEIGHT="20" WC="0.96" CONTENT="väl"/><SP WIDTH="16" VPOS="331" HPOS="97"/>
							<String ID="string_54" HPOS="113" VPOS="332" WIDTH="52" HEIGHT="19" WC="0.93" CONTENT="nära"/><SP WIDTH="22" VPOS="332" HPOS="165"/>
							<String ID="string_55" HPOS="187" VPOS="330" WIDTH="128" HEIGHT="22" WC="0.91" CONTENT="Vasabanan"/><SP WIDTH="17" VPOS="330" HPOS="315"/>
							<String ID="string_56" HPOS="332" VPOS="331" WIDTH="40" HEIGHT="21" WC="0.96" CONTENT="och"/><SP WIDTH="19" VPOS="331" HPOS="372"/>
							<String ID="string_57" HPOS="391" VPOS="331" WIDTH="96" HEIGHT="21" WC="0.93" CONTENT="kommer"/><SP WIDTH="16" VPOS="331" HPOS="487"/>
							<String ID="string_58" HPOS="503" VPOS="331" WIDTH="123" HEIGHT="28" WC="0.92" CONTENT="derigenom"/><SP WIDTH="17" VPOS="331" HPOS="626"/>
							<String ID="string_59" HPOS="643" VPOS="334" WIDTH="31" HEIGHT="18" WC="0.96" CONTENT="att"/><SP WIDTH="16" VPOS="334" HPOS="674"/>
							<String ID="string_60" HPOS="690" VPOS="339" WIDTH="52" HEIGHT="20" WC="0.96" CONTENT="suga"/><SP WIDTH="18" VPOS="339" HPOS="742"/>
							<String ID="string_61" HPOS="760" VPOS="331" WIDTH="47" HEIGHT="21" WC="0.96" CONTENT="bort"/><SP WIDTH="15" VPOS="331" HPOS="807"/>
							<String ID="string_62" HPOS="822" VPOS="330" WIDTH="66" HEIGHT="21" WC="0.96" CONTENT="trafik"/>
						</TextLine>
						<TextLine ID="line_7" HPOS="62" VPOS="358" WIDTH="826" HEIGHT="30">
							<String ID="string_63" HPOS="62" VPOS="358" WIDTH="47" HEIGHT="21" WC="0.92" CONTENT="från"/><SP WIDTH="27" VPOS="358" HPOS="109"/>
							<String ID="string_64" HPOS="136" VPOS="358" WIDTH="136" HEIGHT="28" WC="0.87" CONTENT="Vasabanan,"/><SP WIDTH="23" VPOS="358" HPOS="272"/>
							<String ID="string_65" HPOS="295" VPOS="363" WIDTH="50" HEIGHT="18" WC="0.96" CONTENT="utan"/><SP WIDTH="24" VPOS="363" HPOS="345"/>
							<String ID="string_66" HPOS="369" VPOS="364" WIDTH="31" HEIGHT="17" WC="0.96" CONTENT="att"/><SP WIDTH="23" VPOS="364" HPOS="400"/>
							<String ID="string_67" HPOS="423" VPOS="359" WIDTH="72" HEIGHT="22" WC="0.93" CONTENT="kunna"/><SP WIDTH="23" VPOS="359" HPOS="495"/>
							<String ID="string_68" HPOS="518" VPOS="360" WIDTH="111" HEIGHT="28" WC="0.92" CONTENT="uppsamla"/><SP WIDTH="22" VPOS="360" HPOS="629"/>
							<String ID="string_69" HPOS="651" VPOS="359" WIDTH="106" HEIGHT="28" WC="0.96" CONTENT="väsentlig"/><SP WIDTH="24" VPOS="359" HPOS="757"/>
							<String ID="string_70" HPOS="781" VPOS="367" WIDTH="27" HEIGHT="20" WC="0.93" CONTENT="ny"/><SP WIDTH="15" VPOS="367" HPOS="808"/>
							<String ID="string_71" HPOS="823" VPOS="359" WIDTH="65" HEIGHT="20" WC="0.96" CONTENT="trafik"/>
						</TextLine>
						<TextLine ID="line_8" HPOS="63" VPOS="387" WIDTH="825" HEIGHT="30">
							<String ID="string_72" HPOS="63" VPOS="387" WIDTH="47" HEIGHT="21" WC="0.96" CONTENT="från"/><SP WIDTH="24" VPOS="387" HPOS="110"/>
							<String ID="string_73" HPOS="134" VPOS="387" WIDTH="41" HEIGHT="21" WC="0.96" CONTENT="den"/><SP WIDTH="24" VPOS="387" HPOS="175"/>
							<String ID="string_74" HPOS="199" VPOS="387" WIDTH="103" HEIGHT="26" WC="0.95" CONTENT="landsdel,"/><SP WIDTH="22" VPOS="387" HPOS="302"/>
							<String ID="string_75" HPOS="324" VPOS="395" WIDTH="45" HEIGHT="14" WC="0.92" CONTENT="som"/><SP WIDTH="25" VPOS="395" HPOS="369"/>
							<String ID="string_76" HPOS="394" VPOS="389" WIDTH="67" HEIGHT="27" WC="0.96" CONTENT="ligger"/><SP WIDTH="23" VPOS="389" HPOS="461"/>
							<String ID="string_77" HPOS="484" VPOS="389" WIDTH="77" HEIGHT="20" WC="0.96" CONTENT="mellan"/><SP WIDTH="17" VPOS="389" HPOS="561"/>
							<String ID="string_78" HPOS="578" VPOS="389" WIDTH="80" HEIGHT="21" WC="0.95" CONTENT="banans"/><SP WIDTH="16" VPOS="389" HPOS="658"/>
							<String ID="string_79" HPOS="674" VPOS="388" WIDTH="141" HEIGHT="29" WC="0.96" CONTENT="ändpunkter."/><SP WIDTH="31" VPOS="388" HPOS="815"/>
							<String ID="string_80" HPOS="846" VPOS="387" WIDTH="42" HEIGHT="21" WC="0.96" CONTENT="Vid"/>
						</TextLine>
						<TextLine ID="line_9" HPOS="63" VPOS="415" WIDTH="827" HEIGHT="30">
							<String ID="string_81" HPOS="63" VPOS="415" WIDTH="78" HEIGHT="22" WC="0.96" CONTENT="sådant"/><SP WIDTH="15" VPOS="415" HPOS="141"/>
							<String ID="string_82" HPOS="156" VPOS="416" WIDTH="133" HEIGHT="21" WC="0.95" CONTENT="förhållande"/><SP WIDTH="25" VPOS="416" HPOS="289"/>
							<String ID="string_83" HPOS="314" VPOS="425" WIDTH="61" HEIGHT="13" WC="0.96" CONTENT="anser"/><SP WIDTH="16" VPOS="425" HPOS="375"/>
							<String ID="string_84" HPOS="391" VPOS="418" WIDTH="39" HEIGHT="27" WC="0.96" CONTENT="jag,"/><SP WIDTH="15" VPOS="418" HPOS="430"/>
							<String ID="string_85" HPOS="445" VPOS="419" WIDTH="33" HEIGHT="19" WC="0.96" CONTENT="för"/><SP WIDTH="15" VPOS="419" HPOS="478"/>
							<String ID="string_86" HPOS="493" VPOS="417" WIDTH="42" HEIGHT="21" WC="0.96" CONTENT="den"/><SP WIDTH="16" VPOS="417" HPOS="535"/>
							<String ID="string_87" HPOS="551" VPOS="417" WIDTH="104" HEIGHT="21" WC="0.96" CONTENT="händelse"/><SP WIDTH="17" VPOS="417" HPOS="655"/>
							<String ID="string_88" HPOS="672" VPOS="417" WIDTH="70" HEIGHT="21" WC="0.96" CONTENT="denna"/><SP WIDTH="17" VPOS="417" HPOS="742"/>
							<String ID="string_89" HPOS="759" VPOS="417" WIDTH="54" HEIGHT="20" WC="0.96" CONTENT="bana"/><SP WIDTH="16" VPOS="417" HPOS="813"/>
							<String ID="string_90" HPOS="829" VPOS="415" WIDTH="61" HEIGHT="22" WC="0.96" CONTENT="öfver"/>
						</TextLine>
						<TextLine ID="line_10" HPOS="63" VPOS="444" WIDTH="825" HEIGHT="29">
							<String ID="string_91" HPOS="63" VPOS="444" WIDTH="83" HEIGHT="22" WC="0.93" CONTENT="hufvud"/><SP WIDTH="25" VPOS="444" HPOS="146"/>
							<String ID="string_92" HPOS="171" VPOS="445" WIDTH="98" HEIGHT="26" WC="0.89" CONTENT="beslutes,"/><SP WIDTH="16" VPOS="445" HPOS="269"/>
							<String ID="string_93" HPOS="285" VPOS="446" WIDTH="41" HEIGHT="21" WC="0.96" CONTENT="den"/><SP WIDTH="21" VPOS="446" HPOS="326"/>
							<String ID="string_94" HPOS="347" VPOS="445" WIDTH="63" HEIGHT="22" WC="0.96" CONTENT="södra"/><SP WIDTH="16" VPOS="445" HPOS="410"/>
							<String ID="string_95" HPOS="426" VPOS="447" WIDTH="153" HEIGHT="26" WC="0.96" CONTENT="sträckningen"/><SP WIDTH="16" VPOS="447" HPOS="579"/>
							<String ID="string_96" HPOS="595" VPOS="446" WIDTH="51" HEIGHT="21" WC="0.96" CONTENT="eller"/><SP WIDTH="16" VPOS="446" HPOS="646"/>
							<String ID="string_97" HPOS="662" VPOS="445" WIDTH="42" HEIGHT="22" WC="0.96" CONTENT="den"/><SP WIDTH="15" VPOS="445" HPOS="704"/>
							<String ID="string_98" HPOS="719" VPOS="453" WIDTH="77" HEIGHT="20" WC="0.93" CONTENT="genom"/><SP WIDTH="15" VPOS="453" HPOS="796"/>
							<String ID="string_99" HPOS="811" VPOS="445" WIDTH="77" HEIGHT="21" WC="0.92" CONTENT="Bötom"/>
						</TextLine>
						<TextLine ID="line_11" HPOS="64" VPOS="473" WIDTH="826" HEIGHT="28">
							<String ID="string_100" HPOS="64" VPOS="481" WIDTH="50" HEIGHT="13" WC="0.96" CONTENT="vara"/><SP WIDTH="23" VPOS="481" HPOS="114"/>
							<String ID="string_101" HPOS="137" VPOS="477" WIDTH="31" HEIGHT="17" WC="0.93" CONTENT="att"/><SP WIDTH="23" VPOS="477" HPOS="168"/>
							<String ID="string_102" HPOS="191" VPOS="474" WIDTH="117" HEIGHT="27" WC="0.90" CONTENT="föredraga."/><SP WIDTH="32" VPOS="474" HPOS="308"/>
							<String ID="string_103" HPOS="340" VPOS="475" WIDTH="49" HEIGHT="20" WC="0.95" CONTENT="Men"/><SP WIDTH="25" VPOS="475" HPOS="389"/>
							<String ID="string_104" HPOS="414" VPOS="475" WIDTH="26" HEIGHT="20" WC="0.95" CONTENT="då"/><SP WIDTH="19" VPOS="475" HPOS="440"/>
							<String ID="string_105" HPOS="459" VPOS="475" WIDTH="69" HEIGHT="20" WC="0.96" CONTENT="beslut"/><SP WIDTH="23" VPOS="475" HPOS="528"/>
							<String ID="string_106" HPOS="551" VPOS="475" WIDTH="65" HEIGHT="21" WC="0.96" CONTENT="fattas"/><SP WIDTH="16" VPOS="475" HPOS="616"/>
							<String ID="string_107" HPOS="632" VPOS="482" WIDTH="32" HEIGHT="13" WC="0.96" CONTENT="om"/><SP WIDTH="25" VPOS="482" HPOS="664"/>
							<String ID="string_108" HPOS="689" VPOS="474" WIDTH="69" HEIGHT="21" WC="0.95" CONTENT="denna"/><SP WIDTH="16" VPOS="474" HPOS="758"/>
							<String ID="string_109" HPOS="774" VPOS="474" WIDTH="61" HEIGHT="26" WC="0.95" CONTENT="bana,"/><SP WIDTH="18" VPOS="474" HPOS="835"/>
							<String ID="string_110" HPOS="853" VPOS="473" WIDTH="37" HEIGHT="21" WC="0.96" CONTENT="bör"/>
						</TextLine>
						<TextLine ID="line_12" HPOS="64" VPOS="501" WIDTH="824" HEIGHT="30">
							<String ID="string_111" HPOS="64" VPOS="509" WIDTH="47" HEIGHT="13" WC="0.95" CONTENT="man"/><SP WIDTH="24" VPOS="509" HPOS="111"/>
							<String ID="string_112" HPOS="135" VPOS="502" WIDTH="48" HEIGHT="21" WC="0.96" CONTENT="icke"/><SP WIDTH="22" VPOS="502" HPOS="183"/>
							<String ID="string_113" HPOS="205" VPOS="505" WIDTH="50" HEIGHT="26" WC="0.96" CONTENT="göra"/><SP WIDTH="23" VPOS="505" HPOS="255"/>
							<String ID="string_114" HPOS="278" VPOS="504" WIDTH="32" HEIGHT="27" WC="0.96" CONTENT="sig"/><SP WIDTH="24" VPOS="504" HPOS="310"/>
							<String ID="string_115" HPOS="334" VPOS="503" WIDTH="109" HEIGHT="21" WC="0.96" CONTENT="illusioner"/><SP WIDTH="23" VPOS="503" HPOS="443"/>
							<String ID="string_116" HPOS="466" VPOS="503" WIDTH="110" HEIGHT="28" WC="0.95" CONTENT="angående"/><SP WIDTH="26" VPOS="503" HPOS="576"/>
							<String ID="string_117" HPOS="602" VPOS="503" WIDTH="48" HEIGHT="21" WC="0.93" CONTENT="dess"/><SP WIDTH="26" VPOS="503" HPOS="650"/>
							<String ID="string_118" HPOS="676" VPOS="503" WIDTH="137" HEIGHT="21" WC="0.89" CONTENT="rentabilitet."/><SP WIDTH="29" VPOS="503" HPOS="813"/>
							<String ID="string_119" HPOS="842" VPOS="501" WIDTH="46" HEIGHT="22" WC="0.95" CONTENT="Min"/>
						</TextLine>
						<TextLine ID="line_13" HPOS="63" VPOS="530" WIDTH="826" HEIGHT="29">
							<String ID="string_120" HPOS="63" VPOS="530" WIDTH="146" HEIGHT="29" WC="0.92" CONTENT="öfvertygelse"/><SP WIDTH="15" VPOS="530" HPOS="209"/>
							<String ID="string_121" HPOS="224" VPOS="533" WIDTH="23" HEIGHT="19" WC="0.96" CONTENT="är"/><SP WIDTH="23" VPOS="533" HPOS="247"/>
							<String ID="string_122" HPOS="270" VPOS="531" WIDTH="47" HEIGHT="28" WC="0.96" CONTENT="den,"/><SP WIDTH="16" VPOS="531" HPOS="317"/>
							<String ID="string_123" HPOS="333" VPOS="536" WIDTH="31" HEIGHT="17" WC="0.96" CONTENT="att"/><SP WIDTH="15" VPOS="536" HPOS="364"/>
							<String ID="string_124" HPOS="379" VPOS="532" WIDTH="41" HEIGHT="21" WC="0.96" CONTENT="den"/><SP WIDTH="16" VPOS="532" HPOS="420"/>
							<String ID="string_125" HPOS="436" VPOS="532" WIDTH="49" HEIGHT="21" WC="0.96" CONTENT="icke"/><SP WIDTH="18" VPOS="532" HPOS="485"/>
							<String ID="string_126" HPOS="503" VPOS="533" WIDTH="95" HEIGHT="20" WC="0.96" CONTENT="kommer"/><SP WIDTH="15" VPOS="533" HPOS="598"/>
							<String ID="string_127" HPOS="613" VPOS="535" WIDTH="32" HEIGHT="18" WC="0.96" CONTENT="att"/><SP WIDTH="14" VPOS="535" HPOS="645"/>
							<String ID="string_128" HPOS="659" VPOS="531" WIDTH="52" HEIGHT="21" WC="0.96" CONTENT="höra"/><SP WIDTH="17" VPOS="531" HPOS="711"/>
							<String ID="string_129" HPOS="728" VPOS="531" WIDTH="31" HEIGHT="21" WC="0.96" CONTENT="till"/><SP WIDTH="16" VPOS="531" HPOS="759"/>
							<String ID="string_130" HPOS="775" VPOS="531" WIDTH="26" HEIGHT="21" WC="0.96" CONTENT="de"/><SP WIDTH="18" VPOS="531" HPOS="801"/>
							<String ID="string_131" HPOS="819" VPOS="531" WIDTH="70" HEIGHT="25" WC="0.96" CONTENT="banor,"/>
						</TextLine>
						<TextLine ID="line_14" HPOS="64" VPOS="559" WIDTH="826" HEIGHT="23">
							<String ID="string_132" HPOS="64" VPOS="566" WIDTH="45" HEIGHT="13" WC="0.96" CONTENT="som"/><SP WIDTH="25" VPOS="566" HPOS="109"/>
							<String ID="string_133" HPOS="134" VPOS="560" WIDTH="50" HEIGHT="20" WC="0.93" CONTENT="bära"/><SP WIDTH="21" VPOS="560" HPOS="184"/>
							<String ID="string_134" HPOS="205" VPOS="560" WIDTH="184" HEIGHT="22" WC="0.91" CONTENT="trafikkostnaden"/><SP WIDTH="25" VPOS="560" HPOS="389"/>
							<String ID="string_135" HPOS="414" VPOS="561" WIDTH="52" HEIGHT="20" WC="0.96" CONTENT="eller"/><SP WIDTH="15" VPOS="561" HPOS="466"/>
							<String ID="string_136" HPOS="481" VPOS="561" WIDTH="68" HEIGHT="21" WC="0.92" CONTENT="lemna"/><SP WIDTH="16" VPOS="561" HPOS="549"/>
							<String ID="string_137" HPOS="565" VPOS="561" WIDTH="110" HEIGHT="21" WC="0.91" CONTENT="afsevärdt"/><SP WIDTH="15" VPOS="561" HPOS="675"/>
							<String ID="string_138" HPOS="690" VPOS="559" WIDTH="127" HEIGHT="21" WC="0.92" CONTENT="öfverskott."/><SP WIDTH="30" VPOS="559" HPOS="817"/>
							<String ID="string_139" HPOS="847" VPOS="559" WIDTH="43" HEIGHT="20" WC="0.96" CONTENT="Det"/>
						</TextLine>
						<TextLine ID="line_15" HPOS="65" VPOS="587" WIDTH="825" HEIGHT="30">
							<String ID="string_140" HPOS="65" VPOS="587" WIDTH="40" HEIGHT="21" WC="0.96" CONTENT="kan"/><SP WIDTH="18" VPOS="587" HPOS="105"/>
							<String ID="string_141" HPOS="123" VPOS="588" WIDTH="96" HEIGHT="21" WC="0.96" CONTENT="förefalla"/><SP WIDTH="24" VPOS="588" HPOS="219"/>
							<String ID="string_142" HPOS="243" VPOS="589" WIDTH="68" HEIGHT="21" WC="0.96" CONTENT="såsom"/><SP WIDTH="17" VPOS="589" HPOS="311"/>
							<String ID="string_143" HPOS="328" VPOS="597" WIDTH="25" HEIGHT="13" WC="0.96" CONTENT="en"/><SP WIDTH="23" VPOS="597" HPOS="353"/>
							<String ID="string_144" HPOS="376" VPOS="589" WIDTH="95" HEIGHT="28" WC="0.96" CONTENT="paradox"/><SP WIDTH="16" VPOS="589" HPOS="471"/>
							<String ID="string_145" HPOS="487" VPOS="592" WIDTH="32" HEIGHT="18" WC="0.97" CONTENT="att"/><SP WIDTH="15" VPOS="592" HPOS="519"/>
							<String ID="string_146" HPOS="534" VPOS="589" WIDTH="62" HEIGHT="28" WC="0.96" CONTENT="påstå"/><SP WIDTH="16" VPOS="589" HPOS="596"/>
							<String ID="string_147" HPOS="612" VPOS="590" WIDTH="66" HEIGHT="26" WC="0.96" CONTENT="något"/><SP WIDTH="15" VPOS="590" HPOS="678"/>
							<String ID="string_148" HPOS="693" VPOS="588" WIDTH="83" HEIGHT="27" WC="0.96" CONTENT="sådant,"/><SP WIDTH="16" VPOS="588" HPOS="776"/>
							<String ID="string_149" HPOS="792" VPOS="588" WIDTH="27" HEIGHT="21" WC="0.92" CONTENT="då"/><SP WIDTH="15" VPOS="588" HPOS="819"/>
							<String ID="string_150" HPOS="834" VPOS="588" WIDTH="56" HEIGHT="20" WC="0.92" CONTENT="folk-"/>
						</TextLine>
						<TextLine ID="line_16" HPOS="64" VPOS="616" WIDTH="826" HEIGHT="30">
							<String ID="string_151" HPOS="64" VPOS="616" WIDTH="95" HEIGHT="21" WC="0.96" CONTENT="tätheten"/><SP WIDTH="24" VPOS="616" HPOS="159"/>
							<String ID="string_152" HPOS="183" VPOS="618" WIDTH="97" HEIGHT="27" WC="0.96" CONTENT="omkring"/><SP WIDTH="23" VPOS="618" HPOS="280"/>
							<String ID="string_153" HPOS="303" VPOS="618" WIDTH="69" HEIGHT="20" WC="0.96" CONTENT="denna"/><SP WIDTH="24" VPOS="618" HPOS="372"/>
							<String ID="string_154" HPOS="396" VPOS="618" WIDTH="54" HEIGHT="21" WC="0.96" CONTENT="bana"/><SP WIDTH="23" VPOS="618" HPOS="450"/>
							<String ID="string_155" HPOS="473" VPOS="620" WIDTH="24" HEIGHT="19" WC="0.96" CONTENT="är"/><SP WIDTH="15" VPOS="620" HPOS="497"/>
							<String ID="string_156" HPOS="512" VPOS="620" WIDTH="43" HEIGHT="19" WC="0.96" CONTENT="rätt"/><SP WIDTH="16" VPOS="620" HPOS="555"/>
							<String ID="string_157" HPOS="571" VPOS="617" WIDTH="127" HEIGHT="29" WC="0.95" CONTENT="betydande."/><SP WIDTH="31" VPOS="617" HPOS="698"/>
							<String ID="string_158" HPOS="729" VPOS="617" WIDTH="51" HEIGHT="21" WC="0.96" CONTENT="Men"/><SP WIDTH="17" VPOS="617" HPOS="780"/>
							<String ID="string_159" HPOS="797" VPOS="617" WIDTH="30" HEIGHT="21" WC="0.96" CONTENT="uti"/><SP WIDTH="16" VPOS="617" HPOS="827"/>
							<String ID="string_160" HPOS="843" VPOS="616" WIDTH="47" HEIGHT="21" WC="0.95" CONTENT="hela"/>
						</TextLine>
						<TextLine ID="line_17" HPOS="65" VPOS="644" WIDTH="825" HEIGHT="30">
							<String ID="string_161" HPOS="65" VPOS="644" WIDTH="35" HEIGHT="21" WC="0.96" CONTENT="det"/><SP WIDTH="17" VPOS="644" HPOS="100"/>
							<String ID="string_162" HPOS="117" VPOS="645" WIDTH="92" HEIGHT="26" WC="0.96" CONTENT="område,"/><SP WIDTH="15" VPOS="645" HPOS="209"/>
							<String ID="string_163" HPOS="224" VPOS="653" WIDTH="44" HEIGHT="14" WC="0.96" CONTENT="som"/><SP WIDTH="17" VPOS="653" HPOS="268"/>
							<String ID="string_164" HPOS="285" VPOS="646" WIDTH="68" HEIGHT="21" WC="0.96" CONTENT="banan"/><SP WIDTH="16" VPOS="646" HPOS="353"/>
							<String ID="string_165" HPOS="369" VPOS="646" WIDTH="68" HEIGHT="22" WC="0.96" CONTENT="skulle"/><SP WIDTH="16" VPOS="646" HPOS="437"/>
							<String ID="string_166" HPOS="453" VPOS="647" WIDTH="111" HEIGHT="27" WC="0.96" CONTENT="genomgå,"/><SP WIDTH="16" VPOS="647" HPOS="564"/>
							<String ID="string_167" HPOS="580" VPOS="646" WIDTH="71" HEIGHT="21" WC="0.96" CONTENT="finnas"/><SP WIDTH="16" VPOS="646" HPOS="651"/>
							<String ID="string_168" HPOS="667" VPOS="646" WIDTH="47" HEIGHT="21" WC="0.96" CONTENT="icke"/><SP WIDTH="13" VPOS="646" HPOS="714"/>
							<String ID="string_169" HPOS="727" VPOS="646" WIDTH="65" HEIGHT="27" WC="0.93" CONTENT="några"/><SP WIDTH="10" VPOS="646" HPOS="792"/>
							<String ID="string_170" HPOS="802" VPOS="645" WIDTH="88" HEIGHT="21" WC="0.93" CONTENT="utveck-"/>
						</TextLine>
						<TextLine ID="line_18" HPOS="65" VPOS="673" WIDTH="824" HEIGHT="29">
							<String ID="string_171" HPOS="65" VPOS="673" WIDTH="189" HEIGHT="29" WC="0.90" CONTENT="lingsmöjligheter"/><SP WIDTH="22" VPOS="673" HPOS="254"/>
							<String ID="string_172" HPOS="276" VPOS="675" WIDTH="23" HEIGHT="21" WC="0.96" CONTENT="af"/><SP WIDTH="22" VPOS="675" HPOS="299"/>
							<String ID="string_173" HPOS="321" VPOS="675" WIDTH="116" HEIGHT="21" WC="0.96" CONTENT="nämnvärd"/><SP WIDTH="24" VPOS="675" HPOS="437"/>
							<String ID="string_174" HPOS="461" VPOS="679" WIDTH="38" HEIGHT="19" WC="0.96" CONTENT="art,"/><SP WIDTH="18" VPOS="679" HPOS="499"/>
							<String ID="string_175" HPOS="517" VPOS="675" WIDTH="85" HEIGHT="26" WC="0.96" CONTENT="sådana,"/><SP WIDTH="23" VPOS="675" HPOS="602"/>
							<String ID="string_176" HPOS="625" VPOS="678" WIDTH="32" HEIGHT="18" WC="0.96" CONTENT="att"/><SP WIDTH="16" VPOS="678" HPOS="657"/>
							<String ID="string_177" HPOS="673" VPOS="674" WIDTH="26" HEIGHT="21" WC="0.96" CONTENT="de"/><SP WIDTH="23" VPOS="674" HPOS="699"/>
							<String ID="string_178" HPOS="722" VPOS="674" WIDTH="68" HEIGHT="21" WC="0.96" CONTENT="skulle"/><SP WIDTH="16" VPOS="674" HPOS="790"/>
							<String ID="string_179" HPOS="806" VPOS="674" WIDTH="83" HEIGHT="20" WC="0.96" CONTENT="komma"/>
						</TextLine>
						<TextLine ID="line_19" HPOS="65" VPOS="702" WIDTH="825" HEIGHT="30">
							<String ID="string_180" HPOS="65" VPOS="706" WIDTH="31" HEIGHT="16" WC="0.96" CONTENT="att"/><SP WIDTH="15" VPOS="706" HPOS="96"/>
							<String ID="string_181" HPOS="111" VPOS="702" WIDTH="81" HEIGHT="22" WC="0.96" CONTENT="tillföra"/><SP WIDTH="24" VPOS="702" HPOS="192"/>
							<String ID="string_182" HPOS="216" VPOS="703" WIDTH="67" HEIGHT="21" WC="0.96" CONTENT="banan"/><SP WIDTH="18" VPOS="703" HPOS="283"/>
							<String ID="string_183" HPOS="301" VPOS="704" WIDTH="105" HEIGHT="28" WC="0.96" CONTENT="väsentlig"/><SP WIDTH="20" VPOS="704" HPOS="406"/>
							<String ID="string_184" HPOS="426" VPOS="704" WIDTH="65" HEIGHT="21" WC="0.93" CONTENT="trafik"/><SP WIDTH="16" VPOS="704" HPOS="491"/>
							<String ID="string_185" HPOS="507" VPOS="704" WIDTH="86" HEIGHT="21" WC="0.92" CONTENT="utöfver"/><SP WIDTH="21" VPOS="704" HPOS="593"/>
							<String ID="string_186" HPOS="614" VPOS="704" WIDTH="47" HEIGHT="26" WC="0.96" CONTENT="den,"/><SP WIDTH="16" VPOS="704" HPOS="661"/>
							<String ID="string_187" HPOS="677" VPOS="710" WIDTH="45" HEIGHT="14" WC="0.96" CONTENT="som"/><SP WIDTH="17" VPOS="710" HPOS="722"/>
							<String ID="string_188" HPOS="739" VPOS="702" WIDTH="64" HEIGHT="22" WC="0.96" CONTENT="redan"/><SP WIDTH="17" VPOS="702" HPOS="803"/>
							<String ID="string_189" HPOS="820" VPOS="702" WIDTH="70" HEIGHT="20" WC="0.95" CONTENT="finnes"/>
						</TextLine>
						<TextLine ID="line_20" HPOS="65" VPOS="730" WIDTH="825" HEIGHT="31">
							<String ID="string_190" HPOS="65" VPOS="730" WIDTH="34" HEIGHT="21" WC="0.96" CONTENT="för"/><SP WIDTH="15" VPOS="730" HPOS="99"/>
							<String ID="string_191" HPOS="114" VPOS="730" WIDTH="91" HEIGHT="23" WC="0.95" CONTENT="handen."/><SP WIDTH="29" VPOS="730" HPOS="205"/>
							<String ID="string_192" HPOS="234" VPOS="732" WIDTH="106" HEIGHT="21" WC="0.96" CONTENT="Området"/><SP WIDTH="22" VPOS="732" HPOS="340"/>
							<String ID="string_193" HPOS="362" VPOS="740" WIDTH="50" HEIGHT="20" WC="0.96" CONTENT="eger"/><SP WIDTH="16" VPOS="740" HPOS="412"/>
							<String ID="string_194" HPOS="428" VPOS="734" WIDTH="17" HEIGHT="27" WC="0.96" CONTENT="ej"/><SP WIDTH="17" VPOS="734" HPOS="445"/>
							<String ID="string_195" HPOS="462" VPOS="733" WIDTH="27" HEIGHT="21" WC="0.93" CONTENT="de"/><SP WIDTH="16" VPOS="733" HPOS="489"/>
							<String ID="string_196" HPOS="505" VPOS="733" WIDTH="167" HEIGHT="27" WC="0.92" CONTENT="skogsresurser,"/><SP WIDTH="16" VPOS="733" HPOS="672"/>
							<String ID="string_197" HPOS="688" VPOS="739" WIDTH="45" HEIGHT="13" WC="0.96" CONTENT="som"/><SP WIDTH="17" VPOS="739" HPOS="733"/>
							<String ID="string_198" HPOS="750" VPOS="730" WIDTH="35" HEIGHT="22" WC="0.93" CONTENT="vid"/><SP WIDTH="16" VPOS="730" HPOS="785"/>
							<String ID="string_199" HPOS="801" VPOS="731" WIDTH="89" HEIGHT="20" WC="0.92" CONTENT="motive-"/>
						</TextLine>
						<TextLine ID="line_21" HPOS="65" VPOS="759" WIDTH="825" HEIGHT="30">
							<String ID="string_200" HPOS="65" VPOS="760" WIDTH="48" HEIGHT="26" WC="0.96" CONTENT="ring"/><SP WIDTH="15" VPOS="760" HPOS="113"/>
							<String ID="string_201" HPOS="128" VPOS="760" WIDTH="23" HEIGHT="20" WC="0.96" CONTENT="af"/><SP WIDTH="23" VPOS="760" HPOS="151"/>
							<String ID="string_202" HPOS="174" VPOS="760" WIDTH="103" HEIGHT="22" WC="0.95" CONTENT="särskilda"/><SP WIDTH="23" VPOS="760" HPOS="277"/>
							<String ID="string_203" HPOS="300" VPOS="761" WIDTH="66" HEIGHT="21" WC="0.92" CONTENT="andra"/><SP WIDTH="22" VPOS="761" HPOS="366"/>
							<String ID="string_204" HPOS="388" VPOS="761" WIDTH="184" HEIGHT="28" WC="0.89" CONTENT="jernvägsförslag"/><SP WIDTH="21" VPOS="761" HPOS="572"/>
							<String ID="string_205" HPOS="593" VPOS="762" WIDTH="80" HEIGHT="27" WC="0.96" CONTENT="utgjort"/><SP WIDTH="16" VPOS="762" HPOS="673"/>
							<String ID="string_206" HPOS="689" VPOS="768" WIDTH="25" HEIGHT="13" WC="0.93" CONTENT="en"/><SP WIDTH="17" VPOS="768" HPOS="714"/>
							<String ID="string_207" HPOS="731" VPOS="760" WIDTH="68" HEIGHT="28" WC="0.93" CONTENT="vigtig"/><SP WIDTH="14" VPOS="760" HPOS="799"/>
							<String ID="string_208" HPOS="813" VPOS="759" WIDTH="77" HEIGHT="25" WC="0.96" CONTENT="faktor,"/>
						</TextLine>
						<TextLine ID="line_22" HPOS="65" VPOS="787" WIDTH="826" HEIGHT="28">
							<String ID="string_209" HPOS="65" VPOS="788" WIDTH="48" HEIGHT="20" WC="0.96" CONTENT="icke"/><SP WIDTH="22" VPOS="788" HPOS="113"/>
							<String ID="string_210" HPOS="135" VPOS="788" WIDTH="67" HEIGHT="22" WC="0.95" CONTENT="heller"/><SP WIDTH="22" VPOS="788" HPOS="202"/>
							<String ID="string_211" HPOS="224" VPOS="789" WIDTH="70" HEIGHT="21" WC="0.96" CONTENT="finnes"/><SP WIDTH="22" VPOS="789" HPOS="294"/>
							<String ID="string_212" HPOS="316" VPOS="790" WIDTH="139" HEIGHT="25" WC="0.95" CONTENT="vattenkraft,"/><SP WIDTH="16" VPOS="790" HPOS="455"/>
							<String ID="string_213" HPOS="471" VPOS="794" WIDTH="50" HEIGHT="17" WC="0.96" CONTENT="utan"/><SP WIDTH="16" VPOS="794" HPOS="521"/>
							<String ID="string_214" HPOS="537" VPOS="790" WIDTH="70" HEIGHT="21" WC="0.96" CONTENT="banan"/><SP WIDTH="16" VPOS="790" HPOS="607"/>
							<String ID="string_215" HPOS="623" VPOS="789" WIDTH="69" HEIGHT="21" WC="0.96" CONTENT="skulle"/><SP WIDTH="17" VPOS="789" HPOS="692"/>
							<String ID="string_216" HPOS="709" VPOS="789" WIDTH="83" HEIGHT="21" WC="0.96" CONTENT="komma"/><SP WIDTH="16" VPOS="789" HPOS="792"/>
							<String ID="string_217" HPOS="808" VPOS="791" WIDTH="32" HEIGHT="17" WC="0.90" CONTENT="att"/><SP WIDTH="14" VPOS="791" HPOS="840"/>
							<String ID="string_218" HPOS="854" VPOS="787" WIDTH="37" HEIGHT="21" WC="0.90" CONTENT="be-"/>
						</TextLine>
						<TextLine ID="line_23" HPOS="65" VPOS="816" WIDTH="826" HEIGHT="30">
							<String ID="string_219" HPOS="65" VPOS="817" WIDTH="57" HEIGHT="26" WC="0.96" CONTENT="tjena"/><SP WIDTH="16" VPOS="817" HPOS="122"/>
							<String ID="string_220" HPOS="138" VPOS="817" WIDTH="51" HEIGHT="21" WC="0.95" CONTENT="eller"/><SP WIDTH="16" VPOS="817" HPOS="189"/>
							<String ID="string_221" HPOS="205" VPOS="818" WIDTH="22" HEIGHT="20" WC="0.96" CONTENT="få"/><SP WIDTH="15" VPOS="818" HPOS="227"/>
							<String ID="string_222" HPOS="242" VPOS="819" WIDTH="32" HEIGHT="20" WC="0.96" CONTENT="sin"/><SP WIDTH="16" VPOS="819" HPOS="274"/>
							<String ID="string_223" HPOS="290" VPOS="818" WIDTH="65" HEIGHT="21" WC="0.96" CONTENT="trafik"/><SP WIDTH="17" VPOS="818" HPOS="355"/>
							<String ID="string_224" HPOS="372" VPOS="819" WIDTH="120" HEIGHT="27" WC="0.96" CONTENT="egentligen"/><SP WIDTH="17" VPOS="819" HPOS="492"/>
							<String ID="string_225" HPOS="509" VPOS="819" WIDTH="47" HEIGHT="20" WC="0.96" CONTENT="från"/><SP WIDTH="17" VPOS="819" HPOS="556"/>
							<String ID="string_226" HPOS="573" VPOS="818" WIDTH="42" HEIGHT="26" WC="0.96" CONTENT="det,"/><SP WIDTH="15" VPOS="818" HPOS="615"/>
							<String ID="string_227" HPOS="630" VPOS="825" WIDTH="44" HEIGHT="14" WC="0.96" CONTENT="som"/><SP WIDTH="17" VPOS="825" HPOS="674"/>
							<String ID="string_228" HPOS="691" VPOS="820" WIDTH="31" HEIGHT="18" WC="0.96" CONTENT="ett"/><SP WIDTH="15" VPOS="820" HPOS="722"/>
							<String ID="string_229" HPOS="737" VPOS="817" WIDTH="86" HEIGHT="21" WC="0.96" CONTENT="relativt"/><SP WIDTH="11" VPOS="817" HPOS="823"/>
							<String ID="string_230" HPOS="834" VPOS="816" WIDTH="57" HEIGHT="28" WC="0.96" CONTENT="långt"/>
						</TextLine>
						<TextLine ID="line_24" HPOS="65" VPOS="844" WIDTH="825" HEIGHT="31">
							<String ID="string_231" HPOS="65" VPOS="844" WIDTH="80" HEIGHT="22" WC="0.92" CONTENT="drifvet"/><SP WIDTH="22" VPOS="844" HPOS="145"/>
							<String ID="string_232" HPOS="167" VPOS="846" WIDTH="102" HEIGHT="27" WC="0.96" CONTENT="jordbruk"/><SP WIDTH="17" VPOS="846" HPOS="269"/>
							<String ID="string_233" HPOS="286" VPOS="847" WIDTH="40" HEIGHT="21" WC="0.95" CONTENT="kan"/><SP WIDTH="24" VPOS="847" HPOS="326"/>
							<String ID="string_234" HPOS="350" VPOS="847" WIDTH="75" HEIGHT="21" WC="0.96" CONTENT="lemna."/><SP WIDTH="30" VPOS="847" HPOS="425"/>
							<String ID="string_235" HPOS="455" VPOS="847" WIDTH="44" HEIGHT="21" WC="0.93" CONTENT="För"/><SP WIDTH="15" VPOS="847" HPOS="499"/>
							<String ID="string_236" HPOS="514" VPOS="847" WIDTH="125" HEIGHT="28" WC="0.91" CONTENT="jordbruset"/><SP WIDTH="16" VPOS="847" HPOS="639"/>
							<String ID="string_237" HPOS="655" VPOS="848" WIDTH="23" HEIGHT="19" WC="0.96" CONTENT="är"/><SP WIDTH="15" VPOS="848" HPOS="678"/>
							<String ID="string_238" HPOS="693" VPOS="846" WIDTH="68" HEIGHT="22" WC="0.96" CONTENT="banan"/><SP WIDTH="17" VPOS="846" HPOS="761"/>
							<String ID="string_239" HPOS="778" VPOS="844" WIDTH="112" HEIGHT="28" WC="0.96" CONTENT="onekligen"/>
						</TextLine>
						<TextLine ID="line_25" HPOS="65" VPOS="873" WIDTH="825" HEIGHT="30">
							<String ID="string_240" HPOS="65" VPOS="873" WIDTH="31" HEIGHT="20" WC="0.89" CONTENT="till"/><SP WIDTH="25" VPOS="873" HPOS="96"/>
							<String ID="string_241" HPOS="121" VPOS="877" WIDTH="54" HEIGHT="18" WC="0.90" CONTENT="stort"/><SP WIDTH="22" VPOS="877" HPOS="175"/>
							<String ID="string_242" HPOS="197" VPOS="882" WIDTH="53" HEIGHT="21" WC="0.96" CONTENT="gagn"/><SP WIDTH="24" VPOS="882" HPOS="250"/>
							<String ID="string_243" HPOS="274" VPOS="875" WIDTH="41" HEIGHT="21" WC="0.95" CONTENT="och"/><SP WIDTH="21" VPOS="875" HPOS="315"/>
							<String ID="string_244" HPOS="336" VPOS="875" WIDTH="68" HEIGHT="22" WC="0.96" CONTENT="likaså"/><SP WIDTH="24" VPOS="875" HPOS="404"/>
							<String ID="string_245" HPOS="428" VPOS="875" WIDTH="33" HEIGHT="21" WC="0.93" CONTENT="för"/><SP WIDTH="16" VPOS="875" HPOS="461"/>
							<String ID="string_246" HPOS="477" VPOS="875" WIDTH="158" HEIGHT="21" WC="0.92" CONTENT="innevånarene"/><SP WIDTH="15" VPOS="875" HPOS="635"/>
							<String ID="string_247" HPOS="650" VPOS="875" WIDTH="6" HEIGHT="20" WC="0.96" CONTENT="i"/><SP WIDTH="16" VPOS="875" HPOS="656"/>
							<String ID="string_248" HPOS="672" VPOS="875" WIDTH="91" HEIGHT="26" WC="0.96" CONTENT="trakten,"/><SP WIDTH="17" VPOS="875" HPOS="763"/>
							<String ID="string_249" HPOS="780" VPOS="881" WIDTH="46" HEIGHT="13" WC="0.96" CONTENT="men"/><SP WIDTH="17" VPOS="881" HPOS="826"/>
							<String ID="string_250" HPOS="843" VPOS="873" WIDTH="47" HEIGHT="20" WC="0.96" CONTENT="från"/>
						</TextLine>
						<TextLine ID="line_26" HPOS="66" VPOS="901" WIDTH="826" HEIGHT="31">
							<String ID="string_251" HPOS="66" VPOS="902" WIDTH="125" HEIGHT="21" WC="0.96" CONTENT="ekonomisk"/><SP WIDTH="23" VPOS="902" HPOS="191"/>
							<String ID="string_252" HPOS="214" VPOS="905" WIDTH="108" HEIGHT="27" WC="0.96" CONTENT="synpunkt"/><SP WIDTH="23" VPOS="905" HPOS="322"/>
							<String ID="string_253" HPOS="345" VPOS="904" WIDTH="94" HEIGHT="21" WC="0.93" CONTENT="kommer"/><SP WIDTH="23" VPOS="904" HPOS="439"/>
							<String ID="string_254" HPOS="462" VPOS="904" WIDTH="95" HEIGHT="21" WC="0.91" CONTENT="hvarken"/><SP WIDTH="26" VPOS="904" HPOS="557"/>
							<String ID="string_255" HPOS="583" VPOS="903" WIDTH="172" HEIGHT="29" WC="0.94" CONTENT="persontrafiken"/><SP WIDTH="25" VPOS="903" HPOS="755"/>
							<String ID="string_256" HPOS="780" VPOS="902" WIDTH="50" HEIGHT="21" WC="0.94" CONTENT="eller"/><SP WIDTH="25" VPOS="902" HPOS="830"/>
							<String ID="string_257" HPOS="855" VPOS="901" WIDTH="37" HEIGHT="21" WC="0.96" CONTENT="det"/>
						</TextLine>
						<TextLine ID="line_27" HPOS="66" VPOS="930" WIDTH="825" HEIGHT="29">
							<String ID="string_258" HPOS="66" VPOS="930" WIDTH="46" HEIGHT="21" WC="0.96" CONTENT="från"/><SP WIDTH="17" VPOS="930" HPOS="112"/>
							<String ID="string_259" HPOS="129" VPOS="931" WIDTH="124" HEIGHT="28" WC="0.96" CONTENT="jordbruket"/><SP WIDTH="16" VPOS="931" HPOS="253"/>
							<String ID="string_260" HPOS="269" VPOS="933" WIDTH="127" HEIGHT="20" WC="0.92" CONTENT="kommande"/><SP WIDTH="15" VPOS="933" HPOS="396"/>
							<String ID="string_261" HPOS="411" VPOS="933" WIDTH="183" HEIGHT="21" WC="0.91" CONTENT="trafiktillskottet"/><SP WIDTH="16" VPOS="933" HPOS="594"/>
							<String ID="string_262" HPOS="610" VPOS="935" WIDTH="31" HEIGHT="18" WC="0.96" CONTENT="att"/><SP WIDTH="15" VPOS="935" HPOS="641"/>
							<String ID="string_263" HPOS="656" VPOS="932" WIDTH="70" HEIGHT="21" WC="0.96" CONTENT="lemna"/><SP WIDTH="16" VPOS="932" HPOS="726"/>
							<String ID="string_264" HPOS="742" VPOS="931" WIDTH="65" HEIGHT="28" WC="0.93" CONTENT="något"/><SP WIDTH="13" VPOS="931" HPOS="807"/>
							<String ID="string_265" HPOS="820" VPOS="930" WIDTH="71" HEIGHT="21" WC="0.93" CONTENT="öfver-"/>
						</TextLine>
						<TextLine ID="line_28" HPOS="65" VPOS="959" WIDTH="827" HEIGHT="28">
							<String ID="string_266" HPOS="65" VPOS="959" WIDTH="60" HEIGHT="20" WC="0.93" CONTENT="skott"/><SP WIDTH="23" VPOS="959" HPOS="125"/>
							<String ID="string_267" HPOS="148" VPOS="961" WIDTH="84" HEIGHT="20" WC="0.87" CONTENT="utöfver"/><SP WIDTH="23" VPOS="961" HPOS="232"/>
							<String ID="string_268" HPOS="255" VPOS="961" WIDTH="216" HEIGHT="22" WC="0.87" CONTENT="trafikkostnaderna."/><SP WIDTH="32" VPOS="961" HPOS="471"/>
							<String ID="string_269" HPOS="503" VPOS="961" WIDTH="34" HEIGHT="21" WC="0.96" CONTENT="Då"/><SP WIDTH="17" VPOS="961" HPOS="537"/>
							<String ID="string_270" HPOS="554" VPOS="969" WIDTH="46" HEIGHT="13" WC="0.96" CONTENT="man"/><SP WIDTH="18" VPOS="969" HPOS="600"/>
							<String ID="string_271" HPOS="618" VPOS="969" WIDTH="27" HEIGHT="12" WC="0.96" CONTENT="nu"/><SP WIDTH="24" VPOS="969" HPOS="645"/>
							<String ID="string_272" HPOS="669" VPOS="961" WIDTH="70" HEIGHT="20" WC="0.96" CONTENT="denna"/><SP WIDTH="15" VPOS="961" HPOS="739"/>
							<String ID="string_273" HPOS="754" VPOS="960" WIDTH="57" HEIGHT="27" WC="0.95" CONTENT="gång"/><SP WIDTH="18" VPOS="960" HPOS="811"/>
							<String ID="string_274" HPOS="829" VPOS="959" WIDTH="63" HEIGHT="20" WC="0.96" CONTENT="söker"/>
						</TextLine>
						<TextLine ID="line_29" HPOS="65" VPOS="987" WIDTH="825" HEIGHT="31">
							<String ID="string_275" HPOS="65" VPOS="988" WIDTH="103" HEIGHT="21" WC="0.95" CONTENT="särskildt"/><SP WIDTH="24" VPOS="988" HPOS="168"/>
							<String ID="string_276" HPOS="192" VPOS="989" WIDTH="75" HEIGHT="22" WC="0.95" CONTENT="betona"/><SP WIDTH="23" VPOS="989" HPOS="267"/>
							<String ID="string_277" HPOS="290" VPOS="990" WIDTH="188" HEIGHT="28" WC="0.96" CONTENT="nödvändigheten"/><SP WIDTH="25" VPOS="990" HPOS="478"/>
							<String ID="string_278" HPOS="503" VPOS="990" WIDTH="22" HEIGHT="21" WC="0.96" CONTENT="af"/><SP WIDTH="24" VPOS="990" HPOS="525"/>
							<String ID="string_279" HPOS="549" VPOS="989" WIDTH="125" HEIGHT="22" WC="0.93" CONTENT="ekonomisk"/><SP WIDTH="22" VPOS="989" HPOS="674"/>
							<String ID="string_280" HPOS="696" VPOS="987" WIDTH="169" HEIGHT="22" WC="0.91" CONTENT="förtänksamhet"/><SP WIDTH="20" VPOS="987" HPOS="865"/>
							<String ID="string_281" HPOS="885" VPOS="988" WIDTH="5" HEIGHT="19" WC="0.96" CONTENT="i"/>
						</TextLine>
						<TextLine ID="line_30" HPOS="64" VPOS="1015" WIDTH="827" HEIGHT="32">
							<String ID="string_282" HPOS="64" VPOS="1015" WIDTH="61" HEIGHT="28" WC="0.96" CONTENT="fråga"/><SP WIDTH="16" VPOS="1015" HPOS="125"/>
							<String ID="string_283" HPOS="141" VPOS="1025" WIDTH="34" HEIGHT="13" WC="0.92" CONTENT="om"/><SP WIDTH="16" VPOS="1025" HPOS="175"/>
							<String ID="string_284" HPOS="191" VPOS="1018" WIDTH="229" HEIGHT="29" WC="0.92" CONTENT="jernvägsbyggnader,"/><SP WIDTH="15" VPOS="1018" HPOS="420"/>
							<String ID="string_285" HPOS="435" VPOS="1019" WIDTH="68" HEIGHT="21" WC="0.96" CONTENT="borde"/><SP WIDTH="17" VPOS="1019" HPOS="503"/>
							<String ID="string_286" HPOS="520" VPOS="1026" WIDTH="48" HEIGHT="13" WC="0.96" CONTENT="man"/><SP WIDTH="16" VPOS="1026" HPOS="568"/>
							<String ID="string_287" HPOS="584" VPOS="1020" WIDTH="51" HEIGHT="26" WC="0.96" CONTENT="göra"/><SP WIDTH="16" VPOS="1020" HPOS="635"/>
							<String ID="string_288" HPOS="651" VPOS="1018" WIDTH="56" HEIGHT="21" WC="0.96" CONTENT="klart"/><SP WIDTH="16" VPOS="1018" HPOS="707"/>
							<String ID="string_289" HPOS="723" VPOS="1018" WIDTH="34" HEIGHT="20" WC="0.96" CONTENT="för"/><SP WIDTH="15" VPOS="1018" HPOS="757"/>
							<String ID="string_290" HPOS="772" VPOS="1017" WIDTH="38" HEIGHT="27" WC="0.96" CONTENT="sig,"/><SP WIDTH="17" VPOS="1017" HPOS="810"/>
							<String ID="string_291" HPOS="827" VPOS="1017" WIDTH="64" HEIGHT="20" WC="0.95" CONTENT="innan"/>
						</TextLine>
						<TextLine ID="line_31" HPOS="65" VPOS="1045" WIDTH="827" HEIGHT="29">
							<String ID="string_292" HPOS="65" VPOS="1052" WIDTH="48" HEIGHT="13" WC="0.96" CONTENT="man"/><SP WIDTH="17" VPOS="1052" HPOS="113"/>
							<String ID="string_293" HPOS="130" VPOS="1045" WIDTH="94" HEIGHT="22" WC="0.96" CONTENT="besluter"/><SP WIDTH="16" VPOS="1045" HPOS="224"/>
							<String ID="string_294" HPOS="240" VPOS="1047" WIDTH="69" HEIGHT="21" WC="0.96" CONTENT="denna"/><SP WIDTH="16" VPOS="1047" HPOS="309"/>
							<String ID="string_295" HPOS="325" VPOS="1047" WIDTH="61" HEIGHT="26" WC="0.96" CONTENT="bana,"/><SP WIDTH="15" VPOS="1047" HPOS="386"/>
							<String ID="string_296" HPOS="401" VPOS="1051" WIDTH="32" HEIGHT="17" WC="0.96" CONTENT="att"/><SP WIDTH="15" VPOS="1051" HPOS="433"/>
							<String ID="string_297" HPOS="448" VPOS="1047" WIDTH="41" HEIGHT="22" WC="0.96" CONTENT="den"/><SP WIDTH="17" VPOS="1047" HPOS="489"/>
							<String ID="string_298" HPOS="506" VPOS="1049" WIDTH="48" HEIGHT="20" WC="0.96" CONTENT="icke"/><SP WIDTH="17" VPOS="1049" HPOS="554"/>
							<String ID="string_299" HPOS="571" VPOS="1047" WIDTH="95" HEIGHT="21" WC="0.96" CONTENT="kommer"/><SP WIDTH="14" VPOS="1047" HPOS="666"/>
							<String ID="string_300" HPOS="680" VPOS="1049" WIDTH="32" HEIGHT="18" WC="0.96" CONTENT="att"/><SP WIDTH="16" VPOS="1049" HPOS="712"/>
							<String ID="string_301" HPOS="728" VPOS="1046" WIDTH="26" HEIGHT="28" WC="0.96" CONTENT="på"/><SP WIDTH="16" VPOS="1046" HPOS="754"/>
							<String ID="string_302" HPOS="770" VPOS="1045" WIDTH="65" HEIGHT="28" WC="0.96" CONTENT="något"/><SP WIDTH="16" VPOS="1045" HPOS="835"/>
							<String ID="string_303" HPOS="851" VPOS="1046" WIDTH="41" HEIGHT="19" WC="0.96" CONTENT="sätt"/>
						</TextLine>
						<TextLine ID="line_32" HPOS="65" VPOS="1073" WIDTH="827" HEIGHT="31">
							<String ID="string_304" HPOS="65" VPOS="1073" WIDTH="104" HEIGHT="22" WC="0.87" CONTENT="förbättra"/><SP WIDTH="30" VPOS="1073" HPOS="169"/>
							<String ID="string_305" HPOS="199" VPOS="1076" WIDTH="151" HEIGHT="28" WC="0.84" CONTENT="jernvägarnas"/><SP WIDTH="31" VPOS="1076" HPOS="350"/>
							<String ID="string_306" HPOS="381" VPOS="1076" WIDTH="256" HEIGHT="28" WC="0.77" CONTENT="exploateringsresultat."/><SP WIDTH="30" VPOS="1076" HPOS="637"/>
							<String ID="string_307" HPOS="667" VPOS="1075" WIDTH="42" HEIGHT="21" WC="0.95" CONTENT="Om"/><SP WIDTH="31" VPOS="1075" HPOS="709"/>
							<String ID="string_308" HPOS="740" VPOS="1075" WIDTH="70" HEIGHT="20" WC="0.92" CONTENT="denna"/><SP WIDTH="27" VPOS="1075" HPOS="810"/>
							<String ID="string_309" HPOS="837" VPOS="1073" WIDTH="55" HEIGHT="21" WC="0.96" CONTENT="bana"/>
						</TextLine>
						<TextLine ID="line_33" HPOS="65" VPOS="1102" WIDTH="827" HEIGHT="29">
							<String ID="string_310" HPOS="65" VPOS="1102" WIDTH="68" HEIGHT="21" WC="0.95" CONTENT="skulle"/><SP WIDTH="24" VPOS="1102" HPOS="133"/>
							<String ID="string_311" HPOS="157" VPOS="1103" WIDTH="23" HEIGHT="21" WC="0.96" CONTENT="få"/><SP WIDTH="23" VPOS="1103" HPOS="180"/>
							<String ID="string_312" HPOS="203" VPOS="1104" WIDTH="68" HEIGHT="27" WC="0.93" CONTENT="någon"/><SP WIDTH="24" VPOS="1104" HPOS="271"/>
							<String ID="string_313" HPOS="295" VPOS="1105" WIDTH="98" HEIGHT="20" WC="0.92" CONTENT="afsevärd"/><SP WIDTH="24" VPOS="1105" HPOS="393"/>
							<String ID="string_314" HPOS="417" VPOS="1105" WIDTH="68" HEIGHT="26" WC="0.96" CONTENT="trafik,"/><SP WIDTH="18" VPOS="1105" HPOS="485"/>
							<String ID="string_315" HPOS="503" VPOS="1105" WIDTH="23" HEIGHT="21" WC="0.96" CONTENT="så"/><SP WIDTH="16" VPOS="1105" HPOS="526"/>
							<String ID="string_316" HPOS="542" VPOS="1105" WIDTH="83" HEIGHT="20" WC="0.96" CONTENT="komme"/><SP WIDTH="16" VPOS="1105" HPOS="625"/>
							<String ID="string_317" HPOS="641" VPOS="1104" WIDTH="41" HEIGHT="21" WC="0.96" CONTENT="den"/><SP WIDTH="18" VPOS="1104" HPOS="682"/>
							<String ID="string_318" HPOS="700" VPOS="1103" WIDTH="31" HEIGHT="21" WC="0.96" CONTENT="till"/><SP WIDTH="16" VPOS="1103" HPOS="731"/>
							<String ID="string_319" HPOS="747" VPOS="1105" WIDTH="67" HEIGHT="19" WC="0.96" CONTENT="större"/><SP WIDTH="16" VPOS="1105" HPOS="814"/>
							<String ID="string_320" HPOS="830" VPOS="1102" WIDTH="62" HEIGHT="21" WC="0.96" CONTENT="delen"/>
						</TextLine>
						<TextLine ID="line_34" HPOS="65" VPOS="1130" WIDTH="827" HEIGHT="31">
							<String ID="string_321" HPOS="65" VPOS="1133" WIDTH="32" HEIGHT="18" WC="0.93" CONTENT="att"/><SP WIDTH="22" VPOS="1133" HPOS="97"/>
							<String ID="string_322" HPOS="119" VPOS="1131" WIDTH="76" HEIGHT="29" WC="0.92" CONTENT="dragas"/><SP WIDTH="25" VPOS="1131" HPOS="195"/>
							<String ID="string_323" HPOS="220" VPOS="1133" WIDTH="47" HEIGHT="21" WC="0.96" CONTENT="från"/><SP WIDTH="23" VPOS="1133" HPOS="267"/>
							<String ID="string_324" HPOS="290" VPOS="1133" WIDTH="65" HEIGHT="21" WC="0.96" CONTENT="redan"/><SP WIDTH="26" VPOS="1133" HPOS="355"/>
							<String ID="string_325" HPOS="381" VPOS="1133" WIDTH="58" HEIGHT="21" WC="0.93" CONTENT="förut"/><SP WIDTH="22" VPOS="1133" HPOS="439"/>
							<String ID="string_326" HPOS="461" VPOS="1133" WIDTH="72" HEIGHT="28" WC="0.92" CONTENT="bygda"/><SP WIDTH="26" VPOS="1133" HPOS="533"/>
							<String ID="string_327" HPOS="559" VPOS="1133" WIDTH="73" HEIGHT="25" WC="0.93" CONTENT="banor,"/><SP WIDTH="28" VPOS="1133" HPOS="632"/>
							<String ID="string_328" HPOS="660" VPOS="1126" WIDTH="162" HEIGHT="39" WC="0.91" CONTENT="Tammerfors—"/><SP WIDTH="9" VPOS="1126" HPOS="822"/>
							<String ID="string_329" HPOS="831" VPOS="1130" WIDTH="61" HEIGHT="22" WC="0.94" CONTENT="Vasa"/>
						</TextLine>
						<TextLine ID="line_35" HPOS="65" VPOS="1158" WIDTH="827" HEIGHT="32">
							<String ID="string_330" HPOS="65" VPOS="1158" WIDTH="76" HEIGHT="27" WC="0.96" CONTENT="banan,"/><SP WIDTH="24" VPOS="1158" HPOS="141"/>
							<String ID="string_331" HPOS="165" VPOS="1160" WIDTH="41" HEIGHT="22" WC="0.96" CONTENT="och"/><SP WIDTH="23" VPOS="1160" HPOS="206"/>
							<String ID="string_332" HPOS="229" VPOS="1161" WIDTH="64" HEIGHT="29" WC="0.96" CONTENT="något"/><SP WIDTH="23" VPOS="1161" HPOS="293"/>
							<String ID="string_333" HPOS="316" VPOS="1162" WIDTH="115" HEIGHT="28" WC="0.96" CONTENT="väsentligt"/><SP WIDTH="23" VPOS="1162" HPOS="431"/>
							<String ID="string_334" HPOS="454" VPOS="1165" WIDTH="47" HEIGHT="18" WC="0.96" CONTENT="nytt"/><SP WIDTH="24" VPOS="1165" HPOS="501"/>
							<String ID="string_335" HPOS="525" VPOS="1162" WIDTH="93" HEIGHT="20" WC="0.96" CONTENT="tillskott"/><SP WIDTH="23" VPOS="1162" HPOS="618"/>
							<String ID="string_336" HPOS="641" VPOS="1161" WIDTH="69" HEIGHT="21" WC="0.95" CONTENT="skulle"/><SP WIDTH="23" VPOS="1161" HPOS="710"/>
							<String ID="string_337" HPOS="733" VPOS="1160" WIDTH="47" HEIGHT="21" WC="0.96" CONTENT="icke"/><SP WIDTH="16" VPOS="1160" HPOS="780"/>
							<String ID="string_338" HPOS="796" VPOS="1158" WIDTH="96" HEIGHT="22" WC="0.96" CONTENT="erhållas."/>
						</TextLine>
						<TextLine ID="line_36" HPOS="65" VPOS="1187" WIDTH="828" HEIGHT="31">
							<String ID="string_339" HPOS="65" VPOS="1187" WIDTH="44" HEIGHT="21" WC="0.96" CONTENT="För"/><SP WIDTH="15" VPOS="1187" HPOS="109"/>
							<String ID="string_340" HPOS="124" VPOS="1190" WIDTH="42" HEIGHT="19" WC="0.96" CONTENT="min"/><SP WIDTH="25" VPOS="1190" HPOS="166"/>
							<String ID="string_341" HPOS="191" VPOS="1189" WIDTH="33" HEIGHT="21" WC="0.96" CONTENT="del"/><SP WIDTH="24" VPOS="1189" HPOS="224"/>
							<String ID="string_342" HPOS="248" VPOS="1190" WIDTH="38" HEIGHT="21" WC="0.96" CONTENT="har"/><SP WIDTH="18" VPOS="1190" HPOS="286"/>
							<String ID="string_343" HPOS="304" VPOS="1191" WIDTH="35" HEIGHT="27" WC="0.96" CONTENT="jag"/><SP WIDTH="22" VPOS="1191" HPOS="339"/>
							<String ID="string_344" HPOS="361" VPOS="1190" WIDTH="41" HEIGHT="21" WC="0.96" CONTENT="den"/><SP WIDTH="17" VPOS="1190" HPOS="402"/>
							<String ID="string_345" HPOS="419" VPOS="1191" WIDTH="145" HEIGHT="27" WC="0.94" CONTENT="uppfattning,"/><SP WIDTH="17" VPOS="1191" HPOS="564"/>
							<String ID="string_346" HPOS="581" VPOS="1193" WIDTH="31" HEIGHT="17" WC="0.92" CONTENT="att"/><SP WIDTH="15" VPOS="1193" HPOS="612"/>
							<String ID="string_347" HPOS="627" VPOS="1189" WIDTH="102" HEIGHT="21" WC="0.92" CONTENT="ehuruväl"/><SP WIDTH="17" VPOS="1189" HPOS="729"/>
							<String ID="string_348" HPOS="746" VPOS="1188" WIDTH="69" HEIGHT="21" WC="0.96" CONTENT="denna"/><SP WIDTH="16" VPOS="1188" HPOS="815"/>
							<String ID="string_349" HPOS="831" VPOS="1187" WIDTH="62" HEIGHT="26" WC="0.96" CONTENT="bana,"/>
						</TextLine>
						<TextLine ID="line_37" HPOS="66" VPOS="1211" WIDTH="826" HEIGHT="35">
							<String ID="string_350" HPOS="66" VPOS="1211" WIDTH="76" HEIGHT="33" WC="0.95" CONTENT="liksom"/><SP WIDTH="24" VPOS="1211" HPOS="142"/>
							<String ID="string_351" HPOS="166" VPOS="1217" WIDTH="72" HEIGHT="29" WC="0.93" CONTENT="hvarje"/><SP WIDTH="15" VPOS="1217" HPOS="238"/>
							<String ID="string_352" HPOS="253" VPOS="1219" WIDTH="99" HEIGHT="27" WC="0.29" CONTENT="jernväg,"/><SP WIDTH="12" VPOS="1219" HPOS="352"/>
							<String ID="string_353" HPOS="364" VPOS="1219" WIDTH="54" HEIGHT="20" WC="0.96" CONTENT="hvar"/><SP WIDTH="15" VPOS="1219" HPOS="418"/>
							<String ID="string_354" HPOS="433" VPOS="1219" WIDTH="40" HEIGHT="20" WC="0.96" CONTENT="den"/><SP WIDTH="24" VPOS="1219" HPOS="473"/>
							<String ID="string_355" HPOS="497" VPOS="1221" WIDTH="26" HEIGHT="18" WC="0.96" CONTENT="än"/><SP WIDTH="17" VPOS="1221" HPOS="523"/>
							<String ID="string_356" HPOS="540" VPOS="1218" WIDTH="34" HEIGHT="21" WC="0.93" CONTENT="mä"/><SP WIDTH="15" VPOS="1218" HPOS="574"/>
							<String ID="string_357" HPOS="589" VPOS="1218" WIDTH="83" HEIGHT="28" WC="0.92" CONTENT="dragas,"/><SP WIDTH="17" VPOS="1218" HPOS="672"/>
							<String ID="string_358" HPOS="689" VPOS="1219" WIDTH="23" HEIGHT="19" WC="0.96" CONTENT="är"/><SP WIDTH="15" VPOS="1219" HPOS="712"/>
							<String ID="string_359" HPOS="727" VPOS="1217" WIDTH="32" HEIGHT="20" WC="0.96" CONTENT="till"/><SP WIDTH="15" VPOS="1217" HPOS="759"/>
							<String ID="string_360" HPOS="774" VPOS="1224" WIDTH="62" HEIGHT="20" WC="0.96" CONTENT="gagn,"/><SP WIDTH="16" VPOS="1224" HPOS="836"/>
							<String ID="string_361" HPOS="852" VPOS="1215" WIDTH="40" HEIGHT="21" WC="0.96" CONTENT="den"/>
						</TextLine>
						<TextLine ID="line_38" HPOS="65" VPOS="1244" WIDTH="829" HEIGHT="24">
							<String ID="string_362" HPOS="65" VPOS="1245" WIDTH="48" HEIGHT="20" WC="0.96" CONTENT="icke"/><SP WIDTH="16" VPOS="1245" HPOS="113"/>
							<String ID="string_363" HPOS="129" VPOS="1247" WIDTH="24" HEIGHT="19" WC="0.96" CONTENT="är"/><SP WIDTH="15" VPOS="1247" HPOS="153"/>
							<String ID="string_364" HPOS="168" VPOS="1246" WIDTH="24" HEIGHT="21" WC="0.96" CONTENT="så"/><SP WIDTH="16" VPOS="1246" HPOS="192"/>
							<String ID="string_365" HPOS="208" VPOS="1247" WIDTH="33" HEIGHT="20" WC="0.96" CONTENT="väl"/><SP WIDTH="16" VPOS="1247" HPOS="241"/>
							<String ID="string_366" HPOS="257" VPOS="1247" WIDTH="118" HEIGHT="21" WC="0.96" CONTENT="motiverad"/><SP WIDTH="17" VPOS="1247" HPOS="375"/>
							<String ID="string_367" HPOS="392" VPOS="1250" WIDTH="32" HEIGHT="18" WC="0.96" CONTENT="att"/><SP WIDTH="15" VPOS="1250" HPOS="424"/>
							<String ID="string_368" HPOS="439" VPOS="1247" WIDTH="50" HEIGHT="21" WC="0.96" CONTENT="dess"/><SP WIDTH="16" VPOS="1247" HPOS="489"/>
							<String ID="string_369" HPOS="505" VPOS="1246" WIDTH="127" HEIGHT="22" WC="0.96" CONTENT="beslutande"/><SP WIDTH="16" VPOS="1246" HPOS="632"/>
							<String ID="string_370" HPOS="648" VPOS="1246" WIDTH="70" HEIGHT="21" WC="0.96" CONTENT="skulle"/><SP WIDTH="17" VPOS="1246" HPOS="718"/>
							<String ID="string_371" HPOS="735" VPOS="1253" WIDTH="51" HEIGHT="14" WC="0.96" CONTENT="vara"/><SP WIDTH="15" VPOS="1253" HPOS="786"/>
							<String ID="string_372" HPOS="801" VPOS="1252" WIDTH="26" HEIGHT="13" WC="0.93" CONTENT="en"/><SP WIDTH="14" VPOS="1252" HPOS="827"/>
							<String ID="string_373" HPOS="841" VPOS="1244" WIDTH="53" HEIGHT="21" WC="0.92" CONTENT="nöd-"/>
						</TextLine>
						<TextLine ID="line_39" HPOS="66" VPOS="1273" WIDTH="828" HEIGHT="30">
							<String ID="string_374" HPOS="66" VPOS="1273" WIDTH="123" HEIGHT="29" WC="0.89" CONTENT="vändighet."/><SP WIDTH="30" VPOS="1273" HPOS="189"/>
							<String ID="string_375" HPOS="219" VPOS="1275" WIDTH="51" HEIGHT="22" WC="0.96" CONTENT="Man"/><SP WIDTH="24" VPOS="1275" HPOS="270"/>
							<String ID="string_376" HPOS="294" VPOS="1275" WIDTH="71" HEIGHT="22" WC="0.93" CONTENT="kunde"/><SP WIDTH="16" VPOS="1275" HPOS="365"/>
							<String ID="string_377" HPOS="381" VPOS="1279" WIDTH="13" HEIGHT="18" WC="0.93" CONTENT="t."/><SP WIDTH="17" VPOS="1279" HPOS="394"/>
							<String ID="string_378" HPOS="411" VPOS="1283" WIDTH="18" HEIGHT="14" WC="0.95" CONTENT="o."/><SP WIDTH="16" VPOS="1283" HPOS="429"/>
							<String ID="string_379" HPOS="445" VPOS="1284" WIDTH="26" HEIGHT="13" WC="0.96" CONTENT="m."/><SP WIDTH="16" VPOS="1284" HPOS="471"/>
							<String ID="string_380" HPOS="487" VPOS="1276" WIDTH="66" HEIGHT="21" WC="0.96" CONTENT="tänka"/><SP WIDTH="24" VPOS="1276" HPOS="553"/>
							<String ID="string_381" HPOS="577" VPOS="1277" WIDTH="32" HEIGHT="26" WC="0.96" CONTENT="sig"/><SP WIDTH="16" VPOS="1277" HPOS="609"/>
							<String ID="string_382" HPOS="625" VPOS="1283" WIDTH="25" HEIGHT="13" WC="0.97" CONTENT="en"/><SP WIDTH="17" VPOS="1283" HPOS="650"/>
							<String ID="string_383" HPOS="667" VPOS="1282" WIDTH="69" HEIGHT="13" WC="0.96" CONTENT="annan"/><SP WIDTH="15" VPOS="1282" HPOS="736"/>
							<String ID="string_384" HPOS="751" VPOS="1273" WIDTH="95" HEIGHT="28" WC="0.96" CONTENT="riktning"/><SP WIDTH="15" VPOS="1273" HPOS="846"/>
							<String ID="string_385" HPOS="861" VPOS="1273" WIDTH="33" HEIGHT="20" WC="0.96" CONTENT="för"/>
						</TextLine>
						<TextLine ID="line_40" HPOS="65" VPOS="1301" WIDTH="828" HEIGHT="30">
							<String ID="string_386" HPOS="65" VPOS="1301" WIDTH="42" HEIGHT="21" WC="0.86" CONTENT="den"/><SP WIDTH="24" VPOS="1301" HPOS="107"/>
							<String ID="string_387" HPOS="131" VPOS="1303" WIDTH="214" HEIGHT="28" WC="0.78" CONTENT="Sydösterbottniska"/><SP WIDTH="22" VPOS="1303" HPOS="345"/>
							<String ID="string_388" HPOS="367" VPOS="1304" WIDTH="76" HEIGHT="27" WC="0.96" CONTENT="banan,"/><SP WIDTH="20" VPOS="1304" HPOS="443"/>
							<String ID="string_389" HPOS="463" VPOS="1305" WIDTH="87" HEIGHT="20" WC="0.96" CONTENT="hvilken"/><SP WIDTH="22" VPOS="1305" HPOS="550"/>
							<String ID="string_390" HPOS="572" VPOS="1304" WIDTH="69" HEIGHT="21" WC="0.96" CONTENT="skulle"/><SP WIDTH="21" VPOS="1304" HPOS="641"/>
							<String ID="string_391" HPOS="662" VPOS="1303" WIDTH="83" HEIGHT="22" WC="0.95" CONTENT="komma"/><SP WIDTH="16" VPOS="1303" HPOS="745"/>
							<String ID="string_392" HPOS="761" VPOS="1305" WIDTH="31" HEIGHT="18" WC="0.93" CONTENT="att"/><SP WIDTH="15" VPOS="1305" HPOS="792"/>
							<String ID="string_393" HPOS="807" VPOS="1302" WIDTH="86" HEIGHT="27" WC="0.92" CONTENT="betjena"/>
						</TextLine>
						<TextLine ID="line_41" HPOS="65" VPOS="1330" WIDTH="829" HEIGHT="31">
							<String ID="string_394" HPOS="65" VPOS="1330" WIDTH="48" HEIGHT="21" WC="0.89" CONTENT="icke"/><SP WIDTH="24" VPOS="1330" HPOS="113"/>
							<String ID="string_395" HPOS="137" VPOS="1331" WIDTH="55" HEIGHT="22" WC="0.91" CONTENT="blott"/><SP WIDTH="21" VPOS="1331" HPOS="192"/>
							<String ID="string_396" HPOS="213" VPOS="1332" WIDTH="69" HEIGHT="21" WC="0.93" CONTENT="denna"/><SP WIDTH="24" VPOS="1332" HPOS="282"/>
							<String ID="string_397" HPOS="306" VPOS="1333" WIDTH="100" HEIGHT="28" WC="0.92" CONTENT="jernvägs"/><SP WIDTH="23" VPOS="1333" HPOS="406"/>
							<String ID="string_398" HPOS="429" VPOS="1333" WIDTH="108" HEIGHT="28" WC="0.93" CONTENT="egentliga"/><SP WIDTH="23" VPOS="1333" HPOS="537"/>
							<String ID="string_399" HPOS="560" VPOS="1333" WIDTH="94" HEIGHT="26" WC="0.91" CONTENT="omräde,"/><SP WIDTH="15" VPOS="1333" HPOS="654"/>
							<String ID="string_400" HPOS="669" VPOS="1335" WIDTH="50" HEIGHT="18" WC="0.93" CONTENT="utan"/><SP WIDTH="23" VPOS="1335" HPOS="719"/>
							<String ID="string_401" HPOS="742" VPOS="1331" WIDTH="63" HEIGHT="21" WC="0.92" CONTENT="äfven"/><SP WIDTH="23" VPOS="1331" HPOS="805"/>
							<String ID="string_402" HPOS="828" VPOS="1330" WIDTH="66" HEIGHT="21" WC="0.96" CONTENT="andra"/>
						</TextLine>
						<TextLine ID="line_42" HPOS="65" VPOS="1358" WIDTH="829" HEIGHT="31">
							<String ID="string_403" HPOS="65" VPOS="1359" WIDTH="82" HEIGHT="21" WC="0.93" CONTENT="trakter"/><SP WIDTH="23" VPOS="1359" HPOS="147"/>
							<String ID="string_404" HPOS="170" VPOS="1361" WIDTH="40" HEIGHT="21" WC="0.93" CONTENT="och"/><SP WIDTH="23" VPOS="1361" HPOS="210"/>
							<String ID="string_405" HPOS="233" VPOS="1361" WIDTH="96" HEIGHT="21" WC="0.91" CONTENT="medföra"/><SP WIDTH="23" VPOS="1361" HPOS="329"/>
							<String ID="string_406" HPOS="352" VPOS="1361" WIDTH="125" HEIGHT="22" WC="0.93" CONTENT="trafikvinst"/><SP WIDTH="24" VPOS="1361" HPOS="477"/>
							<String ID="string_407" HPOS="501" VPOS="1361" WIDTH="33" HEIGHT="22" WC="0.93" CONTENT="för"/><SP WIDTH="19" VPOS="1361" HPOS="534"/>
							<String ID="string_408" HPOS="553" VPOS="1362" WIDTH="160" HEIGHT="27" WC="0.92" CONTENT="jernvägsnätet"/><SP WIDTH="16" VPOS="1362" HPOS="713"/>
							<String ID="string_409" HPOS="729" VPOS="1361" WIDTH="6" HEIGHT="20" WC="0.96" CONTENT="i"/><SP WIDTH="16" VPOS="1361" HPOS="735"/>
							<String ID="string_410" HPOS="751" VPOS="1360" WIDTH="49" HEIGHT="21" WC="0.93" CONTENT="dess"/><SP WIDTH="16" VPOS="1360" HPOS="800"/>
							<String ID="string_411" HPOS="816" VPOS="1358" WIDTH="78" HEIGHT="22" WC="0.93" CONTENT="helhet."/>
						</TextLine>
						<TextLine ID="line_43" HPOS="65" VPOS="1387" WIDTH="829" HEIGHT="31">
							<String ID="string_412" HPOS="65" VPOS="1387" WIDTH="34" HEIGHT="21" WC="0.93" CONTENT="En"/><SP WIDTH="24" VPOS="1387" HPOS="99"/>
							<String ID="string_413" HPOS="123" VPOS="1388" WIDTH="67" HEIGHT="22" WC="0.96" CONTENT="sådan"/><SP WIDTH="24" VPOS="1388" HPOS="190"/>
							<String ID="string_414" HPOS="214" VPOS="1390" WIDTH="124" HEIGHT="27" WC="0.96" CONTENT="sträckning"/><SP WIDTH="24" VPOS="1390" HPOS="338"/>
							<String ID="string_415" HPOS="362" VPOS="1397" WIDTH="49" HEIGHT="14" WC="0.96" CONTENT="vore"/><SP WIDTH="23" VPOS="1397" HPOS="411"/>
							<String ID="string_416" HPOS="434" VPOS="1390" WIDTH="65" HEIGHT="28" WC="0.93" CONTENT="linjen"/><SP WIDTH="24" VPOS="1390" HPOS="499"/>
							<String ID="string_417" HPOS="523" VPOS="1390" WIDTH="46" HEIGHT="21" WC="0.96" CONTENT="från"/><SP WIDTH="23" VPOS="1390" HPOS="569"/>
							<String ID="string_418" HPOS="592" VPOS="1389" WIDTH="145" HEIGHT="22" WC="0.96" CONTENT="Tammerfors"/><SP WIDTH="17" VPOS="1389" HPOS="737"/>
							<String ID="string_419" HPOS="754" VPOS="1389" WIDTH="22" HEIGHT="20" WC="0.93" CONTENT="ät"/><SP WIDTH="16" VPOS="1389" HPOS="776"/>
							<String ID="string_420" HPOS="792" VPOS="1387" WIDTH="102" HEIGHT="22" WC="0.92" CONTENT="nordvest"/>
						</TextLine>
						<TextLine ID="line_44" HPOS="65" VPOS="1415" WIDTH="830" HEIGHT="32">
							<String ID="string_421" HPOS="65" VPOS="1415" WIDTH="57" HEIGHT="22" WC="0.91" CONTENT="förbi"/><SP WIDTH="23" VPOS="1415" HPOS="122"/>
							<String ID="string_422" HPOS="145" VPOS="1417" WIDTH="62" HEIGHT="28" WC="0.96" CONTENT="Kyro"/><SP WIDTH="24" VPOS="1417" HPOS="207"/>
							<String ID="string_423" HPOS="231" VPOS="1418" WIDTH="49" HEIGHT="26" WC="0.96" CONTENT="fors,"/><SP WIDTH="24" VPOS="1418" HPOS="280"/>
							<String ID="string_424" HPOS="304" VPOS="1419" WIDTH="73" HEIGHT="20" WC="0.96" CONTENT="vidare"/><SP WIDTH="22" VPOS="1419" HPOS="377"/>
							<String ID="string_425" HPOS="399" VPOS="1426" WIDTH="77" HEIGHT="21" WC="0.93" CONTENT="genom"/><SP WIDTH="25" VPOS="1426" HPOS="476"/>
							<String ID="string_426" HPOS="501" VPOS="1419" WIDTH="74" HEIGHT="26" WC="0.91" CONTENT="Ikalis,"/><SP WIDTH="19" VPOS="1419" HPOS="575"/>
							<String ID="string_427" HPOS="594" VPOS="1418" WIDTH="37" HEIGHT="21" WC="0.96" CONTENT="der"/><SP WIDTH="23" VPOS="1418" HPOS="631"/>
							<String ID="string_428" HPOS="654" VPOS="1421" WIDTH="58" HEIGHT="18" WC="0.93" CONTENT="stora"/><SP WIDTH="21" VPOS="1421" HPOS="712"/>
							<String ID="string_429" HPOS="733" VPOS="1417" WIDTH="162" HEIGHT="27" WC="0.92" CONTENT="skogsresurser"/>
						</TextLine>
						<TextLine ID="line_45" HPOS="66" VPOS="1445" WIDTH="828" HEIGHT="30">
							<String ID="string_430" HPOS="66" VPOS="1445" WIDTH="77" HEIGHT="26" WC="0.96" CONTENT="finnas,"/><SP WIDTH="16" VPOS="1445" HPOS="143"/>
							<String ID="string_431" HPOS="159" VPOS="1446" WIDTH="40" HEIGHT="21" WC="0.96" CONTENT="och"/><SP WIDTH="23" VPOS="1446" HPOS="199"/>
							<String ID="string_432" HPOS="222" VPOS="1446" WIDTH="23" HEIGHT="22" WC="0.96" CONTENT="sä"/><SP WIDTH="15" VPOS="1446" HPOS="245"/>
							<String ID="string_433" HPOS="260" VPOS="1447" WIDTH="32" HEIGHT="21" WC="0.96" CONTENT="till"/><SP WIDTH="16" VPOS="1447" HPOS="292"/>
							<String ID="string_434" HPOS="308" VPOS="1446" WIDTH="41" HEIGHT="22" WC="0.93" CONTENT="den"/><SP WIDTH="17" VPOS="1446" HPOS="349"/>
							<String ID="string_435" HPOS="366" VPOS="1446" WIDTH="209" HEIGHT="29" WC="0.92" CONTENT="sydösterbottniska"/><SP WIDTH="17" VPOS="1446" HPOS="575"/>
							<String ID="string_436" HPOS="592" VPOS="1447" WIDTH="83" HEIGHT="20" WC="0.93" CONTENT="kusten."/><SP WIDTH="29" VPOS="1447" HPOS="675"/>
							<String ID="string_437" HPOS="704" VPOS="1445" WIDTH="72" HEIGHT="29" WC="0.94" CONTENT="Något"/><SP WIDTH="16" VPOS="1445" HPOS="776"/>
							<String ID="string_438" HPOS="792" VPOS="1445" WIDTH="80" HEIGHT="26" WC="0.96" CONTENT="förslag"/><SP WIDTH="16" VPOS="1445" HPOS="872"/>
							<String ID="string_439" HPOS="888" VPOS="1445" WIDTH="6" HEIGHT="19" WC="0.96" CONTENT="i"/>
						</TextLine>
						<TextLine ID="line_46" HPOS="67" VPOS="1472" WIDTH="828" HEIGHT="31">
							<String ID="string_440" HPOS="67" VPOS="1472" WIDTH="40" HEIGHT="22" WC="0.96" CONTENT="den"/><SP WIDTH="17" VPOS="1472" HPOS="107"/>
							<String ID="string_441" HPOS="124" VPOS="1476" WIDTH="69" HEIGHT="25" WC="0.96" CONTENT="vägen"/><SP WIDTH="18" VPOS="1476" HPOS="193"/>
							<String ID="string_442" HPOS="211" VPOS="1476" WIDTH="35" HEIGHT="20" WC="0.96" CONTENT="vill"/><SP WIDTH="23" VPOS="1476" HPOS="246"/>
							<String ID="string_443" HPOS="269" VPOS="1476" WIDTH="36" HEIGHT="27" WC="0.93" CONTENT="jag"/><SP WIDTH="16" VPOS="1476" HPOS="305"/>
							<String ID="string_444" HPOS="321" VPOS="1476" WIDTH="47" HEIGHT="20" WC="0.90" CONTENT="icke"/><SP WIDTH="14" VPOS="1476" HPOS="368"/>
							<String ID="string_445" HPOS="382" VPOS="1475" WIDTH="53" HEIGHT="28" WC="0.92" CONTENT="yrka"/><SP WIDTH="17" VPOS="1475" HPOS="435"/>
							<String ID="string_446" HPOS="452" VPOS="1475" WIDTH="34" HEIGHT="28" WC="0.96" CONTENT="pä,"/><SP WIDTH="13" VPOS="1475" HPOS="486"/>
							<String ID="string_447" HPOS="499" VPOS="1479" WIDTH="49" HEIGHT="17" WC="0.96" CONTENT="utan"/><SP WIDTH="17" VPOS="1479" HPOS="548"/>
							<String ID="string_448" HPOS="565" VPOS="1475" WIDTH="38" HEIGHT="21" WC="0.96" CONTENT="har"/><SP WIDTH="16" VPOS="1475" HPOS="603"/>
							<String ID="string_449" HPOS="619" VPOS="1474" WIDTH="75" HEIGHT="22" WC="0.96" CONTENT="endast"/><SP WIDTH="16" VPOS="1474" HPOS="694"/>
							<String ID="string_450" HPOS="710" VPOS="1474" WIDTH="57" HEIGHT="21" WC="0.93" CONTENT="velat"/><SP WIDTH="15" VPOS="1474" HPOS="767"/>
							<String ID="string_451" HPOS="782" VPOS="1472" WIDTH="113" HEIGHT="22" WC="0.92" CONTENT="framhälla"/>
						</TextLine>
						<TextLine ID="line_47" HPOS="66" VPOS="1500" WIDTH="830" HEIGHT="31">
							<String ID="string_452" HPOS="66" VPOS="1505" WIDTH="37" HEIGHT="23" WC="0.96" CONTENT="att,"/><SP WIDTH="19" VPOS="1505" HPOS="103"/>
							<String ID="string_453" HPOS="122" VPOS="1503" WIDTH="3" HEIGHT="19" WC="0.93" CONTENT="i"/><SP WIDTH="16" VPOS="1503" HPOS="125"/>
							<String ID="string_454" HPOS="141" VPOS="1502" WIDTH="101" HEIGHT="22" WC="0.93" CONTENT="händelse"/><SP WIDTH="16" VPOS="1502" HPOS="242"/>
							<String ID="string_455" HPOS="258" VPOS="1504" WIDTH="36" HEIGHT="20" WC="0.96" CONTENT="det"/><SP WIDTH="16" VPOS="1504" HPOS="294"/>
							<String ID="string_456" HPOS="310" VPOS="1504" WIDTH="139" HEIGHT="21" WC="0.93" CONTENT="ekonomiska"/><SP WIDTH="17" VPOS="1504" HPOS="449"/>
							<String ID="string_457" HPOS="466" VPOS="1504" WIDTH="114" HEIGHT="21" WC="0.90" CONTENT="resultatet"/><SP WIDTH="15" VPOS="1504" HPOS="580"/>
							<String ID="string_458" HPOS="595" VPOS="1503" WIDTH="23" HEIGHT="21" WC="0.93" CONTENT="af"/><SP WIDTH="14" VPOS="1503" HPOS="618"/>
							<String ID="string_459" HPOS="632" VPOS="1504" WIDTH="116" HEIGHT="27" WC="0.93" CONTENT="jernvägen"/><SP WIDTH="16" VPOS="1504" HPOS="748"/>
							<String ID="string_460" HPOS="764" VPOS="1502" WIDTH="76" HEIGHT="20" WC="0.96" CONTENT="främst"/><SP WIDTH="16" VPOS="1502" HPOS="840"/>
							<String ID="string_461" HPOS="856" VPOS="1500" WIDTH="40" HEIGHT="22" WC="0.96" CONTENT="bör"/>
						</TextLine>
					</TextBlock>
				</ComposedBlock>
				<ComposedBlock ID="cblock_3" HPOS="805" VPOS="1541" WIDTH="21" HEIGHT="17">
					<TextBlock ID="block_2" HPOS="805" VPOS="1541" WIDTH="21" HEIGHT="17">
						<TextLine ID="line_48" HPOS="805" VPOS="1541" WIDTH="21" HEIGHT="17">
							<String ID="string_462" HPOS="805" VPOS="1541" WIDTH="21" HEIGHT="17" WC="0.96" CONTENT="16"/>
						</TextLine>
					</TextBlock>
				</ComposedBlock>
			</PrintSpace>
		</Page>
	</Layout>
</alto>
