1078 1736
205 105 41 21 112
460 114 24 17 R.
498 118 17 12 o.
528 114 25 17 A.
565 115 60 16 1908.
650 115 28 16 30
690 115 65 17 Mars.

204 179 117 21 understöd
344 180 26 21 de
391 184 98 24 nogsamt
510 189 77 13 annars
608 181 68 22 skulle
700 182 101 26 behöfva;
819 181 40 22 och
879 190 32 13 om
928 182 37 20 det
981 182 47 21 icke

205 215 51 14 vore
280 208 46 21 skäl
348 209 33 21 för
402 209 126 26 Ständerna,
551 218 34 13 om
609 210 26 21 de
660 210 68 21 önska
749 210 74 28 föregä
843 210 49 22 med
910 210 95 28 exempel
1022 211 6 20 i

204 236 70 22 denna
297 239 47 25 väg,
359 241 31 17 att
410 238 27 21 dä
459 238 149 22 åstadkomma
625 246 26 14 en
668 239 173 27 skattestegring,
857 246 44 14 som
918 239 110 27 verkligen

204 264 72 22 kunde
302 273 62 13 anses
384 266 94 27 effektiv,
500 275 45 13 som
566 268 109 27 verkligen
699 268 69 20 skulle
783 267 66 21 hafva
864 271 31 17 ett
909 267 119 28 inflytande

204 293 28 28 pä
252 293 163 22 konsumtionen
439 295 39 21 och
495 295 89 22 sälunda
601 296 71 20 kunna
691 296 67 21 blifva
774 295 90 22 ledande
880 296 34 21 för
929 295 99 22 framtida

204 322 225 28 lagstiftningsarbete,

273 351 43 21 För
332 351 56 22 detta
405 352 97 21 ändamål
519 353 69 20 skulle
603 353 36 28 jag
654 360 58 19 anse,
728 355 31 18 att
774 354 5 19 i
797 353 138 21 betraktande
951 353 23 20 af
986 353 41 21 den

203 379 67 28 högre
285 380 110 21 tullsatsen
413 381 26 28 pä
455 381 143 28 importerade
615 381 113 21 utländska
748 381 144 28 spritdrycker
907 381 119 22 Ständerna

204 411 50 18 utan
271 408 46 21 fara
333 409 71 21 kunde
420 413 71 24 stegra
507 411 84 20 skatten
607 410 32 21 till
656 411 53 20 1:80
725 412 12 19 a
753 411 12 20 2
782 411 58 20 mark
856 418 37 20 per
904 411 52 20 liter.
975 410 52 21 Men

203 436 37 21 vid
258 437 70 21 deona
348 438 71 21 starka
441 439 140 27 prisstegring
603 439 27 28 pä
646 439 90 20 bränvin
754 439 95 20 kommer
862 439 46 20 äter
923 440 47 27 igen
985 439 41 21 den

202 464 76 29 frägan
300 469 31 17 att
353 467 61 20 ställa
430 469 33 26 sig
478 475 43 20 upp
538 467 34 21 för
587 475 41 18 oss,
645 470 31 18 att
693 467 35 21 vid
746 468 139 27 prisstegring
908 468 36 20 det
960 468 66 21 mäste

202 496 61 25 tagas
279 495 5 20 i
303 495 137 21 betraktande
457 499 31 17 att
505 496 187 21 bränvinsskatten
710 497 121 20 balanserar
846 499 56 18 emot
915 496 112 21 bevillnin-

201 529 42 20 gen
260 523 34 20 för
310 523 149 28 maltdrycker.
490 525 26 20 Vi
533 525 22 20 få
571 524 115 27 ingalunda
706 524 136 21 underkänna
859 525 40 20 den
912 525 115 28 betydelse,

202 558 45 13 som
268 551 169 28 maltdryckerna
453 554 71 20 kunna
541 553 28 26 få,
585 553 28 21 dä
628 553 36 21 det
679 553 67 27 gäller
762 557 29 17 ett
807 553 157 26 alkoholbehof,
980 561 45 13 som

201 586 78 20 genom
305 580 233 28 skattelagstiftningen
560 582 34 20 för
617 582 88 20 bränvin
731 582 39 20 blir
790 581 120 21 försväradt
930 584 31 18 att
983 582 42 20 till

202 608 123 22 fredsställa
341 609 47 21 med
406 610 117 21 bränvinet.
554 610 83 21 Härvid
654 610 66 21 finnas
738 610 112 21 utländska
866 610 101 28 exempel,
979 618 45 13 som

202 636 48 21 med
267 638 166 28 utomordentlig
449 638 106 28 tydlighet
571 640 45 20 visa
633 639 27 28 pä
675 638 127 22 hithörande
819 639 72 26 vädor,
905 639 73 21 hvilka
989 640 35 27 jag

203 664 57 22 dock
275 666 49 20 icke
340 674 26 13 nu
384 668 94 20 närmare
495 667 37 21 vill
548 668 49 27 ingä
613 668 33 28 pä.

270 693 42 29 Jag
335 702 62 14 anser
419 696 89 20 sälunda
524 699 31 18 att
571 696 62 21 dessa
651 696 37 21 tvä
704 696 79 27 frägor,
805 696 217 28 skatteförhöjningen

201 722 34 21 för
250 722 89 22 bränvin
356 724 41 20 och
407 724 136 21 maltskatten
558 725 115 26 balansera,
684 728 43 17 mot
737 724 120 22 hvarandra
870 724 26 28 pä
907 728 31 18 ett
948 724 76 22 sädant

200 752 48 24 sätt,
266 755 36 22 att,
318 759 33 13 om
371 752 119 22 Ständerna
507 754 110 26 verkligen
633 754 67 20 önska
717 757 49 23 taga
782 754 96 25 initiativ,
894 761 45 13 som
952 753 71 21 kunde

200 782 75 24 utgöra
298 788 25 13 en
348 780 87 28 ledning
457 782 34 20 för
512 782 121 26 framtiden,
655 782 26 21 de
706 782 96 28 omöjligt
825 782 70 21 kunna
919 782 104 21 behandla

200 808 187 22 bränvinsskatten
408 810 123 26 fristäende,
555 814 50 17 utan
629 810 66 22 mäste
716 818 48 13 man
781 810 64 21 hafva
861 810 113 28 utredning
988 810 35 21 be-

199 836 109 22 träffande
332 838 170 28 maltdryekerna
525 839 40 21 och
584 840 136 20 maltskatten
742 839 40 21 och
798 846 54 20 noga
868 839 77 27 afväga
961 839 62 21 dessa

201 865 54 21 bäda
277 867 91 20 skatters
392 867 119 28 inflytande
533 868 28 27 pä
581 868 164 20 konsumtionen
762 868 23 20 af
799 867 62 21 dessa
882 870 80 18 tvenne
977 868 46 27 slag

200 893 23 20 af
245 894 134 28 rusdrycker,
403 896 63 20 innan
487 897 19 20 vi
525 897 38 20 alls
584 896 70 21 kunna
675 896 55 21 fatta
746 896 65 27 något
826 896 106 21 definitivt
948 896 74 21 beslut.

270 923 64 20 Detta
351 931 27 13 nu
394 923 56 22 hvad
469 924 100 21 beträffar
584 924 40 21 den
641 925 107 20 allmänna
766 925 152 27 motiveringen
930 924 40 21 och
982 925 40 20 den

200 951 201 28 skatteförhöjning,
417 960 44 14 som
478 961 27 12 nu
521 955 24 19 är
560 953 126 28 föreslagen.
702 953 42 28 Jag
759 953 68 21 skulle
843 953 61 20 alltså
914 953 34 20 för
958 954 63 27 ingen

199 979 35 20 del
250 979 51 28 vilja
324 980 130 22 understöda
471 981 122 22 Utskottets
607 983 4 19 i
629 983 47 19 mitt
690 983 64 27 tycke
770 981 43 21 lilla
829 981 127 28 förhöjning,
970 985 51 18 utan

199 1007 66 21 hellre
281 1008 28 21 dä
324 1009 79 21 föreslå
419 1017 24 14 en
461 1010 80 21 radikal
558 1011 94 26 stegring
668 1023 26 2 —
710 1018 34 13 om
761 1011 25 27 ej,
802 1010 24 21 sä
841 1010 34 20 mä
886 1010 36 21 det
933 1010 27 21 dä
971 1010 51 21 bero

199 1036 27 27 pä
243 1036 145 29 Regeringens
408 1039 86 27 förslag,
514 1046 46 14 som
577 1039 205 27 öfverhufvudtaget
797 1039 44 20 stär
856 1039 5 20 i
876 1039 82 27 ganska
971 1041 51 18 nära

199 1067 125 26 proportion
342 1066 48 21 med
406 1068 121 27 stegringen
544 1067 22 21 af
583 1067 219 28 lifsmedelspriserna.

269 1093 104 28 Slutligen
390 1095 68 22 skulle
473 1097 36 27 jag
525 1097 50 27 vilja
590 1097 8 20 i
613 1096 140 27 förbigäende
772 1097 55 20 rikta
843 1096 42 27 mig
908 1099 56 17 emot
978 1096 44 21 för-

199 1121 114 29 delningen
338 1123 22 20 af
383 1123 194 26 bränvinsmedlen,
599 1125 69 20 säsom
685 1125 40 20 den
741 1125 5 20 i
764 1124 145 21 betänkandet
926 1124 96 21 föresläs.

270 1151 42 20 Det
328 1153 23 19 är
367 1159 42 21 nog
429 1153 75 27 många
525 1153 169 21 beaktansvärda
710 1153 69 27 saker,
795 1160 45 13 som
855 1153 73 20 funnit
944 1153 55 27 plats
1015 1154 5 19 i

198 1177 125 23 Utskottets
346 1181 85 27 förslag.
461 1181 49 21 Och
533 1182 29 20 de
583 1182 51 27 tyda
653 1182 21 27 ju
691 1182 6 20 i
716 1182 44 20 viss
781 1181 48 21 män
853 1180 27 28 pä
896 1184 30 17 ett
946 1181 76 21 socialt

198 1213 106 21 program,
320 1215 32 14 om
369 1209 66 20 ocksä
451 1213 30 17 ett
496 1210 87 27 mycket
598 1210 150 27 ofullständigt
763 1209 82 21 sädant.
870 1209 43 20 För
928 1210 42 19 min
987 1209 34 21 del

198 1242 64 14 anser
276 1236 35 27 jag
326 1236 37 21 det
379 1237 116 22 emellertid
513 1245 50 14 vara
581 1238 71 21 denna
668 1238 114 27 landtdags
798 1238 53 27 pligt
866 1240 31 18 att
912 1238 5 20 i
934 1238 88 21 främsta

197 1267 93 18 rummet
305 1268 48 25 taga
369 1266 6 20 i
393 1265 140 22 betraktande
552 1267 37 20 det
604 1267 178 26 utomordentligt
797 1266 162 28 betydelsefulla
974 1270 48 24 steg

198 1292 21 20 vi
245 1293 61 20 skola
328 1297 49 24 taga
400 1295 6 20 i
431 1295 145 21 demokratisk
599 1295 101 28 riktning,
724 1295 28 21 dä
776 1295 20 20 vi
815 1294 89 28 öfvergå
924 1295 31 20 till
979 1295 41 21 den

197 1320 107 22 allmänna
319 1324 122 20 rösträtten.
457 1323 38 21 Mä
511 1325 20 20 vi
549 1324 93 26 besinna,
658 1323 53 21 huru
728 1327 45 17 stor
786 1323 34 21 del
831 1323 22 21 af
864 1323 40 20 den
916 1323 105 22 valmans-

197 1348 45 27 kär,
258 1357 46 14 som
320 1351 96 21 kommer
435 1355 32 18 att
483 1352 84 27 deltaga
584 1353 5 20 i
605 1352 27 21 de
652 1352 102 21 framtida
770 1352 69 25 valen,
854 1353 22 19 är
892 1351 128 22 oförberedd

196 1376 36 22 för
248 1378 114 27 desamma,
378 1380 41 21 och
434 1380 53 21 huru
503 1383 50 18 nära
570 1381 36 20 det
622 1381 38 20 bör
675 1381 57 27 ligga
748 1388 36 13 oss
799 1388 33 13 om
843 1380 78 28 hjertat
931 1384 31 17 att
973 1381 47 20 med

196 1405 28 21 de
247 1407 76 26 medel,
346 1415 45 14 som
412 1409 33 20 stä
461 1417 34 13 oss
514 1409 31 21 till
565 1409 60 27 buds,
643 1409 59 27 gifva
719 1409 102 28 impulser
843 1409 31 20 till
890 1416 26 13 en
933 1409 88 21 effektiv

197 1435 160 28 undervisning,
381 1445 44 12 som
446 1437 70 21 kunde
539 1445 39 20 ega
601 1445 45 13 rum
668 1438 26 27 pä
716 1437 141 28 mängfaldigt
874 1439 42 18 sätt
932 1439 5 19 i
954 1437 68 21 likhet

197 1462 48 21 med
256 1465 130 27 exempelvis
396 1466 312 27 nykterhetsundervisningen,
716 1473 76 20 genom
799 1465 137 26 ströskrifter,
944 1473 76 20 genom

197 1492 129 26 utgifvande
341 1493 23 21 af
381 1494 126 21 läroböcker
521 1496 7 19 i
545 1494 172 21 samhällslärans
733 1494 99 28 grunder,
849 1501 77 20 genom
942 1494 79 21 bibrin-
