1078 1736
192 110 40 21 110
446 117 25 16 R.
484 121 18 12 o.
514 117 25 16 A.
552 116 60 17 1906.
636 116 28 17 30
676 116 65 17 Mars.

192 191 48 14 men
257 183 45 22 året
318 185 52 20 1901
389 191 38 14 var
442 187 31 18 ett
488 184 99 21 abnormt
605 184 29 21 år.
664 184 114 22 Utskottet
793 184 38 21 har
847 184 105 27 nämligen
968 184 48 21 icke

192 213 80 20 lemnat
295 213 68 27 nägon
386 213 74 21 vidare
483 213 119 28 förklaring
624 213 32 20 till
679 213 71 21 denna
771 213 65 20 tabell
855 213 41 21 och
916 212 41 21 den
974 212 41 21 kan

192 241 74 21 derför
289 241 67 21 blifva
378 241 50 22 svår
450 245 32 18 att
497 241 69 22 förstå
585 242 34 21 för
635 241 95 28 mången.
761 241 32 28 Ty
810 241 37 22 det
861 241 66 21 finnes
944 241 33 20 för
992 241 26 21 år

193 271 53 20 1901
264 277 26 14 en
306 271 64 27 skarp
385 273 58 25 spets
460 270 56 21 hvad
534 270 106 28 mängden
655 270 23 21 af
693 271 105 27 importen
812 270 108 21 beträffar.
946 269 71 21 Varu-

192 298 77 21 värdet
290 298 119 22 beräknadt
427 298 35 22 vid
482 299 175 21 tullkammarens
674 298 55 26 dörr,
745 298 28 21 då
788 298 156 28 utklareringen
961 298 55 27 egde

192 334 52 18 rum,
264 328 61 27 utgör
348 326 33 22 för
401 327 37 21 det
456 327 46 21 året
517 328 111 25 3,477,000
645 327 64 21 mark.
741 327 65 21 Detta
822 326 93 22 berodde
932 326 26 28 på
974 326 41 22 den

193 356 112 28 tullpanik,
324 362 44 14 som
388 356 100 28 uppstod,
509 358 37 18 när
562 355 36 22 det
614 364 37 12 var
666 356 59 28 fråga
742 363 33 13 om
792 363 25 13 en
833 356 58 20 stark
907 355 87 28 höjning
1009 356 6 20 i

192 384 141 21 tullsatserna.
364 384 32 21 En
418 360 101 57 liknande
542 385 104 27 tullpanik
666 384 38 21 har
722 384 70 22 såsom
819 384 79 21 bekant
916 387 36 25 egt
970 392 45 13 rum

192 412 65 22 äfven
281 412 67 22 under
370 413 59 21 detta
452 413 28 21 år.
511 413 34 21 En
568 413 85 21 likadan
675 416 59 25 spets
754 413 95 21 kommer
864 412 72 22 derför
951 412 64 22 äfven

192 441 70 21 under
282 442 143 20 innevarande
447 442 24 21 år
486 445 32 17 att
536 442 84 28 uppstå.
650 442 50 20 Men
722 441 46 21 blef
783 441 72 22 siffran
872 442 34 20 för
920 441 24 21 år
960 442 55 21 1900

192 470 100 21 abnormt
312 473 50 23 stor,
380 470 23 21 så
423 472 22 19 är
461 470 72 22 siffran
550 470 34 21 för
598 470 24 21 år
639 471 52 21 1901
709 470 98 21 abnormt
823 470 57 21 liten.
909 470 63 21 Först
988 470 27 21 de

192 498 95 28 följande
313 498 50 22 åren
387 499 84 21 komma
495 499 94 21 normala
608 499 69 21 siffror
692 499 33 21 till
741 506 70 21 synes.
841 499 65 21 Detta
921 498 55 21 hade
992 498 24 21 af

193 526 113 22 Utskottet
337 527 47 21 bort
407 528 92 28 påvisas.
537 528 46 20 Här
606 528 67 21 skulle
696 528 67 20 finnas
787 528 103 27 åtskilligt
910 529 56 19 ännu
983 530 32 18 att

192 556 101 21 anmärka
309 557 5 19 i
330 558 79 19 smärre
427 556 94 28 detaljer.
551 556 42 28 Jag
608 557 36 20 vill
661 556 38 21 här
714 556 86 28 förbigå
815 556 54 21 dem.
899 556 62 21 Dock
978 556 36 20 vill

192 585 34 27 jag
248 584 131 21 återkomma
402 585 32 20 till
458 585 56 21 hvad
530 585 35 28 jag
580 593 62 13 anser
658 593 49 13 vara
723 585 150 21 hufvudsaken
890 585 5 20 i
912 592 25 13 en
953 584 61 28 fråga

193 613 22 20 af
236 613 70 20 denna
330 616 66 23 natur,
416 614 106 27 nämligen
546 617 31 17 att
599 613 41 22 den
657 613 116 22 behandlas
796 613 172 28 skattepolitiskt,
983 616 32 17 att

193 641 48 22 dess
265 641 105 22 fiskaliska
392 642 41 21 och
448 642 118 21 finansiella
590 646 61 17 natur
667 642 78 21 blifver
761 642 48 21 fullt
825 641 82 24 utredd,
923 645 36 23 att,
976 643 38 19 när

193 678 47 13 man
257 670 90 21 föreslår
362 678 26 13 en
404 671 24 20 så
443 671 97 28 ansenlig
558 671 81 28 ökning
654 678 45 14 som
715 672 27 20 40
751 671 28 26 %
794 671 13 20 å
818 671 12 20 5
842 671 100 24 miljoner,
960 678 54 20 upp-

191 698 85 28 gående
298 699 90 21 sålunda
409 699 31 21 till
463 707 38 20 par
516 700 96 28 miljoner
628 699 58 22 mark
702 707 34 14 om
753 699 51 27 året,
819 699 37 21 det
872 679 54 41 dock
944 699 71 20 blefve

193 727 129 21 motiveradt
337 731 31 17 att
383 732 30 17 ett
429 728 76 21 sådant
515 728 138 21 skattebehof
663 729 115 20 förefinnes
794 728 34 21 för
839 728 64 27 några
914 727 100 28 speciella

193 755 105 29 uppgifna
320 756 104 21 ändamål.
454 757 44 21 Det
513 765 63 20 synes
593 758 43 26 mig
651 760 30 17 att
698 757 113 22 Utskottet
826 757 68 20 skulle
911 756 103 28 betydligt

193 792 57 13 mera
272 784 68 21 stärkt
362 786 32 20 sin
418 785 86 22 fordran
528 786 28 28 på
576 785 70 21 denna
669 786 71 20 starka
763 785 199 27 skatteförhöjning,
980 792 34 13 om

193 813 113 21 Utskottet
327 814 55 20 visat
401 817 31 18 att
454 814 275 21 kommunikationsfonden
751 821 51 14 vore
819 815 4 19 i
841 813 65 21 behof
926 815 21 19 af
971 813 43 21 för-

192 842 117 27 stärkning,
331 842 51 21 eller
403 850 33 13 om
457 843 113 21 Utskottet
592 843 67 21 skulle
679 843 123 27 ytterligare
824 842 98 21 hänvisat
936 842 31 21 till
983 845 31 18 att

192 870 36 20 det
251 870 48 20 med
315 870 69 21 denna
400 871 98 28 förhöjda
514 871 57 21 skatt
587 871 65 21 afsett
667 874 32 18 att
715 878 109 14 reservera
841 870 68 21 medel
925 870 33 21 för
972 870 41 21 den

192 899 217 27 försäkringsantsalt,
425 907 45 13 som
490 907 74 14 senare
588 902 122 18 omnämnes
733 900 41 20 och
797 899 64 21 äfven
885 899 37 21 här
940 899 22 21 af
980 898 35 22 Hr

192 927 121 21 Schauman
331 928 87 21 berörts.
448 928 44 21 Det
507 928 110 21 förefaller
632 930 42 26 mig
690 930 74 19 nästan
781 928 152 27 tvifvelaktigt,
948 927 64 21 huru-

192 956 50 20 vida
266 955 126 27 Ständerna,
415 960 49 18 utan
487 960 31 18 att
541 957 164 21 Statsutskottet
727 957 39 21 har
787 959 67 25 yttrat
875 957 32 27 sig
922 957 6 20 i
944 956 70 21 denna

192 984 67 28 fråga,
282 992 37 13 ens
343 985 70 21 kunna
435 986 73 20 skrida
530 986 32 20 till
586 986 69 20 beslut
674 993 34 13 om
725 986 70 20 denna
819 985 116 27 bevillning
957 984 56 21 hvad

191 1012 102 29 beloppet
309 1013 109 22 beträffar.
447 1014 33 28 Ty
496 1014 67 28 enligt
579 1015 12 26 $
607 1015 26 21 37
650 1014 23 21 L.
689 1014 27 21 O.
732 1014 39 22 har
785 1014 165 21 Statsutskottet
960 1013 55 21 först

191 1044 31 18 att
238 1041 74 21 utreda
329 1042 103 21 behofvet
447 1043 23 20 af
484 1043 56 21 ökad
556 1043 124 27 bevillning,
697 1044 63 20 innan
777 1042 120 22 Ständerna
909 1042 60 27 ätaga
982 1043 33 27 sig

191 1077 25 13 en
234 1070 73 20 sädan.
336 1070 42 28 Jag
401 1071 37 21 vill
461 1071 69 21 säsom
554 1072 62 27 sagdt
640 1072 46 20 icke
710 1072 55 20 neka
785 1071 31 21 till
836 1074 30 18 att
882 1070 45 22 skäl
944 1070 70 22 kunna

192 1098 114 21 förefinnas
330 1099 34 21 för
384 1099 70 21 denna
474 1100 158 28 skatteökning,
652 1108 46 12 men
715 1100 42 21 den
774 1100 38 20 bör
827 1100 55 20 klart
896 1100 120 20 motiveras.

190 1126 42 28 Jag
251 1127 68 21 skulle
339 1127 73 21 derför
427 1128 68 21 tilläta
511 1130 43 26 mig
569 1128 79 22 föreslä
663 1128 137 22 beträffande
818 1128 122 22 Utskottets
958 1128 56 20 kläm

192 1156 26 26 pä
241 1156 40 20 sid.
305 1157 31 23 14,
352 1156 38 21 der
413 1157 173 28 skattebeloppet
608 1157 93 26 fastsläs,
723 1160 32 17 att
777 1157 70 20 denna
871 1156 54 21 kläm
946 1156 69 20 skulle

191 1185 121 20 remitteras
328 1184 31 21 till
376 1184 165 22 Statsutskottet
556 1185 34 21 för
606 1185 124 28 afgifvande
746 1185 23 21 af
783 1185 106 28 yttrande,
910 1184 104 21 huruvida

191 1219 25 14 en
234 1212 24 21 sä
277 1213 57 20 stark
358 1213 80 28 ökning
454 1214 23 21 af
492 1214 84 21 skatten
592 1216 23 19 är
631 1213 22 22 af
669 1214 109 25 behofvet,
796 1213 41 22 och
853 1213 33 21 för
901 1216 30 18 att
946 1212 70 22 Stats-

191 1241 107 20 utskottet
320 1241 34 21 mä
376 1242 68 21 tillika
463 1242 84 21 komma
563 1243 20 20 in
601 1242 46 21 med
672 1243 87 26 förslag,
777 1243 53 20 huru
854 1242 70 21 denna
946 1241 69 22 ökade

191 1269 59 20 skatt
265 1269 53 21 skall
335 1270 116 25 användas,
467 1271 104 21 huruvida
587 1271 41 21 den
645 1272 4 19 i
667 1272 31 20 sin
710 1271 72 21 helhet
795 1271 55 20 skall
861 1270 108 21 användas
982 1270 34 21 för

191 1298 291 22 kommunikationsfondens
502 1299 155 27 förstärkande,
681 1300 51 21 eller
751 1307 32 14 om
803 1299 61 21 deraf
880 1299 52 20 skall
948 1306 67 14 reser-

191 1333 62 14 veras
277 1327 69 20 medel
365 1327 33 21 för
414 1328 66 20 andra
496 1328 104 21 ändamäl.
619 1328 142 21 Beträffande
777 1328 123 21 Utskottets
917 1327 54 21 kläm
988 1327 27 29 pä

191 1355 54 20 sidd.
265 1355 82 21 40—41
368 1355 71 22 kunde
455 1357 63 20 äfven
531 1357 67 21 finnas
610 1357 104 28 ätskilligt
725 1361 32 16 att
773 1359 56 25 säga,
845 1363 47 14 men
909 1356 35 21 det
960 1357 54 20 skall

189 1384 35 27 jag
241 1383 69 21 lemna
326 1385 31 20 till
374 1392 80 13 senare.

262 1441 32 20 Hr
317 1448 55 14 von
397 1441 119 22 Wendt:
546 1442 41 28 Jag
603 1442 68 21 skulle
688 1443 51 27 vilja
756 1445 92 25 upptaga
864 1442 65 27 nägra
945 1442 69 27 punk-

191 1472 33 17 ter
246 1469 33 20 till
302 1469 136 29 behandling,
462 1478 44 13 som
530 1471 34 27 jag
587 1478 62 14 anser
666 1471 47 21 icke
729 1471 6 20 i
754 1470 102 28 tillbörlig
879 1470 47 21 män
949 1470 66 21 hafva

191 1497 73 21 blifvit
288 1498 127 21 beaktade
408 1493 17 39 i
436 1498 122 22 Utskottets
575 1499 140 21 betänkande.
746 1498 44 23 Väl
813 1499 99 21 vetande.
926 1501 30 19 att
978 1498 40 21 här
