1078 1736
350 116 263 21 Jernvägsbyggnaderna.
859 109 39 20 217

76 184 27 21 då
119 184 92 21 Nurmes
227 185 5 19 i
250 183 23 22 så
288 184 41 28 hög
344 184 53 28 grad
413 184 68 21 skulle
498 186 82 19 närmas
597 184 30 21 till
642 185 165 27 jernvägsnätet,
818 184 82 20 hvilket

75 213 69 21 skulle
161 212 112 21 framföras
290 212 55 21 ända
370 213 32 21 till
419 212 85 24 Lieksa,
521 220 45 14 som
588 212 60 21 torde
664 214 77 26 utgöra
756 220 62 13 norra
832 212 68 20 Kare-

76 241 45 21 lens
138 241 106 27 naturliga
260 241 98 21 handels-
374 241 40 21 och
428 242 182 20 rörelsecentrum.
640 241 41 27 Jag
705 241 41 21 kan
771 241 46 21 icke
833 240 68 21 förstä

76 272 65 18 annat
163 271 27 19 än
213 273 31 17 att
266 269 92 21 Nurmes
381 270 101 20 samhälle
505 270 68 21 skulle
597 270 64 20 vinna
682 269 27 28 pä
731 274 31 16 att
778 270 83 20 komma
877 268 23 21 sä

77 298 84 27 mycket
178 299 96 20 närmare
289 299 116 26 jernvägen
425 300 25 19 än
467 298 55 21 hvad
539 298 104 21 härintills
660 299 55 20 varit
731 298 65 20 fallet.
827 297 73 21 Skulle

76 326 36 21 det
137 326 66 21 sedan
226 326 94 21 befinnas
344 327 74 27 nödigt
440 329 32 19 att
488 327 69 28 bygga
577 327 69 20 denna
663 326 134 21 äterstäende
815 326 30 20 bit
860 325 40 21 och

76 355 69 20 skulle
161 355 276 21 kommunikationsfonden
454 355 36 20 vid
507 363 25 13 en
550 355 51 21 eller
616 363 69 13 annan
703 354 102 28 landtdag
816 354 84 21 befinna

76 384 33 27 sig
125 384 6 20 i
147 383 37 21 det
200 383 91 28 lyckliga
308 384 46 27 läge
371 387 31 17 att
418 383 27 29 pä
461 384 64 28 linjen
543 383 200 22 Lieksa--Nurmes
760 384 71 20 kunna
847 390 55 20 upp-

76 412 55 21 offra
146 413 13 20 4
175 413 102 26 miljoner,
293 412 23 21 sä
332 414 22 19 är
370 413 62 26 ingen
448 413 68 20 skada
531 412 75 21 skedd.
632 412 42 28 Jag
690 412 36 21 vill
742 412 47 21 icke
805 411 50 28 ingä
871 411 30 20 vi-

77 440 50 21 dare
150 440 27 28 pä
201 441 58 20 detta
280 441 92 21 omräde.
401 441 42 27 Jag
465 441 75 21 tänker
562 441 72 28 hvarje
655 441 89 21 medlem
761 440 22 21 af
799 440 25 21 R.
840 447 19 14 o.
876 441 24 19 A.

77 469 73 21 blifvit
166 469 106 21 trakterad
291 469 46 21 med
355 477 41 20 nog
413 469 23 22 sä
451 469 76 28 mänga
544 469 74 22 siffror
634 469 41 22 och
685 470 133 27 synpunkter
833 468 69 21 under

76 499 53 20 sistä
147 498 87 25 veckan,
250 498 88 21 hvarför
352 499 35 27 jag
403 499 54 20 blott
477 498 37 21 ber
536 502 31 17 att
583 498 23 21 fä
622 498 84 21 förorda
722 498 69 21 säsom
807 505 26 13 en
850 499 52 18 rätt-

77 527 32 20 vis
127 526 39 21 och
183 527 96 27 praktisk
296 527 84 28 lösning
396 527 40 20 den
454 527 68 28 fjerde
538 528 165 20 reservationen.

146 583 34 21 Hr
197 583 222 22 Wallensköld:
442 584 76 21 Under
534 584 40 20 den
591 583 131 28 föregäende
737 584 105 20 allmänna
858 582 44 21 dis-

80 612 114 21 kussionen
211 620 37 12 var
258 613 35 27 jag
304 612 64 21 redan
370 606 10 38 i
398 612 84 21 tillfälle
498 616 31 17 att
545 614 69 19 erinra
630 620 39 17 om,
685 615 31 18 att
732 612 119 21 Ständerna
865 610 35 21 vid

80 642 53 20 1900
150 641 34 20 års
201 640 102 28 landtdag
326 641 38 21 hos
388 641 135 28 Regeringen
548 641 84 21 anhöllo
648 648 33 14 om
699 642 122 27 propositon
839 639 62 28 angä-

78 669 54 21 ende
149 669 123 28 byggandet
286 670 23 20 af
325 677 25 13 en
368 670 54 20 bana
438 669 46 21 frän
500 670 96 21 Joensuu
612 670 31 20 till
660 669 97 27 Nurmes,
768 668 83 28 gäende
864 676 37 12 an-

77 698 73 27 tingen
168 701 104 17 vesterom
289 698 120 28 Pielisjärvi
426 706 76 19 genom
522 698 71 21 Juuka
610 698 51 21 eller
676 700 91 19 österom
784 697 71 21 denna
870 698 31 26 sjö

77 734 77 20 genom
179 726 123 28 Uimaharju
326 727 40 21 och
388 727 85 21 Lieksa.
511 727 34 21 Nu
572 727 116 27 föreligger
713 734 25 13 en
762 726 64 27 nädig
854 732 47 21 pro-

78 756 91 48 paita
194 762 33 14 om
244 758 36 23 att,
302 756 66 26 enligt
391 756 37 20 det
451 763 75 13 senare
549 756 142 23 alternativet,
712 755 68 28 bygga
805 762 24 13 en
847 754 55 20 bana

88 783 36 21 rän
140 783 95 21 Joensuu
252 791 76 20 genom
345 784 80 21 Lieksa
440 784 33 21 till
489 784 97 21 Nurmes.
607 784 56 20 Frän
675 785 42 20 min
729 784 109 27 synpunkt
849 782 53 26 sedt,

79 812 66 21 borde
161 812 119 21 Ständerna
296 812 48 22 icke
360 816 50 17 utan
434 813 47 21 fullt
496 813 98 27 vägande
610 813 45 20 skäl
672 812 75 28 frängä
763 813 32 20 sin
811 811 91 28 tidigare

79 840 139 29 ständpunkt,
233 841 39 21 och
288 842 36 27 jag
340 841 66 21 mäste
431 842 119 27 uppriktigt
566 842 103 25 bekänna,
685 844 32 18 att
731 840 57 22 hvad
804 847 45 14 som
866 847 36 13 an-

80 869 53 20 förts
157 869 32 20 till
212 869 82 21 förmån
319 869 33 21 för
374 877 26 13 en
423 870 123 27 sträckning
563 869 238 22 VärtsiläHiiskoski
818 876 18 13 o.
852 876 15 13 s.
884 875 18 14 v.

80 901 75 17 norrut
169 897 32 21 till
216 897 93 22 Nurmes
332 898 48 21 icke
396 898 110 21 förefaller
528 899 43 27 mig
586 905 50 14 vara
653 898 22 21 af
691 898 40 21 den
748 897 154 26 beskaffenhet,

80 929 30 18 att
127 925 119 22 Ständerna
262 927 68 20 skulle
347 926 64 21 hafva
428 927 45 20 skäl
490 930 30 18 att
536 927 76 27 frängä
627 927 32 20 sin
670 927 90 27 tidigare
771 925 132 28 ständpunkt

80 955 7 20 i
103 955 78 27 frägan.
211 955 43 20 Det
270 955 38 21 har
322 955 127 21 framhällits
464 955 111 28 grundade
592 955 45 21 skäl
654 955 34 21 för
699 954 122 29 byggandet
831 954 23 21 af
868 954 34 20 ba-

80 991 41 13 nan
139 983 117 21 Joensuu—
265 978 199 36 Lieksa—-Nurmes
488 984 65 21 också
568 983 36 22 vid
624 984 69 21 denna
709 983 110 27 landtdag,
834 982 45 21 dels
896 983 5 20 i

79 1013 161 20 reservationen
256 1013 40 20 N:o
312 1013 19 24 3,
348 1012 45 21 dels
409 1014 6 19 i
432 1012 40 21 den
496 1013 134 28 synnerligen
653 1012 75 28 rikliga
745 1011 157 28 broschyrlitte-

79 1045 65 21 ratur,
159 1048 45 13 som
222 1041 112 20 utkommit
356 1041 48 21 med
420 1041 115 28 anledning
550 1041 22 27 af
588 1041 26 20 de
630 1041 57 21 olika
703 1041 106 27 förslagen
827 1047 33 14 om
877 1047 25 13 en

80 1069 140 28 fortsättning
235 1069 23 21 af
272 1069 42 21 den
331 1069 106 22 Karelska
454 1070 75 21 banan.
552 1070 72 21 Äfven
641 1069 22 21 af
679 1077 25 13 en
720 1069 49 21 ärad
786 1069 73 25 talare,
871 1068 33 21 Hr

80 1097 145 26 Svinhufvud,
240 1097 38 22 har
294 1105 50 21 nyss
366 1098 128 21 framhållits
518 1098 105 21 särskilda
638 1098 85 21 talande
739 1098 46 21 skäl
801 1098 34 20 för
850 1097 53 20 fort-

80 1126 110 21 sättandet
204 1127 23 20 af
242 1127 41 20 den
295 1127 107 20 Karelska
419 1127 69 20 banan
504 1130 74 18 norrut
593 1127 54 20 ifrån
663 1127 102 21 Joensuu.
788 1126 43 21 Det
847 1125 57 21 före-

80 1155 62 20 faller
162 1156 43 26 mig
228 1155 82 21 således
333 1155 163 28 ovedersägligt
515 1159 37 22 att,
567 1162 33 14 om
620 1163 47 13 man
683 1159 50 17 utan
750 1155 65 27 några
831 1154 72 28 bisyn-

80 1183 92 27 punkter
187 1190 34 14 ser
236 1183 28 28 på
280 1184 74 25 saken,
370 1191 48 13 man
438 1184 48 20 icke
507 1184 40 20 kan
564 1184 83 20 komma
663 1184 32 20 till
711 1183 64 28 något
791 1185 66 19 annat
871 1190 32 13 re-

80 1211 65 20 sultat
168 1213 27 19 än
211 1215 31 17 att
265 1211 41 21 den
330 1212 105 27 naturliga
459 1212 151 27 utvecklingen
628 1212 22 20 af
665 1212 37 21 det
717 1211 108 22 Karelska
839 1213 65 18 stam-

81 1239 115 22 banenätet
206 1242 23 19 är
240 1248 25 13 en
277 1241 140 27 fortsättning
430 1240 47 21 från
494 1241 40 20 den
551 1241 123 20 nuvarande
688 1240 131 27 nordligaste
835 1239 69 28 punk-

79 1271 43 23 ten,
137 1268 102 27 Joensuu,
255 1276 25 13 en
303 1269 129 28 sträckning,
448 1277 46 13 som
511 1269 33 21 väl
560 1270 5 19 i
583 1269 113 21 framtiden
713 1269 74 20 vidare
809 1268 95 21 kommer

79 1300 31 17 att
126 1297 110 21 fortsättas
260 1297 62 22 öfver
342 1297 92 21 Nurmes
456 1297 32 21 till
504 1297 90 28 Kajana.
624 1297 42 28 Jag
682 1297 67 21 skulle
765 1296 97 26 sålunda,
877 1295 27 29 på

79 1325 69 27 grund
172 1325 23 21 af
217 1325 70 22 denna
310 1327 42 20 min
369 1326 140 28 ståndpunkt,
525 1334 50 13 vara
590 1326 49 21 fullt
655 1333 50 14 ense
721 1333 33 14 om
771 1329 31 17 att
817 1324 87 21 förorda

79 1355 159 20 reservationen
261 1354 43 21 N:o
320 1356 19 20 3.
368 1355 36 20 Nu
427 1358 44 17 tror
493 1355 35 28 jag
544 1355 123 26 emellertid,
682 1358 31 17 att
733 1362 47 13 man
797 1353 48 22 icke
860 1353 44 20 helt

80 1382 39 21 och
135 1382 67 21 hållet
225 1383 41 20 kan
290 1383 72 21 frånse
384 1383 42 21 den
442 1383 118 22 finansiella
576 1383 60 21 sidan
652 1383 23 21 af
690 1383 72 21 saken.
793 1382 58 27 Nyss
867 1381 37 21 har

79 1411 59 20 detta
159 1411 61 21 stånd
238 1411 88 22 beslutit
342 1411 123 29 byggandet
486 1412 22 21 af
524 1419 25 14 en
565 1413 88 26 jernväg
669 1411 47 21 från
732 1411 64 21 Kemi
813 1411 32 20 till
861 1410 43 21 Ro-

80 1440 98 25 vaniemi,
195 1446 25 14 en
238 1440 59 24 bana,
313 1447 45 14 som
376 1440 114 21 beräknats
507 1441 83 20 komma
602 1444 32 16 att
645 1441 60 19 kosta
717 1440 111 26 9,312,000
841 1439 63 19 mark.

79 1467 44 21 Det
135 1469 24 19 är
169 1468 64 20 äfven
246 1468 85 28 mycket
346 1468 79 28 troligt,
440 1472 32 17 att
481 1468 57 21 detta
554 1468 123 28 Höglofliga
693 1468 61 21 stånd
767 1468 94 20 kommer
874 1470 31 17 att

79 1496 90 21 omfatta
193 1496 103 28 förslaget
320 1504 32 13 om
377 1496 123 28 byggandet
523 1497 22 21 af
568 1505 25 13 en
615 1497 54 21 bana
685 1497 46 20 från
749 1496 108 28 Seinäjoki
873 1494 31 21 till
