1081 1742
198 122 45 20 356
477 130 25 16 R.
516 134 17 12 o.
546 130 25 16 A.
584 130 60 17 1908.
665 130 29 16 28
706 130 50 20 Maj.

197 195 116 22 ställande.
342 196 52 22 Man
410 196 38 22 har
463 198 55 20 visst
534 197 27 29 pä
577 198 77 28 mänga
670 197 43 22 häll
730 197 89 26 befarat,
834 200 31 18 att
882 196 35 22 vid
929 204 26 14 en
967 203 64 15 even-

196 224 47 21 tuel
257 220 7 39 *
275 226 307 28 representationsförändring
605 226 42 21 den
671 226 108 28 utgående
799 225 137 21 aristokratin
962 224 68 22 skulle

198 254 70 20 mötas
291 254 6 20 i
321 253 75 22 dörren
419 254 23 21 af
464 254 138 29 plutokratin,
624 255 34 21 för
680 259 32 17 att
728 256 90 20 ersättas
834 254 23 21 af
872 254 76 21 denna.
978 253 51 21 Men

198 281 44 21 lika
267 281 47 22 litet
329 282 34 28 jag
378 282 83 21 fruktar
476 283 34 20 för
525 286 32 18 att
573 283 41 21 den
630 283 66 26 förra,
711 291 33 13 om
761 283 41 20 den
819 283 56 27 finge
890 282 85 27 handla,
992 289 39 13 nu-

199 317 58 14 mera
281 310 69 21 skulle
373 311 50 28 vilja
445 311 66 28 draga
534 312 38 20 sitt
587 311 64 22 svärd
667 312 35 21 för
716 319 70 14 annan
812 312 57 27 kung
885 313 26 19 än
928 311 45 28 Lag
989 309 41 22 och

196 337 150 23 demokratisk
367 339 142 29 lagstiftning,
531 340 43 21 lika
598 341 44 20 fast
664 342 24 19 är
708 341 36 28 jag
759 339 129 28 öfvertygad
905 339 78 27 derom,
999 342 31 18 att

198 367 145 27 guldpäsarna
365 368 68 27 aldrig
457 370 5 19 i
480 369 47 20 vårt
542 369 50 20 land
609 369 67 21 blifva
693 369 31 21 till
740 368 126 29 guldhögar,
881 373 23 24 ty
918 369 112 28 ingenting

198 397 24 19 är
240 403 25 13 sä
287 396 47 21 litet
349 397 112 21 stationärt
476 405 46 13 som
538 397 77 22 silfver
630 397 42 22 och
686 398 58 27 guld.
774 397 133 28 Penningen,
923 397 18 28 ej
957 397 34 21 för
1006 403 23 14 ro

198 424 56 21 skull
271 425 61 26 rund,
346 425 62 28 byter
423 425 63 22 snabt
501 433 34 14 om
552 433 68 20 egare.
649 426 52 21 Men
718 434 34 13 om
769 425 119 28 nägonting
903 425 95 22 deremot
1007 427 23 18 är

197 453 174 28 stadigvarande,
393 456 24 19 är
439 456 65 27 evigt,
526 455 24 21 sä
572 457 24 18 är
615 455 36 21 det
668 455 160 28 intelligensens
845 455 64 25 makt,
924 454 41 21 den
982 453 47 22 med

198 481 41 21 den
263 482 68 21 sunda
348 483 62 21 enkla
426 483 117 21 folkanden
560 483 124 28 beslägtade
700 483 62 27 kraft,
779 491 46 13 som
841 483 44 28 just
899 490 78 21 genom
993 483 37 20 all-

198 511 48 20 män
270 512 87 20 rösträtt
379 511 24 22 sä
425 512 134 27 småningom
583 512 38 21 bör
637 513 72 20 kunna
725 513 85 20 komma
825 515 32 18 att
871 513 52 26 göra
938 512 33 27 sig
987 519 44 13 mer

198 539 53 20 hörd
272 539 39 22 och
329 539 67 22 blifva
407 548 44 13 mer
461 541 99 28 gällande
572 542 30 19 uti
620 541 47 21 vårt
682 541 102 28 politiska
800 540 26 21 lif
841 542 26 19 än
883 540 56 21 hvad
955 540 74 21 hittills

198 568 55 20 varit
269 568 65 21 fallet.
364 569 43 21 Det
422 571 23 19 är
461 569 69 22 denna
547 569 58 22 kraft
620 577 46 14 som
682 569 68 22 måste
766 569 29 21 bli
811 569 100 28 frigjord!

268 596 51 22 Man
343 597 38 21 har
403 598 132 21 klandrande
558 599 54 20 talat
634 606 33 13 om
692 598 75 21 adelns
781 597 192 28 sjelfskrifvenhet,
988 597 41 21 och

196 624 48 21 deri
268 625 67 28 ligger
354 626 21 28 ju
398 630 50 17 utan
464 627 126 28 gensägelse
606 627 86 28 mycket
707 627 126 27 otidsenligt
849 627 41 20 och
906 625 124 22 föråldradt.

198 653 52 21 Men
277 656 58 19 ännu
358 655 55 21 hade
436 655 123 28 lyckligtvis
583 656 54 25 icke,
660 655 70 22 såsom
752 656 7 20 i
776 655 77 28 många
869 655 74 21 länder
958 656 73 26 tyvärr

198 683 57 20 varit
276 682 65 26 fallet,
365 683 47 22 vårt
431 684 113 21 riddarhus
567 684 77 21 hunnit
663 685 67 20 blifva
746 691 27 14 en
790 684 99 28 vestibyl,
904 687 31 18 ett
950 683 79 21 förrum

197 711 32 20 till
246 711 37 21 det
299 712 267 28 kejserliga-storfurstliga
582 713 79 26 slottet,
676 720 35 14 om
727 720 48 14 man
793 713 67 20 också
875 713 48 20 icke
935 712 40 21 kan
987 712 43 21 för-

198 739 56 21 neka
277 744 36 22 att,
332 740 116 29 beklagligt
464 749 48 20 nog,
528 749 47 14 man
597 741 194 22 dersammastädes
807 742 50 20 sökt
873 741 93 21 etablera
982 740 48 21 hof-

198 768 155 27 funktionärer,
375 769 85 22 hvilkas
486 771 98 28 plumage
600 771 23 20 af
638 774 31 17 ett
685 770 114 27 bedröfligt
815 771 88 26 misstag
918 769 42 21 fått
976 769 54 28 plats

198 797 5 20 i
220 797 91 22 skölden
331 799 6 20 i
353 802 26 17 st.
394 799 15 20 f.
425 800 5 19 i
447 799 97 28 hjelmen.
568 799 51 21 Men
635 800 35 27 jag
686 799 79 21 skådar
781 798 56 21 dock
853 806 27 13 an
896 797 47 22 med
959 798 71 27 glädje

198 825 42 21 den
257 825 47 28 dag,
320 827 27 20 då
362 827 212 28 sjelfskrifvenheten
590 828 124 21 afskrifves.

269 855 51 21 Men
337 855 36 21 det
387 857 24 19 är
425 856 213 28 sjelfskrifvenheten
655 857 5 19 i
676 857 41 20 alla
733 856 82 20 former
830 856 35 27 jag
877 855 49 21 ville
937 863 23 13 se
972 855 57 21 bort-

198 882 67 21 visad.
297 883 80 21 Derför
399 884 37 21 vill
458 885 35 27 jag
515 892 26 20 ge
564 886 88 20 rösträtt
678 884 65 22 äfven
771 884 23 20 åt
819 884 100 28 qvinnan.
949 883 32 28 Ty
1007 885 23 19 är

198 910 38 21 det
255 911 48 21 icke
318 912 43 28 just
377 920 101 14 mannens
500 913 185 28 sjelfskrifvenhet
701 916 31 18 att
748 920 52 14 vara
816 914 33 20 sin
866 912 85 21 hustrus
967 912 63 21 måls-

198 946 54 19 man,
268 940 64 21 äfven
347 942 8 20 i
372 941 99 28 politiska
487 942 51 28 ting,
554 949 45 14 som
615 944 39 26 gör
668 942 79 20 honom
764 941 25 21 så
801 941 93 28 likgiltig
905 941 34 21 för
950 940 79 21 hennes

197 969 49 24 rätt,
265 969 76 21 liksom
358 970 41 21 ock
413 970 48 21 dem
478 970 110 25 hvardera,
604 972 6 19 i
626 970 104 22 afsaknad
748 970 23 21 af
787 970 78 20 allmän
881 971 94 24 rösträtt,
991 969 40 21 lik-

196 996 77 28 giltiga
288 998 34 20 för
337 998 36 21 det
389 998 100 28 politiska
506 999 62 21 lifvet
584 999 153 21 öfverhufvud.
769 998 117 21 Dessutom
898 998 37 21 vill
942 994 39 57 jae
991 1001 40 21 tro,

197 1029 32 16 att
251 1026 95 28 gvinnan
369 1034 99 21 reagerar
485 1028 96 20 siarkare
597 1030 26 18 än
640 1035 92 14 mannen
748 1030 60 18 emot
823 1027 80 21 sociala
919 1034 26 14 och
976 1026 54 28 poli-

196 1054 58 21 tiska
270 1055 201 22 missförhällanden
487 1056 41 21 och
546 1057 118 20 orättvisor.

269 1082 75 22 Under
366 1084 26 21 de
416 1092 50 20 nyss
488 1085 154 28 tilländalupna
658 1084 72 22 mörka
747 1084 52 21 åren
815 1084 36 27 log
866 1085 57 19 ännu
939 1083 90 28 mången

196 1112 39 20 sitt
251 1112 62 21 elaka
328 1112 41 28 löje
385 1113 36 21 vid
433 1113 30 21 tal
473 1121 34 13 om
519 1113 76 21 allmän
607 1115 92 19 rösträtt.
719 1113 55 21 Man
786 1112 67 21 hörde
864 1112 47 21 frän
920 1112 57 21 olika
988 1111 45 24 häll

195 1140 117 27 yttranden
329 1148 33 14 om
378 1142 61 20 faran
456 1142 22 20 af
493 1146 31 17 ett
540 1142 87 21 allmänt
642 1142 131 28 deltagande
785 1142 6 20 i
803 1141 37 21 det
851 1142 100 27 politiska
963 1140 66 21 lifvet.

196 1168 54 21 Man
266 1169 90 21 darrade
372 1170 35 21 vid
424 1171 67 20 blotta
507 1171 79 21 tanken
602 1170 71 29 derpä,
688 1175 32 17 att
736 1173 32 18 ett
784 1170 71 28 dylikt
869 1170 75 27 skarpt
955 1176 75 21 vapen,

196 1204 46 13 som
259 1198 62 20 ordet
337 1199 55 21 dock
409 1201 29 21 är,
454 1206 45 14 som
515 1201 114 19 rösträtten
646 1203 51 17 utan
713 1194 129 37 gensägelse
858 1198 96 25 innebär,
961 1197 68 21 skulle

196 1225 83 22 lemnas
295 1228 6 19 i
317 1226 53 22 hvar
384 1235 60 13 mans
460 1228 63 20 hand.
553 1228 52 20 Men
622 1228 41 28 dag
679 1230 23 18 är
717 1231 63 17 snart
796 1228 57 23 inne,
863 1226 28 22 dä
907 1227 63 27 ingen
986 1234 44 13 mer

196 1254 32 20 ler
247 1255 41 21 och
312 1256 62 27 ingen
397 1264 44 13 mer
464 1256 77 26 darrar,
568 1258 63 26 ingen
647 1264 69 14 annan
733 1258 28 19 än
777 1255 110 21 fienderna
903 1255 31 21 till
951 1255 78 21 folkets

195 1290 70 14 sanna
281 1284 64 21 frihet
356 1284 40 22 och
413 1285 157 21 målmedvetna
586 1285 142 27 ansvarighet.
760 1284 48 21 När
822 1284 116 28 ynglingen
954 1283 38 28 går
1007 1286 23 18 ut

195 1311 7 21 i
219 1312 96 27 verlden,
330 1315 39 19 när
383 1313 41 21 han
441 1314 79 20 lemnat
535 1315 38 19 sitt
588 1314 54 25 hem,
654 1314 96 20 kommer
767 1313 42 21 han
821 1320 42 20 nog
873 1312 46 21 ofta
931 1312 27 28 pä
969 1312 61 21 villo-

196 1341 73 26 vägar,
287 1349 47 13 men
358 1342 48 21 icke
429 1342 62 28 följer
514 1342 61 21 deraf
590 1345 30 18 att
637 1342 41 21 han
694 1343 61 27 evigt
771 1341 56 21 skall
843 1340 104 22 förblifva
962 1340 69 22 under

195 1367 106 23 hemmets
323 1373 56 25 yttre
397 1370 76 28 skydd.
502 1370 38 22 Ett
556 1370 41 22 och
612 1374 65 18 annat
692 1370 81 28 felsteg
789 1370 97 21 kommer
901 1369 45 21 helt
958 1370 72 21 säkert

196 1396 42 22 den
261 1398 106 22 allmänna
390 1401 115 19 rösträtten
528 1402 31 18 att
582 1399 24 21 fä
621 1399 27 28 pä
664 1400 32 20 sin
711 1399 95 27 räkning
822 1411 27 3 —
865 1398 59 21 detta
941 1398 68 28 ligger
1023 1398 7 20 i

195 1425 80 22 sakens
293 1431 68 17 natur.
391 1428 52 21 Men
460 1429 27 24 vi,
503 1428 69 21 vakne
588 1429 40 20 och
644 1427 135 28 bepröfvade
796 1427 145 27 medborgare,
958 1426 34 21 mä
1007 1434 22 13 se

194 1454 40 26 till,
250 1455 43 21 lika
310 1456 34 20 väl
360 1456 56 21 först
431 1464 44 13 som
491 1457 45 24 sist,
552 1460 31 17 att
598 1456 63 21 dessa
677 1456 81 27 felsteg
774 1455 35 21 mä
826 1455 28 21 bli
870 1455 24 21 sä
910 1455 47 21 litet
967 1454 62 21 ödes-

195 1482 62 28 digra
281 1491 46 14 som
343 1485 86 28 möjligt.
461 1485 30 22 Vi
515 1485 50 21 böra
587 1485 73 20 derför
675 1485 5 20 i
697 1485 45 20 viss
759 1484 50 21 män
825 1483 103 22 äterhälla
945 1483 38 21 vär
998 1490 33 14 re-
