1078 1734
428 110 121 34 Utskotten.
859 111 29 21 95

61 185 93 29 uppstod
179 188 31 18 att
232 185 84 28 deltaga
338 186 6 20 i
370 185 175 22 Statsutskottets
568 186 94 26 arbeten,
684 186 74 28 utsågs
777 193 25 14 en
819 185 67 28 tredje

61 214 114 29 suppleant
190 214 6 21 i
212 214 123 21 detsamma.
364 214 125 21 Emellertid
506 214 64 21 hafva
585 217 80 19 tvenne
680 214 23 22 af
718 214 167 29 suppleanterne

126 242 145 28 vederbörligt
282 242 98 22 tillstånd
396 243 55 21 varit
463 242 105 22 bortresta
580 242 41 22 och
631 242 62 22 torde
703 242 129 22 åtminstone
844 242 42 22 den

62 278 39 14 ena
124 271 22 21 af
169 270 49 22 dem
241 278 25 14 en
288 271 73 28 längre
383 271 31 21 tid
437 271 85 21 komma
542 274 32 18 att
595 279 51 13 vara
664 271 149 22 frånvarande.
843 270 42 23 Vid

62 300 77 21 sådant
161 298 133 22 förhållande
317 299 73 22 kunde
405 299 133 29 svårigheter
555 300 35 21 för
605 300 176 22 Statsutskottets
796 300 89 21 arbeten

61 328 79 29 uppstå
155 335 77 21 genom
248 327 40 22 den
305 328 102 28 ställning
422 328 35 28 jag
473 329 82 27 intager
571 329 6 21 i
589 328 97 22 bemälda
697 328 89 22 utskott.
811 328 73 22 Vörd-

62 360 55 18 samt
131 356 123 22 hemställer
268 357 36 27 jag
318 356 74 22 derför
406 359 32 19 att
454 364 25 14 en
492 357 69 28 fjerde
577 357 114 29 suppleant
705 357 66 21 måtte
782 359 59 19 utses
852 356 32 21 till

62 385 165 22 Statsutskottet
249 385 34 21 för
305 388 32 18 att
359 385 84 22 arbetet
465 385 66 22 måtte
554 386 72 21 kunna
648 385 72 29 fortgå
744 384 140 30 regelbundet

62 414 60 21 såväl
137 415 7 20 i
159 413 117 28 Jernvägs-
290 421 46 14 som
356 414 175 21 Statsutskotten.
561 414 213 28 Jernvägsutskottet
788 416 23 19 är
827 415 58 20 näm-

62 442 57 29 ligen
140 442 112 29 sysselsatt
272 442 48 21 med
338 443 105 28 justering
465 442 23 21 af
502 443 38 21 sitt
555 443 143 26 betänkande,
713 442 41 22 och
770 442 28 22 då
812 443 35 28 jag
862 443 24 20 är

63 470 130 23 ordförande
208 471 7 21 i
230 471 117 21 detsamma
371 471 41 22 och
434 471 91 22 sålunda
547 471 48 22 icke
611 471 41 22 kan
668 479 52 14 vara
735 470 151 26 frånvarande,

63 507 52 14 vore
131 507 26 14 en
172 499 69 29 fjerde
256 499 115 29 suppleant
385 500 7 21 i
408 499 166 22 Statsutskottet
589 500 23 21 af
627 499 77 22 nöden.

132 556 71 22 Sedan
214 556 27 22 R.
252 564 18 14 o.
281 557 27 21 A.
318 557 28 28 på
358 557 35 21 Hr
404 557 220 22 Landtmarskalkens
635 557 157 28 framställning
807 556 79 23 bifallit

63 585 34 22 Hr
119 585 105 28 Ramsays
246 585 165 28 ifrågavarande
434 585 87 29 förslag,
542 586 136 28 uppmanade
701 586 34 21 Hr
759 585 127 22 Landtmar-

62 614 90 22 skalken
168 613 101 22 Ståndets
286 614 85 22 valmän
386 617 32 18 att
433 617 47 19 utse
495 615 124 28 ytterligare
634 622 26 14 en
676 615 114 28 suppleant
800 615 7 21 i
818 615 68 22 Stats-

62 643 112 22 utskottet.

132 752 89 21 Plenum
236 752 118 22 afslutades
372 752 28 22 kl.
416 754 39 20 7.15
471 760 18 14 e.
504 760 26 14 m.

676 810 23 18 In
711 809 65 19 fidem:

635 844 50 22 Clas
700 852 18 14 v.
736 844 83 22 Collan.
