<?xml version="1.0" encoding="UTF-8"?>
<alto xmlns="http://www.loc.gov/standards/alto/ns-v3#" xmlns:xlink="http://www.w3.org/1999/xlink" xmlns:xsi="http://www.w3.org/2001/XMLSchema-instance" xsi:schemaLocation="http://www.loc.gov/standards/alto/ns-v3# http://www.loc.gov/alto/v3/alto-3-0.xsd">
	<Description>
		<MeasurementUnit>pixel</MeasurementUnit>
		<sourceImageInformation>
			<fileName>/tmp/tess_igdu5syf_input.PNG</fileName>
		</sourceImageInformation>
		<OCRProcessing ID="OCR_0">
			<ocrProcessingStep>
				<processingSoftware>
					<softwareName>tesseract 5.3.4</softwareName>
				</processingSoftware>
			</ocrProcessingStep>
		</OCRProcessing>
	</Description>
	<Layout>
		<Page WIDTH="1078" HEIGHT="1736" PHYSICAL_IMG_NR="0" ID="page_0">
			<PrintSpace HPOS="0" VPOS="0" WIDTH="1078" HEIGHT="1736">
				<ComposedBlock ID="cblock_0" HPOS="194" VPOS="120" WIDTH="557" HEIGHT="26">
					<TextBlock ID="block_0" HPOS="194" VPOS="120" WIDTH="557" HEIGHT="26">
						<TextLine ID="line_0" HPOS="194" VPOS="120" WIDTH="557" HEIGHT="26">
							<String ID="string_0" HPOS="194" VPOS="120" WIDTH="40" HEIGHT="21" WC="0.96" CONTENT="102"/><SP WIDTH="220" VPOS="120" HPOS="234"/>
							<String ID="string_1" HPOS="454" VPOS="128" WIDTH="25" HEIGHT="17" WC="0.96" CONTENT="R."/><SP WIDTH="14" VPOS="128" HPOS="479"/>
							<String ID="string_2" HPOS="493" VPOS="133" WIDTH="17" HEIGHT="12" WC="0.90" CONTENT="o."/><SP WIDTH="13" VPOS="133" HPOS="510"/>
							<String ID="string_3" HPOS="523" VPOS="129" WIDTH="26" HEIGHT="16" WC="0.95" CONTENT="A."/><SP WIDTH="13" VPOS="129" HPOS="549"/>
							<String ID="string_4" HPOS="562" VPOS="129" WIDTH="60" HEIGHT="17" WC="0.94" CONTENT="1906."/><SP WIDTH="24" VPOS="129" HPOS="622"/>
							<String ID="string_5" HPOS="646" VPOS="129" WIDTH="27" HEIGHT="17" WC="0.95" CONTENT="29"/><SP WIDTH="13" VPOS="129" HPOS="673"/>
							<String ID="string_6" HPOS="686" VPOS="129" WIDTH="65" HEIGHT="17" WC="0.96" CONTENT="Mars."/>
						</TextLine>
					</TextBlock>
				</ComposedBlock>
				<GraphicalElement ID="cblock_1" HPOS="192" VPOS="150" WIDTH="824" HEIGHT="15"></GraphicalElement >
				<ComposedBlock ID="cblock_2" HPOS="193" VPOS="194" WIDTH="821" HEIGHT="60">
					<TextBlock ID="block_1" HPOS="193" VPOS="194" WIDTH="821" HEIGHT="60">
						<TextLine ID="line_1" HPOS="265" VPOS="194" WIDTH="749" HEIGHT="31">
							<String ID="string_7" HPOS="265" VPOS="194" WIDTH="65" HEIGHT="22" WC="0.93" CONTENT="Detta"/><SP WIDTH="16" VPOS="194" HPOS="330"/>
							<String ID="string_8" HPOS="346" VPOS="195" WIDTH="133" HEIGHT="22" WC="0.92" CONTENT="betänkande"/><SP WIDTH="16" VPOS="195" HPOS="479"/>
							<String ID="string_9" HPOS="495" VPOS="196" WIDTH="113" HEIGHT="22" WC="0.92" CONTENT="bordlades"/><SP WIDTH="17" VPOS="196" HPOS="608"/>
							<String ID="string_10" HPOS="625" VPOS="196" WIDTH="27" HEIGHT="29" WC="0.96" CONTENT="pä"/><SP WIDTH="14" VPOS="196" HPOS="652"/>
							<String ID="string_11" HPOS="666" VPOS="197" WIDTH="35" HEIGHT="21" WC="0.93" CONTENT="Hr"/><SP WIDTH="14" VPOS="197" HPOS="701"/>
							<String ID="string_12" HPOS="715" VPOS="197" WIDTH="218" HEIGHT="22" WC="0.92" CONTENT="Landtmarskalkens"/><SP WIDTH="16" VPOS="197" HPOS="933"/>
							<String ID="string_13" HPOS="949" VPOS="196" WIDTH="65" HEIGHT="22" WC="0.92" CONTENT="fram-"/>
						</TextLine>
						<TextLine ID="line_2" HPOS="193" VPOS="223" WIDTH="539" HEIGHT="31">
							<String ID="string_14" HPOS="193" VPOS="223" WIDTH="105" HEIGHT="28" WC="0.95" CONTENT="ställning"/><SP WIDTH="14" VPOS="223" HPOS="298"/>
							<String ID="string_15" HPOS="312" VPOS="224" WIDTH="31" HEIGHT="21" WC="0.93" CONTENT="till"/><SP WIDTH="16" VPOS="224" HPOS="343"/>
							<String ID="string_16" HPOS="359" VPOS="224" WIDTH="84" HEIGHT="28" WC="0.93" CONTENT="plenum"/><SP WIDTH="17" VPOS="224" HPOS="443"/>
							<String ID="string_17" HPOS="460" VPOS="225" WIDTH="176" HEIGHT="21" WC="0.91" CONTENT="nästkommande"/><SP WIDTH="15" VPOS="225" HPOS="636"/>
							<String ID="string_18" HPOS="651" VPOS="226" WIDTH="81" HEIGHT="28" WC="0.89" CONTENT="fredag."/>
						</TextLine>
					</TextBlock>
				</ComposedBlock>
				<ComposedBlock ID="cblock_3" HPOS="263" VPOS="355" WIDTH="393" HEIGHT="24">
					<TextBlock ID="block_2" HPOS="263" VPOS="355" WIDTH="393" HEIGHT="24">
						<TextLine ID="line_3" HPOS="263" VPOS="355" WIDTH="393" HEIGHT="24">
							<String ID="string_19" HPOS="263" VPOS="355" WIDTH="88" HEIGHT="21" WC="0.91" CONTENT="Plenum"/><SP WIDTH="16" VPOS="355" HPOS="351"/>
							<String ID="string_20" HPOS="367" VPOS="355" WIDTH="116" HEIGHT="23" WC="0.91" CONTENT="afslutades"/><SP WIDTH="18" VPOS="355" HPOS="483"/>
							<String ID="string_21" HPOS="501" VPOS="356" WIDTH="26" HEIGHT="22" WC="0.96" CONTENT="kl."/><SP WIDTH="17" VPOS="356" HPOS="527"/>
							<String ID="string_22" HPOS="544" VPOS="359" WIDTH="39" HEIGHT="19" WC="0.96" CONTENT="7.45"/><SP WIDTH="15" VPOS="359" HPOS="583"/>
							<String ID="string_23" HPOS="598" VPOS="365" WIDTH="17" HEIGHT="14" WC="0.96" CONTENT="e."/><SP WIDTH="16" VPOS="365" HPOS="615"/>
							<String ID="string_24" HPOS="631" VPOS="365" WIDTH="25" HEIGHT="14" WC="0.96" CONTENT="m."/>
						</TextLine>
					</TextBlock>
				</ComposedBlock>
				<ComposedBlock ID="cblock_4" HPOS="810" VPOS="426" WIDTH="102" HEIGHT="18">
					<TextBlock ID="block_3" HPOS="810" VPOS="426" WIDTH="102" HEIGHT="18">
						<TextLine ID="line_4" HPOS="810" VPOS="426" WIDTH="102" HEIGHT="18">
							<String ID="string_25" HPOS="810" VPOS="426" WIDTH="23" HEIGHT="18" WC="0.93" CONTENT="In"/><SP WIDTH="12" VPOS="426" HPOS="833"/>
							<String ID="string_26" HPOS="845" VPOS="426" WIDTH="67" HEIGHT="18" WC="0.68" CONTENT="fidem:"/>
						</TextLine>
					</TextBlock>
				</ComposedBlock>
				<ComposedBlock ID="cblock_5" HPOS="774" VPOS="460" WIDTH="183" HEIGHT="23">
					<TextBlock ID="block_4" HPOS="774" VPOS="460" WIDTH="183" HEIGHT="23">
						<TextLine ID="line_5" HPOS="774" VPOS="460" WIDTH="183" HEIGHT="23">
							<String ID="string_27" HPOS="774" VPOS="460" WIDTH="50" HEIGHT="22" WC="0.96" CONTENT="Clas"/><SP WIDTH="14" VPOS="460" HPOS="824"/>
							<String ID="string_28" HPOS="838" VPOS="469" WIDTH="19" HEIGHT="14" WC="0.96" CONTENT="x."/><SP WIDTH="18" VPOS="469" HPOS="857"/>
							<String ID="string_29" HPOS="875" VPOS="461" WIDTH="82" HEIGHT="21" WC="0.94" CONTENT="Collan."/>
						</TextLine>
					</TextBlock>
				</ComposedBlock>
				<ComposedBlock ID="cblock_6" HPOS="311" VPOS="654" WIDTH="569" HEIGHT="34">
					<TextBlock ID="block_5" HPOS="311" VPOS="654" WIDTH="569" HEIGHT="34">
						<TextLine ID="line_6" HPOS="311" VPOS="654" WIDTH="569" HEIGHT="34">
							<String ID="string_30" HPOS="311" VPOS="654" WIDTH="161" HEIGHT="34" WC="0.92" CONTENT="Torsdagen"/><SP WIDTH="19" VPOS="654" HPOS="472"/>
							<String ID="string_31" HPOS="491" VPOS="655" WIDTH="54" HEIGHT="26" WC="0.96" CONTENT="den"/><SP WIDTH="21" VPOS="655" HPOS="545"/>
							<String ID="string_32" HPOS="566" VPOS="655" WIDTH="37" HEIGHT="27" WC="0.96" CONTENT="29"/><SP WIDTH="18" VPOS="655" HPOS="603"/>
							<String ID="string_33" HPOS="621" VPOS="655" WIDTH="75" HEIGHT="27" WC="0.96" CONTENT="Mars"/><SP WIDTH="18" VPOS="655" HPOS="696"/>
							<String ID="string_34" HPOS="714" VPOS="655" WIDTH="39" HEIGHT="26" WC="0.96" CONTENT="kl."/><SP WIDTH="18" VPOS="655" HPOS="753"/>
							<String ID="string_35" HPOS="771" VPOS="656" WIDTH="15" HEIGHT="26" WC="0.95" CONTENT="7"/><SP WIDTH="19" VPOS="656" HPOS="786"/>
							<String ID="string_36" HPOS="805" VPOS="663" WIDTH="22" HEIGHT="19" WC="0.95" CONTENT="e."/><SP WIDTH="18" VPOS="663" HPOS="827"/>
							<String ID="string_37" HPOS="845" VPOS="664" WIDTH="35" HEIGHT="18" WC="0.96" CONTENT="m."/>
						</TextLine>
					</TextBlock>
				</ComposedBlock>
				<ComposedBlock ID="cblock_7" HPOS="191" VPOS="723" WIDTH="820" HEIGHT="59">
					<TextBlock ID="block_6" HPOS="191" VPOS="723" WIDTH="820" HEIGHT="59">
						<TextLine ID="line_7" HPOS="262" VPOS="723" WIDTH="749" HEIGHT="30">
							<String ID="string_38" HPOS="262" VPOS="723" WIDTH="199" HEIGHT="29" WC="0.92" CONTENT="Protokollsutdrag"/><SP WIDTH="25" VPOS="723" HPOS="461"/>
							<String ID="string_39" HPOS="486" VPOS="724" WIDTH="63" HEIGHT="21" WC="0.93" CONTENT="öfver"/><SP WIDTH="22" VPOS="724" HPOS="549"/>
							<String ID="string_40" HPOS="571" VPOS="724" WIDTH="26" HEIGHT="22" WC="0.96" CONTENT="R."/><SP WIDTH="23" VPOS="724" HPOS="597"/>
							<String ID="string_41" HPOS="620" VPOS="732" WIDTH="18" HEIGHT="14" WC="0.90" CONTENT="o."/><SP WIDTH="22" VPOS="732" HPOS="638"/>
							<String ID="string_42" HPOS="660" VPOS="726" WIDTH="38" HEIGHT="20" WC="0.93" CONTENT="A:s"/><SP WIDTH="24" VPOS="726" HPOS="698"/>
							<String ID="string_43" HPOS="722" VPOS="724" WIDTH="36" HEIGHT="22" WC="0.93" CONTENT="vid"/><SP WIDTH="24" VPOS="724" HPOS="758"/>
							<String ID="string_44" HPOS="782" VPOS="724" WIDTH="118" HEIGHT="28" WC="0.91" CONTENT="gärdagens"/><SP WIDTH="26" VPOS="724" HPOS="900"/>
							<String ID="string_45" HPOS="926" VPOS="725" WIDTH="85" HEIGHT="28" WC="0.91" CONTENT="plenum"/>
						</TextLine>
						<TextLine ID="line_8" HPOS="191" VPOS="750" WIDTH="660" HEIGHT="32">
							<String ID="string_46" HPOS="191" VPOS="750" WIDTH="85" HEIGHT="22" WC="0.95" CONTENT="fattade"/><SP WIDTH="16" VPOS="750" HPOS="276"/>
							<String ID="string_47" HPOS="292" VPOS="752" WIDTH="68" HEIGHT="21" WC="0.93" CONTENT="beslut"/><SP WIDTH="16" VPOS="752" HPOS="360"/>
							<String ID="string_48" HPOS="376" VPOS="753" WIDTH="107" HEIGHT="27" WC="0.92" CONTENT="upplästes"/><SP WIDTH="15" VPOS="753" HPOS="483"/>
							<String ID="string_49" HPOS="498" VPOS="753" WIDTH="32" HEIGHT="21" WC="0.93" CONTENT="till"/><SP WIDTH="16" VPOS="753" HPOS="530"/>
							<String ID="string_50" HPOS="546" VPOS="754" WIDTH="104" HEIGHT="27" WC="0.91" CONTENT="justering"/><SP WIDTH="15" VPOS="754" HPOS="650"/>
							<String ID="string_51" HPOS="665" VPOS="753" WIDTH="40" HEIGHT="21" WC="0.93" CONTENT="och"/><SP WIDTH="15" VPOS="753" HPOS="705"/>
							<String ID="string_52" HPOS="720" VPOS="753" WIDTH="131" HEIGHT="29" WC="0.92" CONTENT="godkändes."/>
						</TextLine>
					</TextBlock>
				</ComposedBlock>
				<ComposedBlock ID="cblock_8" HPOS="492" VPOS="885" WIDTH="222" HEIGHT="27">
					<TextBlock ID="block_7" HPOS="492" VPOS="885" WIDTH="222" HEIGHT="27">
						<TextLine ID="line_9" HPOS="492" VPOS="885" WIDTH="222" HEIGHT="27">
							<String ID="string_53" HPOS="492" VPOS="885" WIDTH="222" HEIGHT="27" WC="0.91" CONTENT="Folkskolebudgeten."/>
						</TextLine>
					</TextBlock>
				</ComposedBlock>
				<ComposedBlock ID="cblock_9" HPOS="187" VPOS="940" WIDTH="823" HEIGHT="109">
					<TextBlock ID="block_8" HPOS="258" VPOS="940" WIDTH="119" HEIGHT="28">
						<TextLine ID="line_10" HPOS="258" VPOS="940" WIDTH="119" HEIGHT="28">
							<String ID="string_54" HPOS="258" VPOS="940" WIDTH="119" HEIGHT="28" WC="0.92" CONTENT="Föredrogs"/>
						</TextLine>
					</TextBlock>
					<TextBlock ID="block_9" HPOS="187" VPOS="968" WIDTH="823" HEIGHT="81">
						<TextLine ID="line_11" HPOS="258" VPOS="968" WIDTH="752" HEIGHT="31">
							<String ID="string_55" HPOS="258" VPOS="968" WIDTH="175" HEIGHT="23" WC="0.91" CONTENT="Statsutskottets"/><SP WIDTH="22" VPOS="968" HPOS="433"/>
							<String ID="string_56" HPOS="455" VPOS="970" WIDTH="30" HEIGHT="21" WC="0.94" CONTENT="till"/><SP WIDTH="21" VPOS="970" HPOS="485"/>
							<String ID="string_57" HPOS="506" VPOS="970" WIDTH="59" HEIGHT="21" WC="0.93" CONTENT="detta"/><SP WIDTH="21" VPOS="970" HPOS="565"/>
							<String ID="string_58" HPOS="586" VPOS="971" WIDTH="83" HEIGHT="28" WC="0.92" CONTENT="plenum"/><SP WIDTH="18" VPOS="971" HPOS="669"/>
							<String ID="string_59" HPOS="687" VPOS="971" WIDTH="116" HEIGHT="28" WC="0.92" CONTENT="bordlagda"/><SP WIDTH="18" VPOS="971" HPOS="803"/>
							<String ID="string_60" HPOS="821" VPOS="971" WIDTH="133" HEIGHT="21" WC="0.92" CONTENT="betänkande"/><SP WIDTH="15" VPOS="971" HPOS="954"/>
							<String ID="string_61" HPOS="969" VPOS="971" WIDTH="41" HEIGHT="20" WC="0.96" CONTENT="N:o"/>
						</TextLine>
						<TextLine ID="line_12" HPOS="187" VPOS="997" WIDTH="822" HEIGHT="30">
							<String ID="string_62" HPOS="187" VPOS="997" WIDTH="13" HEIGHT="20" WC="0.94" CONTENT="2"/><SP WIDTH="17" VPOS="997" HPOS="200"/>
							<String ID="string_63" HPOS="217" VPOS="997" WIDTH="5" HEIGHT="20" WC="0.95" CONTENT="i"/><SP WIDTH="17" VPOS="997" HPOS="222"/>
							<String ID="string_64" HPOS="239" VPOS="997" WIDTH="116" HEIGHT="27" WC="0.96" CONTENT="anledning"/><SP WIDTH="15" VPOS="997" HPOS="355"/>
							<String ID="string_65" HPOS="370" VPOS="998" WIDTH="22" HEIGHT="21" WC="0.93" CONTENT="af"/><SP WIDTH="16" VPOS="998" HPOS="392"/>
							<String ID="string_66" HPOS="408" VPOS="999" WIDTH="47" HEIGHT="20" WC="0.93" CONTENT="nåd."/><SP WIDTH="16" VPOS="999" HPOS="455"/>
							<String ID="string_67" HPOS="471" VPOS="1007" WIDTH="58" HEIGHT="20" WC="0.96" CONTENT="prop."/><SP WIDTH="11" VPOS="1007" HPOS="529"/>
							<String ID="string_68" HPOS="540" VPOS="999" WIDTH="40" HEIGHT="21" WC="0.96" CONTENT="N:o"/><SP WIDTH="16" VPOS="999" HPOS="580"/>
							<String ID="string_69" HPOS="596" VPOS="1000" WIDTH="19" HEIGHT="25" WC="0.93" CONTENT="6,"/><SP WIDTH="16" VPOS="1000" HPOS="615"/>
							<String ID="string_70" HPOS="631" VPOS="999" WIDTH="110" HEIGHT="28" WC="0.96" CONTENT="angående"/><SP WIDTH="11" VPOS="999" HPOS="741"/>
							<String ID="string_71" HPOS="752" VPOS="1000" WIDTH="75" HEIGHT="27" WC="0.96" CONTENT="anslag"/><SP WIDTH="10" VPOS="1000" HPOS="827"/>
							<String ID="string_72" HPOS="837" VPOS="1007" WIDTH="25" HEIGHT="13" WC="0.93" CONTENT="ur"/><SP WIDTH="10" VPOS="1007" HPOS="862"/>
							<String ID="string_73" HPOS="872" VPOS="999" WIDTH="137" HEIGHT="28" WC="0.92" CONTENT="bevillnings-"/>
						</TextLine>
						<TextLine ID="line_13" HPOS="187" VPOS="1025" WIDTH="697" HEIGHT="24">
							<String ID="string_74" HPOS="187" VPOS="1025" WIDTH="71" HEIGHT="21" WC="0.96" CONTENT="medel"/><SP WIDTH="13" VPOS="1025" HPOS="258"/>
							<String ID="string_75" HPOS="271" VPOS="1026" WIDTH="34" HEIGHT="20" WC="0.93" CONTENT="för"/><SP WIDTH="15" VPOS="1026" HPOS="305"/>
							<String ID="string_76" HPOS="320" VPOS="1026" WIDTH="211" HEIGHT="22" WC="0.92" CONTENT="folkskoleväsendet"/><SP WIDTH="16" VPOS="1026" HPOS="531"/>
							<String ID="string_77" HPOS="547" VPOS="1028" WIDTH="66" HEIGHT="21" WC="0.96" CONTENT="under"/><SP WIDTH="16" VPOS="1028" HPOS="613"/>
							<String ID="string_78" HPOS="629" VPOS="1028" WIDTH="49" HEIGHT="21" WC="0.96" CONTENT="åren"/><SP WIDTH="18" VPOS="1028" HPOS="678"/>
							<String ID="string_79" HPOS="696" VPOS="1029" WIDTH="54" HEIGHT="20" WC="0.96" CONTENT="1906"/><SP WIDTH="16" VPOS="1029" HPOS="750"/>
							<String ID="string_80" HPOS="766" VPOS="1028" WIDTH="40" HEIGHT="21" WC="0.96" CONTENT="och"/><SP WIDTH="18" VPOS="1028" HPOS="806"/>
							<String ID="string_81" HPOS="824" VPOS="1029" WIDTH="60" HEIGHT="20" WC="0.96" CONTENT="1907."/>
						</TextLine>
					</TextBlock>
				</ComposedBlock>
				<ComposedBlock ID="cblock_10" HPOS="181" VPOS="1082" WIDTH="829" HEIGHT="458">
					<TextBlock ID="block_10" HPOS="181" VPOS="1082" WIDTH="829" HEIGHT="458">
						<TextLine ID="line_14" HPOS="260" VPOS="1082" WIDTH="750" HEIGHT="31">
							<String ID="string_82" HPOS="260" VPOS="1082" WIDTH="32" HEIGHT="21" WC="0.93" CONTENT="Hr"/><SP WIDTH="15" VPOS="1082" HPOS="292"/>
							<String ID="string_83" HPOS="307" VPOS="1083" WIDTH="145" HEIGHT="22" WC="0.69" CONTENT="Norrmén"/><SP WIDTH="17" VPOS="1083" HPOS="452"/>
							<String ID="string_84" HPOS="469" VPOS="1084" WIDTH="70" HEIGHT="21" WC="0.95" CONTENT="anhöll"/><SP WIDTH="17" VPOS="1084" HPOS="539"/>
							<String ID="string_85" HPOS="556" VPOS="1092" WIDTH="33" HEIGHT="13" WC="0.96" CONTENT="om"/><SP WIDTH="17" VPOS="1092" HPOS="589"/>
							<String ID="string_86" HPOS="606" VPOS="1085" WIDTH="60" HEIGHT="20" WC="0.96" CONTENT="ordet"/><SP WIDTH="16" VPOS="1085" HPOS="666"/>
							<String ID="string_87" HPOS="682" VPOS="1085" WIDTH="40" HEIGHT="21" WC="0.96" CONTENT="och"/><SP WIDTH="15" VPOS="1085" HPOS="722"/>
							<String ID="string_88" HPOS="737" VPOS="1085" WIDTH="96" HEIGHT="28" WC="0.96" CONTENT="yttrade:"/><SP WIDTH="16" VPOS="1085" HPOS="833"/>
							<String ID="string_89" HPOS="849" VPOS="1085" WIDTH="46" HEIGHT="20" WC="0.93" CONTENT="Min"/><SP WIDTH="17" VPOS="1085" HPOS="895"/>
							<String ID="string_90" HPOS="912" VPOS="1084" WIDTH="65" HEIGHT="28" WC="0.92" CONTENT="afsigt"/><SP WIDTH="10" VPOS="1084" HPOS="977"/>
							<String ID="string_91" HPOS="987" VPOS="1086" WIDTH="23" HEIGHT="19" WC="0.97" CONTENT="är"/>
						</TextLine>
						<TextLine ID="line_15" HPOS="186" VPOS="1110" WIDTH="823" HEIGHT="25">
							<String ID="string_92" HPOS="186" VPOS="1110" WIDTH="48" HEIGHT="21" WC="0.96" CONTENT="icke"/><SP WIDTH="22" VPOS="1110" HPOS="234"/>
							<String ID="string_93" HPOS="256" VPOS="1115" WIDTH="31" HEIGHT="16" WC="0.96" CONTENT="att"/><SP WIDTH="18" VPOS="1115" HPOS="287"/>
							<String ID="string_94" HPOS="305" VPOS="1111" WIDTH="98" HEIGHT="22" WC="0.95" CONTENT="kritisera"/><SP WIDTH="20" VPOS="1111" HPOS="403"/>
							<String ID="string_95" HPOS="423" VPOS="1113" WIDTH="143" HEIGHT="21" WC="0.96" CONTENT="betänkandet"/><SP WIDTH="15" VPOS="1113" HPOS="566"/>
							<String ID="string_96" HPOS="581" VPOS="1114" WIDTH="5" HEIGHT="20" WC="0.96" CONTENT="i"/><SP WIDTH="17" VPOS="1114" HPOS="586"/>
							<String ID="string_97" HPOS="603" VPOS="1113" WIDTH="49" HEIGHT="21" WC="0.96" CONTENT="dess"/><SP WIDTH="22" VPOS="1113" HPOS="652"/>
							<String ID="string_98" HPOS="674" VPOS="1113" WIDTH="72" HEIGHT="21" WC="0.96" CONTENT="helhet"/><SP WIDTH="21" VPOS="1113" HPOS="746"/>
							<String ID="string_99" HPOS="767" VPOS="1113" WIDTH="51" HEIGHT="22" WC="0.96" CONTENT="eller"/><SP WIDTH="20" VPOS="1113" HPOS="818"/>
							<String ID="string_100" HPOS="838" VPOS="1113" WIDTH="116" HEIGHT="21" WC="0.91" CONTENT="framställa"/><SP WIDTH="18" VPOS="1113" HPOS="954"/>
							<String ID="string_101" HPOS="972" VPOS="1121" WIDTH="37" HEIGHT="13" WC="0.91" CONTENT="an-"/>
						</TextLine>
						<TextLine ID="line_16" HPOS="186" VPOS="1139" WIDTH="822" HEIGHT="31">
							<String ID="string_102" HPOS="186" VPOS="1139" WIDTH="114" HEIGHT="27" WC="0.96" CONTENT="märkning"/><SP WIDTH="16" VPOS="1139" HPOS="300"/>
							<String ID="string_103" HPOS="316" VPOS="1144" WIDTH="56" HEIGHT="16" WC="0.96" CONTENT="emot"/><SP WIDTH="16" VPOS="1144" HPOS="372"/>
							<String ID="string_104" HPOS="388" VPOS="1141" WIDTH="27" HEIGHT="20" WC="0.95" CONTENT="de"/><SP WIDTH="16" VPOS="1141" HPOS="415"/>
							<String ID="string_105" HPOS="431" VPOS="1141" WIDTH="104" HEIGHT="21" WC="0.93" CONTENT="särskilda"/><SP WIDTH="20" VPOS="1141" HPOS="535"/>
							<String ID="string_106" HPOS="555" VPOS="1142" WIDTH="191" HEIGHT="28" WC="0.88" CONTENT="anslagsposterna."/><SP WIDTH="30" VPOS="1142" HPOS="746"/>
							<String ID="string_107" HPOS="776" VPOS="1142" WIDTH="101" HEIGHT="20" WC="0.96" CONTENT="Tvärtom"/><SP WIDTH="17" VPOS="1142" HPOS="877"/>
							<String ID="string_108" HPOS="894" VPOS="1142" WIDTH="66" HEIGHT="20" WC="0.95" CONTENT="finner"/><SP WIDTH="14" VPOS="1142" HPOS="960"/>
							<String ID="string_109" HPOS="974" VPOS="1142" WIDTH="34" HEIGHT="27" WC="0.96" CONTENT="jag"/>
						</TextLine>
						<TextLine ID="line_17" HPOS="188" VPOS="1166" WIDTH="820" HEIGHT="30">
							<String ID="string_110" HPOS="188" VPOS="1166" WIDTH="123" HEIGHT="23" WC="0.96" CONTENT="Utskottets"/><SP WIDTH="22" VPOS="1166" HPOS="311"/>
							<String ID="string_111" HPOS="333" VPOS="1168" WIDTH="81" HEIGHT="28" WC="0.96" CONTENT="förslag"/><SP WIDTH="20" VPOS="1168" HPOS="414"/>
							<String ID="string_112" HPOS="434" VPOS="1170" WIDTH="33" HEIGHT="20" WC="0.92" CONTENT="väl"/><SP WIDTH="17" VPOS="1170" HPOS="467"/>
							<String ID="string_113" HPOS="484" VPOS="1170" WIDTH="127" HEIGHT="21" WC="0.92" CONTENT="motiveradt"/><SP WIDTH="16" VPOS="1170" HPOS="611"/>
							<String ID="string_114" HPOS="627" VPOS="1170" WIDTH="63" HEIGHT="21" WC="0.96" CONTENT="äfven"/><SP WIDTH="15" VPOS="1170" HPOS="690"/>
							<String ID="string_115" HPOS="705" VPOS="1171" WIDTH="5" HEIGHT="19" WC="0.96" CONTENT="i"/><SP WIDTH="17" VPOS="1171" HPOS="710"/>
							<String ID="string_116" HPOS="727" VPOS="1170" WIDTH="27" HEIGHT="21" WC="0.95" CONTENT="de"/><SP WIDTH="16" VPOS="1170" HPOS="754"/>
							<String ID="string_117" HPOS="770" VPOS="1170" WIDTH="65" HEIGHT="26" WC="0.96" CONTENT="delar,"/><SP WIDTH="15" VPOS="1170" HPOS="835"/>
							<String ID="string_118" HPOS="850" VPOS="1170" WIDTH="37" HEIGHT="20" WC="0.96" CONTENT="der"/><SP WIDTH="15" VPOS="1170" HPOS="887"/>
							<String ID="string_119" HPOS="902" VPOS="1170" WIDTH="106" HEIGHT="20" WC="0.96" CONTENT="desamma"/>
						</TextLine>
						<TextLine ID="line_18" HPOS="186" VPOS="1195" WIDTH="821" HEIGHT="30">
							<String ID="string_120" HPOS="186" VPOS="1195" WIDTH="76" HEIGHT="21" WC="0.92" CONTENT="afvika"/><SP WIDTH="21" VPOS="1195" HPOS="262"/>
							<String ID="string_121" HPOS="283" VPOS="1196" WIDTH="46" HEIGHT="21" WC="0.96" CONTENT="från"/><SP WIDTH="22" VPOS="1196" HPOS="329"/>
							<String ID="string_122" HPOS="351" VPOS="1197" WIDTH="49" HEIGHT="20" WC="0.96" CONTENT="nåd."/><SP WIDTH="15" VPOS="1197" HPOS="400"/>
							<String ID="string_123" HPOS="415" VPOS="1205" WIDTH="59" HEIGHT="20" WC="0.95" CONTENT="prop."/><SP WIDTH="31" VPOS="1205" HPOS="474"/>
							<String ID="string_124" HPOS="505" VPOS="1198" WIDTH="51" HEIGHT="21" WC="0.96" CONTENT="Men"/><SP WIDTH="25" VPOS="1198" HPOS="556"/>
							<String ID="string_125" HPOS="581" VPOS="1199" WIDTH="105" HEIGHT="26" WC="0.96" CONTENT="utgående"/><SP WIDTH="17" VPOS="1199" HPOS="686"/>
							<String ID="string_126" HPOS="703" VPOS="1198" WIDTH="47" HEIGHT="21" WC="0.96" CONTENT="från"/><SP WIDTH="18" VPOS="1198" HPOS="750"/>
							<String ID="string_127" HPOS="768" VPOS="1202" WIDTH="31" HEIGHT="17" WC="0.93" CONTENT="att"/><SP WIDTH="15" VPOS="1202" HPOS="799"/>
							<String ID="string_128" HPOS="814" VPOS="1198" WIDTH="119" HEIGHT="21" WC="0.90" CONTENT="Ständerna"/><SP WIDTH="15" VPOS="1198" HPOS="933"/>
							<String ID="string_129" HPOS="948" VPOS="1198" WIDTH="59" HEIGHT="21" WC="0.95" CONTENT="alltid"/>
						</TextLine>
						<TextLine ID="line_19" HPOS="185" VPOS="1223" WIDTH="822" HEIGHT="31">
							<String ID="string_130" HPOS="185" VPOS="1223" WIDTH="139" HEIGHT="22" WC="0.92" CONTENT="härförinnan"/><SP WIDTH="20" VPOS="1223" HPOS="324"/>
							<String ID="string_131" HPOS="344" VPOS="1229" WIDTH="70" HEIGHT="17" WC="0.96" CONTENT="ansett"/><SP WIDTH="16" VPOS="1229" HPOS="414"/>
							<String ID="string_132" HPOS="430" VPOS="1227" WIDTH="32" HEIGHT="26" WC="0.93" CONTENT="sig"/><SP WIDTH="15" VPOS="1227" HPOS="462"/>
							<String ID="string_133" HPOS="477" VPOS="1227" WIDTH="152" HEIGHT="21" WC="0.92" CONTENT="oförhindrade"/><SP WIDTH="19" VPOS="1227" HPOS="629"/>
							<String ID="string_134" HPOS="648" VPOS="1230" WIDTH="30" HEIGHT="18" WC="0.96" CONTENT="att"/><SP WIDTH="17" VPOS="1230" HPOS="678"/>
							<String ID="string_135" HPOS="695" VPOS="1227" WIDTH="35" HEIGHT="20" WC="0.96" CONTENT="vid"/><SP WIDTH="18" VPOS="1227" HPOS="730"/>
							<String ID="string_136" HPOS="748" VPOS="1227" WIDTH="155" HEIGHT="27" WC="0.96" CONTENT="behandlingen"/><SP WIDTH="17" VPOS="1227" HPOS="903"/>
							<String ID="string_137" HPOS="920" VPOS="1227" WIDTH="22" HEIGHT="20" WC="0.91" CONTENT="af"/><SP WIDTH="10" VPOS="1227" HPOS="942"/>
							<String ID="string_138" HPOS="952" VPOS="1226" WIDTH="55" HEIGHT="21" WC="0.91" CONTENT="folk-"/>
						</TextLine>
						<TextLine ID="line_20" HPOS="185" VPOS="1252" WIDTH="823" HEIGHT="32">
							<String ID="string_139" HPOS="185" VPOS="1252" WIDTH="338" HEIGHT="30" WC="0.91" CONTENT="skoleundervisningsbudgeten"/><SP WIDTH="17" VPOS="1252" HPOS="523"/>
							<String ID="string_140" HPOS="540" VPOS="1255" WIDTH="113" HEIGHT="28" WC="0.96" CONTENT="tillgodose"/><SP WIDTH="16" VPOS="1255" HPOS="653"/>
							<String ID="string_141" HPOS="669" VPOS="1263" WIDTH="41" HEIGHT="21" WC="0.93" CONTENT="nya"/><SP WIDTH="18" VPOS="1263" HPOS="710"/>
							<String ID="string_142" HPOS="728" VPOS="1255" WIDTH="178" HEIGHT="28" WC="0.91" CONTENT="bildningsbehof,"/><SP WIDTH="18" VPOS="1255" HPOS="906"/>
							<String ID="string_143" HPOS="924" VPOS="1255" WIDTH="84" HEIGHT="21" WC="0.92" CONTENT="oafsedt"/>
						</TextLine>
						<TextLine ID="line_21" HPOS="185" VPOS="1281" WIDTH="823" HEIGHT="30">
							<String ID="string_144" HPOS="185" VPOS="1284" WIDTH="31" HEIGHT="17" WC="0.96" CONTENT="att"/><SP WIDTH="16" VPOS="1284" HPOS="216"/>
							<String ID="string_145" HPOS="232" VPOS="1281" WIDTH="71" HEIGHT="28" WC="0.96" CONTENT="någon"/><SP WIDTH="17" VPOS="1281" HPOS="303"/>
							<String ID="string_146" HPOS="320" VPOS="1283" WIDTH="131" HEIGHT="27" WC="0.96" CONTENT="proposition"/><SP WIDTH="17" VPOS="1283" HPOS="451"/>
							<String ID="string_147" HPOS="468" VPOS="1284" WIDTH="51" HEIGHT="21" WC="0.96" CONTENT="eller"/><SP WIDTH="16" VPOS="1284" HPOS="519"/>
							<String ID="string_148" HPOS="535" VPOS="1285" WIDTH="89" HEIGHT="26" WC="0.96" CONTENT="petition"/><SP WIDTH="16" VPOS="1285" HPOS="624"/>
							<String ID="string_149" HPOS="640" VPOS="1285" WIDTH="47" HEIGHT="20" WC="0.96" CONTENT="icke"/><SP WIDTH="12" VPOS="1285" HPOS="687"/>
							<String ID="string_150" HPOS="699" VPOS="1284" WIDTH="120" HEIGHT="27" WC="0.96" CONTENT="föreligger,"/><SP WIDTH="12" VPOS="1284" HPOS="819"/>
							<String ID="string_151" HPOS="831" VPOS="1283" WIDTH="79" HEIGHT="21" WC="0.96" CONTENT="tillåter"/><SP WIDTH="9" VPOS="1283" HPOS="910"/>
							<String ID="string_152" HPOS="919" VPOS="1284" WIDTH="35" HEIGHT="27" WC="0.96" CONTENT="jag"/><SP WIDTH="11" VPOS="1284" HPOS="954"/>
							<String ID="string_153" HPOS="965" VPOS="1283" WIDTH="43" HEIGHT="28" WC="0.96" CONTENT="mig"/>
						</TextLine>
						<TextLine ID="line_22" HPOS="183" VPOS="1310" WIDTH="824" HEIGHT="31">
							<String ID="string_154" HPOS="183" VPOS="1311" WIDTH="52" HEIGHT="25" WC="0.96" CONTENT="göra"/><SP WIDTH="18" VPOS="1311" HPOS="235"/>
							<String ID="string_155" HPOS="253" VPOS="1310" WIDTH="155" HEIGHT="29" WC="0.96" CONTENT="framställning"/><SP WIDTH="16" VPOS="1310" HPOS="408"/>
							<String ID="string_156" HPOS="424" VPOS="1319" WIDTH="33" HEIGHT="13" WC="0.96" CONTENT="om"/><SP WIDTH="17" VPOS="1319" HPOS="457"/>
							<String ID="string_157" HPOS="474" VPOS="1313" WIDTH="135" HEIGHT="28" WC="0.96" CONTENT="upptagande"/><SP WIDTH="17" VPOS="1313" HPOS="609"/>
							<String ID="string_158" HPOS="626" VPOS="1313" WIDTH="29" HEIGHT="20" WC="0.96" CONTENT="uti"/><SP WIDTH="17" VPOS="1313" HPOS="655"/>
							<String ID="string_159" HPOS="672" VPOS="1313" WIDTH="70" HEIGHT="20" WC="0.96" CONTENT="denna"/><SP WIDTH="18" VPOS="1313" HPOS="742"/>
							<String ID="string_160" HPOS="760" VPOS="1313" WIDTH="79" HEIGHT="26" WC="0.96" CONTENT="budget"/><SP WIDTH="15" VPOS="1313" HPOS="839"/>
							<String ID="string_161" HPOS="854" VPOS="1312" WIDTH="22" HEIGHT="21" WC="0.96" CONTENT="af"/><SP WIDTH="15" VPOS="1312" HPOS="876"/>
							<String ID="string_162" HPOS="891" VPOS="1311" WIDTH="64" HEIGHT="28" WC="0.96" CONTENT="några"/><SP WIDTH="11" VPOS="1311" HPOS="955"/>
							<String ID="string_163" HPOS="966" VPOS="1319" WIDTH="41" HEIGHT="21" WC="0.96" CONTENT="nya"/>
						</TextLine>
						<TextLine ID="line_23" HPOS="183" VPOS="1338" WIDTH="824" HEIGHT="30">
							<String ID="string_164" HPOS="183" VPOS="1338" WIDTH="82" HEIGHT="27" WC="0.92" CONTENT="anslag."/><SP WIDTH="35" VPOS="1338" HPOS="265"/>
							<String ID="string_165" HPOS="300" VPOS="1338" WIDTH="38" HEIGHT="22" WC="0.86" CONTENT="Uti"/><SP WIDTH="20" VPOS="1338" HPOS="338"/>
							<String ID="string_166" HPOS="358" VPOS="1339" WIDTH="224" HEIGHT="23" WC="0.92" CONTENT="Ekonomiutskottets"/><SP WIDTH="22" VPOS="1339" HPOS="582"/>
							<String ID="string_167" HPOS="604" VPOS="1341" WIDTH="134" HEIGHT="21" WC="0.96" CONTENT="betänkande"/><SP WIDTH="21" VPOS="1341" HPOS="738"/>
							<String ID="string_168" HPOS="759" VPOS="1342" WIDTH="5" HEIGHT="19" WC="0.96" CONTENT="i"/><SP WIDTH="20" VPOS="1342" HPOS="764"/>
							<String ID="string_169" HPOS="784" VPOS="1341" WIDTH="115" HEIGHT="27" WC="0.96" CONTENT="anledning"/><SP WIDTH="19" VPOS="1341" HPOS="899"/>
							<String ID="string_170" HPOS="918" VPOS="1341" WIDTH="22" HEIGHT="20" WC="0.96" CONTENT="af"/><SP WIDTH="19" VPOS="1341" HPOS="940"/>
							<String ID="string_171" HPOS="959" VPOS="1340" WIDTH="48" HEIGHT="21" WC="0.96" CONTENT="nåd."/>
						</TextLine>
						<TextLine ID="line_24" HPOS="183" VPOS="1367" WIDTH="824" HEIGHT="30">
							<String ID="string_172" HPOS="183" VPOS="1373" WIDTH="61" HEIGHT="21" WC="0.92" CONTENT="prop."/><SP WIDTH="22" VPOS="1373" HPOS="244"/>
							<String ID="string_173" HPOS="266" VPOS="1375" WIDTH="34" HEIGHT="12" WC="0.93" CONTENT="om"/><SP WIDTH="20" VPOS="1375" HPOS="300"/>
							<String ID="string_174" HPOS="320" VPOS="1367" WIDTH="187" HEIGHT="23" WC="0.91" CONTENT="bränvinskattens"/><SP WIDTH="20" VPOS="1367" HPOS="507"/>
							<String ID="string_175" HPOS="527" VPOS="1369" WIDTH="78" HEIGHT="28" WC="0.96" CONTENT="belopp"/><SP WIDTH="16" VPOS="1369" HPOS="605"/>
							<String ID="string_176" HPOS="621" VPOS="1370" WIDTH="39" HEIGHT="21" WC="0.96" CONTENT="och"/><SP WIDTH="18" VPOS="1370" HPOS="660"/>
							<String ID="string_177" HPOS="678" VPOS="1369" WIDTH="143" HEIGHT="28" WC="0.96" CONTENT="användning,"/><SP WIDTH="15" VPOS="1369" HPOS="821"/>
							<String ID="string_178" HPOS="836" VPOS="1369" WIDTH="82" HEIGHT="21" WC="0.93" CONTENT="hvilket"/><SP WIDTH="16" VPOS="1369" HPOS="918"/>
							<String ID="string_179" HPOS="934" VPOS="1370" WIDTH="73" HEIGHT="20" WC="0.92" CONTENT="betän-"/>
						</TextLine>
						<TextLine ID="line_25" HPOS="183" VPOS="1394" WIDTH="823" HEIGHT="32">
							<String ID="string_180" HPOS="183" VPOS="1394" WIDTH="71" HEIGHT="21" WC="0.96" CONTENT="kande"/><SP WIDTH="16" VPOS="1394" HPOS="254"/>
							<String ID="string_181" HPOS="270" VPOS="1395" WIDTH="44" HEIGHT="22" WC="0.92" CONTENT="blef"/><SP WIDTH="16" VPOS="1395" HPOS="314"/>
							<String ID="string_182" HPOS="330" VPOS="1395" WIDTH="114" HEIGHT="30" WC="0.92" CONTENT="bordlagdt"/><SP WIDTH="15" VPOS="1395" HPOS="444"/>
							<String ID="string_183" HPOS="459" VPOS="1398" WIDTH="31" HEIGHT="20" WC="0.94" CONTENT="till"/><SP WIDTH="19" VPOS="1398" HPOS="490"/>
							<String ID="string_184" HPOS="509" VPOS="1398" WIDTH="169" HEIGHT="28" WC="0.96" CONTENT="morgondagens"/><SP WIDTH="17" VPOS="1398" HPOS="678"/>
							<String ID="string_185" HPOS="695" VPOS="1399" WIDTH="92" HEIGHT="27" WC="0.93" CONTENT="plenum,"/><SP WIDTH="16" VPOS="1399" HPOS="787"/>
							<String ID="string_186" HPOS="803" VPOS="1398" WIDTH="77" HEIGHT="21" WC="0.93" CONTENT="väckes"/><SP WIDTH="16" VPOS="1398" HPOS="880"/>
							<String ID="string_187" HPOS="896" VPOS="1397" WIDTH="61" HEIGHT="28" WC="0.96" CONTENT="fråga"/><SP WIDTH="15" VPOS="1397" HPOS="957"/>
							<String ID="string_188" HPOS="972" VPOS="1405" WIDTH="34" HEIGHT="13" WC="0.96" CONTENT="om"/>
						</TextLine>
						<TextLine ID="line_26" HPOS="181" VPOS="1424" WIDTH="826" HEIGHT="29">
							<String ID="string_189" HPOS="181" VPOS="1424" WIDTH="120" HEIGHT="21" WC="0.90" CONTENT="anvisande"/><SP WIDTH="18" VPOS="1424" HPOS="301"/>
							<String ID="string_190" HPOS="319" VPOS="1425" WIDTH="24" HEIGHT="20" WC="0.95" CONTENT="af"/><SP WIDTH="19" VPOS="1425" HPOS="343"/>
							<String ID="string_191" HPOS="362" VPOS="1426" WIDTH="74" HEIGHT="27" WC="0.96" CONTENT="anslag"/><SP WIDTH="18" VPOS="1426" HPOS="436"/>
							<String ID="string_192" HPOS="454" VPOS="1434" WIDTH="24" HEIGHT="13" WC="0.93" CONTENT="ur"/><SP WIDTH="19" VPOS="1434" HPOS="478"/>
							<String ID="string_193" HPOS="497" VPOS="1427" WIDTH="185" HEIGHT="20" WC="0.91" CONTENT="bränvinsmedlen"/><SP WIDTH="18" VPOS="1427" HPOS="682"/>
							<String ID="string_194" HPOS="700" VPOS="1427" WIDTH="63" HEIGHT="20" WC="0.96" CONTENT="bland"/><SP WIDTH="16" VPOS="1427" HPOS="763"/>
							<String ID="string_195" HPOS="779" VPOS="1430" WIDTH="65" HEIGHT="17" WC="0.96" CONTENT="annat"/><SP WIDTH="16" VPOS="1430" HPOS="844"/>
							<String ID="string_196" HPOS="860" VPOS="1426" WIDTH="33" HEIGHT="21" WC="0.93" CONTENT="för"/><SP WIDTH="15" VPOS="1426" HPOS="893"/>
							<String ID="string_197" HPOS="908" VPOS="1426" WIDTH="99" HEIGHT="26" WC="0.89" CONTENT="folkhög-"/>
						</TextLine>
						<TextLine ID="line_27" HPOS="182" VPOS="1451" WIDTH="825" HEIGHT="31">
							<String ID="string_198" HPOS="182" VPOS="1451" WIDTH="75" HEIGHT="21" WC="0.96" CONTENT="skolor"/><SP WIDTH="22" VPOS="1451" HPOS="257"/>
							<String ID="string_199" HPOS="279" VPOS="1452" WIDTH="30" HEIGHT="21" WC="0.92" CONTENT="till"/><SP WIDTH="26" VPOS="1452" HPOS="309"/>
							<String ID="string_200" HPOS="335" VPOS="1453" WIDTH="77" HEIGHT="29" WC="0.95" CONTENT="belopp"/><SP WIDTH="19" VPOS="1453" HPOS="412"/>
							<String ID="string_201" HPOS="431" VPOS="1454" WIDTH="24" HEIGHT="21" WC="0.93" CONTENT="af"/><SP WIDTH="18" VPOS="1454" HPOS="455"/>
							<String ID="string_202" HPOS="473" VPOS="1455" WIDTH="89" HEIGHT="25" WC="0.91" CONTENT="150,000"/><SP WIDTH="19" VPOS="1455" HPOS="562"/>
							<String ID="string_203" HPOS="581" VPOS="1455" WIDTH="59" HEIGHT="21" WC="0.96" CONTENT="mark"/><SP WIDTH="21" VPOS="1455" HPOS="640"/>
							<String ID="string_204" HPOS="661" VPOS="1455" WIDTH="87" HEIGHT="27" WC="0.95" CONTENT="årligen,"/><SP WIDTH="19" VPOS="1455" HPOS="748"/>
							<String ID="string_205" HPOS="767" VPOS="1455" WIDTH="34" HEIGHT="21" WC="0.96" CONTENT="för"/><SP WIDTH="18" VPOS="1455" HPOS="801"/>
							<String ID="string_206" HPOS="819" VPOS="1454" WIDTH="145" HEIGHT="28" WC="0.96" CONTENT="befrämjande"/><SP WIDTH="20" VPOS="1454" HPOS="964"/>
							<String ID="string_207" HPOS="984" VPOS="1453" WIDTH="23" HEIGHT="21" WC="0.96" CONTENT="af"/>
						</TextLine>
						<TextLine ID="line_28" HPOS="182" VPOS="1480" WIDTH="824" HEIGHT="31">
							<String ID="string_208" HPOS="182" VPOS="1480" WIDTH="281" HEIGHT="30" WC="0.92" CONTENT="nykterhetsundervisning"/><SP WIDTH="21" VPOS="1480" HPOS="463"/>
							<String ID="string_209" HPOS="484" VPOS="1484" WIDTH="76" HEIGHT="26" WC="0.92" CONTENT="20,000"/><SP WIDTH="20" VPOS="1484" HPOS="560"/>
							<String ID="string_210" HPOS="580" VPOS="1484" WIDTH="59" HEIGHT="20" WC="0.96" CONTENT="mark"/><SP WIDTH="22" VPOS="1484" HPOS="639"/>
							<String ID="string_211" HPOS="661" VPOS="1483" WIDTH="87" HEIGHT="28" WC="0.96" CONTENT="årligen,"/><SP WIDTH="21" VPOS="1483" HPOS="748"/>
							<String ID="string_212" HPOS="769" VPOS="1484" WIDTH="112" HEIGHT="20" WC="0.96" CONTENT="äfvensom"/><SP WIDTH="21" VPOS="1484" HPOS="881"/>
							<String ID="string_213" HPOS="902" VPOS="1484" WIDTH="34" HEIGHT="20" WC="0.93" CONTENT="för"/><SP WIDTH="18" VPOS="1484" HPOS="936"/>
							<String ID="string_214" HPOS="954" VPOS="1490" WIDTH="52" HEIGHT="21" WC="0.93" CONTENT="ung-"/>
						</TextLine>
						<TextLine ID="line_29" HPOS="181" VPOS="1507" WIDTH="826" HEIGHT="33">
							<String ID="string_215" HPOS="181" VPOS="1507" WIDTH="215" HEIGHT="30" WC="0.92" CONTENT="domsföreningarna"/><SP WIDTH="16" VPOS="1507" HPOS="396"/>
							<String ID="string_216" HPOS="412" VPOS="1512" WIDTH="75" HEIGHT="25" WC="0.92" CONTENT="30,000"/><SP WIDTH="17" VPOS="1512" HPOS="487"/>
							<String ID="string_217" HPOS="504" VPOS="1512" WIDTH="58" HEIGHT="20" WC="0.93" CONTENT="mark"/><SP WIDTH="17" VPOS="1512" HPOS="562"/>
							<String ID="string_218" HPOS="579" VPOS="1512" WIDTH="85" HEIGHT="28" WC="0.94" CONTENT="årligen."/><SP WIDTH="32" VPOS="1512" HPOS="664"/>
							<String ID="string_219" HPOS="696" VPOS="1512" WIDTH="43" HEIGHT="21" WC="0.96" CONTENT="Det"/><SP WIDTH="16" VPOS="1512" HPOS="739"/>
							<String ID="string_220" HPOS="755" VPOS="1512" WIDTH="41" HEIGHT="21" WC="0.96" CONTENT="kan"/><SP WIDTH="18" VPOS="1512" HPOS="796"/>
							<String ID="string_221" HPOS="814" VPOS="1512" WIDTH="33" HEIGHT="20" WC="0.93" CONTENT="väl"/><SP WIDTH="16" VPOS="1512" HPOS="847"/>
							<String ID="string_222" HPOS="863" VPOS="1512" WIDTH="18" HEIGHT="28" WC="0.96" CONTENT="ej"/><SP WIDTH="16" VPOS="1512" HPOS="881"/>
							<String ID="string_223" HPOS="897" VPOS="1511" WIDTH="51" HEIGHT="22" WC="0.96" CONTENT="råda"/><SP WIDTH="14" VPOS="1511" HPOS="948"/>
							<String ID="string_224" HPOS="962" VPOS="1519" WIDTH="45" HEIGHT="13" WC="0.97" CONTENT="mer"/>
						</TextLine>
					</TextBlock>
				</ComposedBlock>
			</PrintSpace>
		</Page>
	</Layout>
</alto>
