1078 1742
191 81 41 21 266
451 88 23 16 R.
488 93 17 11 o.
518 89 25 16 A.
556 89 59 16 1908.
639 89 27 16 26
676 88 66 20 April.

191 156 73 23 finner,
280 159 31 17 att
335 156 151 28 jernväparnas
514 157 119 20 nettovinst
655 156 80 28 sjunkit
760 156 32 20 till
814 157 6 19 3
838 156 96 28 miljoner
950 155 65 22 mark,

190 184 71 20 denna
273 184 162 28 omständighet,
454 188 31 18 att
503 185 48 21 med
570 192 37 14 ens
628 192 25 14 en
667 185 122 27 förhöjning
806 184 24 21 af
852 184 85 21 lönerna
954 182 61 29 päyr-

191 212 43 26 kas,
251 220 44 13 som
321 214 66 25 stiger
412 214 31 20 till
468 220 81 14 samma
575 213 83 29 belopp,
674 213 71 21 kunde
772 213 67 21 hafva
864 220 26 14 en
905 212 109 21 inverkan.

191 241 64 21 Dock
272 242 39 20 kan
327 242 36 28 jag
378 243 79 27 intyga,
478 245 30 17 att
524 242 60 21 detta
602 243 66 20 motiv
684 242 48 21 icke
748 242 56 20 inom
821 241 113 22 Utskottet
950 240 65 21 fram-

189 269 61 26 hölls,
267 273 49 17 utan
332 274 32 17 att
379 278 48 13 man
445 270 96 22 försökte
557 270 95 28 oväldigt
668 270 40 22 och
724 270 101 21 oberördt
841 270 61 21 häraf
918 268 96 22 betrakta

189 298 76 28 frägan
283 298 74 22 endast
373 299 48 21 frän
437 299 136 28 synpunkten
590 302 31 18 att
636 299 69 28 skälig
721 298 40 22 och
777 299 115 27 tillräcklig
904 299 32 20 lön
949 297 65 21 mätte

190 327 89 28 beviljas
295 328 199 28 jernvägsbetjente.
524 328 107 28 Beloppet
651 328 37 20 har
704 328 112 21 Utskottet
832 330 70 19 ansett
918 328 32 26 sig
965 326 48 21 icke

189 362 50 14 vara
257 356 41 20 den
314 358 55 18 rätta
384 357 107 20 instansen
508 359 32 18 att
557 356 115 21 bestämma
695 356 51 21 eller
762 364 37 13 ens
815 359 32 18 att
862 356 77 28 antyda
956 362 57 14 mera

188 385 91 27 specielt
293 386 25 19 än
335 384 56 21 hvad
408 392 45 14 som
469 385 57 21 skett
543 386 6 20 i
565 385 49 21 dess
630 385 62 26 kläm,
703 388 31 18 att
752 385 132 21 »Ständerna
900 384 64 21 måtte
980 387 34 17 ut-

189 412 42 21 tala
249 414 32 26 sig
303 413 34 21 för
360 421 25 13 en
409 414 106 27 reglering
537 414 23 20 af
583 414 26 20 de
626 414 55 26 lägst
696 414 96 20 aflönade
808 414 204 27 jernvägsbetjentes

188 441 114 26 förmåner,
317 442 102 21 särskildt
434 442 47 21 med
499 442 120 21 beaktande
635 442 22 21 af
672 442 214 21 ortsförhällanden».
917 442 43 20 Det
971 442 40 20 kan

190 477 51 13 vara
258 470 65 25 fallet,
335 474 30 17 att
381 478 48 14 man
445 470 67 22 måste
528 471 79 27 bevilja
623 478 24 14 en
664 473 66 19 större
747 471 122 28 förhöjning
880 470 12 22 å
902 474 62 22 orter,
975 470 38 20 der

188 498 229 22 lefnadskostnaderna
432 501 37 19 äro
484 499 72 28 högre.

257 527 42 28 Jag
314 528 36 20 vill
366 528 47 21 icke
434 528 85 28 förbigä
534 531 31 18 ett
580 528 109 21 uttalande
705 528 22 21 af
744 528 33 21 Hr
792 528 127 25 Schauman,
934 531 31 17 att
980 528 32 20 äf-

188 563 40 13 ven
246 558 65 19 andra
327 556 160 28 yrkesarbetare
504 557 59 28 börja
579 560 49 18 utan
645 560 31 18 att
688 557 65 21 hafva
764 557 70 27 någon
845 556 167 29 yrkesskicklig-

187 584 42 21 het.
262 584 42 22 Det
319 587 23 18 är
358 585 86 21 alldeles
461 586 80 27 riktigt,
558 593 47 13 men
621 586 27 20 de
664 586 58 27 börja
738 586 19 27 ej
774 593 38 13 ens
828 585 48 21 med
893 585 79 21 hälften
989 585 23 21 af

186 614 251 27 jernvägsbetjeningens
461 614 68 28 lägsta
552 614 65 22 löner.
646 615 44 21 När
712 614 27 21 de
762 614 59 28 börja
837 614 43 21 lära
897 615 32 27 sig
943 614 69 28 yrket,

186 642 93 28 förtjena
295 642 26 20 de
337 643 86 27 mycket
438 643 52 25 litet,
501 650 47 14 men
565 643 26 20 de
609 643 57 28 börja
678 644 5 20 i
696 651 56 19 unga
768 643 23 20 är
806 642 41 22 och
862 642 61 22 deras
939 642 72 22 arbete

185 671 24 20 är
224 670 99 28 ofantligt
340 671 85 27 mycket
440 679 57 13 mera
513 672 116 20 fordrande
645 674 27 18 än
688 672 36 20 det
741 679 45 13 som
798 672 87 20 kräfves
896 671 23 21 af
930 671 26 21 de
967 671 45 27 läg-

185 703 33 17 ste
236 699 199 29 jernvägsbetjente.
466 700 43 21 För
524 701 43 20 min
583 700 34 21 del
634 700 33 21 fär
682 701 35 27 jag
733 700 107 28 tillstyrka
857 703 30 17 ett
902 700 109 20 uttalande

185 727 80 21 sädant
280 728 113 22 Utskottet
408 728 116 28 föreslagit.

256 784 34 20 Hr
312 792 55 13 von
397 784 234 29 Weissenberg:
647 786 41 28 Jag
704 786 50 20 ville
769 789 57 25 yttra
843 786 64 28 några
922 786 38 21 ord
976 793 33 13 om

185 812 41 21 den
251 813 127 27 jemförelse,
395 821 43 13 som
461 814 114 22 Utskottet
590 814 27 29 pä
633 814 38 22 sid.
686 816 28 20 45
729 815 57 27 gjort
801 815 89 20 emellan
906 816 26 20 de
948 822 62 13 sven-

185 841 39 21 ska
240 841 41 21 och
297 842 68 20 finska
377 843 205 27 statsjernvägarnas
605 843 260 27 aflöningsförhällanden.
896 844 30 20 Af
940 843 70 21 denna

183 870 125 28 jemförelse
332 870 71 21 kunde
427 879 47 13 man
496 872 23 20 fä
534 872 42 21 den
593 872 172 28 uppfattningen,
780 875 31 18 att
827 872 183 27 aflöningsförmä-

184 906 68 13 nerna
268 898 34 21 för
317 899 42 20 den
376 899 67 28 lägsta
460 900 134 28 betjeningen
613 901 33 20 vid
668 901 26 20 de
710 901 68 20 finska
794 901 148 20 statsbanorna
959 909 51 13 vore

185 927 108 28 betydligt
309 927 66 27 högre
390 929 26 19 än
433 929 148 21 motsvarande
597 929 109 28 aflöning
703 923 14 38 i
723 929 97 28 Sverige.
850 929 52 21 Men
918 930 58 21 detta
986 931 24 19 är

184 958 78 18 endast
278 956 107 21 skenbart.
417 957 71 28 Enligt
511 957 41 21 den
577 958 60 21 18:de
653 958 134 21 löneklassen
804 959 4 19 i
826 957 88 28 Sverige
930 958 79 21 aflönas

184 985 34 20 för
234 985 133 20 närvarande
383 985 77 21 endast
483 985 124 22 budbärare.
638 987 76 20 Denna
739 986 61 21 18:de
816 987 57 20 klass
889 987 65 20 finnes
970 987 39 20 alls

184 1013 47 21 icke
249 1016 106 25 upptagen
372 1014 5 19 i
394 1015 52 20 sista
461 1015 99 25 tabellen,
573 1015 55 20 efter
639 1015 123 22 Utskottets
779 1015 141 20 betänkande.
935 1015 75 28 Enligt

185 1041 62 21 17:de
263 1041 141 24 löneklassen,
420 1043 5 20 i
442 1042 88 29 Sverige
547 1043 80 21 aflönas
650 1044 75 21 endast
741 1045 13 20 4
771 1044 81 20 klasser
867 1044 23 20 af
906 1044 103 28 betjenin-

182 1077 48 20 gen.
262 1069 103 22 Deremot
387 1071 79 20 aflönas
490 1073 4 19 i
518 1071 91 22 Finland
638 1073 66 27 enligt
723 1073 41 20 den
783 1072 67 26 19:de,
865 1073 20 20 d.
901 1080 19 13 v.
935 1080 16 13 s.
967 1073 41 20 den

183 1099 69 26 lägsta
276 1099 140 25 löneklassen,
434 1107 25 13 en
486 1104 44 17 stor
549 1101 75 27 mängd
643 1101 98 28 betjente,
756 1101 70 20 såsom
843 1101 167 25 stationskarlar,

184 1127 139 25 banvaktare,
338 1129 175 26 vagnssmörjare,
529 1129 204 28 lokomotivputsare
753 1143 13 2 —
781 1130 96 27 samtliga
894 1129 62 22 dessa
971 1132 37 19 äro

182 1160 58 16 stora
257 1163 93 20 grupper
359 1169 25 2 -—
395 1156 73 21 vidare
476 1157 141 27 gärdskarlar,
625 1159 151 26 grindvaktare
789 1165 19 14 o.
819 1158 42 28 dyl.
877 1159 48 20 Alla
933 1159 76 20 ofvan-

181 1184 143 27 uppräknade
340 1184 65 21 hafva
421 1186 41 21 600
475 1187 59 20 mark
545 1187 6 20 i
563 1187 50 20 äret.
633 1187 71 27 Tager
716 1194 48 13 man
777 1188 5 19 i
796 1186 138 22 betraktande
946 1187 62 21 dessa

181 1212 192 27 omständigheter,
382 1213 94 22 kommer
487 1221 47 14 man
546 1215 104 21 törhända
660 1215 31 21 till
704 1215 36 21 det
752 1215 116 25 resultatet,
876 1219 32 17 att
920 1215 88 21 aflönin-

181 1249 67 18 garna
274 1241 35 20 för
331 1241 27 20 de
384 1241 68 28 lägste
477 1243 193 28 jernvägsbetjente
686 1245 5 19 i
709 1243 92 22 Finland
826 1246 36 19 äro
886 1244 56 27 lägre
958 1246 26 19 än
1002 1245 4 20 i

181 1270 98 26 Sverige.
309 1269 44 21 Det
368 1270 62 21 torde
453 1271 47 21 icke
524 1273 55 19 varit
602 1272 66 21 kändt
690 1273 34 20 för
748 1272 118 26 Utskottet,
882 1275 30 18 att
928 1273 80 28 Kongl.

181 1297 104 28 Majestät
301 1298 40 20 den
353 1299 28 20 30
392 1299 87 21 Januari
493 1301 54 20 1906
559 1300 98 29 uppdrog
668 1301 22 20 åt
701 1309 25 12 en
739 1301 79 21 komit6
828 1304 31 17 att
872 1301 82 27 afgifva
969 1309 39 13 un-

181 1326 116 27 derdänigt
311 1327 100 27 yttrande
427 1328 41 21 och
483 1328 82 28 förslag
580 1329 31 21 till
637 1329 105 28 reglering
758 1330 22 20 af
796 1329 211 22 löneförhällandena

179 1354 37 21 vid
233 1355 178 28 jernvägsstaten.
442 1356 71 28 Sagda
536 1357 90 22 komit&s
652 1358 80 28 förslag
758 1358 30 21 till
810 1358 148 28 aflöningsstat
973 1359 35 20 för

181 1384 54 20 1907
253 1383 54 21 skall
331 1383 129 28 framläggas
482 1385 34 20 för
538 1393 80 14 samma
638 1386 32 21 ärs
696 1387 94 27 riksdag.
820 1387 138 20 Ordförande
974 1387 34 20 för

180 1411 73 21 denna
277 1412 78 20 komité
379 1412 95 22 kommer
499 1417 35 17 'att
565 1422 50 13 vara
640 1415 184 27 generaldirektör
840 1415 30 21 M.
886 1415 25 21 R.
927 1415 79 21 Sahlin.

179 1439 74 22 Häraf
269 1447 70 21 synes,
355 1444 31 17 att
403 1449 46 13 man
461 1443 6 19 i
481 1441 89 29 Sverige
586 1445 23 18 är
624 1444 68 20 starkt
708 1444 90 20 betänkt
813 1443 28 28 pä
856 1447 30 17 att
904 1444 103 21 förbättra

178 1469 242 28 jernvägspersonalens
444 1470 162 22 löneförmäner.
637 1472 33 21 Dä
687 1473 19 20 vi
732 1479 28 14 nu
783 1472 66 21 hafva
870 1472 90 28 pävisat,
975 1475 32 17 att
