1081 1742
323 137 303 34 Representationsreformen.
849 138 41 20 431

66 212 53 26 skäl,
124 219 46 14 som
180 212 40 21 den
230 212 49 28 sjelf
286 212 47 21 icke
339 212 130 28 godkänner.
481 212 64 21 Hvad
555 212 215 28 landtbefolkningen
780 212 112 26 beträffar,

66 240 73 22 stöder
160 241 36 27 jag
219 242 42 26 mig
284 240 48 22 icke
355 241 28 27 pä
405 242 42 20 min
475 248 52 21 egen
553 240 122 22 erfarenhet
699 248 35 14 om
761 240 130 26 densamma,

66 269 89 21 oaktadt
170 269 35 28 jag
220 268 56 22 ändä
292 269 38 21 har
345 269 70 28 nägon
431 270 121 21 erfarenhet
567 277 33 13 om
606 264 44 38 den,
663 264 49 38 utan
725 270 34 27 jag
767 269 74 21 stöder
849 270 43 26 mig

66 297 73 29 derpä,
154 301 32 17 att
206 297 40 21 den
263 298 94 20 ledamot
371 298 23 20 af
409 298 364 28 representatiousreformkomit&n,
787 305 46 14 som
849 298 43 20 till-

67 326 67 22 hörde
156 326 169 27 Bondeständet,
341 329 77 20 ansett,
441 326 40 22 och
504 326 63 22 öfver
586 326 83 22 hufvud
686 328 74 20 nästan
777 326 41 21 alla
834 326 59 22 leda-

67 356 69 20 möter
156 355 23 21 af
194 354 171 27 Bondeständet,
381 362 57 19 anse,
453 358 32 18 att
501 362 90 14 mannen
608 355 41 21 och
664 356 95 27 gvinnan
776 355 27 28 pä
818 354 74 22 landet

67 385 37 19 äro
122 383 48 22 fullt
186 383 42 21 lika
244 383 129 21 utvecklade
389 383 36 21 vid
441 384 26 20 21
485 391 45 14 som
547 383 36 21 vid
599 384 27 21 24
641 384 35 20 ärs
691 384 65 20 älder.
786 384 52 21 Man
855 383 38 21 har

68 412 66 21 också
150 412 98 21 klandrat
263 413 45 27 mig
323 412 73 21 derför
411 415 32 18 att
457 413 36 27 jag
508 412 72 22 anfört
595 412 163 28 folkopinionen
775 412 70 22 såsom
861 415 31 18 ett

68 440 48 22 stöd
132 440 34 22 för
182 441 42 20 min
240 440 62 28 äsigt.
334 440 43 22 Det
392 442 24 20 är
426 441 48 21 icke
483 442 69 27 precis
560 441 162 28 folkopinionen
732 441 70 21 såsom
811 441 82 27 nägou-

68 470 46 27 ting
137 469 127 26 obestämdt,
279 476 46 14 som
342 470 35 27 jag
392 469 110 29 äberopar.
531 469 42 29 Jag
588 470 38 20 har
641 469 104 29 äberopat
759 472 134 26 representa-

68 497 241 22 tionsreformkomit&ns
326 498 106 28 majoritet
447 498 41 21 och
503 498 27 21 de
545 498 100 28 politiska
661 499 114 27 partierna,
787 498 40 22 och
843 497 49 21 med

69 526 63 22 dessa
148 528 79 26 partier
242 526 67 22 mäste
325 527 21 20 vi
361 527 23 27 ju
399 526 57 21 ändä
471 527 72 21 räkna.

138 554 105 29 Slutligen
259 555 37 21 ber
310 556 36 27 jag
361 557 57 19 ännu
433 555 23 21 fä
473 555 73 21 beröra
562 563 25 13 en
604 555 165 28 omständighet,
784 562 44 14 som
845 555 48 21 icke

68 583 78 21 hänför
162 584 32 27 sig
209 584 31 20 till
256 584 70 21 denna
341 584 60 28 fräga
418 591 34 14 om
469 584 168 28 äldersgränsen.
667 584 48 21 Här
730 584 37 21 har
783 586 64 24 sagts,
863 586 31 18 att

70 612 36 21 det
121 612 124 28 stadgande,
260 612 139 28 hvarigenom
416 613 78 21 militär
509 614 6 20 i
531 613 59 21 aktiv
603 613 65 28 tjenst
679 612 110 22 beröfvats
799 614 94 23 rösträtt,

69 648 51 14 vore
136 642 105 20 orättvist.
271 640 43 22 Det
330 642 23 20 är
367 642 22 27 ju
405 642 6 20 i
427 641 78 28 sjelfva
521 642 74 20 verket
611 641 29 26 sä,
655 649 48 13 men
719 642 35 27 jag
769 641 82 28 hoppas
862 643 32 18 att

70 669 59 21 detta
152 669 120 28 stadgande
288 670 48 21 icke
352 670 96 20 kommer
463 673 32 18 att
509 670 66 21 hafva
592 670 69 28 nägon
677 670 109 28 synnerlig
797 669 96 29 praktisk

70 698 116 28 betydelse.
216 698 41 28 Jag
272 698 82 28 hoppas
370 699 22 20 vi
408 698 47 22 icke
467 698 84 22 komma
562 702 31 17 att
604 698 106 28 uppställa
721 699 73 21 aktiva
805 701 88 25 trupper

69 728 7 19 i
92 734 80 13 samma
188 728 92 26 mening,
288 734 45 14 som
343 728 20 20 vi
372 726 48 22 haft
428 727 68 28 enligt
504 727 39 21 vär
555 727 133 21 fortfarande
699 727 100 27 gällande
817 728 76 19 värne-

70 755 108 28 pligtslag,
192 758 51 18 utan
259 758 31 18 att
305 756 20 21 vi
343 755 59 21 skola
420 756 91 27 öfvergä
525 756 32 20 till
573 759 31 18 ett
614 759 65 17 annat
689 759 79 25 system
779 755 23 21 af
811 755 83 25 militär,

70 784 32 20 till
126 787 31 17 ett
175 784 142 28 milissystem.
347 784 52 21 Man
416 784 41 21 kan
473 779 56 37 säga
540 784 86 28 mycket
641 784 53 28 godt
709 792 34 13 om
759 784 42 21 den
817 783 78 21 militär

70 813 22 20 vi
113 812 54 26 haft,
189 820 48 14 men
257 812 37 21 det
314 812 41 21 kan
371 812 66 22 ocksä
453 812 72 22 finnas
541 813 164 27 anmärkningar
719 815 30 19 att
764 814 58 26 göra.
851 812 43 29 Jag

70 843 46 19 tror
131 841 48 21 icke
195 841 41 21 alla
250 845 99 24 truppers
365 841 51 21 eller
427 841 98 21 enskilda
535 842 212 27 truppmedlemmars
759 840 134 29 uppförande

70 869 69 21 under
162 869 123 21 ofärdsären
306 870 56 20 varit
381 869 83 27 sädant,
480 873 31 18 att
526 870 72 21 derom
615 869 71 22 kunde
702 869 63 22 fällas
797 873 20 17 det
833 869 61 20 bästa

71 897 99 22 omdöme
185 905 25 14 ur
224 898 113 28 patriotisk
353 898 116 28 synpunkt.
499 898 44 21 Det
559 898 71 21 finnes
648 906 25 13 en
685 901 69 25 trupp,
765 905 45 14 som
819 897 76 22 hedrat

70 927 39 26 sig,
132 926 37 21 det
192 934 37 13 var
251 926 72 21 finska
346 927 226 27 Dragonregementet,
589 927 40 21 och
648 927 35 20 för
698 927 59 20 detta
773 929 121 24 regemente

71 954 41 22 och
128 954 49 22 dess
193 955 65 28 bragd
274 955 28 21 ha
317 955 104 21 Finlands
437 955 92 22 Ständer
544 955 65 22 redan
626 963 25 14 en
667 955 58 28 gång
740 955 67 28 bugat
821 956 38 26 sig.

140 1012 34 21 Hr
189 1012 158 22 Bläfield:
377 1012 76 21 Täällä
471 1020 27 13 on
515 1016 88 18 annettu
619 1014 29 19 eri
664 1013 142 21 arvolauseita
823 1013 71 20 nuori-

71 1047 39 14 son
127 1041 147 28 kehityksestä
288 1042 21 27 ja
324 1049 38 13 sen
378 1041 190 22 todennäköisestä
584 1042 135 27 poliittisesta
734 1041 160 28 pätevyydestä.

70 1069 77 21 Näistä
163 1069 47 22 olen
227 1073 84 18 ottanut
326 1069 113 22 huomioon
455 1069 48 22 Hra
519 1069 81 29 Spären
616 1070 119 21 lausunnon
751 1071 49 20 siitä
816 1071 80 26 syystä,

71 1099 44 20 että
136 1097 69 22 siihen
222 1105 26 14 on
264 1100 47 19 eräs
326 1099 85 20 arvoisa
427 1098 79 28 puhuja
521 1099 71 20 osaksi
609 1102 123 25 perustanut
746 1097 150 29 johtopäätök-

71 1128 63 20 sensä
157 1127 108 28 ikärajaan
283 1127 91 21 nähden.
404 1127 47 20 Hra
464 1127 82 28 Spären
562 1127 111 21 arvolause
689 1128 106 20 menettää
812 1127 84 20 kuiten-

71 1155 37 21 kin
131 1155 170 28 merkityksensä
322 1163 37 14 sen
380 1155 83 26 kautta,
485 1157 43 20 että
551 1156 40 21 hän
610 1157 99 26 myöntää
729 1155 71 21 niiden
817 1162 79 14 nuoru-

71 1184 91 25 kaisten,
184 1184 58 27 jotka
265 1188 51 17 ovat
338 1184 150 21 kansakoulun
512 1185 97 28 käyneet,
632 1185 76 20 olevan
729 1184 72 21 kaikin
822 1183 73 28 puolin

72 1212 146 28 kehittyneitä,
240 1213 88 28 jotenka
351 1220 23 13 se
396 1214 19 20 ei
439 1213 34 21 ole
489 1213 41 27 ikä,
545 1213 50 28 joka
610 1213 108 21 aiheuttaa
733 1215 51 18 tuon
802 1212 94 27 kehitty-

71 1242 116 19 mättömän
213 1241 51 21 tilan
290 1249 54 13 vaan
372 1242 88 27 tietojen
488 1245 71 24 puute.
590 1241 64 22 Vielä
681 1241 116 28 tärkeämpi
821 1248 27 14 on
873 1247 22 14 se

72 1269 58 28 puoli
153 1269 47 21 Hra
223 1269 81 28 Spären
329 1270 147 26 lausunnossa,
491 1271 44 20 että
555 1270 40 21 hän
612 1271 18 20 ei
646 1270 35 21 voi
697 1270 121 21 mitenkään
834 1272 63 17 antaa

72 1297 145 22 arvolausetta
240 1298 92 21 Suomen
350 1299 122 20 nuorisosta
489 1298 230 22 kokonaisuudessaan.
747 1298 76 21 Mikäli
840 1298 57 20 minä

71 1326 71 21 luulen
166 1327 109 26 tietäväni,
291 1327 65 21 sattui
379 1328 50 20 nim.
449 1327 47 21 Hra
512 1327 81 28 Spåren
610 1327 141 28 opettajaaika
769 1327 50 20 siksi
836 1326 59 21 aika-

71 1354 105 21 kaudeksi
200 1356 117 21 viimeisien
333 1356 198 28 vuosikymmenien
547 1355 130 27 historiassa,
693 1355 73 28 jolloin
782 1362 62 21 paras
860 1361 37 14 osa

72 1383 93 22 Suomen
182 1385 120 20 nuorisosta
317 1385 28 27 jäi
361 1384 143 21 kutsunnasta
519 1385 20 27 ja
555 1385 121 20 sotaväestä
692 1385 52 27 pois.

141 1441 34 20 Hr
197 1440 259 22 Stjernschantz:
488 1441 74 22 Ocksä
577 1442 35 27 jag
627 1441 38 21 ber
680 1444 31 18 att
726 1441 21 21 fä
763 1441 75 20 förena
854 1441 43 26 mig

71 1469 49 21 med
147 1469 59 21 Frih.
254 1469 115 28 Gripenberg
393 1471 6 19 i
425 1469 55 22 hans
502 1470 109 21 uttalande
633 1469 111 28 angäende
767 1469 42 21 den
830 1469 67 20 första

70 1505 98 20 gruppen
190 1498 24 21 af
236 1501 110 24 undantag
370 1498 48 21 frän
435 1499 80 20 valrätt
537 1499 40 20 och
600 1498 111 21 valbarhet
731 1501 54 18 samt
807 1497 91 28 specielt

71 1526 121 26 framhålla,
207 1529 32 18 att
262 1526 69 21 denna
347 1527 156 28 inskränkning
519 1528 6 19 i
540 1527 168 28 medborgerliga
723 1526 126 28 rättigheter
864 1525 34 21 för
