1078 1736
334 116 263 21 Jernvägsbyggnaderna.
843 108 41 21 237

61 185 38 21 bör
114 188 84 24 antaga,
214 188 30 18 att
260 185 69 21 denna
346 185 54 21 bana
417 184 129 22 ätminstone
572 184 47 22 icke
636 184 95 21 kommer
746 187 31 17 att
793 184 92 27 betunga

61 213 287 22 kommunikationsfondens
366 213 86 27 budget.

129 242 32 21 På
176 242 68 28 grund
261 242 22 21 af
298 242 56 20 hvad
371 242 35 28 jag
422 242 7 20 i
445 244 37 19 sak
506 242 72 21 anfört
601 242 36 20 ber
659 242 35 27 jag
710 241 26 28 pä
752 240 36 22 det
805 248 81 13 varma-

61 274 32 18 ste
115 271 22 20 få
160 270 130 21 understöda
313 271 58 23 att,
363 266 12 35 i
392 270 95 27 enlighet
507 270 47 21 med
577 270 158 21 reservationen
756 270 40 20 N:o
811 271 18 24 6,
847 276 38 13 »en

61 298 155 29 normalspärig
238 299 90 27 jernväg
350 299 47 20 frän
422 298 107 29 Seinäjoki
554 299 78 21 station
650 306 80 20 genom
754 298 76 21 Bötom
853 297 31 20 till

62 327 145 22 Kristinestad
225 327 53 21 skall
294 327 80 21 utföras
391 327 67 28 enligt
474 327 127 28 uppgängen
619 327 50 28 linje
685 327 34 20 för
735 334 25 13 en
778 325 107 22 beräknad

61 356 90 21 kostnad
168 356 23 21 af
206 357 110 24 9,200,000
332 356 59 21 mark
407 360 55 17 samt
473 360 30 17 att
515 356 34 21 för
560 355 120 22 ändamälet
692 355 70 21 ansläs
775 355 110 24 1,000,000

61 385 60 21 mark
137 387 31 19 att
184 385 50 27 utgå
250 384 67 21 under
332 384 171 29 finansperioden
522 385 159 21 1906—1907.>

131 441 33 21 Hr
187 449 49 13 von
265 441 166 22 Bonsdorff:
453 441 214 28 Jernvägsutskottet
687 441 37 21 har
740 441 35 20 vid
793 439 93 22 behand-

60 471 71 27 lingen
152 470 23 21 af
191 469 72 28 frågan
280 477 33 14 om
330 470 41 21 den
388 470 213 28 Sydösterbotiniska
617 471 115 28 jernvägen
748 470 91 20 bestämt
855 469 32 27 sig

60 499 33 21 för
104 502 31 17 att
147 499 80 20 föreslä
242 498 77 21 endast
334 507 26 12 en
376 499 113 28 ändpunkt
504 499 41 21 och
561 499 36 21 vid
614 499 57 21 valet
687 499 75 20 mellan
779 498 107 21 Kristine-

60 527 47 22 stad
124 527 40 22 och
181 527 74 21 Kaskö
270 530 86 18 stannat
371 527 35 21 vid
424 527 36 22 det
475 527 58 22 förra
563 528 12 21 pä
590 527 99 28 grunder,
704 535 45 13 som
766 526 82 28 framgä
863 533 24 14 ur

61 556 150 20 betänkandet.
241 555 75 22 Under
339 556 133 21 närvarande
493 556 148 21 förhällanden
657 563 63 20 synes
736 556 49 26 mig,
799 558 32 18 att
847 554 40 22 Ut-

60 584 81 21 skottet
164 584 74 21 härvid
262 584 44 21 valt
329 586 48 24 rätt,
399 592 33 13 om
456 585 67 20 ocksä
545 584 101 28 förslaget
669 584 83 21 afviker
768 583 47 21 frän
832 583 55 20 före-

60 613 83 27 gäende
165 612 101 21 Ständers
282 612 76 26 beslut,
375 613 40 21 och
431 613 136 28 naturligtvis
584 613 62 21 äfven
663 613 76 27 mänga
755 612 132 28 synpunkter

61 641 72 21 kunna
159 641 85 21 anföras
267 641 32 21 till
323 641 82 22 förmän
423 641 33 22 för
471 641 82 22 Kaskö.
583 641 44 22 Det
642 643 23 19 är
681 649 26 13 nu
724 641 62 21 allom
803 641 84 25 bekant,

61 673 32 18 att
108 669 146 22 Kristinestad
270 670 48 21 icke
334 670 39 21 hör
388 671 32 20 till
437 670 51 21 vära
504 672 67 19 större
587 670 72 21 städer
674 670 41 21 och
726 670 50 27 föga
784 669 104 27 antagligt

61 700 29 24 är,
105 702 32 17 att
151 698 76 22 staden
244 698 102 28 nägonsin
363 699 54 21 skall
432 699 27 21 ha
476 699 71 28 nägon
563 699 101 21 särskildt
678 706 88 20 gynsam
784 697 103 22 framtid
877 693 13 38 i

61 727 130 28 perspektiv.
222 727 50 21 Men
289 727 25 21 sä
329 727 47 21 vidt
392 735 47 14 man
456 728 41 21 kan
513 728 23 21 af
547 727 129 28 föregäende
690 727 65 21 tiders
767 725 121 22 erfarenhet

61 755 69 26 döma,
143 755 61 22 torde
220 763 48 14 man
285 756 17 27 ej
320 755 66 22 heller
401 756 27 21 ha
444 759 31 18 att
491 758 64 19 vänta
571 757 32 27 sig
619 756 65 28 något
699 759 54 18 stort
769 755 22 21 af
806 755 81 24 Kaskö,

61 785 5 19 i
83 788 53 17 trots
152 784 23 21 af
190 784 48 21 dess
254 784 106 21 utmärkta
376 785 70 26 hamn,
454 792 34 14 om
504 785 87 21 hvilken
608 792 47 13 man
672 784 64 21 redan
752 784 34 21 får
801 784 44 20 läsa
857 783 29 20 uti

61 812 141 22 läroböcker
193 807 11 39 i
213 813 99 28 geografi.
343 813 114 22 Utskottet
468 815 61 26 säger
545 813 27 28 pä
587 813 39 22 sid.
641 814 38 21 29:
698 813 86 21 »Säsom
801 815 31 18 ett
840 811 47 21 fak-

61 845 43 17 tum
128 841 98 28 gvarstär
240 845 31 17 att
286 841 82 28 Kaskö,
384 842 90 21 oaktadt
489 843 32 20 sin
537 842 56 28 goda
609 842 69 27 hamn,
694 842 42 27 fört
752 849 25 13 en
794 840 93 29 tynande

62 869 85 21 tillvaro
171 870 64 20 äfven
258 870 68 21 under
348 870 62 26 tider,
433 870 27 21 dä
483 871 76 27 jemväl
580 870 33 21 för
629 870 69 28 öfriga
714 868 174 23 Österbottniska

64 898 72 21 städer
152 898 131 28 landsvägen
300 906 38 14 var
353 899 41 21 den
410 899 55 21 enda
481 899 126 21 trafikleden
623 899 47 21 från
686 898 115 22 inlandet».
822 897 65 21 Detta

61 926 62 21 torde
139 927 34 21 väl
189 927 191 21 öfverensstämma
396 928 46 20 med
461 928 96 28 verkliga
572 928 148 20 förhållandet.
751 927 50 21 Men
819 926 69 20 märk-

62 955 86 28 värdigt
163 957 29 25 är,
209 955 51 21 buru
277 959 57 17 stora
351 956 168 28 förboppningar
535 964 48 13 man
599 956 49 21 stält
664 956 28 28 på
707 956 74 21 staden
794 955 46 21 icke
852 962 36 13 en-

62 984 49 20 dast
120 985 43 25 uti
188 984 49 21 våra
260 984 71 28 dagar,
352 988 50 18 utan
419 985 64 21 äfven
497 985 60 27 långt
572 985 33 21 för
621 985 64 21 detta.
716 984 30 22 På
765 983 123 25 1730-talet,

63 1012 27 20 dä
113 1012 153 21 Österbottens
288 1013 79 20 handel
390 1021 38 13 var
450 1014 111 20 inskränkt
580 1014 31 20 till
637 1013 124 21 Stockholm
778 1012 40 21 och
833 1004 55 33 Åbo,

63 1041 72 27 ingick
159 1041 179 28 landshöfdingen
355 1043 6 19 i
377 1042 57 21 länet
456 1042 32 21 till
505 1042 112 27 riksdagen
635 1042 46 27 med
698 1049 26 14 en
740 1041 97 21 anhållan
855 1047 33 14 om

63 1073 31 16 att
110 1069 77 21 Kaskö
203 1069 64 22 måtte
283 1069 105 22 förklaras
404 1078 44 14 som
466 1071 117 28 stapelstad
599 1071 34 20 för
648 1070 139 22 Österbotten
803 1069 41 21 och
859 1071 30 18 att

63 1105 25 13 en
113 1098 33 21 del
160 1098 29 27 af
203 1098 133 28 krigsflottan
352 1099 66 21 måtte
434 1099 38 21 der
488 1100 100 27 placeras.
620 1099 74 22 Under
709 1099 81 21 Gustaf
805 1097 40 27 III,
862 1096 27 21 då

64 1126 64 28 några
154 1126 177 28 Österbottniska
352 1127 72 22 städer
444 1128 65 21 redan
528 1128 39 21 fått
582 1128 117 28 stapelrätt,
714 1127 85 28 gjordes
816 1125 73 22 försök

64 1158 31 17 att
109 1157 52 25 göra
177 1155 75 21 Kaskö
268 1156 32 20 till
316 1155 153 22 Österbottens
481 1157 54 20 enda
547 1156 123 28 stapelstad,
682 1164 46 12 men
742 1157 65 19 mötte
818 1158 71 17 natur-

63 1183 73 27 ligtvis
160 1184 108 21 motstånd
290 1184 48 21 från
355 1184 66 21 andra
437 1185 78 21 städer.
544 1178 31 28 År
592 1186 53 20 1785
661 1184 66 21 erhöll
744 1188 59 17 orten
820 1183 69 21 stads-

64 1212 121 28 privilegier
207 1212 39 21 och
270 1213 112 27 stapelrätt
404 1216 56 18 samt
479 1214 64 21 frihet
562 1213 47 21 från
626 1214 36 20 det
677 1212 156 27 handelstvång
849 1211 40 21 och

63 1240 122 28 skråtvång,
209 1248 45 14 som
278 1241 155 29 upprätthöllos
457 1243 6 19 i
487 1243 66 21 rikets
579 1242 68 28 öfriga
670 1242 76 21 städer.
776 1241 70 28 Tjugu
867 1240 23 20 år

63 1276 74 14 senare
153 1269 55 21 hade
224 1270 40 20 den
282 1270 55 21 både
353 1270 23 21 af
392 1274 89 18 naturen
498 1271 40 21 och
554 1272 124 26 regeringen
694 1270 24 21 så
733 1269 98 29 gynnade
847 1273 43 16 sta-

63 1297 42 21 den
121 1298 119 21 förkofrats
254 1298 81 21 derhän
352 1302 30 18 att
395 1299 41 21 den
453 1299 94 21 räknade
564 1300 40 20 360
618 1299 134 21 innevånare.
778 1298 75 22 Under
863 1296 26 22 de

63 1325 157 27 århundraden,
235 1334 44 14 som
296 1327 81 27 förgått
393 1328 65 20 sedan
475 1329 56 25 dess,
546 1328 38 21 har
599 1328 151 27 befolkningen
764 1326 125 27 visserligen

64 1356 50 18 nära
130 1362 43 20 nog
188 1355 139 27 tredubblats,
344 1364 47 12 men
408 1356 56 21 ändå
480 1364 51 13 vore
547 1356 74 22 staden
638 1356 46 21 med
696 1357 46 20 sina
753 1356 41 21 900
805 1357 12 19 a
829 1355 60 25 1,000

64 1383 129 21 innevänare
208 1383 104 22 Finlands
329 1386 77 19 minsta
422 1384 55 26 stad,
488 1392 33 14 om
534 1386 17 27 ej
564 1384 111 22 Nädendal
687 1384 83 22 funnes.
801 1383 89 27 Hvarpä

64 1411 37 21 allt
124 1411 58 21 detta
207 1412 65 26 beror,
294 1413 40 20 kan
351 1414 35 27 jag
402 1414 18 27 ej
437 1413 100 27 förklara,
553 1421 47 13 men
616 1414 47 20 icke
679 1413 53 21 talar
747 1413 37 21 det
799 1412 31 20 till
847 1412 43 20 för-

64 1440 47 20 män
136 1440 34 21 för
185 1440 86 21 Kaskös
288 1441 94 21 framtid.
411 1442 42 27 Jag
468 1445 45 18 tror
529 1442 72 21 derför
616 1445 30 17 att
662 1443 20 19 vi
698 1442 72 20 kunna
786 1440 46 21 med
850 1440 40 21 Ut-

64 1468 81 21 skottet
160 1469 73 20 förena
249 1477 35 13 oss
299 1477 40 18 om,
356 1473 30 17 att
401 1471 115 27 jernvägen
533 1470 75 28 drages
625 1470 30 21 till
671 1469 151 22 Kristinestad.
