1078 1739
182 112 42 21 210
445 119 24 17 R.
483 123 17 12 o.
513 119 25 17 A.
550 118 61 18 1906.
635 119 28 17 24
674 119 69 20 April.

183 185 31 22 S:t
236 185 88 27 Michel,
340 187 24 20 är
386 187 37 20 det
437 187 82 28 ganska
535 187 59 21 svårt
610 190 33 18 att
656 190 57 25 yttra
729 187 38 28 sig.
798 187 44 21 Det
858 194 50 14 vore
924 186 84 21 kanske

182 214 37 21 det
234 214 60 21 bästa
310 218 37 23 att,
362 215 70 21 säsom
448 215 38 22 här
501 215 129 28 föreslagits,
645 215 129 22 införskaffa
791 222 145 21 noggrannare
952 222 55 21 upp-

181 243 67 27 gifter
263 243 111 22 angäende
389 243 139 22 hvilkendera
542 244 23 21 af
574 244 64 21 dessa
655 245 65 20 banor
735 244 69 21 skulle
820 252 50 13 vara
886 251 56 14 mera
958 250 47 14 ren-

181 271 58 21 tabel
264 279 25 14 och
327 273 94 20 närmare
444 273 155 21 underrättelse
622 280 34 14 om
676 273 27 21 de
718 273 123 28 produkter,
861 280 45 13 som
930 271 27 22 de
972 271 32 21 till

183 300 63 21 dessa
256 301 112 27 jernvägar
377 301 120 28 gränsande
508 301 108 22 trakterna
632 301 69 21 skulle
716 301 73 22 kunna
801 304 118 25 exportera,
929 301 76 20 äfven-

183 335 44 14 som
246 329 241 29 befolkningsmängden
504 331 30 20 uti
550 330 114 21 desamma.
694 330 12 21 I
721 330 42 21 alla
778 330 44 26 fall,
838 329 34 22 för
886 329 72 22 sävidt
970 329 35 28 jag

183 357 81 21 känner
279 357 62 22 dessa
357 358 87 27 trakter,
458 359 69 21 skulle
544 359 34 27 jag
594 366 56 19 anse,
663 362 32 18 att
710 359 41 20 den
767 359 63 20 södra
844 358 68 21 banan
927 365 78 20 genom

184 385 31 22 S:t
236 386 81 21 Michel
334 387 69 21 skulle
426 395 50 13 vara
499 387 174 27 fördelaktigare.
703 387 73 22 Skulle
799 387 33 21 S:t
855 387 80 21 Michel
957 386 48 21 icke

182 414 76 26 finnas,
272 415 24 21 sä
318 415 68 22 skulle
409 416 151 27 sträckningen
584 416 62 21 öfver
661 415 137 22 Pieksämäki
814 416 69 21 säsom
900 415 41 21 den
957 415 51 20 kor-

183 446 45 18 tare
244 443 99 22 sträckan
360 450 51 16 vara
427 444 47 27 den,
489 452 45 14 som
552 445 65 21 borde
633 445 83 21 komma
732 445 32 21 till
779 444 120 27 utförande,
915 451 46 14 men
978 443 28 21 dä

183 472 31 21 S:t
228 472 82 22 Michel
326 480 27 14 nu
369 480 25 14 en
411 473 55 29 gång
487 474 73 20 blifvit
575 474 108 28 placeradt
699 474 27 28 pä
741 473 41 21 den
807 473 54 28 plats
878 473 38 21 der
930 472 38 22 det
982 474 24 19 är

182 500 41 22 och
238 500 39 22 har
292 501 131 22 förbindelse
443 502 47 21 med
514 502 78 27 Saima,
608 502 66 22 ehuru
689 502 82 28 ganska
786 502 63 28 dålig,
865 501 88 22 emedan
969 501 37 21 det

182 531 23 19 är
220 533 32 17 ett
268 530 132 28 vattendrag,
416 538 44 14 som
477 531 67 21 häller
559 531 27 27 pä
602 534 30 18 att
648 530 137 30 uppgrundas
802 530 40 22 och
859 530 54 21 blott
928 537 77 21 genom

183 558 89 21 fortsatt
294 558 143 30 kanalisering
460 560 40 20 och
521 559 158 29 uppmuddring
696 560 40 20 kan
753 559 67 21 hällas
836 560 71 27 öppet,
922 558 41 22 och
978 558 28 21 dä

183 586 36 22 det
230 586 38 22 har
276 591 44 17 stor
328 588 174 26 transitohandel,
510 596 46 13 som
564 588 115 22 förmedlas
690 588 23 21 af
720 588 133 21 dervarande
862 587 145 26 handelsmän,

183 616 91 27 specielt
281 616 77 21 handel
368 616 48 22 med
426 617 49 28 mjöl
484 616 40 22 och
533 617 67 21 andra
611 624 68 18 varor,
689 624 45 14 som
747 616 47 22 med
810 616 104 28 ängbätar
929 622 76 21 genom

183 644 72 21 Saima
272 647 154 26 vattensystem
442 646 84 20 komma
542 646 32 20 till
585 645 31 22 S:t
627 646 80 21 Michel
717 645 41 21 och
774 645 94 21 derifrän
884 644 77 21 sändas
974 645 32 20 vi-

182 672 50 22 dare
249 673 61 27 kring
326 673 63 27 länet,
399 674 24 21 sä
434 682 62 13 anser
510 675 36 27 jag
560 674 35 21 för
610 675 42 20 min
669 674 40 25 del,
721 676 32 19 att
768 674 33 21 S:t
814 673 192 21 Michel-sträckan

183 708 50 14 vore
249 705 31 17 att
296 702 119 28 föredraga.
444 702 115 22 Betraktar
580 710 47 14 man
651 703 41 21 den
712 702 67 21 första
796 702 57 21 biten
870 702 23 21 af
908 702 99 20 sträckan

183 730 48 20 frän
248 730 88 28 Nyslott
351 731 32 21 till
399 731 33 21 S:t
447 731 86 26 Michel,
548 731 24 21 sä
586 732 67 20 finner
669 739 54 18 man,
734 734 31 18 att
780 730 41 22 den
837 730 39 28 gär
890 737 77 21 genom
978 730 29 21 de

183 762 54 17 mest
254 759 96 28 bebygda
374 760 87 21 delarna
475 760 23 20 af
513 760 85 21 trakten
618 760 89 21 emellan
730 759 33 22 S:t
786 759 81 21 Michel
890 759 41 21 och
947 758 59 22 Kuo-

183 788 35 27 pio
242 792 55 16 samt
317 787 127 23 Haukivesi.
483 788 65 22 Hvad
572 789 99 21 sträckan
695 788 89 21 emellan
808 788 32 21 S:t
862 787 80 21 Michel
965 787 41 21 och

181 815 120 29 Jyväskylä
318 816 109 26 beträffar,
443 817 24 21 sä
481 817 39 28 gär
535 817 41 21 den
592 817 55 21 ända
659 817 31 21 till
701 817 154 27 Kangasniemi
867 823 76 21 genom
954 823 52 21 gan-

183 844 39 21 ska
237 846 43 19 tätt
295 844 116 22 befolkade
427 846 40 21 och
482 846 34 21 väl
533 846 134 21 kultiverade
683 846 80 20 trakter
779 845 28 29 pä
823 844 111 22 nordöstra
945 844 61 21 sidan

183 872 22 21 af
220 873 42 21 den
286 876 56 18 stora
366 874 114 21 Puulavesi
502 875 38 27 sjö,
556 882 45 13 som
622 874 77 21 samlar
714 874 32 20 till
760 874 33 28 sig
808 874 88 20 trafiken
913 872 47 22 frän
976 876 31 18 ett

183 902 86 27 mycket
285 902 121 27 betydande
422 902 92 22 omräde.
545 903 33 21 En
595 903 31 21 bit
649 903 47 21 frän
712 902 154 21 Kangasniemi
882 902 32 20 till
929 901 77 28 Jyväs-

183 930 48 28 kylä
247 932 25 19 är
286 938 26 13 en
328 930 105 22 mähända
449 932 65 26 nägot
530 931 42 21 död
588 932 91 25 sträcka,
696 939 47 13 men
775 938 26 14 den
817 930 67 28 ligger
899 931 5 19 i
922 930 39 21 och
973 930 36 20 för

182 959 33 27 sig
230 958 24 21 sä
275 960 50 20 nära
341 959 108 28 Päijänne,
464 963 31 18 att
510 960 41 21 den
568 960 127 21 ätminstone
718 963 31 18 ett
764 967 38 21 par
817 962 31 18 tre
864 959 35 21 mil
915 960 92 20 österom

182 986 104 29 Päijänne
297 988 47 20 icke
356 988 67 21 borde
434 988 95 22 medföra
545 988 69 28 nägon
631 988 82 22 förlust.
743 988 44 21 Det
802 990 23 18 är
846 988 54 20 blott
915 994 26 14 en
957 987 51 21 liten

183 1016 30 20 bit
236 1016 48 20 frän
308 1016 154 28 Kangasniemi
485 1017 21 21 ät
530 1020 76 22 vester,
629 1017 86 21 hvilken
739 1017 35 28 jag
793 1016 48 22 icke
857 1016 41 21 kan
914 1015 94 21 förorda.

181 1044 52 21 Men
250 1044 29 21 dä
302 1045 98 21 sträckan
418 1046 6 20 i
439 1046 49 20 dess
508 1046 72 20 helhet
595 1045 39 28 gär
649 1053 74 20 genom
740 1044 170 22 välkultiverade
927 1044 80 21 trakter

182 1072 39 21 och
238 1073 38 20 det
290 1074 24 20 är
337 1080 25 14 en
386 1074 275 28 sammanbindningsbana,
676 1082 45 13 som
742 1076 23 18 är
781 1073 98 27 behöflig,
894 1080 62 14 anser
970 1073 36 27 jag

182 1100 42 22 den
240 1101 91 21 anförda
347 1102 150 28 sträckningen
513 1110 50 14 vara
580 1106 54 18 mest
650 1106 31 18 att
696 1102 95 22 förorda.

251 1158 35 21 Hr
309 1158 87 22 Edvard
417 1159 198 29 Tigerstedt:
646 1159 12 21 I
683 1162 88 18 motsats
797 1159 32 21 till
855 1158 41 21 den
921 1161 87 18 senaste

181 1186 64 22 ärade
261 1187 80 21 talaren
358 1188 69 20 skulle
442 1188 35 28 jag
492 1188 56 21 hålla
564 1189 28 27 pä
607 1188 41 21 den
669 1195 61 14 norra
747 1187 158 27 sträckningen,
920 1186 20 22 d.
956 1194 19 13 v.
990 1194 18 13 s.

182 1215 64 28 linjen
271 1215 97 28 Nyslott
387 1216 135 22 Pieksämäki
551 1216 126 29 Jyväskylä.
714 1216 75 21 Redan
815 1216 53 21 1897
892 1215 34 21 års
949 1218 57 18 stora

181 1244 187 27 jernvägskomit6,
384 1252 46 14 som
446 1245 150 21 åstadkommit
613 1253 25 13 en
654 1244 99 29 grundlig
769 1244 161 27 undersökning
945 1243 23 21 af
978 1243 28 21 de

182 1272 140 21 ekonomiska
335 1272 162 22 förhållandena
512 1274 59 20 invid
584 1274 96 27 samtliga
696 1281 41 21 nya
752 1272 256 29 jernvägssträckningar,

181 1300 38 21 har
234 1300 126 28 obetingadt
376 1302 66 27 gifvit
453 1302 106 21 företräde
570 1302 22 20 ät
602 1302 41 21 den
655 1310 62 13 norra
727 1302 71 26 linjen,
814 1301 59 21 detta
890 1301 47 21 icke
954 1301 53 21 blott

197 1329 12 21 ä
224 1329 70 27 grund
319 1330 23 20 af
364 1330 76 28 liojens
455 1330 136 23 rentabilitet,
608 1338 47 14 men
671 1330 41 22 ock
728 1331 5 20 i
761 1330 42 21 följd
820 1330 23 21 af
858 1330 96 27 billigare
969 1337 38 13 an-

189 1358 224 28 läggningskostnader
425 1359 41 21 och
487 1366 147 21 gynsammare
657 1358 243 28 terrängförhällanden.
928 1358 80 21 Derför

181 1386 69 21 skulle
266 1387 36 27 jag
317 1388 57 20 rösta
390 1387 35 21 för
439 1388 41 20 den
496 1395 62 13 norra
574 1388 158 27 sträckningen.

252 1443 71 21 Sedan
332 1444 232 22 specialdiskussionen
576 1452 34 14 om
622 1444 202 28 Suonnejokibanan
835 1443 113 21 förklarats
960 1442 48 21 här-

181 1472 47 20 med
246 1479 51 14 vara
313 1472 102 27 afslutad,
424 1473 124 21 framstälde
564 1472 35 22 Hr
614 1472 215 26 Landtmarskalken,
840 1473 6 19 i
858 1472 39 21 och
914 1471 34 21 för
960 1472 46 20 vin-
