1078 1734
388 106 200 34 Bränvinsskatten.
858 106 40 21 139

77 182 6 20 i
101 181 74 28 frågan
192 182 67 20 skulle
275 182 85 26 saknas,
376 182 37 21 ber
427 184 35 26 jag
477 185 32 18 att
525 182 22 20 få
563 183 69 20 erinra
647 189 34 13 om
697 184 32 18 att
739 181 159 27 behöfligheten

77 210 24 20 af
116 210 59 21 detta
187 210 80 28 anslag,
282 211 24 20 så
322 211 61 27 länge
398 210 61 28 fråga
470 210 76 22 endast
557 212 23 19 är
590 218 34 13 om
636 209 155 22 förberedande
804 216 94 14 reserve-

77 239 72 27 ringar
164 238 40 22 och
218 239 85 21 relativt
326 239 45 21 små
391 239 84 29 belopp,
491 239 68 21 under
582 239 101 21 afvaktan
700 239 27 27 på
743 238 97 21 inhemsk
864 238 34 20 be-

77 267 97 28 redning,
189 267 41 21 kan
247 267 101 22 bedömas
364 268 47 20 med
428 268 88 28 ledning
531 268 23 20 af
569 268 41 20 den
622 268 132 28 synnerligen
766 266 132 22 omfattande

78 296 121 28 utredning,
214 304 44 13 som
275 297 5 20 i
297 296 50 22 flere
362 297 74 21 länder
451 296 121 28 förebragts
589 296 35 21 vid
641 295 150 22 utarbetandet
801 295 22 21 af
833 295 66 27 enligt

77 324 58 21 olika
152 326 106 26 principer
272 326 120 27 uppgjorda
403 325 80 28 förslag
494 333 34 13 om
540 324 259 28 invaliditetsförsäkring.
814 323 84 22 Genom

77 352 71 22 denna
163 353 113 27 utredning
288 354 67 21 måste
366 354 36 20 det
413 362 62 12 anses
487 362 50 12 vara
548 353 130 28 ådagalagdt
693 356 31 18 att
734 352 164 28 ifrågavarande

77 381 122 28 försäkring
215 383 18 27 ej
256 382 40 21 kan
319 382 48 21 med
391 382 127 28 erforderlig
540 382 127 21 effektivitet
687 381 137 28 genomföras
847 384 51 18 utan

77 412 58 18 stora
151 410 135 28 statsbidrag.
316 411 65 21 Detta
403 411 110 28 bestyrkes
532 411 64 21 äfven
612 410 23 21 af
650 410 40 21 den
707 410 130 27 erfarenhet,
853 416 45 14 som

78 439 87 21 vunnits
181 440 6 20 i
202 439 110 28 Tyskland
329 440 67 20 under
411 440 161 28 tillämpningen
584 439 22 21 af
624 438 274 28 invaliditetsförsäkrings-

77 467 86 27 lagarna
180 468 22 20 af
219 469 53 21 1889
289 468 39 21 och
346 469 60 21 1899.
429 468 157 28 Försäkringen
602 467 76 21 trädde
694 468 5 20 i
716 467 58 21 kraft
793 468 52 20 1891
858 466 40 22 och

77 495 39 21 har
132 497 75 20 vunnit
222 504 24 13 ev
264 496 24 21 så
303 500 45 18 stor
363 497 134 27 omfattning,
513 500 31 18 att
560 496 27 28 på
602 496 68 28 grund
687 496 22 21 af
719 496 116 21 resultaten
852 496 44 20 bin-

77 524 70 21 dande
163 525 110 21 slutsatser
288 533 33 13 om
339 526 115 20 kostnader
469 526 40 20 och
526 528 60 25 nytta
602 525 70 21 kunna
687 525 83 21 dragas.

145 553 89 21 Antalet
250 554 131 26 försäkrade,
396 562 45 13 som
458 555 54 21 1891
528 554 99 28 utgjorde
644 554 130 26 11,490,220,
785 556 47 24 steg
843 553 54 21 1903

73 581 32 20 till
122 582 128 26 13,567,200.

142 610 47 21 Den
200 611 62 28 tyska
272 611 294 27 invaliditetsförsäkringens
577 611 130 28 gestaltning
718 612 5 20 i
735 610 66 27 öfrigt
813 610 83 28 belyses

73 639 24 20 af
112 639 94 28 följande
222 641 110 27 uppgifter
347 640 33 21 för
395 640 24 21 år
434 641 65 21 1902:

71 689 58 22 Hela
144 691 80 21 antalet
239 691 124 22 försäkrade
380 699 101 21 personer
499 709 1 4 .
531 708 4 4 .
565 708 5 5 .
601 708 3 5 .
634 708 5 5 .
768 691 129 26 13,381,000.

73 718 67 21 Antal
155 719 124 22 försäkrade
295 721 22 20 af
332 720 48 21 hela
396 720 153 28 befolkningen
566 737 4 4 .
600 737 4 4 .
634 737 4 4 .
812 721 44 24 23,2
864 720 33 26 joe

73 748 66 20 Antal
165 748 125 21 försäkrade
313 749 23 20 af
358 749 26 20 de
405 749 32 21 till
461 750 62 26 141/,
546 749 96 28 miljoner

143 777 126 27 uppgående
285 777 161 21 lönarbetarene
463 778 98 27 omkring
599 794 4 5 =.
633 794 4 4 .
826 777 26 20 92
864 777 33 26 9/4.

75 803 124 23 Understöd
215 805 124 29 ätnjutande
355 813 101 21 personer
529 823 39 4 koa
598 823 38 4 wo
781 806 115 25 1,061,000.

73 828 54 58 Jape
136 833 229 29 idaetepensioneroaä
380 835 149 28 medelbelopp
564 851 4 5 .
599 851 3 4 .
633 851 4 4 .
653 835 55 21 Rmk
835 835 62 25 149,7.

97 861 210 29 Iderspensionernas
322 863 150 29 medelbelopp
494 880 5 4 .
530 880 4 4 «
564 881 3 3 <
598 881 4 3 so
632 880 52 7 «ox
835 863 62 25 153,0.

74 890 117 28 Tillfälliga
200 892 285 28 invaliditetspensionernas
496 892 148 28 medelbelopp
675 908 9 10 =,
835 892 61 25 154,1.

73 918 285 29 Försäkringsanstalternas
374 921 118 21 inkomster
598 938 39 4 e
751 921 146 25 210,677,100.

143 948 69 21 Deraf
227 949 23 20 af
264 949 156 27 arbetsgifvare
460 966 5 4 .
564 966 72 4 0.
674 966 11 9 »
767 949 131 26 69,492,900.

171 994 11 9 »
226 978 23 20 af
264 978 96 20 arbetare
390 994 5 4 0
425 994 4 4 so
564 995 121 9 e
767 978 130 25 69,492,900.

171 1021 12 10 »
227 1006 130 28 statsbidrag
393 1023 4 4 =.
427 1023 4 4 ss
462 1024 4 3 so
566 1024 119 9 e
766 1006 131 25 37,849,694.

71 1032 288 29 Försäkringsanstalternas
375 1035 89 27 utgifter
494 1052 4 4 .
528 1052 4 4 .
563 1052 4 4 .
598 1052 4 4 .
632 1052 4 4 .
674 1052 11 10 »
753 1035 144 25 132,361,800.

143 1062 69 20 Deraf
227 1062 133 22 understöd.
390 1080 4 4 <
425 1080 4 4 so
460 1080 3 4 so
494 1081 4 3 so
529 1080 4 5 co
563 1080 4 4 co
598 1080 38 5 cc
752 1064 145 24 120,414,100.

168 1106 12 10 »
200 1087 12 36 —
224 1091 260 28 förvaltningskostnader
500 1109 1 4 .
530 1109 4 4 .
564 1109 4 4 .
598 1109 4 5 .
632 1110 4 3 .
674 1109 10 9 »
767 1092 130 25 11,947,700.

71 1114 181 36 Kapitalbeständ
356 1137 329 10 5
706 1116 12 36 0
730 1121 166 25 1,007,477,500.

71 1146 124 22 Understöd
212 1156 37 20 per
264 1148 37 21 fall
323 1165 2 5 .
357 1165 1 4 <
389 1166 39 4 soc
561 1166 121 9 5
850 1149 46 20 113.

69 1174 126 30 Belastning
210 1184 38 20 per
263 1177 124 21 försäkrad.
417 1194 4 4 .
452 1195 4 3 .
487 1195 4 4 .
521 1195 39 7 <.
624 1194 5 5 0.
665 1195 11 9 »
848 1178 48 24 13,2.

137 1232 50 22 Den
209 1234 67 27 ärliga
299 1234 91 28 utgiften
415 1235 38 21 har
475 1236 113 20 beräknats
610 1236 74 27 utgöra
705 1236 6 20 i
734 1234 100 21 medeltal
858 1242 38 20 per

69 1268 89 20 person
147 1256 13 38 :

237 1302 33 20 för
286 1302 184 28 arbetsgifvarene
501 1320 5 4 .
536 1320 4 4 .
570 1320 4 4 .
606 1303 74 21 .Rmk
695 1304 46 25 4,65.

249 1346 10 10 »
285 1331 124 21 arbetarene
434 1348 2 4 .
467 1349 3 3 .
502 1348 4 4 so
538 1327 22 35 so
571 1348 3 4 so
606 1348 3 4 so
646 1348 11 9 »
695 1332 47 26 4,65.

246 1376 11 9 »
284 1363 83 18 Staten.
398 1377 4 4 .
433 1377 3 4 .
470 1377 2 4 .
506 1377 1 4 .
540 1377 1 4 .
571 1377 4 4 .
608 1377 2 4 +
646 1377 11 9 »
699 1362 45 24 2,88.

140 1410 153 28 Beräkningar,
310 1419 44 13 som
371 1412 71 21 kunna
459 1413 126 20 verkställas
602 1413 26 27 på
644 1412 67 27 grund
728 1411 23 22 af
763 1411 133 28 det
808 1406 15 38 i
834 1411 62 28 Tysk-

68 1437 52 21 land
137 1439 95 21 samlade
249 1440 135 27 synnerligen
399 1441 133 20 omfattande
548 1441 41 21 och
604 1441 147 27 omsorgsfullt
767 1439 129 22 bearbetade

70 1466 186 27 siffermaterialet,
278 1468 99 28 bestyrka
400 1469 166 28 uppfattningen
584 1472 32 18 att
631 1470 33 20 för
678 1469 181 28 genomförandet
874 1468 22 21 af

70 1494 89 22 effektiv
176 1496 256 29 invaliditetsförsäkring
447 1497 64 21 äfven
523 1499 6 19 i
540 1497 92 22 Finland
652 1497 130 27 statsanslag
793 1499 23 18 är
828 1496 68 22 ound-
