1081 1734
282 113 391 34 Ministerstatssekreterareembetet.
865 114 28 20 57

134 189 34 21 Hr
191 189 59 21 Arne
272 188 197 22 Cederholm:
491 188 43 28 Jag
557 188 37 21 ber
615 191 32 18 att
662 188 24 21 få
709 188 75 21 förena
799 188 43 27 mig
857 194 36 14 om

65 217 37 22 det
116 217 106 29 yttrande,
236 224 46 14 som
297 217 68 28 gjorts
381 216 23 21 af
419 216 42 21 den
476 219 86 18 senaste
577 216 64 21 ärade
657 217 88 27 talaren,
761 224 47 14 men
823 215 70 22 tillika

66 246 37 21 ber
117 247 35 27 jag
174 248 32 19 att
221 245 23 21 få
258 247 50 26 göra
330 253 25 13 en
372 246 98 20 vördsam
486 245 133 21 hemställan.
647 245 246 21 Talmanskonferensen

65 275 39 20 har
126 277 76 23 ansett,
217 277 31 18 att
269 274 60 21 detta
344 273 79 22 ärende
447 273 38 22 bör
499 273 108 28 delgifvas
622 273 26 22 R.
658 281 19 14 o.
687 274 26 21 A.
725 273 40 22 och
781 273 27 21 de
823 273 70 27 öfriga

66 303 90 21 ständen
179 302 69 21 säsom
265 305 31 19 ett
317 302 73 21 sekret
413 302 84 21 ärende.
527 302 42 28 Jag
592 302 70 21 tolkar
684 302 71 21 denna
780 301 74 28 ätgärd
871 301 24 21 af

66 331 244 22 Talmanskonferensen
331 331 30 26 sä,
377 334 31 18 att
423 331 245 21 Talmanskonferensen
691 331 38 21 har
749 330 57 22 velat
822 330 73 21 öfver-

67 361 68 20 lemna
158 359 23 22 åt
196 359 120 22 Ständerna
337 363 31 18 att
383 359 82 28 afgöra,
479 359 106 22 huruvida
601 359 27 21 de
644 359 79 28 ansäge
739 359 60 21 detta
814 358 81 22 ärende

67 396 50 14 vara
132 388 24 21 af
171 388 40 21 den
228 388 135 29 synnerligen
378 388 117 27 grannlaga
512 388 153 25 beskaffenhet,
677 395 46 14 som
739 387 106 22 afsesi
822 383 27 38 L.
853 387 41 21 O:s

66 419 27 20 45
104 418 13 27 &
128 417 40 21 och
179 417 26 21 R.
216 417 38 21 O:s
266 418 25 20 37
303 417 17 28 8.
347 417 71 21 Jemte
433 417 38 20 det
485 417 36 28 jag
537 417 38 20 ber
589 419 32 18 att
636 417 24 20 få
675 417 34 20 för
724 417 42 20 min
783 417 60 26 ringa
858 415 35 21 del

66 446 66 21 uttala
148 446 47 20 mitt
210 445 137 22 erkännande
362 445 35 21 för
411 445 42 21 den
466 445 168 28 grannlagenhet
646 445 248 21 Talmanskonferensen

67 475 61 26 visat,
144 474 27 21 dä
187 474 41 21 den
244 474 142 21 öfverlemnat
401 474 70 21 denna
487 473 61 28 fräga
563 474 32 21 till
611 474 104 21 ständens
734 473 106 29 pröfning,
856 473 40 20 ber

66 504 35 27 jag
124 503 67 21 tillika
214 505 32 19 att
260 502 23 21 fä
306 503 72 26 uttala,
394 506 31 17 att
447 503 35 28 jag
497 502 34 21 för
553 503 43 20 min
612 503 35 21 del
671 502 68 21 skulle
761 509 51 14 anse
827 501 67 22 saken

67 531 55 22 dock
145 532 48 21 icke
216 539 51 13 vara
283 531 22 21 af
328 531 65 21 sädan
418 535 69 22 natur,
502 534 32 18 att
555 539 25 13 en
598 531 129 28 behandling
750 531 55 21 inför
823 530 71 21 slutna

67 560 73 21 dörrar
160 560 24 21 af
199 560 27 21 de
247 560 92 21 ärenden
356 560 45 21 deri
419 560 116 21 behandlas
551 567 51 14 vore
618 560 121 27 ovilkorlig.
768 559 42 28 Jag
825 558 70 22 skulle

68 589 86 21 fastmer
169 596 51 13 anse
236 588 36 21 det
287 596 52 14 vara
353 589 102 27 önskligt,
469 592 32 17 att
512 589 61 20 dessa
585 588 93 21 ärenden
690 588 144 22 behandlades
845 586 48 22 med

68 617 27 21 all
111 617 41 21 den
168 617 109 28 öppenhet
298 625 44 13 som
358 619 23 19 är
396 617 75 28 möjlig
492 617 40 21 och
548 620 32 18 att
595 617 174 28 offentlighetens
785 617 53 21 fulla
853 616 42 28 ljus

68 645 68 21 skulle
159 645 51 21 falla
226 645 62 21 öfver
303 645 62 21 dessa
381 645 100 28 ärenden,
497 646 41 21 och
551 647 36 27 jag
603 649 50 22 tror,
667 649 32 17 att
713 646 44 27 just
771 648 32 18 ett
817 644 78 22 sädant

68 674 124 21 förfarande
215 674 69 21 skulle
300 682 50 13 vara
373 682 57 13 mera
446 674 79 28 egnadt
540 677 32 18 att
588 674 87 27 bidraga
691 674 33 21 till
739 676 32 18 ett
786 672 109 29 lugnande

68 702 22 21 af
105 702 41 21 den
162 703 82 27 oroliga
258 704 114 26 stämning,
387 710 46 14 som
449 703 56 27 gjort
519 704 34 26 sig
567 702 100 28 gällande
682 704 7 20 i
704 702 73 21 landet
793 701 48 21 med
857 708 38 14 an-

68 731 86 28 ledning
177 731 23 21 af
215 731 69 21 denna
308 731 40 21 och
364 732 5 20 i
386 732 71 20 intimt
481 731 102 21 samband
601 731 48 21 med
665 731 123 21 densamma
804 730 90 21 stående

68 759 78 28 frägor.
174 759 42 28 Jag
239 760 66 27 vägar
327 760 72 20 derför
422 760 109 21 vördsamt
552 760 117 26 hemställa,
684 762 32 19 att
737 758 92 22 Ständet
844 758 51 21 ville

68 788 82 21 besluta
166 791 32 18 att
213 788 42 21 läta
270 788 41 21 den
329 788 72 21 vidare
418 788 157 28 behandlingen
592 788 22 22 af
628 788 59 21 detta
705 788 78 21 ärende
794 788 38 20 ske
843 790 51 18 utan

68 816 27 21 all
110 816 106 22 sekretess
232 816 41 22 och
288 820 32 18 att
335 816 244 22 Talmanskonferensen
591 817 68 21 skulle
671 816 24 22 sä
706 816 61 28 begä,
777 819 32 18 att
824 816 71 27 öfriga

68 844 61 22 ständ
146 845 69 21 skulle
231 845 67 21 blifva
315 846 6 20 i
337 846 84 20 tillfälle
437 849 32 17 att
483 846 55 21 fatta
553 845 111 22 enahanda
681 846 75 21 beslut.

136 913 34 22 Hr
192 914 207 21 Landtmarskalken
420 915 85 27 yttrade
521 915 60 21 härä:
597 915 34 21 Då
648 914 155 29 bordläggning
818 915 23 20 är
857 914 38 21 be-

67 943 52 27 gärd
142 943 23 20 af
180 947 78 16 tvenne
282 943 142 25 medlemmar,
446 943 61 21 torde
530 943 37 22 det
588 943 57 28 ligga
661 944 5 20 i
683 944 78 21 sakens
784 945 63 19 natur
863 946 32 17 att

68 971 58 21 detta
149 971 79 22 ärende
250 971 34 21 får
300 972 56 27 ligga
372 971 27 28 pä
415 971 76 21 bordet
506 972 32 21 till
554 974 60 19 nästa
630 972 92 28 plenum.
751 971 144 22 Beträffande

68 1000 36 21 det
126 1000 23 21 af
172 999 33 22 Hr
228 999 128 22 Cederholm
379 1000 74 28 gjorda
470 1000 109 28 förslaget,
595 1001 37 21 ber
647 1002 35 26 jag
697 1000 23 21 få
735 1000 112 21 hemställa
861 1000 34 21 till

67 1027 26 22 R.
102 1035 18 14 o.
128 1029 32 25 A.,
171 1035 34 14 om
216 1028 24 21 R.
249 1035 18 14 o.
278 1029 26 21 A.
313 1029 65 20 redan
393 1036 28 13 nu
437 1029 37 20 vill
490 1029 125 28 öfverlägga
631 1030 5 20 i
653 1029 60 21 detta
728 1031 67 23 ämne,
810 1028 85 21 hvilket

67 1057 21 27 ju
104 1057 48 21 icke
170 1057 39 20 har
224 1057 70 21 direkt
316 1057 154 28 sammanhang
493 1058 48 21 med
563 1057 183 28 bordläggningen
762 1058 23 21 af
801 1056 94 22 hufvud-

68 1084 81 29 frågan.

137 1148 33 20 Hr
181 1148 73 28 Georg
293 1148 158 22 Schauman:
467 1148 44 21 För
527 1150 41 20 min
585 1148 34 22 del
636 1148 63 28 hyser
713 1149 36 27 jag
763 1148 132 28 fullkomligt

68 1184 80 13 samma
163 1177 138 27 uppfattning
317 1185 45 13 som
379 1176 33 22 Hr
420 1177 128 21 Cederholm
566 1177 135 21 beträffande
717 1178 179 27 offentliggöran-

68 1206 37 20 det
120 1205 22 21 af
162 1205 189 27 förhandlingarna
366 1206 6 20 i
389 1206 69 20 denna
477 1206 162 28 angelägenhet,
654 1206 41 21 och
711 1206 69 21 skulle
796 1206 35 28 jag
846 1205 50 21 der-

68 1233 34 21 för
117 1233 34 21 för
170 1235 42 19 min
230 1234 33 20 del
283 1234 113 28 tillstyrka,
412 1237 31 18 att
459 1234 25 21 R.
500 1242 19 14 o.
536 1236 25 20 A.
577 1234 132 22 omedelbart
723 1234 66 21 måtte
805 1234 90 25 besluta,

68 1265 30 17 att
114 1262 188 28 förbandlingarna
318 1264 6 20 i
341 1262 70 22 denna
426 1263 38 21 sak
481 1263 69 21 skulle
565 1263 23 21 få
603 1271 80 13 samma
699 1262 138 29 offentlighet
848 1269 47 14 som

68 1290 188 28 förhandlingarna
271 1292 5 20 i
293 1292 71 26 öfrigt.

136 1359 34 21 Hr
193 1360 216 22 Landtmarskalken:
433 1361 25 21 R.
475 1368 18 14 o.
509 1361 38 21 A:s
570 1360 137 21 medlemmar
731 1360 64 21 hafva
817 1366 77 21 genom

68 1388 37 21 det
120 1388 98 28 upplästa
234 1389 151 21 meddelandet
401 1390 56 20 varit
471 1390 7 20 i
494 1389 84 21 tillfälle
594 1392 30 18 att
641 1389 57 21 bilda
713 1390 33 26 sig
761 1396 26 14 en
798 1388 97 28 uppfatt-

67 1417 51 28 ning
132 1424 34 14 om
183 1418 6 20 i
205 1417 85 22 hvilken
308 1417 47 21 mån
372 1418 59 20 detta
446 1418 79 20 ärende
541 1418 41 20 kan
599 1425 62 14 anses
678 1425 51 13 vara
743 1417 22 21 af
777 1416 118 28 grannlaga

68 1445 158 25 beskaffenhet,
241 1447 6 19 i
263 1446 87 21 hvilken
375 1446 47 21 mån
446 1446 53 22 icke.
530 1446 35 21 Då
583 1446 58 21 detta
658 1453 80 14 samma
753 1444 142 22 meddelande

67 1474 95 20 kommer
177 1477 31 18 att
223 1475 7 20 i
246 1475 66 20 sinom
329 1474 31 21 tid
377 1474 51 28 ingå
443 1476 5 19 i
466 1474 102 22 Ståndets
585 1474 112 28 protokoll,
705 1474 24 21 så
740 1476 22 19 är
770 1475 21 27 ju
803 1474 6 20 i
820 1473 76 27 hvarje

66 1502 103 21 händelse
192 1503 134 20 sekretessen
351 1503 23 20 af
396 1503 76 21 endast
492 1505 107 26 temporär
614 1506 68 18 natur.
712 1502 34 21 De
761 1502 73 26 talare,
849 1508 46 14 som
