1081 1745
195 113 44 37 358
471 125 25 16 R.
510 129 17 12 o.
540 125 26 16 A.
579 125 61 17 1906.
662 125 27 17 28
701 125 50 20 Maj.

267 191 48 22 Och
330 192 35 28 jag
381 191 126 29 medgifver,
518 192 35 21 för
567 195 33 19 att
615 192 29 23 bli
660 200 76 21 mogen
752 193 35 20 för
797 192 91 21 friheten
901 192 66 21 mäste
979 199 47 14 man

196 219 69 22 bruka
281 220 98 21 friheten.
409 221 52 21 Men
477 221 38 21 allt
531 221 54 21 bruk
601 222 115 28 inrymmer
728 220 134 29 möjligheter
872 221 32 21 till
915 219 112 23 missbruk.

267 248 68 22 Innan
358 251 57 19 ännu
430 249 41 22 alla
487 249 160 22 samhälisband
664 250 83 26 brustit,
763 249 76 22 medan
855 251 56 20 ännu
927 253 31 18 ett
973 249 53 21 sken

196 277 131 22 ätminstone
349 278 23 21 af
394 278 91 28 aktning
506 278 34 21 för
563 279 35 27 lag
620 279 41 21 och
685 281 42 19 rätt
750 279 48 20 fans
814 291 27 3 —
856 279 36 27 jag
907 278 58 21 afser
979 278 48 21 här-

196 305 75 29 vidlag
287 306 40 21 den
343 307 58 20 förra
416 308 125 27 regeringen
558 307 41 21 och
615 307 59 21 tiden
691 307 62 29 April
769 306 77 22 mänad
863 307 90 21 1905
933 301 13 39 —
966 305 60 22 torde

194 334 39 21 det
257 335 56 21 varit
334 335 118 28 synnerligt
475 335 61 21 klokt
555 336 41 21 och
612 335 64 29 högst
691 335 135 28 nödvändigt
841 339 31 18 att
893 335 73 21 fordra
983 335 44 27 lag-

196 363 107 28 lighetens
325 363 52 22 fulla
400 363 160 27 äterställande,
575 365 46 20 förr
636 366 26 19 än
679 364 69 29 nägon
773 364 78 21 reform
874 364 23 21 af
912 365 113 20 rösträtten

194 392 73 21 skulle
282 392 113 28 företagas.

266 421 47 20 Den
330 421 105 21 allmänna
450 423 115 20 rösträtten
582 421 39 22 har
636 422 48 21 med
700 422 45 21 skäl
762 422 80 21 liknats
859 421 36 22 vid
911 425 31 17 ett
951 421 76 28 skarp-

194 449 84 28 elipadt
293 449 70 26 svärd,
378 457 45 14 som
439 453 54 18 satts
509 451 5 20 i
532 450 80 21 folkets
628 450 63 21 hand.
721 451 52 20 Men
790 450 34 21 för
834 453 32 18 att
876 450 85 21 svärdet
972 449 53 22 skall

194 477 72 22 blifva
288 478 31 21 till
342 479 68 28 skygd
434 479 41 21 och
491 479 48 21 icke
554 479 33 21 till
603 479 73 26 skada,
692 479 68 22 måste
777 487 47 13 man
841 479 70 22 kunna
928 478 97 21 använda

194 506 39 21 det
249 507 28 28 pä
292 511 30 16 ett
337 509 42 19 rätt
394 509 53 25 sätt;
463 515 48 14 man
528 507 67 22 mäste
612 512 48 17 veta
676 511 32 18 att
722 509 43 20 rätt
780 507 55 22 fatta
848 509 30 20 uti
889 507 43 27 det,
945 509 81 26 svänga

194 535 38 21 det
255 535 24 21 sä
301 539 31 17 att
355 535 35 22 det
406 537 47 20 icke
469 536 74 21 träffar
558 539 48 23 vän,
622 541 50 16 utan
688 537 76 20 fiende.
794 536 52 21 Man
863 536 67 21 måste
946 536 33 21 för
994 540 31 17 att

194 564 49 21 med
267 564 40 21 den
329 565 105 21 allmänna
457 565 101 28 politisku
581 567 115 20 rösträtten
724 566 73 20 kunna
821 572 71 21 gagna
914 565 111 21 samhället

194 593 169 27 nödvändigtvis
380 593 73 22 förena
470 593 152 28 församlings-,
638 594 127 27 förenings-,
775 601 71 21 press-
860 593 41 22 och
916 593 110 28 yttrande-

194 621 67 21 frihet
282 625 55 17 samt
358 623 107 27 personlig
486 623 159 28 oantastlighet,
660 623 72 21 hvilka
749 623 42 20 alla
813 622 106 21 saknades
935 622 38 21 hos
990 629 35 14 oss

193 650 58 21 ända
275 650 30 21 till
329 650 40 21 den
393 651 47 28 dag,
464 651 27 21 dä
507 651 42 21 den
566 651 78 28 lagliga
660 651 120 28 ordningen
795 651 57 28 ånyo
867 651 87 20 tillfullo
969 650 56 21 äter-

193 679 88 21 stäldes.
311 679 85 26 Derför,
418 679 24 22 sä
458 680 62 27 länge
536 679 123 22 diktaturen
676 680 48 21 med
742 679 43 22 alla
801 679 49 22 dess
866 679 160 28 konsegvenser

193 707 50 22 icke
261 707 53 22 hade
329 708 109 28 upphäfts,
449 709 24 20 sä
484 709 62 27 länge
558 716 24 13 en
599 709 133 21 främmande
749 708 88 29 politisk
868 708 39 21 polis
923 707 103 22 kontroll-

194 735 43 22 löst
258 736 41 21 och
315 736 71 22 fräckt
401 739 56 19 ännu
474 738 72 20 kunde
562 737 31 21 slä
609 738 32 20 sin
658 741 66 24 tunga
740 712 170 57 blodbesudlade
926 736 55 21 hand
998 736 28 29 på

193 764 168 29 medborgarens
377 765 92 27 skuldra,
486 770 50 17 utan
553 769 83 25 protest
651 766 47 21 från
711 766 41 21 den
765 765 112 22 inhemska
887 766 138 27 regeringens

192 793 55 26 sida,
263 793 24 21 så
298 793 61 28 länge
370 794 106 28 oordning
486 796 57 19 ännu
557 795 134 21 etablerades
702 795 23 20 af
735 794 131 27 ordningens
878 794 148 25 öfvervakare,

193 821 43 22 och
252 829 80 42 Tror
347 822 112 22 ostraffadt
475 823 129 28 predikades
620 823 23 21 af
658 823 27 21 de
695 823 78 28 högsta
784 823 241 20 statsfunktionärernas

194 849 118 23 besoldade
332 855 94 23 agenter,
441 852 24 21 så
477 852 69 27 länge,
558 852 4 20 i
575 852 23 21 få
613 852 38 21 ord
667 852 70 28 sagdt,
753 852 49 26 olag
818 851 41 22 och
875 851 47 21 icke
938 851 34 27 lag
987 858 39 14 var

193 878 36 28 lag
245 880 6 20 i
268 878 99 27 Finland,
382 880 65 28 ansåg
464 888 54 18 man,
534 880 41 21 och
591 880 37 21 det
644 880 47 21 med
707 880 54 26 skäl,
777 880 37 20 det
830 887 50 13 vara
895 881 56 19 orätt
962 879 41 21 och
1019 880 5 19 i

193 907 78 28 högsta
293 908 52 28 grad
361 908 74 28 farligt
450 912 32 18 att
502 908 70 22 införa
588 909 77 21 allmän
681 910 94 24 rösträtt,
791 908 52 21 eller
857 910 55 19 ännu
929 915 50 18 mer,
994 911 32 17 att

192 936 103 21 förändra
318 938 204 27 representationen,
545 936 95 28 hvilken,
655 937 53 21 huru
733 936 108 29 tungrodd
865 936 40 22 och
925 936 101 28 gammal-

193 965 75 28 modig
291 965 40 21 den
351 967 26 19 än
395 966 34 21 må
444 973 57 19 vara,
516 965 84 22 ändock
616 967 56 28 gjort
688 974 34 14 oss
739 967 91 27 tjenster
845 966 40 21 och
899 965 56 28 goda
971 966 56 27 tjen-

192 998 51 22 ster,
257 993 40 22 och
313 994 31 21 till
360 994 64 22 hvars
440 995 94 27 lotsning
548 1002 76 21 genom
641 995 71 21 tidens
728 995 87 28 klippor
825 994 41 21 och
877 994 50 21 skär
937 995 20 20 vi
969 995 56 20 ännu

193 1021 124 29 lyckligtvis
334 1023 54 28 egde
404 1023 94 28 kunnige
514 1025 55 24 män,
580 1031 33 14 om
630 1024 21 20 vi
668 1023 54 22 blott
738 1023 57 21 hade
811 1026 64 22 vetat,
886 1023 51 20 eller
945 1022 80 21 kanske

192 1050 69 21 hellre
277 1051 57 21 velat
349 1052 97 28 uppsöka
462 1051 54 22 dem.

265 1080 39 21 Att
319 1080 68 21 under
403 1080 119 21 brinnande
538 1085 72 21 storm,
626 1080 70 22 såsom
713 1082 21 19 vi
750 1080 29 21 då
792 1080 61 25 hade,
864 1079 32 22 slä
907 1080 21 20 in
939 1087 25 13 en
977 1079 49 21 full-

193 1107 91 29 komligt
299 1116 27 20 ny
343 1109 56 26 kurs,
409 1109 56 21 hade
481 1109 55 21 visst
551 1109 82 21 kunnat
644 1117 50 13 vara
705 1109 32 21 till
749 1112 66 22 nytta,
827 1108 94 21 särdeles
932 1115 33 14 om
977 1115 48 14 man

192 1136 49 21 haft
257 1136 81 21 visshet
353 1145 34 13 om
404 1141 31 17 att
451 1137 41 22 den
509 1138 44 21 fört
568 1141 24 18 ut
607 1138 32 21 till
655 1138 37 21 det
706 1138 41 21 fria
779 1137 28 21 haf.
832 1137 51 21 Men
895 1140 32 18 att
937 1136 27 21 då
981 1137 45 20 vin-

191 1165 43 20 den
251 1165 64 28 tjuter
331 1166 5 20 i
352 1166 70 21 tackel
440 1166 39 21 och
496 1166 37 28 tåg
544 1166 41 21 och
596 1166 36 21 det
643 1166 77 21 brakar
732 1167 5 20 i
750 1166 144 27 fogningarna
903 1165 22 21 af
935 1165 91 28 skeppet

192 1195 97 19 mönstra
305 1193 27 29 på
348 1201 25 14 en
391 1195 131 28 fullkomligt
535 1203 27 20 ny
579 1195 128 28 besättning,
722 1202 47 14 som
787 1194 70 21 kände
872 1193 95 22 hvarken
975 1193 51 21 sku-

191 1226 39 16 tan
246 1222 53 21 eller
314 1223 84 25 kursen,
414 1223 55 21 hade
485 1224 55 21 varit
555 1223 75 22 oklokt
644 1240 5 5 .
671 1240 1 5 .
688 1240 2 5 .
706 1236 27 3 —
749 1224 37 27 jag
802 1223 57 21 afser
870 1222 121 21 införandet
1003 1222 23 21 af

190 1250 44 21 den
251 1251 107 21 allmänna
374 1251 101 28 politiska
490 1253 120 20 rösträtten.

263 1279 51 21 Men
338 1284 47 17 rent
404 1280 23 21 af
443 1280 169 28 därhusmässigt
628 1280 55 21 hade
698 1280 38 21 det
752 1280 57 21 varit
824 1283 31 17 att
870 1279 68 21 under
953 1279 72 28 dylika

191 1307 153 21 förhällanden
369 1309 98 27 begynna
491 1309 70 28 bygga
576 1316 34 14 om
626 1309 97 28 skeppet,
739 1308 21 21 d.
777 1316 20 13 v.
813 1316 16 13 s.
845 1307 93 22 ombilda
954 1314 72 22 repre-

190 1336 138 21 gentationen
349 1349 25 3 —
391 1336 77 22 endast
490 1345 26 13 en
539 1338 119 27 sjöröfvare
678 1345 34 13 om
728 1336 55 22 bord
801 1336 55 21 hade
872 1336 81 21 kunnat
968 1338 58 19 rösta

191 1364 36 20 för
243 1367 32 18 ett
288 1364 69 28 dylikt
373 1365 87 29 förslag.

263 1392 50 22 Och
329 1393 28 28 pä
372 1397 31 18 ett
418 1394 71 28 dylikt
504 1395 99 27 stormigt
618 1394 40 21 och
674 1394 80 27 oroligt
771 1393 43 25 haf,
825 1393 27 28 pä
863 1392 80 22 sädana
954 1392 72 22 tidens

190 1422 112 27 upprörda
325 1422 68 28 böljor
415 1430 40 14 var
477 1422 37 22 det
536 1430 45 14 som
598 1422 48 21 vårt
661 1422 126 28 statsskepp
804 1422 36 20 vid
858 1422 57 20 förra
930 1421 97 21 ständer-

191 1450 80 20 mötets
295 1450 42 21 slut
359 1452 57 20 ännu
439 1451 88 21 seglade
546 1451 68 21 under
629 1450 135 22 främmande
780 1450 62 28 flagg,
858 1458 45 13 som
921 1450 33 20 väl
972 1449 55 21 hade

191 1477 52 22 vära
257 1474 67 58 Sjöns
342 1479 34 21 blå
391 1479 41 22 och
451 1487 48 14 våra
516 1480 90 21 vintrars
630 1482 39 19 snö
691 1479 41 22 och
748 1480 59 20 ännu
823 1487 25 13 en
865 1474 51 58 färg
927 1478 38 26 till,
979 1485 48 14 men

189 1506 99 22 saknade
311 1507 40 22 den
375 1508 50 28 gula
449 1509 71 20 solens
542 1508 58 28 glöd,
619 1508 25 22 så
659 1507 126 29 nödvändig
801 1507 36 21 för
852 1515 35 14 oss
918 1508 44 20 här
955 1502 13 39 i
979 1514 50 14 nor-

188 1534 111 29 danbygd.
