1078 1742
167 120 43 20 306
444 127 24 16 R.
482 131 17 12 o.
513 127 25 17 A.
550 126 60 18 1908.
634 126 21 17 11
667 126 49 20 Maj.

170 194 124 21 nuvarande
317 194 226 28 Generalguvernören
567 194 38 21 har
628 198 70 18 ansett
719 195 33 27 sig
767 196 55 19 intet
837 194 70 21 kunna
921 194 51 27 göra
989 193 6 20 i

169 223 74 25 saken,
259 222 86 22 hvilken
368 222 49 26 han,
432 223 88 21 oaktadt
542 223 68 28 jurist,
625 223 75 28 tyckes
724 222 98 22 betrakta
845 230 45 14 som
906 229 25 14 en
950 228 45 14 »res

169 251 116 28 judicata»,
319 251 157 28 Medborgaren
500 251 109 28 Prokop6s
632 251 106 22 dömande
754 251 23 21 af
792 251 50 28 rysk
860 251 101 28 krigsrätt
973 251 25 19 är

169 279 57 21 dock
251 287 25 13 en
300 279 23 22 sä
345 280 51 21 svär
418 280 181 28 rättskränkning,
614 283 32 18 att
668 279 104 22 Finlands
788 279 112 22 Ständer
890 274 10 38 i
917 278 78 22 folkets

170 316 63 13 namn
251 308 67 21 mäste
333 312 50 24 taga
399 309 32 27 sig
446 308 57 22 talan
520 310 6 20 i
542 309 72 21 saken.
645 308 31 22 Vi
691 309 68 21 mäste
774 310 53 26 göra
840 308 36 21 det
891 308 56 21 klart
962 308 35 20 för

169 336 48 26 alla,
232 336 66 22 äfven
321 337 34 21 för
377 337 127 26 Monarken,
519 340 32 18 att
574 344 26 14 en
626 337 54 21 finsk
696 344 48 14 man
760 336 34 22 för
810 336 57 22 brott
882 338 6 20 i
903 335 93 23 Finland

169 365 55 21 skall
240 364 75 23 dömas
338 365 55 22 efter
415 366 82 21 landets
522 366 66 28 lagar,
604 373 50 14 vare
680 365 36 22 det
731 365 67 21 sedan
814 365 34 21 för
863 365 36 21 det
913 364 82 29 gröfsta

168 394 53 21 eller
237 393 39 22 det
291 395 94 27 ringaste
410 394 63 26 brott,
488 394 41 22 och
553 394 23 22 af
599 394 83 22 landets
698 394 123 22 domstolar.
850 394 32 21 Pä
897 393 27 21 de
939 396 58 18 stora

169 422 219 29 medborgarmötena,
404 423 47 21 med
467 423 74 21 hvilka
556 423 42 21 den
614 423 108 28 segerrika
734 422 168 29 frihetskampen
913 422 41 21 den
968 422 26 21 31

169 451 102 21 Oktober
293 451 116 29 öppnades,
430 451 79 22 beslöts
533 452 63 21 bland
619 455 65 18 annat
706 454 32 18 att
752 451 75 21 fordra
842 451 153 27 medborgaren

169 479 112 29 Prokopés
296 480 105 22 ställande
416 480 57 21 inför
488 480 54 22 finsk
558 480 98 22 domstol.
687 480 28 22 Vi
731 480 125 21 försäkrade
871 479 126 26 hvarandra,

169 511 32 18 att
217 509 20 21 vi
254 508 48 22 icke
317 508 69 22 skulle
402 509 95 29 upphöra
513 509 48 21 med
578 509 98 28 kampen,
691 508 45 22 förr
748 510 27 19 än
791 509 41 21 alla
843 508 50 22 vära
904 507 92 22 fordrin-

168 544 39 20 gar
222 537 74 21 blifvit
310 538 111 28 uppfylda.
458 538 51 21 Men
532 538 41 20 den
599 538 59 20 klara
678 537 41 22 och
735 537 63 21 enkla
813 537 87 21 fordran
915 536 82 22 beträf-

169 566 65 21 fande
259 566 98 21 Prokop6
373 568 23 19 är
417 566 47 22 icke
484 566 97 29 uppfyld.
611 566 44 21 Det
669 568 24 19 är
708 566 73 21 derför
796 566 130 21 Ständernas
942 565 54 28 pligt

169 598 39 23 att,
224 594 29 21 dä
271 594 38 22 vär
332 574 79 42 Benats
437 595 148 21 bemödanden
601 596 5 20 i
623 594 71 22 denna
719 594 37 22 sak
781 594 48 22 icke
852 594 73 21 krönts
947 593 49 22 med

168 623 123 28 framgäng,
306 624 66 20 häfda
397 624 226 28 rättsuppfattningen.
660 623 100 29 Prokop6
782 623 68 21 måste
875 622 48 22 bort
947 622 48 21 från

167 652 99 21 Sibirien.

236 680 43 28 Jag
294 680 123 22 hemställer
432 680 110 22 vördsamt
557 683 31 19 att
604 680 25 22 R.
645 688 19 14 o.
680 682 25 20 A.
721 680 51 21 ville
788 680 92 21 besluta:

237 712 33 18 att
285 709 151 28 Lagutskottet
459 710 55 27 finge
530 710 5 20 i
552 709 98 28 uppdrag
671 713 31 17 att
725 708 109 22 inkomma
852 708 48 21 med
916 708 80 28 förslag

167 738 32 20 till
215 737 127 28 Ständerna,
357 738 114 28 äsyftande
486 740 32 19 att
532 738 32 21 till
581 717 131 42 Monarkens
728 737 122 21 kännedom
867 737 74 27 bringa
952 736 41 21 fol-

168 766 47 21 kets
231 774 38 13 oro
292 766 40 22 och
353 767 122 28 bekymmer
496 766 101 22 deröfver
619 770 37 23 att,
672 766 90 22 oaktadt
784 766 67 21 folket
867 766 6 20 i
889 765 105 21 särskilda

167 796 82 27 vigtiga
274 795 208 28 regeringsätgärder
506 795 45 21 frän
574 799 85 17 senaste
685 795 31 21 tid
732 794 42 22 fätt
790 794 58 22 helsa
865 797 30 18 ett
910 793 84 29 ätergä-

166 823 55 21 ende
239 823 33 21 till
288 824 65 28 laglig
367 824 97 28 ordning,
480 824 67 21 finske
563 824 154 28 medborgaren
735 823 63 21 Kalle
815 823 100 28 Prokop6
927 822 66 21 likväl

166 852 48 21 icke
232 852 74 21 blifvit
321 852 55 22 stäld
393 853 56 21 inför
464 853 54 21 finsk
535 852 92 22 domstol
643 855 31 18 att
690 859 61 15 svara
768 852 34 20 för
817 852 38 21 sitt
869 852 56 20 inom
941 850 52 22 Fin-

167 881 49 21 land
233 881 113 28 begångna
368 881 63 27 brott,
446 881 41 22 och
502 881 90 22 sålunda
614 881 54 22 finsk
691 881 35 28 lag
742 881 40 21 och
798 881 77 20 allmän
891 879 102 22 rättsord-

166 911 51 26 ning
235 909 29 28 på
280 914 30 17 ett
325 911 133 28 synnerligen
474 911 59 27 groft
548 912 43 19 sätt
606 910 94 21 kränkts.

235 967 35 21 Hr
291 967 65 21 Ernst
372 967 182 21 Estlander:
585 967 246 21 Talmanskonferensen
855 966 42 26 har,
922 965 69 22 såsom

165 995 38 21 här
219 995 160 28 tillkännagafs,
396 996 87 21 beslutit
498 995 80 22 föreslå
594 1000 31 16 att
647 995 142 22 förevarande
805 1002 59 21 prop.
879 994 66 21 måtte
959 1001 34 14 re-

166 1025 98 20 mitteras
280 1024 31 21 till
327 1024 219 21 Ekonomiutskottet.
575 1024 75 27 Enligt
672 1025 42 20 min
739 1023 65 22 tanke
829 1025 23 19 är
875 1022 116 22 emellertid

166 1053 112 27 ingressen
294 1053 32 20 till
342 1053 41 21 den
400 1053 131 28 förordning,
547 1060 45 14 som
608 1060 75 21 prop:n
699 1053 58 20 afser
768 1055 31 18 att
810 1052 109 27 förelägga
929 1051 63 21 Stän-

165 1081 73 27 derna,
255 1081 24 21 af
300 1083 40 20 den
368 1081 154 26 beskaffenhet,
538 1085 32 18 att
592 1081 49 22 dess
657 1081 129 28 antagande,
800 1080 47 21 ifall
862 1080 37 21 det
914 1079 77 28 ifråga-

163 1111 74 25 sättes,
253 1109 88 22 kräfver
355 1118 26 13 en
398 1110 160 28 undersökning
573 1117 25 14 ur
608 1110 139 28 synpunkter,
758 1117 46 13 som
820 1109 34 21 för
864 1109 65 27 öfrigt
944 1108 48 21 icke

165 1138 65 21 hafva
247 1138 71 21 direkt
333 1139 153 28 sammanhang
501 1139 48 20 med
560 1139 78 28 sjelfva
654 1138 166 27 förordningens
836 1137 102 26 innehåll;
951 1136 40 21 och

164 1167 68 27 enligt
247 1168 44 19 min
307 1167 65 21 tanke
388 1169 23 19 är
425 1168 43 27 just
483 1175 75 20 prop:n
575 1168 46 20 med
638 1167 102 21 afseende
752 1166 13 21 å
776 1166 71 21 denna
860 1167 32 20 sin
908 1167 83 26 ingress

163 1194 74 28 sådan,
255 1199 32 17 att
303 1195 48 22 dess
368 1195 130 28 behandling
512 1196 24 21 af
552 1195 151 28 Lagutskottet
719 1202 52 14 vore
787 1194 130 27 erforderlig.
947 1193 44 21 Det

162 1225 25 19 är
202 1224 87 24 bekant,
305 1227 31 18 att
351 1224 65 21 redan
433 1228 31 17 ett
478 1224 62 21 stånd
562 1225 116 27 öfverstyrt
694 1231 74 21 prop:n
785 1223 32 21 till
833 1223 158 28 Lagutskottet,

163 1252 41 21 och
220 1252 39 21 ber
274 1253 35 28 jag
324 1252 22 21 få
361 1253 117 26 hemställa,
493 1256 32 17 att
539 1253 26 21 R.
581 1260 19 14 o.
615 1253 26 21 A.
657 1253 66 21 också
739 1252 34 21 för
788 1253 33 20 sin
837 1251 34 22 del
888 1251 49 21 ville
954 1251 36 20 be-

163 1281 56 21 sluta
237 1284 32 17 att
284 1281 115 28 hänskjuta
414 1281 123 21 densamma
553 1281 31 21 till
603 1281 159 28 Lagutskottet,
778 1280 91 21 hvarvid
884 1281 35 26 jag
934 1279 56 21 dock

164 1309 49 21 icke
229 1309 38 21 vill
292 1311 100 20 motsätta
415 1311 43 26 mig
480 1313 32 18 att
528 1309 40 22 den
585 1311 65 20 äfven
668 1310 119 21 remitteras
803 1309 32 20 till
850 1309 141 20 Ekonomiut-

163 1338 88 21 skottet.
267 1351 25 2 —
309 1338 42 28 Jag
367 1338 38 21 ber
420 1339 34 20 för
464 1339 66 27 öfrigt
545 1342 31 17 att
592 1339 22 20 få
630 1338 130 21 understöda
776 1337 34 21 Hr
826 1337 73 28 Georg
909 1336 81 22 Schau-

161 1374 60 13 mans
238 1367 87 27 förslag.

231 1423 35 21 Hr
282 1423 73 28 Georg
395 1424 155 21 Schauman:
582 1423 47 22 Min
646 1423 66 28 afsigt
728 1431 38 13 var
782 1423 66 21 också
863 1425 32 18 att
910 1421 79 22 föreslå

160 1455 32 17 att
207 1451 26 22 R.
250 1460 19 13 o.
283 1453 26 20 A.
324 1452 69 21 skulle
408 1452 114 27 hänskjuta
540 1453 162 28 propositionen
718 1452 48 21 icke
784 1452 54 21 blott
853 1451 31 22 till
904 1451 85 20 Ekono-

160 1480 136 21 miutskottet
312 1484 50 17 utan
379 1481 64 21 äfven
460 1481 31 20 till
507 1481 158 27 Lagutskottet.
695 1481 42 27 Jag
761 1481 37 20 ber
821 1480 83 21 säledes
920 1482 31 18 att
967 1478 23 21 fä

159 1508 133 22 understöda
307 1509 34 20 Hr
356 1509 127 22 Estlanders
499 1509 114 22 uttalande.
