1128 1823
319 126 178 21 Borgareständet
509 127 57 16 1882.
589 129 13 14 4
615 126 95 18 februari.

888 119 39 20 103

108 196 112 27 gängligen
240 195 131 27 nödvändigt
385 199 33 18 att
433 196 22 21 af
469 198 69 19 staten
555 196 50 21 söka
622 196 88 21 utverka
726 198 30 19 ett
771 194 157 29 kapitalbidrag

109 223 31 22 till
156 223 105 29 företaget
276 224 27 27 på
318 225 93 26 följande
426 224 79 22 vilkor:

180 253 42 26 1:0)
252 252 74 23 Staten
342 253 40 21 blir
397 253 34 22 för
443 253 35 22 det
493 253 96 22 lemnade
605 254 97 26 bidraget
717 254 98 27 delegare
829 253 7 21 i
852 253 76 24 banan,

108 281 89 22 sålunda
207 283 32 20 att
251 282 68 21 denna
329 287 81 16 summa
421 282 110 21 derstädes
545 283 66 21 under
626 283 42 21 alla
682 282 147 21 förhållanden
843 282 85 21 komme

108 312 33 19 att
163 310 90 25 innestå,
277 311 55 20 ända
354 310 44 21 tills
421 313 76 22 staten,
509 311 137 26 begagnande
661 311 31 21 sin
708 311 7 21 i
730 309 197 28 koncessionslagen

108 338 107 27 medgifna
236 340 50 26 rätt,
308 339 85 21 komme
415 341 31 20 att
465 339 68 22 inlösa
548 340 75 27 banan,
639 340 27 21 då
682 339 39 22 den
736 339 48 22 från
800 339 40 22 den
856 337 71 23 dervid

108 367 112 22 bestämda
235 367 140 22 lösesumman
391 368 84 22 komme
489 370 33 20 att
537 368 138 26 återbetalas;

178 397 44 26 2:0)
251 397 75 21 Staten
349 396 91 22 erhåller
461 397 62 22 andel
541 397 7 21 i
564 398 87 26 vinsten,
673 397 88 22 sålunda
783 399 32 20 att
839 403 33 15 om
896 396 32 21 för

106 425 127 27 jernvägens
248 425 112 22 utförande
375 427 31 20 ett
423 426 121 27 aktiebolag
559 426 74 26 bildas,
649 428 70 20 staten
734 427 7 20 i
756 425 109 26 jembredd
880 425 48 21 med

107 453 133 24 andra::som
263 454 33 22 till
316 454 103 27 företaget
435 455 79 21 lemnat
529 455 74 28 bidrag
617 457 54 20 samt
687 455 155 25 aktionärerna,
857 454 7 21 i
879 460 49 21 pro-

107 483 85 26 portion
206 483 32 22 till
254 483 104 28 beloppen
377 483 24 22 af
415 484 25 21 de
455 483 119 28 tillskjutna
589 484 89 26 medlen,
694 484 40 21 blir
748 483 44 21 lika
807 482 121 29 berättigad

107 512 37 22 till
162 513 40 20 den
225 518 82 16 summa
329 512 101 22 hvarmed
453 513 40 21 den
515 513 67 27 ärliga
597 513 191 26 vinstutdelningen
805 511 124 28 öfverstiger

108 542 12 20 5
137 541 28 27 %,
180 541 12 22 å
207 541 37 22 det
258 541 114 21 nominella
385 541 166 28 aktiekapitalet.

176 569 109 27 Derjemte
307 569 68 22 skulle
392 570 106 27 förfrägan
513 573 64 24 göras
591 571 38 21 hos
642 570 141 21 intresserade
798 569 130 26 kommuner,

107 598 95 22 fabriker
225 599 38 21 och
286 598 106 22 enskildta
415 605 34 16 om.
471 599 100 28 beloppet
593 599 22 21 af
629 599 25 22 de
670 599 74 27 bidrag
758 604 45 15 som
820 598 47 21 utaf
881 598 47 21 dem

107 627 32 22 för
153 627 122 22 ändamälet
289 627 70 22 kunde
377 628 112 27 päräknas.

176 656 30 21 Af
223 657 39 20 allt
283 656 36 22 det
334 657 66 26 sagda
415 656 92 27 framgår
523 659 32 19 att
570 657 39 21 den
625 656 119 27 föreslagna
759 655 69 22 banan
844 655 84 22 komme

107 687 33 18 att
162 684 85 27 betjena
268 685 81 26 ganska
367 685 120 27 betydande
502 692 27 15 nu
545 686 64 21 redan
625 685 129 26 förefintliga
770 685 111 24 intressen,
896 686 32 19 att

108 714 38 21 den
170 715 51 20 utan
243 713 70 21 tvifvel
337 714 83 21 komme
442 716 33 19 att
497 720 62 15 mana
581 715 31 20 till
627 714 34 21 lifs
676 720 26 15 en
718 714 5 20 i
740 715 81 25 ögonen
836 713 91 21 fallande

107 742 121 27 utveckling
243 743 7 20 i
266 743 35 20 det
323 742 131 22 industriella
470 743 39 21 och
525 743 154 21 kommersiella
695 742 59 21 lifvet
769 745 55 19 samt
840 744 31 19 att
888 741 40 21 den

108 773 33 19 ort
156 771 65 22 saken
237 773 94 20 närmast
346 773 66 24 rörer,
427 772 71 21 Kotka
513 772 54 26 stad,
583 772 54 21 visat
652 771 31 27 sig
698 771 79 27 beredd
789 772 31 19 att
830 770 33 21 för
875 769 53 22 före-

107 802 59 25 taget
181 802 52 25 göra
249 800 18 27 ej
284 800 133 28 obetydande
432 801 117 27 pekuniära
559 800 149 28 uppoffringar.
736 799 67 22 Afven
816 799 40 22 har
865 799 63 21 önsk-

107 829 100 27 ligheten,
221 830 22 26 ja
258 832 59 18 snart
339 830 67 26 sagdt,
429 830 190 26 nödvändigheten,
642 829 25 21 af
683 830 122 20 densamma
819 828 68 22 under
901 834 26 15 en

107 858 53 26 följd
175 858 24 21 af
212 859 23 20 är
251 858 46 21 utaf
315 860 132 25 guvernören
462 859 7 20 i
484 858 97 28 Wiborgs
603 858 42 26 län,
660 859 7 20 i
682 858 52 21 hans
757 857 32 21 till
805 858 59 20 Hans
879 856 48 27 Kej-

107 886 77 28 serliga
199 886 99 27 Majestät
313 887 79 26 ingifna
407 887 159 22 &rsberättelser
581 886 131 22 framhällit..

177 916 48 21 Med
241 915 80 22 fästadt
337 916 98 22 afseende
450 917 51 21 derä
517 919 32 19 att
565 917 35 20 det
615 916 66 21 mäste
692 921 60 16 anses
763 915 56 27 ligga
830 915 6 20 i
847 916 80 21 statens

107 944 147 23 välförstädda
273 945 90 22 intresse
378 948 33 19 att
425 947 128 25 uppmuntra
569 945 41 22 alla
625 945 83 27 företag
718 944 22 21 af
754 943 57 28 dylik
827 946 39 22 art,
882 943 47 21 utaf

107 973 73 22 hvilka
199 973 23 28 ju
243 975 69 20 staten
332 974 96 21 kommer
443 976 32 19 att
491 973 64 28 draga
571 974 30 21 sin
618 973 81 22 direkta
714 973 61 25 vinst,
791 974 59 20 utom
866 972 39 21 den
920 972 7 20 i

107 1003 71 22 siffror
192 1003 151 27 oberäkneliga
358 1003 105 22 indirekta
478 1003 56 21 vinst
549 1004 121 21 densamma
687 1002 83 21 komme
787 1004 32 19 att
834 1001 94 22 medföra

107 1032 34 21 för
162 1032 79 25 landet,
264 1032 65 27 vågar
351 1032 48 21 und.
421 1032 110 21 hemställa
549 1031 103 22 huruvida
667 1031 19 27 ej
702 1031 35 21 det
753 1030 108 27 vällofliga
875 1029 52 22 Bor-

108 1061 136 27 gareståndet
259 1067 44 15 som
319 1061 33 22 sin
365 1060 47 22 ville
429 1063 93 25 upptaga
537 1067 26 16 en
578 1060 89 27 petition
682 1066 34 15 om
732 1062 40 19 att:

310 1118 41 27 för
367 1118 40 21 den
423 1118 101 21 händelse
539 1118 73 21 Kotka
627 1118 50 21 stad
692 1118 104 27 antingen
808 1117 57 27 sjelf
877 1117 51 20 eller

243 1153 73 21 genom
334 1146 102 22 bildande
451 1147 31 27 af
493 1149 28 18 ett
532 1147 61 28 bolag
605 1147 42 20 kan
659 1145 148 22 åstadkomma
822 1145 104 28 utföran-

244 1176 35 20 det
302 1175 31 28 af
351 1182 25 15 en
397 1175 79 22 bibana
491 1176 35 20 till
541 1175 80 27 Kotka,
638 1175 58 21 detta
708 1176 90 26 jöretag
814 1174 30 27 af
856 1176 70 19 staten

244 1205 65 20 måtte
330 1204 125 28 bispringas
477 1204 48 21 med
547 1207 28 18 ett
597 1203 162 29 kapitalbidrag
771 1204 32 27 på
825 1202 102 21 eventuelt

244 1233 57 21 Fmk
323 1234 94 26 600,000
429 1233 33 27 på
477 1233 193 28 ofvanföreslagna
686 1232 76 25 vilkor,
778 1233 52 20 eller
845 1231 38 21 ock
895 1232 32 26 pä

245 1264 68 18 annat
336 1262 99 27 lämpligt
457 1263 44 20 sätt
522 1262 32 27 af
565 1264 69 19 staten
646 1261 160 27 understödjas,
825 1262 55 19 samt
895 1261 32 18 att

243 1293 70 18 staten
336 1293 66 18 målte
421 1290 77 27 bevilja
518 1291 70 21 denna
611 1290 144 27 banbyggnad
775 1289 46 21 alla
837 1289 26 20 de
877 1289 50 20 lätt-

244 1319 69 20 nader
327 1320 9 20 i
351 1326 30 14 nu
392 1319 104 28 gällande
507 1319 207 21 koncessionsvilkor
724 1325 44 14 som
779 1318 75 20 kunna
865 1323 62 14 anses

243 1348 96 27 möjliga.

177 1405 103 22 Närmare
295 1405 107 27 uppgifter
417 1404 134 22 beträffande
566 1406 39 21 den
616 1405 119 26 föreslagna
745 1404 81 22 banans
836 1402 90 22 kostnad

107 1436 56 18 samt
178 1434 66 25 några
258 1433 119 22 statistiska
392 1433 49 22 data
457 1433 47 22 från
519 1433 72 22 Kotka
605 1433 39 22 och
655 1433 117 26 Kymmene
784 1432 65 22 elfdal
860 1431 67 22 finnas

107 1463 110 25 upptagna
231 1461 8 21 i
254 1463 76 19 tvenne
345 1461 112 26 vidfogade
473 1461 88 27 bilagor.

585 1518 26 20 A.
630 1516 56 22 C.A.
703 1516 25 21 F.
739 1516 118 27 Lindberg.
