1120 1806
296 119 177 21 Borgareständet
485 120 58 16 1882.
567 120 22 16 21
602 119 96 17 februari.
870 113 40 21 295

90 189 56 21 tider
169 188 52 22 eller
244 189 75 21 endast
342 188 32 22 för
396 190 31 20 ett
447 189 50 21 visst
512 188 58 22 antal
585 189 38 21 är?
652 188 33 22 Då
706 188 35 22 det
762 188 88 22 framför
873 188 39 22 allt

91 218 45 20 icke
157 217 64 21 beror
236 218 27 26 pä
279 224 34 14 oss
328 224 108 14 ensamma
450 220 33 19 att
497 218 60 21 tolka
572 218 41 20 den
629 218 62 26 ryska
706 218 205 26 koncessionslagen,

90 248 51 19 utan
163 246 134 26 naturligtvis
320 246 61 21 äfven
402 246 28 27 pä
445 246 54 22 huru
514 252 25 15 en
556 246 95 26 tolkning
666 246 7 20 i
689 246 59 21 detta
763 246 101 22 afseende
879 246 33 21 uti

90 274 104 26 Ryssland
210 274 55 22 skall
279 274 81 26 utfalla,
372 274 68 22 skulle
453 275 36 27 jag
504 275 33 21 för
551 275 43 21 min
611 274 33 22 del
660 280 56 18 anse,
733 276 32 20 att
781 275 35 21 det
830 275 22 21 af
861 274 51 22 herr

90 302 93 21 Neovius
195 303 77 21 väckta
287 303 101 27 förslaget
403 302 102 26 förtjenar
517 303 39 21 allt
572 303 125 21 beaktande.
726 303 9 21 I
751 302 101 22 händelse
863 309 48 15 man

90 330 105 28 nämligen
218 331 34 21 vid
273 332 96 21 närmare
390 332 129 26 granskning
541 331 24 22 af
579 331 38 22 den
634 331 63 27 ryska
712 331 199 27 koncessionslagen

90 360 73 26 finner,
180 361 32 20 att
227 360 7 21 i
251 366 26 15 en
291 360 87 22 framtid
394 360 154 28 förvecklingar
563 360 72 22 kunna
649 360 77 27 uppstä
737 360 48 22 med
797 360 39 21 den
847 360 64 27 ryska

89 388 111 28 styrelsen,
223 395 50 15 vore
297 390 35 21 det
355 388 33 23 väl
411 389 54 26 bäst,
487 389 26 21 dä
538 390 64 27 köpet
620 390 111 26 uppgöres,
747 390 31 20 att
793 388 61 22 dessa
869 388 42 22 för-

90 418 121 27 vecklingar
233 418 148 28 undanrödjas.
413 418 42 22 Det
470 420 24 19 är
506 419 23 27 ju
546 418 35 22 det
597 418 95 22 enklaste
708 420 32 19 att
755 418 64 22 bland
832 418 26 22 de
872 418 39 21 vil-

89 448 46 26 kor,
150 453 44 15 som
211 447 117 27 uppställas
344 448 34 20 vid
394 447 124 27 inlösandet,
535 448 35 21 det
585 446 102 23 förbehäll
702 447 141 27 uttryckligen
856 447 55 21 inta-

89 482 43 20 ges,
162 478 32 19 att
220 476 39 22 den
283 476 63 27 ryska
372 476 197 27 koncessionslagen
596 488 27 4 —
649 476 107 26 förutsatt,
782 478 32 19 att
843 476 68 21 denna

90 505 107 26 verkligen
215 505 119 21 innehåller
348 512 26 15 en
390 505 65 21 sådan
471 505 139 28 bestämning,
626 507 32 20 att
672 506 124 26 regeringen
812 505 53 21 efter
880 507 31 19 ett

89 533 53 21 visst
164 534 58 21 antal
243 533 24 22 är
282 533 68 22 skulle
365 534 20 21 fä
400 534 67 21 inlösa
480 534 115 27 jernvägen
612 546 23 4 —
653 534 6 20 i
676 534 59 22 detta
750 534 99 21 afseende
864 534 47 21 icke

89 562 33 21 fär
144 562 112 27 tillämpas.
287 562 41 27 Jag
350 562 68 22 skulle
440 562 72 22 derför
534 564 73 20 förena
629 563 43 27 mig
690 563 48 21 med
753 562 50 22 herr
818 562 92 22 Neovius

89 597 34 15 om
140 590 154 22 betänkandets
309 592 198 21 äterremitterande
523 591 31 22 till
569 592 167 21 statsutskottet.

158 648 55 22 Herr
228 648 122 27 Nybom:
366 648 42 22 Det
423 650 24 20 är
463 655 24 15 en
503 649 80 26 ganska
599 648 91 28 naturlig
706 649 144 27 anmärkning,
865 654 45 16 som

90 677 38 21 här
143 676 40 22 har
198 677 70 21 blifvit
283 677 59 27 gjord
359 680 44 19 mot
414 678 115 21 utskottets
539 677 139 22 betänkande.
702 677 49 21 Men
762 678 35 27 jag
808 678 38 21 ber
856 678 55 21 dock

89 706 20 21 fä
133 706 118 25 framhälla,
275 706 100 22 hurusom
400 707 35 21 det
457 706 7 21 i
484 706 133 27 regeringens
631 706 132 27 proposition
779 706 26 26 pä
820 713 46 21 pag.
898 706 12 22 3

88 735 53 21 sista
165 735 82 27 stycket
263 734 68 22 heter:
348 737 44 24 ,att
407 736 69 20 denna
490 735 77 22 bandel
582 735 74 21 förblir
671 735 67 21 under
753 735 55 21 finsk
824 735 86 21 förvalt-

90 764 49 26 ning
155 764 27 26 pä
198 764 111 21 enahanda
324 764 76 26 vilkor,
416 770 44 16 som
476 764 32 22 för
524 764 95 22 enskilda
635 763 122 27 aktiebolag
773 764 51 21 eller
840 770 69 21 perso-

89 798 43 17 ner,
149 792 71 22 hvilka
235 792 56 22 inom
307 793 161 27 Kejsaredömet
484 793 113 27 öfvertagit
610 793 123 27 jernvägars
749 793 110 27 byggande
871 792 39 22 och

90 820 148 25 trafikerande,
263 821 67 22 finnas
351 822 130 21 bestämda.*
513 822 42 21 Det
577 824 23 19 är
622 822 82 21 säledes
720 822 130 21 beträffande
865 821 45 22 för-

89 849 120 27 valtningen
226 849 23 21 af
265 850 67 22 denna
347 850 62 26 bana,
425 857 45 15 som
486 851 59 21 Hans
556 850 100 27 Majestät
671 850 38 21 här
721 850 85 27 uttalar,
817 852 31 20 att
860 850 50 22 den-

89 884 80 16 samma
191 878 45 22 stär
256 878 27 27 pä
306 885 80 15 samma
401 879 36 26 fot,
454 886 45 14 som
515 880 26 20 de
556 879 95 22 enskilda
666 879 95 21 banorna
775 878 9 21 i
798 878 111 28 Ryssland,

89 907 38 21 och
151 907 24 21 sä
191 907 39 21 har
245 907 61 21 äfven
324 908 76 20 hittills
415 908 55 21 varit
485 908 66 21 fallet.
566 920 28 2 —
609 907 134 22 Beträffande
759 908 46 21 åter
820 908 90 26 egande-

89 937 70 20 rätten
182 936 30 21 till
236 935 7 21 i
259 936 60 26 fråga
338 936 92 22 varande
452 936 77 22 bandel
549 936 156 22 ästadkommes
720 936 47 22 icke
783 936 69 26 någon
868 936 42 21 för-

88 964 90 27 ändring
200 970 75 20 genom
295 965 126 26 vidtagande
437 965 21 21 af
473 965 25 21 de
514 965 46 21 utaf
573 965 160 21 statsutskottet
748 971 29 15 nu
791 964 119 28 föreslagna

89 993 105 27 åtgärder.
225 993 26 21 Vi
271 993 71 22 kunna
364 993 70 22 derför
456 994 47 21 icke
522 1000 75 21 genom
616 993 64 27 inköp
695 993 24 21 af
733 993 69 21 banan
818 994 92 26 komma,

89 1023 69 20 säsom
182 1028 26 16 en
230 1022 68 22 talare
320 1022 38 22 här
380 1022 39 22 har
434 1025 80 24 nämnt,
529 1024 7 19 i
552 1025 31 19 ett
598 1024 69 20 sämre
683 1022 53 27 läge,
751 1024 26 20 än
794 1022 41 26 det,
850 1022 60 22 hvari

89 1051 20 21 vi
132 1057 28 15 nu
182 1051 83 21 befinna
287 1058 39 15 oss.
357 1052 40 26 Jag
413 1058 67 19 anser,
497 1052 68 21 säsom
582 1052 68 27 nägon
666 1052 68 21 talare
746 1051 39 21 här
800 1052 63 25 förut,
879 1052 32 20 att

90 1080 34 21 det
147 1080 46 21 icke
215 1080 68 22 skulle
307 1080 39 22 och
364 1080 47 21 icke
427 1080 65 22 borde
507 1081 86 21 inverka
608 1080 27 28 pä
651 1080 73 26 frågan
737 1080 72 21 hvilka
824 1080 86 27 upplys-

89 1109 75 25 ningar
180 1108 20 21 vi
217 1110 26 19 än
259 1109 70 21 kunde
344 1110 63 20 vinna
424 1109 133 26 beträffande
569 1109 25 21 de
607 1109 94 21 enskilda
714 1109 105 21 banornas
830 1110 6 19 i
846 1109 63 27 Ryss-

89 1137 50 21 land
155 1137 107 26 ställning.
289 1137 42 22 Det
346 1137 38 22 bör
400 1137 38 21 här
453 1137 75 22 främst
544 1137 118 26 bemärkas,
678 1139 32 20 att
726 1138 34 21 det
777 1137 33 22 för
820 1137 90 22 Finland

88 1167 25 20 är
129 1171 25 16 en
169 1165 117 22 hederssak
302 1168 32 19 att
349 1167 140 21 äterleverera
505 1167 25 21 de
546 1167 28 21 tio
591 1166 96 27 miljoner
702 1166 67 25 mark,
785 1172 44 15 som
842 1166 68 27 kejsa-

89 1195 95 20 redömet
206 1194 103 28 välvilligt
331 1195 77 21 ställde
429 1195 33 21 till
478 1195 99 22 Finlands
593 1195 125 26 förfogande
733 1195 27 21 dä
774 1195 114 26 jernvägen
904 1194 6 21 i

89 1223 61 27 fråga
170 1223 93 27 byggdes
286 1223 40 22 och
347 1227 52 18 utan
421 1224 70 21 hvilka
511 1225 35 21 det
568 1224 55 21 hade
646 1224 54 21 varit
723 1224 58 21 svårt
800 1226 32 19 att
848 1223 26 21 dä
889 1222 22 22 få

87 1253 115 26 jernvägen
226 1252 33 21 till
281 1252 70 21 ständ.
380 1253 40 26 Jag
443 1255 52 23 tror,
513 1255 32 19 att
560 1253 42 21 alla
618 1252 71 22 vidare
705 1252 153 22 förberedande
873 1258 38 15 un-

89 1281 164 26 derhandlingar
272 1281 6 21 i
300 1281 68 22 denna
382 1282 39 20 sak
435 1288 49 15 vore
499 1282 62 27 högst
577 1281 120 27 olämpliga,
712 1281 55 21 först
782 1281 39 22 och
836 1281 75 21 främst

89 1309 21 22 af
132 1309 36 22 det
190 1310 45 21 skäl
252 1310 35 27 jag
303 1315 49 22 nyss
368 1311 91 20 nämnde
474 1311 39 20 och
530 1310 71 22 vidare
617 1310 77 26 derför,
710 1311 33 20 att
757 1309 67 22 andra
841 1315 71 21 perso-

90 1344 37 15 ner
148 1340 6 19 i
179 1339 165 26 kejsaredömets
367 1339 97 26 regering
481 1345 28 15 nu
524 1339 84 22 komme
620 1341 32 19 att
666 1338 107 22 behandla
788 1339 80 26 frågan,
884 1340 27 19 än

90 1367 32 26 de,
144 1367 72 21 hvilka
239 1368 162 26 ursprungligen
423 1368 113 26 planerade
552 1369 128 25 densamma,
696 1367 41 22 och
752 1373 48 16 man
815 1369 35 19 vet
864 1367 48 22 icke

89 1395 55 22 huru
159 1395 65 22 saken
240 1396 37 21 der
293 1402 28 15 nu
335 1396 69 21 skulle
419 1396 74 27 aflöpa.
524 1397 73 21 Denna
614 1396 59 26 fräga
688 1398 30 24 är,
735 1395 69 22 sävidt
818 1396 36 27 jag
870 1396 42 21 kan

88 1424 74 23 förstå,
185 1424 24 21 af
230 1431 25 13 en
278 1425 80 25 ganska
382 1425 133 20 brådskande
533 1424 149 25 beskaffenhet,
699 1424 39 22 och
755 1425 73 21 endast
841 1430 35 15 om
891 1424 21 21 vi

89 1452 105 21 behandia
217 1453 39 20 den
278 1452 69 21 såsom
372 1453 71 25 sådan,
468 1453 71 20 kunna
560 1453 20 20 vi
599 1453 62 20 vinna
676 1452 55 21 hvad
747 1453 20 20 vi
783 1453 77 21 önska:
876 1452 36 21 det

90 1486 39 15 ena
145 1482 31 20 att
192 1479 83 29 friköpa
290 1487 34 15 oss
340 1480 45 21 frän
402 1480 68 22 denna
484 1479 145 26 hedersskuld,
646 1480 36 21 det
698 1481 66 20 andra
780 1481 39 20 den
834 1482 78 25 ytterst

89 1510 79 27 vigtiga
182 1509 65 22 saken
263 1511 31 20 att
310 1509 20 22 få
345 1509 154 27 förvaltningen
515 1509 44 22 helt
575 1508 40 23 och
630 1507 66 24 hållet
715 1509 3 21 i
736 1515 25 16 en
777 1509 39 22 och
831 1515 81 15 samma
