<?xml version="1.0" encoding="UTF-8"?>
<alto xmlns="http://www.loc.gov/standards/alto/ns-v3#" xmlns:xlink="http://www.w3.org/1999/xlink" xmlns:xsi="http://www.w3.org/2001/XMLSchema-instance" xsi:schemaLocation="http://www.loc.gov/standards/alto/ns-v3# http://www.loc.gov/alto/v3/alto-3-0.xsd">
	<Description>
		<MeasurementUnit>pixel</MeasurementUnit>
		<sourceImageInformation>
			<fileName>/tmp/tess_exgkqdaw_input.PNG</fileName>
		</sourceImageInformation>
		<OCRProcessing ID="OCR_0">
			<ocrProcessingStep>
				<processingSoftware>
					<softwareName>tesseract 5.3.4</softwareName>
				</processingSoftware>
			</ocrProcessingStep>
		</OCRProcessing>
	</Description>
	<Layout>
		<Page WIDTH="1117" HEIGHT="1800" PHYSICAL_IMG_NR="0" ID="page_0">
			<PrintSpace HPOS="0" VPOS="0" WIDTH="1117" HEIGHT="1800">
				<ComposedBlock ID="cblock_0" HPOS="225" VPOS="144" WIDTH="592" HEIGHT="25">
					<TextBlock ID="block_0" HPOS="225" VPOS="144" WIDTH="592" HEIGHT="25">
						<TextLine ID="line_0" HPOS="225" VPOS="144" WIDTH="592" HEIGHT="25">
							<String ID="string_0" HPOS="225" VPOS="144" WIDTH="41" HEIGHT="20" WC="0.96" CONTENT="626"/><SP WIDTH="185" VPOS="144" HPOS="266"/>
							<String ID="string_1" HPOS="451" VPOS="148" WIDTH="177" HEIGHT="21" WC="0.90" CONTENT="Borgareståndet"/><SP WIDTH="12" VPOS="148" HPOS="628"/>
							<String ID="string_2" HPOS="640" VPOS="148" WIDTH="57" HEIGHT="16" WC="0.96" CONTENT="1882."/><SP WIDTH="24" VPOS="148" HPOS="697"/>
							<String ID="string_3" HPOS="721" VPOS="148" WIDTH="23" HEIGHT="15" WC="0.96" CONTENT="21"/><SP WIDTH="13" VPOS="148" HPOS="744"/>
							<String ID="string_4" HPOS="757" VPOS="150" WIDTH="60" HEIGHT="13" WC="0.96" CONTENT="mars."/>
						</TextLine>
					</TextBlock>
				</ComposedBlock>
				<GraphicalElement ID="cblock_1" HPOS="230" VPOS="175" WIDTH="804" HEIGHT="5"></GraphicalElement >
				<ComposedBlock ID="cblock_2" HPOS="328" VPOS="317" WIDTH="615" HEIGHT="35">
					<TextBlock ID="block_1" HPOS="328" VPOS="317" WIDTH="615" HEIGHT="35">
						<TextLine ID="line_1" HPOS="328" VPOS="317" WIDTH="615" HEIGHT="35">
							<String ID="string_5" HPOS="328" VPOS="319" WIDTH="62" HEIGHT="26" WC="0.96" CONTENT="Den"/><SP WIDTH="19" VPOS="319" HPOS="390"/>
							<String ID="string_6" HPOS="409" VPOS="318" WIDTH="33" HEIGHT="26" WC="0.95" CONTENT="21"/><SP WIDTH="21" VPOS="318" HPOS="442"/>
							<String ID="string_7" HPOS="463" VPOS="318" WIDTH="75" HEIGHT="27" WC="0.95" CONTENT="Mars"/><SP WIDTH="18" VPOS="318" HPOS="538"/>
							<String ID="string_8" HPOS="556" VPOS="317" WIDTH="40" HEIGHT="27" WC="0.93" CONTENT="kl."/><SP WIDTH="21" VPOS="317" HPOS="596"/>
							<String ID="string_9" HPOS="617" VPOS="318" WIDTH="27" HEIGHT="34" WC="0.92" CONTENT="!/,"/><SP WIDTH="14" VPOS="318" HPOS="644"/>
							<String ID="string_10" HPOS="658" VPOS="317" WIDTH="17" HEIGHT="27" WC="0.96" CONTENT="6"/><SP WIDTH="19" VPOS="317" HPOS="675"/>
							<String ID="string_11" HPOS="694" VPOS="318" WIDTH="71" HEIGHT="26" WC="0.96" CONTENT="efter"/><SP WIDTH="19" VPOS="318" HPOS="765"/>
							<String ID="string_12" HPOS="784" VPOS="317" WIDTH="159" HEIGHT="34" WC="0.95" CONTENT="middagen."/>
						</TextLine>
					</TextBlock>
				</ComposedBlock>
				<ComposedBlock ID="cblock_3" HPOS="225" VPOS="386" WIDTH="822" HEIGHT="142">
					<TextBlock ID="block_2" HPOS="225" VPOS="386" WIDTH="822" HEIGHT="142">
						<TextLine ID="line_2" HPOS="294" VPOS="386" WIDTH="753" HEIGHT="28">
							<String ID="string_13" HPOS="294" VPOS="387" WIDTH="40" HEIGHT="22" WC="0.93" CONTENT="Vid"/><SP WIDTH="22" VPOS="387" HPOS="334"/>
							<String ID="string_14" HPOS="356" VPOS="387" WIDTH="117" HEIGHT="22" WC="0.92" CONTENT="verkstäldt"/><SP WIDTH="23" VPOS="387" HPOS="473"/>
							<String ID="string_15" HPOS="496" VPOS="394" WIDTH="82" HEIGHT="20" WC="0.93" CONTENT="upprop"/><SP WIDTH="27" VPOS="394" HPOS="578"/>
							<String ID="string_16" HPOS="605" VPOS="387" WIDTH="102" HEIGHT="21" WC="0.90" CONTENT="befunnos"/><SP WIDTH="15" VPOS="387" HPOS="707"/>
							<String ID="string_17" HPOS="722" VPOS="386" WIDTH="97" HEIGHT="27" WC="0.93" CONTENT="samtliga"/><SP WIDTH="16" VPOS="386" HPOS="819"/>
							<String ID="string_18" HPOS="835" VPOS="386" WIDTH="212" HEIGHT="22" WC="0.90" CONTENT="ståndsmedlemmar"/>
						</TextLine>
						<TextLine ID="line_3" HPOS="225" VPOS="415" WIDTH="820" HEIGHT="27">
							<String ID="string_19" HPOS="225" VPOS="416" WIDTH="139" HEIGHT="26" WC="0.95" CONTENT="närvarande,"/><SP WIDTH="16" VPOS="416" HPOS="364"/>
							<String ID="string_20" HPOS="380" VPOS="416" WIDTH="91" HEIGHT="21" WC="0.96" CONTENT="förutom"/><SP WIDTH="16" VPOS="416" HPOS="471"/>
							<String ID="string_21" HPOS="487" VPOS="416" WIDTH="50" HEIGHT="21" WC="0.96" CONTENT="herr"/><SP WIDTH="15" VPOS="416" HPOS="537"/>
							<String ID="string_22" HPOS="552" VPOS="416" WIDTH="112" HEIGHT="24" WC="0.96" CONTENT="Stenbäck,"/><SP WIDTH="17" VPOS="416" HPOS="664"/>
							<String ID="string_23" HPOS="681" VPOS="422" WIDTH="43" HEIGHT="14" WC="0.96" CONTENT="som"/><SP WIDTH="17" VPOS="422" HPOS="724"/>
							<String ID="string_24" HPOS="741" VPOS="416" WIDTH="129" HEIGHT="20" WC="0.96" CONTENT="fortfarande"/><SP WIDTH="11" VPOS="416" HPOS="870"/>
							<String ID="string_25" HPOS="881" VPOS="422" WIDTH="37" HEIGHT="14" WC="0.96" CONTENT="var"/><SP WIDTH="11" VPOS="422" HPOS="918"/>
							<String ID="string_26" HPOS="929" VPOS="415" WIDTH="53" HEIGHT="27" WC="0.95" CONTENT="sjuk,"/><SP WIDTH="14" VPOS="415" HPOS="982"/>
							<String ID="string_27" HPOS="996" VPOS="415" WIDTH="49" HEIGHT="21" WC="0.95" CONTENT="herr"/>
						</TextLine>
						<TextLine ID="line_4" HPOS="226" VPOS="444" WIDTH="818" HEIGHT="29">
							<String ID="string_28" HPOS="226" VPOS="445" WIDTH="63" HEIGHT="28" WC="0.96" CONTENT="Berg,"/><SP WIDTH="16" VPOS="445" HPOS="289"/>
							<String ID="string_29" HPOS="305" VPOS="451" WIDTH="44" HEIGHT="15" WC="0.96" CONTENT="som"/><SP WIDTH="16" VPOS="451" HPOS="349"/>
							<String ID="string_30" HPOS="365" VPOS="444" WIDTH="79" HEIGHT="22" WC="0.96" CONTENT="anmält"/><SP WIDTH="16" VPOS="444" HPOS="444"/>
							<String ID="string_31" HPOS="460" VPOS="444" WIDTH="22" HEIGHT="22" WC="0.96" CONTENT="af"/><SP WIDTH="14" VPOS="444" HPOS="482"/>
							<String ID="string_32" HPOS="496" VPOS="444" WIDTH="85" HEIGHT="22" WC="0.96" CONTENT="ståndet"/><SP WIDTH="15" VPOS="444" HPOS="581"/>
							<String ID="string_33" HPOS="596" VPOS="451" WIDTH="28" HEIGHT="14" WC="0.93" CONTENT="nu"/><SP WIDTH="16" VPOS="451" HPOS="624"/>
							<String ID="string_34" HPOS="640" VPOS="444" WIDTH="108" HEIGHT="27" WC="0.91" CONTENT="godkändt"/><SP WIDTH="16" VPOS="444" HPOS="748"/>
							<String ID="string_35" HPOS="764" VPOS="444" WIDTH="70" HEIGHT="21" WC="0.95" CONTENT="förfall"/><SP WIDTH="19" VPOS="444" HPOS="834"/>
							<String ID="string_36" HPOS="853" VPOS="444" WIDTH="34" HEIGHT="21" WC="0.95" CONTENT="för"/><SP WIDTH="15" VPOS="444" HPOS="887"/>
							<String ID="string_37" HPOS="902" VPOS="444" WIDTH="31" HEIGHT="22" WC="0.93" CONTENT="sin"/><SP WIDTH="16" VPOS="444" HPOS="933"/>
							<String ID="string_38" HPOS="949" VPOS="447" WIDTH="95" HEIGHT="22" WC="0.90" CONTENT="utevaro,"/>
						</TextLine>
						<TextLine ID="line_5" HPOS="228" VPOS="473" WIDTH="818" HEIGHT="27">
							<String ID="string_39" HPOS="228" VPOS="476" WIDTH="54" HEIGHT="19" WC="0.96" CONTENT="samt"/><SP WIDTH="15" VPOS="476" HPOS="282"/>
							<String ID="string_40" HPOS="297" VPOS="474" WIDTH="74" HEIGHT="21" WC="0.93" CONTENT="herrar"/><SP WIDTH="15" VPOS="474" HPOS="371"/>
							<String ID="string_41" HPOS="386" VPOS="473" WIDTH="132" HEIGHT="22" WC="0.92" CONTENT="Hasselblatt"/><SP WIDTH="15" VPOS="473" HPOS="518"/>
							<String ID="string_42" HPOS="533" VPOS="474" WIDTH="38" HEIGHT="21" WC="0.93" CONTENT="och"/><SP WIDTH="16" VPOS="474" HPOS="571"/>
							<String ID="string_43" HPOS="587" VPOS="473" WIDTH="94" HEIGHT="27" WC="0.92" CONTENT="Ingman,"/><SP WIDTH="16" VPOS="473" HPOS="681"/>
							<String ID="string_44" HPOS="697" VPOS="474" WIDTH="32" HEIGHT="20" WC="0.96" CONTENT="för"/><SP WIDTH="16" VPOS="474" HPOS="729"/>
							<String ID="string_45" HPOS="745" VPOS="473" WIDTH="72" HEIGHT="21" WC="0.96" CONTENT="hvilka"/><SP WIDTH="15" VPOS="473" HPOS="817"/>
							<String ID="string_46" HPOS="832" VPOS="473" WIDTH="65" HEIGHT="27" WC="0.96" CONTENT="något"/><SP WIDTH="16" VPOS="473" HPOS="897"/>
							<String ID="string_47" HPOS="913" VPOS="473" WIDTH="70" HEIGHT="22" WC="0.96" CONTENT="förfall"/><SP WIDTH="15" VPOS="473" HPOS="983"/>
							<String ID="string_48" HPOS="998" VPOS="473" WIDTH="48" HEIGHT="21" WC="0.96" CONTENT="icke"/>
						</TextLine>
						<TextLine ID="line_6" HPOS="225" VPOS="501" WIDTH="782" HEIGHT="27">
							<String ID="string_49" HPOS="225" VPOS="502" WIDTH="100" HEIGHT="26" WC="0.96" CONTENT="anmälts;"/><SP WIDTH="18" VPOS="502" HPOS="325"/>
							<String ID="string_50" HPOS="343" VPOS="502" WIDTH="60" HEIGHT="21" WC="0.96" CONTENT="dessa"/><SP WIDTH="15" VPOS="502" HPOS="403"/>
							<String ID="string_51" HPOS="418" VPOS="505" WIDTH="75" HEIGHT="18" WC="0.96" CONTENT="tvenne"/><SP WIDTH="15" VPOS="505" HPOS="493"/>
							<String ID="string_52" HPOS="508" VPOS="502" WIDTH="130" HEIGHT="21" WC="0.92" CONTENT="sistnämnda"/><SP WIDTH="15" VPOS="502" HPOS="638"/>
							<String ID="string_53" HPOS="653" VPOS="501" WIDTH="189" HEIGHT="22" WC="0.91" CONTENT="tillstädeskommo"/><SP WIDTH="17" VPOS="501" HPOS="842"/>
							<String ID="string_54" HPOS="859" VPOS="502" WIDTH="54" HEIGHT="21" WC="0.96" CONTENT="dock"/><SP WIDTH="16" VPOS="502" HPOS="913"/>
							<String ID="string_55" HPOS="929" VPOS="508" WIDTH="78" HEIGHT="15" WC="0.96" CONTENT="senare."/>
						</TextLine>
					</TextBlock>
				</ComposedBlock>
				<ComposedBlock ID="cblock_4" HPOS="227" VPOS="634" WIDTH="819" HEIGHT="142">
					<TextBlock ID="block_3" HPOS="227" VPOS="634" WIDTH="819" HEIGHT="142">
						<TextLine ID="line_7" HPOS="295" VPOS="634" WIDTH="750" HEIGHT="26">
							<String ID="string_56" HPOS="295" VPOS="634" WIDTH="118" HEIGHT="22" WC="0.91" CONTENT="Fortsattes"/><SP WIDTH="23" VPOS="634" HPOS="413"/>
							<String ID="string_57" HPOS="436" VPOS="634" WIDTH="48" HEIGHT="21" WC="0.96" CONTENT="med"/><SP WIDTH="22" VPOS="634" HPOS="484"/>
							<String ID="string_58" HPOS="506" VPOS="634" WIDTH="154" HEIGHT="26" WC="0.96" CONTENT="behandlingen"/><SP WIDTH="17" VPOS="634" HPOS="660"/>
							<String ID="string_59" HPOS="677" VPOS="634" WIDTH="20" HEIGHT="20" WC="0.96" CONTENT="af"/><SP WIDTH="14" VPOS="634" HPOS="697"/>
							<String ID="string_60" HPOS="711" VPOS="635" WIDTH="153" HEIGHT="19" WC="0.91" CONTENT="sammansatta"/><SP WIDTH="16" VPOS="635" HPOS="864"/>
							<String ID="string_61" HPOS="880" VPOS="634" WIDTH="43" HEIGHT="26" WC="0.89" CONTENT="lag-"/><SP WIDTH="17" VPOS="634" HPOS="923"/>
							<String ID="string_62" HPOS="940" VPOS="634" WIDTH="38" HEIGHT="20" WC="0.93" CONTENT="och"/><SP WIDTH="17" VPOS="634" HPOS="978"/>
							<String ID="string_63" HPOS="995" VPOS="634" WIDTH="50" HEIGHT="20" WC="0.90" CONTENT="eko-"/>
						</TextLine>
						<TextLine ID="line_8" HPOS="227" VPOS="662" WIDTH="819" HEIGHT="27">
							<String ID="string_64" HPOS="227" VPOS="663" WIDTH="174" HEIGHT="21" WC="0.90" CONTENT="nomiutskottets"/><SP WIDTH="22" VPOS="663" HPOS="401"/>
							<String ID="string_65" HPOS="423" VPOS="662" WIDTH="133" HEIGHT="22" WC="0.96" CONTENT="betänkande"/><SP WIDTH="23" VPOS="662" HPOS="556"/>
							<String ID="string_66" HPOS="579" VPOS="662" WIDTH="39" HEIGHT="22" WC="0.96" CONTENT="N:o"/><SP WIDTH="20" VPOS="662" HPOS="618"/>
							<String ID="string_67" HPOS="638" VPOS="663" WIDTH="12" HEIGHT="19" WC="0.95" CONTENT="2"/><SP WIDTH="16" VPOS="663" HPOS="650"/>
							<String ID="string_68" HPOS="666" VPOS="663" WIDTH="6" HEIGHT="21" WC="0.95" CONTENT="i"/><SP WIDTH="17" VPOS="663" HPOS="672"/>
							<String ID="string_69" HPOS="689" VPOS="662" WIDTH="112" HEIGHT="26" WC="0.96" CONTENT="anledning"/><SP WIDTH="16" VPOS="662" HPOS="801"/>
							<String ID="string_70" HPOS="817" VPOS="662" WIDTH="22" HEIGHT="20" WC="0.96" CONTENT="af"/><SP WIDTH="15" VPOS="662" HPOS="839"/>
							<String ID="string_71" HPOS="854" VPOS="662" WIDTH="59" HEIGHT="21" WC="0.96" CONTENT="Hans"/><SP WIDTH="15" VPOS="662" HPOS="913"/>
							<String ID="string_72" HPOS="928" VPOS="662" WIDTH="118" HEIGHT="27" WC="0.96" CONTENT="Kejserliga"/>
						</TextLine>
						<TextLine ID="line_9" HPOS="227" VPOS="690" WIDTH="819" HEIGHT="28">
							<String ID="string_73" HPOS="227" VPOS="692" WIDTH="111" HEIGHT="26" WC="0.96" CONTENT="Majestäts"/><SP WIDTH="15" VPOS="692" HPOS="338"/>
							<String ID="string_74" HPOS="353" VPOS="692" WIDTH="75" HEIGHT="26" WC="0.96" CONTENT="nådiga"/><SP WIDTH="16" VPOS="692" HPOS="428"/>
							<String ID="string_75" HPOS="444" VPOS="692" WIDTH="137" HEIGHT="26" WC="0.96" CONTENT="proposition,"/><SP WIDTH="23" VPOS="692" HPOS="581"/>
							<String ID="string_76" HPOS="604" VPOS="690" WIDTH="145" HEIGHT="22" WC="0.95" CONTENT="innefattande"/><SP WIDTH="17" VPOS="690" HPOS="749"/>
							<String ID="string_77" HPOS="766" VPOS="690" WIDTH="79" HEIGHT="26" WC="0.96" CONTENT="förslag"/><SP WIDTH="23" VPOS="690" HPOS="845"/>
							<String ID="string_78" HPOS="868" VPOS="691" WIDTH="32" HEIGHT="21" WC="0.96" CONTENT="till"/><SP WIDTH="23" VPOS="691" HPOS="900"/>
							<String ID="string_79" HPOS="923" VPOS="690" WIDTH="123" HEIGHT="28" WC="0.96" CONTENT="förordning"/>
						</TextLine>
						<TextLine ID="line_10" HPOS="227" VPOS="719" WIDTH="818" HEIGHT="27">
							<String ID="string_80" HPOS="227" VPOS="720" WIDTH="108" HEIGHT="26" WC="0.93" CONTENT="angående"/><SP WIDTH="22" VPOS="720" HPOS="335"/>
							<String ID="string_81" HPOS="357" VPOS="720" WIDTH="150" HEIGHT="26" WC="0.91" CONTENT="egostyckning"/><SP WIDTH="21" VPOS="720" HPOS="507"/>
							<String ID="string_82" HPOS="528" VPOS="720" WIDTH="38" HEIGHT="21" WC="0.93" CONTENT="och"/><SP WIDTH="20" VPOS="720" HPOS="566"/>
							<String ID="string_83" HPOS="586" VPOS="720" WIDTH="174" HEIGHT="26" WC="0.91" CONTENT="jordafsöndring"/><SP WIDTH="23" VPOS="720" HPOS="760"/>
							<String ID="string_84" HPOS="783" VPOS="719" WIDTH="12" HEIGHT="21" WC="0.87" CONTENT="å"/><SP WIDTH="24" VPOS="719" HPOS="795"/>
							<String ID="string_85" HPOS="819" VPOS="719" WIDTH="74" HEIGHT="21" WC="0.92" CONTENT="frälse-"/><SP WIDTH="16" VPOS="719" HPOS="893"/>
							<String ID="string_86" HPOS="909" VPOS="719" WIDTH="40" HEIGHT="21" WC="0.93" CONTENT="och"/><SP WIDTH="16" VPOS="719" HPOS="949"/>
							<String ID="string_87" HPOS="965" VPOS="720" WIDTH="80" HEIGHT="20" WC="0.92" CONTENT="skatte-"/>
						</TextLine>
						<TextLine ID="line_11" HPOS="229" VPOS="747" WIDTH="733" HEIGHT="29">
							<String ID="string_88" HPOS="229" VPOS="749" WIDTH="98" HEIGHT="21" WC="0.96" CONTENT="hemman"/><SP WIDTH="16" VPOS="749" HPOS="327"/>
							<String ID="string_89" HPOS="343" VPOS="751" WIDTH="54" HEIGHT="18" WC="0.92" CONTENT="samt"/><SP WIDTH="16" VPOS="751" HPOS="397"/>
							<String ID="string_90" HPOS="413" VPOS="748" WIDTH="98" HEIGHT="28" WC="0.91" CONTENT="legoaftal"/><SP WIDTH="16" VPOS="748" HPOS="511"/>
							<String ID="string_91" HPOS="527" VPOS="755" WIDTH="33" HEIGHT="15" WC="0.96" CONTENT="om"/><SP WIDTH="16" VPOS="755" HPOS="560"/>
							<String ID="string_92" HPOS="576" VPOS="748" WIDTH="68" HEIGHT="27" WC="0.95" CONTENT="någon"/><SP WIDTH="18" VPOS="748" HPOS="644"/>
							<String ID="string_93" HPOS="662" VPOS="748" WIDTH="32" HEIGHT="21" WC="0.96" CONTENT="del"/><SP WIDTH="17" VPOS="748" HPOS="694"/>
							<String ID="string_94" HPOS="711" VPOS="748" WIDTH="21" HEIGHT="20" WC="0.96" CONTENT="af"/><SP WIDTH="14" VPOS="748" HPOS="732"/>
							<String ID="string_95" HPOS="746" VPOS="747" WIDTH="71" HEIGHT="28" WC="0.96" CONTENT="dylika"/><SP WIDTH="16" VPOS="747" HPOS="817"/>
							<String ID="string_96" HPOS="833" VPOS="748" WIDTH="129" HEIGHT="27" WC="0.96" CONTENT="lägenheter."/>
						</TextLine>
					</TextBlock>
				</ComposedBlock>
				<ComposedBlock ID="cblock_5" HPOS="295" VPOS="817" WIDTH="385" HEIGHT="27">
					<TextBlock ID="block_4" HPOS="295" VPOS="817" WIDTH="385" HEIGHT="27">
						<TextLine ID="line_12" HPOS="295" VPOS="817" WIDTH="385" HEIGHT="27">
							<String ID="string_97" HPOS="295" VPOS="818" WIDTH="12" HEIGHT="25" WC="0.90" CONTENT="8"/><SP WIDTH="16" VPOS="818" HPOS="307"/>
							<String ID="string_98" HPOS="323" VPOS="818" WIDTH="12" HEIGHT="20" WC="0.96" CONTENT="5"/><SP WIDTH="16" VPOS="818" HPOS="335"/>
							<String ID="string_99" HPOS="351" VPOS="817" WIDTH="122" HEIGHT="27" WC="0.96" CONTENT="godkändes"/><SP WIDTH="16" VPOS="817" HPOS="473"/>
							<String ID="string_100" HPOS="489" VPOS="819" WIDTH="50" HEIGHT="19" WC="0.96" CONTENT="utan"/><SP WIDTH="16" VPOS="819" HPOS="539"/>
							<String ID="string_101" HPOS="555" VPOS="817" WIDTH="125" HEIGHT="21" WC="0.96" CONTENT="diskussion."/>
						</TextLine>
					</TextBlock>
				</ComposedBlock>
				<ComposedBlock ID="cblock_6" HPOS="612" VPOS="904" WIDTH="48" HEIGHT="25">
					<TextBlock ID="block_5" HPOS="612" VPOS="904" WIDTH="48" HEIGHT="25">
						<TextLine ID="line_13" HPOS="612" VPOS="904" WIDTH="48" HEIGHT="25">
							<String ID="string_102" HPOS="612" VPOS="904" WIDTH="11" HEIGHT="25" WC="0.87" CONTENT="g"/><SP WIDTH="18" VPOS="904" HPOS="623"/>
							<String ID="string_103" HPOS="641" VPOS="904" WIDTH="19" HEIGHT="20" WC="0.94" CONTENT="6."/>
						</TextLine>
					</TextBlock>
				</ComposedBlock>
				<ComposedBlock ID="cblock_7" HPOS="226" VPOS="960" WIDTH="821" HEIGHT="343">
					<TextBlock ID="block_6" HPOS="226" VPOS="960" WIDTH="820" HEIGHT="229">
						<TextLine ID="line_14" HPOS="299" VPOS="960" WIDTH="746" HEIGHT="28">
							<String ID="string_104" HPOS="299" VPOS="960" WIDTH="54" HEIGHT="22" WC="0.96" CONTENT="Herr"/><SP WIDTH="15" VPOS="960" HPOS="353"/>
							<String ID="string_105" HPOS="368" VPOS="961" WIDTH="170" HEIGHT="26" WC="0.95" CONTENT="Lindberg:"/><SP WIDTH="24" VPOS="961" HPOS="538"/>
							<String ID="string_106" HPOS="562" VPOS="960" WIDTH="41" HEIGHT="28" WC="0.95" CONTENT="Jag"/><SP WIDTH="15" VPOS="960" HPOS="603"/>
							<String ID="string_107" HPOS="618" VPOS="966" WIDTH="67" HEIGHT="20" WC="0.96" CONTENT="anser,"/><SP WIDTH="16" VPOS="966" HPOS="685"/>
							<String ID="string_108" HPOS="701" VPOS="962" WIDTH="31" HEIGHT="19" WC="0.96" CONTENT="att"/><SP WIDTH="17" VPOS="962" HPOS="732"/>
							<String ID="string_109" HPOS="749" VPOS="960" WIDTH="67" HEIGHT="21" WC="0.96" CONTENT="denna"/><SP WIDTH="15" VPOS="960" HPOS="816"/>
							<String ID="string_110" HPOS="831" VPOS="960" WIDTH="105" HEIGHT="26" WC="0.94" CONTENT="paragraf,"/><SP WIDTH="17" VPOS="960" HPOS="936"/>
							<String ID="string_111" HPOS="953" VPOS="966" WIDTH="43" HEIGHT="15" WC="0.92" CONTENT="som"/><SP WIDTH="16" VPOS="966" HPOS="996"/>
							<String ID="string_112" HPOS="1012" VPOS="962" WIDTH="33" HEIGHT="18" WC="0.92" CONTENT="ut-"/>
						</TextLine>
						<TextLine ID="line_15" HPOS="227" VPOS="988" WIDTH="819" HEIGHT="28">
							<String ID="string_113" HPOS="227" VPOS="991" WIDTH="81" HEIGHT="21" WC="0.93" CONTENT="skottet"/><SP WIDTH="23" VPOS="991" HPOS="308"/>
							<String ID="string_114" HPOS="331" VPOS="989" WIDTH="57" HEIGHT="27" WC="0.91" CONTENT="fogat"/><SP WIDTH="23" VPOS="989" HPOS="388"/>
							<String ID="string_115" HPOS="411" VPOS="989" WIDTH="32" HEIGHT="21" WC="0.96" CONTENT="till"/><SP WIDTH="22" VPOS="989" HPOS="443"/>
							<String ID="string_116" HPOS="465" VPOS="990" WIDTH="76" HEIGHT="26" WC="0.96" CONTENT="nådiga"/><SP WIDTH="22" VPOS="990" HPOS="541"/>
							<String ID="string_117" HPOS="563" VPOS="989" WIDTH="166" HEIGHT="27" WC="0.96" CONTENT="propositionen,"/><SP WIDTH="24" VPOS="989" HPOS="729"/>
							<String ID="string_118" HPOS="753" VPOS="989" WIDTH="44" HEIGHT="21" WC="0.96" CONTENT="icke"/><SP WIDTH="16" VPOS="989" HPOS="797"/>
							<String ID="string_119" HPOS="813" VPOS="988" WIDTH="66" HEIGHT="21" WC="0.96" CONTENT="finner"/><SP WIDTH="15" VPOS="988" HPOS="879"/>
							<String ID="string_120" HPOS="894" VPOS="988" WIDTH="48" HEIGHT="21" WC="0.96" CONTENT="stöd"/><SP WIDTH="17" VPOS="988" HPOS="942"/>
							<String ID="string_121" HPOS="959" VPOS="988" WIDTH="31" HEIGHT="21" WC="0.96" CONTENT="för"/><SP WIDTH="17" VPOS="988" HPOS="990"/>
							<String ID="string_122" HPOS="1007" VPOS="988" WIDTH="39" HEIGHT="26" WC="0.96" CONTENT="sig,"/>
						</TextLine>
						<TextLine ID="line_16" HPOS="227" VPOS="1017" WIDTH="817" HEIGHT="27">
							<String ID="string_123" HPOS="227" VPOS="1022" WIDTH="50" HEIGHT="18" WC="0.95" CONTENT="utan"/><SP WIDTH="16" VPOS="1022" HPOS="277"/>
							<String ID="string_124" HPOS="293" VPOS="1018" WIDTH="58" HEIGHT="22" WC="0.95" CONTENT="leder"/><SP WIDTH="16" VPOS="1018" HPOS="351"/>
							<String ID="string_125" HPOS="367" VPOS="1018" WIDTH="32" HEIGHT="20" WC="0.95" CONTENT="till"/><SP WIDTH="16" VPOS="1018" HPOS="399"/>
							<String ID="string_126" HPOS="415" VPOS="1018" WIDTH="91" HEIGHT="26" WC="0.96" CONTENT="onödiga"/><SP WIDTH="14" VPOS="1018" HPOS="506"/>
							<String ID="string_127" HPOS="520" VPOS="1018" WIDTH="160" HEIGHT="23" WC="0.96" CONTENT="omkostnader;"/><SP WIDTH="16" VPOS="1018" HPOS="680"/>
							<String ID="string_128" HPOS="696" VPOS="1019" WIDTH="22" HEIGHT="25" WC="0.96" CONTENT="ty"/><SP WIDTH="11" VPOS="1019" HPOS="718"/>
							<String ID="string_129" HPOS="729" VPOS="1018" WIDTH="27" HEIGHT="20" WC="0.92" CONTENT="då"/><SP WIDTH="11" VPOS="1018" HPOS="756"/>
							<String ID="string_130" HPOS="767" VPOS="1017" WIDTH="150" HEIGHT="27" WC="0.92" CONTENT="egostyckning"/><SP WIDTH="10" VPOS="1017" HPOS="917"/>
							<String ID="string_131" HPOS="927" VPOS="1018" WIDTH="46" HEIGHT="20" WC="0.93" CONTENT="icke"/><SP WIDTH="12" VPOS="1018" HPOS="973"/>
							<String ID="string_132" HPOS="985" VPOS="1017" WIDTH="59" HEIGHT="21" WC="0.92" CONTENT="kom-"/>
						</TextLine>
						<TextLine ID="line_17" HPOS="226" VPOS="1046" WIDTH="820" HEIGHT="26">
							<String ID="string_133" HPOS="226" VPOS="1048" WIDTH="39" HEIGHT="20" WC="0.96" CONTENT="mit"/><SP WIDTH="22" VPOS="1048" HPOS="265"/>
							<String ID="string_134" HPOS="287" VPOS="1047" WIDTH="33" HEIGHT="21" WC="0.96" CONTENT="till"/><SP WIDTH="22" VPOS="1047" HPOS="320"/>
							<String ID="string_135" HPOS="342" VPOS="1046" WIDTH="69" HEIGHT="26" WC="0.96" CONTENT="stånd,"/><SP WIDTH="23" VPOS="1046" HPOS="411"/>
							<String ID="string_136" HPOS="434" VPOS="1047" WIDTH="40" HEIGHT="20" WC="0.96" CONTENT="kan"/><SP WIDTH="24" VPOS="1047" HPOS="474"/>
							<String ID="string_137" HPOS="498" VPOS="1046" WIDTH="126" HEIGHT="21" WC="0.95" CONTENT="åtminstone"/><SP WIDTH="16" VPOS="1046" HPOS="624"/>
							<String ID="string_138" HPOS="640" VPOS="1046" WIDTH="36" HEIGHT="26" WC="0.96" CONTENT="jag"/><SP WIDTH="16" VPOS="1046" HPOS="676"/>
							<String ID="string_139" HPOS="692" VPOS="1046" WIDTH="45" HEIGHT="21" WC="0.96" CONTENT="icke"/><SP WIDTH="16" VPOS="1046" HPOS="737"/>
							<String ID="string_140" HPOS="753" VPOS="1047" WIDTH="44" HEIGHT="20" WC="0.96" CONTENT="inse"/><SP WIDTH="16" VPOS="1047" HPOS="797"/>
							<String ID="string_141" HPOS="813" VPOS="1047" WIDTH="53" HEIGHT="19" WC="0.96" CONTENT="huru"/><SP WIDTH="16" VPOS="1047" HPOS="866"/>
							<String ID="string_142" HPOS="882" VPOS="1048" WIDTH="61" HEIGHT="18" WC="0.93" CONTENT="rösen"/><SP WIDTH="16" VPOS="1048" HPOS="943"/>
							<String ID="string_143" HPOS="959" VPOS="1046" WIDTH="87" HEIGHT="20" WC="0.92" CONTENT="dåmera"/>
						</TextLine>
						<TextLine ID="line_18" HPOS="226" VPOS="1074" WIDTH="818" HEIGHT="27">
							<String ID="string_144" HPOS="226" VPOS="1076" WIDTH="70" HEIGHT="21" WC="0.96" CONTENT="kunde"/><SP WIDTH="23" VPOS="1076" HPOS="296"/>
							<String ID="string_145" HPOS="319" VPOS="1075" WIDTH="109" HEIGHT="21" WC="0.96" CONTENT="betraktas"/><SP WIDTH="23" VPOS="1075" HPOS="428"/>
							<String ID="string_146" HPOS="451" VPOS="1075" WIDTH="69" HEIGHT="21" WC="0.96" CONTENT="såsom"/><SP WIDTH="23" VPOS="1075" HPOS="520"/>
							<String ID="string_147" HPOS="543" VPOS="1075" WIDTH="65" HEIGHT="26" WC="0.88" CONTENT="några"/><SP WIDTH="16" VPOS="1075" HPOS="608"/>
							<String ID="string_148" HPOS="624" VPOS="1074" WIDTH="76" HEIGHT="26" WC="0.96" CONTENT="lagliga"/><SP WIDTH="15" VPOS="1074" HPOS="700"/>
							<String ID="string_149" HPOS="715" VPOS="1075" WIDTH="86" HEIGHT="24" WC="0.96" CONTENT="sådana,"/><SP WIDTH="16" VPOS="1075" HPOS="801"/>
							<String ID="string_150" HPOS="817" VPOS="1076" WIDTH="50" HEIGHT="19" WC="0.96" CONTENT="utan"/><SP WIDTH="17" VPOS="1076" HPOS="867"/>
							<String ID="string_151" HPOS="884" VPOS="1074" WIDTH="70" HEIGHT="21" WC="0.96" CONTENT="kunde"/><SP WIDTH="15" VPOS="1074" HPOS="954"/>
							<String ID="string_152" HPOS="969" VPOS="1074" WIDTH="26" HEIGHT="21" WC="0.93" CONTENT="de"/><SP WIDTH="15" VPOS="1074" HPOS="995"/>
							<String ID="string_153" HPOS="1010" VPOS="1074" WIDTH="34" HEIGHT="20" WC="0.90" CONTENT="så-"/>
						</TextLine>
						<TextLine ID="line_19" HPOS="227" VPOS="1102" WIDTH="819" HEIGHT="28">
							<String ID="string_154" HPOS="227" VPOS="1111" WIDTH="46" HEIGHT="15" WC="0.96" CONTENT="som"/><SP WIDTH="15" VPOS="1111" HPOS="273"/>
							<String ID="string_155" HPOS="288" VPOS="1104" WIDTH="67" HEIGHT="22" WC="0.92" CONTENT="andra"/><SP WIDTH="15" VPOS="1104" HPOS="355"/>
							<String ID="string_156" HPOS="370" VPOS="1104" WIDTH="160" HEIGHT="26" WC="0.92" CONTENT="impedimenter"/><SP WIDTH="15" VPOS="1104" HPOS="530"/>
							<String ID="string_157" HPOS="545" VPOS="1104" WIDTH="13" HEIGHT="20" WC="0.93" CONTENT="å"/><SP WIDTH="15" VPOS="1104" HPOS="558"/>
							<String ID="string_158" HPOS="573" VPOS="1104" WIDTH="52" HEIGHT="21" WC="0.92" CONTENT="hans"/><SP WIDTH="15" VPOS="1104" HPOS="625"/>
							<String ID="string_159" HPOS="640" VPOS="1110" WIDTH="50" HEIGHT="19" WC="0.92" CONTENT="egor"/><SP WIDTH="15" VPOS="1110" HPOS="690"/>
							<String ID="string_160" HPOS="705" VPOS="1102" WIDTH="150" HEIGHT="22" WC="0.92" CONTENT="undanskaffas"/><SP WIDTH="16" VPOS="1102" HPOS="855"/>
							<String ID="string_161" HPOS="871" VPOS="1104" WIDTH="22" HEIGHT="20" WC="0.96" CONTENT="af"/><SP WIDTH="8" VPOS="1104" HPOS="893"/>
							<String ID="string_162" HPOS="901" VPOS="1103" WIDTH="78" HEIGHT="21" WC="0.94" CONTENT="honom"/><SP WIDTH="12" VPOS="1103" HPOS="979"/>
							<String ID="string_163" HPOS="991" VPOS="1102" WIDTH="55" HEIGHT="27" WC="0.96" CONTENT="sjelf."/>
						</TextLine>
						<TextLine ID="line_20" HPOS="226" VPOS="1131" WIDTH="817" HEIGHT="29">
							<String ID="string_164" HPOS="226" VPOS="1134" WIDTH="75" HEIGHT="26" WC="0.92" CONTENT="Någon"/><SP WIDTH="17" VPOS="1134" HPOS="301"/>
							<String ID="string_165" HPOS="318" VPOS="1132" WIDTH="54" HEIGHT="22" WC="0.91" CONTENT="våda"/><SP WIDTH="15" VPOS="1132" HPOS="372"/>
							<String ID="string_166" HPOS="387" VPOS="1133" WIDTH="40" HEIGHT="21" WC="0.96" CONTENT="kan"/><SP WIDTH="16" VPOS="1133" HPOS="427"/>
							<String ID="string_167" HPOS="443" VPOS="1132" WIDTH="33" HEIGHT="21" WC="0.96" CONTENT="väl"/><SP WIDTH="16" VPOS="1132" HPOS="476"/>
							<String ID="string_168" HPOS="492" VPOS="1133" WIDTH="46" HEIGHT="21" WC="0.96" CONTENT="icke"/><SP WIDTH="16" VPOS="1133" HPOS="538"/>
							<String ID="string_169" HPOS="554" VPOS="1133" WIDTH="84" HEIGHT="21" WC="0.96" CONTENT="komma"/><SP WIDTH="16" VPOS="1133" HPOS="638"/>
							<String ID="string_170" HPOS="654" VPOS="1132" WIDTH="5" HEIGHT="20" WC="0.96" CONTENT="i"/><SP WIDTH="16" VPOS="1132" HPOS="659"/>
							<String ID="string_171" HPOS="675" VPOS="1132" WIDTH="65" HEIGHT="27" WC="0.96" CONTENT="fråga,"/><SP WIDTH="16" VPOS="1132" HPOS="740"/>
							<String ID="string_172" HPOS="756" VPOS="1132" WIDTH="27" HEIGHT="21" WC="0.96" CONTENT="då"/><SP WIDTH="16" VPOS="1132" HPOS="783"/>
							<String ID="string_173" HPOS="799" VPOS="1132" WIDTH="60" HEIGHT="20" WC="0.96" CONTENT="dessa"/><SP WIDTH="18" VPOS="1132" HPOS="859"/>
							<String ID="string_174" HPOS="877" VPOS="1134" WIDTH="61" HEIGHT="18" WC="0.96" CONTENT="rösen"/><SP WIDTH="16" VPOS="1134" HPOS="938"/>
							<String ID="string_175" HPOS="954" VPOS="1131" WIDTH="45" HEIGHT="21" WC="0.91" CONTENT="icke"/><SP WIDTH="11" VPOS="1131" HPOS="999"/>
							<String ID="string_176" HPOS="1010" VPOS="1134" WIDTH="33" HEIGHT="18" WC="0.91" CONTENT="ut-"/>
						</TextLine>
						<TextLine ID="line_21" HPOS="227" VPOS="1161" WIDTH="307" HEIGHT="28">
							<String ID="string_177" HPOS="227" VPOS="1164" WIDTH="51" HEIGHT="25" WC="0.96" CONTENT="göra"/><SP WIDTH="15" VPOS="1164" HPOS="278"/>
							<String ID="string_178" HPOS="293" VPOS="1162" WIDTH="66" HEIGHT="26" WC="0.93" CONTENT="några"/><SP WIDTH="15" VPOS="1162" HPOS="359"/>
							<String ID="string_179" HPOS="374" VPOS="1161" WIDTH="160" HEIGHT="27" WC="0.91" CONTENT="gränspunkter."/>
						</TextLine>
					</TextBlock>
					<TextBlock ID="block_7" HPOS="227" VPOS="1217" WIDTH="820" HEIGHT="86">
						<TextLine ID="line_22" HPOS="295" VPOS="1217" WIDTH="752" HEIGHT="28">
							<String ID="string_180" HPOS="295" VPOS="1219" WIDTH="56" HEIGHT="22" WC="0.96" CONTENT="Herr"/><SP WIDTH="46" VPOS="1219" HPOS="351"/>
							<String ID="string_181" HPOS="397" VPOS="1219" WIDTH="140" HEIGHT="21" WC="0.96" CONTENT="Molander:"/><SP WIDTH="30" VPOS="1219" HPOS="537"/>
							<String ID="string_182" HPOS="567" VPOS="1218" WIDTH="41" HEIGHT="27" WC="0.96" CONTENT="Jag"/><SP WIDTH="18" VPOS="1218" HPOS="608"/>
							<String ID="string_183" HPOS="626" VPOS="1218" WIDTH="38" HEIGHT="21" WC="0.96" CONTENT="ber"/><SP WIDTH="14" VPOS="1218" HPOS="664"/>
							<String ID="string_184" HPOS="678" VPOS="1219" WIDTH="23" HEIGHT="20" WC="0.96" CONTENT="så"/><SP WIDTH="14" VPOS="1219" HPOS="701"/>
							<String ID="string_185" HPOS="715" VPOS="1218" WIDTH="84" HEIGHT="27" WC="0.96" CONTENT="mycket"/><SP WIDTH="16" VPOS="1218" HPOS="799"/>
							<String ID="string_186" HPOS="815" VPOS="1223" WIDTH="58" HEIGHT="15" WC="0.96" CONTENT="mera"/><SP WIDTH="15" VPOS="1223" HPOS="873"/>
							<String ID="string_187" HPOS="888" VPOS="1219" WIDTH="32" HEIGHT="19" WC="0.96" CONTENT="att"/><SP WIDTH="16" VPOS="1219" HPOS="920"/>
							<String ID="string_188" HPOS="936" VPOS="1217" WIDTH="21" HEIGHT="22" WC="0.96" CONTENT="få"/><SP WIDTH="15" VPOS="1217" HPOS="957"/>
							<String ID="string_189" HPOS="972" VPOS="1217" WIDTH="75" HEIGHT="21" WC="0.96" CONTENT="förena"/>
						</TextLine>
						<TextLine ID="line_23" HPOS="227" VPOS="1246" WIDTH="818" HEIGHT="28">
							<String ID="string_190" HPOS="227" VPOS="1249" WIDTH="42" HEIGHT="24" WC="0.96" CONTENT="mig"/><SP WIDTH="21" VPOS="1249" HPOS="269"/>
							<String ID="string_191" HPOS="290" VPOS="1248" WIDTH="48" HEIGHT="21" WC="0.95" CONTENT="med"/><SP WIDTH="22" VPOS="1248" HPOS="338"/>
							<String ID="string_192" HPOS="360" VPOS="1248" WIDTH="50" HEIGHT="21" WC="0.95" CONTENT="herr"/><SP WIDTH="14" VPOS="1248" HPOS="410"/>
							<String ID="string_193" HPOS="424" VPOS="1247" WIDTH="113" HEIGHT="27" WC="0.95" CONTENT="Lindberg,"/><SP WIDTH="16" VPOS="1247" HPOS="537"/>
							<String ID="string_194" HPOS="553" VPOS="1253" WIDTH="45" HEIGHT="15" WC="0.96" CONTENT="som"/><SP WIDTH="16" VPOS="1253" HPOS="598"/>
							<String ID="string_195" HPOS="614" VPOS="1247" WIDTH="83" HEIGHT="21" WC="0.96" CONTENT="ståndet"/><SP WIDTH="16" VPOS="1247" HPOS="697"/>
							<String ID="string_196" HPOS="713" VPOS="1246" WIDTH="82" HEIGHT="27" WC="0.96" CONTENT="antagit"/><SP WIDTH="15" VPOS="1246" HPOS="795"/>
							<String ID="string_197" HPOS="810" VPOS="1248" WIDTH="13" HEIGHT="19" WC="0.92" CONTENT="4"/><SP WIDTH="16" VPOS="1248" HPOS="823"/>
							<String ID="string_198" HPOS="839" VPOS="1247" WIDTH="12" HEIGHT="26" WC="0.90" CONTENT="$"/><SP WIDTH="15" VPOS="1247" HPOS="851"/>
							<String ID="string_199" HPOS="866" VPOS="1247" WIDTH="5" HEIGHT="20" WC="0.96" CONTENT="i"/><SP WIDTH="18" VPOS="1247" HPOS="871"/>
							<String ID="string_200" HPOS="889" VPOS="1246" WIDTH="93" HEIGHT="27" WC="0.96" CONTENT="enlighet"/><SP WIDTH="15" VPOS="1246" HPOS="982"/>
							<String ID="string_201" HPOS="997" VPOS="1246" WIDTH="48" HEIGHT="21" WC="0.95" CONTENT="med"/>
						</TextLine>
						<TextLine ID="line_24" HPOS="227" VPOS="1277" WIDTH="255" HEIGHT="26">
							<String ID="string_202" HPOS="227" VPOS="1277" WIDTH="76" HEIGHT="26" WC="0.94" CONTENT="nådiga"/><SP WIDTH="15" VPOS="1277" HPOS="303"/>
							<String ID="string_203" HPOS="318" VPOS="1277" WIDTH="164" HEIGHT="26" WC="0.96" CONTENT="propositionen."/>
						</TextLine>
					</TextBlock>
				</ComposedBlock>
				<ComposedBlock ID="cblock_8" HPOS="226" VPOS="1331" WIDTH="819" HEIGHT="56">
					<TextBlock ID="block_8" HPOS="226" VPOS="1331" WIDTH="819" HEIGHT="56">
						<TextLine ID="line_25" HPOS="295" VPOS="1331" WIDTH="750" HEIGHT="27">
							<String ID="string_204" HPOS="295" VPOS="1333" WIDTH="89" HEIGHT="21" WC="0.91" CONTENT="Ståndet"/><SP WIDTH="22" VPOS="1333" HPOS="384"/>
							<String ID="string_205" HPOS="406" VPOS="1333" WIDTH="68" HEIGHT="21" WC="0.96" CONTENT="beslöt"/><SP WIDTH="22" VPOS="1333" HPOS="474"/>
							<String ID="string_206" HPOS="496" VPOS="1333" WIDTH="48" HEIGHT="20" WC="0.93" CONTENT="med"/><SP WIDTH="23" VPOS="1333" HPOS="544"/>
							<String ID="string_207" HPOS="567" VPOS="1333" WIDTH="152" HEIGHT="24" WC="0.90" CONTENT="öfvervägande"/><SP WIDTH="23" VPOS="1333" HPOS="719"/>
							<String ID="string_208" HPOS="742" VPOS="1332" WIDTH="115" HEIGHT="26" WC="0.90" CONTENT="pluralitet,"/><SP WIDTH="16" VPOS="1332" HPOS="857"/>
							<String ID="string_209" HPOS="873" VPOS="1334" WIDTH="31" HEIGHT="18" WC="0.96" CONTENT="att"/><SP WIDTH="15" VPOS="1334" HPOS="904"/>
							<String ID="string_210" HPOS="919" VPOS="1331" WIDTH="126" HEIGHT="27" WC="0.96" CONTENT="paragrafen"/>
						</TextLine>
						<TextLine ID="line_26" HPOS="226" VPOS="1360" WIDTH="432" HEIGHT="27">
							<String ID="string_211" HPOS="226" VPOS="1361" WIDTH="68" HEIGHT="21" WC="0.87" CONTENT="skulle"/><SP WIDTH="16" VPOS="1361" HPOS="294"/>
							<String ID="string_212" HPOS="310" VPOS="1368" WIDTH="25" HEIGHT="14" WC="0.93" CONTENT="ur"/><SP WIDTH="14" VPOS="1368" HPOS="335"/>
							<String ID="string_213" HPOS="349" VPOS="1360" WIDTH="238" HEIGHT="27" WC="0.90" CONTENT="författningsförslaget"/><SP WIDTH="16" VPOS="1360" HPOS="587"/>
							<String ID="string_214" HPOS="603" VPOS="1360" WIDTH="55" HEIGHT="26" WC="0.96" CONTENT="utgå."/>
						</TextLine>
					</TextBlock>
				</ComposedBlock>
				<ComposedBlock ID="cblock_9" HPOS="630" VPOS="1446" WIDTH="47" HEIGHT="29">
					<TextBlock ID="block_9" HPOS="630" VPOS="1446" WIDTH="47" HEIGHT="29">
						<TextLine ID="line_27" HPOS="630" VPOS="1446" WIDTH="47" HEIGHT="29">
							<String ID="string_215" HPOS="630" VPOS="1446" WIDTH="47" HEIGHT="29" WC="0.88" CONTENT="87."/>
						</TextLine>
					</TextBlock>
				</ComposedBlock>
				<ComposedBlock ID="cblock_10" HPOS="225" VPOS="1504" WIDTH="822" HEIGHT="58">
					<TextBlock ID="block_10" HPOS="225" VPOS="1504" WIDTH="822" HEIGHT="58">
						<TextLine ID="line_28" HPOS="294" VPOS="1504" WIDTH="750" HEIGHT="27">
							<String ID="string_216" HPOS="294" VPOS="1506" WIDTH="57" HEIGHT="21" WC="0.96" CONTENT="Herr"/><SP WIDTH="16" VPOS="1506" HPOS="351"/>
							<String ID="string_217" HPOS="367" VPOS="1505" WIDTH="122" HEIGHT="21" WC="0.93" CONTENT="Heikel:"/><SP WIDTH="22" VPOS="1505" HPOS="489"/>
							<String ID="string_218" HPOS="511" VPOS="1504" WIDTH="111" HEIGHT="22" WC="0.96" CONTENT="Utskottet"/><SP WIDTH="11" VPOS="1504" HPOS="622"/>
							<String ID="string_219" HPOS="633" VPOS="1504" WIDTH="38" HEIGHT="22" WC="0.93" CONTENT="har"/><SP WIDTH="16" VPOS="1504" HPOS="671"/>
							<String ID="string_220" HPOS="687" VPOS="1504" WIDTH="38" HEIGHT="22" WC="0.96" CONTENT="sist"/><SP WIDTH="10" VPOS="1504" HPOS="725"/>
							<String ID="string_221" HPOS="735" VPOS="1504" WIDTH="6" HEIGHT="21" WC="0.96" CONTENT="i"/><SP WIDTH="10" VPOS="1504" HPOS="741"/>
							<String ID="string_222" HPOS="751" VPOS="1504" WIDTH="125" HEIGHT="27" WC="0.96" CONTENT="paragrafen"/><SP WIDTH="11" VPOS="1504" HPOS="876"/>
							<String ID="string_223" HPOS="887" VPOS="1504" WIDTH="70" HEIGHT="26" WC="0.96" CONTENT="tillagt"/><SP WIDTH="12" VPOS="1504" HPOS="957"/>
							<String ID="string_224" HPOS="969" VPOS="1504" WIDTH="75" HEIGHT="21" WC="0.96" CONTENT="orden:"/>
						</TextLine>
						<TextLine ID="line_29" HPOS="225" VPOS="1532" WIDTH="822" HEIGHT="30">
							<String ID="string_225" HPOS="225" VPOS="1534" WIDTH="52" HEIGHT="28" WC="0.57" CONTENT="»och"/><SP WIDTH="15" VPOS="1534" HPOS="277"/>
							<String ID="string_226" HPOS="292" VPOS="1535" WIDTH="6" HEIGHT="21" WC="0.96" CONTENT="i"/><SP WIDTH="14" VPOS="1535" HPOS="298"/>
							<String ID="string_227" HPOS="312" VPOS="1534" WIDTH="105" HEIGHT="28" WC="0.96" CONTENT="jordebok"/><SP WIDTH="15" VPOS="1534" HPOS="417"/>
							<String ID="string_228" HPOS="432" VPOS="1534" WIDTH="84" HEIGHT="26" WC="0.81" CONTENT="införd”,"/><SP WIDTH="16" VPOS="1534" HPOS="516"/>
							<String ID="string_229" HPOS="532" VPOS="1534" WIDTH="71" HEIGHT="21" WC="0.95" CONTENT="hvilka"/><SP WIDTH="16" VPOS="1534" HPOS="603"/>
							<String ID="string_230" HPOS="619" VPOS="1533" WIDTH="38" HEIGHT="21" WC="0.96" CONTENT="ord"/><SP WIDTH="15" VPOS="1533" HPOS="657"/>
							<String ID="string_231" HPOS="672" VPOS="1532" WIDTH="61" HEIGHT="22" WC="0.96" CONTENT="hafva"/><SP WIDTH="23" VPOS="1532" HPOS="733"/>
							<String ID="string_232" HPOS="756" VPOS="1532" WIDTH="121" HEIGHT="22" WC="0.85" CONTENT="tillkommit"/><SP WIDTH="21" VPOS="1532" HPOS="877"/>
							<String ID="string_233" HPOS="898" VPOS="1534" WIDTH="27" HEIGHT="26" WC="0.96" CONTENT="pä"/><SP WIDTH="15" VPOS="1534" HPOS="925"/>
							<String ID="string_234" HPOS="940" VPOS="1533" WIDTH="67" HEIGHT="27" WC="0.96" CONTENT="grund"/><SP WIDTH="15" VPOS="1533" HPOS="1007"/>
							<String ID="string_235" HPOS="1022" VPOS="1532" WIDTH="25" HEIGHT="21" WC="0.96" CONTENT="af"/>
						</TextLine>
					</TextBlock>
				</ComposedBlock>
			</PrintSpace>
		</Page>
	</Layout>
</alto>
