1120 1798
286 136 177 21 Borgareståndet
476 137 58 16 1882.
559 138 19 16 11
592 140 61 14 mars.
855 132 41 20 431

145 205 80 22 Härom
241 207 91 25 utspann
348 206 33 27 sig
396 205 92 27 följande
504 206 130 22 diskussion:

145 262 55 21 Herr
223 262 143 22 Castrén:
397 262 41 22 Det
461 264 24 20 är
506 263 46 21 icke
573 265 50 19 utan
639 269 26 15 en
681 263 40 21 viss
737 262 164 27 öfverraskning

74 290 37 27 jag
134 290 34 22 vid
192 290 175 27 genomläsandet
388 292 23 20 af
429 291 115 21 utskottets
559 291 132 22 betänkande
706 292 135 20 konstaterat
856 292 41 20 den

77 318 98 28 ovanliga
196 319 182 27 samstämmighet
399 320 7 21 i
424 320 84 27 åsigter,
524 326 45 15 som
584 320 8 20 i
607 320 68 21 denna
690 320 80 27 vigtiga
785 320 59 26 fråga
860 320 38 21 der

77 348 56 26 gjort
149 348 31 26 sig
195 348 104 27 gällande.
324 348 51 22 Icke
389 354 46 15 mer
449 350 27 20 än
492 355 26 15 en
534 349 54 21 enda
602 349 131 21 reservation
745 350 24 20 är
780 350 119 20 detsamma

77 376 70 27 bilagd
170 376 40 22 och
233 377 68 22 denna
322 377 77 21 hänför
421 377 30 27 sig
474 377 32 21 till
527 384 26 14 en
566 377 153 27 jemförelsevis
735 378 82 21 mindre
832 377 67 28 vigtig

78 405 134 27 detaljfråga;
229 406 40 22 och
284 406 53 22 dock
353 408 23 20 är
391 406 88 21 ärendet
492 406 24 21 af
529 406 106 28 synnerlig
649 406 115 27 betydelse.
794 406 42 21 Det
854 406 46 26 gäl-

77 434 31 21 ler
123 434 92 22 tusental
232 434 68 22 finska
314 434 151 27 medborgares
480 434 63 22 frihet
558 435 38 21 och
612 434 87 22 välfärd.
725 435 42 21 Det
783 437 23 19 är
821 435 77 21 visser-

77 462 56 27 ligen
155 465 54 23 sant,
225 465 32 19 att
280 463 25 21 de
327 463 53 21 höra
401 462 33 22 till
457 469 25 15 en
504 463 63 25 klass,
584 469 44 15 som
651 470 47 14 man
715 462 6 22 i
737 463 83 27 vulgärt
835 464 63 26 språk

77 490 69 22 kallar
168 494 81 25 ,sämre
272 491 63 27 folk";
359 492 26 21 de
407 492 27 26 gå
448 491 46 22 icke
510 492 78 21 klädda
603 492 6 20 i
626 492 25 21 de
666 492 80 26 kläder,
762 492 20 21 vi
798 492 58 26 bära,
872 492 29 21 de

77 521 37 19 äta
135 520 46 21 icke
204 520 40 22 den
266 523 50 24 mat,
332 526 45 16 som
394 520 19 21 vi
427 520 89 26 förtära;
533 527 46 15 men
596 520 26 22 de
637 522 36 19 äro
688 520 54 22 dock
757 520 69 22 finska
841 520 57 22 med-

78 548 90 27 borgare
190 548 40 22 och
252 550 68 20 såsom
339 548 79 22 sådane
435 549 130 27 berättigade
581 549 32 21 till
629 549 26 21 de
669 549 133 27 rättigheter,
818 555 44 16 som
878 548 20 22 vi

78 577 42 21 alla
142 577 89 33 åtnjuta,
249 578 89 21 likasom
361 578 26 21 de
409 579 37 20 äro
469 578 156 22 underkastade
647 584 80 16 samma
748 578 152 32 skyldigheter,

78 611 45 16 som
139 607 25 20 vi.
186 606 68 22 Afven
269 607 72 27 gjorde
357 606 31 28 sig
403 606 34 22 vid
452 609 83 19 senaste
551 606 101 27 landtdag
666 607 47 21 icke
725 606 60 28 ringa
796 606 105 27 menings-

77 634 83 33 olikhet
174 635 7 21 i
197 636 69 20 denna
280 636 59 26 fråga
354 636 105 26 gällande,
475 641 33 15 om
524 636 64 21 också
604 635 117 22 Ständerna
733 635 98 27 slutligen
842 637 57 19 stan-

77 664 54 20 nade
155 662 6 22 i
184 666 32 20 ett
238 666 130 25 gemensamt
391 664 76 21 beslut.
497 664 27 22 Af
546 664 118 22 dåvarande
687 666 153 20 sammansatta
854 663 47 27 lag-

78 692 40 22 och
141 692 192 22 ekonomiutskotts
351 693 24 21 16
392 693 136 21 medlemmar
543 693 54 21 hade
612 693 47 21 icke
675 693 80 21 mindre
770 695 26 19 än
815 694 22 20 11
854 694 45 20 mot

78 721 92 22 beslutet
194 722 81 21 anmält
297 722 136 22 reservation.
464 722 32 21 En
519 722 34 22 del
567 722 23 21 af
603 722 47 21 dem
665 722 108 27 påyrkade
788 721 113 27 förslagets

78 750 67 28 totala
168 750 142 27 förkastande,
326 751 25 21 de
374 750 67 28 öfrige
457 750 168 22 modifikationer
639 750 8 21 i
662 750 122 22 humanitär
798 750 101 26 riktning.

77 778 67 22 Afven
166 779 57 21 inom
246 780 89 20 stånden
357 778 129 22 förnummos
509 780 61 21 dessa
592 778 104 22 olikheter
715 780 6 20 i
737 778 162 28 uppfattningen

79 808 21 20 af
121 807 79 27 frågan.
231 808 40 26 Jag
293 808 80 22 tillåter
395 808 42 26 mig
459 808 101 22 särskildt
582 808 69 22 erinra
671 814 40 20 om,
728 810 33 19 att
776 814 25 15 en
817 807 22 22 af
852 808 48 20 Fin-

78 836 61 21 lands
162 838 53 20 mest
237 837 84 21 erfarna
343 838 136 25 guvernörer,
495 842 45 16 som
562 836 68 22 under
651 843 26 15 en
700 837 49 26 lång
773 836 52 27 följd
840 836 22 21 af
876 836 25 21 år

78 865 52 21 stått
153 865 5 20 i
182 868 83 24 spetsen
284 866 32 21 för
331 866 36 21 två
383 865 22 21 af
419 866 82 21 landets
516 869 53 19 mest
584 865 121 22 svårskötta
721 866 41 26 län,
779 865 123 21 förklarade

79 894 32 21 sin
134 894 140 28 öfvertygelse
297 901 56 19 vara,
369 897 33 19 att
425 895 54 22 1865
503 895 34 22 års
559 894 249 27 försvarslöshetsstadga
830 894 70 21 kunde

78 923 114 27 försvinna,
209 927 50 18 utan
282 926 33 19 att
336 924 69 27 någon
427 930 68 15 annan
511 924 35 27 lag
560 923 89 22 rörande
665 923 123 22 lösdrifvare
804 923 38 22 och
858 923 42 21 för-

79 952 105 22 svarslöse
206 959 50 15 vore
278 953 6 21 i
308 953 48 21 dess
376 953 61 21 ställe
453 953 129 27 erforderlig.
613 953 64 21 Detta
692 959 37 15 var
745 954 31 20 ett
791 951 110 23 uttalande

79 981 47 22 från
149 983 31 20 ett
203 981 49 26 håll,
268 982 37 21 der
327 988 48 15 man
399 987 85 16 snarare
506 982 54 21 hade
583 981 81 22 kunnat
685 983 64 20 vänta
772 983 31 19 ett
818 981 84 22 försvar

79 1009 33 22 för
127 1010 165 22 administrativt
306 1010 110 28 godtycke.
926 1037 2 2 .

149 1039 39 21 Om
212 1045 48 16 man
280 1039 77 27 jemför
378 1039 58 21 detta
452 1039 79 27 förslag
546 1039 31 22 till
592 1039 123 26 förordning
731 1039 48 21 med
797 1039 53 21 1865
866 1039 37 20 års

79 1067 256 27 försvarslöshetsstadga,
351 1067 35 22 vill
407 1068 36 26 jag
467 1068 108 26 medgifva,
591 1069 31 20 att
643 1068 36 21 det
694 1068 57 21 förra
765 1067 90 22 innebär
870 1069 33 19 ett

80 1096 52 22 visst
148 1097 107 26 framsteg.
274 1097 120 26 Begreppet
410 1096 184 25 ,försvarslöshet*
609 1098 24 19 är
647 1097 94 21 härifrån
753 1096 150 21 utmönstradt.

80 1125 49 22 Men
146 1125 58 22 detta
220 1125 92 28 begrepp
327 1125 40 22 har
381 1125 7 21 i
405 1125 153 22 ofvannämnda
572 1125 35 28 lag
623 1131 56 15 mera
690 1132 25 15 en
726 1125 108 26 teoretisk,
844 1125 58 27 prin-

81 1153 75 28 cipiell,
172 1156 27 19 än
214 1154 97 27 praktisk
326 1153 114 28 betydelse.
460 1153 191 28 Hufvudprincipen
668 1154 35 27 låg
717 1153 7 22 i
740 1154 68 21 denna
826 1154 34 26 lag
875 1153 28 27 på

80 1182 144 22 lösdrifveriet
239 1183 69 21 såsom
324 1183 82 26 sådant,
422 1183 47 21 icke
483 1184 27 26 på
524 1182 196 25 försvarslösheten,
736 1189 34 15 om
785 1183 64 21 också
859 1181 44 22 för-

80 1211 116 27 ordningen
220 1211 38 22 bär
280 1212 59 21 detta
362 1217 68 16 namn.
461 1211 10 22 I
493 1211 112 28 praktiken
628 1211 61 22 torde
708 1211 62 22 äfven
785 1211 81 28 ganska
880 1211 24 21 få

80 1246 101 21 personer
196 1240 69 22 blifvit
279 1240 94 22 häktade
388 1241 39 20 och
443 1240 32 21 till
487 1241 87 21 allmänt
585 1240 74 22 arbete
671 1241 77 21 dömda
758 1240 32 21 för
800 1240 102 21 försvars-

79 1269 79 26 löshet;
182 1270 26 21 de
230 1269 52 22 allra
301 1269 60 22 flesta
376 1269 61 22 torde
452 1270 60 25 varit,
528 1270 54 21 hvad
598 1275 48 15 man
661 1269 69 22 kallar
745 1268 157 27 ,lösdrifvare*.

80 1298 43 22 Det
145 1297 39 22 har
206 1298 65 21 också
288 1299 46 26 gått
349 1297 24 22 så
388 1297 65 28 långt,
469 1300 32 19 att
516 1298 47 21 från
578 1297 26 22 de
620 1297 91 22 officiela
726 1297 176 27 sammandragen

81 1327 22 22 af
122 1326 144 27 fänglistorna,
281 1326 66 21 redan
370 1326 61 27 länge
452 1326 154 27 benämningen
620 1326 163 26 ,försvarslöse*
799 1325 104 22 bortfallit

81 1355 39 22 och
142 1361 48 15 man
213 1355 6 20 i
242 1356 71 20 stället
334 1355 106 26 begagnat
460 1358 80 19 termen
556 1355 160 26 ,lösdrifvare'.
746 1355 42 26 Jag
803 1355 101 21 förnekar

81 1384 53 25 icke,
150 1385 32 20 att
205 1383 36 22 det
263 1383 18 27 ej
304 1384 42 20 kan
367 1389 52 15 vara
440 1384 34 21 väl
496 1385 32 20 att
550 1383 21 22 fä
593 1384 49 21 bort
664 1385 86 20 namnet
771 1383 133 24 försvarslös,

81 1418 48 15 men
151 1411 37 26 jag
210 1415 50 21 tror,
276 1413 34 19 att
321 1412 40 21 den
377 1418 28 14 nu
425 1412 120 25 föreslagna
558 1412 157 25 förordningen,
732 1417 34 16 om
783 1413 40 19 den
839 1411 65 21 ocksä

81 1440 8 21 i
105 1439 68 22 denna
190 1439 68 26 punkt
272 1441 39 25 gör
326 1445 26 15 en
367 1439 106 27 platonisk
488 1439 99 26 eftergift,
602 1439 13 22 ä
630 1439 67 21 andra
711 1439 61 22 sidan
788 1439 94 26 ingriper
896 1439 8 20 i

83 1468 40 21 den
145 1467 169 28 medborgerliga
335 1467 91 22 friheten
447 1468 28 26 pä
498 1470 30 19 ett
550 1467 62 27 högst
627 1467 80 26 vädligt
723 1469 43 20 sätt
781 1467 40 22 och
836 1468 68 20 sätter

83 1496 122 22 densamma
228 1502 44 15 mer
294 1498 26 20 än
342 1496 105 22 härintills
470 1496 27 28 pä
512 1496 50 27 spel.
