1120 1811
202 130 41 22 342
404 135 176 21 Borgareståndet
594 136 57 16 1882.
676 136 27 17 28
715 135 104 18 Februari.

306 272 61 27 Den
386 272 37 26 28
442 272 125 27 februari
586 271 39 27 kl.
643 272 26 26 11
687 272 60 26 före
765 271 159 34 middagen.

271 341 41 22 Vid
327 341 116 22 verkstäldt
459 348 81 21 upprop
556 341 103 22 befunnos
669 341 99 27 samtliga
778 341 97 22 ståndets
885 341 138 22 medlemmar

202 371 138 25 närvarande,
357 370 90 21 förutom
463 370 73 21 herrar
551 369 112 28 Lojander,
679 370 79 26 Florin,
774 370 84 27 Hoving
875 370 40 21 och
925 370 99 27 Krogius,

202 398 23 22 af
239 399 71 21 hvilka
325 399 53 21 dock
395 399 38 21 den
449 399 130 22 sistnämnda
594 405 74 15 senare
683 399 162 21 tillstädeskom.
876 398 55 22 Herr
941 398 83 27 Hoving

202 427 56 22 hade
281 428 33 21 vid
335 430 83 19 senaste
434 427 83 27 plenum
534 427 84 22 erhållit
635 427 94 22 ståndets
744 427 96 22 tillstånd
856 429 32 19 att
903 427 47 22 från
966 428 59 21 detta

202 456 159 22 sammanträde
377 456 100 21 uteblifva
493 456 39 21 och
548 457 120 26 godkändes
683 456 77 26 jemväl
776 455 25 22 de
818 455 77 25 förfall,
906 455 73 22 hvilka
990 455 34 22 för

203 485 75 21 herrar
293 485 105 27 Lojander
414 485 39 20 och
467 485 72 21 Florin
556 491 27 15 nu
599 485 109 20 anmältes.

272 616 56 22 Från
352 615 137 23 medstånden
509 616 55 22 hade
579 616 117 21 ankommit
711 616 94 27 följande
821 616 203 28 protokollsutdrag,

204 645 114 27 nämligen:

274 674 33 21 1:o
323 673 44 21 från
384 673 155 27 Ridderskapet
554 673 39 21 och
609 673 67 21 Adeln
691 673 32 21 för
739 674 40 20 den
795 674 24 20 21
837 673 6 21 i
860 673 67 21 denna
943 673 82 25 månad,

206 702 138 22 meddelande
359 702 96 21 ståndets
471 702 69 21 beslut
555 701 130 22 beträffande
700 702 170 21 statsutskottets
892 701 133 22 betänkande

205 731 7 21 i
228 730 113 28 anledning
356 730 23 22 af
391 730 77 26 nådiga
483 730 159 26 propositionen
658 730 39 21 N:o
713 731 26 20 22
756 730 39 22 och
810 730 216 22 ekonomiutskottets

205 760 135 21 betänkande
355 760 6 20 i
377 759 113 26 anledning
505 759 23 21 af
542 759 76 26 nådiga
633 759 159 27 propositionen
806 759 41 21 N:o
864 760 36 24 11;

275 788 33 21 2:0
323 788 47 20 från
386 787 160 21 Presteståndet
561 787 34 20 för
611 787 40 20 den
667 788 26 19 24
709 788 86 24 dennes,
817 786 209 27 tillkännagifvande,

204 817 34 20 att
252 816 83 21 ståndet
351 815 101 26 enhälligt
467 815 94 26 godkänt
577 815 36 21 det
628 815 22 21 af
662 815 237 26 expeditionsutskottet
910 815 118 27 uppgjorda

206 845 80 26 förslag
308 843 31 22 till
363 843 130 27 underdånig
511 843 109 22 skrifvelse
636 844 5 20 i
657 843 114 26 anledning
787 843 22 22 af
824 844 26 21 de
865 844 57 21 inom
938 843 89 22 stånden

205 873 78 21 väckta
298 873 78 26 förslag
392 878 33 15 om
441 872 105 21 aflätande
562 871 22 22 af
598 878 25 15 en
639 872 72 21 adress
728 873 32 20 till
775 872 59 21 Hans
854 872 100 27 Majestät
976 872 51 27 Kej-

206 907 61 15 saren
291 901 39 21 och
353 901 129 21 Storfursten
506 901 38 21 och
566 900 99 21 anhällan
689 907 33 14 om
738 901 96 21 tillständ
850 903 31 19 att
896 906 91 22 uppresa
1002 906 26 16 en

204 932 59 25 staty
278 929 33 21 till
327 929 70 21 minne
413 929 22 21 af
449 929 76 27 Kejsar
540 929 119 21 Alexander
675 929 39 21 den
730 930 74 24 andre;
821 929 107 21 äfvensom

276 959 33 20 3:0
325 958 47 21 från
390 958 158 21 Bondeständet
569 958 33 21 för
618 958 39 21 den
674 959 33 25 14,
723 960 25 19 21
766 958 39 21 och
820 958 28 21 24
863 958 102 22 Februari
981 958 46 21 med

206 987 156 21 underrättelse
378 992 34 16 om

275 1016 75 20 remiss
364 1014 33 22 till
412 1014 158 22 vederbörande
585 1014 82 22 utskott
682 1014 22 22 af
718 1017 31 19 ett
764 1014 47 22 utaf
824 1014 204 28 landtdagsmannen

208 1044 81 21 Luoma
312 1044 32 21 till
367 1044 84 21 ständet
473 1044 117 20 inlemnadt
605 1043 180 27 petitionsförslag
810 1044 109 26 angäende
934 1044 95 20 nedsätt-

208 1073 50 26 ning
273 1072 21 22 af
308 1073 219 25 utmätningsarvodet
542 1072 33 21 för
590 1072 81 27 privata
686 1072 154 27 utmätningar;
862 1072 77 27 nådiga
954 1078 75 20 pröpo-

208 1101 91 21 sitionen
314 1101 40 21 N:o
371 1101 26 21 38
412 1103 56 19 samt
483 1100 180 27 petitionsförslag
679 1100 21 21 af
715 1100 203 27 landtdagsmannen
933 1100 96 24 Mättälä,

208 1136 34 14 om
265 1129 148 21 instrumental
435 1129 157 27 undersökning
614 1128 21 22 af
655 1134 26 16 en
704 1129 220 27 jernvägssträckoing
954 1135 75 20 genom

209 1158 77 25 Etsäri,
309 1157 126 22 Kärsämäki
459 1158 38 21 och
520 1158 54 21 förbi
597 1157 128 22 Niskakoski
742 1158 32 21 till
789 1157 116 28 Uleäborgs
921 1158 53 26 stad,
991 1158 39 20 och

209 1186 25 22 af
250 1186 203 27 landtdagsmaunen
475 1186 119 25 Korhonen,
611 1192 33 15 om
660 1186 131 27 anläggande
806 1186 22 22 af
842 1193 24 15 en
880 1188 88 25 jernväg
983 1186 47 21 från

209 1215 91 21 nämnda
315 1215 47 21 stad
377 1221 74 20 genom
467 1215 151 24 Wuotenlahti,
633 1214 113 21 Idensalmi
763 1221 18 14 o.
798 1221 16 16 s.
831 1221 27 20 v.;
875 1217 55 20 samt

278 1245 32 20 att
324 1244 86 21 ståndet
425 1242 102 28 enhälligt
542 1243 94 26 godkänt
651 1243 246 27 expeditionsutskottets
913 1244 67 21 under
995 1244 34 21 2:0

209 1271 40 22 här
264 1272 61 21 ofvan
342 1272 89 21 berörda
447 1272 115 21 skrifvelse.

279 1402 120 26 Föredrogs
422 1402 247 27 expeditionsutskottets
692 1401 47 22 från
761 1404 84 19 senaste
867 1402 85 27 plenum
968 1402 64 22 bord-

211 1430 63 27 lagda
288 1430 79 28 förslag
383 1429 32 22 till
430 1430 131 27 underdånig
576 1430 109 22 skrifvelse
695 1430 6 21 i
712 1431 112 26 anledning
836 1431 23 21 af
869 1431 58 22 inom
942 1431 89 22 stånden

211 1459 76 22 väckta
306 1459 212 28 petitionsmemorial
537 1466 34 14 om
590 1465 26 16 en
632 1459 130 22 Ständernas
778 1459 99 22 anhållan
893 1462 32 19 att
940 1466 92 22 uppresa

211 1495 27 15 en
260 1490 57 25 staty
339 1488 32 22 till
394 1488 69 22 minne
479 1488 22 22 af
513 1488 77 27 Kejsar
609 1488 118 22 Alexander
742 1489 21 21 II
779 1491 55 19 samt
849 1495 26 15 en
888 1488 87 23 dermed
990 1488 42 23 för-

212 1517 54 22 enad
282 1518 72 21 adress
369 1516 32 23 till
417 1516 83 23 landets
515 1517 145 27 nuregerande
675 1517 123 22 Storfurste.
