1120 1817
221 131 41 20 198
434 136 178 20 Borgareståndet
625 136 56 16 1882.
706 137 11 15 7
730 136 96 16 februari.

290 204 89 21 Ståndet
394 204 68 20 beslöt
473 206 31 18 att
515 204 107 21 remittera
632 203 204 27 petitionsförslaget
848 203 31 21 till
889 206 152 18 sammansatta

220 232 54 27 Lag-
291 233 38 20 och
345 232 216 22 Ekonomiutskottet.

290 330 55 21 Herr
367 330 136 26 Procopé
524 330 67 22 erhöll
613 330 59 21 ordet
687 330 33 21 för
735 333 32 18 att
783 330 87 27 uppläsa
886 332 31 18 ett
932 330 110 26 petitions-

230 358 71 27 örslag
316 360 21 20 af
351 358 92 27 följande
458 358 87 28 lydelse:

450 421 40 21 Till
505 422 111 26 Vällofliga
630 422 185 26 Borgareständet.

289 479 40 21 Till
345 478 49 28 följe
409 479 23 21 af
451 481 208 25 representanternes
680 479 32 21 för
727 478 140 22 Tammerfors
882 478 48 22 stad
945 478 34 22 vid
994 478 49 22 sed-

220 510 49 19 nast
291 508 71 21 hållna
385 508 100 26 landtdag
509 508 75 21 väckta
607 508 87 26 petition
710 507 63 21 hafva
789 507 116 21 Ständerne
921 507 30 21 uti
967 507 39 21 den
1022 507 23 21 af

221 536 49 22 dem
291 536 36 22 vid
350 542 80 16 samma
452 536 101 27 landtdag
575 536 79 27 afgifna
676 536 144 26 underdåniga
842 536 88 26 petition
952 536 90 21 rörande

220 565 99 22 skolorne
335 564 89 22 anhållit
438 568 38 23 att,
493 565 76 26 derest,
585 565 6 21 i
608 565 103 21 anseende
727 565 31 20 till
775 564 178 28 elevfregvensen,
969 564 74 26 nödigt

220 594 70 20 blefve
313 596 31 18 att
365 594 79 21 inrätta
466 594 169 26 paralellklasser
657 594 34 20 vid
714 594 150 26 normallyceet
883 594 7 20 i
905 593 137 25 Tavastehus,

220 623 60 21 detta
295 622 18 27 ej
330 622 65 21 måtte
411 623 84 21 komma
511 622 6 22 i
534 623 57 26 fråga
607 625 50 19 utan
673 625 31 18 ett
718 622 81 28 lyceum
815 622 106 26 förläggas
936 622 31 22 uti
980 622 62 21 först-

220 650 92 22 nämnda
327 651 54 21 stad.
413 651 59 27 Uppå
488 652 21 20 af
523 650 89 22 Ståndet
627 651 70 21 kända
712 651 88 21 orsaker
815 650 38 22 har
864 651 69 21 denna
943 650 98 22 anhållan

219 682 58 19 ännu
291 680 19 27 ej
326 679 104 22 föranledt
454 680 30 21 till
501 680 84 22 skolans
607 680 128 25 inrättande,
751 680 110 20 hvaremot
877 680 47 20 från
940 680 38 21 och
994 679 48 21 med

220 709 75 21 hösten
311 708 90 22 förlidne
415 710 24 20 år
455 709 56 27 uppå
526 708 118 22 bekostnad
659 708 23 21 af
696 708 95 22 enskilda
805 714 101 21 personer
920 711 32 19 ett
966 708 75 22 finskt-

220 738 97 26 spräkigt
339 737 80 27 lyceum
442 738 94 26 uppstått
553 738 5 20 i
574 737 142 21 Tammerfors
733 738 52 20 stad.
816 738 38 20 Att
870 737 99 21 behofvet
984 737 60 21 deraf

220 766 13 20 å
249 769 59 18 orten
332 766 54 20 varit
401 768 53 19 stort
477 766 57 21 visar
550 766 30 26 sig
602 766 60 21 deraf
676 768 32 18 att
723 766 32 21 till
771 766 81 21 inträde
868 766 31 20 uti
916 766 74 21 skolan
1005 772 35 14 an-

220 795 65 21 mälte
307 797 31 25 sig
354 797 31 18 ett
407 795 70 21 femtio
492 799 87 22 procent
603 794 64 26 högre
683 795 58 21 antal
757 794 69 22 elever
841 796 26 19 än
883 794 74 21 skolan
972 794 71 22 kunde

220 826 109 24 emottaga
352 823 31 21 uti
406 823 46 21 dess
476 824 65 20 första
563 823 58 21 klass
641 823 39 26 pch
696 826 32 18 att
743 823 26 21 de
785 824 30 20 till
832 823 82 21 inträde
929 824 7 20 i
952 824 90 20 normal-

220 852 69 26 lyceet
304 852 30 20 uti
350 851 130 22 Tavastehus
495 852 108 27 samtidigt
619 852 97 20 anmälda
729 852 107 21 elevernes
847 852 58 20 antal
916 852 48 21 vida
975 852 68 21 öfver-

220 884 47 22 steg
283 880 26 21 de
332 880 109 22 derstädes
464 880 69 27 lediga
548 881 110 26 platserne.
690 881 33 21 Då
739 887 27 15 nu
787 881 35 20 det
838 880 23 21 af
875 880 116 22 Ständerne
1007 881 34 21 vid

219 909 100 21 sednaste
334 909 102 26 landtdag
451 908 113 22 förutsatta
579 909 99 21 behofvet
688 909 22 21 af
718 909 172 27 paralellklasser
905 909 35 21 vid
952 910 89 20 normal-

220 938 69 26 lyceet
303 938 7 20 i
325 938 130 21 Tavastehus
470 938 108 21 allaredan
595 937 91 28 tydligen
704 938 112 20 framträdt
832 938 52 27 väga
899 938 20 20 vi
935 938 108 21 vördsamt

221 966 82 26 hoppas
318 969 32 18 att
364 966 181 26 Borgareständet
560 968 48 20 ville
624 966 29 22 uti
670 973 25 14 en
712 966 132 28 underdänig
858 966 89 28 petition
958 966 84 22 anhälla

220 998 33 18 att
269 995 6 20 i
291 995 142 21 Tammerfors
455 995 47 21 stad
517 996 24 20 sä
563 996 42 20 fort
621 995 80 27 möjligt
724 997 24 19 är
763 995 24 21 af
799 998 69 18 staten
892 995 90 21 inrättas
1001 995 40 21 och

219 1023 136 21 underhälles
371 1026 31 19 ett
417 1023 132 27 fullständigt
565 1024 119 27 sjuklassigt
700 1024 80 26 lyceum
797 1024 47 21 med
859 1024 64 21 finskt
935 1024 107 22 undervis-

221 1052 137 26 ningsspräk;
372 1053 38 21 och
426 1055 31 18 att
473 1052 88 22 Ständet
576 1059 74 20 genom
666 1055 32 18 att
713 1053 109 20 remittera
837 1053 115 27 petitionen
963 1052 32 22 till
1004 1053 39 21 all-

221 1082 77 20 männä
314 1080 200 22 besvärsutskottets
531 1081 113 26 beredning
660 1081 48 21 ville
724 1081 86 27 inbjuda
826 1081 25 21 de
866 1081 68 26 öfriga
949 1081 92 22 Ständen

218 1112 36 18 att
269 1109 30 21 uti
315 1110 117 26 petitionen
448 1109 89 27 deltaga.
568 1109 131 27 Helsingfors
714 1110 41 20 den
772 1112 11 19 6
799 1110 102 21 Februari
919 1110 60 20 1882.

290 1166 25 20 L.
332 1166 22 20 J.
370 1166 139 21 Hammaren.
535 1162 12 36 —
556 1167 55 20 Axel
628 1166 85 21 Härdh.
760 1166 93 21 Fredrik
871 1167 101 27 Procope.

289 1234 45 22 Och
356 1235 147 22 remitterades
523 1235 208 27 petitionsförslaget,
747 1235 27 27 pä
789 1236 153 27 framställning
957 1236 22 21 af
993 1236 50 21 herr

220 1264 138 23 Talmannen,
375 1264 31 21 till
422 1264 112 21 Allmänna
549 1264 199 22 Besvärsutskottet.

290 1373 58 21 Herr
370 1372 113 20 Heikel
506 1372 97 26 föredrog
621 1372 72 21 vidare
709 1375 30 18 ett
754 1372 23 22 sä
794 1371 88 27 lydande
898 1372 145 26 petitionsme-

220 1401 84 21 morial:

448 1440 41 21 Till
505 1439 111 27 Vällofliga
632 1440 184 27 Borgareständet.

291 1498 39 21 Till
348 1497 24 23 de
388 1497 36 21 två
445 1500 84 19 senaste
545 1497 134 22 ärtiondenas
704 1502 53 18 mest
771 1498 112 28 glädjande
898 1498 123 23 företeelser
1036 1500 6 20 i

220 1527 49 22 värt
284 1527 50 22 land
350 1526 38 22 hör
404 1529 50 19 utan
470 1526 72 22 tvifvel
558 1527 40 21 den
613 1527 121 27 utveckling
750 1528 81 21 landets
847 1527 196 23 folkskoleväsende
