1120 1823
218 136 40 21 218
427 140 177 21 Borgareståndet
616 142 55 16 1882.
696 141 11 16 7
719 141 97 17 februari.

217 210 85 22 Torneå
324 210 48 22 stad
394 210 115 26 föreslagit,
532 216 61 22 synes
616 210 35 21 det
673 210 42 26 mig
733 209 69 21 såsom
818 216 33 14 om
867 215 26 15 en
909 208 128 27 omständig-

218 239 43 27 het,
284 239 84 21 hvilken
388 240 25 20 är
427 238 24 22 af
464 242 44 18 stor
524 238 108 28 betydelse
646 238 58 22 såväl
719 238 33 22 för
767 238 75 21 skolan
857 237 49 27 sjelf
920 243 43 16 som
980 238 56 20 ännu

218 274 46 16 mer
283 268 33 21 för
331 268 102 26 eleverna,
450 267 27 22 då
492 268 26 20 de
534 268 84 21 komma
633 269 24 20 ut
672 267 6 21 i
694 266 64 28 lifvet,
775 266 65 22 borde
854 269 61 25 tagas
930 266 7 22 i
953 266 84 22 betrak-

217 298 71 20 tande.
319 296 102 28 Kunskap
444 298 25 20 är
490 297 64 21 makt.
585 296 49 22 Men
656 296 97 27 kunskap
773 298 24 19 är
814 296 59 22 makt
888 296 75 22 endast
978 295 7 21 i
1001 296 36 21 det

218 326 42 26 fall,
286 327 32 19 att
341 326 68 21 denna
431 326 59 21 makt
512 326 40 22 kan
574 328 63 25 göras
660 324 48 22 fullt
730 324 97 28 gällande
850 331 76 21 genom
942 331 25 15 en
983 325 53 21 sund

218 354 74 28 kropp.
322 354 40 22 Om
385 360 74 21 genom
482 355 237 27 undervisningsplanen
741 355 5 20 i
769 354 81 27 skolan,
871 360 33 15 om
920 359 75 21 genom
1011 360 26 15 en

218 390 69 16 massa
307 383 118 22 olikartade
447 383 236 27 undervisningsämnen
700 383 39 21 den
755 382 137 28 uppväxande
908 383 129 26 ungdomens

218 412 133 28 spänstighet
376 412 39 21 bar
438 412 133 26 förslappats,
594 413 23 21 så
639 414 24 19 är
686 412 35 21 det
744 412 132 26 sannerligen
899 412 47 20 icke
968 410 69 28 någon

217 441 74 26 fördel,
316 443 32 19 att
370 447 48 15 man
441 440 39 22 har
501 442 123 26 genomgått
646 447 26 15 en
695 447 49 15 vare
766 440 32 27 sig
820 440 64 27 högre
907 440 51 21 eller
980 439 57 28 lägre

218 470 66 22 skola.

286 499 11 21 I
319 499 37 21 vår
378 498 31 21 tid
432 498 39 21 har
493 504 45 15 mer
560 501 26 19 än
610 498 101 28 någonsin
734 498 76 26 klagan
826 498 56 26 höjts
897 497 58 22 öfver
971 496 68 22 öfver-

218 528 152 26 ansträngning
392 528 6 20 i
421 527 105 21 skolorna.
556 527 81 27 Frågar
659 533 47 15 man
725 526 104 27 lärarene,
844 527 24 21 så
883 526 41 22 blir
939 526 35 21 det
989 532 49 15 van-

218 556 42 26 liga
283 558 70 20 svaret
369 558 30 19 ett
414 556 128 21 förnekande
558 556 23 22 af
595 558 32 19 att
641 556 86 21 skolans
743 555 94 28 läroplan
853 555 52 21 eller
920 555 117 21 läroämne-

219 591 39 15 nas
280 584 107 27 mångfald
397 594 2 3 :
410 585 85 21 orsakat
518 585 64 27 några
598 584 94 27 skadliga
707 584 76 27 följder
798 584 32 22 för
846 585 105 25 eleverna;
967 583 70 28 frågar

219 620 47 15 man
288 614 99 22 läkarene
402 613 85 21 utfaller
502 616 70 19 svaret
587 614 6 21 i
609 615 88 20 motsatt
712 613 99 28 riktning.
840 613 43 21 Det
898 619 61 21 synes
975 613 63 21 bland

219 643 47 21 dem
289 642 51 22 råda
363 642 133 27 temmeligen
519 646 45 18 stor
579 642 130 27 enhällighet
724 643 78 26 derom,
819 644 31 19 att
866 642 46 22 icke
929 642 54 21 blott
998 641 39 22 den

218 672 104 27 gvantitet
341 671 89 26 lärdom,
445 677 44 15 som
510 671 52 21 skall
578 672 83 26 tvingas
676 671 20 21 in
712 671 6 21 i
733 672 130 26 ungdomens
879 671 91 27 hjernor,
987 672 50 20 utan

218 700 71 24 också,
313 700 39 21 och
373 700 80 20 kanske
469 700 5 20 i
490 702 56 19 ännu
562 700 65 27 högre
641 700 60 26 grad,
717 700 40 20 den
772 702 58 19 stora
846 699 107 27 mångfald
969 699 22 21 af
1004 705 35 15 ve-

218 729 70 25 tande,
312 735 45 15 som
381 728 38 22 der
441 728 53 21 skall
517 728 20 22 få
555 735 53 18 rum,
624 728 27 28 på
665 729 128 21 åtminstone
808 734 25 15 en
849 730 44 19 stor
908 728 34 21 del
957 728 81 21 mindre

218 758 118 27 kroppsligt
359 757 72 21 starka
454 758 74 20 verkar
550 757 63 27 högst
636 757 139 27 oförmånligt.
806 757 42 21 Det
870 758 24 20 är
913 756 23 28 ju
952 762 25 16 en
993 756 44 26 sak,

218 792 45 16 som
286 793 27 14 en
333 786 53 21 hvar
405 786 23 21 af
447 792 33 15 oss
501 786 6 21 i
524 786 35 21 det
574 786 82 27 dagliga
671 785 58 22 lifvet
745 787 23 20 är
783 787 6 20 i
805 785 82 22 tillfälle
902 788 32 18 att
950 785 87 27 iakttga,

219 817 32 19 att
274 815 40 21 den
336 820 39 16 ena
398 814 105 22 individen
526 817 24 19 är
572 821 45 15 mer
632 814 110 27 begåfvad,
757 815 41 21 den
814 814 66 22 andra
895 814 86 25 mindre,
998 814 40 22 den

218 850 41 15 ena
280 844 32 20 lär
332 843 33 26 sig
387 843 47 21 med
457 846 45 18 stor
522 843 84 27 lätthet,
622 843 66 22 under
704 844 35 20 det
755 845 31 19 att
801 844 40 21 den
856 843 67 21 andra
938 842 100 22 behöfver

218 874 52 25 göra
291 874 58 20 stora
371 872 176 27 ansträngningar
569 872 32 22 för
616 874 32 20 att
663 872 72 21 kunna
750 872 51 27 följa
816 872 47 22 med
879 873 40 20 den
935 872 102 27 läroplan,

218 908 46 15 som
280 903 24 20 är
319 900 105 23 utstakad.
455 901 95 26 Derföre,
567 901 27 22 då
609 900 120 28 läroplaner
744 903 104 25 uppgöras
864 900 40 22 och
919 900 119 28 fordringar

218 930 124 28 uppställas,
364 936 61 21 synes
449 930 35 21 det
499 931 41 26 mig
556 930 69 22 såsom
641 936 34 15 om
690 930 117 27 anspråken
824 930 45 22 icke
885 930 65 21 borde
965 929 72 23 ställas

218 960 24 21 så
258 960 56 26 högt,
330 961 32 19 att
377 959 109 21 desamma
502 959 70 21 kunna
587 959 164 22 tillfredsställas
767 959 74 22 endast
856 959 22 21 af
892 959 26 21 de
934 961 53 19 mest
1002 959 36 21 be-

218 988 96 27 gåfvade,
330 989 50 20 utan
397 989 90 20 tvärtom
504 990 66 19 rättas
582 988 86 26 derhän,
679 990 32 19 att
721 987 61 22 äfven
793 988 26 21 de
831 988 81 21 mindre
922 987 116 28 begåfvade

219 1017 71 22 kunna
312 1019 50 19 utan
385 1016 113 28 olägenhet
520 1017 31 20 till
576 1017 71 21 helsan
670 1016 50 27 följa
735 1018 48 20 med
798 1017 114 21 studierna.
943 1016 45 22 Hos
1003 1023 34 15 oss

219 1046 39 21 har
279 1045 80 22 mindre
375 1047 27 19 än
417 1046 27 26 på
460 1046 75 26 många
550 1045 67 22 andra
632 1045 75 22 ställen
723 1046 83 21 läkares
821 1046 39 21 råd
875 1045 70 22 blifvit
960 1045 79 22 inhem-

218 1075 50 21 tade
290 1074 54 21 hvad
367 1074 100 21 skolorna
489 1074 107 21 beträffar.
627 1074 48 22 Man
691 1074 38 21 har
745 1074 108 27 rådfrågat
868 1075 47 20 dem
931 1074 34 21 vid
981 1074 58 21 loka-

219 1103 70 22 lernas
311 1102 118 27 inredning,
452 1103 130 25 ventilation,
606 1102 113 28 belysning,
736 1110 18 14 o.
771 1109 16 15 s.
803 1110 19 13 v.
838 1103 67 21 ehuru
920 1103 45 21 icke
981 1108 36 16 ens
1032 1103 7 20 i

219 1131 62 21 dessa
296 1131 111 21 afseenden
423 1132 32 20 till
471 1132 39 20 den
522 1132 152 27 utsrtäckning,
685 1137 45 15 som
742 1131 92 28 önskligt
845 1138 55 15 vore.
924 1131 48 22 Men
984 1131 55 21 hvad

219 1160 147 28 uppgörandet
389 1160 23 21 af
432 1160 148 27 läroplanerna
602 1160 136 26 vidkommer,
761 1163 45 19 tror
827 1161 36 27 jag
880 1160 111 27 knappast,
1007 1162 32 19 att

219 1189 63 21 deras
298 1188 37 22 råd
351 1189 69 27 någon
435 1190 55 20 enda
504 1190 56 27 gång
570 1190 68 21 blifvit
647 1189 124 25 inhemtadt,
783 1190 38 21 och
833 1190 81 20 likvisst
924 1190 67 26 ligger
1001 1188 39 22 här

220 1218 155 26 kärnpunkten.
405 1218 46 20 Den
474 1218 217 27 öfveransträngning,
713 1224 35 15 om
769 1218 84 21 hvilken
874 1219 36 26 jag
934 1224 27 15 nu
977 1217 62 26 talar,

220 1247 56 21 visar
294 1246 31 27 sig
342 1246 47 21 icke
404 1247 60 21 alltid
479 1246 67 22 under
562 1246 104 22 skolåren.
697 1246 76 22 Derför
788 1248 41 20 kan
845 1247 61 21 äfven
922 1246 46 22 från
984 1247 55 20 lära-

220 1281 48 15 rens
290 1274 131 27 ståndpunkt
445 1276 35 20 det
502 1276 99 26 yttrande
623 1274 110 28 förklaras,
749 1278 31 18 att
798 1275 41 21 han
855 1276 46 21 icke
917 1275 39 21 har
970 1274 70 22 märkt

220 1303 39 22 hos
280 1304 95 21 eleverna
398 1303 113 27 aftagande
533 1304 78 26 energi.
641 1303 48 21 Men
705 1304 40 20 den
761 1304 56 21 visar
832 1305 38 25 sig,
886 1304 27 21 då
928 1303 111 27 ynglingen

220 1332 96 22 kommer
336 1334 23 18 ut
382 1333 6 20 i
411 1332 64 26 lifvet,
499 1332 40 21 blir
555 1338 55 18 man,
626 1332 38 21 och
681 1332 52 22 skall
750 1332 59 27 börja
824 1332 107 27 praktiskt
945 1332 95 26 tillämpa

220 1361 56 20 hvad
296 1361 40 20 han
357 1361 6 19 i
380 1361 74 20 skolan
469 1361 39 19 har
524 1361 49 24 lärt;
591 1361 26 20 då
632 1360 128 20 framträder
775 1368 25 13 en
816 1361 97 25 trötthet,
930 1367 25 13 en
970 1362 70 25 slapp-

220 1388 38 21 het
278 1388 40 22 hos
340 1388 83 26 honom,
447 1388 84 20 hvartill
550 1388 94 25 grunden
660 1388 47 21 icke
722 1388 41 21 kan
779 1389 62 20 sökas
856 1389 7 19 i
880 1390 71 22 annat,
967 1390 26 18 än
1009 1390 32 19 att

222 1416 39 21 den
284 1422 55 21 unga
361 1416 87 27 hjernan
465 1416 68 21 blifvit
548 1416 6 20 i
570 1416 64 21 förtid
650 1416 180 28 öfveransträngd.
862 1417 25 21 Vi
904 1417 52 21 böra
971 1416 69 22 erinra

221 1451 41 20 oss,
278 1447 32 19 att
324 1445 67 21 under
407 1444 47 22 hela
470 1445 39 21 den
525 1444 30 22 tid
570 1445 118 27 ynglingen,
705 1444 38 23 och
759 1446 6 20 i
781 1448 55 18 ännu
853 1446 64 26 högre
932 1445 52 27 grad
1000 1445 39 21 den

220 1480 58 21 unga
299 1473 83 25 flickan,
399 1474 60 21 sitter
475 1474 27 26 på
516 1473 138 26 skolbänken,
671 1474 104 27 försiggår
789 1475 7 20 i
812 1474 60 22 deras
888 1474 106 27 organism
1009 1475 32 20 ett

222 1502 210 28 utvecklingsarbete,
456 1508 25 15 en
504 1502 112 28 nydaning,
639 1502 84 22 hvilken
745 1502 66 22 borde
832 1502 21 22 få
876 1503 91 27 försiggä
987 1502 52 28 jem-

222 1530 108 23 förelsevis
353 1531 65 27 lugnt.
448 1531 68 21 Sedan
541 1531 68 22 denna
630 1534 23 19 är
675 1532 98 26 afslutad,
797 1533 5 21 i
818 1533 134 25 mannaåren,
969 1532 27 21 dä
1011 1531 30 22 tål
