1120 1839
213 150 41 21 482
436 154 177 21 Borgareståndet
626 155 54 16 1882.
705 155 22 16 15
740 158 61 13 mars.

283 223 54 21 Herr
353 223 109 21 Heikel
478 222 97 28 föreslog,
592 225 31 19 att
638 222 64 21 orden
720 222 58 24 ,mä*
794 222 32 20 till
842 222 39 21 och
897 222 47 21 med
956 223 75 25 ,,men'*

214 251 68 22 skulle
297 251 109 22 uteslutas.

283 308 152 22 Diskussionen
455 308 131 21 förklarades
609 308 87 20 härmed
712 308 91 21 afslutad
820 307 38 21 och
874 307 29 21 lät
918 307 49 21 herr
982 307 48 21 Tal-

214 343 89 15 mannen
320 337 87 27 uppläsa
422 336 91 28 följande
529 337 139 26 proposition:

283 394 49 27 »De,
348 394 71 20 hvilka
434 393 31 21 till
480 393 208 27 kontraproposition
704 396 44 18 mot
763 393 115 21 utskottets
898 393 133 21 betänkande

214 423 30 20 uti
260 422 160 27 ifrågavarande
436 422 33 20 del
485 422 109 26 föredraga
610 422 48 21 herr
673 421 106 22 Grönviks
795 422 84 26 förslag,
894 423 59 20 rösta
965 422 33 26 ja;

283 452 72 19 vinner
371 450 39 26 nej,
426 450 38 21 har
479 450 48 21 herr
542 450 112 27 Federleys
670 450 79 26 förslag
764 450 7 21 i
786 450 75 21 sådant
874 450 97 21 afseende
981 450 50 21 blif-

215 478 29 21 vit
259 478 105 27 antaget.”

282 536 161 26 Propositionen
467 536 125 21 besvarades
615 536 46 20 med
679 536 25 20 33
723 536 22 26 ja
761 536 38 20 och
817 538 25 18 16
858 536 43 26 nej;
917 535 114 22 hvarefter,

214 564 27 22 då
257 564 81 22 således
353 565 35 20 det
403 564 21 21 af
439 564 48 21 herr
502 564 95 22 Grönvik
611 565 74 20 väckta
702 564 100 27 förslaget
824 565 92 25 antagits
932 564 31 21 till
979 564 52 21 kon-

215 593 171 27 traproposition,
404 593 48 21 herr
470 593 134 21 Talmannen
620 592 121 22 framstälde
757 593 91 26 följande
866 593 164 26 propositioner:

284 650 51 28 »De,
351 650 71 21 hvilka
440 650 111 28 godkänna
568 651 115 21 utskottets
699 650 133 21 betänkande
848 650 136 21 oförändradt
999 650 32 21 uti

214 678 161 27 ifrågavarande
392 679 39 24 del,
448 680 57 20 rösta
519 679 32 26 ja;

283 708 72 20 vinner
378 708 39 26 nej,
432 708 39 20 har
494 708 82 20 ståndet
596 707 86 21 beslutit
698 708 31 26 sig
745 707 31 21 till
793 707 63 21 sådan
872 708 89 26 ändring
983 707 49 21 herr

214 736 94 21 Grönvik
323 736 114 25 föreslagit,
454 736 51 20 eller
520 739 32 17 att
567 736 61 21 ordet
644 736 59 27 ,om*
720 737 13 19 å
749 736 67 25 tredje
831 736 65 20 raden
912 736 77 20 ändras
999 736 31 20 till

214 765 55 24 wdä*
285 766 54 19 samt
355 764 11 20 å
383 764 65 26 fjerde
464 765 64 20 raden
544 765 64 20 orden
626 764 64 28 ,eller
706 770 33 14 om
756 764 50 21 han”
822 764 32 21 till
872 764 72 28 ,och*.

283 821 130 22 Besvarades
426 821 46 21 med
489 821 151 27 öfvervägande
656 821 43 27 nej;
716 823 55 19 samt

283 895 11 9 »
298 879 36 26 De,
351 879 71 21 hvilka
438 879 71 26 önska,
525 881 32 19 att
572 879 63 22 orden
651 879 61 24 ,mä*
728 878 33 22 till
777 879 37 21 och
826 879 46 20 med
884 881 74 22 ,men*
971 878 61 21 skola

214 909 85 26 gvarstä
313 909 7 20 i
335 908 132 27 paragrafen,
483 910 58 19 rösta
555 909 30 26 ja;

283 937 71 20 vinner
377 937 39 26 nej,
432 937 39 21 har
493 937 84 21 ständet
599 936 93 27 beslutit,
708 938 33 19 att
764 936 61 21 dessa
848 937 38 20 ord
909 936 59 21 skola
983 935 46 22 frän

213 965 127 27 paragrafen
355 965 70 26 utgä.*

281 1023 160 26 Propositionen
457 1023 125 21 besvarades
594 1023 47 22 med
657 1023 152 26 öfvervägande
824 1023 43 26 nej;
884 1022 39 21 och
938 1022 67 21 skulle
1019 1023 12 24 S

213 1053 11 19 6
241 1051 81 22 således
339 1052 81 20 erhålla
435 1051 91 26 följande
542 1051 88 27 lydelse:
647 1051 61 28 ,Icke
725 1051 104 22 arbetsför
844 1057 76 20 person
936 1057 55 18 vare,
1003 1051 27 20 dä

211 1080 42 21 han
276 1080 56 27 gjort
354 1081 32 26 sig
409 1080 83 27 skyldig
513 1080 32 21 till
561 1081 64 20 sädan
641 1083 81 20 vanart,
738 1086 45 15 som
800 1080 5 20 i
821 1079 67 21 första
903 1079 126 27 paragrafen

212 1109 134 21 omförmäles
362 1109 39 21 och
416 1108 98 27 pröfvas*
531 1115 18 14 o.
566 1115 15 15 s.
599 1115 17 14 v.
633 1109 65 26 enligt
713 1109 151 20 betänkandet.

281 1166 75 21 Tillika
372 1166 79 21 beslöts
467 1168 31 19 att
514 1166 47 21 med
576 1165 98 22 afseende
690 1166 13 20 å
719 1165 39 21 den
773 1165 67 22 finska
864 1167 70 19 texten
951 1165 31 21 till
998 1169 32 16 ut-

212 1195 91 21 skottets
325 1195 133 26 ompröfning
475 1195 110 21 hemställa
607 1194 91 26 följande
714 1194 279 26 redaktionsförändringar:
1017 1193 13 21 &

212 1223 65 26 fjerde
301 1224 63 21 raden
387 1223 97 27 uppifrån
504 1224 67 20 skulle
587 1223 59 21 ordet
663 1225 104 24 ,tapaan*
784 1225 89 18 ersättas
889 1222 23 21 af
926 1222 102 27 ,käytök-

211 1255 70 23 seen";
298 1252 11 21 &
324 1252 62 27 sjette
409 1252 65 21 raden
497 1251 94 22 nedifrån
607 1252 68 21 skulle
690 1252 61 20 ordet
767 1253 95 23 ,mutta*
878 1251 52 26 utgå
946 1253 54 19 samt
1015 1252 14 19 &

210 1283 48 19 näst
273 1281 51 21 sista
340 1281 63 20 raden
420 1283 30 19 ett
465 1281 85 20 komma
566 1280 96 27 tilläggas
678 1281 44 20 före
737 1280 77 25 ,eikä*.

278 1339 13 25 8
307 1339 11 19 7
334 1337 122 27 godkändes
472 1339 50 19 utan
539 1337 124 21 diskussion.

591 1393 12 27 8
619 1394 20 20 8.

277 1449 55 22 Herr
347 1449 123 21 Heikel:
496 1449 71 26 Enligt
590 1449 67 21 denna
679 1448 106 28 paragraf,
808 1449 65 20 sådan
897 1449 39 21 den
960 1455 27 15 nu
1002 1451 24 18 är

208 1478 112 26 stiliserad,
337 1478 67 22 skulle
420 1478 74 22 besvär
510 1479 70 21 kunna
595 1478 83 22 anföras
695 1478 74 21 endast
785 1478 26 22 dä
826 1478 92 26 utslaget
929 1477 59 28 lyder
998 1478 26 27 pä

208 1508 87 21 allmänt
318 1508 72 21 arbete
412 1507 51 22 eller
485 1507 71 21 förvar
570 1508 7 20 i
593 1507 192 26 arbetsinrättoing,
808 1513 47 15 men
878 1507 45 21 icke
946 1507 27 21 dä
989 1507 36 21 det

209 1537 58 27 lyder
282 1536 27 28 pä
324 1536 136 27 försändning
476 1536 31 22 till
523 1536 116 22 hemorten.
669 1536 64 22 Detta
749 1536 40 21 kan
806 1536 54 22 dock
874 1536 6 21 i
897 1536 75 28 mänga
987 1536 37 22 fall
