1123 1803
308 126 177 21 Borgareständet
498 128 55 17 1882.
578 128 23 16 18
613 131 61 14 mars.
862 121 42 22 557

153 195 55 22 Herr
232 195 127 22 Berner:
392 196 40 27 Jag
456 197 38 21 vill
519 197 74 22 förena
615 197 42 27 mig
679 203 34 15 om
736 196 49 22 herr
807 192 97 31 Öhbergs

82 223 86 26 förslag.

153 287 55 21 Herr
224 287 123 22 Heikel:
378 287 10 22 I
403 287 11 28 $
431 288 12 21 3
458 288 60 22 heter
534 288 44 22 det:
602 288 80 27 ,Sagda
701 287 203 27 vaccinationsafgift

84 315 129 22 tillkommer
227 317 153 25 vaccinatören,
396 319 38 19 när
449 317 127 27 ympningen
593 317 113 22 verkstälts
721 317 34 21 vid
768 319 67 19 utsatt
845 323 60 20 ymp-

84 344 127 27 ningsmöte;
228 351 47 15 men
292 345 67 21 kallas
375 345 39 21 han
431 348 32 18 att
477 345 35 22 vid
528 348 63 19 annat
606 345 82 22 tillfälle
698 345 89 22 förrätta
797 345 107 27 ympning,

84 373 96 27 erlägges
202 374 118 27 ersättning
342 374 65 26 enligt
429 374 229 22 öfverenskommelse*.
688 374 34 22 Nu
744 374 161 27 ifrågavarande

84 402 86 27 uttryck
192 402 40 21 har
254 402 90 28 troligen
368 402 99 22 afseende
485 404 27 26 pä
532 404 64 22 orden
608 404 52 28 ,vid
676 406 64 19 annat
756 402 91 22 tillfälle*
864 402 40 22 och

85 437 51 15 vore
158 430 70 22 derför
250 431 105 22 måhända
377 431 46 22 skäl
446 434 32 19 att
493 433 6 21 i
514 432 72 22 stället
607 432 32 24 för
655 448 9 12 ,
669 432 36 23 sitt
721 432 100 23 hemvist"
837 432 69 22 införa

85 460 66 21 orden
167 460 45 27 ,vid
228 462 65 20 annat
308 460 104 23 tillfälle”,

154 526 57 22 Herr
233 526 169 28 Wallgren:
432 526 41 29 Jag
496 530 23 20 är
540 528 128 27 fullkomligt
689 526 97 24 öfverens
802 528 48 21 med
866 528 41 22 den

85 555 52 21 siste
153 556 65 21 ärade
233 556 88 21 talaren.

156 624 80 21 Herrar
258 624 114 22 Berner
388 624 38 22 och
442 620 121 33 Öhberg
579 625 100 22 förenade
695 625 31 28 sig
741 632 34 14 om
791 625 49 21 herr
856 624 52 22 Hei-

84 652 48 21 kels
144 652 85 27 förslag.

155 721 61 32 Efter
238 722 87 22 härmed
348 722 92 22 afslutad
458 722 119 22 diskussion
593 722 78 22 beslöts
687 723 48 21 med
751 722 155 27 öfvervägande

83 750 113 28 pluralitet
218 753 32 19 att
272 751 112 27 godkänna
405 752 125 26 paragrafen
547 752 127 21 oförändrad
689 752 7 20 i
712 751 70 27 öfrigt,
798 754 59 19 utom
873 753 34 19 att

87 779 65 21 orden
168 780 17 24 ,i
200 780 37 21 sitt
258 779 103 23 hemvist"
384 780 68 22 skulle
474 781 86 27 utbytas
582 783 56 19 emot
659 780 107 28 uttrycket
782 780 44 24 ,vid
841 782 66 19 annat

86 808 105 21 tillfälle*.

476 867 11 26 8
499 852 23 47 6.

156 929 56 21 Herr
236 929 147 21 Neovius:
410 929 40 27 Jag
475 929 67 21 finner
565 920 137 31 redaktionen
726 929 22 21 af
769 928 139 23 förevarande

86 958 101 26 paragraf
204 958 3 20 i
223 958 76 26 mänga
322 958 133 21 hänseenden
477 958 120 26 bristfällig.
627 958 46 22 Här
687 958 115 27 inrymmes
818 964 25 15 en
859 958 49 22 allt-

87 986 34 22 för
142 989 45 19 stor
210 986 214 28 maktfullkomlighet
446 988 22 20 åt
489 988 153 23 vaccinatören,
658 989 23 25 ty
696 988 35 20 det
747 986 114 22 fastställes
876 988 33 20 att

88 1015 19 27 ej
124 1016 74 26 nägon,
220 1015 82 22 säledes
318 1016 18 26 ej
351 1015 67 21 heller
439 1016 204 26 provincialläkaren
661 1016 52 20 eller
728 1016 68 26 nägon
813 1015 22 21 af
848 1016 60 20 kom-

88 1044 255 27 munalmyndigheternas
359 1044 143 25 medlemmar,
521 1044 85 22 hvilken
622 1044 93 26 tydligen
731 1050 38 21 ser,
785 1046 32 20 att
832 1043 76 23 barnet

87 1075 15 19 t.
118 1080 31 13 ex.
165 1075 25 18 är
204 1073 64 26 sjukt,
284 1074 34 20 mä
334 1072 96 27 förvägra
446 1074 119 20 vaccinatör
581 1076 32 18 att
627 1075 51 24 taga
691 1073 78 21 vaccin.
793 1073 115 20 Dessutom

88 1101 68 22 finner
175 1101 37 27 jag
234 1102 68 26 äfven,
318 1104 32 19 att
365 1102 6 20 i
388 1101 100 22 händelse
506 1102 69 27 nägon
592 1103 5 20 i
613 1101 37 22 sitt
666 1101 47 22 hem
728 1101 55 22 läter
798 1101 110 22 vaccinera

88 1131 46 20 sina
156 1131 59 25 barn,
239 1130 39 21 bör
293 1131 17 26 ej
327 1130 67 21 heller
409 1130 7 21 i
431 1131 76 20 sädant
522 1130 36 21 fall
575 1130 148 26 obligatoriskt
738 1129 123 28 fastställas,
876 1131 33 20 att

88 1159 72 20 vaccin
176 1159 34 21 mä
224 1159 127 26 uppsamlas.
376 1159 42 21 Det
432 1160 24 20 är
472 1159 22 21 af
508 1159 60 21 dessa
583 1159 138 26 anledningar
728 1159 37 26 jag
775 1159 68 20 skulle
854 1158 56 21 före-

88 1188 32 21 slå
142 1193 26 15 en
191 1187 89 28 ändring
296 1188 22 21 af
330 1187 125 28 paragrafen
479 1187 86 26 derhän,
588 1189 33 20 att
643 1187 40 21 den
697 1186 56 28 finge
768 1187 88 26 ungefär
871 1187 39 21 föl-

86 1216 66 27 jande
174 1216 88 26 lydelse:
294 1217 37 28 ,Ej
355 1216 34 21 mä
409 1216 68 27 någon
502 1217 97 26 förvägra
619 1216 120 21 vaccinatör
755 1217 31 20 att
802 1215 31 22 till
849 1221 61 21 ymp-

89 1245 50 26 ning
161 1246 49 25 taga
234 1245 50 21 eller
306 1245 110 27 uppsamla
438 1245 72 21 vaccin
533 1245 46 21 från
602 1244 23 22 af
647 1244 67 22 denne
735 1244 147 22 kostnadsfritt
898 1244 12 21 å

89 1273 61 22 friskt
173 1273 53 21 barn
248 1274 112 26 inympade
375 1274 168 27 vaecinkoppor*
560 1280 18 15 o.
594 1279 16 16 s.
625 1280 18 13 v.
673 1273 40 26 Jag
727 1279 63 15 anser
805 1273 105 27 nämligen

90 1303 36 20 det
148 1301 34 22 vid
205 1302 153 27 uppsamlande
380 1302 22 21 af
422 1303 71 20 vaccin
515 1309 51 14 vara
588 1304 31 19 ett
642 1301 127 27 väsendtligt
787 1301 75 27 vilkor,
878 1303 33 20 att

89 1331 76 21 barnet
188 1331 54 21 skall
264 1337 50 16 vara
337 1331 63 21 friskt
422 1331 39 21 och
477 1331 45 21 fritt
539 1331 45 21 frän
600 1331 76 26 utslag,
693 1331 38 20 och
747 1330 82 21 säledes
844 1330 66 21 borde

90 1360 18 26 ej
125 1359 54 22 blott
195 1360 79 25 läkare,
290 1362 50 19 utan
356 1360 59 21 äfven
434 1360 104 21 föräldrar
553 1360 39 21 och
608 1359 145 27 myndigheter
769 1360 71 20 kunna
856 1361 56 19 mot-

90 1390 57 20 sätta
161 1389 31 27 sig
208 1389 71 27 hvarje
294 1388 152 28 uppsamlande
461 1389 25 21 af
500 1389 70 21 vaccin
586 1388 46 22 frän
648 1391 31 18 ett
694 1388 57 27 sjukt
766 1389 59 20 barn.

159 1453 55 20 Herr
229 1451 167 27 Wallgren:
422 1451 61 21 Hvad
498 1451 101 22 beträffar
615 1451 39 20 den
671 1449 191 32 omständigheten,
878 1452 32 19 att

90 1481 63 27 ingen
175 1481 66 21 borde
264 1480 78 21 tillätas
364 1482 51 25 taga
433 1479 70 22 vaccin
519 1479 47 20 frän
581 1479 57 26 sjukt
654 1478 58 27 barn,
729 1479 38 20 har
783 1478 36 21 det
833 1483 77 16 visser-

89 1512 57 27 ligen
162 1511 37 22 sitt
214 1508 155 27 berättigande,
388 1514 46 16 men
450 1507 36 23 det
502 1509 23 20 är
540 1508 7 21 i
558 1507 115 22 allmänhet
686 1507 158 22 vaccinatörens
854 1505 56 28 skyl-
