1120 1786
324 111 177 22 Borgareständet
514 112 55 17 1882.
595 113 12 16 7
619 112 97 17 februari.
891 107 42 20 199

113 180 105 22 derunder
239 181 79 21 vunnit.
348 180 76 22 Medan
448 181 88 21 Finland
559 181 33 22 för
615 181 26 22 20
657 181 24 21 är
702 181 64 21 sedan
782 180 81 27 knappt
879 180 54 21 hade

113 209 65 26 nägra
192 209 124 26 folkskolor,
331 209 65 21 värda
418 210 58 20 detta
491 216 70 17 namn,
577 212 37 19 äro
630 209 80 22 sädana
724 215 87 16 numera
826 209 106 21 inrättade

112 238 32 20 uti
159 237 98 27 samtliga
272 237 72 21 städer
357 238 40 21 och
410 237 77 26 jemväl
504 239 30 20 uti
550 244 45 15 mer
609 240 26 19 än
651 237 80 22 hälften
744 237 23 22 af
776 237 156 22 landskommu-

112 271 72 16 nerna.
213 266 65 21 Detta
299 272 123 21 gynsamma
441 267 90 20 resultat
552 266 56 21 talar
623 267 47 21 bäst
684 267 34 20 för
732 268 32 19 att
779 265 26 22 de
820 266 112 27 principer,

110 300 47 14 som
173 294 58 20 lades
248 294 32 20 till
294 295 67 25 grund
378 296 33 18 för
426 295 47 20 vårt
488 295 195 21 folkskoleväsenäe
697 294 36 21 vid
748 295 47 20 dess
805 294 126 25 inrättande,

111 328 51 15 voro
177 322 77 26 riktiga
277 322 39 22 och
332 322 96 27 lämpade
451 322 32 21 för
499 322 50 22 våra
567 322 152 27 förhållanden,
735 328 46 15 men
797 328 74 15 manar
885 322 47 22 der-

108 350 67 27 jemte
203 350 31 22 till
262 350 86 22 fortsatt
372 350 129 22 omvårdnad
528 352 39 21 och
592 350 144 28 uppoffringar
759 350 45 22 från
833 350 35 22 det
893 350 38 22 all-

111 382 87 18 männas
213 379 53 25 sida,
282 379 34 21 för
336 382 32 18 att
384 379 119 22 folkskolan
519 380 38 22 allt
571 380 72 21 vidare
658 380 35 21 må
709 379 105 21 förkofras
829 379 38 22 och
883 379 48 22 dess

110 408 137 28 välsignelser
262 408 70 21 kunna
348 408 85 22 komma
448 408 71 27 hvarje
535 408 82 22 landets
632 408 114 28 inbyggare
760 408 33 21 till
807 408 62 26 godo.

180 437 39 21 Vid
236 437 217 21 folkskoleväsendets
470 437 106 22 ordnande
591 437 71 22 ålades
677 436 211 23 stadskommunerna
898 439 32 19 att

109 466 81 21 inrätta
205 466 38 21 och
260 466 123 22 underhålla
398 465 117 23 folkskolor
530 466 30 21 till
578 466 35 22 det
628 467 57 21 antal
701 466 39 21 och
755 466 7 20 i
774 465 38 22 den
825 466 105 21 utsträck-

109 495 55 26 ning,
181 497 33 19 att
236 495 42 21 alla
293 495 25 21 de
340 494 59 26 barn,
416 501 43 15 som
483 495 46 21 icke
545 496 6 20 i
567 495 95 21 hemmen
686 495 51 21 eller
752 495 5 20 i
772 495 67 21 andra
859 494 72 22 skolor

110 523 80 21 erhålla
206 530 24 14 en
247 524 65 26 högre
327 523 51 21 eller
394 524 94 21 deremot
504 523 102 22 svarande
621 524 155 26 undervisning,
787 524 6 20 i
806 524 47 20 dem
865 522 65 22 blifva

110 552 146 21 undervisade.
286 547 28 27 Åt
341 552 213 21 landskommunerna
580 552 167 22 öfverlemnades
774 552 95 21 deremot
898 554 32 19 att

109 581 54 20 efter
178 584 47 23 eget
240 581 150 25 godtfinnande
406 581 99 27 antingen
520 581 79 21 inrätta
614 581 73 21 skolor
702 581 51 21 eller
764 581 110 21 underlåta
885 581 45 21 det-

109 615 87 15 samma.
227 609 80 21 Härvid
321 610 71 26 utgick
408 616 47 14 man
472 610 45 20 från
533 610 46 22 den,
597 609 64 27 enligt
676 610 47 20 mitt
740 609 141 26 förmenande,
891 609 38 21 all-

109 637 57 21 deles
181 637 79 27 riktiga
280 638 138 26 synpunkten,
435 640 31 19 att
481 638 6 20 i
503 638 105 23 städerna,
625 638 37 21 der
681 644 25 15 en
722 638 77 21 allmän
815 637 64 27 insigt
895 644 34 15 om

108 666 62 21 dessa
186 666 82 21 skolors
290 672 53 21 gagn
362 666 38 22 och
423 666 156 27 nödvändighet
601 666 69 22 kunde
692 667 132 26 förutsättas,
847 666 82 22 skolors

108 695 142 27 upprättande
271 697 73 23 genast
358 695 70 21 kunde
448 696 62 26 göras
526 695 154 27 obligatoriskt,
700 702 47 14 men
763 697 33 19 att
813 694 28 28 på
858 695 69 21 lands-

109 724 88 26 bygden,
212 724 37 20 der
264 723 67 22 denna
345 724 65 26 insigt
425 723 132 27 allmänligen
573 724 46 21 icke
635 730 37 14 var
686 726 32 18 att
733 724 102 24 förvänta,
851 722 77 22 sakens

107 752 109 21 ordnande
231 752 114 21 tillsvidare
361 752 65 22 borde
441 754 62 24 göras
519 752 104 22 beroende
638 752 24 21 af
671 758 44 15 mer
724 752 97 27 upplyste
832 752 95 21 kommu-

108 780 183 22 nalmedlemmars
306 781 90 21 initiativ
412 781 38 21 och
466 781 144 27 öfvertalning.
633 780 91 22 Numera
735 781 41 21 kan
788 780 54 22 dock
851 780 76 27 ifräga-

108 811 74 25 sättas,
197 809 104 21 huruvida
325 810 46 20 icke
386 809 58 21 tiden
460 812 23 19 är
498 809 105 24 kommen,
619 812 31 18 att
666 809 59 21 äfven
741 809 27 27 pä
784 809 143 27 landsbygden

108 839 52 24 göra
182 837 128 22 folkskolors
332 838 120 21 inrättande
476 838 30 20 till
525 841 31 18 ett
571 838 74 27 lagligt
660 838 110 26 äliggande
785 838 32 20 för
832 838 95 21 kommu-

109 872 71 16 nerna,
204 866 39 21 och
266 869 31 18 att
313 867 5 20 i
332 866 100 22 städerna
447 867 6 21 i
469 867 68 27 någon
561 872 47 16 mon
632 867 108 21 utsträcka
764 866 39 21 den
826 866 39 21 hos
881 866 46 21 dem

107 894 99 26 gällande
220 894 133 27 skoipligten.

177 923 28 20 Af
225 923 97 26 samtliga
344 923 186 21 landskommuner
552 923 54 21 hade
629 923 35 20 vid
686 923 107 27 utgången
808 922 22 21 af
844 925 83 18 senaste

109 951 68 21 läseär
192 952 38 20 261
249 951 88 22 inrättat
356 951 54 22 fasta
427 951 122 22 folkskolor.
579 951 82 22 Inemot
676 952 42 21 200
732 951 125 22 kommuner
877 957 51 15 voro

107 980 90 21 sälunda
212 982 54 19 ännu
284 981 5 20 i
306 979 120 28 fullständig
442 980 101 21 afsaknad
559 980 22 21 af
595 980 110 24 folkskola,
722 980 38 21 och
776 979 32 22 för
823 981 39 20 den
876 986 51 21 upp-

108 1009 93 21 vexande
217 1009 118 26 ungdomen
352 1009 58 21 fanns
426 1009 55 21 inom
498 1009 60 21 deras
573 1009 100 21 omräden
689 1009 53 20 intet
758 1008 82 21 tillfälle
856 1008 31 21 till
898 1009 31 20 in-

108 1037 114 22 hemtande
237 1038 22 20 af
274 1037 25 21 de
321 1037 127 27 kunskaper,
462 1044 44 15 som
529 1037 33 22 för
578 1037 72 27 hvarje
671 1037 137 27 medborgare
824 1039 37 19 äro
877 1037 51 21 nöd-
953 1042 4 3 *

108 1066 96 27 vändiga.
234 1067 10 20 I
260 1065 50 22 flere
332 1066 66 21 andra
420 1067 125 20 kommuner
567 1067 45 20 står
634 1066 46 21 åter
695 1067 80 20 antalet
791 1065 137 22 folkskolor
917 1061 15 36 i

108 1095 54 21 intet
177 1095 133 21 förhällande
325 1095 33 21 till
373 1095 61 21 deras
449 1095 122 26 folkmängd
586 1095 39 21 och
641 1095 153 26 utsträckning,
809 1094 24 21 sä
848 1096 33 19 att
898 1094 30 21 äf-

108 1130 39 14 ven
164 1124 55 21 inom
235 1123 47 22 dem
303 1123 92 22 fördelen
411 1123 24 22 af
448 1126 32 18 att
495 1130 39 20 ega
549 1130 25 15 en
589 1123 106 22 folkskola
710 1123 32 22 för
758 1129 25 16 en
799 1126 45 18 stor
859 1123 33 21 del
908 1123 23 20 af

108 1152 148 27 befolkningen
280 1153 23 20 är
326 1159 44 14 mer
392 1152 106 21 illusorisk
521 1154 26 19 än
570 1152 84 26 verklig.
692 1152 67 21 Dessa
781 1151 147 22 förhållanden

107 1181 72 21 kunna
195 1181 45 21 icke
256 1180 62 27 länge
332 1181 89 21 fortfara
435 1185 52 17 utan
503 1183 32 18 att
549 1181 88 26 menligt
651 1181 87 20 inverka
750 1181 26 26 pä
788 1179 47 22 hela
845 1180 83 21 landets

107 1209 126 26 utveckling.
265 1209 30 21 De
318 1209 130 25 kommuner,
464 1215 44 15 som
524 1210 6 20 i
547 1209 60 21 dessa
628 1209 112 21 afseenden
755 1208 111 22 uraktlätit
882 1208 47 21 sina

108 1238 83 27 pligter,
207 1238 85 21 komma
313 1240 59 19 snart
386 1243 42 21 nog
449 1241 31 18 att
495 1239 34 20 stä
544 1237 88 22 tillbaka
648 1237 33 21 för
696 1237 75 26 andra;
787 1237 6 21 i
809 1237 72 21 stället
893 1237 36 21 för

107 1269 32 18 att
156 1267 88 26 bidraga
259 1266 31 21 till
306 1267 83 20 landets
404 1267 114 26 förkofran,
534 1266 64 21 blifva
613 1266 26 21 de
654 1266 39 21 lätt
709 1273 25 14 en
750 1266 57 21 svärt
823 1265 106 28 tyngande

108 1295 87 21 barlast.
226 1295 43 20 Och
286 1295 53 21 dock
362 1295 38 20 har
414 1297 32 19 ett
462 1295 51 24 litet,
530 1294 97 27 politiskt
649 1294 105 21 beroende
770 1294 44 21 folk
829 1294 45 21 icke
890 1294 38 21 räd

107 1327 33 18 att
155 1324 79 21 förlora
249 1323 93 22 hvarken
358 1324 29 21 tid
404 1323 52 22 eller
471 1323 88 25 krafter,
575 1329 34 16 om
625 1323 36 21 det
676 1323 131 21 fortfarande
819 1323 34 20 vill
865 1322 64 21 häfda

108 1353 31 20 sin
156 1352 54 27 plats
226 1353 63 20 bland
305 1353 135 20 nationernas
455 1353 64 22 antal,
550 1352 25 21 Vi
592 1352 66 21 mäste
674 1352 62 25 tillse,
750 1352 35 21 det
796 1352 19 20 vi
826 1351 27 27 gä
861 1351 68 27 jemnt

107 1381 40 21 och
170 1381 108 21 oafbrutet
299 1381 77 21 framät
398 1381 40 22 och
454 1383 30 19 att
507 1381 61 26 ingen
591 1381 73 20 kastar
686 1380 54 21 ifrän
756 1381 32 26 sig
803 1380 26 21 de
844 1379 85 27 andliga

108 1415 74 20 vapen,
198 1415 44 15 som
255 1411 76 24 utgöra
346 1409 47 20 värt
408 1409 95 20 säkraste
518 1412 57 17 värn.

177 1437 41 20 Det
241 1438 44 20 äri
301 1437 48 20 stöd
370 1437 23 20 af
406 1437 68 21 denna
497 1436 133 27 uppfattning
649 1436 36 27 jag
700 1437 66 26 vägar
782 1436 37 21 hos
835 1436 35 21 det
885 1436 44 20 väl-

108 1465 71 27 lofiiga
200 1465 178 27 Borgareständet
400 1464 66 22 väcka
486 1465 77 26 förslag
583 1470 33 15 om
633 1465 224 20 landskommunernas
871 1464 58 25 äläg-

107 1494 69 28 gande
191 1497 31 18 att
239 1495 99 27 upprätta
353 1492 117 23 folkskolor
485 1500 25 14 en
527 1494 50 20 hvar
593 1494 56 20 inom
664 1492 37 22 sitt
718 1492 94 22 område.
834 1492 42 27 Jag
890 1491 40 22 har
