1120 1798
289 128 178 22 Borgareståndet
478 130 59 17 1882.
561 129 27 17 28
600 128 102 18 februari.
864 122 42 21 357

82 199 149 28 byggnaderna
253 199 133 22 iståndsatta.
416 211 26 4 —
472 199 10 20 I
500 196 72 29 "öfrigt
596 198 35 21 vill
654 198 36 27 jag
710 197 85 28 antyda,
812 199 32 20 att
857 197 49 22 Kit-

82 228 38 21 tilä
135 228 47 21 med
198 227 98 22 afseende
312 229 6 20 å
328 227 278 22 kommunikationslederna
621 227 39 21 och
676 227 102 22 särskildt
792 227 47 21 med
852 227 54 20 hän-

83 262 39 21 syn
137 256 32 21 till
186 256 39 21 den
240 256 49 21 kort
305 256 89 21 afmätta
410 256 57 21 tiden
483 255 32 22 för
530 255 93 22 arbetets
638 255 115 22 utförande
768 255 69 22 skulle
854 261 52 15 vara

81 284 124 28 lämpligare
221 285 123 21 stationsort
360 286 26 19 än
399 284 127 27 Sodankylä.

151 341 55 22 Herr
227 341 169 27 Wallgren:
427 341 41 22 Det
486 347 37 15 var
539 341 32 21 för
585 342 33 19 att
633 341 85 21 bemöta
733 341 65 27 några
814 341 22 21 af
858 340 50 22 herr

82 371 128 26 Malmgrens
225 370 132 27 uppkastade
371 369 91 22 motskäl
475 370 36 27 jag
527 369 92 28 begärde
634 369 66 22 ordet.

151 399 44 22 Här
218 399 66 22 måste
304 399 36 27 jag
362 399 54 21 först
438 399 75 24 erinra,
536 401 32 19 att
580 398 37 27 jag
632 399 46 20 icke
693 399 119 27 egentligen
828 401 23 19 är
869 405 34 15 ve-

82 427 157 28 tenskapsman,
258 429 56 20 ännu
328 427 81 22 mindre
425 427 106 28 specialist
545 428 22 21 åt
584 427 58 21 detta
658 427 48 22 håll.
738 427 49 22 Deri
804 427 39 22 har
858 427 46 22 min

82 456 144 22 motståndare
249 458 31 19 ett
302 456 91 27 afgjordt
415 456 84 27 försteg.
529 456 41 27 Jag
593 457 66 20 måste
682 457 45 24 här,
753 457 89 21 likasom
870 457 34 20 vid

82 485 48 22 mitt
144 485 66 22 första
226 485 141 26 andragande,
382 485 62 21 stöda
459 486 41 25 mig
511 485 27 26 på
548 485 146 26 auktoriteter,
711 485 81 22 hvilket
808 485 62 22 alltid
881 487 25 19 är

82 520 25 15 en
123 520 87 21 svagare
226 514 97 27 position.
354 513 33 22 Då
402 514 109 26 utskottet,
528 513 5 21 i
551 514 80 21 hvilket
644 513 36 27 jag
695 514 39 21 har
749 514 40 21 den
806 515 51 20 äran
874 516 32 19 att

82 543 57 25 sitta,
162 542 93 28 afgjorde
277 543 58 21 detta
354 543 83 25 ärende,
459 542 53 21 hade
534 543 104 21 utskottet
659 543 45 21 icke
720 544 69 20 större
807 543 98 21 rikedom

81 572 28 26 på
130 572 105 27 egentliga
256 571 96 22 fackmän
369 571 12 21 å
396 571 59 22 detta
473 571 91 26 område,
586 573 27 19 än
635 574 81 22 tvenne,
733 571 106 27 nämligen
857 577 49 20 pro-

81 600 118 21 fessorerne
223 600 116 26 Malmgren
362 599 39 22 och
425 599 159 28 Pippingsköld.
614 600 50 21 Alla
679 600 25 21 de
720 602 112 25 argument
856 599 51 22 herr

81 628 117 28 Malmgren
222 635 28 14 nu
272 629 109 26 uppdukat
396 629 103 21 saknades
514 629 114 26 ingalunda
644 629 43 20 der.
719 628 48 22 Men
784 629 42 21 alla
844 628 62 22 dessa

81 660 111 25 argument
215 658 110 25 bemöttes,
345 657 66 27 enligt
426 657 42 21 min
483 657 140 27 uppfattning,
638 657 133 27 fullständigt
786 657 23 21 af
826 657 79 27 profes-

81 692 36 16 sor
132 686 157 27 Pippingsköld.
308 687 41 26 Jag
364 686 42 21 kan
421 685 82 22 således
519 686 45 21 icke
579 692 22 15 se
617 688 71 24 annat,
704 687 26 20 än
742 688 32 19 att
787 685 55 22 hvad
857 685 50 22 herr

81 715 117 26 Malmgren
220 715 39 21 här
277 721 29 14 nu
327 714 71 22 anfört
418 714 47 22 icke
480 715 6 20 i
502 715 76 21 minsta
593 715 51 26 grad
660 714 78 22 rubbat
754 714 41 21 min
814 715 92 26 öfverty-

81 744 56 26 gelse
153 743 98 22 vis-å-vis
266 744 68 21 denna
350 743 43 21 sak.

150 772 61 22 Hvad
233 773 46 21 åter
301 771 101 22 särskildt
423 771 142 27 specialiteter
580 771 108 26 beträffar,
704 774 14 19 t.
736 778 30 15 ex.
781 772 44 27 just
842 772 26 21 de
883 772 24 21 af

81 800 78 23 honom
176 801 113 21 omordade
312 801 52 27 dyra
383 800 155 27 byggnaderna,
555 803 33 18 vet
601 801 37 26 jag
653 800 70 26 också,
739 802 34 20 att
786 801 59 20 detta
860 801 45 21 blef

81 829 88 27 bemött,
192 829 38 22 och
251 830 35 27 jag
309 831 24 20 är
355 829 124 27 öfvertygad
501 835 41 19 om,
565 831 32 19 att
616 829 25 21 de
657 829 46 21 icke
719 828 64 22 blifva
798 829 24 21 så
844 829 60 27 dyra,

81 864 45 16 som
149 858 41 22 han
211 858 36 21 vill
270 859 44 20 låta
335 858 94 27 påskina.
460 857 48 22 Men
535 858 68 21 blefve
629 857 25 22 de
679 858 35 21 det
740 857 71 26 också,
834 859 24 20 så
882 860 24 19 är

81 887 54 21 dock
159 887 73 26 frågan
255 887 22 21 af
297 893 25 15 en
344 887 24 21 så
390 887 95 27 oändligt
508 889 45 19 stor
575 887 44 26 vigt
640 887 35 21 för
698 886 148 28 vetenskapen,
872 888 32 20 att

81 928 25 4 —
122 916 37 26 jag
180 922 106 21 upprepar
309 916 36 20 det
360 928 27 3 —
403 922 25 15 en
451 915 135 27 hushållning
608 916 39 20 här
669 916 70 21 blefve
762 922 25 14 en
804 915 101 21 misshus-

81 944 101 27 hållning.

150 974 55 21 Herr
227 972 116 27 Malmgren
365 973 39 21 har
426 972 70 27 dragit
513 973 6 20 i
538 972 124 22 tvifvelsmål
686 972 36 21 det
743 972 164 26 telegramsvar,

82 1008 45 16 som
147 1002 37 28 jag
206 1001 89 27 uppläst.
324 1002 42 26 Jag
387 1003 35 19 vet
444 1001 45 21 icke
505 1000 48 22 med
567 1002 54 20 huru
637 1001 41 26 hög
692 1003 45 19 röst
751 1000 36 28 jag
806 1000 100 28 uppläste

82 1030 122 22 detsamma.
234 1030 42 21 Det
291 1030 47 24 kan,
354 1034 34 17 om
404 1031 23 21 så
442 1029 89 27 fordras,
548 1030 98 26 uppläsas
662 1030 60 26 ånyo.
745 1029 49 21 Men
813 1029 27 21 då
856 1030 50 20 herr

81 1059 117 27 Malmgren
214 1058 126 22 framkastar
356 1065 25 15 en
392 1058 127 22 insinuation
534 1058 71 26 sådan,
621 1060 31 19 att
667 1058 37 21 vår
720 1058 98 27 frejdade
836 1058 69 21 lands-

81 1094 48 15 man
152 1087 107 28 professor
277 1087 154 21 Nordenskiöld
447 1087 69 21 kunde
532 1086 30 22 fås
578 1088 32 20 att
625 1086 58 28 gifva
698 1086 80 22 hvilket
796 1092 48 16 svar
860 1092 45 15 som

81 1117 61 25 helst,
157 1117 24 21 så
191 1116 37 21 vill
240 1116 37 26 jag
293 1116 95 21 deremot
402 1115 83 27 inlägga
501 1122 25 14 en
543 1116 39 21 den
598 1115 53 21 allra
666 1117 119 24 strängaste
805 1121 100 20 gensaga.

80 1145 41 27 Jag
143 1145 76 23 kunde,
240 1150 34 16 om
290 1145 36 26 jag
341 1144 78 26 ansåge
434 1144 49 26 låga
497 1144 151 21 insinuationer
663 1150 51 15 vara
730 1143 36 22 det
785 1145 63 25 rätta,
865 1143 41 22 vis-

79 1174 54 21 å-vis
149 1173 55 23 hvad
213 1173 49 21 herr
273 1173 116 27 Malmgren
399 1173 103 27 åberopat
512 1179 34 15 om
557 1172 115 28 Vijkander
690 1172 75 22 anföra
777 1172 128 22 detsamma.

78 1202 50 22 Men
143 1208 49 16 vare
209 1202 58 22 detta
283 1202 58 26 långt
356 1201 55 22 ifrån
428 1202 46 25 mig.

147 1231 40 27 Jag
208 1230 38 22 ber
268 1230 82 22 således
372 1232 56 20 ännu
447 1230 27 26 pä
489 1230 35 21 det
539 1232 111 22 varmaste,
667 1231 31 20 att
713 1229 195 27 Borgareständet,

79 1267 52 20 som,
147 1260 69 23 såvidt
234 1260 37 27 jag
286 1260 79 21 känner
381 1259 35 22 det
432 1258 46 23 från
493 1258 88 27 fordom,
598 1258 59 23 alltid
674 1259 37 21 har
727 1258 46 22 haft
788 1260 30 19 ett
834 1260 68 25 öppet

79 1291 41 24 öga
133 1289 33 22 för
182 1289 67 23 saker,
265 1295 46 14 som
326 1290 37 19 äro
379 1288 193 27 behjertansvärda,
588 1287 64 22 också
667 1288 5 20 i
690 1287 67 22 denna
776 1287 60 26 fråga
850 1287 53 21 icke

79 1318 66 21 måtte
167 1318 44 21 låta
226 1317 22 21 af
265 1317 39 21 den
320 1317 53 21 enda
388 1317 97 21 fackman
505 1317 39 21 här
563 1316 66 21 finnes
646 1316 47 21 leda
710 1315 33 28 sig
761 1316 85 25 derhän,
867 1317 37 19 att

79 1347 84 21 ståndet
185 1347 65 21 fattar
272 1347 31 20 ett
323 1345 75 26 beslut,
420 1351 46 16 som
489 1345 84 22 ståndet
593 1345 120 22 sedermera
729 1345 46 20 icke
791 1345 40 21 kan
847 1343 57 27 god-

84 1375 77 22 känna.

147 1431 55 22 Herr
218 1431 163 22 Snellman:
402 1431 80 21 Genom
499 1433 30 18 att
545 1433 78 24 antaga
638 1431 117 20 utskottets
767 1430 135 21 betänkande

77 1460 68 22 skulle
160 1459 179 27 Borgareständet
354 1459 62 22 ställa
432 1459 73 21 hinder
519 1459 6 20 i
542 1461 65 24 vägen
622 1458 32 21 för
668 1457 190 22 ästadkommande
882 1457 27 21 af

79 1495 26 16 en
123 1487 65 23 sådan
210 1494 56 16 mera
281 1487 131 22 omfattande
427 1487 134 22 observation
576 1487 7 21 i
599 1486 67 23 finska
682 1487 154 26 Lappmarken,
852 1492 23 15 so
885 1492 19 15 m

79 1518 23 21 af
115 1517 140 28 petitionären
271 1517 39 22 och
330 1517 107 26 professor
452 1516 119 22 Lemström
587 1516 38 21 har
641 1515 67 22 blifvit
725 1515 106 22 förordad.
864 1515 43 26 Jag
