1120 1803
220 125 43 22 378
449 131 175 20 Borgareståndet
637 131 57 17 1882.
716 131 12 17 7
739 135 60 13 mars.

223 199 121 28 Ryssland”;
367 200 45 26 ,2:0
434 199 46 22 från
496 202 63 19 annat
575 199 66 21 land".
668 199 72 22 Sävidt
753 200 37 27 jag
805 200 63 21 fattat
884 199 71 26 saken,
971 202 23 19 är
1005 200 36 21 det

222 228 55 21 dock
293 228 116 26 meningen,
424 230 32 19 att
471 227 116 22 skillnaden
602 228 67 26 gäller
684 228 49 27 rysk
747 228 75 21 råvara
838 228 39 21 och
892 229 100 20 utländsk
1008 229 33 20 rå-

223 263 57 20 vara,
303 257 45 21 icke
371 255 77 27 landet,
471 256 107 22 hvarifrån
594 256 68 22 denna
677 256 74 22 råvara
766 257 109 21 inhemtas.
907 256 48 22 Men
971 258 69 20 såsom

220 285 127 27 stadgandet
363 291 29 16 nu
407 287 23 19 är
445 285 121 26 stiliseradt,
583 285 69 22 kunde
669 291 53 19 man,
739 285 26 22 då
776 286 40 21 den
828 285 113 22 utländska
952 286 88 21 råvaran

222 317 24 19 är
268 313 104 28 betydligt
393 314 64 25 högre
480 314 119 25 beskattad,
622 316 26 19 än
669 313 39 22 den
724 314 68 27 ryska,
807 314 96 26 begagna
918 314 32 27 sig
965 315 22 20 af
1001 315 39 20 den

221 345 91 24 utvägen
335 345 32 18 att
388 342 52 21 först
463 343 114 26 importera
597 343 93 20 tobaken
713 343 31 20 till
768 343 104 26 Ryssland
894 343 39 21 och
949 343 91 21 derifrån

221 371 72 21 hemta
315 371 39 21 den
377 370 58 22 öfver
457 371 32 21 till
512 370 96 25 Finland,
624 371 27 21 då
667 370 40 22 den
723 370 67 22 skulle
805 370 155 22 tullbehandlas
976 371 65 27 enligt

221 400 26 21 de
269 400 59 27 lägre
351 399 225 26 bevillningssatserna.
607 400 40 20 Det
669 401 24 19 är
715 400 35 20 väl
773 399 87 28 möjligt,
877 402 30 18 att
923 400 39 21 den
978 400 63 27 ryska

222 428 192 27 tullagstiftningen
438 427 32 22 för
492 428 131 21 närvarande
645 428 47 21 icke
713 428 80 21 tillåter
815 435 25 14 en
863 428 65 21 sådan
944 430 97 25 omgång,

221 462 48 16 men
292 463 28 15 nu
342 454 98 29 gällande
457 457 67 26 tullag
542 457 7 21 i
564 456 103 27 Ryssland
683 456 40 21 kan
739 457 83 26 ändras,
839 456 39 22 och
893 458 19 20 vi
929 456 51 22 böra
994 457 47 21 icke

222 488 53 25 göra
289 486 38 20 vår
342 484 163 28 tullagstiftning
520 485 106 22 beroende
641 485 22 21 af
677 485 38 21 den
733 486 68 26 ryska.
833 486 37 21 Ett
885 485 156 27 förtydligande

223 520 49 16 vore
287 514 82 21 således
385 514 38 20 här
438 513 22 21 af
474 514 74 21 nöden.

290 543 61 21 Hvad
366 542 65 21 sedan
447 542 75 26 sjelfva
537 542 220 26 bevillningssatserna
773 542 106 24 beträffar,
895 544 61 25 säger
966 543 73 21 bevill-

221 571 166 27 ningsutskottet
402 571 6 20 i
424 571 36 21 sitt
476 570 138 26 betänkande,
630 572 32 19 att
678 570 35 22 det
728 570 44 21 haft
787 570 109 22 förmonen
913 575 31 17 att
960 570 20 22 få
992 574 48 24 taga

221 599 118 22 kännedom
356 599 20 22 af
391 601 31 19 ett
437 600 6 20 i
459 599 59 22 detta
528 601 60 20 ämne
599 598 46 22 utaf
655 601 72 25 expert
738 599 84 27 afgifvet
833 600 116 21 utlåtande.
976 600 63 21 Hvari

221 628 69 22 denna
305 628 82 21 förmån
404 627 84 26 bestått,
505 630 24 18 är
544 628 54 21 dock
613 627 98 27 ofattligt,
727 627 27 21 då
764 628 105 21 utskottet
879 628 46 21 icke
936 629 26 26 på
975 629 65 26 något

221 658 44 19 sätt
279 656 143 26 tillgodogjort
437 656 31 26 sig
484 657 25 20 de
524 656 105 27 uppgifter
644 658 100 24 experten
756 656 84 21 lemnat.
856 657 106 25 Experten
974 656 64 22 fram-

221 684 66 22 håller
309 687 13 18 t.
340 691 37 19 ex.,
400 685 68 21 såsom
491 684 65 22 redan
578 684 50 21 herr
650 684 94 22 Grönvik
766 685 84 24 uttalat,
866 687 32 19 att
913 685 63 27 ryska
991 685 49 21 blad

221 713 40 21 och
284 712 98 22 utländsk
404 713 63 26 stjelk
490 715 73 24 utgöra
579 714 35 19 det
630 712 151 26 öfvervägande
797 713 142 21 råmaterialet
955 714 32 20 för
1006 716 34 19 to-

221 741 209 22 baksfabrikationen
446 742 6 20 i
468 742 45 20 vårt
536 741 50 22 land
608 740 39 22 och
670 743 31 19 att
725 741 39 21 den
787 742 148 21 amerikanska
950 742 90 27 stjelken

221 770 81 21 kunnat
317 770 56 21 utstå
390 770 130 21 konkurrens
536 770 46 21 med
594 770 40 21 den
644 769 83 28 mycket
743 772 68 19 sämre
822 771 38 20 och
871 770 95 27 billigare
977 771 63 26 ryska

221 805 71 20 varan,
316 799 46 21 med
385 805 29 14 nu
432 799 92 20 varande
539 798 114 24 tullsatser,
670 798 71 21 hvilka
756 800 69 25 utgått
841 800 47 20 med
903 800 13 19 2
932 800 59 21 mark
1006 799 34 22 för

221 827 27 22 de
264 827 62 27 ryska
342 827 75 21 bladen
432 828 39 21 och
487 829 11 19 3
514 827 60 22 mark
590 827 32 21 för
637 827 39 21 den
693 828 148 21 amerikanska
855 828 90 27 stjelken
957 834 38 21 per
1006 828 34 21 lis-

222 857 62 26 pund.
315 855 109 22 Utskottet
446 857 39 20 har
509 856 53 22 dock
581 855 109 27 godkändt
705 857 162 26 propositionen,
885 857 83 21 hvilken
985 856 55 22 före-

221 885 43 21 slår
279 885 32 21 för
326 885 64 26 ryska
405 884 49 22 blad
469 891 25 15 en
509 885 115 25 bevillning
639 884 21 21 af
675 885 12 20 3
704 885 59 20 mark
779 885 38 21 och
833 885 32 21 för
876 886 39 21 den
926 885 114 22 utländska

221 913 89 26 stjelken
326 914 13 19 4
354 913 60 22 mark
437 915 26 20 50
486 914 62 26 penni
573 920 38 20 per
625 913 90 27 lispund.
745 913 154 27 Proportionen
915 914 22 21 af
952 915 11 20 2
980 913 31 22 till
1027 915 12 20 3

221 944 24 19 är
268 942 122 26 visserligen
414 941 125 22 bibehållen.
570 942 48 21 Men
637 942 36 21 det
689 944 22 18 är
727 942 46 21 icke
789 943 70 26 derpå,
877 943 35 20 det
928 943 37 20 här
981 943 58 21 kom-

221 976 44 15 mer
287 977 33 17 an,
343 974 51 17 utan
419 971 27 25 på
461 971 40 20 den
516 970 131 21 aritmetiska
663 970 108 21 skilnaden
788 971 89 21 emellan
893 971 145 26 tullsatserna;

221 999 68 21 denna
312 999 83 21 komme
416 998 93 23 härefter
526 1002 31 18 att
572 1001 75 25 utgöra
665 999 44 26 1'/,
725 999 59 21 mark
800 999 31 22 för
848 999 140 28 bevillningen
1004 1005 35 16 en-

219 1033 53 21 sam,
294 1028 39 20 och
356 1034 32 14 om
413 1027 71 22 härtill
508 1028 71 27 lägges
602 1027 108 22 skilnaden
733 1028 30 21 uti
779 1029 118 22 tullsatsen,
914 1028 68 21 blefve
998 1029 40 20 den

220 1056 158 25 sammanlagda
393 1056 109 21 skilnaden
515 1057 6 20 i
532 1056 84 27 afoifter
626 1056 32 21 för
669 1056 160 27 ifrågavarande
845 1063 61 14 varor
917 1057 43 26 21/,
972 1057 67 24 mark,

220 1085 7 20 i
243 1084 70 22 stället
336 1084 32 21 för
383 1087 32 19 att
431 1085 38 20 den
486 1084 106 22 härintills
607 1085 54 20 varit
677 1090 24 15 en
717 1085 67 21 mark.
814 1085 110 21 Utskottet
938 1085 40 21 har
993 1086 45 21 icke

221 1113 78 21 lemnat
314 1114 68 26 någon
398 1114 118 26 utredning,
532 1113 104 22 huruvida
650 1114 47 20 icke
712 1114 67 20 denna
795 1114 67 21 ökade
872 1114 92 21 skillnad
976 1114 62 21 emel-

221 1142 33 21 lan
271 1141 137 22 tullsatseroa
418 1143 12 21 &
442 1143 60 20 dessa
517 1148 61 16 varor
594 1142 59 22 skola
669 1142 107 21 föranleda
788 1143 44 26 just
849 1143 40 25 det,
906 1149 44 15 som
966 1149 72 20 exper-

220 1173 36 19 ten
279 1170 114 22 framhällit
409 1172 68 20 säsom
494 1178 24 14 en
536 1171 116 26 olägenhet,
668 1171 104 27 nämligen
788 1174 32 18 att
835 1172 39 21 den
891 1174 67 18 sämre
974 1172 63 27 ryska

221 1206 64 14 varan
301 1200 95 20 kommer
411 1202 30 18 att
456 1202 100 24 uttränga
572 1200 40 20 den
628 1200 69 20 bättre
715 1200 118 20 utländska.

288 1227 78 21 Vidare
381 1228 38 21 har
435 1231 99 23 experten
550 1228 121 25 framhällit,
687 1230 31 19 att
734 1228 49 26 rysk
797 1228 63 26 stjelk
873 1228 164 22 förnärvarande

219 1256 81 27 knappt
323 1256 37 21 har
382 1257 68 25 nägon
473 1256 133 27 användning
622 1256 33 21 vid
671 1256 232 22 tobaksfabrikationen
920 1257 5 20 i
942 1257 96 21 Finland.

221 1285 64 21 Detta
308 1284 39 21 bar
370 1285 54 20 varit
449 1284 140 22 förhällandet
604 1285 27 20 dä
645 1285 110 21 tullsatsen
772 1285 52 21 varit
847 1287 2 19 1
868 1286 60 20 mark
943 1285 33 21 för
990 1286 50 26 rysk

219 1313 63 27 stjelk
303 1313 39 21 och
365 1314 11 20 3
401 1313 59 21 mark
482 1313 31 21 för
536 1313 39 21 den
596 1313 117 21 utländska.
744 1314 70 26 Enligt
831 1314 113 21 utskottets
960 1314 78 27 förslag

219 1342 84 20 komme
326 1342 39 20 den
390 1342 62 25 ryska
472 1342 88 25 stjelken
576 1344 32 18 att
624 1341 62 21 hafva
702 1348 25 14 en
744 1342 113 26 bevilloing
872 1342 21 20 af
909 1344 9 18 1
937 1343 58 19 mark
1011 1344 27 19 50

219 1369 64 26 penni
297 1369 39 20 och
352 1369 39 21 den
407 1369 111 21 utländska
534 1369 90 27 stjelken
639 1371 13 18 4
668 1369 60 22 mark
743 1370 27 20 50
786 1370 69 26 penni,
871 1370 62 21 alltsä
948 1376 25 14 en
989 1370 49 20 skil-

220 1398 41 20 nad
277 1397 21 21 af
313 1398 11 20 3
340 1397 68 24 mark,
430 1397 85 21 hvartill
537 1398 122 26 ytterligare
674 1398 32 20 får
721 1397 71 28 läggas
808 1398 109 21 skilnaden
933 1399 6 20 i
955 1398 83 22 tullsat-

219 1432 62 15 serna
297 1426 45 21 med
360 1426 11 19 2
388 1426 65 25 mark,
470 1426 85 21 hvarför
570 1426 92 21 härefter
677 1426 109 22 skilnaden
801 1427 154 26 sammanlagdt
970 1427 68 21 skulle

221 1454 65 22 blifva
307 1455 6 20 5
329 1455 67 20 mark.
420 1454 79 27 Frägas
510 1455 52 25 åter,
574 1461 34 15 om
619 1454 46 22 icke
676 1455 59 22 äfven
747 1455 58 21 detta
816 1455 53 22 skall
880 1456 115 26 föranleda,
1006 1458 32 19 att

219 1483 40 22 den
275 1483 113 22 utländska
403 1483 89 27 stjelken
508 1484 95 21 kommer
617 1486 32 19 att
664 1483 157 28 undanträngas
837 1484 22 21 af
869 1485 39 21 den
919 1487 68 19 sämre
998 1485 40 21 och

220 1513 57 26 lägre
293 1512 124 21 beskattade
436 1513 61 26 ryska
513 1513 95 26 stjelken,
624 1512 38 21 och
677 1512 111 22 framkalla
803 1513 107 22 underslef
925 1513 6 21 i
948 1513 90 22 fabrika-
