1120 1823
202 124 44 22 520
433 128 177 23 Borgareståndet
622 129 55 17 1882.
702 128 23 18 15
737 133 61 13 mars.

206 198 22 22 af
242 198 143 27 föreliggande
400 198 120 26 lagförslag.
551 198 28 21 Af
593 197 59 22 såväl
668 198 39 20 den
723 197 77 27 nådiga
812 196 157 28 propositionen
979 202 45 16 som

206 227 116 21 utskottets
345 226 134 22 betänkande
501 226 99 26 framgår,
623 228 32 19 att
677 232 29 15 nu
720 225 98 27 gällande
834 225 192 27 lagbestämningar

207 256 92 21 rörande
315 254 227 28 fabriksinteckningar
557 257 37 19 äro
610 254 7 21 i
632 254 75 27 högsta
722 255 67 21 måtto
806 254 127 27 bristfälliga
944 254 39 22 och
993 255 34 20 att

207 284 32 21 till
255 284 51 26 följd
320 283 63 22 häraf
396 284 147 26 förändringar
559 284 102 26 påkallas,
677 283 80 26 gående
773 286 23 18 ut
810 283 28 27 på
848 284 32 20 att
891 283 44 21 dels
945 282 81 22 undan-

206 312 61 27 rödja
283 312 25 21 de
323 312 81 24 hinder,
420 318 44 15 som
480 318 28 15 nu
523 312 56 27 ligga
595 312 6 20 i
617 313 66 25 vägen
698 311 33 21 för
745 311 183 27 tillgodogörande
952 311 22 21 åt
995 311 32 21 in-

207 340 82 22 dustrin
305 341 21 21 af
341 347 25 15 en
381 340 34 21 för
430 341 48 21 dess
493 340 120 26 utveckling
635 340 63 26 nödig
720 340 76 26 kredit,
815 340 43 21 dels
873 339 112 28 förtydliga
1001 341 27 19 de

208 370 73 27 lagens
296 369 164 27 bestämningar,
476 375 44 15 som
536 370 76 20 beröra
627 369 23 21 sä
665 369 79 26 vigtiga
759 368 153 27 förhållanden,
928 374 45 16 som
987 368 40 22 den

206 398 107 22 allmänna
336 398 102 22 krediten.
469 398 40 21 Det
532 404 61 21 synes
616 397 23 21 af
660 397 154 27 handlingarna
837 398 100 20 hurusom
960 398 13 21 ä
987 404 41 14 ena

206 427 61 22 sidan
289 427 66 22 under
378 427 93 21 tidernas
486 426 49 27 lopp
554 427 35 21 det
605 426 109 21 rättsbruk
729 426 140 27 uppkommit,
885 428 33 19 att
933 428 44 19 mot
991 426 37 21 lån

207 455 32 22 för
255 455 40 21 den
310 455 134 22 industriella
459 455 101 27 näringen
575 454 162 27 pantförskrifva
760 455 72 26 sjelfva
852 454 96 22 fabriken
962 455 67 26 jemte

208 484 31 21 till
264 484 39 21 den
326 484 94 21 hörande
443 484 142 26 maskinerier,
609 483 87 22 effekter
718 490 27 15 m.
762 490 27 14 m.
806 483 37 22 och
860 486 31 19 att
906 483 28 27 på
948 483 80 22 sådana

207 513 163 28 förskrifningar
392 513 145 26 inteckningar
559 512 117 22 meddelats
698 512 6 21 i
727 513 48 21 stöd
798 512 22 22 af
841 513 25 21 de
889 513 138 27 stadganden,

207 548 45 15 som
275 541 57 27 gälla
354 541 123 27 förlagslån,
499 548 48 15 men
568 544 31 19 att
615 542 26 25 på
657 541 64 21 andra
739 542 59 20 sidan
814 541 68 22 denna
897 542 70 26 praxis
983 541 46 22 icke

208 571 87 22 odeladt
317 571 85 21 erkänts
418 571 68 20 såsom
505 571 70 26 rigtig,
593 569 39 22 och
647 572 32 19 att
694 569 71 22 derför
780 570 60 21 äfven
856 570 79 21 sådana
948 570 81 21 inteck-

207 599 82 27 ningar,
305 600 67 21 ehuru
388 599 105 26 medgifna
508 600 32 20 till
556 599 114 21 industrins
686 598 95 26 fromma,
804 599 22 21 af
845 604 26 16 en
886 599 34 20 del
936 599 93 21 domsto-

207 629 33 20 Jar
260 627 31 22 till
307 628 38 21 och
361 627 47 22 med
424 628 135 25 underkänts,
577 627 69 21 derest
660 627 46 21 icke
723 627 79 21 kunnat
818 627 60 26 visas,
895 629 32 20 att
942 627 87 22 fordran

208 657 107 26 verkligen
337 657 55 21 varit
416 663 25 14 en
465 656 164 27 förlagsfordran
645 657 7 20 i
668 656 59 21 detta
748 656 49 21 ords
820 656 106 27 egentliga
948 656 81 21 bemär-

207 686 65 21 kelse.
295 698 27 3 —
345 686 39 21 Att
400 685 91 27 afhjelpa
507 686 59 20 detta
589 685 219 21 osäkerhetstillstånd
831 685 39 21 och
892 685 58 21 inom
974 686 57 21 vissa

207 716 88 25 gränser
310 714 111 27 legalisera
443 714 137 27 förrbesagda
595 713 22 22 af
631 713 159 22 förhållandena
804 714 146 21 frammanade
965 716 65 20 rätts-

210 743 61 26 bruk,
293 745 24 20 är
339 743 246 26 författningsförslagets
608 742 104 27 syftemål.
744 742 44 22 Och
810 743 115 26 medgifvas
941 743 40 26 må,
997 745 34 19 att

210 772 59 21 såväl
291 772 159 27 propositionen
466 778 44 15 som
526 772 237 21 utskottsbetänkandet
785 771 101 22 innefatta
902 772 128 21 bestämnin-

208 807 46 21 gar,
270 807 45 15 som
330 801 146 26 väsendtligen
491 801 99 26 klargöra
607 800 140 21 förhållandet
769 801 130 21 beträffande
922 801 40 21 den
978 802 52 24 rätt,

209 836 45 15 som
277 836 75 20 genom
374 829 230 27 fabriksinteckningen
626 829 79 26 vinnes,
731 829 106 22 äfvensom
862 830 38 21 den
920 830 110 27 egendom,

210 865 46 14 som
272 859 41 20 kan
329 860 75 25 utgöra
419 858 88 21 föremål
523 859 32 20 för
571 864 24 15 en
612 858 64 21 sådan
692 858 130 26 inteckning;
844 865 48 14 men
908 861 32 18 att
955 858 76 27 sjelfva

209 887 163 22 rättsinstitutet
394 893 75 21 genom
495 887 34 21 det
553 893 40 21 nya
609 887 237 27 författningsförslaget
862 887 68 21 skulle
945 888 6 20 i
967 887 63 21 önsk-

209 916 52 21 värd
284 916 48 21 mån
355 916 108 21 utvecklas
486 916 51 21 eller
553 919 31 17 att
601 916 103 20 industrin
721 916 121 25 derigenom
858 916 67 21 skulle
943 916 88 21 beredas

208 944 109 22 lättnader
331 944 5 21 i
354 947 32 19 att
402 945 65 21 anlita
490 945 38 21 den
553 944 105 21 allmänna
679 945 104 24 krediten,
798 944 43 22 kan
854 944 36 27 jag
905 945 47 21 icke
967 944 64 22 finna.

209 973 101 21 Tvärtom
325 973 65 21 blifva
404 974 135 26 undantagen
555 973 45 21 från
617 974 53 20 hvad
686 980 45 14 som
747 974 22 20 af
783 973 64 22 sådan
871 974 101 26 egendom
988 974 43 21 kan

209 1001 149 28 hypothiseras
374 1001 70 22 alltför
460 1003 82 26 många,
558 1002 38 21 och
613 1002 193 26 begränsningarna
822 1002 6 21 i
850 1002 63 26 öfrigt
928 1002 24 21 sä
967 1004 64 26 stora,

210 1034 32 18 att
258 1037 48 15 man
321 1031 42 21 kan
379 1032 56 25 säga,
451 1033 31 19 att
499 1032 66 25 lagen,
583 1037 33 15 om
633 1031 39 20 den
688 1033 94 25 antages,
799 1037 49 15 vare
864 1032 30 26 sig
906 1031 65 28 enligt
981 1038 50 20 pro-

209 1059 120 28 positionen
346 1059 51 21 eller
412 1060 115 21 utskottets
543 1060 139 24 betänkande,
704 1060 96 21 kommer
814 1063 32 18 att
861 1060 95 21 medföra
971 1063 60 24 nytta

211 1089 91 20 allenast
317 1089 32 20 för
364 1089 53 25 dem,
434 1088 61 21 hvars
511 1088 131 21 industriella
657 1089 51 20 verk
720 1090 37 19 äro
769 1089 89 26 anlagda
869 1089 27 26 på
908 1089 60 21 deras
979 1095 51 20 egen

210 1117 103 26 fastighet
336 1116 51 22 eller
402 1117 6 20 i
425 1117 61 21 deras
509 1119 47 24 eget
580 1117 39 21 hus
637 1117 51 20 eller
703 1117 52 26 gård
771 1117 6 20 i
793 1117 81 21 staden.
904 1117 48 21 Men
969 1117 62 22 äfven

210 1145 33 22 för
264 1146 46 21 dem
329 1145 116 21 innefattar
461 1145 134 27 lagförslaget
610 1145 129 27 väsendtliga
755 1145 183 26 inskränkningar,
953 1147 30 26 ity
999 1148 33 18 att

212 1173 138 27 ovilkorligen
367 1174 75 26 sjelfva
456 1174 127 27 fastigheten
599 1175 67 20 måste
682 1174 109 21 intecknas
806 1174 33 21 för
854 1177 32 18 att
901 1174 80 21 erhålla
996 1174 35 21 lån

210 1203 29 26 på
255 1202 103 25 fabriken,
374 1202 106 21 äfvensom
496 1203 13 20 å
523 1203 66 20 andra
605 1203 59 20 sidan
680 1203 120 25 inteckning
816 1203 23 20 af
852 1203 133 26 fastigheten,
999 1202 32 21 för

209 1231 87 20 hvilken
311 1237 69 14 annan
396 1231 85 20 fordran
497 1237 45 14 som
558 1231 62 24 helst,
637 1232 49 19 utan
704 1230 69 21 vidare
788 1231 77 25 jemväl
888 1231 96 20 kommer
999 1233 33 18 att

210 1265 89 20 gravera
315 1259 25 20 de
356 1259 50 20 derå
421 1259 90 27 anlagda
527 1259 132 21 industriella
674 1259 83 21 verken.
775 1271 27 3 —
814 1259 40 26 Jag
866 1259 85 26 medger
960 1265 71 21 gerna,

210 1289 33 20 att
258 1288 48 20 med
322 1287 148 21 bibehållande
486 1287 24 21 af
523 1289 139 19 rättsnormer
684 1287 32 21 för
739 1287 120 28 inteckning
875 1287 21 22 af
911 1287 41 22 fast
968 1293 63 21 egen-

211 1316 49 21 dom
275 1315 109 22 äfvensom
400 1315 23 20 af
436 1316 132 27 principerna
584 1317 5 20 i
606 1316 36 21 vår
658 1315 34 27 lag
706 1316 92 21 rörande
813 1318 95 25 panträtt
919 1317 5 20 i
937 1317 94 26 lösegen-

210 1345 57 26 dom,
284 1344 35 21 det
334 1344 41 21 kan
392 1350 48 15 vara
456 1344 57 21 svårt
529 1347 33 18 att
577 1344 58 21 bilda
651 1346 31 19 ett
696 1345 254 25 undantagsförhållande
961 1345 31 20 för
1003 1352 28 13 nu

209 1373 163 26 ifrågavarande
395 1372 45 26 slag
463 1373 22 20 af
507 1373 106 25 egendom,
637 1378 46 15 men
707 1373 26 20 då
756 1373 76 20 sådant
846 1373 8 20 i
869 1372 73 26 sjelfva
958 1372 74 21 verket

211 1400 84 21 härtills
311 1403 35 24 egt
361 1405 53 20 rum,
429 1401 51 20 utan
497 1403 31 18 att
544 1401 67 26 någon
628 1400 112 25 olägenhet
753 1401 59 20 deraf
822 1401 110 26 försports,
944 1401 42 20 kan
995 1401 36 27 jag

210 1428 47 22 icke
280 1428 66 22 förstå
368 1428 86 21 hvarför
477 1435 54 19 man,
554 1429 34 20 vid
611 1428 81 22 tillfälle
714 1431 32 19 att
769 1429 97 21 utveckla
888 1429 71 27 saken,
977 1429 53 22 skall

210 1463 76 21 genom
302 1459 82 25 strängt
400 1457 141 21 fasthållande
557 1457 22 22 af
593 1464 110 15 normerna
719 1458 32 21 för
767 1458 121 27 inteckning
898 1459 6 20 i
915 1459 117 20 allmänhet

210 1489 50 24 taga
276 1488 30 19 ett
321 1488 46 25 steg
382 1486 96 21 tillbaka.
