1125 1825
300 122 179 22 Borgareståndet
490 124 59 16 1882.
573 124 14 16 4
599 124 99 16 februari.
884 118 27 19 63

160 191 134 22 Memorialet
310 192 117 26 upplästes;
444 192 50 20 derå
505 192 154 26 Ridderskapet
673 192 37 20 och
724 192 75 24 Adeln,
810 192 26 26 på
848 191 63 21 fram-

91 220 101 27 ställning
211 220 23 20 af
248 220 48 20 herr
312 220 211 27 Landtmarskalken,
539 220 100 26 enhälligt
656 220 99 20 förenade
770 220 31 26 sig
817 226 34 15 om
867 220 45 20 det-

90 254 82 16 samma
194 248 39 22 och
256 248 99 27 hänskjöt
378 249 87 21 ärendet
485 249 31 20 till
534 249 110 21 Allmänna
661 249 102 20 Petitions
779 248 111 21 Utskottet
905 248 6 20 i

90 276 7 21 i
113 276 100 22 afseende
229 277 12 20 å
256 276 153 22 förberedande
426 277 133 27 behandling.

647 338 22 18 In
681 338 64 18 fidem:

555 384 71 22 Victor
640 385 25 21 de
681 384 22 21 la
721 384 120 28 Chapelle.»

161 484 32 20 2:0
216 483 46 21 frän
285 482 159 22 Presteständet
467 483 31 21 för
521 484 38 20 den
575 483 26 20 27
618 482 37 21 och
672 483 27 21 39
715 482 95 21 sistlidne
825 482 88 21 Januari

89 513 57 20 samt
162 512 40 21 den
219 513 12 20 2
248 512 78 21 dennes
342 511 151 22 meddelande:

160 568 32 22 till
214 570 70 20 hvilka
306 569 83 21 utskott
404 569 85 21 ständet
504 569 118 21 remitterat
638 569 76 25 nädiga
730 568 183 27 propositionerna

92 598 56 21 N:ris
165 599 79 22 1—32;
260 598 38 22 och

161 659 31 18 att
215 656 164 25 Presteständet,
403 656 6 21 i
428 655 93 27 enlighet
537 655 45 22 med
599 658 30 19 ett
647 655 21 22 af
683 657 84 25 prosten
784 655 58 27 Hjelt
857 656 56 21 inom

92 685 85 22 ständet
199 685 121 21 framstäldt
342 683 79 29 förslag
443 691 33 14 om
500 683 105 23 aflätande
626 684 46 21 frän
695 684 83 21 landets
802 684 112 27 höglofliga

92 713 91 22 Ständer
198 715 33 20 vid
247 713 141 22 innevarande
404 713 103 27 landtdag
521 713 23 21 af
559 720 24 14 en
599 719 119 21 gemensam
736 713 130 26 underdänig
878 714 37 21 ad-

94 749 44 15 ress
160 743 7 20 i
188 743 114 26 anledning
317 742 23 21 af
354 742 59 21 Hans
430 742 97 27 Majestät
542 742 76 26 Kejsar
634 742 118 21 Alexander
767 741 51 22 III:s
833 742 82 27 uppsti-

97 771 68 26 gande
189 771 27 27 pä
238 771 97 21 Thronen
352 774 54 18 samt
422 777 24 15 en
463 771 68 20 dertill
548 771 61 26 fogad
626 771 131 26 underdänig
773 770 96 22 anhällan
881 777 34 14 om

93 799 79 28 Nädigt
187 800 95 21 tillstånd
298 802 32 19 att
346 800 91 21 anställa
453 806 25 14 en
490 799 237 27 nationalsubskription
738 800 33 20 för
783 799 132 27 uppresande

94 829 20 20 af
136 835 25 15 en
183 829 134 20 minnesvärd
339 830 23 20 ät
382 828 58 21 Hans
456 828 110 26 Majestäts
582 828 166 26 händangängne
765 828 59 26 Höge
840 828 74 27 Fader,

93 857 77 27 Kejsar
194 858 118 20 Alexander
334 857 27 26 II,
385 859 70 19 ansett
477 857 32 20 för
532 857 30 21 sin
582 857 33 21 del
638 857 107 26 enhälligt,
761 858 32 20 att
809 863 24 14 en
849 857 66 21 sädan

95 887 88 20 förenad
199 887 73 20 adress
287 886 38 21 och
342 886 99 21 anhällan
454 885 65 22 borde
533 886 21 21 af
563 886 120 21 Ständerna
693 888 131 24 gemensamt
835 885 80 26 aflätas,

94 915 99 22 hvarföre
208 915 89 22 Ständet
313 915 57 21 velat
385 921 74 21 genom
475 914 46 21 frän
538 915 88 21 Ständet
641 917 74 25 genast
731 913 104 29 afgäende
851 914 64 27 depu-

93 944 68 22 tation
181 944 87 26 inbjuda
286 944 121 27 respektiva
422 944 138 21 Medständen
576 944 32 21 till
624 943 126 27 deltagande
765 944 7 20 i
788 944 128 21 densamma.

93 974 11 20 I
118 973 152 27 sammanhang
286 973 85 21 dermed
388 973 54 20 hade
458 972 158 22 Presteständet
628 972 86 21 beslutit
724 972 78 22 föreslå
813 972 31 21 för
856 972 59 21 Med-

95 1002 95 25 stånden,
210 1004 31 18 att
264 1002 6 20 i
292 1002 98 21 afseende
411 1001 12 21 å
439 1003 96 19 närmare
551 1000 135 27 formulering
702 1000 22 22 af
738 1001 89 21 berörde
843 1001 72 21 adress

94 1031 39 20 och
159 1030 99 21 anhållan
286 1030 68 22 skulle
379 1030 65 26 väljas
470 1032 31 18 ett
523 1030 212 23 redaktionsutskott,
759 1030 114 20 bestående
896 1029 21 21 af

94 1062 76 18 tvenne
193 1059 117 21 ledamöter
331 1058 46 22 från
400 1058 73 26 hvarje
493 1058 71 26 Stånd.
581 1060 54 19 samt
650 1060 66 19 utsett
732 1058 31 21 till
780 1058 136 21 medlemmar

94 1087 7 21 i
117 1088 96 20 bemälda
229 1088 82 21 utskott
326 1088 141 26 Domprosten
483 1087 128 21 Renvall
627 1086 38 21 och
677 1086 97 22 Doktorn
785 1086 18 22 G
812 1086 104 26 eitlin;

166 1146 33 20 3:0
215 1145 46 21 från
276 1144 157 22 Bondeständet
449 1144 32 22 för
496 1145 40 21 den
553 1145 25 21 30
594 1144 88 22 Januari
699 1144 39 21 och
755 1144 39 21 den
807 1145 11 19 2
829 1144 7 20 i
848 1144 69 21 denna

97 1174 82 26 månad,
195 1173 201 28 tillkännagifvande

165 1231 33 22 till
220 1232 72 21 hvilka
310 1231 83 22 utskott
408 1231 85 22 ståndet
508 1231 118 22 remitterat
641 1231 76 27 nådiga
732 1231 185 27 propositionerna

96 1260 41 21 N:o
153 1260 19 26 6,
189 1261 19 26 9,
226 1262 31 23 10,
275 1261 31 25 14,
325 1261 31 25 16,
373 1261 33 24 24,
423 1261 26 20 25
467 1260 38 21 och
521 1261 36 24 29;

165 1319 33 20 val
222 1318 21 21 af
263 1317 137 22 medlemmar
421 1318 39 21 och
476 1318 136 26 suppleanter
627 1319 6 20 i
649 1319 51 25 lag-,
716 1317 115 24 ekonomi-,
847 1319 70 24 stats-,

98 1346 140 27 bevillnings-,
260 1347 71 23 bank-,
354 1345 106 22 allmänna
475 1346 101 25 besvärs-,
595 1346 116 27 jernvägs-,
727 1345 136 22 ständerhus-
879 1345 38 22 och

99 1375 251 26 expeditionsutskotten;
366 1377 55 19 samt

167 1434 32 19 att
222 1432 33 21 till
270 1432 84 21 ständet
372 1432 112 21 inlemnats
499 1434 75 19 tvenne
590 1431 185 28 petitionsförslag,
792 1431 36 22 det
843 1438 39 14 ena
898 1431 23 21 af

98 1460 49 21 herr
161 1461 25 20 E.
202 1461 100 20 Duncker
317 1466 25 14 m.
360 1459 28 27 fl.,
404 1460 22 20 af
440 1466 80 15 samma
536 1459 84 27 lydelse,
636 1465 46 15 som
698 1460 35 19 det
748 1459 7 20 i
771 1459 148 26 ofvanintagna

99 1489 194 26 protokollsutdrag
314 1487 46 22 frän
384 1488 155 25 Ridderskapet
560 1488 39 21 och
618 1487 68 22 Adeln
701 1487 180 26 förekommande,
897 1487 24 20 af

99 1517 49 22 herr
169 1517 148 27 Montgomery
339 1523 26 16 m.
390 1516 19 22 fl.
429 1517 32 21 till
477 1517 131 21 sistnämnda
624 1516 61 22 stånd
701 1515 86 27 ingifna,
803 1516 35 22 det
853 1516 67 21 andra
