1120 1817
219 132 41 20 354
422 136 177 22 Borgareståndet
610 137 58 17 1882.
693 138 28 16 28
733 137 100 17 februari.

218 205 61 21 bästa
294 205 49 27 vilja
359 204 35 22 det
409 205 46 21 icke
470 204 41 22 blir
526 205 81 27 möjligt
622 206 31 20 att
669 204 32 21 till
713 207 53 19 1:sta
777 205 259 27 Augusti
880 200 9 36 i
895 205 141 27 Lappmarken

218 234 70 20 utföra
312 234 35 20 det
370 233 79 25 arbete,
465 239 44 15 som
532 233 110 21 erfordras.
673 233 39 26 Jag
728 234 37 20 ber
779 235 32 19 att
827 233 20 21 fä
862 234 76 25 erinra,
954 236 32 18 att
1001 234 36 21 vid

218 261 199 27 polarkonferensen
429 261 7 21 i
447 261 30 21 St.
487 262 127 25 Petersburg
630 261 95 21 sistlidne
741 261 89 27 Augusti
846 262 77 20 månad
939 262 26 20 de
977 262 59 21 fleste

219 292 169 25 representanter
409 289 32 21 för
457 290 25 20 de
502 290 144 24 kulturstater,
663 290 72 20 hviika
750 290 88 21 ämnade
854 290 84 26 deltaga
953 290 6 20 i
976 290 61 22 dessa

218 319 211 26 polarexpeditioner,
445 318 65 21 redan
526 318 54 22 hade
596 319 32 21 sin
643 319 121 26 utrustning
780 318 74 27 färdig,
870 319 167 27 instrumenter
1027 314 12 36 i

219 348 88 25 ordning
329 350 55 18 samt
399 346 33 22 till
454 347 39 21 och
509 348 46 20 med
577 347 146 22 observatörer
739 347 103 21 inöfvade.
872 347 69 21 Äfven
957 354 34 14 om
1007 348 32 20 in-

218 378 105 20 strument
345 376 70 21 kunna
439 376 90 21 erhällas
552 376 55 21 inom
631 376 86 26 behörig
733 376 36 26 tid,
785 375 107 23 erfordras
907 382 26 16 en
949 377 41 26 god
1007 376 32 22 tid

219 406 33 21 för
268 407 32 19 att
315 404 70 22 inöfva
400 404 25 22 de
441 411 53 19 unge
510 405 181 27 vetenskapsmän,
706 404 73 22 hvilka
795 404 67 22 skulle
877 407 50 25 taga
938 405 54 21 hand
1004 412 33 15 om

220 434 196 21 observationernas
439 434 161 21 verkställande.
638 434 67 21 Dessa
727 434 131 26 magnetiska
880 434 160 21 observationer

220 465 36 20 äro
279 461 104 28 nemligen
406 462 61 25 ingen
487 462 61 21 enkel
563 462 48 26 sak;
628 462 25 21 de
669 462 51 21 höra
736 462 32 21 till
784 463 25 21 de
824 462 52 21 allra
892 462 73 22 finaste
981 462 57 21 inom

220 491 48 22 hela
283 490 94 27 fysikens
397 490 91 21 område.
518 491 10 20 I
544 491 97 21 afseende
657 491 12 20 å
685 491 157 26 svårigheterna
858 492 36 19 äro
911 491 26 20 de
950 491 89 26 jemför-

219 520 43 27 liga
285 519 46 22 med
353 519 154 21 astronomiska
527 519 163 22 observationer.
721 519 41 27 Jag
777 520 41 21 kan
834 521 50 25 säga
900 520 36 21 det
952 519 21 22 at
987 526 52 20 egen

220 548 127 25 erfarenhet,
370 551 22 24 ty
404 547 37 27 jag
464 548 37 20 har
524 548 89 27 deltagit
628 549 6 20 i
650 551 32 18 tre
702 548 211 27 polarexpeditioner.
944 548 48 21 Med
1008 548 31 20 af-

220 578 76 20 seende
312 577 12 20 å
340 577 61 20 dessa
416 577 130 25 magnetiska
562 577 159 21 observationer
728 577 82 20 fordrar
821 577 39 20 den
869 577 170 20 internationella

220 606 100 25 komitén,
344 607 30 19 att
391 605 25 21 de
439 605 35 21 två
489 605 80 27 gånger
583 606 6 20 i
606 605 108 26 månaden,
737 605 39 21 den
793 608 52 19 1:sta
861 605 39 21 och
916 605 40 21 den
973 605 67 24 15:de,

219 635 61 21 skola
303 634 123 21 verkställas
449 633 71 27 hvarje
544 634 64 21 femte
630 634 68 21 minut
720 634 109 27 samtidigt
850 633 134 28 (Göttingens
999 634 42 26 tid)

220 664 78 27 dygnet
320 663 82 26 igenom
425 664 60 23 samt,
508 663 54 21 hvad
586 663 157 21 deklinationen
767 663 136 24 vidkommer,
925 663 66 21 under
1014 669 25 14 en

220 693 84 20 timmes
319 691 30 22 tid
365 691 71 27 hvarje
452 691 61 21 20:de
529 691 86 22 sekund.
645 692 38 21 Att
698 691 114 22 verkställa
828 691 158 22 observationer
1001 697 39 15 un-

220 722 37 20 der
280 727 25 15 en
321 721 82 20 timmes
426 720 30 21 tid
472 719 72 28 hvarje
566 721 63 21 20:de
649 721 82 21 sekund
754 723 24 18 är
794 720 45 22 icke
854 720 69 27 någon
939 721 40 20 lätt
995 721 44 20 sak.

220 750 77 21 Dertill
320 749 105 21 erfordras
448 748 120 23 erfarenhet
583 749 39 22 och
638 751 44 19 stor
699 756 58 15 vana.
787 749 77 23 Nåväl;
881 749 18 20 vi
916 749 62 21 hafva
993 749 48 22 icke

220 779 149 26 byggnaderna
392 777 89 26 färdiga,
505 778 19 20 vi
548 778 63 21 hafva
633 778 46 20 icke
701 778 151 21 instrumenten
876 784 36 15 ens
937 778 103 21 bestälda.

220 807 42 21 Det
277 809 23 19 är
323 805 86 22 osäkert
424 812 34 15 om
481 806 120 27 byggnader
617 806 38 21 och
670 807 153 21 instrumenten
839 807 71 20 kunna
926 807 31 20 till
973 809 67 19 utsatt

220 836 31 20 tid
273 835 109 21 anskaffas.
412 834 51 26 När,
485 835 70 25 frågar
574 836 42 26 jag,
640 837 38 18 när
702 835 60 21 skola
778 835 26 20 då
820 835 173 21 observatörerna
1009 837 32 19 in-

220 864 64 24 öfvas,
301 864 65 21 finnes
385 863 36 21 det
436 863 29 21 tid
482 863 85 21 dertill?
582 864 40 26 Jag
638 869 72 15 svarar
726 864 70 21 härtill
813 864 87 21 alldeles
916 863 123 27 obetingadt

220 893 40 25 nej,
276 893 39 20 och
338 898 34 15 om
388 891 19 21 vi
430 891 67 22 under
519 892 79 21 sådana
621 892 180 27 omständigheter
824 892 79 27 nödgas
919 892 72 21 skicka
1007 892 31 21 till

220 921 147 26 Lappmarken
391 920 87 21 oöfvade
500 921 152 26 observatörer,
669 923 22 18 är
714 921 36 21 det
773 920 110 28 sjelffallet,
902 923 32 19 att
949 921 91 21 Finland

221 950 47 22 icke
283 950 41 21 kan
341 950 68 21 lemna
425 951 31 19 ett
471 949 75 22 sädant
562 949 74 28 bidrag
652 949 33 22 till
700 949 160 27 ifrägavarande
875 950 81 25 arbete,
971 952 33 19 att
1019 950 21 21 vi

221 978 60 22 deraf
295 979 71 20 kunna
381 977 61 22 hafva
458 977 71 22 heder.

288 1007 49 21 Men
357 1009 56 19 ännu
429 1013 24 14 en
469 1007 43 20 sak.
542 1007 46 21 Den
604 1007 168 22 internationella
787 1007 200 27 polarkonferensen
1003 1007 38 21 har

220 1036 52 22 stält
288 1036 26 26 pä
336 1035 91 22 Finland
449 1035 46 21 icke
516 1036 72 21 vidare
604 1035 92 27 anspräk
717 1037 27 19 än
761 1037 53 24 dem,
831 1035 85 22 hvartill
933 1035 59 21 äfven
1008 1039 32 17 ut-

219 1066 91 21 skottets
326 1064 106 27 majoritet
447 1063 38 22 har
501 1067 69 19 ansett
586 1065 36 20 det
637 1071 50 14 vara
702 1064 31 21 sin
746 1065 53 26 pligt
810 1067 31 18 att
852 1064 26 27 pä
890 1065 35 20 det
935 1067 109 18 varmaste

220 1093 106 26 tillstyrka
349 1092 67 26 bifall,
432 1092 104 27 nämligen
553 1096 31 18 att
602 1093 79 21 inrätta
697 1099 26 14 en
739 1093 122 26 fullständig
877 1092 163 27 meteorologisk

220 1123 78 20 station
315 1121 5 21 i
337 1121 36 21 det
395 1122 45 20 inre
456 1121 23 20 af
499 1121 68 22 finska
590 1121 148 26 Lappmarken
754 1122 39 21 och
809 1123 31 19 att
856 1121 37 21 vär
909 1121 131 26 Vetenskaps

220 1151 102 21 Societets
347 1149 178 26 meteorologiska
550 1150 160 21 centralanstalt
733 1150 6 20 i
762 1149 132 26 Helsingfors
917 1150 6 20 i
941 1149 45 21 och
1008 1149 33 21 för

220 1179 60 20 dessa
304 1178 158 21 observationer
484 1179 139 20 omformades
646 1178 31 21 till
700 1185 26 13 en
748 1178 123 27 fullständig
894 1178 146 25 polarstation,

220 1208 37 19 der
272 1207 46 21 icke
334 1207 55 20 blott
404 1207 182 26 meteorologiska,
597 1209 50 19 utan
664 1206 59 21 äfven
739 1207 132 26 magnetiska
882 1207 161 20 observationer

220 1235 67 21 skulle
311 1235 123 22 verkställas
455 1235 6 20 i
478 1234 122 27 fullständig
623 1235 92 26 enlighet
738 1235 49 21 med
810 1235 35 21 det
867 1241 106 20 program,
995 1241 45 14 som

219 1263 200 28 polarkonferensen
441 1263 38 21 har
500 1264 101 25 godkänt.
632 1264 67 21 Dessa
721 1265 36 20 äro
781 1264 25 21 de
829 1263 97 27 anspräk,
948 1269 44 15 som
1013 1263 28 26 pä

220 1292 91 21 Finland
333 1291 73 22 ställas
429 1291 22 22 af
472 1291 40 21 den
534 1292 159 27 vetenskapliga
711 1292 91 21 verlden.
832 1292 40 26 Jag
888 1292 41 21 kan
946 1292 93 27 tillägga,

220 1324 31 18 att
266 1321 27 26 pä
316 1327 25 15 en
357 1320 23 22 af
395 1321 93 21 direktor
505 1321 155 22 Nordenskiöld
674 1321 61 26 gjord
751 1321 105 27 förfrägan
872 1321 38 20 hos
926 1321 40 20 den
984 1321 56 20 med-

219 1349 41 20 lem
277 1351 55 19 inom
348 1349 207 26 polarkonferensen,
572 1356 44 14 som
633 1350 38 19 har
687 1350 66 25 inlagt
769 1352 43 17 stor
828 1349 98 26 förtjenst
939 1355 33 14 om
981 1349 60 25 jord-

220 1378 152 24 magnetismen
395 1377 38 21 och
449 1383 45 15 som
516 1384 60 14 anses
592 1383 49 15 vara
664 1377 68 20 denna
747 1377 191 26 vetenskapsgrens
954 1376 89 21 främste

220 1405 101 21 mälsman
339 1406 57 20 inom
412 1405 89 21 berörde
516 1406 121 24 konferens,
653 1405 112 21 Professor
781 1405 121 27 Vijkander,
919 1405 39 21 har
973 1406 68 20 denne

219 1434 141 27 uttryckligen
375 1434 108 26 förklarat,
498 1436 33 19 att
546 1434 36 22 det
596 1434 46 22 icke
657 1436 24 19 är
697 1434 72 26 nödigt
785 1436 31 19 att
832 1434 65 27 draga
912 1434 83 27 försorg
1005 1440 34 15 om

219 1463 132 27 magnetiska
371 1463 168 22 observationers
554 1463 132 22 anställande
702 1463 5 21 i
723 1462 68 22 finska
806 1463 155 27 Lappmarken.
991 1463 50 21 Men

221 1492 95 22 deremot
337 1492 72 27 lägger
431 1492 43 21 han
496 1494 44 19 stor
556 1493 42 27 vigt
614 1492 71 27 derpä,
701 1494 32 19 att
750 1492 176 28 meteorologiska
942 1492 97 21 observa-

219 1522 69 20 tioner
310 1521 124 22 verkställas
455 1521 43 22 der.
530 1522 44 21 Här
589 1522 39 22 har
643 1521 121 27 visserligen
780 1521 96 27 upplästs
892 1524 30 19 ett
938 1522 104 26 telegram
