1114 1817
285 122 180 22 Borgareståndet
475 123 59 17 1882.
558 123 27 17 24
597 123 100 17 februari.
859 118 41 20 337

80 192 38 22 det
134 191 32 21 väl
182 192 63 24 klart,
261 193 32 19 att
307 191 158 21 statsutskottet
481 191 34 21 vid
530 191 222 27 sammanställningen
768 192 22 22 af
799 192 103 22 behofven

80 221 63 21 äfven
159 221 67 20 måste
244 222 57 24 yttra
317 220 32 27 sig
365 226 33 15 om
414 220 71 20 hvilka
500 219 23 21 af
537 220 60 21 dessa
613 220 138 26 bevillningar
767 222 136 20 statsutskot-

79 252 33 18 tet
126 250 7 20 i
149 248 116 22 allmänhet
280 254 61 15 anser
352 254 50 14 vara
412 248 143 26 rationellare,
566 248 149 21 företrädesvis
726 248 53 22 böra
789 249 112 27 tillämpas.

78 278 43 26 Jag
136 280 61 24 tager
211 277 34 21 för
259 276 71 27 gifvet,
346 279 31 19 att
392 277 158 21 statsutskottet
565 277 28 21 då
607 278 74 25 genast
691 276 66 22 skulle
769 280 50 18 utan
830 278 73 21 vidare

82 307 118 20 utmönstra
222 311 25 15 en
270 305 66 21 sådan
359 304 121 26 bevillning,
503 311 44 15 som
571 305 39 21 den
633 304 27 28 på
676 305 124 27 nötboskap.
830 306 72 21 Men
890 300 16 36 i

80 333 115 23 allmänhet
211 336 45 18 tror
269 334 42 26 jag,
326 334 31 21 att
373 333 160 21 statsutskottet
549 333 38 21 har
602 332 85 23 förstått
697 333 98 27 uppfatta
805 334 32 21 sin
847 334 55 28 skyl-

80 363 75 27 dighet
178 364 32 19 att
225 362 46 21 icke
294 362 27 27 på
336 368 25 15 en
384 362 49 20 kort
448 362 64 21 stund
527 362 112 27 expediera
653 368 26 15 en
695 362 64 22 sådan
775 362 66 27 fråga,
857 369 45 15 som

80 398 36 16 om
133 398 24 14 en
174 392 57 20 skatt
247 393 23 19 är
285 391 86 27 lämplig
387 390 50 22 eller
453 390 51 22 icke.
535 391 25 27 Ej
577 390 67 22 häller
659 392 24 20 är
699 392 35 20 det
749 390 55 22 blott
819 392 32 20 för
866 392 37 21 sitt

81 421 60 26 nöjes
155 420 62 26 skull,
233 425 45 17 som
294 419 159 22 statsutskottet
469 420 77 26 sysslar
561 419 48 22 med
625 419 61 21 dessa
701 420 68 23 saker,
785 423 51 18 utan
847 427 55 15 eme-

81 450 42 20 dan
139 449 36 21 det
197 454 62 16 anser
273 448 76 22 sådant
370 454 50 15 vara
435 449 32 20 sin
489 448 118 27 skyldighet
623 448 26 27 på
664 449 68 25 grund
748 448 22 21 af
783 449 23 21 L.
823 449 24 21 O.
864 448 40 22 och

80 478 29 21 då
123 478 115 21 ständerna
260 477 63 21 hafva
338 477 54 21 visat
415 477 117 22 detsamma
555 477 35 21 det
605 476 122 23 förtroende
743 479 31 19 att
790 477 114 28 hänskjuta

80 507 74 26 frågan
178 506 31 21 till
227 506 46 21 dess
297 505 132 26 behandling.
460 506 81 21 Sådant
556 505 119 22 förhindrar
690 506 51 21 visst
756 506 52 26 icke,
825 509 32 18 att
873 506 31 22 äf-

81 542 40 15 ven
143 535 232 26 bevillningsutskottet
397 536 69 24 yttrar
488 535 31 26 sig
542 541 32 14 om
591 540 25 15 en
633 534 124 27 bevillnings
773 535 129 27 lämplighet.

80 563 135 27 Exempelvis
231 563 40 21 kan
287 563 232 26 bevillningsutskottet
533 563 33 21 vid
583 563 139 22 utarbetande
738 563 23 21 af
769 564 134 27 bevillnings-

81 593 76 25 stadga
173 593 85 21 komma
273 593 32 20 till
321 592 40 21 den
377 591 145 27 öfvertygelse,
534 594 32 19 att
577 592 141 21 kostnaderna
729 592 32 21 för
773 593 131 22 indrifvande

82 621 22 21 af
125 621 84 22 skatten
233 621 67 21 blefve
323 621 22 20 af
366 620 65 22 sädan
455 621 112 27 betydelse,
590 623 31 19 att
644 621 47 21 dei
707 621 72 22 alltför
795 621 41 28 hög
851 623 53 26 grad

83 650 68 21 skulle
174 651 99 20 inkräkta
295 650 28 27 pä
339 649 39 22 den
401 650 98 27 inkomst,
514 656 44 15 som
582 652 23 19 är
621 650 114 25 beräknad,
751 650 39 22 och
805 651 32 21 till
853 651 51 27 följd

83 679 63 22 deraf
159 679 84 24 föreslä,
260 681 31 19 att
307 679 112 22 ständerna
436 679 48 21 ville
499 679 54 21 afstä
568 678 47 22 frän
630 679 131 27 päläggande
772 679 21 21 af
803 686 25 15 en
839 680 65 21 sädan

83 708 120 27 bevillning.
234 708 47 21 Just
304 708 32 20 för
351 710 32 19 att
405 708 45 21 icke
473 708 117 26 onödigtvis
613 711 92 23 upptaga
727 708 63 27 tiden,
805 715 34 15 om
856 715 47 15 man

83 737 49 21 ville
155 739 82 24 strängt
253 736 57 21 hälla
332 736 32 27 sig
379 736 32 21 till
427 737 40 20 den
489 736 61 27 gäng,
566 742 44 16 som
627 736 88 27 troligen
731 737 34 20 vid
782 737 23 21 L.
821 737 36 22 O:s
873 737 32 22 af-

82 767 96 20 fattande
194 766 55 20 varit
270 765 107 25 förutsatt,
393 765 104 27 nemligen
513 767 32 19 att
560 765 41 22 alla
617 765 217 27 bevillningsärenden
851 767 53 20 först

83 795 66 21 borde
165 795 27 27 gä
207 794 31 21 till
262 795 159 20 statsutskottet
436 794 39 21 och
491 794 64 21 sedan
569 793 114 22 ständerna
699 793 104 23 definitivt
819 795 86 22 beslutit

83 829 34 16 om
134 823 99 27 beloppet
251 823 39 21 och
306 823 99 21 behofvet
420 823 23 20 af
457 822 166 28 bevillningarna
639 823 73 21 remiss
727 823 24 20 af
764 825 88 20 ärendet
867 824 38 21 ske

84 853 31 20 till
141 852 234 25 beviliningsutskottet,
391 851 62 22 hafva
475 852 116 21 ständerna
606 851 32 22 vid
655 851 54 22 både
723 852 127 27 föregående
866 853 39 21 och

84 882 69 21 denna
168 881 102 27 landtdag
292 881 108 26 samtidigt
416 880 117 21 remitterat
550 880 307 27 bevillningspropositionerna
873 881 32 22 till

84 911 27 20 de
126 910 54 21 båda
203 909 88 24 utskott,
308 915 45 15 som
376 909 47 21 med
439 909 47 20 dem
506 908 61 22 hafva
583 912 31 18 att
630 911 49 24 taga
695 910 68 25 någon
779 910 125 27 befattning.

84 939 39 20 och
139 939 72 20 dervid
235 938 90 21 bestämt
341 938 6 21 i
362 937 85 22 hvilken
465 938 147 26 utsträckning
628 938 102 21 hvardera
745 939 106 22 utskottet
866 939 39 21 har

83 970 34 19 att
131 967 119 27 handlägga
265 967 79 26 frågan.

153 1025 56 22 Herr
224 1024 139 22 Castrén:
385 1025 42 26 Jag
443 1026 44 19 tror
502 1025 52 24 icke,
569 1027 32 18 att
617 1025 64 26 några
697 1025 130 21 nämnvärda
842 1025 63 26 prak-

84 1054 57 21 tiska
163 1053 131 27 svårigheter
315 1053 61 21 skola
398 1053 63 20 blifva
483 1054 158 26 konseqvensen
664 1053 21 20 af
700 1059 25 15 en
747 1054 65 21 sådan
829 1053 77 22 dubbel

85 1083 74 21 remiss
183 1083 31 20 till
238 1082 158 21 statsutskottet
417 1081 39 21 och
480 1082 31 21 till
527 1081 236 27 bevillningsutskottet,
779 1089 44 14 som
840 1089 27 14 nu
883 1084 24 19 är

85 1111 74 26 ifråga,
184 1111 38 21 och
239 1111 16 26 ej
280 1110 66 21 heller
368 1110 83 21 fruktar
471 1111 36 26 jag
530 1110 31 21 för
584 1111 65 25 några
672 1110 123 22 kollisioner
817 1111 89 21 emellan

86 1141 61 20 dessa
163 1142 75 19 tvenne
258 1139 81 21 utskott
355 1139 30 21 vis
401 1138 12 21 å
429 1139 30 21 vis
474 1139 116 21 ärendenas
606 1138 133 28 behandling.
771 1139 47 21 Men
832 1140 36 26 jag
884 1141 23 20 är

85 1169 46 20 icke
154 1168 77 27 lycklig
247 1174 40 20 nog
310 1170 31 19 att
357 1168 71 20 kunna
450 1168 53 27 hysa
518 1167 47 22 fullt
581 1173 80 16 samma
677 1168 60 27 åsigt,
753 1175 45 14 som
814 1175 25 14 en
856 1169 51 20 ärad

86 1197 90 21 medlem
192 1197 21 21 af
228 1197 85 21 ståndet
329 1198 38 19 har
382 1195 77 22 uttalat
475 1197 108 26 angående
599 1196 25 27 $$
640 1196 26 22 36
683 1197 38 21 och
737 1197 26 20 37
780 1198 6 19 i
802 1197 17 20 L.
831 1197 24 20 O.
877 1196 31 27 Ty

85 1227 27 20 de
127 1225 106 27 generella
249 1226 44 25 ord,
309 1231 45 15 som
370 1224 67 23 finnas
452 1225 6 20 i
475 1227 10 24 $
502 1226 25 21 36
544 1225 23 21 L.
584 1225 31 25 O.
630 1228 32 18 att
673 1225 171 28 ,statsutskottet
855 1225 52 27 ålig-

85 1261 38 21 ger
139 1258 31 17 att
186 1255 78 26 afgifva
280 1253 133 22 betänkande
429 1255 54 20 huru
499 1254 67 21 medel
582 1253 31 22 till
630 1253 92 28 fyllande
737 1254 24 21 af
775 1255 82 20 landets
874 1255 34 20 be-

86 1283 43 25 hof,
145 1283 69 22 såvidt
237 1284 18 25 ej
271 1283 139 21 statsverkets
425 1283 107 21 ordinarie
547 1282 112 27 tillgångar
675 1283 70 21 dertill
761 1283 71 25 förslå,
848 1283 61 22 skola

87 1312 118 21 anskaffas"
231 1311 106 27 innebära,
353 1311 69 21 såvidt
442 1312 36 26 jag
502 1312 40 20 kan
566 1311 59 26 fatta,
641 1312 46 21 icke
704 1314 31 19 att
750 1312 159 21 statsutskottet

87 1341 100 21 behöfver
206 1340 68 21 uttala
289 1340 31 26 sig
335 1340 109 26 angående
459 1340 73 26 hvarje
547 1340 117 20 skattetitel
680 1341 69 20 såsom
765 1341 72 20 sådan.
868 1341 41 20 Det

87 1369 55 21 låter
164 1370 65 20 tänka
253 1369 30 25 sig
306 1370 32 19 att
360 1368 160 21 statsutskottet
543 1368 93 21 besluter
651 1381 27 2 —
694 1368 39 21 och
752 1368 77 21 sådant
843 1368 66 28 ligger

87 1398 35 20 väl
145 1400 94 19 närmast
261 1397 32 21 till
316 1397 67 21 hands
399 1409 26 3 —
441 1399 32 19 att
496 1397 60 20 dessa
579 1397 88 27 utgifter
681 1396 61 22 skola
757 1396 61 28 fyllas
833 1404 76 20 genom

88 1426 101 21 Finlands
213 1426 66 21 banks
302 1426 131 24 vinstmedel,
449 1431 74 20 genom
543 1426 134 26 upptagande
693 1426 22 20 af
729 1425 40 26 lån,
785 1432 75 19 genom
876 1432 34 20 yr-

89 1454 68 21 kande
179 1454 28 26 på
223 1456 31 18 att
276 1453 157 21 statsfonderna
456 1453 60 21 skola
539 1454 31 19 för
591 1453 119 21 ändamålet
731 1453 123 26 disponeras
870 1454 39 20 och

87 1482 100 26 slutligen
210 1488 74 20 genom
310 1488 40 20 nya
366 1481 143 26 bevillningar.
540 1481 41 21 För
597 1482 39 20 den
653 1481 106 26 händelse,
775 1483 33 20 att
823 1484 87 18 statsut-

87 1510 81 22 skottet
191 1510 78 22 uttalar
292 1510 31 26 sig
339 1510 7 21 i
361 1510 130 22 sistnämnda
513 1510 98 27 riktning,
627 1511 23 19 är
672 1509 35 21 det
723 1522 24 3 —
765 1510 24 21 så
804 1509 106 22 förefaller

843 1550 22 17 22
