1120 1803
296 132 177 20 Borgareständet
485 133 58 16 1882.
567 131 26 17 28
605 130 96 19 februari.
869 125 40 20 345

92 201 87 22 känslor
200 201 65 26 jemte
287 202 31 20 ett
333 201 131 27 beklagande
479 201 21 21 af
515 200 40 22 den
571 207 54 20 sorg,
641 206 45 15 som
701 199 54 22 hade
771 199 90 22 drabbat
876 199 35 22 det

91 229 118 27 Kejserliga
225 229 61 21 huset
303 229 37 22 och
356 229 61 21 äfven
433 230 46 20 vårt
495 229 49 21 land
559 235 74 20 genom
648 229 76 26 Kejsar
739 228 118 21 Alexander
871 227 40 22 II:s

91 257 103 22 frånfälle.
225 258 106 27 Derjemte
354 257 54 22 hade
429 257 159 22 Presteständet
612 257 85 21 beslutit
720 259 31 19 att
773 256 48 22 med
843 256 68 21 denna

92 286 72 22 adress
179 287 74 20 förena
269 293 25 14 en
310 285 97 22 anhällan
423 292 33 15 om
479 287 94 20 tillstånd
589 288 32 19 att
636 292 90 21 uppresa
742 292 25 14 en
784 285 129 22 minnesstod

91 315 23 21 ät
129 316 39 20 den
184 314 82 21 aflidne.
296 315 158 21 Bondeständet
468 314 55 22 hade
539 314 86 21 beslutit
639 315 32 25 sig
686 315 34 20 för
735 314 57 21 såväl
803 320 25 15 en
839 314 74 21 adress

92 349 44 15 som
152 349 25 15 en
193 343 95 27 petition.
318 343 104 21 Adressen
439 349 36 15 var
490 343 45 21 icke
551 343 55 21 inom
623 342 83 22 ständet
721 345 97 18 närmare
833 342 80 21 formu-

91 372 68 24 lerad;
174 371 118 27 petitionen
308 372 45 20 åter
368 372 178 21 öfverensstämde
561 372 48 20 med
625 371 26 21 de
666 372 22 20 af
702 371 154 26 Ridderskapet
872 370 39 21 och

91 400 69 22 Adeln
182 403 55 18 samt
259 400 179 26 Borgareständet
460 402 91 25 antagna
566 400 212 27 petitionstörslagen,
794 400 31 20 uti
841 398 71 22 hvilka

90 429 86 27 jemväl,
193 429 65 26 enligt
274 428 100 22 ständens
388 429 77 24 beslut,
481 429 82 21 landets
577 428 144 26 undersätliga
737 428 85 22 känslor
843 427 68 21 skulle

93 457 32 21 för
140 458 36 20 vär
192 458 88 20 monark
296 458 84 20 uttalas.
412 457 27 21 Sä
455 457 55 21 olika
527 458 60 21 dessa
602 457 70 21 beslut
691 456 88 22 sälunda
799 458 26 20 än
841 456 71 21 kunde

92 492 61 16 anses
168 492 57 18 vara,
250 486 67 21 skilde
332 486 26 21 de
373 486 31 26 sig
420 486 5 20 i
442 486 35 21 det
493 485 49 22 hela
558 486 53 21 dock
626 486 46 21 icke
687 486 24 21 sä
726 485 87 22 alldeles
829 484 86 28 mycket

91 515 45 21 från
161 514 125 26 hvarandra,
309 514 38 22 och
366 515 65 27 ansåg
454 514 236 27 expeditionsutskottet
712 514 36 21 det
770 514 22 22 af
805 512 110 28 synnerlig

92 543 51 27 vigt,
167 545 31 19 att
221 543 26 21 de
260 543 104 22 särskilda
378 543 88 21 ständen
482 544 67 20 skulle
566 544 73 20 förena
654 543 31 27 sig
702 550 33 14 om
751 549 25 15 en
792 548 120 20 gemensam

92 572 108 21 skrifvelse
216 572 32 21 till
265 572 58 21 Hans
338 572 119 28 Kejserliga
472 572 106 27 Majestät.
605 572 57 22 Frän
677 572 64 21 sädan
757 571 106 27 synpunkt
874 570 42 22 har

93 600 238 28 expeditionsutskottet
342 601 70 27 utgätt
429 601 35 21 vid
478 601 141 27 uppsättande
635 601 23 21 af
673 601 35 21 det
718 601 80 26 förslag
809 600 31 22 till
851 599 62 22 skrif-

92 630 62 25 velse,
178 635 44 15 som
238 636 27 14 nu
282 630 110 26 föreligger
410 630 90 21 ständet.
531 630 54 25 Men,
603 630 69 21 säsom
687 629 49 22 herr
751 629 80 28 Nysten
847 628 65 22 redan

91 659 95 26 nämnde,
202 661 23 18 är
242 659 58 20 detta
315 659 78 26 förslag
409 659 112 21 resultatet
536 659 22 21 af
577 659 71 21 försök
664 659 31 20 till
711 665 32 15 :en
759 657 154 27 kompromiss;

90 687 105 22 mähända
220 687 38 21 har
281 687 58 21 äfven
363 687 59 22 detta
437 687 7 21 i
459 688 31 20 sin
507 688 47 21 män
578 687 91 26 bidragit
685 687 31 21 till
732 689 32 19 att
779 687 57 26 gifva
851 686 61 21 skrif-

92 715 70 21 velsen
172 721 24 15 en
206 715 78 27 lydelse
295 722 36 15 som
344 716 44 20 icke
400 716 72 26 tyckes
484 715 154 22 tillfredsställa
646 716 48 20 alla.
710 715 125 21 Emellertid
843 714 70 24 hafva,

91 744 70 22 såsom
178 744 20 21 vi
214 744 76 23 känna,
314 744 158 22 Bondeständet
496 744 38 22 och
557 744 159 22 Presteständet
739 744 64 20 redan
819 742 94 27 godkänt

91 772 138 22 förevarande
246 773 116 25 skrifvelse,
376 779 34 15 om
427 773 120 21 densamma
563 773 39 21 ock
617 773 47 21 icke
674 773 47 21 fullt
732 774 101 20 stämmer
844 771 69 21 öfver-

91 808 36 15 ens
151 802 49 21 med
223 802 60 22 dessa
307 802 71 21 ständs
402 802 75 22 beslut,
501 802 67 21 såsom
591 802 91 21 nämnda
697 801 63 22 stånd
774 806 61 22 synes
851 800 63 21 hafva

91 830 60 21 tänkt
175 831 31 25 sig
228 831 72 21 saken.
331 830 39 22 Vid
395 831 58 21 detta
476 830 129 22 förhällande
629 830 38 22 och
683 830 27 22 dä
723 830 36 26 jag
775 830 31 21 för
821 830 42 20 min
879 828 34 22 del

91 861 55 19 ännu
169 860 68 20 måste
260 860 50 27 hysa
334 860 40 20 den
396 860 61 26 äsigt,
480 862 32 18 att
533 860 35 20 det
584 866 48 14 vore
648 859 22 21 af
684 860 50 26 vigt,
750 861 32 19 att
797 858 75 22 endast
887 863 26 15 en

91 894 120 21 gemensam
228 888 107 22 skrifvelse
352 888 46 22 frän
414 888 83 22 landets
513 888 91 22 Ständer
618 888 68 22 skulle
702 888 74 21 aflätas
786 890 55 19 samt
852 892 61 16 anser

91 917 36 21 det
143 924 27 15 nu
186 917 143 27 föreliggande
345 917 101 27 förslaget
461 918 46 20 icke
523 918 70 20 afvika
609 917 45 21 frän
670 916 190 28 Borgareständets
877 915 36 21 be-

91 946 48 26 slut,
152 946 67 21 skulle
233 948 36 24 jag
285 946 71 24 önska,
372 949 32 19 att
421 946 177 26 Borgareständet
613 945 111 28 godkände
748 946 57 20 detta
828 944 85 26 förslag.

161 1003 56 21 Herr
232 1003 164 27 Federley:
415 1003 56 22 Herr
490 1004 79 21 Berner
586 1004 38 20 har
640 1004 68 21 säsom
724 1003 89 21 medlem
830 1003 5 19 i
852 1008 61 20 expe-

92 1032 184 21 ditionsutskottet
298 1032 85 27 upplyst
406 1038 40 19 om,
470 1035 31 19 att
517 1032 25 21 de
558 1033 45 21 frän
620 1032 25 22 de
661 1032 56 21 olika
732 1031 88 21 ständen
837 1030 30 22 dit
882 1036 31 15 re-

91 1060 113 22 mitterade
220 1060 70 22 beslut
305 1062 6 20 i
327 1060 69 22 denna
412 1061 66 26 fräga,
493 1061 46 21 icke
555 1062 31 25 sig
601 1060 90 22 emellan
708 1060 167 21 öfverensstämt.
887 1072 27 2 —

93 1089 14 27 8
123 1089 26 21 77
165 1089 7 20 i
189 1089 22 21 L.
228 1089 25 20 O.
269 1089 141 26 föreskrifver,
434 1091 32 19 att
486 1089 42 21 alla
551 1089 32 21 för
605 1089 97 27 samtliga
725 1089 88 21 stånden
830 1093 84 22 gemen-

94 1123 80 16 samma
189 1118 120 21 skrifvelser
329 1117 106 22 äfvensom
452 1118 204 26 landtdagsbeslutet
671 1119 111 25 uppsättas
798 1117 38 21 och
853 1122 61 21 expe-

93 1146 68 21 dieras
176 1146 22 21 af
211 1148 31 19 ett
258 1146 100 22 särskildt
375 1146 221 27 expeditionsutskott.
629 1146 71 27 Enligt
715 1146 48 21 mitt
778 1145 137 22 förmenande

96 1175 38 21 har
149 1174 82 22 således
248 1175 235 26 expeditionsutskottet
499 1175 132 22 öfverskridit
647 1175 31 21 sin
695 1174 126 27 befogenhet
837 1174 26 21 dä
879 1173 36 21 det

93 1206 85 24 uppsatt
194 1210 26 14 en
236 1203 116 27 skrifvelse,
374 1203 83 22 hvilken
480 1203 46 21 icke
546 1203 38 22 har
600 1204 31 21 sin
646 1203 68 26 grund
729 1204 6 20 i
751 1203 65 26 något
830 1208 85 21 gemen-

93 1234 54 19 samt
162 1232 70 21 beslut
247 1232 20 20 af
284 1231 124 22 Ständerna.
430 1232 40 27 Jag
485 1231 68 22 skulle
569 1232 70 21 derför
653 1233 59 26 yrka,
730 1232 35 20 det
773 1230 143 27 föreliggande

93 1260 79 26 förslag
194 1261 31 20 till
249 1261 109 20 skrifvelse
380 1261 167 21 äterremitteras
566 1261 33 20 till
615 1260 236 27 expeditionsutskottet
866 1259 49 21 med

94 1289 104 20 anmodan
214 1291 32 18 att
263 1289 47 20 med
325 1289 87 21 ärendet
427 1289 78 21 förfara
517 1290 26 25 pä
553 1290 44 20 sätt
607 1288 237 27 Landtdagsordningen
859 1287 56 21 före-

95 1317 96 21 skrifver.
221 1317 110 21 Utskottet
354 1318 34 21 mä
411 1318 27 21 dä
460 1317 91 26 anmäla,
570 1320 32 19 att
618 1317 26 22 de
660 1317 56 21 olika
731 1317 100 21 ständens
846 1316 71 21 beslut

94 1345 46 22 icke
156 1347 36 20 äro
210 1345 229 22 öfverensstämmande
455 1346 38 21 och
510 1346 118 21 Ständerna
643 1347 34 20 mä
692 1346 26 21 dä
729 1345 53 22 fatta
793 1346 35 20 det
839 1344 77 27 beslut,

95 1374 85 21 hvartill
196 1374 113 27 anledning
334 1375 40 20 kan
391 1375 138 21 förekomma.
559 1375 10 20 I
585 1375 75 21 sakens
676 1374 120 21 nuvarande
813 1374 46 26 läge
875 1373 43 21 till-

94 1403 96 21 kommer
207 1404 35 20 det
262 1403 45 21 icke
327 1403 236 27 expeditionsutskottet
577 1405 32 19 att
625 1403 85 22 dermed
726 1405 49 25 taga
790 1401 126 27 befattning.

95 1430 71 22 Skulle
183 1431 46 20 äter
244 1432 237 25 expeditionsutskottet
496 1438 61 14 anses
572 1432 62 19 hafva
649 1432 40 19 fätt
704 1434 32 17 ett
746 1434 64 17 annat
820 1430 96 27 uppdrag

95 1460 26 19 än
144 1459 42 25 det,
209 1465 45 14 som
278 1459 237 27 Landtdagsordningen
530 1459 93 21 tilldelar
639 1459 122 25 detsamma,
777 1459 24 20 sä
817 1465 48 14 vore
881 1457 36 22 det

95 1492 29 16 nu
139 1486 116 23 atlemnade
270 1487 101 27 förslaget
386 1490 32 19 att
434 1487 108 22 betraktas
557 1493 45 16 som
618 1490 30 18 ett
664 1487 79 27 vanligt
758 1488 93 20 utskotts
862 1492 55 16 sam-

95 1516 252 27 manjemkningsförslag,
362 1516 39 22 och
417 1516 73 27 sjelfva
505 1517 64 21 saken
585 1516 66 21 borde
667 1516 27 21 dä
709 1519 115 24 yttermera
845 1517 71 21 kunna
