1125 1781
222 133 25 19 82
430 136 177 21 Borgareständet
621 137 55 16 1882.
702 136 13 16 4
727 136 97 16 februari.

221 205 6 21 i
243 204 62 22 stånd
320 206 32 20 att
367 210 75 21 genom
458 210 26 15 en
494 202 264 28 sammanbindningsbana
770 203 73 21 förena
851 202 131 27 Björneborg
996 202 47 21 med

222 233 35 21 det
273 233 68 27 öfriga
357 232 175 22 stambanenätet.
563 232 131 27 Helsingfors
711 232 39 21 den
767 232 12 20 4
795 231 102 21 Februari
915 231 60 21 1882.

289 290 93 21 Edvard
396 289 121 21 Molander.
774 288 22 22 J.
812 288 27 21 F.
856 288 118 27 Lojander.

288 375 60 21 Efter
370 375 70 21 slutad
455 374 149 28 föredragning
620 374 70 22 anhöll
707 374 48 21 herr
771 374 173 26 Molander,
961 375 32 19 att
1008 379 35 21 pe-

221 403 175 27 titionsförslaget
412 403 66 22 måtte
501 404 120 21 remitteras
641 403 31 21 till
690 402 116 28 beredning
822 403 22 21 af
856 401 186 28 Jernvägsutskot-

221 434 36 26 tet,
274 432 86 22 hvartill
375 432 85 22 ständet
476 431 60 22 äfven
551 432 66 21 biföll.

288 588 55 22 Herr
366 587 202 23 Hasselblatt
587 587 96 27 uppläste
700 586 101 22 likaledes
817 588 31 20 ett
863 586 180 27 petitionsförslag

219 618 22 21 af
255 617 92 27 följande
363 617 87 26 lydelse:

446 712 40 21 Till
504 711 111 27 Vällotliga
630 711 185 27 Borgareständet.

288 776 43 21 För
346 778 33 19 att
394 776 50 27 fylla
460 778 31 19 ett
506 775 210 22 förhandenvarande
727 774 65 22 behof
802 774 6 21 i
820 774 150 21 Österbottens
980 775 62 20 nord-

219 805 42 26 liga
277 804 135 22 landamären
429 804 81 21 beslöto
526 804 66 27 nägra
608 803 39 22 den
663 803 68 22 finska
743 803 133 27 bildningens
886 805 79 19 vänner
976 803 7 21 i
993 803 48 21 bör-

217 834 36 26 jan
277 833 22 21 af
321 833 23 21 är
368 834 54 21 1879
445 835 31 19 att
495 833 38 20 hos
549 833 82 21 landets
647 832 88 27 styrelse
750 832 7 21 i
774 831 168 28 underdänighet
957 831 85 22 anhälla

220 868 34 15 om
277 861 96 22 tillständ
396 864 31 19 att
450 861 22 22 fä
489 861 6 21 i
511 861 106 26 Uleäborg
632 861 48 21 stad
696 862 69 26 öppna
781 867 25 15 en
822 861 65 26 högre
903 860 70 27 privat
987 860 55 22 finsk

219 890 210 25 fruntimmersskola,
445 890 75 21 afsedd
536 892 32 19 att
583 889 79 27 ärligen
678 889 98 27 utvidgas
792 889 47 22 med
848 895 24 14 en
881 889 57 21 klass
949 889 32 21 till
994 889 47 21 dess

219 919 119 20 klassernas
354 918 57 22 antal
426 918 68 21 blefve
510 918 47 21 fem.
589 917 194 28 Högvederbörligt
800 917 58 21 bifall
874 917 108 22 lemnades
988 918 53 26 jem-

219 947 33 21 väl
276 947 71 20 härtill
366 947 40 21 och
422 946 39 22 den
479 948 9 19 1
506 946 125 27 September
646 952 79 15 samma
741 946 24 21 är
781 945 107 28 öppnades
902 945 75 22 skolan
993 945 48 22 med

218 982 26 15 en
265 975 58 21 klass
343 978 56 19 samt
421 975 39 22 har
482 975 120 21 sedermera
624 974 106 27 utvidgats
751 974 23 21 sä
789 976 32 19 att
836 974 109 21 klasserna
961 980 28 15 nu
1003 976 37 19 äro

219 1003 32 22 till
267 1003 79 22 antalet
361 1007 33 18 tre
410 1004 47 21 med
471 1003 22 21 in
508 1009 81 16 summa
604 1003 27 21 43
647 1003 75 21 elever.

287 1032 40 21 Om
342 1032 66 21 redan
424 1031 21 22 af
460 1031 67 22 denna
542 1031 45 22 icke
603 1031 121 28 obetydliga
739 1031 142 27 eleviregvens
898 1031 93 28 framgår
1007 1031 34 21 be-

218 1060 127 28 höfligheten
361 1061 28 26 pä
405 1063 59 19 orten
480 1060 23 21 af
517 1067 25 15 en
557 1060 66 27 högre
638 1060 125 21 läroanstalt
778 1060 32 21 för
824 1060 74 21 tlickor
914 1061 47 20 med
977 1059 64 22 finskt

218 1089 232 27 undervisniugsspräk,
474 1090 23 20 sä
517 1089 43 21 tala
576 1091 55 19 ännu
647 1088 51 22 flera
714 1089 78 26 vigtiga
808 1088 39 21 oeh
862 1089 118 27 trängande
994 1089 46 21 skäl

218 1118 77 21 derför.
327 1118 10 21 I
359 1118 49 21 hela
431 1124 63 15 norra
514 1117 61 22 delen
598 1117 21 22 af
633 1117 72 22 landet
721 1117 67 22 finnes
803 1117 47 22 icke
866 1123 25 16 en
907 1117 55 22 enda
977 1117 63 22 finsk-

218 1147 85 26 spräkig
325 1147 66 27 högre
409 1146 60 22 skola
484 1146 33 21 för
532 1146 79 22 flickor.
643 1146 151 27 Befolkningen
811 1147 6 20 i
832 1145 118 28 Uleäborgs
966 1146 34 21 län
1016 1148 23 20 är

218 1175 117 22 emellertid
358 1175 33 21 till
410 1181 26 15 en
451 1175 49 20 vida
515 1175 152 26 öfvervägande
684 1175 33 21 del
733 1174 54 22 finsk
803 1174 39 21 och
850 1175 60 21 äfven
923 1175 6 20 i
940 1175 100 21 städerna

218 1206 24 19 är
263 1204 175 27 samtalsspräket
459 1203 56 21 inom
535 1203 40 21 den
588 1203 83 22 bildade
687 1203 153 22 medelklassen
856 1203 39 22 och
911 1203 128 22 arbetsklas-

218 1239 44 19 sen,
287 1232 90 21 derifrän
400 1231 74 22 skolan
497 1232 83 21 hemtar
602 1232 46 21 sina
669 1231 60 22 flesta
750 1232 102 23 alumner,
874 1231 31 22 för
921 1232 36 21 det
973 1234 66 19 mesta

218 1261 73 21 finska.
319 1262 37 20 Att
375 1260 83 22 tillfälle
475 1260 38 21 bör
528 1260 63 22 redas
606 1260 33 21 för
654 1259 122 25 flickebarn,
792 1260 108 27 utgängna
915 1260 47 21 frän
978 1260 61 22 dessa

218 1289 81 22 klasser
326 1289 23 22 af
374 1288 155 27 befolkningen,
553 1291 32 19 att
607 1288 82 22 erhälla
712 1289 148 26 undervisning
881 1289 28 26 pä
931 1289 38 21 sitt
992 1292 47 23 eget

217 1318 63 26 språk
302 1318 61 20 äfven
379 1318 7 19 i
402 1324 25 13 en
443 1317 65 26 högre
524 1317 125 20 läroanstalt
663 1323 62 20 synes
740 1317 107 26 naturligt,
864 1317 23 20 sä
903 1317 83 26 mycket
995 1323 44 14 mer

217 1352 45 15 som
285 1345 23 20 af
323 1346 40 21 den
378 1347 58 20 stora
451 1344 171 27 elevfregvensen
636 1344 7 21 i
659 1344 68 22 finska
742 1344 138 27 privatlyceet
896 1345 33 20 för
944 1350 73 21 gossar
1032 1345 7 20 i

217 1373 108 27 Uleåborg
353 1386 7 2 —
384 1373 73 22 skolan
473 1373 79 21 räknar
567 1379 28 15 nu
611 1373 41 20 202
667 1373 69 21 elever
748 1386 25 2 —
783 1373 99 27 framgår,
894 1375 31 19 att
936 1375 32 19 ett
980 1373 58 22 med-

218 1405 56 19 vetet
298 1402 173 27 bildningsbehof
492 1402 5 20 i
522 1402 61 22 dessa
598 1402 59 21 delar
673 1401 22 22 af
709 1402 71 21 landet
797 1401 118 25 förefinnes,
931 1408 46 15 som
992 1402 47 22 icke

217 1432 42 21 kan
275 1431 39 22 och
329 1431 46 22 icke
390 1432 38 21 bör
443 1430 151 22 tillbakavisas.

286 1460 49 22 Men
358 1462 38 23 att,
420 1461 68 21 säsom
510 1460 83 21 härtills
609 1460 63 26 skett,
689 1459 113 28 uppehälla
818 1466 25 15 en
859 1459 65 28 högre
940 1459 55 22 finsk
1009 1461 29 21 lä-

217 1490 103 22 roanstalt
335 1490 33 21 för
384 1489 73 21 flickor
474 1489 46 21 med
537 1490 82 20 ensamt
631 1489 83 27 privata
724 1488 122 27 understöd,
858 1490 22 20 är
891 1489 46 21 icke
950 1489 87 27 möjligt.

217 1519 45 21 Den
285 1518 95 22 enskilda
403 1517 173 28 offervilligheten
599 1518 39 20 har
661 1517 64 22 redan
748 1518 6 21 i
776 1518 40 27 hög
832 1518 51 26 grad
900 1518 64 26 tagits
979 1518 7 21 i
1002 1524 37 16 an-
