1120 1798
302 130 177 22 Borgareståndet
492 131 56 17 1882.
561 132 27 16 24
601 130 97 18 februari.
870 124 40 22 323

90 200 25 22 de
137 199 100 23 tillhörde
260 201 34 21 vid
309 201 93 21 inträdet
416 200 6 21 i
438 200 96 27 tjensten.
566 200 41 21 Det
622 201 24 20 är
658 200 24 27 ju
698 200 161 27 otvifvelaktigt,
878 202 32 19 att

89 235 106 21 personer,
211 235 49 16 vare
275 230 32 25 sig
322 229 114 25 officerare,
451 228 122 22 underbefäl
589 228 51 22 eller
655 229 109 26 manskap,
780 235 45 14 som
836 229 6 20 i
853 229 56 21 vissa

89 258 24 21 år
128 259 37 20 äro
180 257 82 22 fästade
278 258 34 21 vid
326 258 32 21 sin
374 259 70 25 trupp,
458 257 68 21 måste
541 263 61 16 anses
616 256 63 23 hafva
694 257 37 21 sitt
743 257 77 26 lagliga
832 256 26 22 bo
869 257 40 21 och

89 286 89 21 hemvist
193 287 7 20 i
216 287 41 20 den
273 287 105 24 kommun,
394 286 37 21 der
446 286 68 21 denna
529 288 62 25 trupp
602 287 24 20 är
637 285 90 28 förlagd.
749 285 72 27 Enligt
834 287 75 20 värne-

89 314 138 27 pliktslagens
242 315 24 20 15
278 315 11 26 $
303 315 95 20 deremot
408 316 23 19 är
442 315 41 20 han
494 315 75 26 tydligt
580 313 39 22 och
628 314 62 25 klart,
699 314 69 21 såsom
777 314 67 26 sagdt,
853 315 56 20 med-

89 343 41 22 lem
142 343 22 20 af
176 343 40 21 den
224 343 107 26 kommun,
341 343 39 21 den
388 342 42 21 han
439 342 99 22 tillhörde
545 342 35 22 vid
588 342 92 21 inträdet
688 343 6 20 i
702 343 97 26 tjensten.
819 342 91 27 Skiljak-

89 371 93 28 tigheten
198 372 6 21 i
220 371 61 22 dessa
295 374 76 19 tvenne
384 371 129 26 stadganden
527 371 65 22 borde
606 371 82 22 säledes
698 371 110 26 utjemnas.
830 371 79 21 Vidare

89 400 142 22 förekommer
248 400 7 21 i
272 401 12 26 &
296 402 11 19 9
319 401 31 20 ett
360 400 115 27 stadgande
486 401 32 20 att
529 400 44 25 ,uti
584 400 53 26 stad,
646 400 38 21 der
692 400 138 21 kommunens
839 399 70 22 beslu-

89 429 138 22 tanderättär
234 429 23 21 ät
263 428 189 27 stadsfullmäktige
460 429 121 26 öfverläten,
587 435 37 20 ege
630 429 18 26 ej
655 429 77 21 allmän
739 429 169 21 rädhusstämma

89 464 46 15 rum
151 457 32 22 för
198 460 65 19 annat
279 457 98 22 ändamål
391 459 26 20 än
427 457 32 22 till
471 457 32 22 val
514 458 21 21 af
547 457 192 28 stadsfullmäktige
749 458 40 21 och
799 457 23 22 af
831 458 77 21 reviso-

88 493 35 15 rer
138 486 33 22 för
186 489 32 19 att
232 487 92 26 granska
339 487 148 26 redogörelsen
501 487 58 21 öfver
569 486 138 22 kommunens
717 485 192 28 penningeförvalt-

90 516 55 26 ning,
153 515 33 22 för
194 515 36 22 det
238 516 84 25 ärende,
330 515 100 22 hvarom
419 510 13 37 i
439 515 11 28 8
458 516 27 20 54
493 517 66 25 säges,
568 514 106 23 äfvensom
682 515 32 21 till
724 515 155 27 handläggning
887 514 23 21 af

90 544 39 22 den
149 544 8 21 i
178 546 12 19 3
211 550 64 16 mom.
291 545 12 20 5
319 543 13 29 &
346 543 139 22 omförmälda
498 544 81 27 fräga.*
600 543 137 23 Genomläser
748 550 49 15 man
811 543 98 28 gällande

89 573 261 28 kommunalförordning
340 568 11 37 i
362 573 53 26 stad,
425 573 54 22 skall
491 579 48 15 man
550 573 54 22 dock
616 572 62 25 finna,
691 575 32 19 att
734 575 57 20 utom
799 573 61 21 dessa
868 573 42 20 till-

89 602 64 22 fällen
168 602 171 21 rädhusstämma
354 602 38 21 bör
407 602 163 21 sammankallas
586 601 61 22 äfven
662 602 7 21 i
684 602 67 21 andra
765 601 43 22 fall,
830 602 42 21 Det
886 603 24 19 är

89 630 82 22 säledes
181 637 26 15 en
218 631 174 26 ofullständighet
402 631 6 21 i
418 631 138 21 redaktionen
567 631 22 21 af
598 630 68 21 denna
676 631 105 26 paragraf,
791 635 43 16 som
844 630 65 21 borde

89 659 77 22 ändras
174 659 98 27 antingen
282 659 22 21 ät
313 660 35 21 det
356 659 70 24 hållet,
436 661 32 19 att
476 659 26 21 de
510 659 121 22 utlemnade
639 661 120 19 momenten
767 659 67 21 skulle
840 658 70 27 ifyllas

89 688 52 22 eller
157 688 39 22 ock
212 691 31 19 att
255 688 46 21 icke
318 694 25 15 en
360 688 118 21 förnekelse
495 688 22 21 af
528 687 72 27 hvarje
611 693 69 16 annan
690 688 90 27 samling
791 687 22 22 af
822 687 89 22 rädhus-

89 719 90 20 stämma
190 716 69 22 skulle
270 723 38 20 ega
318 723 52 15 rum.
392 717 40 26 Jag
444 716 35 22 vill
488 716 40 22 här
536 716 88 27 påpeka,
633 719 31 19 att
672 717 89 21 oaktadt
770 717 39 20 den
817 716 92 22 bestäm-

90 747 56 26 ning,
161 747 32 20 att
205 745 171 22 rädhusstämma
386 745 52 28 egde
450 747 31 20 att
493 748 47 19 utse
551 745 115 27 taxerings-
676 745 39 21 och
726 745 184 27 pröfningsnämn-

89 775 66 22 derna
173 775 107 21 uteslutits
298 775 7 21 i
320 775 163 26 propositionen,
500 774 54 22 dock
568 775 46 21 icke
630 775 148 20 motsvarande
793 773 117 28 stadgande

89 803 85 26 influtit,
186 805 32 20 att
231 803 170 22 rädhusstämma
413 803 128 22 tillkommer
554 803 33 22 val
601 803 22 21 af
632 802 116 23 ledamöter
756 803 7 21 i
772 803 137 26 bevillnings-

89 833 104 21 nämnden
205 832 107 21 äfvensom
323 832 34 21 val
368 832 22 22 af
396 831 149 28 suppleanter
541 827 12 36 i
555 833 127 20 densamma.
704 831 44 22 Det
755 831 92 27 framgår
856 832 54 21 dock

90 861 77 27 tydligt
189 861 24 21 af
232 861 77 28 nädiga
330 861 158 27 propositionen
511 867 34 15 om
567 860 115 27 bevillning
702 860 32 21 för
749 860 43 21 fast
807 860 102 26 egendom

90 890 39 22 och
150 889 99 27 inkomst,
270 892 31 19 att
317 889 59 22 detta
391 891 24 20 är
430 891 31 21 ett
476 889 84 24 ärende,
577 895 44 15 som
638 891 23 19 är
676 889 122 27 hänskjutet
813 888 32 22 till
861 889 47 21 räd-

90 920 141 21 husstämmas
248 918 121 27 afgörande.
394 918 64 22 Utom
475 918 67 21 denna
557 918 62 21 lucka
635 918 66 21 finner
710 918 37 27 jag
758 918 60 21 äfven
829 918 79 20 andra:

89 948 12 25 8
123 948 34 25 49,
181 946 7 22 i
212 947 40 21 den
273 953 28 15 nu
324 946 96 28 gällande
438 946 272 26 kommunalförfattningen
726 948 24 19 är
764 946 46 21 icke
825 946 85 21 nämnd.

89 976 44 21 Der
149 977 23 19 är
186 975 103 27 nemligen
305 975 59 27 fråga
381 982 33 14 om
430 975 33 22 val
478 976 22 20 af
513 975 151 26 borgmästare,
680 975 87 21 rådmän
778 977 54 19 samt
843 974 67 27 öfriga

90 1005 126 27 tjenstemän
234 1004 40 22 och
289 1004 99 26 betjente.
411 1004 67 22 Dessa
493 1004 33 21 val
542 1003 61 22 torde
618 1006 50 19 utan
684 1004 72 21 tvifvel
771 1009 87 15 numera
869 1003 41 21 för-

90 1036 68 19 rättas
180 1032 24 22 af
224 1032 170 22 rådhasstämma
416 1033 55 21 inför
493 1032 116 28 magistrat.
640 1032 74 22 Denna
736 1032 133 26 bestämning
885 1033 25 19 är

90 1062 127 26 fullkomligt
231 1061 107 22 förbisedd
353 1062 7 21 i
376 1062 12 27 &
404 1062 19 21 9.
444 1061 78 22 Vidare
538 1061 65 22 finnes
623 1061 60 21 äfven
699 1062 6 20 i
720 1061 13 27 $
749 1061 26 20 47
792 1061 22 21 af
828 1060 39 22 den
882 1066 29 15 nu

92 1091 98 27 gällande
211 1090 148 27 förordningen
382 1090 68 26 sagdt,
476 1092 31 19 att
530 1090 148 28 ,magistraten
701 1096 49 20 eger
767 1091 43 20 rätt
826 1091 32 20 att
872 1089 40 21 hos

90 1120 171 21 rädhusstämma
276 1119 51 22 eller
337 1119 190 27 stadsfullmäktige
537 1119 117 27 framlägga
665 1118 78 26 förslag
753 1118 8 20 i
771 1120 82 25 ämnen,
865 1124 45 16 som

91 1150 49 20 röra
161 1148 86 22 stadens
262 1154 156 21 gemensamma
434 1147 195 27 angelägenheter."
659 1147 42 21 Det
716 1153 61 21 synes
791 1148 23 26 ju
829 1146 82 22 således

91 1183 45 15 som
160 1183 34 15 om
217 1178 136 25 magistraten
376 1176 67 22 skulle
464 1176 28 27 på
515 1177 67 21 denna
601 1176 67 27 grund
684 1176 62 21 hafva
761 1175 101 27 rättighet
878 1177 33 19 att

91 1206 154 21 sammankalla
265 1206 184 21 rådhusstämman
468 1204 59 22 äfven
543 1205 31 21 för
589 1205 66 21 andra
671 1204 78 27 frågor,
764 1206 26 20 än
804 1204 44 27 just
863 1204 26 21 de
905 1203 7 21 i

91 1234 13 28 8
120 1236 13 20 9
148 1235 22 21 af
184 1234 77 27 nådiga
276 1234 158 26 propositionen
450 1240 28 15 nu
493 1234 95 21 berörda.

159 1263 41 26 Jag
220 1263 37 21 vill
277 1265 122 25 yttermera,
414 1263 7 21 i
437 1262 66 22 likhet
517 1262 48 21 med
581 1262 54 21 hvad
651 1262 49 22 herr
715 1262 103 27 Federley
833 1260 78 27 anfört,

91 1291 83 28 påpeka
188 1293 34 20 att
233 1292 38 27 jag
286 1292 114 27 uppfattat,
416 1293 32 20 att
462 1291 6 21 i
483 1291 78 27 nådiga
576 1291 157 27 propositionen
747 1291 61 26 ingår
818 1290 93 21 bestäm-

91 1320 51 27 ning
157 1327 34 15 om
207 1322 31 20 ett
254 1320 107 22 minimum
373 1320 34 22 för
420 1321 124 21 skatteöret.
569 1321 42 20 Det
626 1319 106 22 förefaller
747 1319 43 27 mig
805 1318 53 23 dock
874 1319 37 20 be-

91 1349 123 28 synnerligt,
232 1351 32 20 att
279 1349 59 22 detta
353 1349 108 22 minimum
476 1349 64 26 något
555 1349 73 26 skiljer
642 1349 32 26 sig
690 1348 47 21 från
745 1348 95 24 det,som
848 1347 62 27 ingår

91 1379 7 20 i
113 1378 77 27 nådiga
204 1378 159 27 propositionen
379 1384 33 15 om
428 1377 112 26 bevillning
553 1377 33 22 för
596 1378 42 20 fast
648 1377 101 27 egendom
761 1376 39 22 och
810 1376 99 22 inkomst.

92 1407 11 21 I
113 1407 40 21 den
164 1407 131 21 sistnämnda
304 1407 130 26 proposition
444 1408 25 19 är
479 1407 58 20 detta
551 1406 106 21 minimum
668 1407 68 20 utsatt
746 1405 32 22 till
789 1405 41 22 500
840 1404 68 27 mark,

91 1435 32 21 uti
145 1435 77 27 nådiga
244 1435 157 26 propositionen
416 1440 34 15 om
465 1434 122 26 förändring
602 1433 22 21 af
638 1433 272 26 kommunalförfattningen

91 1463 32 22 till
139 1464 42 20 400
197 1463 66 22 mark.
284 1463 42 22 Det
340 1463 73 26 tyckes
429 1462 42 27 mig
485 1469 50 15 vara
550 1469 25 14 en
591 1461 72 22 alltför
678 1462 51 21 liten
741 1462 85 21 skilnad
836 1461 33 21 för
880 1463 33 19 att

93 1498 26 15 en
141 1492 65 21 sådan
229 1492 38 21 bör
283 1498 39 21 ega
336 1497 46 16 rum
398 1491 8 21 i
422 1491 60 22 dessa
497 1494 76 18 tvenne
588 1490 157 27 författningar,
760 1490 27 21 då
802 1490 31 22 uti
848 1489 64 22 moti-

92 1527 65 16 verna
178 1521 32 21 till
233 1521 40 21 den
294 1521 76 27 nådiga
385 1521 157 27 propositionen
557 1526 34 15 om
608 1519 122 28 förändring
745 1519 22 22 af
781 1519 131 22 kommunal-
