1120 1798
205 106 42 20 584
427 110 179 22 Borgareståndet
617 111 58 17 1882.
698 112 26 16 18
736 116 62 12 mars.

276 180 56 20 Herr
347 179 167 27 Federley:
539 179 40 27 Jag
593 180 43 20 kan
660 179 17 27 ej
701 180 62 24 neka,
779 182 31 18 att
833 180 35 20 det
890 181 40 24 gör
952 179 31 21 till
999 185 27 15 en

207 208 42 21 viss
264 208 53 27 grad
332 209 30 20 ett
385 208 92 21 komiskt
493 208 82 26 intryck
590 210 32 19 att
637 214 22 15 se
675 208 39 21 den
730 208 52 25 fasa,
798 208 47 21 med
861 208 84 20 hvilken
958 214 67 14 reser-

208 239 101 19 vanterne
325 236 68 21 uttala
416 236 31 21 sin
466 236 85 22 fruktan
567 236 38 27 för,
622 238 32 19 att
669 239 31 19 ett
714 237 155 27 godkännande
885 242 36 16 ens
937 236 5 21 i
959 236 66 27 någon

208 265 49 21 män
273 265 22 21 af
309 265 39 21 den
364 264 143 28 föreliggande
523 265 117 27 petitionen
656 266 67 20 skulle
740 265 111 22 framkalla
863 265 54 25 ,den
933 265 95 27 uppfatt-

208 294 51 26 ning
273 296 32 19 att
320 293 68 22 finska
402 294 86 26 spräket
503 296 56 19 ännu
574 294 46 22 icke
635 294 91 27 uppnätt
741 295 39 21 den
797 294 125 28 utveckling,
934 300 44 15 som
994 300 32 15 er-

208 322 83 22 fordras
311 322 33 22 för
360 322 165 22 verkställandet
547 323 22 21 af
591 322 38 22 den
653 323 78 26 viktiga
757 323 141 27 spräkreform
921 322 34 22 vid
977 323 51 21 vära

209 351 116 22 domstolar
340 351 40 21 och
396 351 137 27 embetsverk,
550 351 85 22 hvilken
654 352 3 21 i
672 352 83 26 Nädiga
778 352 158 26 Förordningen
952 352 22 21 af
987 351 40 22 den

212 383 8 18 1
239 380 89 27 Augusti
348 380 52 22 1863
415 381 121 21 utlofvats*.
567 380 29 22 Af
611 381 68 21 denna
695 381 85 22 fruktan
801 381 33 21 för
849 383 32 19 att
896 387 48 15 man
959 380 70 22 skulle

210 409 53 26 våga
279 409 51 27 hysa
346 409 39 21 den
402 410 83 22 tanken,
502 412 31 18 att
549 410 46 20 icke
610 409 67 21 finska
688 410 86 27 språket
786 416 48 15 vore
846 411 23 20 sä
879 410 48 21 fullt
942 410 85 21 utveck-

210 438 46 21 ladt
271 444 48 15 man
335 438 22 21 af
371 438 118 22 detsamma
504 438 42 21 kan
563 438 82 27 begära,
662 439 63 21 hafva
747 439 61 21 desse
823 438 79 22 Herrar
918 444 110 16 reservan-

210 469 39 21 ter,
265 467 71 21 hvilka
352 467 60 26 eljest
425 467 24 26 ju
464 469 36 19 äro
517 467 31 25 de,
565 474 43 14 som
635 467 128 22 ätminstone
777 468 61 27 pästä
853 468 32 26 sig
900 467 81 21 sträfva
996 467 35 21 för

210 495 68 21 finska
295 495 95 27 spräkets
406 496 125 26 utbildning,
547 502 44 15 som
615 496 102 27 uppställt
739 496 68 22 finska
828 496 98 27 spräkets
941 496 88 21 framät-

211 524 114 21 skridande
340 524 68 21 såsom
426 525 35 20 det
476 525 93 21 främsta,
587 531 34 16 om
632 524 45 22 icke
688 525 35 20 det
739 526 53 20 enda
808 525 64 21 målet
880 524 32 22 för
927 525 31 21 sin
970 524 62 22 verk-

212 553 88 25 samhet,
317 552 54 22 ledts
388 553 79 21 därhän
485 556 33 18 att
533 553 48 27 vilja
602 554 95 22 förkasta
712 556 37 23 ett,
766 554 5 20 i
789 554 47 21 mitt
851 554 67 26 tycke,
935 553 94 22 särdeles

213 581 33 21 väl
262 582 126 21 motiveradt
412 582 38 21 och
473 581 96 27 lämpligt
591 585 42 19 sätt
655 585 32 18 att
709 583 81 21 utbilda
810 583 44 26 just
876 583 58 20 detta
950 588 82 15 samma

212 610 71 26 språk.
314 610 59 22 Skall
389 611 80 21 finskan
493 611 70 21 kunna
585 610 107 22 användas
712 612 69 20 såsom
798 611 166 26 domstolsspräk
980 614 51 18 utan

213 638 54 21 väda
283 639 32 20 för
329 639 189 24 rättssäkerheten,
533 642 50 19 utan
607 639 91 27 sorgliga
718 639 103 28 påföljder
836 639 32 21 för
884 639 149 27 rättsskipuin-

213 673 40 21 gen
270 667 5 21 i
293 667 77 25 landet,
387 669 23 19 är
426 668 36 20 det
478 668 63 21 ocksä
556 668 134 27 nödvändigt,
707 671 32 18 att
755 675 46 14 man
819 668 46 21 med
881 668 29 21 all
927 669 57 20 makt
1000 674 32 15 ar-

214 697 61 20 betar
289 696 28 27 pä
340 699 31 18 att
393 698 52 25 göra
469 697 58 21 detta
549 697 64 26 spräk
637 697 70 21 därtill
731 697 47 21 fullt
802 697 102 26 lämpligt.
934 697 45 20 Här
994 697 39 20 har

214 728 64 23 sagts,
295 727 32 18 att
342 725 86 26 språket
443 726 64 20 redan
526 727 7 20 i
549 728 30 19 ett
594 732 38 20 par
648 726 60 20 tiotal
724 726 24 21 är
763 727 103 20 användts
878 725 33 21 vid
928 725 107 27 åtskilliga

215 753 115 21 domstolar
346 754 5 20 i
368 753 67 22 skrift.
466 754 49 22 Man
531 755 38 20 har
584 755 87 26 påstått,
687 758 32 17 att
735 755 60 20 detta
810 760 49 15 vore
874 760 47 19 nog,
933 757 32 18 att
978 754 55 21 däri-

214 788 75 17 genom
307 789 24 14 en
348 782 47 21 fullt
411 782 112 28 tillräcklig
539 783 37 21 och
602 784 62 21 säker
678 784 73 26 praxis
767 783 31 21 för
815 784 35 20 det
865 783 67 21 finska
948 783 88 26 språket

214 811 69 21 skulle
298 811 62 21 hafva
376 811 91 21 utbildat
481 811 36 25 sig.
550 813 64 20 Detta
629 812 63 26 vågar
706 812 35 27 jag
757 812 109 27 högeligen
883 811 91 21 betvifla.
996 812 40 20 Ett

215 839 139 27 kurialspräk,
371 839 79 22 hvilket
472 841 54 21 skall
542 847 50 15 vara
614 841 23 21 sä
660 841 87 23 koncist,
765 841 22 21 sä
802 840 112 26 bestämdt,
930 843 31 18 att
977 841 57 20 leda-

215 871 95 18 möterne
326 869 6 20 i
349 869 25 20 de
391 869 64 26 högre
471 872 98 24 rätterne,
585 870 72 21 hvilka
676 870 46 21 icke
738 869 23 22 af
776 871 24 20 de
817 870 102 25 muntliga
934 869 100 21 förhand-

215 897 96 27 lingarna
327 898 71 21 kunna
415 897 56 22 bilda
493 899 32 27 sig
547 901 28 19 ett
599 899 103 23 omdöme,
718 902 51 18 utan
785 905 43 15 som
846 899 60 21 skola
922 898 61 21 döma
999 905 36 14 en-

216 926 48 22 dast
278 927 27 26 pä
322 927 39 21 den
378 927 81 21 skrifna
476 928 132 24 bokstafven,
621 928 47 20 icke
683 928 71 20 kunna
770 928 147 26 missuppfatta
929 928 54 20 hvad
998 933 37 15 un-

215 955 151 21 derdomarene
378 955 62 21 hafva
454 959 77 24 menat,
543 959 30 19 ett
589 956 75 22 sädant
680 957 63 25 spräk
755 957 99 21 behöfver
865 957 63 20 innan
944 956 35 21 det
989 956 48 20 nätt

215 984 40 20 full
277 984 120 25 utveckling
413 985 106 21 användas
535 985 82 27 mycket
633 992 56 14 mera
705 987 26 19 än
748 988 31 18 ett
794 992 38 20 par
848 986 60 20 tiotal
924 985 24 20 är
963 984 21 22 af
998 991 40 14 un-

216 1012 131 25 derdomare,
370 1012 22 22 af
413 1012 71 22 hvilka
499 1014 76 26 många
591 1014 53 21 varit
661 1014 103 21 måhända
780 1015 80 25 ganska
875 1014 63 21 klena
952 1014 7 20 i
975 1014 63 20 detta

216 1041 71 27 spräk.
317 1041 39 27 Jag
373 1046 45 16 tror
433 1042 76 25 derför,
525 1046 32 18 att
572 1043 39 21 den
628 1043 144 26 föreliggande
788 1043 116 27 petitionen
915 1044 23 19 är
949 1048 88 21 synner-

215 1070 57 27 ligen
288 1070 130 21 välbetänkt.
449 1070 25 22 Vi
490 1071 61 21 hafva
572 1071 23 27 ju
619 1072 63 20 också
706 1072 37 20 här
759 1072 45 20 haft
819 1071 83 21 tillfälle
919 1073 31 19 att
966 1070 71 22 erfara

215 1099 102 21 hurusom
334 1099 154 25 betänkanden,
504 1101 160 26 genomgångna
687 1100 23 21 af
731 1100 39 21 den
793 1106 83 21 person,
893 1106 44 15 som
954 1100 32 20 för
1001 1100 36 20 det

216 1128 68 20 finska
300 1128 166 26 kurialspräkets
484 1129 56 20 talan
557 1129 6 20 i
579 1129 46 21 värt
640 1129 56 25 land,
708 1130 54 20 varit
777 1132 81 18 utsatta
873 1128 33 22 för
922 1135 24 14 en
962 1130 75 24 sträng

216 1156 40 22 och
273 1157 47 21 svär
335 1157 72 21 kritik.
437 1156 41 28 Jag
500 1158 73 26 tycker
596 1158 59 21 detta
677 1158 54 21 talar
749 1158 75 27 tydligt
840 1164 41 20 nog
897 1158 31 20 för
944 1157 93 21 nödvän-

216 1185 99 25 digheten
332 1184 22 22 af
367 1188 32 18 att
415 1192 57 14 mera
487 1193 91 20 omsorg,
595 1192 57 16 mera
668 1187 130 21 omvärdnad
814 1192 64 20 egnas
893 1187 22 21 ät
931 1186 58 21 detta
999 1185 38 21 fin-

216 1215 39 20 ska
270 1214 146 26 kurialspräks
430 1214 126 27 utbildning,
571 1217 26 19 än
613 1215 54 21 hvad
682 1215 76 21 hittills
774 1216 38 20 har
828 1216 62 20 skett.
904 1227 28 3 —
942 1214 41 28 Jag
994 1215 42 21 mä-

217 1245 32 18 ste
267 1242 109 27 medgifva,
393 1246 31 18 att
440 1244 36 20 det
491 1244 100 20 förvånar
613 1244 42 27 mig
677 1244 27 26 pä
727 1245 36 20 det
784 1244 75 26 högsta
874 1246 32 18 att
921 1243 46 21 från
984 1244 55 24 dem,

216 1277 47 15 som
279 1270 59 22 alltid
354 1271 64 21 hafva
439 1272 57 26 gjort
511 1272 31 26 sig
557 1272 31 21 till
605 1272 101 22 mälsmän
723 1272 32 22 för
771 1273 57 21 detta
844 1272 67 21 finska
922 1272 69 26 språk,
1000 1271 37 21 fin-

218 1306 27 14 na
261 1302 31 18 ett
307 1300 110 21 motstånd
432 1303 44 18 mot
487 1300 36 22 det
534 1301 75 21 väckta
625 1301 99 27 förslaget
741 1302 31 20 till
790 1301 88 21 fromma
894 1300 32 22 för
940 1300 98 27 språkets

218 1328 125 26 utbildning.
374 1328 49 22 Man
439 1329 34 20 vill
496 1330 121 24 därigenom
633 1342 27 2 —
677 1330 35 19 det
734 1333 24 16 är
780 1332 48 18 sant
842 1341 28 3 —
886 1330 43 19 låta
950 1330 89 24 päskina

217 1358 32 18 ett
264 1356 138 25 förhållande,
419 1362 43 14 som
479 1356 54 21 dock
549 1356 44 22 icke
609 1356 114 25 existerar;
739 1363 46 15 men
802 1358 36 20 det
849 1359 22 19 är
884 1357 83 26 mycket
981 1358 58 19 orätt

218 1386 32 18 att
266 1384 44 20 läta
325 1384 65 21 saken
407 1384 43 21 lida
466 1384 32 21 för
513 1387 31 18 ett
559 1385 62 21 skens
637 1385 60 21 skull.

288 1412 60 21 Hvad
364 1413 65 20 sedan
446 1413 114 21 utskottets
576 1413 134 22 betänkande
725 1413 107 26 beträffar,
848 1414 68 21 måste
928 1413 37 28 jag
979 1415 58 25 säga,

218 1443 33 19 att
264 1441 37 27 jag
317 1441 66 21 finner
400 1441 53 22 både
474 1442 152 26 petitionärens
649 1442 126 27 motivering
794 1443 38 21 och
849 1442 153 27 framställning
1017 1441 24 22 af

216 1469 119 28 petitionen
351 1477 50 15 vara
417 1470 82 27 mycket
515 1471 83 21 klarare
621 1471 38 22 och
686 1472 71 21 bättre
772 1471 90 24 utförda,
880 1473 26 20 än
923 1472 116 21 utskottets
