1117 1798
272 137 179 21 Borgareståndet
463 138 58 18 1882.
545 138 23 16 21
580 138 96 17 februari.
845 132 42 21 305

137 206 162 26 Propositionen
311 206 125 21 besvarades
448 206 48 22 med
508 206 26 22 18
544 206 22 26 ja
577 206 39 22 och
627 208 26 20 26
665 206 42 27 nej;
715 206 84 22 hvarför
808 206 81 22 således

66 234 61 21 detta
145 234 79 26 förslag
239 234 22 21 af
275 234 84 21 ståndet
374 234 136 24 underkänts,
528 234 39 22 och
582 234 54 22 hade
652 234 55 28 förty
723 236 116 20 utskottets
855 235 36 21 be-

67 262 106 22 tänkande
189 262 137 22 oförändradt
342 262 68 22 blifvit
425 262 24 22 af
462 264 85 20 ståndet
562 264 101 26 godkänt.

136 393 120 27 Föredrogs
279 393 215 22 ekonomiutskottets
514 394 118 27 bordlagda
648 394 131 22 betänkande
795 395 40 21 N:o
855 396 7 20 1
883 395 8 21 i

67 422 114 27 anledving
196 422 23 21 af
232 422 59 21 Hans
302 422 117 26 Kejserliga
430 422 110 26 Majestäts
551 423 77 27 nådiga
637 423 131 28 proposition
779 424 109 26 angående

66 451 97 27 grunden
179 450 32 22 för
227 450 166 27 tolagsafgiftens
409 450 141 23 beräknande.

140 507 80 22 Härvid
236 507 103 27 begärdes
353 508 61 21 ordet
429 508 23 21 af

140 564 55 22 Herr
217 564 123 27 Nysten,
363 570 45 16 som
430 566 93 26 yttrade:
548 566 28 21 Af
594 566 138 22 förevarande
755 566 135 22 betänkande

69 594 99 26 framgår,
191 595 32 19 att
245 594 56 20 inom
324 593 202 23 ekonomiutskottet
544 597 75 19 tvenne
638 595 56 21 olika
710 595 109 27 meningar
833 594 58 28 gjort

70 623 32 26 sig
120 622 105 27 gällande,
244 622 39 21 den
299 628 39 15 ena
354 622 108 27 meningen
479 622 32 22 för
526 624 154 26 godkännande
696 623 21 22 af
730 623 159 28 propositionen

69 651 41 21 och
126 651 39 21 den
181 651 66 21 andra
262 651 33 21 för
310 650 142 28 begränsning
466 652 24 21 af
500 652 38 22 den
550 653 124 27 tidsperiod,
686 652 33 21 för
729 652 84 22 hvilken
826 658 64 22 grun-

70 680 40 20 den
134 679 32 21 för
188 679 170 27 tolagsafgiftens
381 680 134 22 beräknande
534 687 28 15 nu
579 682 84 20 komme
678 683 31 19 att
725 684 95 24 antagas.
850 680 41 27 Jag

71 708 33 21 för
125 708 42 21 min
191 708 33 21 del
247 708 67 21 skulle
337 709 83 21 ansluta
443 710 42 26 mig
508 709 31 21 till
561 710 40 21 den
617 710 90 26 mening,
723 710 66 27 enligt
803 710 86 20 hvilken

70 738 40 20 den
127 737 76 27 nådiga
219 736 158 28 propositionen
393 737 67 22 blefve
477 738 126 22 oförändrad
618 738 105 28 godkänd.
753 739 74 21 Såsom
843 738 47 22 skäl

70 766 34 21 för
119 766 116 21 utskottets
251 766 132 21 betänkande
399 766 5 20 i
420 767 40 21 den
476 767 34 21 del
525 768 34 20 det
576 767 80 21 afviker
667 767 45 21 från
724 767 166 27 propositionen,

70 796 19 20 d.
106 801 17 15 v.
139 801 17 15 s.
172 794 33 22 för
220 794 167 28 begränsningen
403 796 22 21 af
440 796 39 21 den
494 796 36 26 tid,
545 796 67 22 under
622 796 84 21 hvilken
717 796 40 22 den
769 796 123 22 nuvarande

70 824 94 27 grunden
188 823 32 21 för
242 824 157 27 tolagsafgiften
422 824 68 22 skulle
514 824 62 27 gälla,
598 825 91 25 anföres,
712 827 31 19 att
759 825 131 21 Ständernas

71 852 239 28 sjelfbeskattningsrätt
333 853 119 26 derigenom
468 853 68 21 skulle
552 860 44 15 mer
611 854 122 26 tillgodoses
749 854 38 21 och
799 855 32 19 att
851 854 40 20 den

70 881 392 28 omständigheten,
266 877 32 37 att
309 881 153 28 tolagsafgiften
479 882 72 22 bindes
562 882 33 22 vid
608 882 195 27 tullagstiftningen,
816 882 74 28 gjorde

71 913 32 18 att
120 910 6 21 i
141 909 73 28 sjelfva
237 911 73 20 verket
331 911 22 20 ät
377 911 39 20 den
432 911 65 21 andra
513 912 140 21 statsmakten
669 911 172 26 öfverlemnades,
858 913 33 19 att

71 945 71 15 ensam
158 939 118 20 bestämma
292 945 33 15 om
341 940 91 20 nämnda
448 939 66 27 afgift.
538 940 46 21 Men
602 940 33 21 för
650 941 42 20 min
704 940 33 21 del
748 940 38 21 har
796 940 37 27 jag
844 940 47 21 icke

72 969 80 20 kunnat
176 967 21 22 fä
218 967 57 22 klart
297 967 31 21 för
347 969 42 26 mig
405 970 30 19 att
452 969 22 20 sä
490 968 67 22 blefve
572 969 64 26 fallet,
653 969 69 21 derest
738 969 69 21 denna
822 969 69 27 grund

70 997 69 20 skulle
155 999 94 23 antagas,
266 996 31 21 till
313 997 47 20 dess
376 997 38 20 den
430 997 70 21 kunde
516 997 6 21 i
538 997 90 27 lagenlig
643 999 40 25 väg
693 998 118 21 förändras.
836 998 55 21 Före

72 1026 61 25 1874,
156 1025 27 21 dä
206 1025 40 20 den
269 1026 120 20 nuvarande
411 1026 95 26 grunden
525 1026 44 21 blef
582 1026 104 27 gällande,
702 1026 53 21 hade
772 1026 119 22 Ständerna

69 1054 47 21 icke
132 1056 32 19 att
180 1054 117 21 bestämma
313 1054 58 21 öfver
387 1057 63 18 annat
466 1056 26 19 än
508 1055 93 25 grunden
617 1055 33 20 för
664 1054 163 27 tolagsafgiften,
839 1055 54 21 hvil-

69 1083 41 20 ken
134 1082 26 21 dä
180 1088 37 15 var
232 1082 105 21 beroende
353 1083 22 20 af
388 1083 132 21 varuvärdet.
550 1077 18 27 Ä
585 1083 122 27 regeringen
724 1083 76 22 ankom
816 1083 76 22 nemli-

71 1118 39 19 gen
127 1114 30 18 att
181 1111 103 22 fastställa
301 1111 24 21 de
342 1111 55 21 olika
413 1114 87 19 taxorna
517 1112 32 21 för
559 1112 132 25 varuvärdet,
703 1112 75 21 liksom
790 1111 60 22 äfven
861 1114 32 20 att

70 1140 121 20 handhafva
216 1139 194 27 tullagstiftningen,
438 1140 81 21 således
542 1141 60 20 äfven
625 1143 33 18 att
681 1141 116 21 bestämma
821 1141 72 21 hvilka

71 1175 61 14 varor
147 1167 68 22 skulle
229 1169 97 20 förtullas
342 1168 38 21 och
397 1168 70 21 hvilka
483 1169 76 21 befrias
576 1169 46 21 från
638 1169 105 27 tullafgift.
769 1169 71 26 Enligt
852 1171 40 20 den

71 1197 124 26 anordning,
218 1203 45 14 som
285 1199 24 18 är
331 1197 117 26 föreslagen
468 1197 6 21 i
491 1198 163 26 propositionen,
671 1198 67 21 skulle
754 1204 81 15 samma
850 1197 42 22 för-

72 1225 99 21 hållande
191 1225 64 21 blifva
274 1226 103 25 gällande.
408 1225 117 22 Ständerna
540 1226 62 21 hafva
618 1226 26 21 då
660 1227 97 26 bestämt,
773 1229 32 19 att
821 1227 72 26 sjelfva

72 1254 95 27 grunden
178 1253 33 22 för
221 1253 156 28 tolagsafgiften
388 1254 67 22 skulle
468 1255 51 20 bero
530 1255 22 20 af
559 1255 142 25 tullsatserna,
709 1261 47 16 men
765 1256 127 26 regeringen

72 1282 67 21 skulle
164 1288 38 21 ega
224 1283 117 20 bestämma
364 1283 139 26 procenttalet
519 1283 7 20 i
542 1283 25 21 de
583 1283 56 22 olika
654 1284 99 21 städerna
770 1284 38 21 och
826 1284 67 21 likaså

71 1310 132 22 fortfarande
225 1311 63 21 hafva
310 1313 33 19 att
365 1311 117 22 bestämma
505 1311 58 22 öfver
578 1311 26 22 de
620 1318 69 18 varor,
705 1319 44 14 som
766 1313 60 20 skola
842 1313 51 20 tull-

72 1339 123 22 behandlas.
226 1339 49 22 Med
299 1342 31 19 att
354 1342 76 24 antaga
452 1339 116 22 utskottets
590 1341 133 21 betänkande
742 1341 39 21 och
797 1341 96 27 grunden

73 1368 33 21 för
130 1368 167 27 tolagsafgiftens
320 1369 135 21 beräknande
478 1369 74 21 endast
574 1369 33 21 för
626 1376 26 14 en
668 1370 117 26 begränsad
803 1370 37 23 tid,
855 1370 39 21 har

72 1396 90 28 således,
185 1397 66 26 enligt
273 1397 43 21 min
334 1397 71 25 tanke,
420 1397 108 28 ingenting
543 1398 93 26 vunnits;
652 1398 60 21 fallet
727 1398 68 21 blefve
811 1398 34 26 då,
862 1400 32 19 att

72 1431 81 14 samma
175 1426 78 19 ärende
276 1426 53 25 ånyo
352 1426 129 20 förekomme
504 1427 33 19 vid
556 1429 60 18 nästa
632 1427 107 25 landtdag.
769 1427 41 26 Jag
825 1427 69 21 skulle

74 1453 77 25 derför,
173 1453 68 21 såsom
263 1453 35 26 jag
319 1454 65 20 redan
407 1453 121 26 framhållit,
550 1454 33 20 för
599 1454 41 20 min
656 1454 33 21 del
705 1455 84 20 ansluta
805 1455 42 26 mig
862 1455 32 20 till

73 1481 41 21 den
136 1481 77 27 nådiga
235 1482 158 26 propositionen
412 1481 38 22 och
467 1481 92 27 förorda,
576 1484 32 19 att
624 1482 121 21 densamma
761 1483 65 21 måtte
842 1483 53 27 god-

73 1510 81 21 kännas
169 1509 134 22 oförändrad.

825 1564 22 18 20
