1120 1823
226 140 42 20 494
450 144 179 22 Borgareståndet
641 145 57 17 1882.
723 145 22 16 15
758 149 61 12 mars.

226 214 126 26 paragrafen
375 213 67 21 skulle
464 213 55 21 sluta
540 213 46 20 med
603 213 61 21 ordet
679 212 125 28 ,frigifvas”.
835 213 43 26 Mig
894 218 62 22 synes
971 213 74 20 nämli-

226 249 40 20 gen
291 242 45 21 icke
359 242 72 26 nödigt
452 244 32 18 att
499 242 63 20 hafva
578 243 31 19 ett
624 241 80 27 tillägg,
719 247 45 15 som
781 241 120 24 innefattar,
918 244 37 22 att,
972 241 6 21 i
995 241 51 21 hän-

227 271 57 21 delse
301 270 122 22 lösdrifvare
439 270 40 21 blir
494 270 101 26 erbjuden
611 270 69 26 tjenst,
696 270 41 21 han
754 270 53 21 dock
822 270 47 21 icke
884 269 68 22 skulle
968 270 21 20 få
1000 270 45 21 från

228 299 188 26 arbetsinrättning
432 298 94 27 frigifvas
541 312 27 2 —
585 298 88 21 oaktadt
686 304 47 15 man
750 305 67 17 anser,
833 300 32 19 att
880 298 76 22 sådant
971 300 23 19 är
1005 298 39 21 till-

227 328 81 26 räcklig
323 328 82 27 garanti
422 327 38 27 för,
476 330 31 18 att
522 328 41 20 han
586 327 46 21 icke
650 327 73 21 vidare
738 327 54 21 skall
808 327 99 21 hemfalla
923 328 66 21 under
1004 326 40 22 lös-

227 356 85 22 drifveri
329 369 26 3 —
371 356 47 21 med
434 356 82 21 mindre
531 357 129 25 guvernören
685 356 72 20 derom
773 356 48 20 hört
837 356 157 21 vederbörande
1010 362 35 20 po-

226 385 35 21 lis-
278 385 51 21 eller
350 384 245 28 kommunalmyndighet
619 384 38 21 och
680 385 94 25 godkänt
797 385 100 21 anbudet.
927 384 40 27 Jag
983 390 62 15 anser

227 414 58 21 detta
309 414 71 26 tillägg
403 420 50 14 vara
476 414 85 20 alldeles
583 412 139 27 öfverflödigt,
738 414 88 20 emedan
842 413 123 27 paragrafen
981 414 64 20 redan

227 442 116 29 medgifver
364 442 158 22 vederbörande
545 444 43 19 rätt
611 445 30 18 att
664 442 79 26 pröfva,
761 442 101 21 huruvida
878 444 31 19 ett
925 442 121 22 framstäldt

227 473 70 20 anbud
320 472 53 21 skall
396 478 61 15 anses
480 472 70 21 kunna
565 471 125 21 säkerställa
706 471 111 21 samhället
833 471 33 21 för
881 473 32 20 att
928 478 25 15 en
969 477 75 21 person

226 501 47 21 icke
288 501 71 21 vidare
374 501 96 21 kommer
486 503 31 18 att
532 500 99 21 hemfalla
646 501 67 20 under
729 500 124 21 lösdrifveri.

296 558 55 21 Herr
367 553 122 26 Öhman:
509 557 71 21 Ehuru
594 557 36 27 jag
645 557 82 21 fruktar
743 559 32 19 att
790 557 23 21 af
828 557 48 21 herr
892 557 101 27 Federley
1009 564 36 14 an-

226 593 34 15 ses
283 587 106 26 uppställa
411 587 35 20 det
464 587 168 20 administrativa
647 586 114 27 godtycket
784 586 69 21 säsom
872 586 41 27 lag,
929 587 67 20 mäste
1010 586 35 26 jag

227 616 54 21 dock
305 616 94 20 försvara
422 616 39 20 den
484 615 113 27 stilisering
619 615 125 26 paragrafen
765 615 5 20 i
787 614 137 22 förevarande
948 615 97 20 afseende

227 645 45 20 har.
302 644 40 27 Jag
365 650 61 15 anser
446 644 104 26 nämligen
567 643 135 26 nödvändigt,
718 646 32 19 att
765 643 36 21 det
816 644 138 21 öfverlemnas
970 643 21 21 ät
1007 649 38 21 gu-

227 675 102 19 vernören
352 675 33 18 att
407 673 79 26 pröfva,
502 672 103 21 huruvida
629 673 38 20 den
692 673 70 26 tjenst,
779 679 43 14 som
839 679 25 15 en
880 673 32 20 för
927 672 118 22 lösdrifveri

227 702 31 21 till
281 701 189 26 arbetsinrättoing
493 701 62 20 dömd
577 707 75 21 person
668 700 40 21 blir
724 701 106 26 erbjuden,
846 703 24 19 är
885 701 93 27 antaglig
994 701 51 21 eller

227 731 46 21 icke
293 731 57 24 eller,
367 731 47 20 med
436 730 65 21 andra
517 730 45 25 ord,
578 730 102 21 huruvida
704 730 122 21 densamma
841 732 23 19 är
879 730 66 21 sådan
961 732 31 19 att
1005 730 39 20 den

227 760 82 20 lemnar
324 759 98 21 säkerhet
438 759 32 20 för
486 761 31 18 att
533 758 137 21 lösdrifvaren
687 759 120 26 derigenom
824 759 94 20 kommer
934 760 31 19 att
978 758 66 21 öfver-

226 788 56 27 gifva
305 788 36 21 sitt
363 788 57 21 förra
443 787 140 26 vagabondlif,
599 790 22 23 ty
639 787 2 20 i
658 793 68 14 annan
747 787 103 21 händelse
873 787 69 21 kunde
965 787 36 21 det
1024 788 21 25 ju

226 816 92 25 inträffa,
334 819 32 18 att
382 823 24 13 en
423 816 116 27 vagabond,
557 815 82 21 hvilken
661 815 49 26 sjelf
733 816 104 21 måhända
856 822 49 15 vore
922 822 73 20 mogen
1011 815 34 21 för

226 845 195 25 arbetsinrättning,
437 845 74 23 skulle,
529 844 52 21 efter
605 844 36 20 hos
663 846 131 24 guvernören
810 845 71 20 derom
898 845 60 27 gjord
973 846 72 19 anmä-

226 874 42 24 lan,
284 874 5 20 i
305 873 31 21 sin
359 873 64 26 tjenst
447 875 76 24 antaga
546 873 47 25 alla,
609 878 44 15 som
672 872 68 21 finnas
756 873 85 26 intagna
857 873 27 26 på
900 873 145 21 korrektions-

226 902 147 26 inrättningen.

296 959 81 21 Herrar
393 958 130 22 Castrén
540 958 38 22 och
595 958 150 28 Federley
767 958 101 22 förenade
886 959 32 27 sig
934 960 46 20 med
996 959 49 21 herr

226 988 113 21 Snellman.

294 1045 151 21 Diskussionen
469 1044 121 26 afslutades,
614 1044 64 21 hvarå
701 1044 50 22 herr
775 1044 127 22 Talmannen
922 1045 122 21 framstälde

224 1074 92 27 följande
332 1074 164 26 propositioner:

295 1131 48 24 »De,
360 1130 72 21 hvilka
454 1130 111 26 godkänna
584 1129 124 27 paragrafen
725 1130 126 21 oförändrad
868 1130 5 20 i
890 1131 39 20 den
946 1131 32 21 del
995 1131 48 20 den-

225 1165 80 15 samma
328 1161 34 19 rör
386 1159 34 20 det
436 1158 22 22 af
472 1158 49 22 herr
543 1159 80 20 Berner
640 1158 75 21 väckta
732 1158 192 27 tilläggsförslaget,
941 1161 58 19 rösta
1012 1160 31 26 ja;

294 1188 72 20 vinner
388 1188 39 26 nej,
444 1188 37 20 har
504 1188 83 20 ståndet
609 1187 94 26 godkänt
724 1187 48 21 herr
788 1187 90 22 Berners
894 1188 90 21 berörda
999 1188 44 20 till-

224 1216 158 27 läggsförslag.*

293 1273 161 26 Propositionen
471 1272 125 22 besvarades
612 1273 47 20 med
676 1273 153 27 öfvervägande
843 1273 31 27 ja;

293 1330 48 26 De,
357 1329 72 21 hvilka
452 1329 111 27 godkänna
585 1329 139 27 paragrafens
748 1329 131 27 ordalydelse
902 1329 31 22 till
954 1330 39 21 den
1010 1330 33 22 del

224 1359 122 20 densamma
363 1358 65 25 angär
444 1358 35 20 det
494 1358 23 20 af
530 1358 49 20 herr
594 1358 56 20 Göös
667 1358 76 20 väckta
759 1358 108 26 förslaget,
883 1360 58 19 rösta
954 1359 31 25 ja;

293 1386 73 20 vinner
381 1386 39 26 nej,
436 1386 38 20 har
489 1386 84 21 ståndet
588 1386 62 24 velat,
666 1388 32 18 att
714 1386 61 21 ordet
791 1386 78 24 ,eller*
886 1386 54 21 skall
957 1386 85 27 utbytas

223 1416 46 19 mot
283 1414 71 27 ,och*.

292 1471 131 22 Besvarades
439 1472 47 20 med
502 1471 151 27 öfvervägande
667 1472 30 26 ja;
714 1474 55 19 samt
