1131 1823
315 135 176 20 Borgareståndet
504 136 58 17 1882.
587 136 24 17 10
624 135 95 18 februari.
888 131 41 20 243

109 204 85 21 komma
218 203 130 28 rubbningar
362 204 6 21 i
384 203 48 22 hela
456 203 164 22 samhällslifvet.
650 204 46 21 Min
718 204 65 28 afsigt
804 211 37 14 var
857 205 26 20 då
897 206 34 19 att

109 234 98 19 närmare
222 232 103 21 motivera
348 233 26 20 de
390 233 5 20 i
411 233 202 26 petitionsförslaget
629 233 74 21 endast
718 233 159 27 antydningsvis
893 233 37 20 be-

109 261 64 20 rörda
195 260 136 27 synpunkter.
362 261 33 20 Då
417 267 28 14 nu
460 261 7 20 i
483 261 41 27 dag
539 264 75 18 tvenne
630 262 64 20 ärade
710 261 66 22 talare
792 261 61 21 äfven
867 267 64 20 synas

108 289 53 26 hysa
177 289 39 20 den
240 289 142 26 uppfattning,
403 291 33 18 att
451 289 26 20 de
498 290 21 20 af
532 289 43 26 mig
590 289 95 21 uttalade
700 289 79 27 åsigter
794 290 45 20 icke
855 291 37 19 äro
907 289 25 21 af

109 317 69 27 någon
201 317 45 21 halt
269 317 38 22 och
329 317 64 27 yrkat
415 317 33 26 på,
471 319 32 19 att
528 317 232 28 petitionsmemorialet
782 320 50 19 utan
858 317 71 22 vidare

108 346 67 21 måtte
191 345 110 27 förkastas,
316 346 63 21 utber
391 346 37 26 jag
444 345 41 26 mig
501 348 31 19 att
547 345 32 22 för
594 345 107 28 vällofliga
716 346 179 27 Borgareståndet
907 345 24 22 få

109 376 97 20 närmare
229 374 32 21 till
283 374 129 28 protokollet
434 375 119 21 framställa
576 375 25 21 de
624 375 97 28 grunder,
744 376 27 26 på
793 375 72 21 hvilka
880 374 49 22 mitt

108 403 211 27 petitionsmemorial
335 403 73 21 hvilar.

177 431 42 22 Till
235 438 24 15 en
277 432 72 27 början
371 431 37 22 ber
421 432 36 27 jag
473 433 105 21 Herrarne
594 432 46 21 icke
656 434 50 25 taga
721 434 72 19 anstöt
807 432 24 21 af
845 438 32 15 om
891 432 39 27 jag

109 461 6 20 i
131 460 234 28 petitionsmemorialet
381 461 38 20 och
435 460 60 22 äfven
512 462 6 20 i
534 462 48 21 mitt
596 461 134 26 andragande
743 461 96 22 kommer
851 463 32 19 att
893 461 37 21 be-

108 495 69 21 gagna
193 490 35 21 det
243 489 128 28 afskyvärda
385 490 109 26 uttrycket
510 489 174 26 ,,skråväsende".
714 491 41 24 Jag
770 490 38 21 ber
823 490 108 21 Herrarne

109 518 32 21 för
157 517 94 22 tillfället
267 518 98 21 betrakta
380 518 35 21 det
431 519 74 20 endast
520 519 69 21 säsom
605 524 25 15 en
646 518 83 21 teknisk
745 522 60 17 term.

177 546 50 21 Man
243 547 38 20 har
304 547 138 20 brännmärkt
463 547 156 24 skräväsendet,
634 547 39 21 och
690 547 58 21 detta
763 547 48 20 med
827 548 62 25 rätta,
905 547 24 20 sä

108 575 45 21 vidt
168 575 35 21 det
219 575 66 26 gäller
307 576 127 21 detsammas
456 577 104 26 yttringar
578 576 67 21 under
660 576 65 21 slutet
740 576 21 21 af
776 576 47 20 dess
839 575 90 22 tillvaro.

109 603 48 21 Men
174 604 67 21 ehuru
256 610 48 15 man
320 604 19 26 ej
353 604 43 20 kan
413 604 76 21 blunda
506 605 32 20 för
553 605 161 21 skräväsendets
729 607 58 18 stora
799 604 82 25 brister,
894 604 35 21 be-

109 633 90 27 rättigar
214 632 54 21 dock
288 633 52 20 intet
355 634 32 19 att
407 633 64 21 totalt
486 633 138 22 underkänna
640 633 25 21 de
680 635 58 19 stora
753 633 79 21 sociala
847 633 83 21 sannin-

108 667 39 20 gar
162 661 36 22 det
220 661 99 21 innehöll.
350 661 112 22 Betraktar
484 668 47 15 man
548 662 151 21 skräväsendet
714 661 33 22 för
763 662 40 21 300
819 661 24 22 är
858 661 71 26 sedan,

109 689 52 22 eller
176 690 67 21 under
265 690 47 21 dess
335 690 216 27 blomstringsperiod,
568 691 23 21 sä
613 691 66 21 mäste
695 697 49 14 man
767 690 45 21 deri
827 690 56 21 finna
903 696 26 15 en

108 719 120 22 institution
244 719 23 21 sä
282 720 112 25 storartad,
409 725 45 15 som
470 719 81 28 knappt
566 720 68 27 nägon
650 719 29 21 tid
695 720 41 20 kan
747 720 94 26 uppvisa.
865 719 65 22 Skrä-

108 748 112 21 väsendets
235 747 76 28 högsta
333 748 42 21 mäl
390 755 38 14 var
449 749 67 20 under
531 749 67 22 denna
618 749 30 21 tid
665 750 32 19 att
713 748 23 21 af
749 748 106 21 individen
870 747 60 22 bilda

108 783 26 15 en
150 777 72 27 sedlig,
239 777 94 22 tekniskt
348 777 102 24 utbildad,
461 777 47 21 med
519 777 118 27 borgerliga
649 778 78 27 dygder
738 777 106 27 begäfvad
853 777 76 21 handt-

109 806 95 25 verkare,
227 806 108 26 förmögen
351 808 32 19 att
405 806 69 21 säsom
498 806 190 22 samhällsmedlem
704 806 95 27 uppbära
815 806 36 21 det
865 806 64 21 värde

109 835 38 21 och
163 835 104 21 anseende
283 834 169 22 handtverkaren
468 835 135 26 tillkommer,
619 838 55 18 samt
690 837 31 19 att
736 836 117 26 fortplanta
868 835 62 21 dessa

108 863 80 27 dygder
203 863 31 21 till
257 864 45 20 sina
317 864 100 26 lärlingar
440 863 38 21 och
494 864 95 26 gesäller.
621 864 48 21 Men
685 864 27 26 pä
733 864 36 20 det
784 866 31 19 att
831 864 36 20 det
881 863 48 21 sed-

109 892 40 27 liga
173 892 66 26 lifvet,
255 892 40 21 den
318 892 98 21 tekniska
438 892 130 27 färdigheten
592 893 39 22 och
647 892 36 22 det
704 892 169 27 medborgerliga
892 898 35 14 an-

108 921 87 22 seendet
217 921 68 21 skulle
308 921 93 26 bevaras,
425 921 96 21 fordrade
543 922 35 21 det
594 921 134 22 erkännande
744 921 40 22 och
799 921 95 27 beskydd
909 919 22 22 af

108 953 76 18 staten.
215 949 49 22 Med
287 950 61 21 dessa
363 950 54 26 höga
441 949 41 22 mäl
499 949 33 22 för
553 952 80 25 ögonen
656 950 39 21 och
713 951 67 20 under
795 952 82 19 statens
891 949 38 21 be-

107 979 68 26 skydd
190 979 71 21 kunde
277 979 35 21 det
327 979 130 26 frambringa
473 979 25 20 de
513 979 107 27 skapelser
635 979 21 20 af
670 979 107 21 storartad
787 977 142 26 konstfärdig-

107 1008 43 26 het,
166 1013 45 16 som
234 1009 56 20 ännu
305 1009 38 20 äro
365 1007 87 22 föremäl
469 1007 33 21 för
517 1007 37 22 vär
569 1007 107 22 beundran
692 1007 39 21 och
747 1014 45 15 som
808 1008 40 20 den
864 1012 65 21 nyare

108 1037 104 20 industrin
235 1036 81 27 fåfängt
338 1036 64 21 söker
425 1035 115 22 efterbildä
572 1037 30 20 På
625 1036 67 21 denna
715 1038 40 25 väg
777 1043 37 14 var
832 1036 35 21 det
882 1041 46 15 som

108 1065 193 21 handtverkarenes
316 1065 137 21 ekonomiska
468 1065 98 21 välständ
581 1067 62 19 växte
659 1064 39 21 och
713 1065 125 21 utvecklade
853 1064 32 27 sig
897 1063 33 22 till

108 1094 40 21 den
164 1093 58 21 makt
237 1093 6 21 i
259 1093 118 26 samhället,
399 1099 44 15 som
460 1094 96 27 utgjorde
578 1093 143 27 grundstenen
740 1093 33 21 för
788 1094 26 20 de
829 1093 6 20 i
850 1093 32 21 sin
897 1092 31 21 tid

108 1122 93 27 mäktiga
217 1121 195 22 Hanseförbunden.
442 1121 48 22 Men
504 1123 6 20 i
528 1123 67 20 denna
610 1121 143 22 makttillvext
768 1122 35 27 låg
815 1122 44 26 just
873 1121 57 22 fröet

108 1151 32 20 till
155 1150 162 22 skräväsendets
331 1151 43 20 fall.

177 1178 111 22 Medveten
312 1185 34 15 om
361 1179 31 20 sin
415 1179 73 27 styrka
504 1179 46 21 sköt
573 1178 146 22 institutionen
743 1179 58 20 öfver
816 1178 71 21 målet.
917 1178 11 21 [I

108 1207 71 21 stället
194 1207 33 22 för
243 1209 32 20 att
293 1213 52 15 vara
361 1214 24 14 en
401 1207 65 22 social
480 1207 137 27 korporation
632 1207 48 21 med
695 1207 75 22 endast
784 1207 89 26 fredliga
888 1206 41 21 och

108 1236 80 27 sedliga
203 1236 68 27 syften
295 1236 49 21 ville
359 1236 36 21 det
417 1236 63 21 blifva
496 1243 24 14 en
542 1238 42 19 stat
599 1236 7 21 i
621 1237 70 20 staten
706 1235 39 22 och
761 1235 28 22 dä
804 1236 47 20 dess
866 1235 63 21 välde

108 1271 75 21 genom
199 1265 162 27 betydelsefulla
383 1264 115 22 historiska
512 1265 112 21 händelser
638 1264 119 26 krossades,
774 1265 27 20 dä
816 1264 47 21 dess
878 1263 50 22 eko-

108 1294 97 21 nomiska
227 1295 91 20 existens
340 1299 75 22 genom
431 1300 41 21 nya
494 1293 164 27 handelsvägars
673 1294 126 26 upptäckter
815 1293 114 26 rubbades,

108 1323 95 21 försökte
219 1323 35 21 det
269 1325 55 19 ännu
344 1322 77 22 skansa
436 1323 30 26 sig
482 1322 55 21 inom
554 1322 153 22 formalismens
722 1322 103 21 skrankor
841 1321 39 22 och
895 1327 34 16 ur-

108 1351 74 22 artade
198 1352 120 26 derigenom
333 1351 32 21 till
381 1357 25 15 en
421 1351 132 21 tillkonstlad
568 1351 102 27 skapelse,
679 1357 45 15 som
736 1351 40 20 den
787 1357 64 20 nyare
859 1351 70 20 tidens

108 1381 62 21 friare
185 1380 136 27 uppfattning
341 1380 18 25 ej
375 1387 45 14 mer
439 1380 70 21 kunde
524 1380 104 26 fördraga.
659 1379 48 22 Men
723 1380 22 20 af
760 1380 69 20 denna
844 1379 85 20 institu-

107 1409 56 21 tions
179 1409 54 21 bäde
254 1409 55 26 goda
325 1408 39 21 och
385 1409 69 26 däliga
469 1408 58 21 sidor
542 1408 39 21 har
596 1409 39 20 den
650 1415 66 20 nyare
731 1408 138 21 ekonomiska
883 1407 47 26 lag-

107 1438 122 26 stiftningen
241 1437 45 21 haft
296 1437 83 26 mycket
395 1439 31 19 att
441 1437 51 23 lära,
508 1438 72 25 tyvärr
594 1437 39 20 har
648 1443 48 14 man
712 1437 64 20 likväl
792 1437 75 20 endast
879 1435 49 22 allt-

107 1465 32 21 för
161 1465 84 27 mycket
266 1465 89 21 beaktat
377 1465 26 21 de
425 1471 80 18 senare,
521 1464 6 20 i
544 1465 35 21 det
600 1470 48 15 man
672 1464 89 26 ensidigt
784 1465 48 20 sökt
847 1463 83 27 skydda

107 1493 112 22 samhället
242 1494 33 20 för
295 1493 163 21 skräväsendets
477 1492 76 26 farliga
568 1492 114 22 elementer
697 1492 39 21 och
751 1493 110 26 yttringar,
875 1495 53 18 utan

107 1525 32 20 att
155 1522 80 22 skänka
250 1522 101 28 tillbörlig
367 1521 187 28 uppmärksamhet
569 1522 22 21 ät
601 1520 73 28 sjelfva
684 1520 145 22 hufvudmälet
841 1521 7 21 i
859 1520 70 22 denna
