1120 1803
217 141 43 20 594
444 144 178 22 Borgareständet
632 145 58 16 1882.
714 145 25 16 18
751 149 62 12 mars.

219 213 86 27 möjliga
320 213 144 27 misstydning,
481 215 31 19 att
527 213 119 21 Ständerna
661 212 33 22 vid
706 213 69 21 denna
785 213 101 25 landtdag
896 212 67 22 skulle
973 212 65 22 hafva

219 244 70 19 ansett
309 242 35 20 det
360 248 50 14 vara
425 242 23 20 af
462 244 67 18 större
545 242 48 26 vigt,
610 243 31 19 att
657 243 31 19 ett
703 241 74 21 felfritt
793 241 39 21 och
848 244 117 23 noggrannt
981 242 56 20 äter-

220 270 99 27 gifvande
334 270 21 21 af
369 270 114 21 innehället
499 270 22 21 af
535 270 25 21 de
575 270 162 27 promulgerade
753 269 139 27 lagförslagen
904 270 67 20 skulle
982 269 54 21 före-

219 299 86 21 komma
327 299 7 20 i
357 298 40 21 den
412 298 67 21 finska
494 301 77 23 texten,
588 300 25 19 än
630 299 5 19 i
652 298 40 21 den
708 298 96 26 svenska,
821 301 59 24 tager
893 298 36 26 jag
944 298 43 26 mig
1001 298 36 20 fri-

218 327 64 21 heten
297 327 118 25 hemställa,
432 333 33 15 om
481 328 45 20 icke
543 334 62 14 mom.
622 327 64 21 borde
702 328 77 20 ändras
794 326 95 23 sälunda,
905 329 31 18 att
951 327 87 21 framför

220 356 78 20 orden:
316 356 19 23 ,i
351 356 32 20 sin
399 355 68 21 finska
482 358 65 22 text",
563 356 67 20 skulle
646 355 79 20 införas
741 356 61 20 ordet
817 355 88 27 yäfven*.

288 412 54 21 Herr
364 411 78 22 Göös
463 412 99 21 förenade
585 412 31 26 sig
642 417 33 15 om
698 411 36 21 det
753 411 24 21 af
791 411 49 21 herr
855 411 103 22 Andersin
974 411 64 22 fram-

218 440 70 21 stälda
303 440 105 27 förslaget.

287 498 55 21 Herr
365 497 113 22 Berner
502 497 95 27 frängick
619 497 38 22 den
682 497 21 21 af
724 497 77 21 honom
827 497 129 21 beträffande
971 497 66 21 första

219 533 63 14 mom.
298 526 118 27 föreslagna
431 526 167 27 formuleringen.

288 583 68 22 Sedan
384 584 144 20 diskussionen
544 583 86 21 härmed
646 583 114 21 förklarats
776 583 91 22 afslutad
884 585 54 19 samt
952 584 86 20 ståndet

219 612 50 21 med
291 611 152 28 öfvervägande
466 612 109 26 pluralitet
591 612 103 21 förkastat
709 612 48 20 herr
773 611 121 28 Federley's
909 613 78 25 förslag
1002 619 35 14 om

219 641 154 25 godkännande
396 640 22 21 af
438 641 73 26 sjelfva
527 641 237 26 petitionsmemorialet,
781 641 38 21 och
836 641 29 20 till
882 641 155 26 kontrapropo-

219 669 63 20 sition
299 672 43 18 mot
358 675 61 14 mom.
436 670 22 25 a)
473 669 5 20 i
494 670 115 19 utskottets
626 669 138 25 betänkande,
781 669 47 21 med
845 669 141 26 afböjande
963 665 25 35 af
995 669 40 20 den

220 697 143 21 betänkandet
379 697 111 26 vidfogade
505 698 161 22 reservationen,
683 697 80 26 antagit
780 698 35 20 det
831 697 21 21 af
867 698 49 20 herr
932 698 104 20 Andersin

221 726 75 20 väckta
319 725 106 27 förslaget,
448 726 30 20 lät
493 726 47 20 berr
556 726 128 20 Talmannen
700 726 33 20 till
749 726 128 21 besvarande
893 727 88 25 uppläsa
996 726 40 20 föl-

218 754 63 26 jande
296 754 143 26 proposition:

288 812 52 26 »De,
357 812 69 20 hvilka
442 812 113 26 godkänna
569 818 62 14 mom.
647 812 20 25 a)
683 812 6 20 i
705 812 117 21 utskottets
838 812 133 20 betänkande
982 812 54 21 oför-

220 840 95 24 ändradt,
332 842 58 19 rösta
400 840 30 26 ja;

288 869 72 21 vinner
382 868 40 28 nej,
439 869 38 21 har
491 869 49 21 herr
556 869 114 21 Andersins
686 868 78 28 förslag
780 868 68 22 blifvit
863 869 23 21 af
900 869 83 21 ståndet
1000 876 36 15 an-

218 897 78 24 taget."

286 954 130 22 Besvarades
439 954 47 21 med
503 956 25 19 32
543 955 21 26 ja
581 954 38 22 och
635 955 25 20 15
677 954 45 26 nej;
739 955 85 21 hvarför
840 955 81 21 således
936 961 61 15 mom.
1014 956 21 26 a)

218 983 65 26 enligt
298 984 115 20 utskottets
428 983 133 21 betänkande
577 983 22 21 af
613 983 84 21 ståndet
712 984 112 26 godkänts.

286 1040 55 21 Herr
356 1040 120 21 Berner:
494 1040 31 21 Då
541 1040 35 21 det
592 1040 65 20 första
672 1046 63 14 mom.
751 1040 6 21 i
772 1040 114 21 utskottets
902 1040 133 22 betänkande

217 1075 28 14 nu
265 1071 24 18 är
305 1068 113 27 godkändt,
434 1069 64 26 vågar
511 1069 42 26 jag,
570 1069 88 20 oaktadt
674 1069 39 20 den
730 1069 105 26 egentliga
851 1069 143 20 diskussionen
1010 1071 25 18 är

217 1097 98 22 afslutad,
339 1097 111 21 hemställa
472 1103 33 14 om
528 1097 45 20 icke
589 1096 75 22 mellan
681 1097 64 20 orden
761 1097 101 27 ,utgifva*
877 1097 39 21 och
933 1098 100 23 ,,domar'

216 1126 28 26 på
267 1127 61 26 sjette
352 1126 70 25 raden,
440 1126 64 21 borde
520 1125 81 22 införas
617 1126 63 20 orden
698 1126 115 23 ,formulär
828 1125 53 26 till",
898 1126 87 21 emedan
1001 1129 32 18 ut-

216 1155 57 25 gifna
296 1155 73 20 domar
384 1154 126 21 åtminstone
526 1155 5 20 i
548 1155 166 26 embetsspråket
731 1154 87 27 betyder
834 1157 30 19 ett
879 1155 76 20 sådant
969 1155 66 26 utgif-

216 1183 73 24 vande,
306 1189 44 14 som
367 1183 121 20 ankommer
504 1183 27 26 på
547 1183 158 20 embetsverken
721 1183 38 20 och
776 1183 79 26 åsyftar
872 1183 92 26 original.

284 1240 56 20 Herr
362 1239 128 21 Talmannen
511 1240 64 24 ansåg
599 1240 31 25 sig
652 1239 46 20 icke
720 1246 94 19 numera,
838 1239 26 21 då
879 1240 154 20 betänkandets

215 1268 66 20 första
296 1274 62 14 mom.
375 1267 21 21 af
408 1267 83 21 ståndet
501 1268 64 20 redan
577 1267 69 21 blifvit
656 1268 115 25 godkändt,
782 1268 71 20 kunna
863 1270 93 24 upptaga
964 1268 68 20 denna

215 1296 132 25 hemställan,
364 1296 38 20 och
418 1296 106 20 lemnades
540 1296 121 20 densamma
676 1298 32 18 att
725 1296 70 20 dervid
812 1296 55 20 bero.

282 1352 168 20 Vidkommande
473 1358 61 14 mom.
553 1352 22 26 b)
591 1352 67 20 beslöt
674 1352 90 25 ståndet,
781 1352 63 20 sedan
861 1352 31 20 till
906 1352 127 26 kontrapro-

214 1380 92 26 position
330 1382 44 18 mot
396 1380 115 20 utskottets
530 1379 132 21 betänkande
679 1380 6 19 i
702 1380 67 20 denna
785 1380 39 24 del,
842 1380 32 20 vid
892 1380 33 20 val
941 1380 89 21 emellan

214 1408 75 21 herrar
304 1408 122 26 Björksténs
442 1408 38 20 och
496 1408 90 21 Berners
601 1408 85 26 förslag,
702 1408 35 21 det
753 1408 22 21 af
785 1408 49 22 herr
845 1408 111 27 Björkstén
968 1409 64 21 fram-

214 1437 69 21 stälda
299 1437 68 20 blifvit
382 1436 127 27 föredraget,
525 1437 47 20 med
589 1437 153 26 öfvervägande
756 1437 110 27 pluralitet
877 1440 31 19 att
918 1438 113 26 godkänna

212 1465 62 22 äfven
291 1466 57 21 detta
364 1472 62 15 mom.
442 1465 137 22 oförändradt
595 1466 63 27 enligt
675 1466 150 22 betänkandet.
