1120 1798
199 129 43 21 206
412 134 177 21 Borgareständet
602 135 55 17 1882.
682 135 11 16 7
706 134 96 18 februari.

198 203 24 20 af
236 202 208 21 kommunikationen
460 203 46 20 med
523 202 31 22 sin
569 203 63 21 hamn
648 202 65 22 Räfsö
728 203 79 26 årligen
824 203 66 21 måste
905 203 114 27 uppoffra
1006 198 16 36 i

200 230 99 22 medeltal
315 230 133 22 femtiotusen
457 231 93 26 (50,000)
559 231 59 21 mark
634 231 38 21 och
689 231 106 21 dessutom
811 232 7 20 i
833 233 106 19 närmaste
954 230 64 22 fram-

199 260 31 20 tid
253 260 44 20 står
320 259 54 21 inför
397 259 134 21 kommunala
554 260 88 27 företag,
666 266 44 14 som
731 260 71 22 fordra
823 260 62 26 högst
901 260 119 27 betydande

199 288 291 27 penningeförsträckningar,
513 288 46 21 icke
581 288 41 21 kan
646 294 70 15 ensam
738 288 52 27 våga
810 289 32 27 sig
857 289 27 26 på
900 288 120 22 utförandet

200 317 24 20 af
238 317 89 21 berörda
346 316 120 26 oafvisligen
483 317 139 26 nödvändiga,
638 323 46 14 men
701 317 51 27 dyra
768 317 141 26 brobyggnad,
924 318 53 26 våga
992 318 27 25 vi,

199 346 28 26 på
242 344 64 27 sagde
321 345 58 21 stads
395 346 85 25 vägnar,
496 345 38 21 hos
549 344 104 28 vällofliga
669 345 178 26 Borgareståndet
861 345 111 22 hemställa
988 348 32 18 att

199 373 89 22 Ståndet
312 373 47 21 ville
374 377 129 23 gemensamt
519 374 47 20 med
582 374 25 21 de
623 373 67 27 öfriga
705 374 94 21 Stånden
815 374 32 20 till
863 374 58 21 Hans
936 374 85 26 Kejser-

200 402 42 26 liga
258 402 100 27 Majestät
376 402 48 26 ingå
440 402 47 21 med
502 408 24 15 en
543 402 130 25 underdånig
689 402 88 26 petition
793 404 32 19 att
840 403 33 20 för
887 402 132 27 uppförande

199 431 49 21 med
264 430 34 22 det
314 433 96 19 snaraste
426 430 23 22 af
464 437 24 15 en
504 431 41 21 fast
560 430 38 22 bro
615 430 56 22 öfver
686 431 69 21 Kumo
771 431 30 21 elf
811 431 57 21 invid
878 431 144 27 Björneborgs

198 460 48 20 stad
270 460 65 20 måtte
357 460 23 20 af
393 459 123 21 statsmedel
539 459 70 22 anstås
624 466 25 14 en
673 466 81 15 summa
770 459 22 21 af
813 460 64 21 minst
892 460 127 21 tvåhundra-

200 490 60 20 tusen
276 488 110 26 (200,000)
407 488 60 21 mark
489 488 100 27 antingen
605 489 6 20 i
627 488 53 21 form
703 488 21 22 af
738 490 30 20 ett
784 488 115 22 understöd
913 488 51 22 eller
980 488 39 22 ock

199 516 71 22 såsom
286 519 30 19 ett
339 517 107 21 räntefritt
468 517 40 25 lån,
525 517 36 20 det
582 517 43 24 der,
645 517 1 20 i
663 517 39 20 den
724 523 49 15 mon
796 517 175 27 trafikafgifterna
986 517 36 21 be-

200 546 63 20 täcka
278 545 142 21 kostnaderna
436 545 34 21 för
485 548 81 18 remont
582 545 38 21 och
637 545 77 27 tillsyn,
729 546 67 21 skulle
812 546 134 21 återbetalas.

269 574 26 20 Vi
318 574 52 26 våga
393 574 23 21 så
431 574 83 26 mycket
536 574 67 21 hellre
625 576 80 19 emotse
728 577 32 18 att
782 574 178 26 Borgareståndet
982 574 39 21 och

200 602 120 22 Ständerna
335 602 7 20 i
357 602 32 21 sin
413 602 72 22 helhet
507 602 60 22 skola
589 605 93 24 upptaga
704 603 68 21 denna
794 603 87 26 petition
897 603 69 21 såsom
982 603 38 25 sin,

199 637 47 14 som
262 631 72 26 frågan
354 631 46 20 icke
416 632 24 19 är
455 631 23 20 af
492 633 81 19 ensamt
589 630 55 21 lokal
661 634 62 17 natur
738 634 50 17 utan
805 631 38 20 har
859 634 30 18 ett
904 632 117 19 kommuni-

200 659 70 21 kativt
292 659 88 21 intresse
404 658 32 21 för
451 665 24 15 en
499 659 33 20 hel
556 659 101 26 landsdel,
673 661 32 19 att
727 659 47 21 icke
789 661 51 24 säga
857 659 32 21 för
904 659 48 21 hela
967 661 54 19 vest-

200 687 76 22 kusten
300 690 54 18 samt
377 687 96 26 betingas
495 687 20 21 af
529 687 77 27 många
628 687 80 27 vigtiga
730 687 52 26 skäl,
797 687 23 21 af
841 687 71 22 hvilka
935 687 25 22 de
975 687 47 22 icke

200 716 65 21 minst
286 717 105 26 tyngande
414 717 36 20 äro
467 716 25 21 de
514 716 133 25 strategiska.
679 716 75 21 Härtill
778 717 34 20 mä
827 718 56 19 ännu
902 716 72 27 läggas
990 718 31 19 att

200 746 32 19 ett
248 744 166 27 tillgodoseende
429 745 23 21 af
464 751 29 14 nu
508 745 95 21 uttalade
618 744 157 27 önskningsmål
791 745 54 21 blott
860 751 50 15 vore
925 751 26 14 en
962 745 59 26 ringa

200 773 54 26 gärd
269 773 23 21 af
306 773 87 22 rättvisa
409 776 57 18 emot
481 773 40 21 den
536 773 102 26 landsdel,
654 779 45 15 som
714 780 75 20 genom
805 775 70 20 vestra
885 773 138 22 stambanans

200 801 108 27 dragande
324 803 56 20 öster
396 808 33 15 om
445 801 104 27 Näsijärvi
565 804 52 19 nära
632 808 41 20 nog
688 802 64 21 totalt
766 802 97 21 isolerats
878 802 39 21 och
933 808 45 15 som
993 802 29 27 på

200 831 43 20 alla
258 831 46 20 sina
325 830 156 27 önskningsmål
497 832 6 19 i
519 831 98 21 afseende
633 831 12 20 å
661 830 132 22 förbättrade
808 831 212 25 kommunikationer,

200 859 27 21 de
244 859 33 21 må
292 859 62 21 hatva
370 859 54 21 varit
439 859 54 21 huru
509 859 72 27 billiga
596 865 44 16 som
656 859 60 26 helst,
732 859 120 28 enständigt
867 859 55 22 blott
937 859 85 22 erhållit

200 889 32 20 ett
247 887 107 27 bleklagdt
370 887 56 27 ,nej*
442 887 31 22 till
489 894 52 15 svar.

269 956 132 26 Helsingfors
417 956 38 21 den
472 958 11 19 6
500 956 102 22 Februari
619 957 61 21 1882.

268 1024 90 21 Edvard
375 1024 119 21 Molander.
750 1024 23 22 J.
790 1025 26 21 F.
832 1024 119 28 Lojander,

268 1128 31 21 Pä
314 1128 78 26 förslag
407 1128 23 20 af
444 1128 49 20 herr
515 1128 165 26 Molander,
704 1128 44 21 blef
766 1128 200 28 petitionsförslaget
987 1134 32 16 re-

199 1156 110 22 mitteradt
324 1156 31 21 till
372 1156 215 22 Ekonomiutskottet.

270 1310 55 22 Herr
340 1310 150 22 Lindblom
506 1310 71 22 anhöll
593 1317 33 15 om
642 1310 96 22 tillständ
754 1313 31 19 att
800 1310 32 22 för
847 1311 95 21 enskilda
957 1317 62 20 ange-

199 1339 123 25 lägenheter
338 1339 21 20 få
374 1338 93 26 aflägsna
482 1339 37 25 sig,
535 1339 85 20 hvartill
637 1338 88 22 Ständet
741 1339 64 20 biföll.

268 1493 55 21 Herr
345 1493 159 22 Molander
527 1493 97 27 uppläste
639 1493 72 22 vidare
727 1495 30 20 ett
772 1494 211 27 petitionsmemorial
998 1494 23 21 af

196 1521 93 28 följande
305 1521 87 28 lydelse:
