1131 1795
288 127 177 22 Borgareståndet
478 129 56 16 1882.
557 129 24 17 10
594 127 95 18 februari.
863 123 40 20 251

75 194 73 21 tillika
171 195 34 21 må
228 195 88 26 begäras
339 196 117 27 stadgande
479 199 32 19 att
534 199 79 19 statens
636 196 74 27 bidrag
729 197 32 20 till
780 196 121 21 folkskolan

77 223 70 21 blefve
162 223 105 27 ansenligt
282 225 84 26 mycket
381 227 74 23 större,
469 227 26 20 än
512 232 27 14 nu
555 227 23 20 är
588 225 66 22 fallet.
664 237 29 3 —
705 225 37 22 Att
752 225 86 21 försöka
848 231 54 20 upp-

77 251 56 27 gifva
154 252 66 26 några
241 252 69 21 siffror
331 253 6 21 i
359 253 59 22 detta
438 254 125 25 hänseende,
579 254 73 24 siffror,
669 259 45 15 som
732 253 67 22 skulle
815 253 84 26 angifva

77 279 142 22 förhållandet
237 281 89 21 emellan
345 284 102 24 anparten
463 282 22 21 af
499 284 80 19 statens
595 282 39 21 och
650 284 101 24 anparten
767 281 24 22 af
805 282 95 21 kommu-

77 314 53 15 nens
152 308 79 27 bidrag,
247 315 61 21 synes
330 310 43 26 mig
391 310 46 21 icke
452 317 50 15 vara
517 312 57 20 rätta
589 310 71 21 stället
675 310 34 21 vid
725 310 58 21 detta
799 310 64 21 skede
879 310 23 21 af

77 337 85 26 frågans
178 337 132 28 behandling.
333 339 143 26 Lämpligaste
492 339 81 21 tillfälle
589 339 70 21 dertill
674 339 73 26 tyckes
759 339 41 26 mig
813 338 88 27 erbjuda

78 365 38 27 sig,
132 365 64 22 sedan
212 367 88 21 ärendet
316 367 53 22 efter
383 368 159 27 genomgången
557 367 222 27 utskottsbehandling
794 367 107 22 återkom-

78 400 45 16 mer
138 394 32 22 till
186 395 94 24 ståndet;
296 395 51 22 eller
363 396 80 22 kanske
457 397 47 21 icke
519 403 37 15 ens
571 397 32 25 då,
620 399 52 19 utan
688 396 53 22 först
757 398 38 20 när
808 396 40 21 den
859 396 42 27 lag,

76 429 47 15 som
138 424 6 20 i
160 424 203 27 petitionsförslaget
379 425 87 25 begäres
481 438 28 3 —
521 425 44 21 ifall
581 426 118 20 detsamma
709 425 58 21 leder
777 425 33 21 till
821 424 80 27 påföljd

78 451 39 26 och
132 451 24 22 af
169 452 123 27 regeringen
308 455 94 25 antages,
418 466 27 3 —
461 454 95 21 kommer
571 456 31 19 att
618 453 127 27 framläggas
757 453 33 21 för
801 456 30 18 ett
842 454 61 20 kom-

76 479 78 22 mande
169 481 150 22 ständermöte.

146 509 81 22 Genom
247 509 39 21 den
309 517 27 14 nu
356 511 23 20 af
395 511 42 26 mig
452 511 119 26 föreslagna
586 511 143 26 anordningen
746 511 84 20 komme
846 510 54 21 folk-

77 537 172 22 skoleväsendets
268 539 111 21 underhåll
400 542 32 18 att
453 540 6 20 i
479 539 88 22 främsta
587 541 91 20 rummet
700 539 63 21 blifva
778 545 25 15 en
819 541 82 19 statens

72 566 52 25 sak;
140 567 40 20 och
193 567 37 26 jag
245 573 61 15 anser
322 570 31 19 att
369 567 24 22 sä
409 568 38 21 bör
462 575 57 14 vara.
534 580 27 3 —
577 569 42 20 Det
634 567 66 22 finnes
716 567 184 28 angelägenheter,

77 600 45 15 som
144 595 138 27 ovilkorligen
303 596 86 21 tillhöra
410 599 75 23 staten,
504 597 68 21 såsom
589 600 14 17 t.
619 603 31 15 ex.
667 597 166 20 rättsväsendets
849 602 52 21 upp-

77 623 151 26 rätthällande;
246 624 35 21 det
296 624 66 22 finnes
378 625 67 22 andra
455 625 177 28 angelägenheter
642 626 6 20 i
660 625 35 20 det
707 625 116 26 menskliga
833 624 68 26 lifvet,

76 651 73 22 hvilka
171 653 105 26 knappast
298 654 75 26 någon,
392 655 46 20 icke
458 660 37 15 ens
514 655 39 20 den
569 657 54 18 mest
637 654 82 21 inbitna
735 654 109 21 centralist
859 653 40 22 och

77 681 94 21 socialist
187 681 67 22 skulle
270 682 50 27 vilja
330 683 129 21 underkasta
469 686 80 19 statens
561 683 122 27 afgörande,
697 685 49 18 utan
761 682 137 27 ovilkorligen

77 709 36 21 vill
126 710 128 21 öfverlemna
266 711 22 20 ät
300 711 38 21 den
351 712 95 21 enskilda
457 712 134 21 menniskans
602 711 40 22 fria
653 711 92 26 görande
757 711 38 21 och
807 711 92 21 lätande.

77 738 48 21 Men
142 739 35 21 det
192 739 66 21 finnes
274 740 39 21 ock
329 742 31 19 ett
376 741 135 26 mellangebit
527 741 20 21 af
562 740 183 26 angelägenheter,
762 740 37 21 der
811 740 36 21 det
857 741 42 20 kan

77 766 51 22 bero
150 768 26 26 pä
196 767 167 28 förhållandena,
379 775 34 15 om
435 769 36 21 det
487 771 23 19 är
525 769 102 27 lämpligt,
643 771 32 18 att
691 771 68 18 staten
777 771 59 24 tager
852 769 48 20 dem

77 802 34 15 om
128 796 55 21 hand
197 797 53 20 eller
264 800 32 18 att
312 798 25 21 de
354 798 138 21 öfverlemnas
507 801 31 18 att
554 799 73 20 skötas
642 797 23 21 af
680 797 38 21 den
735 797 100 21 enskilde.
866 797 33 22 Ea

77 830 67 22 grupp
160 825 21 21 af
195 826 98 26 ärenden,
308 833 47 14 som
371 826 60 22 faller
447 827 66 21 under
527 827 57 21 detta
595 827 52 21 sista
659 826 92 26 omräde,
763 828 24 19 är
797 826 103 21 särskildt

76 853 155 22 skolväsendet.
263 855 25 20 Vi
312 855 68 24 hafva,
403 856 69 21 säsom
496 856 84 25 bekant,
604 855 76 21 hittills
704 855 44 20 haft
770 855 51 21 vära
844 861 17 15 s.
879 855 21 20 k.

76 882 61 22 lärda
158 883 72 21 skolor
249 883 69 22 stälda
334 884 43 21 helt
393 884 39 21 och
449 885 65 20 hållet
529 885 69 20 såsom
614 890 25 15 en
655 886 54 19 stats
724 884 48 25 sak;
789 885 19 19 vi
825 884 27 20 ha
867 883 33 22 för

74 911 123 22 folkskolan
213 911 44 22 haft
274 919 24 14 en
314 915 89 19 motsatt
418 913 106 26 ställning.
545 913 44 26 Mig
603 919 62 21 synes
681 913 125 24 emellertid,
822 915 31 18 att
864 912 37 21 det

76 942 58 19 rätta
155 940 143 22 förhållandet
318 948 87 15 snarare
425 941 65 22 borde
507 948 50 15 vara
577 943 98 20 tvärtom.
692 953 27 3 —
737 941 49 21 Man
803 942 40 20 kan
859 941 42 21 för-

75 969 74 21 värfva
164 969 32 26 sig
211 969 127 28 kunskaper,
355 971 39 20 och
411 977 47 14 man
475 970 116 21 förvärfvar
607 971 30 26 sig
652 970 79 21 sädane
747 970 104 27 vanligen,
867 969 33 22 för

76 1001 34 18 att
130 997 142 28 tillgodogöra
288 999 47 21 dem
357 999 32 21 för
405 999 31 26 sig
451 999 54 26 sjelt.
539 999 50 26 Den,
606 1005 45 15 som
667 998 116 21 förvärfvar
799 1000 31 23 sig
847 999 52 20 kun-

76 1027 60 26 skap,
151 1029 39 24 gör
210 1027 58 22 detta
288 1028 89 21 emedan
398 1027 40 22 han
461 1028 39 21 har
516 1035 25 14 en
559 1029 93 20 bestämd
669 1027 99 22 framtida
784 1027 73 25 fördel,
873 1034 26 14 en

77 1055 89 21 förökad
183 1055 91 22 inkomst
290 1056 65 21 deraf.
377 1057 41 20 Det
433 1063 61 20 synes
510 1057 43 27 mig
568 1057 83 21 derföre
667 1057 6 20 i
690 1057 75 25 många
780 1056 36 21 fall
830 1056 69 27 billigt

76 1085 39 20 och
137 1086 49 22 rätt,
207 1087 32 18 att
258 1085 24 20 de
298 1085 78 24 skolor,
393 1085 70 21 hvilka
480 1086 96 21 meddela
592 1086 120 25 kunskaper
728 1085 21 21 af
763 1085 58 26 dylik
837 1088 38 21 art,
892 1085 7 20 i

76 1112 118 22 hufvudsak
203 1113 65 21 mätte
278 1115 79 20 lemnas
365 1116 32 19 att
406 1114 131 21 handhafvas
545 1114 39 21 och
593 1114 99 21 bekostas
701 1113 22 22 af
730 1114 46 21 dem
783 1120 44 15 som
835 1114 66 27 draga

76 1144 60 24 nyttä
154 1141 22 22 af
195 1142 53 21 dem.
272 1142 43 21 Och
326 1149 49 14 man
386 1143 34 20 mä
431 1142 43 22 tala
486 1143 53 21 huru
550 1143 83 27 mycket
641 1149 44 14 som
697 1142 54 21 helst
759 1149 40 19 om,
809 1145 31 18 att
849 1143 52 20 vära

76 1170 60 21 lärda
152 1171 72 21 skolor
240 1172 36 19 äro
293 1171 31 21 till
341 1171 33 21 för
389 1171 78 21 allmän
483 1171 93 26 bildning
593 1171 38 21 och
647 1171 32 20 för
691 1171 56 21 vissa
758 1171 65 26 högre
834 1171 65 21 ända-

75 1198 53 26 mäl;
144 1199 36 20 det
196 1199 62 21 säkra
274 1201 23 19 är
313 1201 60 24 dock,
389 1202 33 19 att
437 1206 83 15 massan
536 1200 22 21 af
572 1200 25 21 de
614 1199 103 21 föräldrar
733 1200 39 20 och
789 1200 109 24 mälsmän,

75 1233 47 15 som
138 1228 65 21 sända
218 1228 46 21 sina
281 1229 51 20 barn
349 1229 30 20 till
396 1229 60 20 dessa
468 1229 76 24 skolor,
557 1231 51 23 göra
620 1229 41 25 det,
673 1228 32 21 för
720 1231 32 18 att
761 1228 79 21 bereda
851 1228 48 21 dem

76 1256 33 20 till
130 1256 72 27 banor,
220 1262 45 15 som
287 1257 60 21 skola
362 1257 97 26 inbringa
474 1257 47 21 dem
537 1259 68 19 större
622 1257 92 20 inkomst
729 1257 39 20 och
784 1257 93 23 fördelar
892 1257 6 20 i

76 1284 64 26 lifvet,
163 1287 27 18 än
213 1285 25 20 de
260 1285 60 26 eljest
343 1285 70 21 kunde
433 1286 57 20 ernä.
521 1286 31 21 De
573 1285 84 21 skickas
678 1285 31 20 till
727 1285 26 20 de
769 1291 16 14 s.
802 1285 20 20 k.
839 1285 60 21 lärda

76 1313 100 21 skolorna
192 1313 32 21 för
240 1316 32 18 att
282 1315 71 20 kunna
363 1314 84 21 inträda
458 1315 26 26 pä
495 1313 234 26 embetsmannabanan,
741 1313 32 21 för
784 1317 32 17 att
828 1314 71 20 kunna

76 1341 82 21 utbilda
179 1342 31 26 sig
232 1343 31 19 till
284 1342 123 24 skollärare,
423 1345 87 24 prester,
533 1343 70 20 läkare
625 1342 39 21 och
685 1344 64 18 annat
770 1342 76 26 dylikt;
863 1342 36 20 det

75 1370 71 21 kunde
168 1370 69 21 derför
258 1370 156 27 otvifvelaktigt
435 1377 51 15 vara
506 1370 45 22 skäl
572 1372 31 19 att
618 1370 100 26 betänka,
734 1370 103 21 huruvida
853 1370 46 21 icke

77 1399 25 20 de
121 1405 105 20 personer,
244 1405 44 15 som
308 1400 66 26 draga
391 1399 67 21 fördel
474 1400 23 20 af
511 1400 60 21 dessa
587 1399 78 25 skolor,
682 1399 60 21 äfven
760 1399 63 20 borde
840 1405 59 15 mera

74 1428 30 19 än
119 1426 77 21 hittills
212 1427 72 26 sjelfva
300 1427 88 26 bidraga
403 1428 31 19 till
451 1428 160 25 ifrågavarande
626 1427 83 20 skolors
725 1427 116 20 underhåll.

145 1455 39 20 Om
202 1455 118 21 folkskolan
340 1456 95 20 deremot
450 1455 39 20 har
504 1458 68 17 staten
589 1455 74 20 hittills
680 1455 52 26 tagit
745 1455 155 26 jemförelsevis

76 1483 52 21 liten
150 1483 57 21 vård.
238 1483 44 22 Och
304 1484 54 21 dock
376 1485 23 19 är
415 1484 36 21 det
466 1483 65 26 fallet,
547 1486 32 18 att
595 1483 26 21 de
637 1483 74 27 elever,
727 1483 72 21 hvilka
815 1485 36 19 äro
867 1483 33 21 af-

75 1511 67 22 sedda
157 1515 32 18 att
205 1512 61 21 träda
281 1513 21 20 in
319 1513 37 26 dit,
372 1519 33 15 om
422 1514 26 19 än
465 1513 35 20 det
516 1512 96 26 vetande,
623 1511 26 22 de
665 1511 38 22 der
714 1512 67 26 vinna,
793 1512 108 21 obestrid-
