1117 1820
201 130 42 19 614
428 130 175 22 Borgareståndet
616 131 56 17 1882.
697 132 22 16 21
733 136 60 12 mars.

269 201 55 21 Herr
347 196 120 26 Öhman:
498 200 42 20 För
555 200 42 21 min
614 200 32 21 del
670 200 39 20 kan
723 201 37 26 jag
779 200 45 21 icke
839 201 72 21 förena
927 201 42 26 mig
984 208 34 14 om

200 230 40 21 den
256 230 22 20 af
291 230 49 20 herr
356 229 80 21 Berner
458 228 94 22 uttalade
567 228 80 27 åsigten
670 228 77 25 derom,
764 231 31 19 att
810 230 124 26 paragrafen
951 230 67 21 skulle

199 258 107 22 innehålla
329 258 65 27 något
415 257 77 21 förbud
508 257 32 21 för
555 264 25 14 en
596 263 62 21 egare
674 260 32 18 att
721 257 45 21 från
783 257 31 21 sin
830 258 99 26 lägenhet
944 255 74 30 genom

200 287 151 27 egostyckning
365 286 83 27 afskilja
468 286 47 27 jord
530 288 50 19 utan
596 289 32 18 att
643 286 40 20 han
699 286 38 21 har
753 287 79 26 köpare
847 286 33 22 för
893 288 39 20 den
949 287 34 21 del
998 288 22 21 af

199 316 132 26 lägenheten,
354 321 45 15 som
422 315 42 21 han
486 315 39 20 har
548 314 32 22 för
595 314 63 27 afsigt
680 317 31 18 att
726 315 93 21 afhända
835 316 36 24 sig.
904 316 39 21 Det
961 316 59 21 heter

199 344 116 26 nämligen:
340 361 4 8 ,
345 343 49 24 Vill
418 350 62 20 egare
502 344 22 20 af
538 343 132 21 storskiftadt
692 343 71 21 frälse-
784 344 51 21 eller
850 344 168 22 skattehemman

200 373 51 21 eller
267 373 92 27 lagligen
382 372 83 21 afrösad
481 372 39 21 och
536 372 6 20 i
558 372 80 21 mantal
661 374 42 19 satt
719 373 32 20 del
771 372 22 22 af
815 372 76 22 sådant
913 374 105 25 hemman,

200 402 61 21 deraf
275 402 32 20 till
323 408 69 14 annan
409 401 102 21 öfverläta
524 401 66 27 jord."
620 401 64 21 Detta
699 401 41 21 kan
753 401 39 28 jag
806 401 45 21 icke
867 401 68 23 förstå
943 408 76 16 annor-

199 431 65 21 Junda
279 432 34 22 än,
329 433 32 18 att
377 436 33 15 om
434 430 40 20 han
497 430 39 20 har
552 429 31 21 för
599 429 61 27 afsigt
676 431 30 19 att
725 430 114 21 framdeles
855 430 102 22 öfverläta
970 431 49 26 jord

199 459 33 21 till
248 465 68 15 annan
332 459 39 20 och
387 458 35 21 vill
438 457 32 22 för
484 458 65 26 något
564 457 76 22 sådant
655 457 97 22 ändamål
769 459 97 20 använda
881 459 30 20 sin
925 459 55 26 jord,
995 461 24 20 sä

197 489 25 20 är
237 488 41 20 han
295 487 32 21 till
343 487 57 27 dylik
416 487 150 26 egostyckning
582 486 125 27 berättigad.
739 487 47 20 Han
796 486 99 22 behöfver
904 487 114 27 ingalunda

198 517 67 20 förete
280 516 65 26 nägot
361 516 42 25 köp
426 515 60 20 deraf
507 515 51 21 eller
573 515 66 20 andra
654 515 130 27 handliogar,
800 522 74 18 genom
891 516 70 21 hvilka
978 517 41 20 han

198 545 76 20 tänker
290 544 102 21 öfverläta
408 544 35 21 det
458 543 91 21 afskilda
564 543 82 26 stycket
661 543 32 21 till
709 549 69 16 annan
794 550 68 20 egare,
880 548 52 17 utan
943 545 75 21 endast

198 573 69 21 uttala
282 579 25 15 en
331 573 79 20 önskan
434 575 31 17 att
480 573 6 19 i
502 572 75 21 sådant
593 572 54 27 syfte
663 572 21 20 få
699 573 126 25 lägenheten
841 573 68 21 delad.
942 574 74 26 Någon

198 602 123 25 förändring
343 601 22 21 af
387 601 140 26 stiliseringen
549 603 44 19 tror
615 600 35 27 jag
666 600 71 21 derför
760 600 45 22 icke
820 601 7 21 i
843 601 59 21 detta
920 602 98 21 afseende

199 636 51 14 vara
264 630 23 20 af
301 629 98 21 behofvet
413 629 105 26 påkallad.

250 667 7 7 +
266 657 135 22 Beträffande
416 658 171 25 anmärkningen,
603 659 31 20 att
650 657 118 27 uttrycket:
785 658 120 24 ,äfvensom
923 658 40 22 den
973 661 43 24 syt-

198 687 56 26 ning,
270 686 100 21 hvarmed
386 686 120 21 hemmanet
520 686 42 20 kan
576 692 51 15 vara
643 685 122 22 besväradt*
783 687 64 21 borde
863 686 56 27 utgå,
935 687 36 21 vill
980 688 37 26 jag

198 714 53 22 först
268 714 108 28 medgifva,
392 717 31 18 att
440 715 35 20 det
490 716 24 18 är
529 714 86 21 alldeles
631 714 112 26 sjelffallet,
764 717 31 19 att
811 716 40 20 den
866 716 91 26 sytning,
973 722 43 15 som

197 745 25 19 är
237 743 112 22 intecknad
364 744 7 20 i
386 743 124 26 lägenheten
527 742 70 22 förrän
614 744 176 26 egostyckningen
802 744 111 26 företages,
923 744 95 22 kommer

198 774 32 18 att
246 772 93 21 derefter
361 778 89 20 gravera
467 772 104 20 hvardera
594 772 60 21 delen
673 772 23 20 af
709 772 132 26 lägenheten.
871 772 48 22 Men
935 773 82 21 utskot-

196 803 32 19 tet
244 801 39 21 har
305 806 74 21 genom
404 803 31 18 att
451 800 43 21 låta
514 800 60 21 dessa
597 800 84 26 uttryck
701 801 85 26 qvarstå
805 801 77 26 åsyftat
899 803 31 19 att
945 802 73 20 säker-

196 829 64 21 ställa
276 830 194 26 sytningstagarens
486 830 43 19 rätt
544 830 6 19 i
566 829 74 21 sådant
656 828 43 22 fall,
716 830 26 20 då
758 829 41 21 han
815 830 46 20 icke
877 830 39 20 har
931 830 87 21 förstått

196 860 33 18 att
245 864 75 20 genom
335 858 122 26 inteckning
473 858 125 20 säkerställa
612 858 39 26 sig.
680 858 30 26 Ty
727 864 32 15 om
777 858 58 20 detta
843 860 124 24 utelemnas,
976 859 41 20 kan

197 893 26 14 en
239 886 252 26 lägenhetsinnehafvare,
507 886 83 20 hvilken
608 886 25 27 på
648 886 89 25 svekligt
753 888 42 19 sätt
810 887 35 20 vill
862 887 64 21 blifva
941 887 22 21 af
970 888 46 20 med

196 915 149 27 skyldigheten
360 917 32 18 att
408 914 94 21 utbetala
517 915 89 26 sytning,
633 914 102 27 bortsälja
757 915 24 21 så
796 917 45 18 stor
861 915 32 21 del
909 915 23 21 af
947 915 71 27 lägen-

195 943 72 25 heten,
283 945 32 18 att
337 943 39 21 den
400 943 118 26 personliga
540 943 92 26 fordran,
648 949 45 14 som
717 944 183 26 sytningstagaren
916 943 7 21 i
939 944 24 21 så
980 944 36 21 fall

197 978 55 20 eger,
269 971 26 21 då
311 972 41 20 han
369 972 38 20 har
422 974 32 18 att
470 972 74 20 endast
560 971 56 21 hålla
631 971 33 28 sig
678 971 33 21 till
727 972 39 20 den
775 971 56 22 förre
838 978 75 20 egaren
923 972 23 21 af
953 975 64 18 stom-

197 999 132 28 lägenheten,
345 1000 40 21 blir
400 999 21 21 af
436 999 58 27 ringa
518 1000 134 26 betydenhet,
675 1006 33 15 om
725 1001 39 20 den
781 1001 117 26 qvarblifna
913 1003 103 19 stommen

197 1031 23 18 är
235 1029 24 21 så
274 1029 57 26 liten,
348 1031 32 19 att
396 1028 126 27 densamma,
539 1029 122 20 oberäknad
675 1029 117 26 sytningen,
801 1029 46 20 icke
863 1029 41 21 kan
920 1029 49 22 föda
984 1032 33 19 tre

195 1063 108 20 Personer.

265 1086 168 20 Vidkommande
456 1086 103 20 skiftenas
581 1085 64 26 antal,
670 1086 38 20 har
731 1086 38 21 hos
784 1086 106 21 utskottet
906 1086 40 21 den
962 1086 54 26 äsigt

196 1115 57 25 gjort
268 1114 31 26 sig
314 1114 97 26 gällande
426 1116 32 19 att
474 1114 35 21 det
525 1120 49 15 vore
590 1114 78 27 nyttigt
684 1114 38 20 och
737 1114 74 26 nödigt
826 1117 32 18 att
873 1115 90 24 försöka,
982 1115 35 21 så-

196 1150 45 14 som
257 1143 158 27 lagstiftningen
430 1142 27 27 pä
472 1149 73 15 senare
561 1143 56 21 tider
632 1143 33 21 vid
681 1142 126 22 hithörande
823 1143 70 26 frågor
909 1144 5 20 i
930 1144 87 20 allmän-

193 1171 39 21 het
248 1171 84 27 äsyftat,
355 1172 115 20 inskränka
492 1172 61 20 deras
576 1172 64 25 antal,
663 1171 39 21 och
717 1172 38 20 har
769 1172 104 21 utskottet
889 1175 70 18 ansett
974 1172 43 20 tili-

193 1206 108 16 sammans
317 1203 38 23 tre,
372 1200 46 22 icke
434 1203 32 18 tre
481 1200 6 20 i
496 1200 71 27 hvarje
584 1200 22 21 af
620 1200 25 21 de
656 1200 103 21 särskilda
774 1200 72 27 slagen
863 1201 21 20 af
895 1201 55 25 jord,
967 1206 50 15 vara

196 1229 130 26 tillräckligt.
355 1230 42 25 Jag
412 1232 44 18 tror
471 1229 53 24 icke,
540 1232 32 18 att
588 1229 35 21 det
638 1235 50 14 vore
702 1229 46 20 skäl
763 1231 32 19 att
810 1232 41 18 öka
859 1230 61 20 dessa
928 1229 89 21 skiftens

193 1258 68 23 antal,
277 1258 26 20 dä
319 1264 47 14 man
382 1258 36 20 vill
434 1257 68 21 införa
518 1264 25 14 en
559 1259 69 19 större
644 1258 152 26 consolidering
812 1258 21 20 af
849 1258 124 26 egoskiften.

265 1286 60 21 Hvad
341 1286 66 26 angär
421 1286 49 21 herr
485 1286 115 26 Bergroths
624 1286 138 26 anmärkning
778 1286 89 21 rörande
883 1286 50 21 sista
949 1286 67 22 orden

193 1314 64 26 118
273 1314 114 26 medgifver
408 1315 42 26 jag,
472 1317 32 18 att
526 1315 36 21 det
579 1314 104 21 måhända
706 1321 49 14 vore
775 1315 46 21 skäl
837 1317 31 18 att
884 1315 69 21 lemna
969 1315 48 21 bort

193 1343 163 26 bestämningen
379 1349 34 15 om
435 1343 181 26 stomlägenheten
639 1343 5 20 i
667 1343 58 21 detta
747 1343 104 21 afseende.
889 1343 49 21 Men
962 1343 55 21 dock

194 1371 72 20 kunde
281 1371 36 20 det
332 1377 51 14 vara
398 1371 112 23 anledning
532 1373 33 18 att
581 1371 106 20 bibehälla
709 1371 134 25 stadgandet,
860 1372 31 19 att
907 1371 26 20 de
948 1371 69 20 skilda

195 1399 87 20 delarne
297 1399 46 21 icke
367 1399 51 20 böra
440 1400 91 19 utsättas
545 1399 7 20 i
567 1397 72 22 alltför
654 1398 113 27 olämpliga
784 1399 58 20 bråk.
872 1399 30 26 Ty
918 1399 19 20 vi
955 1399 61 20 hafva

192 1427 24 27 ju
232 1427 121 21 erfarenhet
369 1433 40 19 om,
424 1429 31 19 att
470 1426 34 21 vid
527 1427 162 27 egoklyfningen
713 1427 44 21 ofta
781 1433 42 21 nog
839 1427 78 22 mantal
934 1427 82 22 härtills

195 1455 68 22 blifvit
286 1458 66 19 utsatt
368 1456 7 20 i
390 1456 53 21 bråk
466 1456 48 21 med
536 1457 20 24 5,
572 1458 12 19 6
601 1455 38 22 och
655 1458 12 19 7
685 1456 69 21 siffror
773 1456 2 21 i
792 1459 121 22 nämnaren,
936 1456 81 22 hvilket

195 1485 160 22 åstadkommer
376 1485 83 27 mycket
482 1484 74 22 besvär
577 1485 35 21 vid
635 1485 142 22 uträknandet
793 1485 22 21 af
831 1487 85 20 skatten
932 1485 39 22 och
987 1485 30 22 öf-

195 1515 46 25 riga
256 1521 64 14 onera
337 1514 32 21 för
384 1514 79 21 sådana
479 1513 64 22 delar.
