1120 1814
210 133 42 21 516
436 137 178 22 Borgareståndet
624 138 58 16 1882.
706 138 23 16 15
741 142 63 12 mars.

210 207 56 27 gång
281 207 31 21 uti
327 206 153 26 inrättningens
494 205 50 21 hela
559 205 80 27 färdiga
655 205 58 27 lager
729 206 38 21 och
784 205 92 27 råvaror,
899 205 39 21 och
960 206 69 26 någon

210 236 56 26 gång
281 235 41 21 kan
337 234 35 22 väl
387 234 62 21 äfven
465 241 24 14 en
505 234 81 21 enskild
602 234 115 27 längifvare
739 240 22 15 se
785 234 31 26 sig
838 237 91 23 tvungen
950 236 33 18 att
997 235 33 19 åt-

210 264 60 27 nöjas
293 264 48 20 med
364 264 39 20 den
425 262 114 22 sväfvande
562 262 98 22 säkerhet
683 269 26 15 en
731 263 66 21 sådan
819 262 121 26 inteckning
966 262 64 22 likväl

211 292 68 22 skulle
295 292 99 21 medföra.
418 292 48 21 Men
478 291 195 27 öfverhufvudtaget
689 291 68 21 skulle
773 293 73 25 nyttan
863 292 61 20 deraf
936 291 93 21 hvarken

211 321 34 21 för
260 321 116 27 långifvare
392 320 51 22 eller
458 320 164 22 industriidkare
638 322 106 19 motsvara
760 320 39 22 den
818 320 96 26 skadliga
928 319 101 22 inverkan

211 356 26 15 en
253 349 136 25 förmånsrätt
405 349 26 27 på
446 350 67 26 grund
528 348 23 22 af
564 349 65 21 sådan
652 349 122 26 inteckning
795 348 70 22 kunde
887 348 96 22 medföra
997 348 33 22 för

211 380 41 20 den
272 378 121 28 personliga
414 378 103 21 krediten.
548 378 139 26 Längifvaren
708 378 39 20 bör
762 378 72 20 kunna
848 378 48 21 vida
912 378 71 21 bättre
997 380 33 18 sä-

211 407 102 22 kerställa
327 408 32 26 sig
374 413 75 21 genom
465 407 35 21 det
515 406 67 22 medel
598 406 97 27 gällande
717 406 131 28 lagstiftning
870 413 34 15 om
927 407 102 21 förmåns-

212 438 44 19 rätt
270 437 7 21 i
293 437 120 25 lösörepant
430 436 73 20 beredt
519 436 83 24 honom,
618 436 6 20 i
641 436 36 20 det
692 435 41 21 han
749 436 6 20 i
772 436 25 20 de
812 434 60 22 flesta
888 435 37 21 fall
936 438 24 19 är
964 430 9 36 i
988 436 42 20 till-

212 465 48 21 fälle
283 467 32 19 att
337 464 67 22 skaffa
427 465 31 25 sig
479 464 81 27 verklig
581 464 106 28 säkerhet,
702 464 128 22 åtminstone
844 464 32 21 uti
891 464 82 28 färdiga
989 464 40 21 till-

212 494 131 26 verkningar,
359 500 75 20 genom
451 493 59 21 deras
527 493 146 28 uppläggande
688 494 30 20 uti
735 493 67 27 någon
824 492 22 22 af
868 493 76 21 honom
961 493 68 27 dispo-

211 523 67 21 nerad
299 522 64 26 lokal,
387 522 105 21 hvarifrån
516 522 106 22 desamma
640 522 71 21 kunna
726 522 93 27 utgifvas
835 522 32 20 till
883 522 125 28 försäljning
1023 522 7 20 i

212 552 49 20 mån
276 551 22 22 af
312 551 68 21 behof.
405 551 72 21 Större
491 551 107 27 svårighet
613 552 67 19 möter
695 550 33 22 väl
744 553 31 19 ett
790 551 76 21 sådant
881 551 149 27 pantsättande

211 580 23 21 af
247 581 89 21 råvaran
352 580 39 21 och
407 580 233 21 arbetsmaterialierna.
664 580 48 21 Men
728 580 13 21 å
755 580 67 21 andra
837 579 59 22 sidan
912 582 24 19 är
951 587 25 14 en
987 579 43 22 för-

212 609 104 22 månsrätt
330 609 6 20 i
353 609 53 26 dem,
421 609 96 26 grundad
533 609 26 26 på
574 609 127 25 inteckning,
717 608 44 21 helt
777 609 38 21 och
826 608 66 21 hållet
904 609 85 26 chimär,
1003 608 27 21 då

211 638 81 26 verklig
307 637 100 23 säkerhet
421 638 61 21 äfven
497 638 6 20 i
520 637 58 22 detta
593 637 37 21 fall
645 637 74 22 endast
734 637 42 21 kan
792 637 90 21 erhållas
893 643 75 20 genom
979 643 51 21 pan-

212 670 47 17 tens
274 667 127 21 traderande
416 667 38 20 och
471 667 121 25 utgifvande
606 666 7 21 i
629 667 47 20 män
693 667 21 20 af
728 665 69 22 behof.
828 666 31 22 På
881 666 150 21 industriidka-

212 701 48 16 rens
276 695 69 22 kredit
361 695 46 21 äter
422 694 74 25 skulle,
513 695 65 26 enligt
594 695 43 21 min
653 695 70 26 tanke,
739 695 119 21 införandet
880 695 23 20 af
924 701 25 15 en
965 695 64 21 sädan

212 724 192 26 lösöreinteckning
425 723 64 22 verka
512 724 87 27 menligt
613 723 46 21 isä
681 724 74 24 mätto,
775 726 32 19 att
830 724 38 21 den
885 724 83 26 lätthet,
984 730 45 15 som

210 753 90 21 sälunda
316 753 69 21 skulle
401 753 89 21 beredas
505 752 179 22 industriidkaren
709 755 31 19 att
762 759 75 20 genom
858 753 121 27 inteckning
994 753 36 21 be-

211 782 50 26 vilja
276 782 138 21 förmänsrätt
429 783 22 20 ät
467 781 67 26 nägon
551 781 51 22 eller
617 781 65 26 nägra
694 781 95 22 enskilda
800 781 167 28 fordringsegare
981 782 46 21 icke

211 811 56 21 blott
281 811 7 20 i
304 811 72 26 sjelfva
391 811 140 26 inrättningen
548 811 45 20 med
611 810 67 21 dertill
695 811 93 21 hörande
802 810 166 25 beståndsdelar,
979 813 51 19 utan

212 839 60 21 äfven
288 840 6 21 i
311 839 41 22 alla
367 839 92 26 råvaror,
477 839 127 21 materialier
626 839 39 21 och
681 839 165 27 tillverkningar,
862 840 12 20 &
890 839 66 22 andra
970 840 59 21 sidan

211 868 68 21 skulle
295 868 94 21 medföra
405 868 38 21 den
460 868 64 21 oftast
540 870 69 19 större
624 868 118 27 olägenhet,
765 870 32 19 att
816 868 35 21 det
866 867 69 22 blefve
950 867 32 22 för
998 868 32 21 in-

211 897 155 21 dustriidkaren
389 897 49 20 vida
454 897 83 21 svärare
552 899 33 19 att
600 896 67 21 anlita
683 897 156 21 vexelkrediten
856 897 51 21 eller
922 897 61 26 eljest
998 903 32 15 er-

211 926 58 21 hålla
284 926 35 21 län
335 927 26 25 pä
376 927 64 19 annat
455 927 48 24 sätt,
520 927 26 19 än
562 928 43 19 mot
621 925 90 22 särskild
732 925 43 22 real
796 925 99 22 säkerhet
911 925 32 22 för
958 925 73 27 hvarje

212 955 62 26 gång.
304 955 30 20 På
350 955 67 20 denna
433 955 67 26 grund
522 954 39 21 har
576 955 60 20 äfven
653 954 39 20 den
707 954 86 24 komit6,
810 961 43 14 som
870 955 24 20 af
908 955 122 26 regeringen

212 983 54 21 varit
282 983 75 21 tillsatt
373 983 32 20 för
420 986 32 17 att
468 983 97 21 utarbeta
581 983 78 26 förslag
675 983 6 20 i
697 989 27 14 nu
740 983 137 21 förevarande
892 985 62 19 ämne
969 983 39 21 och
1023 983 7 21 i

211 1011 83 22 hvilken
311 1011 80 22 komité
406 1011 60 21 äfven
483 1018 25 14 en
524 1011 21 20 af
559 1012 82 20 landets
657 1013 66 19 större
734 1011 163 22 industriidkare
908 1011 54 22 varit
973 1011 57 21 med-

211 1041 48 22 lem,
282 1041 26 26 pä
332 1041 36 20 det
390 1040 142 21 bestämdaste
548 1040 90 26 afstyrkt
653 1040 212 27 inteckningsrättens
880 1040 150 21 utsträckande

210 1069 33 21 till
259 1070 74 20 råvara
349 1069 38 21 och
403 1069 164 26 tillverkningar,
582 1069 85 21 hvarvid
685 1069 92 21 komiten
793 1069 99 21 särskildt
907 1069 122 26 framhållit,

211 1098 100 20 hurusom
327 1098 40 20 den
384 1098 104 26 naturliga
504 1097 115 24 ordningen
636 1103 54 19 vore,
707 1100 31 18 att
753 1098 133 20 fabrikanten
910 1097 55 27 finge
987 1097 44 21 läta

211 1126 99 21 inteckna
325 1126 37 21 sitt
378 1126 55 21 fasta
449 1126 52 20 eller
516 1126 86 21 stående
618 1126 80 26 kapital
714 1126 31 21 för
761 1127 83 25 vanliga
864 1126 35 21 län
916 1126 26 26 pä
957 1126 72 26 längre

210 1155 53 21 eller
286 1155 85 21 kortare
396 1155 29 21 tid
449 1155 39 21 och
504 1158 31 18 att
552 1155 93 21 deremot
662 1155 61 20 deras
740 1154 74 22 rävara
830 1154 39 21 och
884 1154 82 27 färdiga
981 1160 48 20 pro-

211 1183 83 25 dukter,
311 1183 71 21 hvilka
398 1186 37 18 äro
451 1183 155 21 underkastade
622 1190 25 14 en
663 1184 84 26 ständig
763 1184 134 26 omsättning,
912 1184 64 20 borde
987 1182 42 21 för-

210 1211 67 21 blifva
292 1213 134 25 ograverade,
442 1211 31 21 för
488 1214 32 18 att
536 1212 70 20 kunna
622 1212 136 26 understödja
774 1212 50 20 eller
840 1211 90 22 betäcka
946 1212 39 20 den
997 1211 32 21 för

210 1246 26 14 en
253 1240 64 22 sådan
329 1241 128 26 omsättning
468 1240 104 26 behöfliga
583 1240 135 25 vexelkredit,
728 1240 138 21 hvarförutan
878 1240 61 21 deras
950 1240 79 21 rörelse

210 1268 106 27 knappast
332 1269 70 21 kunde
418 1275 37 20 ega
471 1268 95 22 beständ.

279 1297 31 22 På
325 1297 61 21 dessa
401 1297 47 21 skäl
463 1304 61 14 anser
537 1298 36 26 jag
589 1297 35 21 det
639 1297 46 21 icke
701 1297 78 27 rädligt
795 1299 31 19 att
848 1297 86 27 utvidga
949 1296 80 22 inteck-

210 1326 132 26 ningsrätten
359 1332 63 20 mera,
438 1328 26 18 än
480 1326 54 21 hvad
550 1332 44 15 som
611 1326 56 20 skett
681 1326 7 20 i
704 1326 134 26 regeringens
848 1326 131 26 proposition
990 1326 40 21 och

209 1354 153 26 lagutskottets
377 1355 7 19 i
399 1355 68 19 denna
482 1355 33 19 del
526 1354 86 20 dermed
624 1354 227 21 öfverensstämmande
860 1354 85 26 förslag.
968 1354 61 20 Hvad

210 1382 98 21 häremot
323 1382 96 20 invändts
435 1382 78 23 derom,
530 1384 32 18 att
584 1382 119 26 inteckning
718 1382 32 20 till
769 1382 99 21 säkerhet
889 1382 33 20 för
942 1382 87 26 förlags-

210 1410 36 20 län
262 1410 79 22 kunnat
353 1412 51 19 utan
415 1409 111 28 olägenhet
538 1410 114 27 medgifvas
668 1410 30 21 uti
714 1410 103 22 fabrikers
829 1410 39 22 och
884 1410 144 22 manufaktur-

209 1439 63 21 verks
287 1439 90 26 lösören,
394 1439 48 25 kan,
459 1439 64 26 enligt
539 1440 42 20 min
597 1439 69 25 tanke,
683 1439 66 27 några
761 1439 135 27 jämförelser
911 1439 60 21 häraf
982 1440 47 20 icke

209 1469 85 26 dragas,
309 1471 23 25 ty
347 1468 69 22 säsom
432 1468 5 21 i
454 1468 149 26 lagutskottets
619 1467 134 23 betänkande
774 1468 60 22 äfven
856 1468 133 26 framhällits,
1005 1470 24 20 är

210 1498 183 26 förlagsmännens
415 1497 99 26 ställning
538 1504 24 14 en
578 1498 44 21 helt
638 1503 75 21 annan,
729 1500 26 18 än
772 1497 39 22 den
827 1498 85 26 vanliga
927 1497 102 27 längifva-

210 1533 56 20 rens,
282 1526 85 22 hvarför
383 1527 35 21 det
434 1526 54 22 varit
504 1526 72 27 nödigt
592 1528 32 20 att
639 1526 27 27 pä
683 1526 37 22 allt
735 1528 42 20 sätt
793 1526 79 27 skydda
892 1526 137 28 förlagsman-
