1117 1781
216 127 41 21 576
441 133 177 20 Borgareständet
632 133 56 16 1882.
712 133 23 16 18
748 137 61 12 mars.

215 201 78 26 förslag
309 207 33 14 om
358 201 140 21 nedsättande
514 201 22 20 af
550 207 24 15 en
591 201 79 21 kvmit&
685 201 32 20 för
732 200 132 22 utbildandet
880 201 22 20 af
915 200 36 21 det
967 200 67 22 finska

215 229 162 26 kurialspräket.

283 286 79 21 Härom
379 288 89 24 utspann
484 286 32 27 sig
531 285 91 28 följande
638 286 128 21 diskussion:

285 343 55 21 Herr
362 343 125 21 Berner:
510 343 10 21 I
543 343 138 22 förevarande
702 343 211 26 petitionsmemoria!
929 344 38 21 har
982 345 51 26 peti-

215 373 102 25 tionären,
333 372 106 27 professor
454 371 110 24 Mechelin,
582 372 68 21 säsom
666 372 145 21 hufvudmotiv
827 371 32 22 för
869 373 165 26 petitionsfram-

216 401 126 25 ställningen
365 400 121 26 framhällit,
510 403 30 18 att
563 401 67 21 finska
653 401 96 26 spräkets
764 401 119 25 utbildning
899 401 33 21 för
947 401 87 22 allmänt

216 429 137 27 begagnande
375 429 68 21 säsom
468 429 133 27 kurialspräk
624 431 55 19 ännu
696 435 48 15 vore
759 430 81 26 ganska
855 429 143 28 ofullständig,
1012 431 22 26 ja

215 458 24 21 sä
254 457 142 27 ofullständig,
413 460 31 18 att
460 457 68 21 denna
544 458 58 24 brist,
619 464 43 15 mer
678 460 26 19 än
719 458 104 21 särskilde
838 457 141 22 embetsmäns
995 458 39 21 och

216 487 96 20 domares
336 486 108 21 bristande
465 486 63 27 insigt
542 487 6 20 i
565 486 92 27 spräket,
673 487 80 26 utgjort
769 487 74 21 hinder
860 486 32 21 för
908 487 40 21 den
963 487 7 21 i
985 487 49 27 Kej-

216 516 76 26 serliga
315 515 147 26 förordningen
485 515 23 20 af
529 516 39 20 den
593 516 10 19 1
626 515 87 26 Augusti
731 516 53 21 1863
800 515 103 26 stadgade
919 515 115 22 reformens

216 544 169 26 genomförande.
420 544 42 21 För
486 547 31 18 att
540 544 90 27 afbjelpa
645 544 68 21 denna
729 544 172 26 ofullständighet
916 545 6 21 i
938 545 96 26 språkets

216 573 119 26 utbildning
358 572 38 22 har
416 573 141 27 petitionären
581 572 108 27 föreslagit
704 572 130 22 tillsättande
850 572 22 22 af
887 580 25 14 en
927 576 107 24 temporär

216 602 79 21 komit6
316 602 47 20 med
386 601 110 27 äliggande
519 604 40 18 att:
583 604 44 24 ,1:0
650 602 91 26 granska
756 602 6 20 i
778 602 54 20 bruk
848 602 92 21 varande
956 603 77 26 lagter-

216 637 51 19 mer,
289 630 102 21 anteckna
415 630 37 21 och
476 630 72 26 pröfva
570 637 40 21 nya
626 630 84 25 sådana,
726 630 80 27 utgifva
823 637 24 14 en
863 631 107 26 möjligast.
985 631 49 21 full-

217 659 84 27 ständig
324 659 131 27 förteckning
478 658 58 22 öfver
552 660 70 26 dylika
638 662 76 18 termer
730 661 55 19 samt
801 660 71 26 hvarje
887 660 24 20 är
927 660 107 26 publicera

217 688 133 26 erforderligt
373 687 73 27 tillägg
461 687 30 22 till
508 688 64 26 sagde
588 688 143 26 förteckning;
748 690 32 19 2:o
803 691 32 18 att
858 688 31 21 till
909 689 124 27 vägledning

216 717 32 20 för
271 717 40 21 den
334 716 67 21 finska
424 716 131 22 kurialstilen
572 718 114 20 öfversätta
701 718 39 20 och
757 717 29 21 tid
802 717 52 21 efter
870 724 68 14 annan
953 718 81 26 utgifva

217 751 24 15 en
257 745 89 27 samling
362 745 22 21 af
394 745 78 25 domar,
485 746 74 26 utslag,
570 746 112 26 protokoll,
694 746 129 21 embetsbref
833 746 37 20 och
882 746 66 21 andra
959 746 74 22 offent-

216 773 42 27 liga
273 774 126 26 handlingar
414 774 22 20 af
449 774 56 20 olika
520 774 51 27 slag,
590 774 46 22 med
652 774 39 21 den
708 780 83 20 omsorg
807 773 146 27 öfvertlyttade
964 775 5 20 i
980 774 54 22 finsk

217 803 67 26 drägt,
301 805 32 19 att
349 802 25 21 de
390 802 18 27 ej
424 802 54 22 blott
493 803 6 19 i
515 804 103 26 språkligt
633 803 125 24 hänseende,
775 809 46 14 men
837 803 39 21 ock
892 803 5 20 i
914 803 96 22 afseende
1021 805 13 20 å

217 831 39 21 den
273 832 53 20 efter
344 831 68 21 finska
430 832 96 26 spräkets
544 832 73 26 genius
637 832 96 26 lämpade
753 831 105 27 juridiska
879 832 68 26 stilen,
964 832 70 22 kunde

217 860 56 27 tjena
297 861 31 20 till
350 861 101 24 mönster;
470 861 32 21 3:o
525 864 37 19 att,
586 862 38 20 der
646 861 23 21 så
684 861 68 25 äskas,
768 860 91 27 granska
875 862 38 20 och
929 861 104 21 förbättra

217 890 39 20 den
273 889 67 21 finska
357 888 177 28 öfversättningen
546 890 22 21 af
577 890 106 22 allmänna
694 890 155 26 författningar,
858 896 43 14 som
917 891 60 20 skola
986 897 47 20 pro-

218 918 104 26 mulgeras
338 918 39 21 och
388 918 22 21 af
423 918 119 27 lagförslag,
554 925 43 15 som
610 918 58 22 skola
680 918 31 21 till
727 918 119 22 Ständerna
862 918 95 22 aflätas.*

286 947 32 21 Dä
341 947 150 21 ofvanstäende
514 948 124 27 motivering
660 949 24 19 är
707 947 136 28 grundfalsk;
869 948 26 20 dä
913 948 36 20 det
966 948 67 21 finska

217 976 86 27 spräket
326 976 65 21 redan
417 977 4 20 i
445 983 45 14 mer
512 979 27 19 än
560 984 39 20 par
622 977 110 21 decennier
760 977 68 21 blifvit
850 977 34 20 vid
908 977 126 22 underdom-

217 1005 66 21 stolar
308 1005 99 24 användt,
431 1007 51 19 utan
506 1009 31 18 att
558 1006 114 27 veterligen
697 1006 65 26 några
783 1006 120 21 rättsvädor
927 1007 105 25 uppstått:

217 1035 27 20 då
266 1034 34 21 vid
324 1033 106 28 åtskilliga
453 1034 150 27 häradsrätter,
623 1035 126 21 åtminstone
767 1035 66 20 under
850 1037 85 19 senaste
957 1035 29 20 tio
1003 1035 29 24 år,

217 1063 68 20 finska
307 1063 86 26 språket
416 1064 103 20 användts
534 1064 6 20 i
556 1065 74 20 nästan
649 1064 41 20 alla
701 1063 47 24 mål,
758 1063 76 26 jemväl
847 1063 110 27 vidlyftiga
972 1063 61 22 civila

217 1091 38 21 och
276 1091 108 25 brottmål;
409 1091 25 21 då
450 1091 36 27 jag
503 1094 41 23 vet,
566 1094 31 19 att
617 1092 67 21 finska
701 1092 97 26 språkets
816 1091 133 27 användning
972 1092 60 21 äfven

216 1120 34 21 vid
273 1119 132 27 öfverrätter,
428 1120 36 21 der
487 1120 113 27 tillräcklig
622 1121 63 26 insigt
707 1121 6 20 i
736 1120 85 27 språket
846 1120 119 26 förefinnas,
988 1121 45 20 icke

216 1150 68 19 möter
309 1149 68 25 någon
403 1149 103 26 synnerlig
531 1149 113 26 svårighet;
668 1149 26 21 då
716 1149 141 21 allmänheten
880 1149 39 20 och
942 1149 91 21 ofelbart

216 1177 61 21 äfven
300 1178 140 25 petitionären
464 1178 64 21 redan
548 1179 64 20 sedan
628 1179 60 25 länge
704 1178 85 25 afvetat,
805 1181 32 18 att
852 1177 79 21 Finska
943 1178 90 21 Littera-

216 1206 151 27 tursällskapet
388 1206 6 21 i
417 1206 73 25 längre
511 1207 31 20 tid
562 1207 53 21 varit
637 1206 110 27 sysselsatt
769 1207 47 20 med
832 1206 120 27 utgifvande
968 1207 22 20 af
1003 1209 30 18 ett

216 1235 76 20 sådant
315 1235 119 20 lexikaliskt
456 1235 79 26 arbete,
550 1242 45 15 som
617 1236 6 20 i
638 1235 127 27 petitionens
781 1235 67 21 första
864 1238 92 18 moment
972 1235 60 25 afses,

216 1263 39 21 och
278 1264 27 21 då
325 1263 36 26 jag
377 1263 71 21 vidare
464 1264 102 21 betänker
582 1264 39 21 den
638 1264 101 27 olyckliga
755 1263 87 28 påföljd,
858 1269 45 15 som
920 1267 29 18 ett
966 1265 67 20 öfver-

215 1291 76 27 hetligt
314 1292 130 21 tillsättande
460 1292 22 21 af
495 1292 104 22 komitéer
614 1292 60 21 äfven
690 1293 97 20 stundom
805 1292 55 21 förut
876 1293 90 20 medfört
981 1294 6 20 i
1002 1293 31 20 af-

215 1321 77 19 seende
313 1320 13 20 å
346 1321 166 24 förverkligande
530 1321 21 20 af
565 1321 192 25 förhoppningarna
773 1321 37 19 hos
827 1321 39 19 den
882 1320 33 19 del
932 1321 20 19 af
967 1321 67 20 finska

216 1347 71 25 folket,
311 1353 44 15 som
379 1347 81 26 uppbär
475 1348 25 19 de
517 1348 67 21 finska
599 1348 114 21 nationella
729 1348 91 25 ideerna,
837 1348 106 20 äfvensom
959 1349 75 20 tänker

215 1375 42 26 mig
273 1376 25 21 de
314 1375 84 26 möjliga
414 1375 130 27 päföljderna
559 1376 21 21 af
592 1378 32 19 ett
639 1375 66 27 dylikt
719 1375 116 26 uttalande,
852 1382 44 15 som
913 1376 35 21 det
959 1376 22 21 af
992 1376 41 27 mig

215 1404 89 22 anförda
319 1404 167 22 hufvudmotivet
502 1405 5 21 i
523 1405 116 27 petitionen
654 1404 121 25 innehäller,
792 1405 23 21 sä
829 1405 37 21 har
874 1404 37 28 jag
921 1405 44 21 haft
976 1405 57 22 svärt

215 1435 32 19 att
263 1434 58 26 värja
336 1433 42 27 mig
388 1433 32 21 för
430 1436 32 18 att
474 1434 17 26 ej
503 1434 83 21 misstro
599 1434 126 27 petitionens
737 1433 53 27 syfte
801 1434 39 21 och
851 1434 46 21 icke
907 1434 53 27 yrka
971 1435 63 21 totalt

215 1462 136 22 förkastande
373 1462 23 21 af
409 1462 121 28 petitionen.
560 1463 58 21 Enär
633 1462 115 22 emellertid
763 1463 141 27 petitionären
919 1465 67 25 säger,
1002 1467 32 17 att

215 1491 41 21 han
268 1492 6 20 i
285 1492 36 21 det
331 1490 22 22 af
361 1491 77 22 honom
449 1492 119 26 äberopade
581 1492 68 21 skälet
661 1491 46 21 icke
716 1492 57 21 velat
785 1492 53 20 söka
846 1492 45 21 skäl
900 1492 33 21 till
941 1492 93 27 yrkande

215 1520 27 27 pä
258 1520 90 27 uppskof
359 1521 45 21 med
420 1520 159 28 tillämpningen
590 1521 20 21 af
620 1521 184 27 bestämningarna
819 1521 6 21 i
842 1522 54 21 1863
908 1521 33 21 ärs
954 1522 79 21 förord-
