1120 1814
300 127 178 22 Borgareståndet
490 129 57 17 1882.
572 130 26 16 24
610 129 97 17 februari.
874 123 41 22 325

163 195 55 22 Herr
240 195 165 24 Stenbäck:
436 197 33 22 Då
488 197 37 26 jag
543 199 25 20 är
582 197 6 21 i
603 197 38 21 allt
657 197 126 28 väsendtligt
798 203 49 16 ense
862 198 50 21 med

94 225 81 21 Herrar
189 225 82 21 Kurtén
287 225 38 22 och
341 225 102 28 Federley
461 225 68 22 skulle
542 226 35 26 jag
592 226 19 26 ej
628 226 61 21 hafva
703 227 75 26 begärt
793 226 67 25 ordet,
878 232 34 15 om

92 254 36 27 jag
143 253 46 22 icke
204 253 68 22 blifvit
287 253 110 22 föranledd
413 255 22 21 af
448 254 49 21 herr
512 254 112 27 Federleys
640 255 138 27 anmärkning
794 257 45 19 mot
853 255 59 26 pröf-

93 282 174 27 ningsnämnden.
298 282 72 27 Enligt
385 283 42 21 min
443 283 64 21 tanke
522 284 24 19 är
561 283 158 26 bestämningen
735 283 7 20 i
757 285 28 20 54
796 283 38 21 och
846 284 26 20 55
887 283 25 27 88

94 317 33 15 om
151 311 115 26 taxerings-
288 311 39 21 och
347 311 237 27 pröfningsnämnderne
608 317 25 16 en
655 311 22 22 af
692 312 25 21 de
733 314 53 19 mest
800 311 90 28 lyckade
906 311 7 21 i

93 339 48 22 hela
163 339 278 28 kommunalförfattningen.
472 340 39 21 Att
532 340 145 27 lagstiftarene
699 341 35 20 vid
755 340 121 22 införandet
892 339 23 22 af

93 369 69 21 denna
176 368 123 28 förordning
314 368 46 22 icke
375 369 63 21 hafva
453 369 105 27 tillämpat
574 369 35 22 det
624 369 89 22 svenska
728 371 66 20 sättet
809 371 31 19 att
850 369 63 27 lägga

93 397 141 28 bevillningen
257 397 32 21 till
308 397 80 22 kronan
405 398 30 21 till
451 398 67 27 grund
534 397 32 22 för
582 398 252 26 kommunaltaxeringen,
850 403 63 16 anser

90 425 38 28 jag
143 432 51 15 vara
210 432 25 15 en
251 426 76 27 Jycklig
342 426 83 27 lösning
440 427 23 20 af
476 426 79 28 frågan,
571 433 33 15 om
621 433 48 14 man
685 427 105 26 nemligen
806 426 35 21 vill
853 427 59 20 bibe-

93 454 56 22 hålla
171 455 111 21 städernas
303 455 128 21 innevånare
446 455 34 21 vid
496 455 40 22 den
551 455 136 22 kommunala
708 455 204 26 sjelfbeskattnings-

93 485 76 20 rätten.
192 485 9 18 I
216 483 40 22 och
272 483 48 22 med
334 485 117 20 detsamma
467 490 47 15 man
530 483 85 28 frångår
630 483 136 27 rättigheten,
782 486 32 19 att
830 485 83 20 städer-

92 518 38 15 nas
152 512 127 22 innevånare
302 512 74 27 sjelfva
396 512 22 21 få
438 512 74 27 pröfva
527 513 169 26 beskattningen,
711 512 62 22 hafva
790 512 63 21 också
869 514 41 20 stä-

92 541 65 21 derna
172 541 70 26 afsagt
258 541 31 26 sig
304 541 264 26 sjelfbeskattningsrätten
584 541 39 21 och
635 541 138 21 öfverlemnat
784 541 40 21 den
835 541 22 21 åt
868 541 44 21 helt

92 569 65 22 andra
179 575 108 21 personer,
311 571 26 19 än
361 569 39 21 den
423 569 65 22 borde
511 569 91 22 tillhöra.
632 569 137 27 Konseqvent
788 569 67 22 skulle
879 569 32 22 till

91 597 221 28 sjelfbeskattningens
335 598 113 21 utöfvande
471 598 46 21 icke
533 598 99 21 behöfvas
648 598 71 21 vidare
735 601 26 18 än
777 600 31 19 att
824 601 46 18 utse
886 604 26 15 en

91 627 186 25 taxeringsnämnd
298 626 38 22 och
351 627 44 21 låta
411 627 68 21 denna
494 627 117 21 bestämma
627 627 54 21 hvad
697 633 25 14 en
738 627 51 21 hvar
804 627 57 21 skall
878 627 34 21 be-

91 655 50 22 tala.
171 655 93 21 Dermed
278 661 49 16 vore
343 655 72 27 sjelfva
425 655 173 27 beskattningens
608 655 81 27 princip
701 655 146 27 tillgodosedd.
870 655 42 22 Det

91 684 42 21 kan
149 684 117 21 emellertid
280 684 90 25 inträffa,
387 686 31 19 att
433 684 143 26 hvarjehanda
598 684 87 26 misstag
706 684 71 26 begås,
790 690 34 15 om
840 684 71 21 hvilka

91 712 32 26 de,
135 719 44 15 som
190 712 62 22 hafva
262 713 48 21 lidit
320 712 65 27 deraf,
396 713 53 21 böra
458 712 62 22 hafva
536 713 81 21 tillfälle
627 714 33 19 att
669 712 22 22 få
702 713 106 20 anmärka.
835 712 76 22 Derför

90 741 39 21 har
145 741 182 27 kommunallagen
343 741 28 27 på
386 743 31 19 ett
432 742 82 26 mycket
530 741 86 27 lyckligt
630 743 44 19 sätt
689 741 40 21 löst
742 741 68 21 denna
819 742 89 26 uppgift,

90 770 7 20 i
113 770 36 21 det
164 772 32 19 att
212 771 121 20 densamma
348 770 79 21 lemnat
443 770 46 21 dem
504 770 102 27 rättighet
621 770 48 21 att
662 766 9 36 i
680 770 59 21 detta
750 770 98 21 afseende
859 771 52 25 göra

91 798 45 22 sina
151 798 169 28 anmärkningar,
336 798 72 22 hvilka
423 798 59 22 skola
497 798 31 22 till
540 798 96 28 pröfning
646 800 104 25 upptagas
761 798 22 22 af
794 799 116 27 taxerings-

91 827 104 21 nämnden
211 827 53 27 sjelf,
279 827 102 22 förstärkt
396 827 48 21 med
459 827 23 21 så
498 828 75 26 många
588 828 65 20 andra
669 828 136 20 medlemmar
818 827 22 21 af
849 828 60 20 kom-

90 862 83 20 munen,
196 862 44 15 som
264 858 105 19 motsvara
391 856 72 21 halfva
484 857 81 20 antalet
580 856 23 21 af
617 856 47 21 dem
679 862 46 15 som
740 856 64 21 hafva
820 858 89 24 taxerat,

91 884 39 22 och
152 884 74 27 afgöra
248 891 34 15 om
306 884 190 28 anmärkningarna
511 887 36 19 äro
563 884 103 28 befogade
681 884 52 22 eller
747 884 52 22 icke.
830 884 41 21 Det
886 886 24 19 är

90 913 82 23 således
186 914 28 26 på
229 913 124 28 principiela
367 914 46 21 skäl
429 920 44 15 som
486 913 37 27 jag
538 913 68 22 skulle
621 919 57 19 anse,
694 915 32 19 att
741 913 36 21 det
787 913 45 21 icke
844 912 66 22 finnes

91 942 69 27 någon
175 942 113 27 anledning
303 944 32 19 att
351 942 74 27 frångå
441 942 35 22 det
492 942 194 27 beskattningssätt,
701 948 45 15 som
757 942 20 21 vi
787 941 68 22 hafva.
878 942 32 21 De

91 971 164 27 anmärkningar
277 973 44 19 mot
343 971 221 27 pröfningsnämnden,
588 977 44 15 som
648 970 45 22 från
709 971 66 21 första
791 970 57 22 tiden
864 970 46 22 från

91 1000 48 22 dess
163 1000 109 21 införande
296 1000 73 28 gjorts,
393 1000 71 21 kunna
488 1000 64 21 hafva
576 1000 31 21 sin
633 999 195 27 förklaringsgrund
858 999 53 26 deri,

90 1030 33 19 att
144 1034 49 16 man
215 1029 47 21 icke
284 1028 63 22 fattat
366 1028 55 22 hvad
444 1028 64 22 saken
530 1028 70 27 gällde
622 1028 39 22 och
676 1028 32 21 till
723 1028 51 26 följd
789 1028 61 21 deraf
863 1028 47 21 icke

91 1057 81 22 fästade
187 1058 32 26 sig
234 1057 35 21 vid
284 1058 39 20 den
339 1056 131 27 väsendtliga
491 1057 89 26 skilnad,
604 1062 43 16 som
663 1058 25 20 är
703 1056 89 22 emellan
816 1056 95 22 beskatt-

91 1086 173 27 ningsföremålet
278 1086 40 22 och
334 1086 39 21 den
389 1086 101 26 pröfvade
508 1086 124 22 inkomsten.
656 1086 31 21 De
702 1086 61 20 flesta
772 1085 82 26 tvister,
865 1091 45 15 som

91 1114 106 26 förevarit,
219 1114 63 22 hafva
304 1114 58 27 gällt,
377 1114 104 22 huruvida
496 1121 25 15 en
537 1114 93 22 inkomst
645 1114 49 21 bort
709 1120 50 15 vara
775 1114 135 26 beskattning

91 1144 143 22 underkastad
254 1143 52 22 eller
327 1144 52 21 icke.
409 1144 66 21 Detta
490 1145 24 19 är
529 1150 25 14 en
570 1144 65 26 fråga,
651 1149 45 15 som
711 1142 54 22 både
781 1142 81 27 lämpar
878 1142 32 27 sig

91 1172 32 22 för
138 1172 39 21 och
193 1172 39 21 bör
248 1172 82 26 afgöras
346 1172 22 20 af
383 1172 178 27 myndigheterna,
578 1172 110 21 hvaremot
698 1171 178 27 uppskattningen
888 1171 24 21 af

90 1201 130 22 inkomstens
236 1201 76 27 belopp
327 1200 46 22 icke
389 1201 38 21 bör
443 1200 137 22 öfverlemnas
595 1201 23 21 åt
633 1200 65 22 andre
713 1202 26 20 än
755 1200 155 22 kommunens
898 1196 16 36 i

91 1230 76 22 sådant
181 1229 100 23 afseende
296 1229 61 22 valde
372 1230 177 22 förtroendemän.

159 1287 55 22 Herr
236 1287 169 22 Wasenius:
428 1286 41 22 Till
485 1287 24 21 de
525 1287 130 25 uttalanden,
672 1293 44 15 som
733 1289 36 19 äro
787 1287 73 27 gjorda
876 1286 34 22 för

90 1318 32 20 att
137 1316 73 27 åtfölja
224 1317 107 25 remissen,
352 1315 95 22 anhåller
459 1316 37 26 jag
512 1318 31 19 att
558 1316 22 21 få
596 1315 87 27 tillägga
698 1315 101 27 följande:
816 1316 13 20 4
845 1321 63 15 mom.

90 1345 7 21 i
113 1345 12 27 8
141 1345 26 21 55
183 1345 68 26 lyder:
273 1344 92 25 ,Finnes
383 1345 68 26 någon
468 1344 26 21 bo
509 1344 7 21 i
531 1345 54 25 stad,
601 1346 51 20 utan
668 1346 33 19 att
715 1350 51 15 vara
781 1343 89 22 medlem
887 1343 24 21 af

89 1373 134 26 kommunen,
245 1379 49 21 eger
312 1373 230 27 bevillningsnämnden
555 1373 78 27 jemväl
647 1373 74 26 pröfva
737 1372 39 21 och
791 1372 118 21 bestämma

89 1402 105 21 huruvida
216 1402 39 21 och
277 1402 53 21 efter
352 1402 81 21 hvilket
455 1402 169 26 inkomstbelopp
640 1402 110 21 skattören
767 1401 60 21 skola
842 1400 67 22 sådan

90 1436 75 20 person
180 1430 90 25 påföras,
290 1430 119 21 oberoende
425 1429 65 26 deraf,
506 1431 32 20 att
553 1431 52 20 hans
620 1429 93 22 inkomst
726 1431 24 19 är
764 1429 145 22 underkastad

90 1458 136 26 beskattning
241 1457 60 22 äfven
317 1457 32 21 till
364 1463 69 16 annan
444 1457 120 22 kommun”.
587 1457 37 22 Ett
634 1457 76 21 sådant
721 1456 115 27 stadgande
847 1463 62 15 anser

87 1486 38 28 jag
140 1486 66 21 strida
221 1488 57 19 emot
293 1486 42 21 alla
350 1486 82 21 städers
447 1486 96 21 intresse.
573 1485 42 22 Det
630 1487 30 23 är,
676 1485 65 27 enligt
757 1485 42 20 min
815 1484 93 27 uppfatt-

90 1515 56 27 ning,
166 1515 111 21 städernas
294 1514 89 22 intresse
399 1516 31 20 att
445 1515 51 21 söka
511 1514 45 22 från
572 1514 122 22 landsorten
711 1514 64 27 draga
791 1513 21 21 in
828 1513 33 21 till
876 1513 34 27 sig
