1120 1842
205 146 42 21 598
426 152 176 21 Borgareståndet
615 153 55 16 1882.
694 154 22 16 21
729 156 61 14 mars.

335 333 59 26 Den
414 332 32 28 21
468 334 74 26 Mars
561 334 38 26 kl.
616 334 24 25 11
660 334 59 26 före
737 334 159 34 middagen.

274 402 40 21 Vid
329 402 117 22 verkstäldt
460 409 80 21 upprop
557 402 101 22 befunnos
673 403 96 21 ståndets
781 403 96 27 samtlige
888 404 137 21 medlemmar

205 431 189 26 tillstädeskomne,
412 433 58 19 utom
485 431 49 21 herr
549 432 111 26 Stenbäck,
676 438 44 15 som
737 432 129 22 fortfarande
882 438 37 15 var
934 432 54 28 sjuk.

273 573 40 21 Till
326 573 104 27 justering
446 574 107 26 upplästes
568 574 38 21 och
622 574 121 26 godkändes
755 574 64 27 några
831 574 195 26 protokollsutdrag

205 602 32 21 för
252 604 83 19 senaste
350 603 161 21 sammanträde.

274 734 55 21 Från
352 734 137 22 medstånden
513 734 54 22 hade
584 734 116 22 ankommit
716 734 91 28 följande
822 734 202 28 protokollsutdrag,

204 762 116 28 nämligen:

276 821 39 20 1:o.
346 820 56 21 Från
418 820 156 27 Ridderskapet
590 820 39 22 och
644 820 67 21 Adeln
727 820 33 21 för
776 820 40 22 den
833 821 24 21 15
874 821 78 20 dennes
967 821 58 21 med-

202 848 93 22 delande
311 848 95 22 ståndets
422 848 69 22 beslut
506 849 48 21 med
570 848 111 26 anledning
696 848 180 28 aflagutskottets
891 849 134 21 betänkande

204 877 41 21 N:o
262 878 19 23 2,
296 879 54 20 samt
372 879 153 20 sammansatta
540 877 44 27 lag-
599 877 40 21 och
655 877 213 21 ekonomiutskottets
892 877 133 22 betänkande

204 905 41 22 N:o
261 906 22 27 2;
299 906 108 21 äfvensom

275 965 39 20 2:0.
344 963 56 22 Från
423 963 159 22 Presteständet
605 963 32 21 för
655 969 80 16 samma
751 963 41 27 dag
807 964 47 21 med
870 964 155 22 underrättelse

202 999 38 15 om
256 992 94 22 ståndets
366 991 69 23 beslut
450 993 90 21 rörande
556 992 149 27 lagutskottets
721 993 135 21 betänkande
871 992 39 22 N:o
926 994 19 20 2.

274 1141 118 26 Föredrogs
415 1141 239 27 bevillningsutskottets
677 1141 46 21 från
745 1141 166 22 sammanträdet
934 1141 40 22 den
999 1143 25 20 18

205 1170 79 21 dennes
305 1170 117 26 bordlagda
442 1169 109 22 skrifvelse
574 1171 39 20 N:o
630 1170 12 20 9
658 1170 48 21 med
728 1170 123 26 inbjudning
874 1169 32 22 till
922 1170 102 26 Borgare-

201 1199 95 24 ståndet,
313 1199 35 20 det
370 1198 90 25 ståndet,
477 1199 47 20 med
547 1198 128 27 frångående
690 1198 24 21 af
728 1199 37 20 sitt
779 1198 90 27 tidigare
891 1197 82 22 fattade
988 1199 36 20 be-

204 1227 49 25 slut,
270 1227 52 26 ville,
341 1227 3 20 i
361 1226 139 22 betraktande
515 1227 23 21 af
551 1227 86 26 frågans
647 1227 185 26 maktpåliggande
842 1227 39 20 och
892 1226 131 21 brådskande

205 1255 146 22 beskaffenhet
367 1255 39 21 och
422 1255 64 21 sedan
503 1255 25 21 de
544 1257 31 19 tre
591 1255 66 21 andra
672 1255 88 21 stånden
777 1258 49 18 utan
842 1254 123 27 förändring
975 1255 50 26 god-

203 1285 54 20 känt
280 1284 97 21 bemälda
400 1283 92 22 utskotts
515 1283 134 22 betänkande
671 1283 41 21 N:o
729 1285 9 19 1
757 1284 6 20 i
779 1283 112 27 anledning
912 1283 23 21 af
948 1283 77 27 nådiga

204 1312 159 27 propositionen
386 1311 40 22 N:o
443 1313 11 20 2
471 1313 108 25 angående
602 1312 187 26 bevillningsafgift
812 1311 32 22 för
859 1312 72 25 tobak,
946 1312 78 27 jemväl

205 1343 52 19 utan
272 1340 91 27 uppskof
377 1341 39 20 och
431 1341 137 20 oförändradt
583 1341 111 26 godkänna
710 1341 65 26 sagda
791 1339 141 22 betänkande.

274 1397 10 20 I
300 1397 114 26 anledning
428 1396 64 21 häraf
506 1396 103 27 begärdes
625 1395 60 22 ordet
701 1395 22 22 af

275 1453 54 22 Herr
344 1452 184 28 Chydenius,
544 1459 45 15 som
605 1451 93 28 yttrade:
724 1452 33 21 Då
770 1452 36 27 jag
822 1452 34 21 vid
871 1454 83 19 senaste
970 1459 55 14 sam-

204 1483 112 20 manträde
331 1482 99 27 begärde,
446 1483 32 20 att
494 1482 87 21 ärendet
596 1481 68 22 skulle
683 1481 134 27 bordläggas,
833 1481 79 21 skedde
928 1481 35 21 det
978 1481 47 21 huf-

205 1511 145 27 vudsakligast
371 1510 28 28 på
421 1511 41 21 den
483 1511 75 26 grund,
574 1512 31 20 att
627 1511 36 26 jag
686 1510 65 26 ansåg
772 1511 36 20 det
823 1511 87 26 origtigt
925 1512 32 19 att
971 1510 55 21 fatta

205 1539 70 22 beslut
290 1540 90 21 rörande
396 1546 25 15 en
437 1539 44 27 sak,
497 1545 34 16 om
547 1539 85 22 hvilken
647 1541 31 19 ett
693 1539 94 22 utskotts
809 1539 156 28 framställning
981 1538 46 22 blif-
