1120 1803
294 124 179 21 Borgareståndet
483 124 59 18 1882.
566 125 28 17 24
605 125 99 17 februari.
874 120 41 21 327

92 192 71 22 kastas
189 198 26 16 en
240 192 135 26 omsorgsfull
400 192 97 27 pröfning
523 193 40 21 och
587 199 25 15 en
635 194 103 25 väsentlig
759 192 156 28 omarbetning.

90 220 43 28 Jag
157 221 67 21 skulle
247 221 72 21 derför
342 222 47 20 icke
404 221 62 21 hafva
481 222 55 21 velat
552 224 94 24 upptaga
661 221 95 22 ståndets
772 222 30 21 tid
818 222 48 21 med
882 224 34 19 att

94 249 78 27 begära
195 250 62 20 ordet
273 250 5 20 i
295 250 46 26 dag,
364 250 70 21 derest
454 250 37 27 jag
512 250 46 21 icke
580 250 53 21 hade
655 252 78 24 ansett,
748 252 32 19 att
795 257 26 14 en
836 250 79 27 grund-

94 278 104 27 väsentlig
222 278 139 26 anmärkning
387 281 45 19 mot
457 279 39 21 den
522 279 144 26 föreliggande
690 278 159 28 propositionen
874 278 40 22 har

93 306 70 22 blifvit
178 307 81 27 ogjord.
289 306 42 22 Det
346 307 86 27 stadgas
447 307 104 27 nemligen
566 308 6 20 i
588 306 106 27 förslaget,
714 309 32 19 att
765 307 75 21 besvär
855 307 61 21 öfver

94 335 226 27 pröfningsnämndens
336 336 98 26 åtgärder
449 336 60 21 skola
524 336 27 25 gå
566 336 32 21 till
614 336 84 20 hofrätt.
723 335 48 21 Men
789 336 58 21 detta
857 335 58 22 stad-

94 363 69 28 gande
185 363 86 27 åtföljes
293 363 46 22 icke
362 364 24 21 af
406 364 65 27 några
494 363 136 25 föreskrifter,
646 370 44 15 som
706 363 131 23 beträffande
852 365 64 20 dessa

93 392 84 27 frågors
199 392 132 22 bedömande
354 392 40 22 och
416 392 155 28 handläggning
595 393 6 21 i
624 393 108 21 hofrätten
755 393 68 21 skulle
846 393 69 21 införa

93 422 67 25 några
182 422 67 21 andra
271 423 138 20 rättsnormer
431 423 27 20 än
481 421 32 26 de,
529 428 44 15 som
597 421 32 22 för
651 421 84 27 vanliga
750 421 166 27 rättegångsmål

92 450 65 27 gälla.
186 449 94 22 Sålunda
303 450 53 21 skall
379 450 65 21 bland
466 452 65 19 annat
553 450 107 27 principen
679 456 33 15 om
729 450 134 27 bevisningen
880 451 35 20 be-

93 479 76 20 dömas
185 479 54 20 efter'
255 478 83 27 vanliga
353 478 213 27 rättegängsnormer.
591 479 33 20 Då
639 478 7 21 i
662 480 30 19 ett
708 479 184 26 taxeringsärende
904 478 12 21 å

95 513 40 14 ena
151 507 59 21 sidan
226 507 112 27 föreligger
353 507 208 27 taxeringslängdens
576 506 68 22 blotta
660 506 75 26 siffror,
752 507 13 21 å
779 507 66 21 andra
856 507 60 21 sidan

92 538 35 19 ett
143 535 81 22 kanske
239 536 96 27 vältaligt
350 535 99 22 affattadt
464 536 135 27 andragande
615 535 47 22 med
678 537 30 19 ett
724 535 105 22 bestämdt
840 535 76 22 bestri-

96 564 68 21 dande
178 565 22 20 af
214 566 31 19 ett
260 564 177 27 inkomstbelopp,
453 566 24 19 är
492 564 35 21 det
541 564 80 26 ganska
635 565 5 20 i
658 565 81 25 ögonen
755 564 92 22 fallande
862 564 54 21 huru

92 592 47 22 alla
154 592 151 28 taxeringsmål
320 592 86 22 komma
420 595 32 20 att
463 593 66 27 enligt
539 592 206 27 domstolsprinciper
755 592 91 28 afgöras,
858 593 58 21 dom-

94 621 70 22 stolen
180 622 67 21 måste
263 623 56 26 säga,
336 623 32 20 att
384 621 27 22 då
426 622 36 22 det
476 622 47 21 icke
538 624 23 18 är
577 622 101 25 bevisadt,
694 623 32 20 att
741 621 41 22 han
798 621 38 21 har
851 628 64 20 mera,

93 652 30 20 än
138 650 41 22 han
196 650 49 27 sjelf
258 650 114 27 medgifvit,
389 652 24 20 är
428 650 53 22 hans
495 650 68 22 blotta
576 649 82 29 uppgift
674 650 39 21 den
729 652 62 20 rätta.

164 707 56 22 Herr
235 707 169 22 Molander:
420 708 10 21 I
446 707 74 27 sjelfva
535 707 64 22 saken
617 707 77 22 önskar
706 707 36 27 jag
752 707 46 22 icke
808 708 35 20 vid
857 708 59 20 detta

93 735 85 22 tillfälle
202 735 87 28 tillägga
311 737 71 26 något.
412 736 42 21 Det
476 738 24 19 är
521 736 54 21 blott
590 736 7 21 i
612 735 59 26 fråga
686 742 33 15 om
736 736 74 21 remiss
826 736 22 22 af
861 736 55 21 före-

95 765 93 21 varande
210 765 132 26 proposition
358 765 36 26 jag
416 765 49 21 ville
488 765 68 21 uttala
575 771 24 15 en
615 771 68 15 annan
699 765 62 26 åsigt,
777 767 26 18 än
819 765 26 21 de
860 765 56 21 före-

95 793 81 27 gående
192 794 75 26 talare,
283 799 44 16 som
343 793 95 22 förordat
454 793 74 21 remiss
543 793 32 22 till
591 795 152 20 sammansatta
759 793 43 27 lag-
818 793 38 22 och
867 793 49 22 eko-

96 822 169 22 nomiutskottet.
290 822 9 21 I
335 823 9 20 $1
362 822 22 21 af
398 822 270 26 kommunalförfattningen
685 822 23 21 af
722 822 39 21 den
777 823 13 20 8
806 821 111 23 december

98 851 54 22 1873
167 850 95 28 stadgas:
279 851 92 26 ,Hvarje
387 851 47 21 stad
450 851 47 21 med
515 851 103 21 derunder
640 850 90 28 lydande
747 850 91 25 område,
853 852 63 25 utgör

98 879 32 22 för
145 879 32 28 sig
192 887 25 14 en
233 880 92 21 särskild
340 880 107 26 kommun,
463 880 62 21 hvars
541 880 137 21 medlemmar
694 886 39 20 ega
747 883 38 20 att,
802 881 6 20 i
824 879 92 27 enlighet

97 909 48 22 med
170 909 68 22 denna
260 909 41 27 lag,
322 909 66 22 vårda
410 909 45 22 sina
475 915 154 21 gemensamma
644 909 110 26 ordnings-
769 909 39 21 och
823 908 93 22 hushåll-

98 938 260 27 ningsangelägenheter*.
387 937 79 22 Vidare
488 938 61 21 heter
571 938 36 21 det
621 938 7 21 i
644 938 12 27 8
672 938 26 20 35
723 937 22 21 af
765 937 23 22 L.
808 937 35 22 O.:
865 954 6 10 ,
876 937 40 27 Till

98 967 206 21 ekonomiutskottet
325 966 99 22 hänvisas
447 967 25 21 de
495 967 31 21 till
545 967 99 21 ståndens
660 966 155 27 handläggning
831 967 38 21 och
884 968 33 20 ut-

99 995 86 22 låtande
208 996 101 21 inkomna
329 995 84 28 förslag,
433 1001 45 16 som
494 996 55 26 angå
563 995 83 22 landets
661 995 107 21 allmänna
783 995 134 26 hushållning

95 1025 55 21 eller
172 1025 70 20 dertill
266 1024 94 21 hörande
380 1024 141 26 inrättningar
536 1024 21 21 af
571 1023 40 22 alla
627 1024 51 26 slag,
695 1026 55 19 samt
765 1024 94 27 ändring,
875 1024 42 21 för-

98 1053 82 26 klaring
196 1053 52 21 eller
263 1053 146 27 upphäfvande
424 1053 22 20 af
460 1053 125 21 dithörande
601 1053 147 25 förordningar
764 1053 39 21 och
814 1053 103 25 stadgar".

98 1081 31 21 På
151 1082 68 26 grund
242 1081 24 21 af
286 1082 62 20 dessa
370 1081 157 26 bestämningar
545 1080 67 21 skulle
626 1081 35 26 jag
676 1082 52 25 yrka
743 1082 34 25 på,
793 1083 32 18 att
839 1081 77 26 ifråga-

99 1110 94 21 varande
209 1110 131 27 proposition
355 1110 121 21 remitteras
491 1109 33 22 till
540 1109 209 22 ekonomiutskottet.

166 1167 56 21 Herr
237 1167 121 26 Nybom:
374 1166 11 22 I
400 1166 92 28 enlighet
507 1167 46 21 med
569 1166 55 22 hvad
639 1166 40 21 den
694 1167 64 20 ärade
772 1168 146 25 representan-

98 1198 36 19 ten
152 1195 32 22 för
200 1195 162 22 Fredrikshamn
378 1195 38 21 har
432 1195 102 26 anmärkt,
551 1195 48 21 ville
614 1195 60 21 äfven
688 1195 37 27 jag
740 1195 74 26 uttala,
830 1196 32 20 att
877 1195 12 28 &
906 1195 12 20 3

98 1224 67 22 borde
180 1230 52 15 vara
247 1224 83 27 mycket
346 1223 110 28 tydligare.
479 1224 40 26 Jag
534 1225 41 20 kan
591 1223 46 22 icke
647 1223 71 22 förena
729 1224 43 26 mig
783 1224 46 21 med
841 1223 76 22 honom

97 1253 81 26 derom,
202 1255 32 18 att
257 1253 58 21 detta
330 1259 50 15 vore
396 1255 31 19 ett
442 1253 81 20 mindre
539 1252 111 27 väsentligt
662 1253 123 26 stadgande.
807 1252 39 27 Jag
858 1257 61 16 anser

98 1282 128 26 stadgandet
244 1282 7 21 i
271 1283 11 19 3
305 1283 13 24 &
341 1287 50 15 vara
413 1281 128 21 hörnstenen
565 1281 33 21 för
619 1281 49 21 hela
690 1281 156 26 författningen.
877 1281 41 21 Det

97 1310 70 27 gäller
189 1310 104 27 nemligen
316 1312 32 19 att
370 1310 44 20 deri
438 1309 116 22 bestämma
576 1310 61 21 hvem
660 1315 44 15 som
720 1311 25 20 är
760 1309 38 22 och
814 1309 39 21 bör
868 1315 52 15 vara

99 1338 214 22 kommunalmedlem
328 1339 8 20 i
351 1339 53 25 stad,
421 1338 60 21 hvem
501 1344 45 15 som
562 1339 27 26 på
604 1339 67 26 grund
688 1338 59 21 deraf
760 1337 39 22 bör
815 1338 21 21 få
851 1338 68 21 skatt-

98 1369 52 19 ören
172 1368 31 25 sig
226 1367 89 27 påförda
338 1366 38 22 och
392 1367 6 20 i
414 1366 38 22 och
476 1367 47 20 med
546 1367 67 21 denna
634 1367 119 26 skyldighet
775 1367 39 20 den
834 1365 86 22 dermed

99 1395 208 26 sammanhängande
322 1395 136 26 rättigheten,
474 1397 93 19 rösträtt.
597 1395 40 26 Jag
652 1395 67 21 håller
735 1395 70 21 derför
820 1395 52 24 före,
888 1395 32 20 att

100 1425 105 19 utskottet
228 1425 84 24 mycket
334 1430 56 20 noga
412 1424 66 20 måtte
499 1424 108 24 begrunda
623 1423 69 20 denna
708 1423 100 25 paragraf
822 1423 38 20 och
877 1423 43 20 för-

99 1452 55 20 söka
176 1452 85 20 komma
283 1450 32 22 till
338 1457 25 15 en
386 1450 76 27 lycklig
478 1450 81 27 lösning
575 1450 23 22 af
611 1450 47 22 dess
673 1450 123 26 stadgande.
827 1450 11 21 TI
853 1450 67 21 likhet

101 1480 48 22 med
164 1486 82 16 samma
261 1479 63 23 ärade
340 1479 67 21 talare
422 1485 62 15 anser
499 1480 60 20 äfven
572 1479 42 28 jag,
631 1480 31 19 att
678 1478 162 28 beskattningen
851 1478 32 22 för
895 1479 25 20 de

100 1508 136 23 kommunala
258 1508 124 22 ändamålen
406 1508 65 22 måtte
493 1508 73 28 läggas
581 1508 32 21 till
629 1508 67 26 grund
710 1508 33 21 för
758 1508 162 26 beskattningen
