1120 1834
203 136 42 20 534
430 142 176 20 Borgareståndet
619 142 56 16 1882.
700 142 23 16 18
736 146 60 12 mars.

274 210 54 20 Herr
343 210 125 26 Nysten:
484 210 39 26 Jag
540 212 45 19 tror
601 210 35 21 det
646 216 49 14 vore
706 210 98 26 rigtigast
814 212 38 21 att,
863 210 63 20 innan
939 209 84 21 ståndet

204 238 93 22 besluter
320 239 65 25 något
407 238 72 21 vidare
494 238 5 20 i
516 238 80 27 frågan,
612 238 85 22 invänta
713 238 39 21 den
769 238 75 26 åtgärd
860 238 140 26 lagutskottet
1015 238 6 20 i

204 267 64 21 saken
284 267 96 21 kommer
395 269 32 19 att
442 266 91 28 vidtaga.

273 324 55 21 Herr
343 323 120 28 Nybom:
480 324 40 26 Jag
535 324 84 21 förenar
634 324 42 26 mig
692 331 32 14 om
741 324 49 21 herr
801 323 89 27 Nystens
902 324 78 26 förslag
991 326 32 18 att

205 353 113 27 uppskjuta
334 352 94 22 ärendet.
459 353 39 25 Jag
514 353 47 21 ville
578 353 54 21 blott
643 352 106 22 bibehålla
759 352 85 22 ståndet
855 354 43 20 rätt
909 354 32 20 att
949 358 74 16 senare

204 384 95 25 upptaga
321 382 73 26 frågan
417 388 33 15 om
474 382 130 27 inbjudning.
641 381 74 22 Denna
740 382 59 25 fråga
824 381 40 21 kan
890 381 133 26 naturligtvis

205 410 84 27 mycket
312 411 123 26 lämpligare
457 413 110 24 upptagas,
583 417 33 14 om
633 417 47 14 man
696 411 53 21 först
765 413 34 18 vet
814 410 55 21 hvad
884 411 140 27 lagutskottet

205 439 47 22 med
268 439 112 27 anledning
395 439 21 21 af
431 439 26 22 de
473 439 67 26 öfriga
555 440 99 21 ständens
671 439 67 22 beslut
754 440 6 20 i
775 439 64 22 saken
855 439 105 26 företagit.

274 497 55 21 Herr
346 497 122 21 Ervast:
485 496 32 21 Då
533 499 75 19 tvenne
624 497 61 21 stånd
700 496 104 22 förkastat
819 496 57 21 såväl
894 497 38 21 den
949 497 76 26 nådiga

206 525 158 28 propositionen
383 531 44 15 som
449 525 116 22 utskottets
581 525 132 22 betänkande
729 525 89 21 rörande
829 527 86 20 räntans
925 525 99 28 partiella

206 554 131 27 frigifvande,
360 560 61 15 anser
434 555 36 26 jag
486 553 32 22 för
533 554 42 21 min
590 554 40 25 del,
645 556 32 19 att
692 553 47 22 hela
755 553 80 28 frågan,
848 554 84 26 jemlikt
949 555 25 20 73
989 555 12 25 8
1017 555 7 20 i

205 583 98 26 gällande
325 583 216 26 Landtdagsordning,
566 583 38 21 bör
626 583 32 21 för
683 583 58 21 detta
767 583 143 21 ständermöte
937 583 88 21 förfalla.

206 611 73 22 Under
301 611 39 21 den
357 611 78 25 debatt,
450 617 45 15 som
511 611 113 28 försiggick
639 612 7 20 i
661 611 73 26 frågan
751 614 82 19 senaste
848 612 80 27 lördag,
945 611 79 22 åhörde

202 640 39 27 jag
257 641 47 20 med
319 642 78 19 största
413 640 187 27 uppmärksamhet
616 641 24 20 de
656 641 73 25 talare,
745 646 44 15 som
806 641 26 20 då
843 641 125 26 uppträdde,
978 647 46 14 men

206 669 50 21 fann
272 669 46 21 icke
334 675 25 14 en
375 669 54 21 enda
445 669 21 21 af
480 669 46 21 dem
543 669 73 21 anföra
632 669 71 27 något,
719 675 44 15 som
779 669 6 21 i
801 669 77 22 minsta
894 669 47 22 mån
957 669 68 22 skulle

207 698 78 21 rubbat
308 697 41 21 min
373 698 34 21 vid
431 704 79 15 samma
526 698 82 21 tillfälle
624 697 94 22 uttalade
734 698 61 27 åsigt,
811 698 98 21 hvarföre
923 699 36 26 jag
974 699 51 20 fort-

205 727 88 21 farande
316 726 67 21 håller
405 727 26 26 på
455 726 67 21 denna
541 727 59 26 åsigt,
617 727 39 20 och
672 726 40 22 kan
728 727 81 21 således
824 727 18 26 ej
858 727 113 26 godkänna
986 727 40 21 den

207 755 23 22 af
244 755 49 22 herr
308 755 82 27 Nybom
406 755 118 27 föreslagna
539 755 161 28 inbjudningens
715 756 59 26 syfte,
792 757 50 20 utan
858 755 126 27 hemställer,
994 758 31 19 att

207 784 180 28 Borgareståndet
406 784 45 21 icke
475 785 65 21 måtte
555 785 6 21 i
578 785 67 20 denna
661 785 38 20 sak
715 784 83 21 utfärda
813 785 68 26 någon
896 785 130 27 inbjudning.

277 841 89 22 Ständet
388 841 69 22 beslöt
474 842 50 21 derä
538 844 32 19 att
586 842 69 21 lemna
670 841 73 28 frågan
759 842 106 21 beroende
880 843 31 20 till
928 842 47 21 dess
991 842 36 21 det

207 870 69 22 blefve
292 871 71 26 kändt,
379 870 86 21 hvilken
480 871 74 26 åtgärd
570 870 139 27 lagutskottet
725 871 5 20 i
746 871 65 21 saken
827 871 101 27 vidtager.

277 1015 120 27 Föredrogs
421 1015 212 21 ekonomiutskottets
656 1015 117 27 bordlagda
789 1014 133 22 betänkande
937 1014 39 22 N:o
992 1015 13 21 2
1021 1015 7 21 i

207 1044 116 27 anledning
345 1044 23 21 af
387 1044 58 21 Hans
462 1044 118 26 Kejserliga
596 1043 111 27 Majestäts
722 1044 76 26 nådiga
814 1044 130 27 proposition
959 1044 40 21 N:o
1015 1044 12 21 2

206 1073 113 27 angående
334 1072 165 22 vaccinationen.

279 1130 79 21 Härom
374 1132 90 24 utspann
480 1130 32 26 sig
526 1129 92 27 följande
634 1129 129 21 diskussion:

280 1187 54 20 Herr
349 1186 153 27 Ignatius:
519 1186 136 21 Närvarande
672 1186 112 27 lagförslag
800 1185 56 22 inför
871 1192 25 15 en
912 1185 117 28 väsendtlig

210 1215 123 26 förändring
356 1215 7 20 i
387 1215 24 21 de
434 1215 110 26 principer,
570 1215 69 20 hvilka
661 1214 76 21 hittills
760 1215 44 20 ledt
820 1215 82 20 landets
918 1214 111 27 styrelse
1018 1210 14 36 i

209 1244 75 26 frågan
301 1250 33 14 om
351 1243 167 21 vaccinationens
534 1243 109 21 införande
658 1243 7 20 i
682 1243 77 21 landet.
785 1243 87 21 Härtills
888 1243 38 21 har
942 1243 88 21 allmän-

210 1273 75 20 hetens
308 1272 96 21 alltmera
427 1271 101 26 stadgade
552 1271 139 28 öfvertygelse
713 1278 32 15 om
762 1272 170 21 vaccinationens
947 1272 82 26 nyttä
1016 1267 15 36 i

209 1301 97 26 förening
330 1301 46 20 med
400 1301 36 20 det
451 1301 106 20 indirekta
572 1301 70 26 tväng,
659 1306 51 17 som,
727 1300 63 21 bland
806 1303 70 21 annat,
895 1300 56 27 legat
966 1301 7 20 i
988 1299 41 22 för-

210 1329 66 21 budet
291 1331 31 19 att
337 1329 7 20 i
361 1329 49 20 våra
426 1328 106 27 offentliga
548 1329 187 26 skolinrättningar
750 1329 72 25 intaga
837 1330 65 20 andra
918 1331 26 19 än
963 1330 68 20 vacci-

210 1358 79 21 nerade
306 1358 77 23 elever,
399 1360 80 19 ansetts
495 1359 75 24 utgöra
586 1357 114 26 tillräcklig
715 1357 82 26 garanti
813 1357 33 21 för
862 1358 67 20 denna
947 1357 83 20 institu-

211 1387 57 20 tions
287 1386 131 21 fortbeständ
435 1385 38 21 och
489 1385 107 26 nöjaktiga
613 1385 85 20 skötsel.
729 1385 32 20 Nu
778 1391 61 14 anser
855 1391 47 15 man
918 1385 33 27 sig
967 1385 63 20 emel-

212 1414 63 21 lertid
298 1414 52 20 böra
372 1413 73 26 frängä
469 1413 57 21 detta
547 1413 151 26 frihetssystem
715 1413 38 21 och
769 1413 67 21 införa
852 1419 25 14 en
893 1413 138 26 obligatorisk

212 1442 130 21 vaccination
366 1442 47 21 med
436 1441 61 22 böter
520 1441 38 22 och
581 1441 219 22 straffbestämmelser
823 1441 31 22 för
877 1442 24 21 de
927 1442 105 21 föräldrar

213 1471 38 21 och
275 1471 108 24 mälsmän,
407 1471 71 20 hvilka
501 1470 113 21 försumma
630 1472 32 19 att
678 1471 43 20 låta
736 1471 110 21 vaccinera
861 1471 45 21 sina
922 1471 51 21 barn
992 1471 39 21 och

212 1499 139 28 myndlingar,
374 1499 89 22 likasom
487 1499 60 21 äfven
570 1499 32 21 för
625 1499 24 21 de
665 1499 108 22 fallvuxna
789 1505 106 21 personer,
911 1499 71 22 hvilka
997 1499 34 22 för

214 1535 51 20 egen
289 1529 32 21 del
343 1531 51 24 göra
416 1528 31 27 sig
463 1528 95 27 skyldiga
575 1529 31 20 till
622 1535 81 14 samma
717 1529 151 22 försummelse.
899 1529 41 27 Jag
955 1528 77 29 ifräga-
