1120 1814
208 138 40 21 326
411 142 179 21 Borgareståndet
602 142 57 17 1882.
685 143 26 15 24
723 142 100 17 februari.

208 212 25 20 så
248 211 76 27 många
340 210 95 26 resande,
452 216 45 16 som
513 210 88 27 möjligt,
617 210 39 21 och
671 210 100 21 särskildt
786 210 6 21 i
807 210 131 27 Helsingfors
954 212 23 19 är
993 210 35 22 det

208 240 67 26 fallet,
304 241 31 19 att
351 246 25 14 en
399 239 33 21 hel
451 239 42 27 hop
509 245 107 21 personer,
632 245 45 15 som
692 238 62 22 hafva
769 239 31 21 sin
816 239 75 21 bostad
908 239 27 27 på
950 239 77 26 landet,

209 268 58 22 hålla
282 268 32 27 sig
332 268 111 22 härstädes
461 274 52 21 egen
530 268 75 26 våning
620 268 51 20 eller
686 268 39 21 ock
739 268 54 27 hyra
807 268 32 26 sig
854 274 45 15 rum
915 268 28 27 på
957 268 72 21 värds-

209 298 40 20 hus
264 297 32 21 för
311 297 72 27 längre
402 296 51 22 eller
469 297 85 21 kortare
572 296 164 26 stadsvistelser;
753 297 58 21 detta
826 296 100 28 bidrager
941 299 32 19 att
989 297 40 21 öka

209 326 61 21 lifvet
285 326 6 20 i
307 326 74 21 staden
397 325 106 21 äfvensom
523 325 86 21 stadens
624 325 121 21 inkomster.
777 325 38 21 Att
830 331 75 19 genom
921 332 25 14 en
963 325 65 21 sådan

208 354 141 27 beskattning,
372 360 45 16 som
440 354 39 21 den
500 354 166 27 ifrågavarande,
681 354 53 21 söka
750 354 67 21 drifva
832 353 48 22 bort
896 354 70 27 dylika
981 360 47 21 per-

209 389 62 15 soner
293 382 45 22 från
361 382 80 26 staden,
465 388 51 16 vore
539 382 74 22 oklokt
632 382 45 26 och,
692 382 69 22 såsom
778 382 67 27 sagdt,
861 383 108 21 stridande
985 385 43 19 mot

209 412 110 21 städernas
334 412 95 21 intresse.

278 469 55 21 Herr
348 468 121 27 Nybom:
494 468 40 27 Jag
549 468 67 22 skulle
632 468 25 22 be
673 470 32 19 att:
721 469 20 21 få
757 468 128 22 understöda
900 468 50 22 herr
965 468 63 21 Lind-

210 498 63 24 holm,
296 504 43 15 som
360 498 63 26 yrkat
437 497 28 27 på
481 496 154 28 bordläggning
649 496 23 22 af
685 496 137 22 förevarande
837 497 137 27 proposition,
990 497 39 21 och

210 533 62 15 anser
294 526 32 21 för
348 526 42 21 min
414 526 39 25 del,
477 527 31 20 att
531 526 63 21 innan
616 525 144 22 diskussionen
781 526 38 26 går
839 526 71 21 vidare
926 526 35 21 det
976 526 53 21 först

211 555 66 22 borde
300 555 89 26 afgöras,
412 555 103 21 huruvida
538 555 84 21 ståndet
644 555 77 21 önskar
740 554 116 27 bordlägga
870 555 158 26 propositionen

212 585 51 20 eller
285 584 25 27 ej.
341 583 39 22 Om
404 584 42 21 min
469 583 135 27 uppfattning
622 583 47 22 häri
684 585 23 19 är
722 584 71 27 riktig,
809 583 39 21 har
861 584 37 27 jag
913 584 33 21 för
961 584 68 21 denna

211 613 55 26 gång
288 613 46 21 icke
356 613 65 26 något
439 614 33 19 att
488 612 93 27 tillägga,
597 619 46 14 men
659 619 34 14 om
709 612 25 27 ej,
750 612 24 22 så
789 612 37 21 ber
839 612 36 27 jag
890 614 32 20 att
937 612 21 21 få
973 615 56 24 yttra

211 641 43 26 mig
269 641 131 21 beträffande
416 640 72 27 sjelfva
504 640 39 22 den
559 640 141 28 föreliggande
716 641 79 26 frågan.

279 698 56 21 Herr
357 697 185 22 Talmannen
566 699 98 21 förmälte
679 698 7 21 i
701 698 112 27 anledning
834 698 66 25 häraf,
917 700 32 20 att
963 698 67 21 första

210 727 95 27 punkten
320 727 7 21 i
343 727 12 27 $
371 728 26 20 53
413 727 6 20 i
435 727 24 21 L.
476 726 23 21 O.
515 727 70 27 lydde:
610 744 10 9 ,
623 727 44 21 När
689 727 129 27 proposition
842 727 67 22 första
930 727 100 27 gången
1017 722 17 37 i

211 756 65 26 något
291 756 62 21 stånd
369 756 145 26 förekommer,
530 756 54 21 skall
600 756 46 26 den,
662 755 23 22 så
701 755 63 22 framt
780 756 18 27 ej
814 755 84 22 ståndet
911 759 72 24 genast
995 762 34 15 en-

212 784 75 27 hälligt
309 784 89 21 förvisar
421 785 123 20 densamma
561 785 33 21 till
613 785 89 26 utskott,
718 784 55 27 ligga
788 785 26 26 på
830 784 76 22 bordet
922 785 31 21 till
969 786 61 20 nästa

212 813 162 24 sammanträde,
395 813 26 21 då
441 813 65 21 sådan
522 813 123 26 hänvisning
661 813 38 21 bör
714 813 58 22 ske".
801 813 75 22 Denna
891 813 76 28 nådiga
983 819 47 21 pro-

211 842 91 26 position
318 841 55 22 hade
388 848 28 15 nu
431 841 57 27 legat
503 842 27 26 på
544 842 82 26 bordet,
643 841 39 22 och
696 841 82 23 således
789 842 65 21 borde
864 842 65 27 enligt
940 843 90 20 berörda

211 872 94 19 moment
320 870 124 27 hänvisning
459 870 31 21 till
506 871 83 22 utskott
603 871 43 22 ske.
675 870 11 21 I
701 871 66 21 andra
782 873 116 19 momentet
913 871 24 21 af
950 877 80 15 samma

210 899 12 28 $
238 899 58 21 hette
312 899 42 24 det,
370 901 32 19 att
417 899 123 22 uttalanden
556 900 31 21 till
603 899 130 28 protokollet
747 899 7 21 i
770 899 112 27 anledning
898 899 22 22 af
932 906 24 15 en
967 899 63 27 nådig

210 927 132 28 proposition
365 928 34 21 väl
421 927 69 22 kunde
513 929 44 26 ske,
580 935 47 14 men
649 929 33 20 att
701 928 60 22 dessa
777 929 122 20 uttalanden
915 928 46 21 icke
975 927 55 28 finge

210 956 115 27 uppehålla
339 957 107 20 remissen.
478 956 86 22 Således
579 957 66 21 borde
660 957 47 20 icke
722 957 33 21 för
770 957 122 27 ytterligare
908 957 122 22 uttalanden

211 985 35 21 vid
262 987 30 19 ett
308 985 91 27 följande
421 986 156 21 sammanträde
600 985 99 27 uppehåll
721 985 48 22 med
791 986 101 21 remissen
916 992 38 22 ega
977 992 52 15 rum.

212 1014 104 27 Slutligen
339 1014 60 21 stode
422 1014 36 21 det
479 1015 121 27 visserligen
616 1014 7 21 i
639 1015 51 20 sista
708 1016 115 20 momentet
840 1015 22 21 af
876 1015 119 27 åberopade
1011 1016 18 24 $:

212 1042 109 28 »Uppstår
336 1042 59 27 fråga
410 1043 32 21 till
458 1043 80 21 hvilket
554 1043 82 21 utskott
651 1045 30 19 ett
697 1043 42 21 mål
750 1044 39 20 bör
799 1043 104 26 hänvisas,
913 1044 42 21 kan
965 1043 65 22 sådan

211 1071 61 26 fråga
294 1071 55 21 blott
372 1071 33 21 för
423 1072 35 20 det
474 1072 161 26 sammanträde,
651 1072 27 20 då
694 1072 39 20 den
749 1072 69 21 blifvit
833 1072 68 26 väckt,
916 1072 73 27 läggas
1004 1072 27 26 på

211 1100 83 26 bordet,
306 1106 46 15 men
364 1100 39 21 bör
414 1100 34 21 vid
459 1100 139 28 nästföljande
614 1100 138 27 ovilkorligen
767 1100 103 27 afgöras*.
893 1101 65 21 Detta
973 1101 58 21 inne-

212 1128 52 22 bure
280 1131 38 25 att,
334 1128 44 22 ifall
394 1129 84 21 ständet
493 1130 45 20 icke
554 1131 75 26 genast
643 1135 50 15 vore
709 1135 48 15 ense
769 1136 33 14 om
813 1130 33 20 till
856 1130 81 21 hvilket
949 1129 82 22 utskott

212 1164 25 14 en
253 1157 132 27 proposition
401 1157 38 22 bör
455 1158 103 26 hänvisas,
574 1160 50 19 utan
641 1158 56 20 olika
711 1158 109 27 meningar
835 1158 71 21 derom
922 1165 55 21 yppa
993 1159 37 25 sig,

212 1186 68 21 denna
296 1186 59 26 fräga
371 1186 70 21 kunde
457 1187 131 27 bordläggas.
615 1186 33 22 Dä
663 1186 39 22 den
718 1186 75 22 hittills
808 1187 61 21 förda
885 1187 146 21 diskussionen

211 1214 118 22 emellertid
350 1215 47 21 icke
419 1214 36 27 gaf
476 1216 34 20 vid
535 1215 89 26 handen,
639 1216 32 20 att
687 1216 69 26 nägon
771 1216 178 26 meningsolikhet
963 1216 67 20 skulle

211 1243 62 21 hafva
296 1246 35 24 egt
346 1250 46 14 rum
408 1244 109 26 angäende
532 1244 31 20 till
579 1244 81 20 hvilket
682 1244 82 21 utskott
786 1244 157 27 propositionen
964 1244 67 21 borde

211 1272 126 26 remitteras,
352 1284 27 2 —
395 1272 39 20 här
449 1272 53 21 hade
518 1272 75 21 endast
608 1271 23 22 af
645 1274 76 20 tvenne
736 1272 66 22 talare
817 1273 78 26 yrkats,
911 1274 33 20 att
953 1278 78 21 propo-

209 1300 93 21 sitionen
325 1300 68 21 skulle
414 1300 124 27 hänskjutas
553 1301 32 21 till
600 1303 152 19 sammansatta
767 1301 55 27 Lag-
837 1301 39 21 och
892 1301 139 21 Ekonomiut-

209 1328 85 22 skottet
309 1341 27 3 —
351 1329 66 27 ansåg
432 1329 49 21 herr
496 1329 130 21 Talmannen
642 1329 127 21 åtminstone
781 1330 42 21 tills
834 1330 72 20 vidare
916 1330 63 27 ingen
993 1336 37 14 an-

209 1358 89 25 ledning
314 1357 128 21 förekomma
458 1360 32 17 att
505 1358 116 25 bordlägga
636 1358 93 25 ärendet,
750 1364 47 14 men
819 1358 49 20 ville
888 1358 59 26 dock,
965 1358 65 20 sedan

211 1384 146 21 diskussionen
373 1385 71 21 vidare
459 1384 95 27 fortgått,
569 1385 105 21 måhända
686 1386 71 20 lämna
769 1386 65 20 saken
845 1386 32 20 till
889 1385 95 21 ståndets
998 1385 31 21 af-

209 1413 99 27 görande.

280 1470 31 21 Hr
334 1470 146 22 Grönvik:
502 1471 46 20 Den
570 1471 78 27 mängd
670 1471 170 27 anmärkningar,
862 1477 45 16 som
930 1473 43 20 mot
989 1472 40 21 den

210 1499 145 27 föreliggande
370 1499 158 27 propositionen
543 1499 38 21 här
596 1500 65 21 redan
677 1499 67 22 blifvit
759 1500 81 27 gjorda,
863 1500 109 22 föranleda
987 1501 42 27 mig

210 1530 33 19 att
258 1529 49 26 taga
322 1528 32 21 för
369 1528 70 27 gifvet,
455 1530 31 19 att
501 1528 157 27 propositionen
673 1529 96 21 kommer
781 1531 31 20 att
822 1529 8 22 i
840 1530 104 21 utskottet
954 1529 75 22 under-
