1120 1800
211 126 42 22 376
444 132 177 21 Borgareståndet
633 132 55 17 1882.
713 133 12 17 7
736 137 61 12 mars.

280 200 60 21 Efter
355 200 130 26 uppläsande
500 200 76 22 hvaraf
589 200 68 22 beslöt
672 201 178 27 Borgareståndet
866 203 38 21 att,
916 201 46 21 med
973 201 58 22 bifall

211 228 33 22 till
268 228 68 21 denna
358 230 151 20 sammansatta
525 229 43 26 lag-
583 229 40 21 och
638 229 215 21 ekonomiutskottets
868 229 105 27 anhållan,
989 235 44 16 me-

212 256 54 22 delst
282 256 194 27 protokollsutdrag
493 257 84 27 inbjuda
588 257 155 27 Ridderskapet
754 258 39 20 och
804 257 67 22 Adeln
883 260 54 19 samt
950 257 83 23 Bonde-

212 285 85 23 ståndet
313 288 31 18 att
360 286 32 21 till
408 286 97 21 bemälda
520 286 93 22 utskotts
628 286 115 28 beredning
759 286 126 22 öfverlemna
898 286 76 28 nådiga
984 292 49 22 pro-

211 314 145 28 positionerna
371 314 51 22 n:ris
438 315 26 21 34
479 314 40 22 och
535 315 32 21 35.

281 457 79 22 Skreds
381 457 33 22 till
435 458 150 27 föredragning
607 458 22 21 af
650 458 34 21 vid
700 461 84 18 senaste
799 459 156 21 sammanträde
971 458 64 22 bord-

213 486 62 27 lagda
299 487 241 21 utskottsbetänkanden
563 487 39 21 och
625 487 83 26 gjordes
728 487 73 21 dervid
816 487 74 28 början
906 487 48 22 med
969 489 77 20 stats-.

213 515 114 22 utskottets
343 515 133 22 betänkande
487 522 33 15 n:o
530 517 11 19 2
551 515 7 21 i
567 515 111 27 anledning
689 515 22 22 af
720 516 59 21 Hans
794 515 118 28 Kejserliga
923 515 112 27 Majestäts

212 544 77 27 nådiga
304 544 130 27 proposition
450 550 34 15 n:o
500 545 27 20 27
543 544 108 27 angående
664 544 162 27 gvarnskattens
841 544 152 27 upphäfvande.

281 601 147 21 Betänkandet
451 601 43 22 blef
514 601 22 21 af
557 602 84 21 ståndet
664 605 49 18 utan
736 602 118 21 diskussion
870 601 32 22 till
917 602 42 22 alla
975 602 59 21 delar

203 630 123 26 -godkändt,
342 630 117 26 hvarjemte
474 631 27 25 pä
516 630 78 27 förslag
609 630 24 22 af
647 630 47 22 herr
710 630 150 28 Clouberg
875 630 71 22 beslut
961 630 72 22 derom

213 658 100 28 fattades,
328 661 32 19 att
375 659 30 20 uti
421 659 124 21 ständernas
561 659 6 21 i
582 660 64 20 saken
662 659 121 27 afgifvande
798 665 48 15 svar
853 659 102 22 särskildt
964 659 70 22 skulle

212 687 124 21 framhållas
359 688 25 20 de
407 688 186 26 omständigheter,
610 688 108 26 angående
734 688 81 20 hvilkas
832 688 153 22 omnämnande
1001 691 33 18 ut-

213 716 80 21 skottet
308 716 7 21 i
330 716 38 21 sitt
382 716 132 21 betänkande
531 716 37 21 sid.
585 717 12 20 6
613 716 66 22 andra
695 716 82 28 stycket
793 716 127 22 hemställer.

282 858 119 28 Föredrogs
417 858 240 28 bevillningsutskottets
672 858 134 22 betänkande
822 865 33 15 n:o
873 862 8 18 1
900 860 7 20 i
919 859 116 27 anledning

213 886 22 22 af
257 887 58 22 Hans
338 886 116 28 Kejserliga
478 887 108 27 Majestäts
602 888 76 26 nådiga
693 888 133 27 proposition
838 888 108 27 angående
963 888 70 22 bevill-

214 915 122 28 ningsafgift
351 915 32 22 för
398 916 71 21 tobak.

281 972 80 22 Härvid
376 973 72 21 anhöll

282 1030 55 21 Herr
346 1030 36 22 Gr
390 1030 77 22 önvik
478 1036 33 16 om
521 1032 60 20 ordet
589 1030 40 22 och
639 1031 94 27 yttrade:
749 1030 234 27 Bevillningsutskottet
994 1031 42 22 har

211 1059 7 21 i
234 1059 37 21 sitt
294 1059 133 21 betänkande
443 1059 6 21 i
465 1059 137 21 förevarande
625 1059 59 27 fråga
705 1059 63 22 bland
784 1062 65 19 annat
863 1060 93 26 påpekat
971 1060 64 22 huru-

212 1094 46 15 som
281 1088 40 21 den
338 1087 72 27 tobak,
426 1094 45 14 som
487 1088 33 21 för
535 1089 131 21 närvarande
680 1088 61 27 ingår
754 1089 5 20 i
776 1088 168 26 konsumtionen,
960 1088 32 22 till
1008 1094 26 16 en

213 1118 46 20 stor
275 1116 33 21 del
323 1118 87 26 utgöres
424 1117 22 21 af
460 1117 134 21 amerikansk
609 1117 69 27 stjelk,
695 1117 84 21 hvilken
796 1117 31 21 till
842 1116 52 28 följd
909 1117 22 22 af
944 1117 37 21 sitt
992 1117 44 21 rin-

212 1151 51 20 gare
278 1145 44 27 pris
338 1146 38 20 har
392 1145 80 22 kunnat
487 1146 60 21 bestå
562 1146 158 21 konkurrensen
737 1146 46 21 med
800 1146 39 21 den
850 1146 62 26 ryska
924 1146 110 22 bladtoba-

212 1174 48 20 ken.
291 1173 77 22 Tillika
384 1173 38 22 har
440 1174 230 27 bevillningsutskottet
685 1174 92 27 upplyst,
793 1177 32 19 att
841 1181 24 15 en
881 1175 23 20 af
918 1175 117 21 detsamma

212 1203 53 20 hörd
289 1206 73 24 expert
383 1203 42 21 fäst
445 1203 213 27 uppmärksamheten
674 1203 40 27 vid,
730 1206 32 19 att
777 1209 25 15 en
819 1203 104 27 rubbning
938 1203 23 22 af
975 1203 59 22 detta

210 1230 134 23 förhållande
364 1231 68 22 skulle
455 1232 84 21 komma
559 1235 32 18 att
609 1231 107 23 förorsaka
733 1235 30 18 ett
779 1233 145 26 nedåtgående
940 1232 22 21 af
975 1232 59 22 såväl

211 1259 130 22 fabrikatens
364 1261 87 26 gvalitet
481 1267 44 15 som
555 1261 137 21 statsverkets
724 1261 120 21 beräknade
872 1261 117 22 inkomster
1011 1261 26 21 af

211 1288 226 27 tobaksbevillningen.
460 1289 48 22 Men
525 1290 76 21 sädant
616 1289 88 22 oaktadt
719 1289 39 22 och
774 1292 50 18 utan
840 1292 32 19 att
887 1290 104 21 utskottet
1005 1290 30 27 pä

211 1317 66 27 nägot
299 1319 43 19 sätt
364 1317 119 27 motiverat,
507 1317 96 22 hvarföre
622 1317 117 22 detsamma
755 1318 79 21 lemnat
849 1320 110 25 expertens
974 1323 60 21 nyss-

211 1345 90 21 berörde
316 1346 110 20 uttalande
442 1348 49 18 utan
508 1347 105 25 afseende,
628 1346 38 20 har
682 1346 106 20 utskottet
802 1346 103 26 tillstyrkt
914 1346 121 25 antagande

211 1372 22 20 af
248 1372 39 21 den
302 1372 83 28 Nädiga
401 1373 157 27 propositionen
574 1373 135 21 oförändrad.
735 1373 49 21 Med
795 1374 106 20 anlitande
912 1373 23 21 af
945 1374 24 20 de
980 1379 52 21 upp-

211 1400 108 28 lysningar
334 1401 6 21 i
357 1403 77 24 ämnet,
452 1407 44 16 som
515 1402 71 21 kunna
601 1401 81 22 hemtas
698 1400 45 23 dels
759 1401 45 22 frän
820 1402 157 27 propositionen
993 1401 40 22 och

211 1429 115 22 utskottets
343 1430 139 25 betänkande,
499 1430 44 22 dels
559 1430 46 22 från
621 1431 176 21 skattekomitens
809 1430 117 26 utlåtande,
937 1431 96 21 kommer

210 1464 49 16 man
283 1459 53 21 dock
352 1459 33 21 till
401 1458 35 22 det
452 1459 95 27 resultat,
563 1462 32 19 att
611 1460 38 21 den
666 1460 62 26 ryska
744 1459 149 27 bladtobaken,
908 1466 45 15 som
966 1460 67 26 jemte

210 1487 39 22 tull
272 1487 77 22 hittills
371 1488 39 21 har
431 1488 52 22 stått
499 1488 6 21 i
521 1491 31 19 ett
567 1488 43 26 pris
625 1488 23 21 af
663 1489 11 20 7
691 1488 60 22 mark
767 1490 27 20 40
809 1489 63 27 penni
888 1494 37 22 per
941 1488 92 28 lispund,

210 1516 55 22 efter
279 1516 169 28 propositionens
464 1516 153 28 godkännande
633 1517 66 22 skulle
715 1518 86 21 komma
817 1520 31 19 att
864 1518 62 22 kosta
936 1518 25 21 10
971 1517 60 22 mark
