1128 1803
304 121 179 21 Borgareståndet
496 122 56 17 1882.
577 122 24 17 10
613 121 103 18 februari.”
877 117 41 19 247
926 116 12 12 ?

100 197 29 14 nu
144 189 132 22 existerande
292 189 125 22 industriela
429 189 50 22 verk
489 190 52 21 eller
551 189 221 22 handtverksrörelser
782 189 61 22 deraf
850 189 68 22 skulle

99 219 92 21 beröras.

167 247 42 26 Jag
223 246 33 21 fär
270 247 82 21 derföre
368 247 131 21 fortfarande
515 247 120 28 ödmjukast
650 247 90 25 anhälla,
756 248 33 19 att
804 247 47 20 mitt
865 246 53 27 peti-

97 274 167 23 tionsmemorial
279 275 71 26 måtte,
369 275 2 21 i
387 275 100 22 händelse
503 275 35 22 det
553 276 78 20 vinner.
640 275 95 21 ständets
746 275 68 24 bifall,
824 275 94 21 remitte-

99 310 34 15 ras
155 303 31 22 till
210 306 31 19 ett
263 303 87 22 allmänt
374 304 80 21 utskott
476 303 40 22 och
539 304 58 21 detta
618 303 48 22 mitt
680 303 136 26 andragande
830 303 7 21 i
852 303 66 22 sädan

98 332 61 26 form,
175 333 36 21 det
225 339 28 14 nu
269 332 119 27 föreligger,
405 332 21 21 få
440 332 72 27 åtfölja
529 332 100 22 remissen
645 331 33 22 till
693 332 110 21 utskottet.

166 389 56 22 Herr
236 389 174 21 Rönnbäck:
433 390 40 26 Jag
489 389 54 22 hade
563 390 96 27 hoppats,
675 392 31 20 att
722 389 49 22 herr
786 388 64 23 Göös
864 390 53 26 peti-

98 418 134 27 tionsförslag
255 418 68 22 skulle
344 418 56 21 inom
422 418 179 27 Borgareståndet
624 418 21 22 få
668 424 25 16 en
715 418 57 22 stilla
787 418 129 27 begrafning,

97 453 48 16 men
160 447 98 21 eftersom
282 453 47 15 man
346 453 27 15 nu
394 447 60 26 gifvit
469 448 132 21 ceremonien
617 454 24 14 en
658 447 40 21 viss
714 447 113 21 solennitet
841 453 75 21 genom

97 478 32 19 att
151 476 129 21 underkasta
302 476 116 26 petitionen
440 482 25 14 en
482 476 127 27 långdragen
632 476 118 22 diskussion
766 476 93 22 önskade
872 476 44 27 jag,

97 507 33 19 att
145 505 40 21 den
201 504 89 27 dyrbara
306 504 36 26 tid,
358 510 44 15 som
418 504 58 22 såväl
491 504 59 22 detta
565 511 45 15 som
622 504 65 26 öfriga
699 504 61 22 stånd
771 505 67 21 under
849 505 68 21 denna

96 533 101 27 landtdag
220 532 62 22 hafva
297 534 32 20 att
351 533 95 21 använda
462 533 28 27 på
504 533 66 21 andra
585 534 69 24 saker,
670 533 46 21 icke
731 533 66 21 måtte
813 536 103 24 upptagas

95 568 76 20 genom
195 561 71 22 vidare
289 561 117 22 diskussion
429 561 58 22 öfver
510 562 58 21 detta
583 562 79 27 förslag
677 562 38 21 och
732 562 47 21 dess
795 562 74 21 remiss
883 562 33 21 till

96 590 89 22 utskott.
215 590 41 27 Jag
279 592 24 19 är
325 590 123 27 öfvertygad
469 597 40 19 om,
524 593 32 19 att
577 592 40 20 den
639 590 169 28 medeltidsvind,
823 596 44 16 som
883 590 33 22 för

95 619 133 21 närvarande
249 619 70 21 blåser
334 619 5 21 i
355 620 36 20 det
406 622 59 18 stora
479 619 55 21 riket
549 620 62 21 söder
627 626 33 15 om
676 619 109 27 Östersjön
800 619 39 21 och
855 619 61 21 hvar-

95 648 55 21 ifrån
166 655 25 14 en
207 647 53 22 fläkt
280 648 72 27 tyckes
368 647 61 22 hafva
444 648 89 21 kommit
548 648 54 22 ända
618 648 33 21 till
666 648 119 27 Jyväskylä,
801 648 54 21 dock
869 648 47 21 icke

96 676 54 21 skall
165 677 63 21 hafva
248 678 72 25 trängt
335 676 73 22 vidare
423 677 6 20 i
446 677 46 20 vårt
508 677 54 26 land,
579 680 50 19 utan
645 679 33 19 att
693 677 105 26 vällofliga
812 677 104 26 Borgare-

94 705 87 21 ståndet
196 705 87 21 allmänt
299 705 39 21 och
354 705 101 27 enhälligt
471 712 61 14 anser
548 706 79 21 sådana
643 705 78 27 försök,
738 712 44 14 som
798 706 36 20 det
845 706 7 20 i
862 705 53 27 peti-

95 734 159 26 tionsförslaget
275 734 80 26 gjorda,
371 734 46 20 icke
440 733 89 27 förtjena
551 735 38 20 den
608 734 193 27 uppmärksamhet,
815 736 32 19 att
861 734 54 26 peti-

95 762 158 26 tionsförslaget
268 762 68 21 skulle
350 762 32 21 till
398 762 81 22 utskott
495 763 125 21 remitteras.

163 818 55 22 Herr
242 819 128 21 Kurtén:
394 819 32 21 Då
443 825 46 15 man
511 819 65 27 begär
594 819 88 27 ändring
698 819 22 21 af
734 826 24 14 en
775 820 40 26 lag,
832 819 83 24 fordrar

93 848 35 20 väl
150 847 190 27 nödvändigheten,
356 850 31 18 att
410 854 47 14 man
473 847 110 22 framvisar
605 848 65 27 något
684 850 69 18 större
769 848 28 21 fel
811 848 39 20 hos
865 848 49 20 den-

94 882 87 15 samma.
213 876 42 22 Vår
278 876 120 26 näringslag
420 876 173 26 promulgerades
616 876 39 22 den
678 876 26 22 31
725 876 57 21 Mars
807 876 51 21 1879
875 875 40 22 och

93 904 76 22 trädde
185 905 5 21 i
206 904 57 22 kraft
281 905 39 21 den
339 906 53 20 1:sta
406 904 87 22 Januari
511 906 60 20 1880.
602 905 41 21 Det
659 907 23 19 är
697 904 82 22 således
792 905 68 27 jemnt
875 904 39 22 och

94 936 47 19 nätt
156 934 37 21 två
207 934 23 21 år
254 933 121 22 densamma
396 933 55 21 varit
469 934 103 25 gällande.
604 934 72 21 Skulle
692 934 179 26 Borgareståndet
886 940 29 14 nu

93 963 110 21 remittera
225 962 36 21 det
283 962 161 26 ifrågavarande
467 962 204 27 petitionsförslaget
694 962 31 22 till
742 965 30 19 ett
787 962 88 26 utskott,
891 963 24 21 så

95 992 68 21 skulle
185 991 181 27 Borgareståndet
381 992 5 20 i
403 991 38 21 och
465 992 46 20 med
529 992 115 20 detsamma
660 991 62 21 hafva
737 991 61 28 gifvit
814 994 31 18 ett
860 992 54 20 stort

93 1020 161 22 klandervotum
278 1020 22 21 åt
315 1025 70 16 senast
408 1020 127 21 församlade
551 1020 91 25 ständer,
659 1026 44 15 som
719 1020 112 26 godkände
847 1020 68 21 denna

93 1050 40 25 lag.
164 1048 30 28 Ty
217 1048 86 22 alldeles
326 1048 105 27 sjelffallet
453 1050 23 20 är
489 1049 30 27 ju,
535 1051 32 19 att
589 1048 153 26 verkningarna
757 1048 21 22 af
792 1049 122 21 densamma

92 1080 57 19 ännu
165 1078 46 21 icke
227 1078 61 20 hafva
307 1078 81 20 kunnat
410 1077 64 21 blifva
489 1078 87 26 synliga.
606 1078 45 20 Den
668 1078 66 21 måste
756 1077 82 22 således
853 1076 61 22 hafva

92 1108 37 25 egt
144 1106 65 27 något
231 1106 96 27 grundfel
343 1112 45 15 som
412 1112 46 15 man
474 1112 28 14 nu
522 1106 108 27 upptäckt.
661 1105 48 22 Men
723 1106 37 26 jag
775 1105 71 28 frågar
860 1105 54 22 Her-

93 1141 71 15 rarne:
181 1135 61 20 hafva
265 1135 107 20 Herrarne
387 1135 6 20 i
410 1135 34 21 det
460 1135 97 26 upplästa
573 1134 202 27 petitionsförslaget
791 1135 50 21 eller
856 1135 8 20 i
879 1134 36 21 det

91 1169 76 16 senare
181 1163 74 27 gjorda
270 1163 104 21 försvaret
390 1163 76 26 derför,
482 1163 81 22 kunnat
578 1163 56 21 finna
649 1163 36 21 det
700 1163 93 26 ringaste
808 1163 59 21 bevis
883 1162 32 21 för

92 1192 65 27 något
173 1192 87 21 sådant?
277 1186 134 27 Åtminstone
426 1192 38 21 har
480 1194 31 19 ett
526 1192 75 21 sådant
618 1191 57 22 bevis
691 1192 90 26 undgått
796 1191 48 26 mig.
873 1191 41 27 Jag

92 1221 68 21 skulle
183 1220 71 21 derför
276 1221 46 21 icke
346 1220 70 22 vidare
439 1220 62 21 hafva
517 1221 74 26 begärt
607 1221 60 21 ordet
682 1221 6 20 i
704 1220 68 22 denna
787 1219 65 26 fråga,
868 1226 46 15 som

90 1250 38 27 jag
143 1255 63 16 anser
221 1255 49 16 vara
287 1249 123 27 tillräckligt
426 1249 121 22 diskuterad
563 1249 45 22 från
622 1249 25 22 de
658 1255 110 21 personers
780 1249 52 25 sida,
843 1248 71 21 hvilka

92 1278 63 21 hafva
171 1284 79 15 samma
265 1279 62 26 åsigt,
343 1284 44 15 som
401 1278 46 27 jag;
463 1284 46 15 men
523 1279 36 26 jag
575 1278 66 27 ansåg
656 1279 42 25 mig
713 1281 93 23 tvungen
821 1279 31 19 att
863 1279 52 24 göra

91 1307 44 25 det,
151 1307 32 21 för
199 1307 35 21 det
256 1309 77 24 ytterst
356 1307 173 21 nedstämmande
548 1307 138 25 vittnesbörd,
702 1312 44 15 som
762 1305 45 28 gafs
823 1312 33 15 om
871 1307 43 20 stä-

92 1335 77 22 dernas
185 1335 162 21 handtverkare.
377 1335 43 21 För
435 1335 42 21 min
493 1336 33 20 del
542 1335 41 21 kan
595 1335 37 26 jag
647 1335 46 21 icke
708 1335 113 21 instämma
836 1335 7 20 i
855 1335 59 20 detta

93 1363 139 22 vittnesbörd.
262 1363 40 27 Jag
327 1364 38 21 har
390 1366 91 19 tvärtom
506 1364 75 25 funnit,
605 1366 32 19 att
661 1362 182 23 handtverkarene
868 1363 46 26 gått

93 1392 84 26 framåt,
200 1392 127 21 åtminstone
350 1392 27 27 på
393 1392 39 21 den
455 1395 34 18 ort
506 1393 36 26 jag
563 1392 40 21 har
618 1393 51 20 äran
692 1394 151 24 representera.
873 1391 41 21 Väl

93 1421 39 21 har
145 1421 36 25 jag
197 1421 47 20 hört
267 1428 25 14 en
309 1421 38 21 och
363 1428 68 14 annan
447 1421 63 25 klaga
525 1421 64 25 öfver,
605 1424 31 18 att
651 1420 53 22 hans
719 1420 134 22 verksamhet
868 1421 46 25 gått

93 1448 73 26 nedåt;
183 1455 47 14 men
243 1449 36 26 jag
295 1448 39 21 har
349 1448 6 20 i
371 1448 105 26 egenskap
492 1449 23 20 af
528 1448 156 26 taxeringsman
700 1448 54 21 ända
770 1447 46 22 från
826 1447 24 21 år
860 1449 53 20 1862

93 1489 27 2 —
130 1483 33 14 om
179 1477 63 20 också
257 1477 46 20 icke
318 1477 6 20 i
340 1482 26 15 en
382 1476 142 26 fortsättning,
533 1477 24 20 så
572 1476 64 21 likväl
653 1476 46 21 med
718 1476 20 21 få
753 1476 127 21 mellanskof
886 1487 28 4 —

93 1505 56 22 ända
164 1504 82 29 hittills,
262 1505 55 22 varit
332 1505 5 21 i
354 1504 83 23 tillfälle
453 1507 32 19 att
500 1505 73 27 pröfva
588 1504 73 22 skälen
676 1504 33 22 för
725 1504 61 22 dessa
800 1503 113 28 klagomål,
