1125 1817
313 135 179 19 Borgareständet
506 135 54 17 1882.
584 135 13 16 4
610 134 97 18 februari.
895 129 25 20 91

101 203 127 27 näringarna
243 203 72 21 afsedd
331 203 130 26 läroanstalt,
479 209 46 16 men
538 203 68 27 nägon
620 203 91 21 kontroll
728 202 57 22 öfver
795 204 32 20 att
838 202 24 22 sä
874 203 48 21 sker

100 231 67 21 finnes
180 231 46 21 icke
237 231 116 22 anordnad.
373 232 154 26 Näringslagen
537 232 38 21 har
586 231 138 22 öfverlemnat
736 232 23 20 ät
771 231 150 28 yrkesidkaren

101 262 32 20 att
148 260 117 21 bestämma
281 260 151 26 arbetsdagens
448 260 62 26 längd
526 260 38 22 och
578 260 36 22 det
626 260 94 21 faktiska
731 262 24 18 är
765 262 32 19 att
807 260 7 21 i
825 260 25 20 de
861 259 61 22 flesta

100 289 72 26 yrken,
189 288 128 22 ätminstone
333 289 56 21 vissa
405 289 55 21 tider
475 289 22 21 af
511 289 46 21 äret
572 289 64 26 nägot
648 288 82 22 tillfälle
742 290 31 19 att
784 288 79 22 besöka
873 288 47 22 sko-

102 317 35 27 lan
152 316 27 28 pä
195 317 212 27 hvardagsgvällarne
423 317 46 22 icke
484 317 112 21 förefinnas
611 317 33 21 för
656 317 101 27 lärlingar
767 316 38 22 och
817 316 104 22 arbetare.

100 340 98 34 Öyskliot
209 352 50 15 vore
270 346 83 22 derföre
364 348 32 19 att
406 346 31 21 uti
448 346 162 27 näringslagen
605 346 84 27 inginge
700 345 130 27 stadganden
841 345 79 22 derom,

100 377 32 19 att
142 359 73 47 hvarje
230 375 138 27 yrkesidkare
383 374 51 22 eller
449 374 113 28 fabrikant,
573 381 44 15 som
633 374 106 22 använder
755 373 100 29 lärlingar
871 374 50 21 eller

99 404 113 27 omyndiga
232 404 104 26 arbetare,
352 404 67 21 borde
439 410 51 15 vara
508 392 81 39 skyldig
608 405 31 20 att
654 404 80 26 styrka,
749 404 36 20 det
801 403 120 22 arbetstim-

100 438 72 16 marne
190 434 37 19 äro
246 432 24 22 så
288 421 94 33 ordnade
403 435 31 19 att
453 433 97 21 arbetare
567 432 38 22 och
621 432 100 26 lärlingar
736 432 88 21 beredes
839 432 82 21 tillfälle

101 463 32 20 att
151 461 79 22 besöka
247 461 196 26 handtverksskola,
459 463 31 20 att
507 462 30 21 uti
553 461 50 22 aftal
619 467 33 16 om
668 461 78 21 sådana
763 461 108 22 arbetares
883 459 37 22 och

100 489 112 28 lärlingars
227 490 119 27 antagande
362 490 65 21 borde
443 490 82 27 intagas
541 490 120 27 skyldighet
675 490 33 21 för
724 489 61 22 dessa
801 491 30 20 att
842 489 79 21 besöka

101 518 137 22 oftanämnde
253 519 78 25 skolor,
345 519 107 21 äfvensom
463 521 32 19 att
506 519 32 20 till
549 519 103 21 vinnande
663 518 21 21 af
694 518 65 27 gesäll
770 518 39 22 och
820 519 101 20 mästare-

101 547 110 28 värdighet
229 547 65 22 borde
309 548 84 21 fordras
407 548 63 27 betyg
486 547 57 22 öfver
558 547 157 28 genomgången
731 547 50 21 kurs
795 547 35 21 vid
845 546 75 22 handt-

100 577 128 21 verksskola.

168 605 40 26 Jag
231 605 65 26 vågar
319 605 55 26 förty
395 605 38 21 hos
453 605 111 26 Väliofliga
582 605 180 26 Borgareständet
778 605 91 25 anhälla,
885 604 36 21 det

100 634 178 26 Borgareständet
299 634 48 21 ville
362 634 40 21 hos
417 634 58 21 Hans
491 633 116 27 Kejserliga
622 633 106 27 Majestät,
744 633 101 21 Finlands
861 633 59 21 Stor-

102 662 72 25 furste,
198 663 5 20 i
227 662 167 27 underdänighet
417 662 84 22 anhälla
524 665 31 18 att
578 662 121 22 fackskolor
718 662 33 21 för
773 661 148 22 arbetarene
905 657 20 37 i

101 691 201 21 handtverkerierna
323 691 38 21 och
382 691 121 21 fabrikerna
519 691 5 21 i
541 691 146 25 hufvudsaklig
704 689 217 22 öfverensstämmelse

101 720 47 21 med
167 719 155 22 ofvannämnda
337 719 78 27 förslag
431 720 88 21 rörande
536 719 207 26 handtverksskolor,
761 720 64 21 mätte
840 719 23 21 sä
879 718 41 22 fort

100 754 45 15 som
161 748 81 27 möjligt
258 749 89 20 inrättas
362 748 39 21 och
417 749 5 20 i
438 748 150 27 sammanhang
601 748 85 22 dermed
702 750 38 23 att,
756 748 69 21 derest
840 747 80 22 sådana

100 777 72 22 skolor
192 777 86 21 komma
299 777 31 21 till
350 777 69 22 stånd.
435 777 73 27 nödigt
523 777 79 26 förslag
617 776 31 22 till
664 777 90 26 ändring
769 776 39 22 och
824 776 73 27 tillägg
913 776 6 21 i

100 805 152 28 Näringslagen
268 806 22 21 af
304 806 39 21 den
360 807 25 20 31
403 805 56 22 Mars
477 807 53 20 1879
546 807 6 20 i
566 805 137 27 ofvanantydt
716 805 55 27 syfte
784 806 65 20 mätte
862 807 57 19 näst-

100 835 198 21 sammanträdande
321 835 90 21 Ständer
431 835 5 21 i
459 835 64 21 näder
544 834 122 27 föreläggas.
698 833 137 28 Helsingfors,
852 834 39 21 den
907 835 13 19 4

100 863 103 22 Februari
220 863 60 22 1882.

661 920 21 21 C.
698 920 26 21 B.
740 919 110 28 Federley.

167 1008 30 21 På
209 1007 78 27 förslag
299 1007 23 22 af
331 1007 49 22 herr
417 1007 125 27 Federley
554 1007 146 22 remitterades
711 1006 207 27 petitionsförslagen

101 1037 33 21 till
152 1037 111 21 Allmänna
279 1035 201 22 Besvärsutskottet.

168 1181 55 21 Herr
244 1181 115 20 Berner
382 1181 96 26 uppläste
501 1183 30 19 ett
553 1179 209 28 petitionsmemoria]
785 1179 22 22 af
828 1179 92 27 följande

98 1209 89 28 lydelse:

326 1267 39 21 Till
381 1266 112 27 Vällofiiga
509 1266 184 28 Borgareständet.

167 1324 45 21 Hos
235 1323 104 27 vällofliga
362 1323 89 22 Ständet
474 1323 93 22 anhäller
588 1323 37 27 jag
646 1326 32 18 att
699 1322 20 21 fä
736 1323 53 21 fästa
805 1323 47 21 dess
867 1329 53 20 upp-

97 1353 145 21 märksamhet
263 1353 33 21 vid
316 1355 30 18 ett
367 1352 188 25 missförhällande,
572 1352 62 21 hvars
655 1351 133 27 afhjelpande
809 1351 23 21 är
849 1351 32 21 för
897 1352 23 20 är

97 1380 69 23 blifvit
188 1383 31 19 ett
242 1380 38 22 allt
304 1386 95 16 varmare
422 1369 155 38 önskningsmäl
601 1381 18 26 ej
639 1380 89 21 allenast
744 1380 33 21 för
792 1379 91 22 flertalet
899 1380 23 20 af

98 1410 127 21 invänarene
248 1410 6 20 i
277 1410 40 20 den
338 1410 48 21 stad
403 1409 35 27 jag
457 1410 38 20 har
511 1411 49 19 äran
576 1411 151 25 representera,
745 1412 50 18 utan
811 1408 60 22 äfven
887 1408 32 22 för

99 1439 26 19 de
139 1438 59 20 fleste
215 1438 22 20 af
251 1438 31 20 S:t
298 1438 89 20 Michels
402 1438 46 20 läns
463 1438 66 25 öfrige
542 1438 120 26 inbyggare.
683 1438 41 20 Det
735 1436 184 22 missförhällande

96 1466 36 27 jag
143 1466 80 32 äsyftar
234 1466 70 20 bestär
317 1466 69 21 deruti
397 1467 32 19 att
440 1465 247 27 undervisningsspräket
699 1465 32 21 vid
744 1464 35 21 det
790 1464 54 22 enda
854 1464 65 32 högre

97 1494 98 22 läroverk
218 1494 5 20 i
249 1493 89 22 berörda
360 1494 60 21 delar
440 1493 24 21 af
481 1493 78 27 landet,
576 1493 34 21 det
631 1493 124 27 sjuklassiga
776 1494 67 26 lyceet
863 1493 5 20 i
887 1492 31 22 S:t

98 1523 88 21 Michels
203 1522 53 27 stad,
272 1524 23 20 är
311 1523 92 21 svenskt.
