1123 1809
306 120 176 21 Borgareståndet
494 121 56 17 1882.
576 121 22 17 18
610 125 61 13 mars.
857 114 42 21 537

79 189 95 22 deremot
193 189 7 21 i
216 188 89 22 Finland
321 188 72 22 siffran
408 190 82 26 uppgår
505 189 33 21 till
554 190 69 25 5,000,
640 189 86 22 hvarför
742 188 135 28 dödligheten
893 190 6 20 i

79 218 59 21 detta
160 217 99 22 afseende
281 218 6 21 i
310 218 91 21 Finland
425 218 81 22 således
530 220 23 20 är
576 218 40 22 fem
641 218 78 27 gånger
737 218 97 21 starkare
850 219 25 19 än
893 218 5 20 i

79 246 91 27 Sverige.
201 247 10 21 I
227 246 79 26 länder,
323 246 37 22 der
376 247 35 21 det
426 247 67 21 finnes
509 249 55 19 ännu
580 249 68 20 större
665 246 88 28 tillgång
769 247 26 26 på
804 246 93 22 vaccina-

78 277 65 25 törer,
159 276 70 21 såsom
246 278 14 18 t.
277 282 31 15 ex.
324 275 113 27 Tyskland,
453 276 56 21 visar
525 276 127 26 statistiken,
669 278 32 18 att
711 276 120 26 koppornas
843 275 56 27 härj-

79 304 74 27 ningar
176 304 123 22 reducerats
322 304 31 21 till
377 306 74 19 nästan
468 307 31 18 ett
514 305 112 21 minimum.
658 304 10 21 I
684 305 60 26 tyska
759 304 67 21 rikets
841 306 58 19 stora

80 333 71 21 städer
173 333 48 21 med
245 339 25 15 en
293 332 124 27 befolkning
440 333 20 21 af
483 333 128 21 tillsamman
636 333 113 26 7,500,000
765 332 133 25 innevånare,

79 362 54 27 dogo
151 362 106 26 nämligen
273 362 67 20 under
355 362 24 20 år
395 362 54 21 1877
465 362 26 20 42
509 368 107 20 personer,
631 362 68 21 under
713 362 24 21 år
751 362 52 21 1878
814 362 27 20 33
851 367 48 21 per-

80 396 61 16 soner
156 391 39 21 och
210 390 67 22 under
292 390 23 21 år
333 391 53 21 1879
403 390 26 21 60
445 396 100 21 personer
559 390 7 21 i
582 390 88 28 koppor.

147 419 94 21 Anförda
256 419 69 21 siffror
340 418 61 22 torde
416 418 81 22 således
514 419 156 25 otvifvelaktigt
686 419 43 21 tala
744 418 39 26 för,
792 420 31 19 att
834 419 65 21 vacci-

80 447 185 22 nationsväsendet
288 448 5 20 i
321 447 90 21 Finland
427 448 46 21 icke
489 449 24 19 är
529 447 194 22 tillfredsställande
739 449 54 19 samt
809 449 32 19 att
856 449 43 19 sär-

80 476 64 22 skildt
161 477 47 21 dess
224 476 85 21 relativt
324 476 59 26 ringa
399 476 128 27 utbredning
541 476 62 27 gjort,
620 478 31 20 att
667 476 102 21 förlusten
785 475 21 21 af
821 476 79 20 männi-

80 505 66 21 skolif
167 506 6 20 i
194 505 47 21 vårt
257 505 49 21 land
323 505 5 21 i
342 504 121 28 jemförelse
479 506 47 20 med
543 505 65 21 andra
625 504 73 22 länder
713 504 40 22 blir
769 504 80 26 ganska
864 505 36 20 be-

80 534 72 27 tydlig,
170 534 90 21 likasom
276 534 60 20 äfven
353 536 32 18 att
401 534 68 21 denna
481 533 83 24 förlust,
580 534 26 21 då
622 534 96 21 enskilda
728 533 103 26 landskap
842 533 57 21 inom

80 564 47 20 vårt
142 562 49 22 land
204 562 101 27 jemföras
321 563 47 21 med
384 562 126 26 hvarandra,
526 562 93 22 befinnes
630 562 63 21 hafva
705 562 54 21 varit
769 564 68 19 större
849 562 51 21 eller

80 592 81 21 mindre
184 592 6 20 i
213 591 133 21 förhållande
369 591 31 21 till
423 592 169 21 vaccinationens
614 593 69 20 större
703 590 51 22 eller
769 591 81 21 mindre
866 593 34 18 ut-

81 620 106 26 bredning.
219 620 48 21 Men
292 620 61 21 dessa
375 620 69 21 siffror
464 621 73 26 tyckas
554 621 41 26 mig
610 620 131 27 ådagalägga
757 620 64 26 något
837 625 63 15 mera.

80 650 32 20 De
134 650 74 23 utvisa,
230 652 31 18 att
277 649 76 21 medan
370 650 157 20 vaccinationen
543 650 66 20 under
625 648 125 27 föregående
767 648 110 21 decennier
893 648 6 20 i

81 678 47 21 vårt
150 679 48 20 land
220 678 152 26 jemförelsevis
395 678 98 26 lyckades
508 677 86 22 hämma
610 677 173 27 koppepidemier
798 677 6 21 i
820 676 81 27 ganska

80 706 42 27 hög
137 707 59 27 grad,
213 706 38 22 har
266 712 26 15 nu
309 706 27 27 på
351 712 73 15 senare
441 706 54 22 tider
511 709 30 18 ett
557 706 112 26 märkeligt
685 705 170 27 tillbakagående
866 707 35 23 egt

81 741 51 15 rum.
164 735 96 21 Orsaken
283 734 73 22 härtill
380 736 72 26 tyckes
475 736 42 25 mig
534 735 45 21 icke
596 740 49 15 vara
661 734 70 21 tvifvel
747 734 152 24 underkastad;

82 764 34 20 det
132 766 23 18 är
172 764 153 26 ovedersägligt
341 764 39 20 den
396 763 187 26 omorganisation,
600 769 44 15 som
657 762 244 22 vaccinationsväsendet

81 792 41 21 fått
144 798 74 21 genom
242 792 140 26 kungörelsen
405 792 20 21 af
446 792 39 21 den
511 794 25 19 18
559 792 95 22 Oktober
678 792 59 20 1859.
766 791 75 21 Denna
856 797 45 15 om-

81 822 144 25 organisation
250 821 38 20 har
311 820 44 22 helt
378 821 73 21 säkert
466 821 6 21 i
488 821 42 21 alla
546 821 134 21 hänseenden
696 820 55 21 varit
767 819 132 27 misslyckad.

82 850 31 20 De
136 850 90 21 resultat
247 850 35 26 jag
305 850 106 20 framstält
434 850 68 20 utvisa
518 850 63 20 detta.
611 849 40 27 Jag
667 849 67 21 måste
750 849 103 25 bekänna,
869 850 33 19 att

80 878 35 27 jag
137 878 67 22 under
224 879 80 21 sådana
320 878 145 22 förhållanden
481 878 54 21 hade
551 878 73 22 beredt
641 878 42 27 mig
697 878 28 27 på
740 879 31 20 att
786 878 21 21 få
825 884 27 19 se,
869 879 33 18 att

81 908 111 23 utskottet,
215 914 44 15 som
280 908 59 20 äfven
356 907 56 22 klart
427 907 64 22 insett
507 908 65 26 detta,
588 907 67 22 skulle
671 907 56 21 rikta
743 907 29 21 sin
790 906 110 28 uppmärk-

83 936 81 22 samhet
188 937 27 26 på
238 939 32 18 att
292 936 132 26 undanrödja
447 937 61 20 dessa
530 936 196 22 missförhållanden
750 936 6 20 i
775 935 98 21 afseende
889 935 13 20 å

82 965 177 27 organisationen,
283 972 46 14 men
352 965 46 21 icke
421 965 94 21 deremot
538 966 56 20 rikta
617 965 120 20 restriktiva
758 964 78 26 lagbud
861 964 40 20 och

82 994 130 27 stadganden
235 997 43 17 mot
301 1000 25 15 en
342 994 122 23 allmänhet,
482 1000 44 15 som
543 993 114 27 veterligen
673 993 62 27 ingen
751 994 62 20 skuld
828 992 73 22 härtill

82 1022 44 26 har,
150 1022 127 22 åtminstone
302 1022 128 27 ådagalägga
453 1022 46 21 icke
515 1023 24 21 de
555 1022 69 21 siffror
637 1022 36 26 jag
689 1022 75 24 anfört,
780 1025 31 18 att
827 1022 36 20 det
878 1022 23 20 är

82 1051 154 21 allmänhetens
259 1052 68 23 skuld,
350 1054 31 18 att
403 1051 157 21 vaccinationen
576 1052 46 25 gått
638 1050 95 26 tillbaka,
749 1052 51 19 utan
817 1050 43 20 visa
876 1050 26 20 de

82 1082 98 22 tvärtom,
197 1083 31 17 att
245 1080 26 21 då
287 1079 158 21 vaccinationen
463 1080 54 20 varit
532 1080 33 20 väl
581 1080 142 26 organiserad,
739 1078 39 22 har
793 1079 47 21 vårt
852 1078 50 21 land

82 1108 46 22 haft
149 1112 33 18 att
204 1109 68 21 förete
295 1108 43 21 lika
361 1108 54 27 goda
430 1108 89 22 resultat
534 1109 7 20 i
557 1108 98 22 afseende
670 1108 14 20 å
699 1108 142 26 dödligheten,
857 1113 45 15 som

82 1138 66 20 andra
171 1137 80 21 länder.
280 1137 40 27 Jag
342 1138 77 20 förstår
441 1138 53 25 icke,
517 1138 55 20 huru
596 1143 47 15 man
664 1137 47 21 med
731 1136 118 22 kännedom
867 1142 34 15 om

83 1166 61 21 dessa
165 1166 146 21 förhållanden
337 1168 70 19 ansett
429 1166 36 21 det
488 1172 49 15 vara
559 1166 73 26 nödigt
648 1168 31 18 att
695 1165 92 27 tillgripa
803 1164 99 28 åtgärder

83 1201 53 20 som,
158 1195 129 21 åtminstone
310 1194 69 22 såvidt
391 1195 37 27 jag
444 1195 41 21 kan
501 1201 28 18 se,
545 1196 23 20 af
582 1194 99 22 behofvet
697 1194 45 22 icke
758 1194 144 27 rättfärdigas.

82 1224 40 26 Jag
145 1224 67 21 måste
236 1224 69 21 derför
329 1224 99 25 förklara,
444 1226 31 18 att
488 1224 36 26 jag
540 1224 32 20 för
586 1224 132 21 närvarande
734 1223 45 21 icke
795 1224 41 20 kan
852 1222 50 27 god-

83 1253 69 21 känna
168 1252 120 22 införandet
303 1252 22 21 af
339 1252 139 26 obligatorisk
493 1253 138 25 vaccination,
648 1252 87 21 emedan
751 1252 66 21 sådan
828 1252 45 21 icke
883 1251 22 21 af

82 1280 160 22 förhållandena
258 1281 100 26 påkallas.
390 1281 59 21 Dock
464 1283 76 25 utgöra
555 1282 26 20 de
597 1280 74 26 siffror,
685 1281 36 27 jag
738 1280 44 21 haft
793 1282 50 19 äran
854 1280 49 21 åbe-

82 1316 52 20 ropa
157 1310 46 20 icke
226 1310 35 20 det
284 1310 111 26 vigtigaste
411 1310 45 20 skäl
473 1309 33 21 för
521 1310 42 25 mig
578 1312 32 19 att
625 1311 101 19 motsätta
741 1310 42 25 mig
799 1309 58 20 detta
872 1308 29 20 in-

82 1338 94 21 förande.
192 1350 27 2 —
236 1338 44 21 Här
302 1338 66 21 finnes
392 1338 106 21 dessutom
521 1344 24 14 en
568 1344 69 15 annan
661 1338 83 26 mycket
759 1338 65 25 vigtig
839 1336 64 26 siffra,

83 1373 44 15 som
139 1367 36 27 jag
190 1367 99 21 förvånar
306 1367 41 26 mig
363 1368 31 19 att
410 1366 45 21 icke
464 1366 69 21 blifvit
543 1369 107 24 upptagen
661 1366 22 21 af
693 1366 210 21 ekonomiutskottet.

82 1395 40 26 Jag
137 1395 37 21 ber
189 1395 108 26 nämligen
313 1397 32 19 att
361 1394 21 22 få
397 1395 87 21 hänvisa
499 1395 32 21 till
548 1394 225 27 medicinalstyrelsens
789 1394 115 21 berättelse

82 1423 33 21 för
138 1424 23 20 år
184 1424 62 20 1877.
277 1423 44 21 Der
344 1423 105 26 upplyses,
466 1426 33 18 att
514 1424 5 19 i
536 1423 58 21 detta
610 1423 48 21 land
675 1423 76 21 funnos
766 1423 24 20 år
806 1424 52 20 1861
877 1422 26 20 73

84 1452 149 25 vaccinatörer,
257 1452 23 20 år
304 1451 53 21 1869
381 1452 33 23 75,
437 1457 47 15 men
507 1451 24 20 är
553 1452 53 20 1877
621 1451 75 20 endast
712 1452 34 20 43.
777 1450 44 21 Här
836 1450 68 21 finnas

83 1479 81 21 således
181 1480 27 20 43
225 1480 144 20 vaccinatörer
385 1480 27 26 pä
427 1485 25 15 en
469 1478 121 27 befolkning
606 1478 24 21 af
645 1479 58 21 öfver
713 1479 12 20 2
737 1478 110 22 millioner.
871 1478 34 21 Då

83 1507 72 22 härtill
179 1508 102 26 kommer,
304 1510 32 19 att
359 1506 38 22 allt
419 1508 99 20 eftersom
542 1508 26 21 de
591 1506 58 23 äldre
665 1507 178 21 vaccinatriserna
858 1506 47 22 dött
