1120 1800
204 142 42 21 418
432 146 178 21 Borgareständet
623 146 56 17 1882.
704 146 19 16 11
736 150 61 13 mars.

205 215 102 26 Portugal
331 216 61 26 1833,
408 215 6 21 i
429 214 75 22 Italien
530 216 60 25 1857,
606 215 7 21 i
628 214 92 22 Holland
740 215 62 24 1857,
817 214 6 21 i
840 214 86 27 Belgien
944 215 59 23 1865,
1018 214 10 21 i

205 244 49 22 hela
269 244 61 28 tyska
345 244 55 21 riket
415 244 55 21 1867
487 250 18 15 o.
521 250 15 14 s.
552 250 18 14 v.

274 312 55 22 Herr
351 312 169 22 Wasenius:
544 311 107 27 Antagligt
666 313 24 19 är
705 312 40 26 väl,
761 314 32 18 att
808 318 32 14 om
856 311 101 21 Finlands
972 311 53 21 Bor-

205 341 113 28 gareständ
341 340 46 22 icke
409 340 68 22 skulle
498 340 63 21 hafva
582 342 32 19 att
632 342 48 24 taga
695 340 80 26 hänsyn
791 340 32 21 till
839 340 64 26 något
918 344 65 16 annat
998 341 29 19 än

206 371 33 21 sin
253 370 56 26 äsigt
324 370 7 20 i
347 369 138 21 förevarande
499 368 65 27 fräga,
576 368 135 27 pluraliteten
727 368 7 21 i
750 368 84 22 ständet
848 368 68 22 skulle
931 368 52 26 yrka
998 368 31 26 pä

205 400 87 20 räntans
308 397 131 27 fullkomliga
455 397 131 27 frigifvande.
617 396 49 22 Men
681 397 65 21 redan
763 397 39 21 den
818 396 136 27 enhällighet,
963 398 62 19 hvar-

206 427 48 21 med
276 426 139 26 lagutskottet
437 426 115 21 behandlat
574 426 40 21 den
636 426 76 26 nädiga
735 425 165 27 propositionen,
917 425 61 25 visar,
993 426 33 20 att

206 456 56 21 inom
285 455 104 21 utskottet
411 454 61 27 ingen
495 454 139 27 förhboppning
655 454 62 21 torde
739 453 125 22 förefunnits
887 460 41 17 om,
943 455 33 19 att
998 459 30 15 nu

206 484 72 21 kunna
293 483 122 27 genomföra
433 489 25 15 en
473 483 35 26 lag
523 489 34 15 om
572 485 87 19 räntans
674 482 132 27 fullkomliga
822 482 62 21 frihet
900 482 39 21 och
955 482 72 21 derför

206 513 76 21 tänker
295 512 36 27 jag
354 511 42 28 mig
411 511 64 22 ocksä
497 514 32 19 att
544 512 36 21 det
602 515 28 18 nu
645 511 46 22 icke
716 517 49 15 vore
779 511 107 27 praktiskt
908 513 31 19 att
955 511 73 21 fordra

207 548 45 15 mer
275 543 26 19 än
324 541 55 21 hvad
401 547 48 15 man
472 541 46 20 med
541 541 100 21 säkerhet
663 540 42 21 kan
729 540 69 21 vinna.
828 539 151 28 Egendomligt
1003 541 25 19 är

207 569 124 25 emellertid,
355 571 32 20 att
407 569 150 26 lagutskottets
579 569 108 27 pluralitet
706 569 98 21 omfattat
820 575 26 15 en
861 569 84 26 mycket
959 569 69 20 strän-

206 606 51 20 gare
273 599 140 26 begränsning
428 597 22 22 af
465 597 231 27 ränte-aftalsfriheten,
712 599 26 20 än
754 597 40 22 den
809 597 77 27 nädiga
902 597 126 27 propositio-

207 634 47 16 nen.
285 628 74 20 Denna
380 627 131 21 sistnämnda
532 626 80 22 tilläter
626 627 127 21 ätminstone
769 626 65 26 högre
850 626 179 26 ränteberäkning

207 657 35 21 vid
258 656 135 26 förskrifning
408 656 27 26 pä
451 656 12 20 9
479 656 106 24 mänader,
602 655 26 21 dä
643 655 95 21 deremot
755 654 149 27 lagutskottets
919 654 109 27 pluralitet

207 684 126 22 inskränker
355 684 68 21 denna
445 684 31 21 tid
498 684 33 21 till
552 686 12 19 6
585 683 106 22 mänader.
721 684 42 20 Det
786 683 87 25 bevisar,
897 683 65 27 enligt
985 683 44 21 min

207 714 140 27 uppfattning,
363 713 55 21 huru
439 712 60 27 ringa
514 713 66 27 utsigt
602 712 67 22 finnes
683 712 34 21 för
732 714 33 19 att
779 712 65 27 något
858 711 48 22 fullt
920 711 111 22 rationellt

208 750 27 14 nu
251 741 54 23 skall
325 742 70 21 kunna
411 741 157 22 åstadkommas
583 741 6 21 i
605 740 98 23 afseende
718 741 13 21 ä
746 740 124 22 ränteaftals
886 740 69 22 frihet.
985 741 42 27 Jag

208 772 32 21 för
255 772 43 20 min
321 770 34 22 del
369 770 68 22 skulle
461 770 71 22 derför
546 770 50 28 vilja
616 770 28 27 pä
659 770 36 21 det
709 772 104 19 varmaste
828 770 137 27 understödja
979 769 51 21 herr

207 800 93 28 Nystens
314 799 130 23 reservation
467 800 38 20 och
522 799 38 22 ber
574 801 38 23 att,
628 799 70 21 säsom
713 798 48 22 stöd
777 799 31 21 för
824 798 52 22 hans
892 798 94 28 yrkande
1001 799 28 27 pä

208 828 135 23 uteslutande
363 828 22 22 af
399 830 115 20 momentet
529 834 34 16 om
578 828 76 22 förbud
670 830 31 19 att
716 830 50 24 taga
781 827 64 27 högre
860 830 62 19 ränta
938 830 26 19 än
979 828 12 20 6
1000 828 30 26 %/,

208 858 28 27 pä
251 858 33 21 län
308 860 44 19 mot
374 857 98 27 säkerhet
494 856 22 22 af
535 856 120 27 inteckning
671 856 7 21 i
693 856 42 22 fast
751 856 109 27 egendom,
874 856 22 22 fä
911 856 116 26 framhälla,

209 889 32 19 att
254 886 36 27 jag
305 889 51 21 tror,
371 888 33 19 att
423 886 36 21 det
475 886 43 20 helt
534 886 39 21 och
588 885 66 22 hället
669 885 78 22 strider
762 889 44 17 mot
822 885 72 27 hvarje
909 885 121 27 läntagares

208 916 89 21 intresse
312 916 6 20 i
334 915 59 21 detta
412 914 49 22 land
476 916 32 19 att
522 914 46 22 icke
584 914 70 21 kunna
669 916 94 24 upptaga
777 914 71 26 dylika
863 914 41 21 län.
935 914 42 20 Det
991 913 38 21 fin-

208 950 38 16 nes
268 944 39 21 hos
321 950 41 20 oss,
386 945 57 19 utom
464 942 184 28 jordegendomar,
664 948 26 16 en
713 942 90 28 ofantlig
825 942 78 27 mängd
925 942 106 21 värdefull

209 972 110 28 egendom,
335 972 36 21 det
385 972 66 21 finnes
466 971 40 21 hus
521 972 7 20 i
544 972 105 25 städerna,
665 971 94 21 fabriker
774 977 28 15 m.
812 977 34 18 m.;
857 971 33 21 för
906 970 47 22 dem
968 977 61 15 anser

206 1001 38 27 jag
259 1001 35 21 det
310 1007 49 15 vara
375 1006 26 15 en
415 1000 68 21 fördel
498 1006 34 15 om
549 1000 25 21 de
590 1000 65 21 under
671 1006 25 14 en
711 1000 50 26 kris,
774 999 26 21 dä
810 1001 16 19 t.
835 1006 31 14 ex.
875 1000 117 26 penningar
1002 998 28 28 pä

210 1031 12 20 9
237 1029 101 21 mänader
358 1031 37 19 äro
411 1028 142 27 erforderliga,
569 1029 34 21 mä
622 1028 71 21 kunna
709 1028 69 21 säsom
793 1028 122 26 ytterligare
930 1028 100 22 säkerhet

209 1058 63 22 ställa
287 1057 120 27 inteckning
421 1057 6 21 i
444 1057 31 21 sin
490 1057 56 21 fasta
561 1057 107 26 egendom.
699 1057 46 21 Den
761 1056 186 27 invändning,som
963 1056 69 28 gjorts

209 1087 7 21 i
232 1087 68 21 denna
316 1086 65 27 fråga,
397 1086 52 21 eller
465 1088 31 18 att
511 1092 34 15 om
561 1086 57 21 lånet
633 1085 46 22 icke
694 1085 69 21 blefve
779 1084 81 22 betaldt
870 1085 54 21 efter
941 1086 6 20 9
959 1085 70 21 mäna-

210 1116 44 26 der,
270 1116 36 20 det
328 1115 119 21 sedermera
468 1114 60 22 äfven
550 1114 83 22 komme
648 1116 33 19 att
695 1114 49 26 löpa
759 1115 47 20 med
822 1114 64 27 högre
901 1116 68 23 ränta,
985 1116 48 19 tror

208 1145 36 27 jag
259 1144 47 21 icke
327 1143 68 22 häller
409 1144 76 25 streck,
509 1143 39 21 och
564 1144 58 20 detta
637 1143 72 21 stöder
722 1142 36 28 jag
774 1143 70 26 derpä,
860 1145 33 19 att
908 1143 73 25 ehuru,
997 1142 32 22 sä-

210 1180 44 14 som
270 1172 19 21 vi
312 1172 42 21 alla
376 1172 61 21 torde
460 1172 62 20 hafva
545 1178 33 15 oss
602 1172 84 23 bekant,
703 1172 57 20 förut
783 1170 131 22 beträffande
928 1170 105 22 Finlands

210 1201 61 22 Bank
286 1201 61 21 fanns
363 1200 39 22 den
418 1200 138 27 bestämning,
574 1202 33 19 att
622 1202 30 19 ett
667 1200 41 25 län,
719 1206 45 15 som
776 1200 34 21 vid
820 1199 154 27 förfallodagen
985 1199 46 21 icke

209 1229 139 25 inbetalades,
364 1229 120 21 sedermera
502 1229 58 26 löpte
576 1229 46 21 med
638 1228 53 27 8%/,,
708 1229 82 20 banken
806 1228 60 26 dock,
881 1228 23 21 sä
920 1230 59 19 snart
995 1228 36 26 dy-

210 1258 44 21 lika
268 1258 35 21 län
325 1258 85 21 kommo
425 1257 33 22 till
480 1257 114 27 utsökning
617 1257 51 21 eller
683 1257 95 21 konkurs
800 1256 68 27 aldrig
882 1256 92 21 bevakat
989 1256 44 21 alla

211 1287 61 21 dessa
287 1287 10 20 8
308 1286 34 27 %/,
358 1288 22 25 ty
403 1286 70 21 dertill
495 1285 39 22 har
556 1286 84 21 banken
655 1285 47 22 icke
717 1285 46 21 haft
779 1285 68 27 någon
863 1287 50 19 rätt.
944 1285 87 21 Således

210 1318 46 18 tror
276 1315 43 26 jag,
341 1316 32 19 att
395 1321 25 14 en
442 1314 142 27 förskrifning,
607 1314 91 27 löpande
721 1314 46 21 med
784 1316 14 19 t.
815 1319 31 16 ex.
862 1313 50 27 89,
928 1315 67 24 ränta,
1010 1313 27 21 af

211 1343 91 21 domstol
324 1343 47 20 icke
386 1343 41 20 kan
450 1343 98 19 utdömas
570 1342 32 20 till
617 1343 65 25 högre
703 1342 85 26 belopp,
804 1344 26 18 än
846 1343 49 25 6"
911 1342 32 20 för
958 1343 74 24 längre

210 1370 31 21 tid
257 1372 26 19 än
300 1372 12 19 9
327 1370 106 21 mänader.
462 1370 65 21 Detta
542 1372 24 19 är
581 1369 133 27 naturligtvis
729 1375 26 15 en
770 1369 60 27 fräga
845 1369 33 21 för
893 1369 74 21 herrar
979 1369 52 27 juri-

210 1401 53 23 ster;
280 1404 47 16 men
343 1399 41 21 kan
400 1399 42 21 min
457 1398 135 27 uppfattning
606 1398 129 27 godkännas,
751 1397 68 22 skulle
835 1397 68 22 denna
918 1398 22 21 af
951 1398 42 26 mig
1003 1403 30 16 nu

210 1428 92 21 berörda
317 1427 129 27 invändning
461 1426 52 22 böra
528 1426 88 22 förfalla.

281 1502 55 22 Herr
357 1502 160 27 Federley:
541 1502 41 28 Jag
604 1502 67 22 skulle
695 1502 26 22 be
741 1504 34 20 att
795 1502 21 22 fä
831 1502 137 27 understödja
982 1502 54 22 herr

211 1530 114 23 Fabritius.
354 1530 41 29 Jag
413 1530 32 22 för
461 1531 41 21 min
518 1530 34 23 del
567 1531 39 22 har
620 1530 43 22 lika
679 1531 46 22 litet
739 1537 46 16 som
800 1531 41 22 han
858 1530 46 23 utaf
917 1531 26 22 de
959 1531 76 27 motiv,
