1120 1806
200 132 42 21 436
427 135 177 21 Borgareständet
617 135 57 17 1882.
700 135 19 16 11
731 138 62 13 mars.

200 212 46 16 som
267 212 39 20 ega
328 207 43 19 rätt
393 208 32 18 att
441 205 83 27 ingripa
540 205 5 21 i
562 204 59 26 fråga
637 210 33 15 om
686 203 134 22 lösdrifvares
836 202 114 23 häktande.
980 202 41 22 Det

200 235 42 21 kan
258 234 21 27 ju
294 234 76 25 hända,
386 236 32 18 att
433 240 48 14 man
497 240 25 14 en
539 233 75 21 vacker
630 232 40 27 dag
685 232 70 22 skulle
770 232 66 21 ändra
851 233 69 20 denna
936 232 10 27 $
962 232 12 20 2
991 232 29 21 sä.

200 266 33 18 att
256 263 35 21 det
313 262 60 21 stode
395 262 5 21 i
416 262 72 27 hvarje
503 262 127 27 sjelfegande
645 261 80 21 bondes
740 263 43 19 rätt
799 262 31 20 att
846 261 85 27 vidtaga
947 261 74 26 ätgärd

200 292 7 20 i
224 292 57 21 detta
297 291 60 27 syfte,
374 291 54 21 dock
443 291 80 21 kanske
538 290 48 22 med
601 290 69 21 vilkor
685 292 31 19 att
732 289 41 22 han
787 289 53 21 skall
852 290 82 26 ätnjuta
945 290 76 20 krono-

200 320 145 27 betjeningens
365 320 158 27 handräckning
539 319 31 21 för
586 319 39 21 den
641 319 74 27 gripna
730 324 114 21 personens
860 318 161 26 införpassande

200 350 6 20 i
230 349 129 22 länehäktet.
390 348 41 22 Det
445 348 61 22 torde
527 348 33 21 väl
574 348 71 21 kunna
661 347 66 22 finnas
742 348 49 26 föga
806 347 72 21 tvifvel
894 348 79 22 derom,
989 349 32 19 att

200 384 26 14 en
250 377 99 27 paragraf
370 377 21 22 af
413 378 67 20 denna
496 376 119 28 synnerliga
630 376 108 27 betydelse
755 376 65 21 borde
836 376 86 21 tillhöra
938 375 84 22 författ-

200 406 168 27 niagsförslaget,
383 406 45 21 icke
445 406 101 27 förslaget
561 405 31 22 till
609 405 132 25 kungörelse.
772 404 73 22 Denna
860 405 12 28 8
888 406 12 20 2
916 404 45 22 står
975 404 7 21 i
998 404 24 22 så

200 437 53 19 nära
274 435 151 25 sammanhang
445 434 46 21 med
512 436 11 26 $
545 435 9 19 1
571 435 6 20 i
593 432 243 28 författningsförslaget,
852 435 32 20 att
900 434 122 21 densamma

200 463 124 27 näppeligen
340 463 41 21 kan
398 462 46 22 från
460 462 151 27 Ständerlagen
628 463 108 20 uteslutas.
761 462 71 26 Enligt
846 462 13 28 &
876 463 12 20 3
904 462 38 21 bör
957 462 65 27 polis-

200 492 148 26 myndigheten
369 492 42 25 ,,då
426 491 123 21 lösdrifvare
565 491 32 21 till
613 490 122 22 länehäktet
751 490 98 22 insändes
865 490 38 22 hos
918 493 103 24 guvernö-

200 526 37 15 ren
257 519 117 27 skriftligen
391 519 84 22 anmäla
490 526 33 15 om
540 520 39 20 den
596 519 99 26 vidtagna
710 519 102 27 åtgärden
829 520 38 20 och
884 519 72 21 skälen
973 519 48 21 der-

200 549 33 21 till
256 551 60 23 samt,
336 549 3 20 i
363 548 100 22 händelse
486 549 88 26 varning
597 548 90 26 föregått
706 548 142 25 anhållandet,
865 548 83 27 bilägga
963 548 58 27 intyg

200 578 72 20 derom
286 578 65 26 jemte
367 576 115 28 prestbevis
498 576 33 22 för
547 578 40 20 den
603 576 98 21 anhållne
717 578 106 20 äfvensom
835 576 33 22 för
879 577 63 26 öfrigt
952 577 69 21 lemna

200 605 43 22 alla
265 606 26 21 de
313 606 150 26 upplysningar
486 606 88 21 rörande
598 605 51 21 hans
665 611 76 21 person
757 605 39 21 och
811 605 210 27 lefnadsomständig-

200 635 66 25 heter,
288 640 45 16 som
356 637 51 19 utan
431 634 129 27 tidsutdrägt
578 635 69 21 kunna
663 633 153 22 införskaffas.
846 634 41 21 Det
902 634 68 22 skulle
987 635 33 20 sä-

200 664 58 21 Jedes
276 669 50 15 vara
341 664 123 26 regeringen
482 663 124 22 förbehållet
622 666 31 18 att
669 666 14 17 t.
700 669 31 15 ex.
747 662 73 28 stryka
835 666 24 18 ut
875 664 69 21 denna
959 670 62 20 para-

198 692 50 27 graf
270 692 50 22 eller
342 692 99 21 förändra
465 692 120 20 densamma
608 691 85 26 derhän,
715 694 32 18 att
769 692 62 27 ingen
854 692 97 21 anmälan
973 692 48 21 frän

199 720 179 28 polismyndighet
402 720 38 22 och
463 720 61 26 ingen
547 720 82 27 uppgift
651 720 109 26 angäende
776 720 39 21 den
831 720 98 22 insändes
944 727 76 20 person

196 750 44 20 och
255 749 262 27 lefnadsomständigheter
534 749 70 26 längre
620 749 140 21 erfordrades.
780 750 12 26 $
808 750 13 20 4
836 750 44 20 står
895 750 6 20 i
918 749 36 21 det
969 752 51 19 nära

197 778 106 22 samband
319 778 46 21 med
382 778 12 26 $
410 780 11 18 5
437 778 7 20 i
461 777 240 26 författningsförslaget,
717 780 32 18 att
763 777 35 27 jag
814 778 45 20 icke
874 779 40 20 kan
927 784 28 16 se,
966 778 54 21 huru

202 807 39 21 den
262 807 41 21 kan
326 806 45 21 frän
395 806 235 27 författningsförslaget
653 806 109 21 utlemnas.
793 806 128 22 Densamma
940 808 23 20 är
978 807 42 21 för-

196 835 66 26 öfrigt
284 834 70 22 hållen
377 835 7 21 i
404 835 24 21 sä
449 835 105 21 allmänna
576 834 92 27 ordalag,
685 836 31 20 att
732 835 38 21 den
787 835 64 21 redan
868 835 71 21 derför
954 835 65 22 borde

200 864 84 21 komma
307 864 66 21 under
395 864 128 21 Ständernas
547 864 96 21 fortsatta
659 864 96 26 pröfning
772 864 38 21 och
827 864 35 22 det
877 864 47 22 icke
940 864 79 22 lemnas

200 893 123 26 regeringen
343 892 46 21 fritt
413 895 30 19 att
463 895 50 18 utan
529 893 71 20 vidare
616 892 97 22 förändra
730 893 125 21 densamma.
888 894 11 25 &
916 894 12 20 5
944 894 7 20 i
966 893 54 21 kun-

197 922 98 26 görelsen
316 924 24 18 är
359 922 40 20 den
415 922 54 20 enda
484 920 105 28 paragraf,
605 926 44 16 som
665 921 106 26 verkligen
790 924 23 18 är
828 922 24 20 af
865 922 155 21 administrativ

197 954 72 18 natur.
300 950 45 21 Den
367 950 66 26 gäller
457 950 169 26 verkställighets
649 950 104 26 ätgärder,
777 956 45 15 som
843 951 36 26 jag
898 950 121 27 medgifver,

200 982 32 18 att
247 980 102 26 styrelsen
366 981 51 19 utan
432 978 130 22 Ständernas
579 978 93 22 hörande
688 979 40 21 kan
745 979 73 21 ordna.
835 992 25 2 —
876 980 11 25 $
902 980 12 20 6
926 979 94 22 deremot

200 1007 72 21 tillhör
292 1008 46 21 icke
356 1006 278 27 lösdrifveriförfattningen,
650 1011 50 17 utan
716 1007 194 27 fattigvärdslagen,
928 1008 38 21 och
982 1008 38 21 har

195 1036 75 22 -derför
286 1036 37 21 här
339 1036 86 21 alldeles
441 1036 45 21 icke
502 1036 32 21 sin
551 1036 61 26 plats.

268 1065 40 25 Jag
331 1065 35 21 vill
388 1064 108 26 härvidlag
510 1064 102 22 särskildt
627 1064 83 27 päpeka
725 1064 40 21 den
782 1065 189 26 omständigheten,
988 1067 32 19 att

200 1093 34 21 för
249 1094 39 20 den
305 1092 106 25 händelse,
427 1095 31 19 att
475 1092 118 22 Ständerna
608 1092 67 22 skulle
691 1092 26 26 gä
732 1092 21 21 in
769 1093 26 26 pä
811 1094 40 20 den
863 1100 27 14 nu
901 1094 118 25 föreslagna

199 1122 136 25 tudelningen
357 1122 22 19 af
393 1122 58 19 detta
466 1121 78 26 förslag
568 1122 25 19 de
609 1120 68 21 skulle
700 1121 45 20 icke
761 1122 74 19 endast
851 1123 80 19 utsätta
947 1122 72 26 sjelfva

199 1150 60 21 detta
279 1149 201 27 lagstiftningsgebit
495 1150 32 20 för
542 1149 86 27 störing,
644 1152 50 18 utan
711 1149 68 21 tillika
795 1150 72 26 afsäga
882 1151 32 26 sig
930 1157 24 14 en
971 1152 48 24 rätt,

194 1185 50 14 :som
268 1179 24 21 de
318 1179 74 20 hittills
415 1178 46 21 haft
484 1178 38 21 och
545 1184 45 15 som
615 1179 24 20 de
658 1178 45 21 icke
719 1184 38 20 ega
773 1178 68 27 nägon
857 1178 114 27 anledning
987 1181 32 19 att

196 1207 74 22 lemna
285 1206 54 22 ifrån
355 1207 38 26 sig.

268 1236 30 21 På
314 1236 25 20 de
354 1236 91 25 grunder
461 1235 33 27 jag
510 1242 27 14 nu
554 1235 44 21 haft
614 1237 50 19 äran
680 1235 74 21 anföra
769 1235 66 22 skulle
849 1236 35 27 jag
901 1236 55 21 helst
967 1236 52 27 yrka

194 1265 38 26 på,
248 1268 32 17 att
302 1264 134 27 lagförslaget
457 1265 5 20 i
485 1265 47 20 dess
548 1264 72 21 helhet
634 1264 47 21 icke
697 1264 66 21 mätte
779 1265 108 20 föranleda
902 1265 32 20 till
951 1266 67 25 någon

198 1293 76 26 åtgärd
298 1293 46 21 från
367 1293 189 26 Borgareståndets
578 1292 52 21 sida.
659 1292 40 26 Jag
722 1296 51 21 tror,
789 1296 31 17 att
842 1293 120 21 nuvarande
977 1294 42 21 för-

197 1321 271 27 svarslöshetsförordaing,
485 1327 32 14 om
537 1321 64 21 också
616 1320 118 27 bristfällig,
750 1321 87 21 innebär
852 1323 69 20 större
936 1322 82 25 garanti

199 1350 33 19 för
255 1350 39 20 den
317 1350 119 25 personliga
457 1349 96 20 friheten.
584 1350 41 24 Jag
639 1349 48 19 ville
703 1349 131 26 framförallt,
851 1352 31 17 att
898 1355 26 14 en
940 1349 77 21 reform

198 1379 6 18 i
228 1377 59 20 detta
309 1377 98 20 afseende
430 1376 67 21 skulle
513 1377 124 26 uppskjutas
652 1375 31 21 till
700 1376 47 20 dess
763 1382 24 15 en
803 1377 179 26 omorganisation
997 1377 23 21 af

195 1405 54 22 våra
269 1405 183 22 underdomstolar
467 1407 35 24 egt
517 1411 53 14 rum,
587 1405 24 20 så
626 1407 31 18 att
673 1405 106 20 desamma
795 1405 71 20 kunna
881 1405 74 22 arbeta
971 1405 46 22 med

194 1435 72 20 större
289 1439 125 22 permanens
435 1433 39 22 och
497 1435 31 19 att
552 1433 26 22 då
600 1433 65 26 dessa,
682 1439 46 14 men
744 1433 46 22 icke
805 1433 212 28 polismyndigheten,

198 1463 54 27 egde
267 1466 93 24 upptaga
376 1462 41 22 mål
433 1462 24 21 af
470 1462 159 26 ifrågavarande
644 1461 151 22 beskaffenhet.
825 1463 40 26 Jag
881 1463 80 22 känner
977 1463 40 28 väl,

194 1494 36 19 att
253 1491 59 22 äfven
335 1492 6 20 i
365 1492 74 26 många
462 1491 114 21 utländska
591 1491 58 26 lagar
665 1493 23 18 är
704 1490 21 22 åt
741 1491 167 22 administrativa
924 1493 93 27 myndig-

195 1521 91 22 heterna
309 1520 152 22 öfverlemnadt
480 1522 31 19 att
533 1521 62 21 döma
618 1526 101 21 personer
741 1519 22 22 af
778 1520 37 22 här
830 1521 6 20 i
852 1521 59 28 fråga
927 1521 91 22 varande
