1120 1842
223 143 42 20 544
452 148 176 21 Borgareständet
640 148 56 17 1882.
720 148 24 17 18
756 152 61 13 mars.

224 216 41 21 han
281 219 70 19 ansett
375 223 49 14 vara
444 216 125 28 lämpligast,
586 217 39 21 och
640 218 27 26 pä
682 217 79 21 sädana
779 222 98 21 personer
893 216 37 22 har
946 216 35 22 det
997 217 46 21 icke

224 246 55 20 varit
294 245 58 21 brist.
382 244 90 28 Mången
488 246 55 26 gång
558 246 61 21 hafva
635 246 61 20 dessa
711 248 60 19 extra
786 245 146 29 funktionärer
946 246 56 26 gjort
1011 246 32 21 sin

223 274 39 21 sak
278 274 83 27 mycket
377 274 76 24 bättre,
470 276 25 19 än
511 275 25 21 de
552 274 112 22 ordinarie.
690 287 12 2 —
715 274 41 28 Jag
767 277 45 19 tror
822 275 34 20 för
866 274 42 21 min
920 274 33 22 del
964 274 77 26 derför,

224 304 33 20 att
279 303 36 21 det
337 303 19 27 ej
378 302 66 22 heller
467 303 112 22 framdeles
601 303 53 22 skall
676 303 77 27 uppstä
769 304 67 26 nägon
852 303 107 28 svärighet
976 306 31 18 att
1022 304 21 21 fä

224 338 107 20 personer,
348 338 44 15 som
408 333 37 20 äro
462 332 104 27 lämpliga,
583 332 26 21 dä
625 332 56 22 valet
696 333 79 21 lemnas
791 332 46 22 fritt
853 334 31 20 att
900 332 32 21 till
948 332 95 22 vaccina-

224 362 58 20 törer
297 363 79 24 antaga
392 362 46 20 män
455 361 51 21 eller
521 361 94 27 gvinnor.

294 418 54 20 Herr
370 417 168 27 Wallgren:
562 418 45 22 Den
631 418 124 26 föregående
779 418 81 21 talaren
884 418 38 21 har
940 418 6 20 i
963 418 41 22 allo
1020 418 24 22 sä

224 446 82 22 sakrikt
321 446 81 22 bemött
418 446 48 22 herr
482 446 99 27 Ignatius,
598 449 32 19 att
645 447 32 27 jag
693 447 7 20 i
716 447 59 21 detta
790 446 97 22 afseende
898 447 39 21 har
948 447 52 21 intet
1011 450 32 18 att

224 475 87 27 tillägga.
347 476 41 26 Jag
404 475 36 21 vill
456 475 54 21 blott
526 476 44 21 frän
587 476 42 21 min
645 482 51 20 egen
712 476 61 26 ringa
789 476 120 22 erfarenhet
924 476 117 25 framhälla,

224 506 31 19 att
279 505 5 20 i
309 504 25 21 de
357 505 130 25 kommuner,
513 506 24 19 12
561 505 31 21 till
615 505 86 24 antalet,
725 511 44 15 som
786 504 49 28 lyda
850 505 66 21 under
932 505 47 26 mig,
996 505 45 21 icke

224 532 67 22 finnes
320 533 68 26 någon
419 533 105 21 ordinarie
553 534 125 23 vaccinatör,
701 536 50 19 utan
775 534 74 21 endast
871 534 170 21 extraordinarie.

224 562 75 21 Såsom
321 562 49 20 herr
392 562 72 21 Florin
487 562 109 26 uppgifver
618 564 24 20 är
658 562 104 26 nämligen
778 563 76 26 praxis,
871 565 32 19 att
918 562 123 28 provincial-

225 591 92 25 läkaren,
334 592 26 25 på
376 592 127 26 uppmaning
519 591 20 20 af
554 591 222 27 medicinalstyrelsen,
792 591 100 22 tillsätter
908 592 85 21 sådana,
1003 591 39 21 och

225 619 28 27 på
271 619 59 21 dessa
346 619 38 21 har
400 619 54 21 varit
470 620 60 26 ingen
546 619 59 22 brist.
635 620 99 21 Tvärtom
751 619 61 22 hafva
827 620 146 27 aspiranterna
989 620 54 21 varit

224 648 57 24 flere,
297 649 26 19 än
339 654 45 15 som
400 648 88 21 behöfts.
512 648 45 21 Den
573 648 104 21 skenbara
692 648 79 22 bristen
782 648 7 21 i
801 648 59 21 detta
870 649 99 21 afseende
980 648 63 22 beror

222 677 45 26 just
282 676 21 21 af
317 676 69 21 denna
402 677 111 26 välmenta,
529 683 46 15 men
591 677 105 27 olyckliga
710 676 126 26 författning
851 677 23 21 af
888 678 23 20 år
931 678 59 24 1859,
1006 678 37 20 der

225 705 200 27 barnmorskeyrket
441 705 110 21 förenades
567 706 47 20 med
631 706 163 20 vaccinationen.
824 706 41 21 Det
880 708 24 19 är
917 706 44 27 just
977 706 65 26 detta,

225 740 44 15 som
293 734 61 26 gjort,
374 736 33 19 att
430 734 156 22 vaccinationen
602 734 46 27 gått
663 734 94 21 tillbaka.
787 734 27 22 Så
830 735 115 21 önskvärdt
960 735 35 21 det
1010 734 33 22 för

225 762 64 27 öfrigt
304 768 56 20 vore,
376 765 32 18 att
423 762 152 22 kommunerna
590 763 54 27 finge
660 763 174 25 ackuschörskor,
844 766 38 24 gör
892 764 54 21 dock
957 764 86 21 distrik-

224 794 47 18 tens
294 791 80 22 storlek
398 792 35 20 det
453 791 86 22 alldeles
554 792 115 27 olämpligt,
685 792 35 22 det
737 793 60 21 dessa
812 793 106 21 användas
934 793 5 21 i
956 793 38 21 och
1010 792 33 22 för

224 820 166 22 vaccinationen.
421 820 64 22 Detta
507 823 44 25 gör,
575 823 31 19 att
629 822 87 25 mången
733 821 54 28 gång
802 821 25 21 de
844 822 148 21 vaccinatriser
1007 822 36 21 be-

224 849 104 22 höfvande
344 849 22 22 få
382 851 68 19 vänta.
474 850 41 26 Jag
529 850 35 21 vill
575 850 64 22 också
649 852 39 24 tro,
700 852 33 19 att
743 856 34 16 om
789 851 253 21 vaccinationsdistrikten

224 878 127 22 förminskas
372 878 86 26 derhän,
480 881 31 18 att
527 880 25 20 de
567 878 68 23 skulle
650 879 89 21 omfatta
755 880 55 20 blott
825 886 25 14 en
866 880 51 20 eller
932 886 38 20 par
985 880 57 21 kom-

224 913 80 20 muner,
327 907 67 21 skulle
418 907 35 21 det
476 908 70 20 kunna
569 910 88 24 antagas
680 908 100 26 lämpliga
803 914 101 21 personer
926 909 7 20 i
956 908 39 21 och
1011 908 32 21 för

224 935 164 26 vaccinationen,
414 935 39 22 och
479 935 70 22 hvilka
575 937 101 27 derjemte
701 943 49 14 vore
776 936 155 22 barnmorskor.
963 937 80 21 Sådant

225 964 68 21 skulle
305 964 24 26 ju
344 965 85 20 komma
445 967 31 18 att
493 965 49 21 bero
559 965 22 21 af
596 965 161 22 kommunernas
769 968 46 24 eget
826 967 165 24 bestämmande,
1003 966 39 21 och

222 993 37 27 jag
275 999 61 15 anser
352 993 58 21 detta
426 1000 51 14 vara
492 1000 25 15 en
534 994 113 27 lyckligare
662 994 83 27 lösning
761 994 22 21 af
797 994 79 27 frågan,

292 1021 40 28 Jag
355 1022 84 21 förenar
462 1022 41 25 mig
526 1023 47 20 med
595 1023 49 21 herr
667 1022 73 21 Hårdh
763 1029 40 16 om,
827 1025 31 19 att
874 1023 35 21 det
924 1023 80 21 kanske
1019 1025 24 19 är

224 1050 124 27 lämpligare
364 1053 33 19 att
412 1051 46 22 icke
473 1051 94 26 förlänga
583 1052 68 21 denna
666 1051 106 22 allmänna
789 1052 124 21 diskussion.

293 1108 46 21 Den
357 1109 106 20 allmänna
481 1108 145 22 diskussionen
641 1109 132 21 förklarades
789 1109 86 22 härmed
891 1109 97 27 afslutad,
1004 1109 39 22 och

224 1137 80 22 beslöts
319 1139 31 19 att
366 1137 102 28 genomgå
485 1137 236 28 författningsförslaget
736 1138 101 27 paragraf
851 1139 31 20 för
898 1138 103 28 paragraf.

608 1224 11 26 s
638 1224 18 20 1.

293 1279 55 21 Herr
364 1279 112 22 Härdh:
501 1279 71 22 Säsom
587 1280 36 27 jag
639 1280 6 21 i
666 1280 39 21 min
723 1281 128 20 reservation
867 1280 39 21 har
920 1281 123 25 framhällit,

224 1309 67 26 syftar
314 1308 68 21 denna
404 1308 103 27 paragraf
521 1309 27 26 pä
563 1309 69 26 nägot,
647 1315 44 14 som
708 1309 46 21 icke
770 1308 66 21 finnes
851 1309 39 21 till.
920 1309 43 21 För
978 1309 65 21 sädan

224 1337 108 25 händelse,
354 1339 32 18 att
408 1337 38 21 den
467 1337 173 26 lagbestämning,
663 1337 80 27 hvarpä
758 1337 126 26 paragrafen
900 1337 72 28 syftar,
990 1338 53 21 dock

224 1366 60 26 ingär
307 1365 6 21 i
335 1365 157 27 förordningen,
507 1366 96 21 förordar
617 1366 37 26 jag
670 1366 137 26 paragrafens
824 1366 146 21 bibehällande
985 1367 7 20 i
1008 1367 35 20 det

224 1394 60 20 skick
308 1393 40 21 den
371 1393 111 22 förefinnes
505 1405 27 3 —
555 1399 77 16 annars
655 1395 40 19 kan
719 1395 33 19 väl
778 1393 46 21 hela
850 1395 123 26 paragrafen
997 1394 46 21 icke

224 1421 33 21 stä
273 1427 57 21 gvar.

294 1479 55 21 Herr
372 1478 169 22 Molander:
561 1479 40 26 Jag
624 1485 67 20 anser,
714 1481 32 19 att
764 1479 124 28 paragrafen
905 1481 23 20 är
944 1481 99 27 tämligen

224 1507 73 28 tydlig,
321 1513 33 16 om
377 1514 49 15 man
443 1507 54 22 läser
513 1507 39 22 den
569 1508 46 21 med
633 1508 49 21 liten
698 1509 125 21 eftertanke.
854 1509 41 21 Det
910 1509 61 22 heter
985 1512 59 19 näm-

223 1536 68 27 ligen:
315 1536 80 25 under
418 1537 92 21 kontroll
532 1537 23 21 af
576 1537 70 21 dertill
669 1537 88 22 utsedde
780 1538 153 27 myndigheter,
956 1539 27 26 pä
1001 1541 43 19 sätt
