1120 1828
286 138 179 22 Borgareståndet
477 140 56 16 1882.
558 140 22 17 15
593 144 60 12 mars.
851 134 42 20 507

72 214 51 15 nera
139 214 33 16 om
188 214 26 15 en
230 208 89 22 revision
335 208 23 22 af
368 208 126 22 hithörande
517 209 83 27 lagbud,
616 210 48 21 med
679 210 87 24 önskan,
783 212 30 19 att
830 210 62 21 dessa

71 236 69 22 skulle
157 236 123 28 förtydligas
296 238 54 20 efter
365 238 99 20 nutidens
479 238 52 21 kraf.
563 238 47 21 Men
630 238 137 27 lagförslaget
781 237 41 22 har
837 239 54 25 tagit

72 266 65 20 saken
153 265 136 22 annorlunda.
321 266 126 26 Visserligen
463 266 114 26 medgifves
592 266 121 26 inteckning
729 266 77 22 äfven
797 261 14 36 i
820 273 25 14 en
856 266 34 22 del

71 294 22 20 at
109 294 40 21 den
170 293 142 28 lösegendom,
328 300 45 16 som
396 295 39 21 hör
457 294 31 22 till
508 294 167 27 fabriksdriften;
691 301 47 15 men
755 295 135 26 lagförslaget

70 324 41 26 gör
123 323 23 21 så
162 323 130 27 väsendtliga
314 323 175 26 inskränkningar
512 323 51 26 häri,
579 325 32 20 att
633 324 118 26 säkerligen
767 324 123 20 industriid-

72 352 78 21 karene
165 351 47 22 icke
226 352 61 21 skola
303 352 62 21 tveka
381 355 32 18 att
429 352 64 21 hellre
509 352 84 21 behålla
609 353 25 20 de
649 352 70 27 gamla
735 352 94 27 otydliga
844 352 47 27 lag-

72 380 76 26 buden,
164 381 27 20 än
206 380 112 26 godkänna
339 381 62 21 dessa
416 387 41 21 nya
472 381 86 27 tydliga,
573 387 47 15 men
634 381 162 21 inskränkande.
827 381 63 22 Såväl

72 409 157 27 propositionen
252 415 44 15 som
320 409 115 22 utskottets
453 409 133 22 betänkande
602 409 121 27 undantaga
739 410 104 26 nämligen
859 412 32 19 ut-

71 438 119 27 tryckligen
212 438 46 21 från
280 438 131 27 inteckning:
435 438 82 27 färdiga
540 439 165 26 tillverkningar,
729 438 100 21 råämnen
852 438 39 22 och

71 467 68 22 andra
155 467 250 22 fabriksförnödenheter.
437 467 48 22 Men
498 467 86 22 hvarför
600 467 59 22 dessa
675 467 68 21 skulle
759 467 132 28 undantagas

73 509 27 2 —
116 495 64 27 detta,
197 502 44 15 som
255 497 37 26 jag
307 496 7 21 i
329 496 115 21 allmänhet
459 495 36 22 vill
510 497 57 20 kalla
579 496 35 22 det
626 496 89 27 löpande
727 497 68 26 lagret
806 509 26 2 —
845 497 47 20 der-

71 525 35 21 för
121 524 65 22 finnes
209 525 47 21 icke
278 525 68 26 någon
368 524 122 28 fullständig
506 525 124 26 motivering
645 525 6 21 i
667 525 157 26 propositionen
841 524 51 22 eller

72 553 150 22 betänkandet.
253 553 81 22 Sådant
349 556 60 25 tages
427 554 69 21 såsom
512 560 26 15 en
553 553 109 28 sjelffallen
677 553 45 22 sak.
754 553 40 21 Det
806 553 86 22 förefal-

72 582 31 21 ler
119 582 117 21 emellertid
258 583 69 21 såsom
351 588 34 15 om
402 582 25 21 de
443 583 99 26 grunder,
558 582 72 22 hvilka
652 583 71 20 kunna
738 582 104 27 åberopas
858 582 34 21 för

72 611 138 21 meddelande
226 611 22 20 af
262 611 121 27 inteckning
399 611 6 20 i
420 611 98 27 redskap,
538 611 127 21 inventarier
686 611 39 21 och
741 611 73 27 dylikt,
831 611 60 21 äfven

72 640 71 21 kunna
159 639 54 27 gälla
230 640 5 20 i
251 640 98 21 afseende
366 639 12 22 &
394 639 35 22 det
444 640 90 27 löpande
550 640 73 27 lagret.
653 640 11 21 I
679 640 104 21 hvardera
798 639 59 22 fallet
868 641 24 20 är

72 670 37 20 det
132 669 140 26 lösegendom,
287 675 45 15 som
355 669 41 21 kan
419 669 39 20 lätt
479 669 134 26 förskingras.
643 668 49 21 Men
709 668 66 21 likaså
792 669 38 24 väl,
847 675 44 15 som

72 698 121 27 inteckning
218 698 40 21 kan
280 697 91 22 omfatta
393 697 89 27 redskap
506 697 39 22 och
568 697 133 26 inventarier,
717 697 68 21 likaså
800 698 34 20 väl
850 698 42 21 kan

72 727 37 21 det
124 729 112 23 statueras,
252 728 31 19 att
299 727 39 21 den
355 726 99 22 omfattar
469 726 60 22 äfven
544 726 122 22 råmaterial
682 727 39 20 och
737 726 96 21 fabrikat.
860 727 32 20 Då

73 756 36 20 det
123 755 67 27 gäller
205 758 31 18 att
252 756 123 20 konstatera
389 754 75 28 sjelfva
479 755 133 26 säkerheten,
628 755 27 21 dä
671 755 38 21 har
719 755 128 26 längifvaren
861 758 32 18 att

72 784 56 21 hålla
144 785 31 26 sig
190 784 33 21 till
239 784 42 26 det,
297 790 45 15 som
365 783 113 22 förefinnes
494 784 6 21 i
517 784 97 27 redskap,
636 784 134 23 inventarier,
787 784 105 21 maskiner

73 819 19 14 o.
109 819 15 14 s.
141 819 18 14 v.
176 813 89 20 likasom
288 812 31 21 till
343 812 41 26 det,
399 818 45 15 som
467 812 111 21 förefinnes
593 813 7 20 i
616 812 52 21 form
685 811 22 22 af
721 812 90 27 löpande
828 813 64 26 lager.

73 841 52 26 Den,
141 847 45 15 som
202 841 88 26 beviljar
305 841 154 26 inteckningen,
476 841 38 20 har
528 841 32 26 sig
575 841 61 26 ingen
648 841 88 21 särskild
748 847 84 20 omsorg
844 841 51 20 här-

73 870 71 26 vidlag
159 869 91 22 ähvälfd.
266 882 28 2 —
309 869 74 21 Menar
398 875 47 15 man
461 869 86 24 kanske,
563 872 32 19 att
610 869 147 22 hufvudsaken
773 871 23 19 är
811 875 83 15 vunnen

72 905 36 14 om
123 899 74 26 sjelfva
219 898 236 28 fabriksanläggningen
472 898 30 21 får
518 897 86 22 belänas
626 901 43 18 mot
689 898 125 26 inteckning,
831 898 23 21 sä
870 899 24 19 är

73 927 59 21 detta
149 927 93 27 tydligen
253 929 31 19 ett
295 928 92 25 misstag.
418 926 41 21 Det
468 926 65 22 finnes
551 926 244 24 fabriksetablissement,
810 927 37 20 der
858 926 35 21 det

75 956 91 27 löpande
181 956 69 26 lagret
257 957 23 20 är
288 956 22 20 af
317 955 35 22 det
360 959 57 18 stora
426 955 70 23 värde,
513 957 31 19 att
560 955 35 22 det
612 955 121 27 öfverväger
749 955 47 21 hela
807 955 89 27 anlägg-

76 985 76 26 ningen
167 985 6 21 i
189 985 71 26 öfrigt,
280 985 39 20 och
336 985 5 20 i
357 984 42 21 alla
423 984 37 21 fall
482 985 141 21 förekommer
646 984 58 27 lager
726 985 23 20 af
771 985 35 20 det
822 984 70 25 värde,

74 1016 33 19 att
123 1013 35 22 det
172 1013 39 28 gär
226 1019 42 20 upp
284 1013 32 21 till
331 1013 50 21 flere
398 1013 143 21 hundratusen
557 1012 66 22 mark.
655 1013 81 21 Hittills
754 1013 62 20 hafva
832 1013 62 21 dessa

76 1043 58 27 lager
150 1043 80 21 kunnat
245 1042 86 21 belänas
346 1045 45 18 mot
406 1041 126 27 inteckning.
563 1041 78 22 Afskär
656 1048 48 15 man
721 1041 68 22 denna
804 1044 42 19 rätt
862 1043 33 19 att

75 1072 99 20 inteckna
190 1073 30 19 ett
236 1071 64 26 lager,
316 1071 23 21 sä
355 1073 23 19 är
393 1071 36 21 det
445 1071 44 20 fara
512 1071 67 26 värdt,
594 1073 32 19 att
648 1071 87 26 mängen
751 1070 144 21 blomstrande

76 1100 89 21 industri
182 1100 94 20 kommer
292 1102 32 18 att
339 1099 27 27 gå
381 1100 32 20 sin
430 1098 47 22 ruin
492 1098 31 22 till
539 1101 75 19 mötes.

144 1128 60 21 Hvad
220 1128 100 21 särskildt
335 1128 66 26 angär
417 1128 39 21 den
472 1127 158 26 inskränkning,
643 1134 45 14 som
704 1128 66 26 gäller
786 1128 39 20 den
842 1127 53 21 min-

74 1156 39 22 dre
135 1156 110 25 industrin,
262 1156 83 22 hvilken
368 1157 47 21 icke
439 1156 99 21 behöfver
568 1159 48 23 eget
637 1156 38 21 hus
699 1156 39 21 och
761 1162 50 20 egen
827 1155 69 26 grund

75 1188 33 18 att
123 1186 32 20 stä
171 1186 33 26 pä,
220 1186 24 20 sä
260 1185 99 21 behöfver
375 1184 35 27 jag
430 1185 47 21 icke
492 1190 50 16 vara
557 1184 102 28 vidlyftig.
691 1184 68 22 Saken
776 1190 61 21 synes
853 1184 43 26 mig

75 1214 87 21 alldeles
184 1214 75 26 tydligt
281 1214 43 21 tala
343 1214 31 20 för
389 1214 31 26 sig
437 1213 52 27 sjelf.
520 1214 44 20 Den
582 1213 44 21 lilla
641 1213 104 21 industrin
761 1216 24 18 är
801 1212 95 28 tydligen

75 1243 80 26 skapad
178 1245 31 19 att
228 1243 59 26 spela
302 1249 25 15 en
345 1243 81 24 mycket
450 1245 44 18 stor
518 1242 31 22 rol
573 1242 38 22 och
627 1242 62 22 stadd
704 1242 7 20 i
726 1242 92 27 gryende
835 1241 61 21 äfven

75 1271 39 22 hos
137 1278 39 15 oss.
208 1272 42 20 Det
265 1271 67 21 skulle
347 1278 28 14 nu
391 1272 55 26 gälla
467 1271 65 21 hellre
548 1274 32 18 att
596 1270 131 27 undanrödja
743 1271 26 21 de
785 1270 111 26 skrankor,

75 1306 46 16 som
137 1301 55 27 ligga
208 1301 5 20 i
230 1302 72 25 vägen,
319 1302 26 19 än
361 1303 32 18 att
408 1301 67 25 skapa
491 1306 46 20 nya,
553 1300 39 21 och
604 1299 27 21 dä
643 1300 65 20 man
696 1295 14 37 i
722 1300 110 20 årtionden
846 1300 51 20 kun-

75 1332 38 18 nat
128 1332 50 19 utan
202 1329 112 27 olägenhet
337 1329 98 21 inteckna
458 1328 71 28 dylika
550 1328 109 23 anstalter,
676 1328 105 22 förefaller
805 1328 35 20 det
856 1327 42 27 mig

75 1359 68 21 såsom
160 1364 34 15 om
211 1358 53 21 intet
279 1358 45 20 skäl
341 1364 49 14 vore
407 1357 116 22 förbanden
540 1360 31 18 att
587 1363 28 15 nu
626 1358 72 20 stäcka
710 1357 65 21 detta.
806 1357 42 26 Jag
861 1356 39 21 har

75 1387 50 21 hört
141 1387 41 26 mig
197 1386 33 22 för
247 1387 37 20 hos
300 1386 105 22 särskilda
421 1386 223 26 magistratspersoner
660 1385 5 21 i
682 1385 137 27 Helsingfors,
836 1385 64 21 huru-

76 1415 49 21 vida
147 1415 36 21 det
205 1415 67 21 skulle
296 1415 64 20 hafva
380 1415 115 22 befunnits,
512 1417 32 19 att
568 1414 136 26 olägenheter
728 1415 55 20 varit
798 1414 107 20 förenade

75 1444 48 19 med
139 1444 72 25 dylika
227 1443 152 26 inteckningar.
411 1444 30 19 De
458 1442 62 21 hafva
536 1445 71 18 svarat
624 1443 135 25 enstämmigt
775 1442 41 25 nej.

145 1470 30 22 På
190 1470 68 27 grund
274 1471 22 19 af
311 1469 54 21 hvad
379 1470 36 26 jag
430 1475 29 15 nu
475 1470 45 20 haft
536 1473 50 17 äran
603 1470 80 23 anföra,
700 1469 39 21 och
755 1472 50 18 utan
822 1471 31 19 att
864 1469 36 25 jag

75 1504 63 16 anser
153 1498 35 22 det
204 1504 50 15 vara
270 1498 100 26 behöfligt
386 1500 31 19 att
434 1498 48 26 ingå
497 1498 7 20 i
521 1497 117 27 detaljerad
654 1497 123 27 utläggning
788 1496 21 22 af
819 1496 25 22 de
856 1496 44 21 olä-

73 1528 97 26 euhater,
196 1528 143 26 lagförslaget
354 1526 68 22 skulle
449 1525 61 22 hafva
528 1526 47 21 med
594 1526 37 27 sig,
648 1526 35 20 vill
698 1526 34 27 jag
747 1526 53 27 yrka
816 1526 32 26 på,
864 1527 36 19 att
