1120 1836
312 141 177 22 Borgareståndet
500 143 58 16 1882.
582 143 23 17 21
617 147 63 12 mars.
863 137 42 30 635

84 211 103 21 afseende.
211 223 27 2 —
260 211 67 21 Afven
350 211 36 21 vill
407 211 37 27 jag
467 212 28 26 pä
517 212 36 21 det
575 213 105 19 varmaste
700 211 137 26 understödja
852 211 50 21 herr

83 239 90 21 Berners
188 239 85 26 förslag,
288 241 32 19 att
335 242 31 19 ett
378 239 123 27 jordstycke
515 240 68 21 skulle
599 239 20 22 få
635 239 125 27 parcelleras
775 240 64 21 också
849 241 52 19 utan

84 270 32 19 att
131 267 75 21 sådant
218 268 79 21 skedde
308 268 6 20 i
325 267 61 26 afsigt
402 270 31 19 att
448 268 102 21 öfverlåta
565 268 104 26 parcellen
685 268 31 20 till
733 274 69 15 annan
817 273 84 21 person.

83 297 42 25 Jag
145 298 43 18 tror
204 295 70 26 också,
290 298 31 18 att
336 296 48 21 hela
399 296 150 26 författningen
565 296 67 21 skulle
647 296 112 21 kanhända
774 296 21 21 få
809 297 33 19 sin
858 296 44 20 för-

83 326 83 19 nämsta
188 324 106 26 betydelse
318 324 126 26 derigenom,
468 326 31 20 att
523 331 25 15 en
569 324 112 27 jordegare
704 324 70 21 kunde
793 324 65 21 redan
875 324 26 26 på

83 352 89 22 förhand
188 351 98 23 afsöndra
302 352 101 27 parceller
422 352 40 22 och
476 353 65 21 sedan
564 353 98 25 antingen
686 353 94 25 begagna
805 352 47 21 dem
867 352 34 21 för

83 383 49 24 eget
147 380 65 22 behof
225 381 33 20 till
273 381 151 27 anläggningar
439 382 23 20 af
474 381 132 21 industriella
621 380 141 26 inrättningar
778 380 38 22 och
833 381 68 26 dylikt

83 409 52 21 eller
150 409 90 26 utbjuda
255 408 46 22 dem
318 409 32 21 till
366 410 45 20 salu
426 409 32 21 till
474 410 143 26 parcellering,
633 410 7 20 i
655 409 71 21 stället
749 409 33 21 för
805 412 31 18 att
852 415 49 20 par-

81 438 119 26 cellegaren
223 444 28 14 nu
266 438 6 20 i
289 438 105 21 måhända
408 438 50 21 flere
481 439 23 20 är
519 438 32 21 får
567 440 69 23 vänta,
652 438 63 20 innan
738 438 42 21 han
796 437 41 21 blir
852 437 49 21 fullt

81 467 64 21 säker
160 466 27 27 pä
202 467 32 20 sin
250 466 88 27 egande-
354 467 39 21 och
408 466 175 27 besittningsrätt.
595 479 27 3 —
634 466 54 21 Herr
698 466 101 27 Ignatius?
815 466 85 27 förslag,

83 501 45 15 som
145 494 105 27 verkligen
266 495 38 21 har
320 496 83 26 mycket
418 495 124 26 tilltalande,
558 496 39 22 har
612 495 64 21 redan
692 494 53 22 varit
760 494 88 22 föremäl
869 495 33 21 för

83 523 158 27 ofverläggning
256 524 55 21 inom
328 524 39 21 den
383 524 86 25 komite,
484 530 45 15 som
545 524 54 21 varit
615 523 69 22 kallad
700 525 32 19 att
748 525 95 25 uppgöra
858 524 44 20 för-

83 552 45 27 slag
143 553 6 20 i
165 552 68 22 denna
249 552 44 26 sak,
309 553 127 21 ätminstone
452 552 6 21 i
474 554 22 20 sä
514 553 73 24 mätto,
604 555 31 19 att
650 558 26 15 en
692 552 88 21 medlem
797 552 22 21 af
834 552 68 21 komi-

82 581 36 21 ten
134 581 143 21 framkastade
292 581 105 27 förslaget.
418 580 50 22 Man
483 581 38 21 har
537 581 94 21 deremot
646 580 86 22 invändt
748 593 27 3 —
786 581 38 20 och
836 581 66 25 detta,

83 610 66 25 enligt
164 610 54 20 hvad
230 610 36 26 jag
282 609 41 21 kan
338 609 63 26 finna,
418 610 47 20 med
481 612 56 19 rätta
552 622 27 3 —
595 612 31 19 att
636 609 76 21 sädant
722 609 68 21 skulle
800 609 102 21 befordra

82 639 139 26 uppkomsten
238 639 22 20 af
275 638 50 26 byar
341 638 27 27 pä
384 637 77 23 landet,
477 644 44 15 som
534 638 67 21 skulle
617 639 86 25 utgöras
718 638 23 21 af
755 643 25 15 en
794 637 108 22 arbetare-

82 667 63 22 klass,
161 667 22 20 af
198 673 25 14 en
239 667 140 25 uteslutande,
396 672 33 15 om
445 667 63 21 ocksä
521 667 136 26 jordegande,
674 666 54 21 dock
743 665 6 21 i
765 665 42 22 alla
822 665 35 22 fall
868 665 33 22 lös

83 695 127 26 befolkning,
226 701 44 15 mer
286 696 31 20 lös
332 697 26 18 än
374 695 40 21 den
430 695 105 26 egentliga
548 695 129 26 jordegande
701 694 90 26 klassen,
815 695 39 20 och
873 694 28 21 dä

83 723 92 22 hvarken
191 723 53 27 polis
260 723 51 21 eller
326 727 64 17 annat
406 723 67 26 dylikt
487 723 70 22 kunde
573 729 50 15 vara
638 723 117 21 detsamma
770 723 6 20 i
793 729 24 14 en
834 723 66 20 sädan

83 753 27 26 by
126 751 51 22 eller
192 752 85 27 köping,
294 758 43 15 som
355 753 6 20 i
376 753 106 22 städerna,
498 759 49 14 vore
571 753 35 20 det
629 751 45 22 fara
690 751 66 26 värdt,
773 754 31 19 att
820 751 81 21 sädana

83 781 150 26 arbetarebyar
255 781 67 21 skulle
345 781 64 20 blifva
430 780 78 22 härdar
532 781 30 20 för
577 780 123 27 osedlighet,
717 787 45 14 mer
777 782 25 19 än
819 779 58 22 fallet
893 780 6 21 i

82 809 116 22 allmänhet
213 811 29 23 är,
259 809 37 22 der
310 810 80 21 sädana
406 811 67 19 större
488 810 96 21 samfund
601 809 23 21 af
637 815 25 16 en
678 809 115 21 arbetande
805 809 56 21 klass
872 809 27 26 pä

83 838 72 21 landet
170 840 52 19 utan
238 838 69 26 tillsyn
323 845 27 14 nu
366 838 119 21 förefinnas.
516 839 31 20 På
562 839 65 20 sådan
642 838 68 27 grund
726 838 66 21 skulle
801 838 37 26 jag
849 844 50 15 anse

83 869 36 20 det
134 873 50 15 vara
199 867 102 27 rädligast
316 869 32 19 att
363 867 45 21 icke
424 867 85 21 försöka
523 867 68 22 införa
607 869 31 19 ett
653 867 75 21 sådant
738 867 162 26 parcellerings-

81 899 86 24 system.

151 953 55 21 Herr
222 952 143 22 Castrén:
395 953 40 26 Jag
456 953 38 21 har
509 954 5 20 i
531 953 119 21 hufvudsak
672 952 68 21 blifvit
755 952 144 22 förekommen

83 981 22 21 af
118 981 49 22 herr
190 981 111 26 Clouberg.
332 980 69 22 Också
422 981 42 21 min
489 982 62 25 afsigt
574 987 37 15 var
633 982 30 20 att
688 981 47 21 med
751 981 112 26 anledning
879 980 22 22 af

83 1010 49 21 herr
147 1010 100 27 Ignatius
263 1010 78 26 förslag
356 1010 22 20 få
393 1010 86 20 hänvisa
502 1010 32 21 till
556 1010 86 21 sidorna
661 1010 11 20 7
689 1010 39 20 och
744 1011 12 19 8
772 1010 6 20 i
794 1008 106 22 komit&ns

84 1039 140 25 betänkande,
246 1038 71 22 hvilka
332 1040 59 19 utom
407 1039 25 20 de
448 1038 22 21 af
483 1038 49 21 herr
547 1038 106 26 Clouberg
668 1038 88 21 anförda
771 1038 52 25 skäl,
839 1038 61 20 inne-

83 1068 52 20 fatta
151 1066 105 27 ätskilliga
271 1067 66 21 andra
352 1069 44 19 mot
412 1069 30 19 ett
458 1067 67 27 dylikt
539 1066 109 22 konstladt
662 1066 141 28 tillskapande
820 1066 23 21 af
851 1072 49 20 par-

83 1096 98 27 cellbyar.
211 1096 40 26 Jag
272 1096 53 21 skall
348 1096 45 20 icke
416 1102 94 20 upprepa
525 1096 54 24 dem,
599 1097 49 20 enär
664 1096 26 20 de
705 1095 90 27 troligen
811 1096 37 20 äro
864 1095 37 21 be-

83 1125 64 21 kanta
170 1124 32 22 för
224 1124 94 21 ständets
341 1124 142 22 medlemmar.
514 1124 47 22 Men
582 1124 37 27 jag
637 1124 67 21 skulle
719 1124 50 26 vilja
784 1124 69 21 säsom
869 1125 32 20 ett

83 1153 123 27 ytterligare
229 1154 44 20 skäl
298 1153 91 26 tillägga,
413 1156 32 18 att
461 1153 67 21 denna
543 1155 33 19 tro
599 1154 26 26 pä
641 1156 31 17 att
688 1159 25 15 en
729 1152 100 27 utvidgad
846 1152 53 26 jord-

82 1181 140 27 parcellering
244 1182 68 20 skulle
334 1181 111 27 tillgodose
470 1182 25 20 de
517 1182 61 26 länge
593 1182 39 20 och
647 1181 58 26 ifrigt
720 1181 95 21 uttaiade
838 1180 63 21 önsk-

82 1210 131 25 ningsmälen
229 1213 31 18 att
276 1210 20 21 fä
312 1210 37 21 vär
363 1210 45 21 lösa
425 1210 122 25 befolkning
561 1210 28 26 pä
605 1216 25 14 en
648 1209 78 21 fastare
742 1210 36 23 fot,
794 1209 106 20 sannolikt

83 1238 53 21 skall
158 1238 44 21 visa
224 1239 31 25 sig
270 1239 69 20 såsom
355 1245 25 14 en
396 1239 84 20 chimär.
512 1238 41 21 Det
567 1241 24 18 är
606 1238 46 21 icke
668 1237 40 22 den
723 1238 46 21 lösa
784 1237 116 21 befolknin-

82 1273 41 20 gen
138 1267 6 20 i
160 1267 91 26 egentlig
272 1267 82 26 mening
377 1273 25 14 en
426 1267 56 26 dylik
505 1267 82 20 lättnad
611 1267 6 20 i
637 1266 198 27 jordaisöndringen
858 1266 42 21 kan

83 1296 85 20 komma
183 1295 33 21 till
230 1295 60 26 godo.
322 1295 31 20 En
370 1295 56 26 dylik
450 1295 31 20 lös
503 1301 76 20 person
599 1295 124 26 disponerar
738 1295 46 20 icke
800 1294 59 21 öfver
875 1294 26 21 de

82 1323 86 27 kapital,
184 1329 45 15 som
245 1323 105 21 erfordras
365 1323 33 21 för
413 1325 32 19 att
460 1323 71 21 tillösa
547 1323 33 27 sig
595 1329 25 15 en
636 1323 84 26 parcell,
732 1323 18 26 ej
763 1323 66 20 heller
841 1323 59 20 öfver

83 1352 39 21 den
145 1351 76 23 kredit,
244 1357 44 16 som
312 1351 32 21 för
360 1351 121 22 ändamälet
496 1352 69 21 kunde
581 1357 49 15 vara
646 1351 68 27 nödig.
747 1351 154 21 Erfarenheten

83 1381 44 20 från
144 1381 25 20 de
185 1381 81 20 trakter
282 1381 6 20 i
303 1380 47 21 vårt
365 1381 48 20 land
428 1380 35 27 jag
478 1380 86 24 känner,
580 1379 100 22 särskildt
697 1379 101 22 närheten
814 1380 22 20 af
851 1379 49 21 Hel-

81 1409 98 27 singfors,
197 1409 83 21 hvarest
295 1409 165 26 parcelleringen
476 1409 76 21 skridit
568 1409 71 26 längre
654 1408 53 21 fram
728 1410 25 19 än
766 1409 26 26 pä
803 1408 26 21 de
840 1409 62 20 flesta

83 1438 66 21 andra
170 1440 64 22 orter,
259 1438 38 20 har
319 1438 53 21 visat
395 1441 31 18 att
446 1438 172 27 jordafsöndring
633 1449 27 3 —
673 1437 36 27 jag
725 1436 55 22 talar
795 1436 38 21 här
853 1437 48 20 icke

82 1471 35 15 om
133 1465 131 21 industriella
280 1466 140 25 inrätiningar
435 1477 27 3 —
478 1467 117 25 egentligen
611 1466 57 19 skett
683 1466 32 19 till
731 1465 83 20 förmän
832 1465 32 20 för
875 1471 25 14 en

83 1493 44 21 helt
156 1500 69 14 annan
248 1493 166 26 samhällsklass,
442 1493 32 21 för
503 1493 156 27 jordtorparen,
686 1493 215 26 spannmälstorpare,

83 1521 161 27 handtverkare,
259 1521 86 27 tjenare,
361 1527 44 15 som
422 1522 129 25 smäningom
567 1521 104 21 anskaffat
686 1522 32 25 sig
733 1523 31 19 ett
780 1521 46 21 litet
841 1521 61 26 kapi-
