1120 1798
289 142 177 22 Borgareståndet
478 145 56 16 1882.
558 146 11 16 7
581 145 96 17 februari.
851 140 39 20 137

144 210 56 21 Herr
222 211 124 27 Nybom:
364 207 68 33 Äfven
446 212 36 29 jag
497 213 54 21 hade
565 215 73 19 ämnat
653 213 124 22 framlemna
793 216 30 18 ett
837 214 54 25 peti-

75 237 135 28 tionsförslag
231 239 7 20 i
261 240 109 21 enahanda
387 239 65 28 "syfte,
468 247 44 14 som
529 242 35 20 det
579 247 28 14 nu
622 242 104 25 upplästa,
742 241 99 21 hvarmed
857 241 33 21 sä-

75 266 64 21 lunda
154 267 40 20 den
209 267 64 21 ärade
289 271 170 23 representanten
476 269 32 20 för
524 269 81 26 Kajana
621 269 134 22 förekommit
770 269 49 27 mig.
849 270 42 26 Jag

74 294 42 21 kan
132 295 70 20 derför
217 295 45 21 icke
278 299 70 22 annat,
364 298 26 19 än
406 299 32 18 att
453 297 27 26 på
496 297 34 21 det
543 300 104 18 varmaste
658 297 137 27 understödja
805 298 85 26 petitio-

75 324 63 19 nären
154 324 57 20 såväl
228 325 46 20 med
291 324 97 21 afseende
403 326 13 20 å
431 325 74 26 sjelfva
519 325 201 27 petitionsförslaget
735 332 44 15 som
796 326 46 21 dess
858 333 32 14 re-

74 351 50 21 miss
140 351 29 21 till
185 351 146 26 lagutskottet.

142 379 41 22 Det
205 380 65 21 borde
292 381 46 21 icke
362 381 99 22 behöfvas
481 384 45 19 stor
541 382 119 21 eftertanke
675 382 32 21 för
722 385 32 18 att
769 383 51 24 inse,
836 382 54 22 huru

73 408 88 26 mycken
185 409 31 20 tid
239 409 39 21 och
301 409 89 22 kostnad
409 409 126 28 besparades
550 411 32 20 för
597 411 183 24 konsumenterna,
796 410 93 22 särdeles

73 436 28 27 på
122 435 78 27 landet,
223 443 34 15 om
280 438 25 21 de
328 438 88 21 artiklar
439 438 24 21 af
482 439 71 20 hvilka
569 440 25 20 de
611 439 60 21 hafva
687 439 69 24 behof,
772 439 70 21 fördes
857 439 33 21 till

73 464 58 27 dem;
152 465 38 21 och
206 465 35 21 det
257 467 23 20 är
297 466 32 21 för
345 466 39 21 den
400 467 80 26 fattiga,
496 467 39 21 den
552 467 80 21 mindre
649 467 128 26 bemedlade,
794 467 31 22 för
837 467 52 22 hvil-

73 493 41 21 ken
137 496 72 24 nyttan
233 494 62 21 häraf
316 501 49 15 vore
388 497 70 19 störst.
489 495 71 22 Såsom
578 496 179 26 förslagställaren
774 497 63 20 redan
853 502 38 15 an-

73 522 70 21 märkt
166 523 105 26 uppbäres
293 523 36 21 det
344 530 28 14 nu
387 524 98 27 gällande
501 524 99 27 lagbudet
615 525 7 20 i
637 526 70 19 ämnet
723 525 46 20 icke
784 525 27 26 på
827 525 64 26 något

73 552 43 26 sätt
131 550 23 21 af
166 551 199 22 folkmedvetandet.
389 552 29 21 Af
432 553 53 24 dem,
502 559 43 14 som
562 559 28 14 nu
605 559 39 20 ega
659 555 32 18 att
706 553 58 20 stifta
779 553 40 26 lag,
836 553 55 21 skall

73 579 48 26 föga
144 579 67 26 någon
235 579 62 27 åtaga
319 582 32 25 sig
366 583 32 18 att
413 587 50 14 vara
478 581 114 26 anklagare
608 581 5 20 i
629 584 31 18 ett
675 581 98 26 lagbrott,
790 581 22 21 af
824 581 66 21 sådan

73 607 151 26 beskaffenhet,
240 614 44 15 som
301 608 64 25 detta,
377 609 38 21 och
426 609 104 27 allmogen
542 609 114 23 befordrar,
667 610 68 21 såsom
747 609 71 26 kändt,
829 611 61 20 dessa

72 635 125 28 beständiga
219 637 201 25 lagöfverträdelser.
451 639 41 26 Jag
506 638 58 21 inser
580 638 81 21 derföre
676 639 46 20 icke
737 638 84 21 hvarför
832 638 58 21 detta

73 665 80 26 vidriga
169 665 79 26 lagbud
263 667 54 19 ännu
333 667 73 26 längre
421 666 67 21 skulle
504 666 19 21 få
538 667 34 21 stå
587 673 51 20 qvar
653 668 6 19 i
675 667 37 20 vår
727 667 106 20 allmänna
849 667 40 26 lag.

72 693 40 26 Jag
135 693 86 27 hoppas,
245 696 32 18 att
299 695 140 25 lagutskottet
463 701 35 19 nu,
522 695 87 22 likasom
633 695 34 20 vid
687 698 83 18 senaste
790 695 101 28 landtdag

73 722 203 21 ekonomiutskottet
297 729 44 15 som
358 722 32 27 då,
406 729 33 15 om
453 723 37 27 jag
505 724 81 21 minnes
601 726 48 24 rätt,
666 724 131 21 behandlade
816 724 74 27 frågan

73 750 7 21 i
96 751 151 26 sammanhang
263 753 45 19 med
325 751 40 22 den
381 751 105 22 allmänna
502 753 153 26 näringslagen,
671 753 53 20 skall
738 753 77 21 föreslå
831 753 59 20 detta

73 779 88 25 lagbuds
184 779 152 27 upphäfvande,
358 780 38 21 och
419 781 115 26 tillstyrker
554 781 42 27 jag,
614 781 68 21 såsom
699 781 67 27 sagdt,
782 781 108 27 petitions-

73 808 142 21 memorialets
231 809 73 20 remiss
320 809 31 20 till
367 809 145 26 lagutskottet.

141 865 55 22 Herr
211 865 125 28 Nysten:
352 865 40 25 Jag
407 866 67 21 skulle
489 867 33 20 för
537 867 42 20 min
595 867 33 21 del
644 873 56 18 anse,
716 868 31 19 att
763 866 57 22 detta
835 867 54 26 peti-

73 894 135 27 tionsförslag
229 894 65 22 borde
316 894 120 22 remitteras
453 895 31 21 till
500 897 152 20 sammansatta
667 896 45 25 lag-
728 895 40 21 och
783 895 107 21 ekonomi-

72 923 110 21 utskottet.
209 923 41 21 Det
265 929 36 15 var
317 923 59 21 detta
391 924 89 26 utskott,
496 930 44 15 som
557 924 91 21 beredde
664 924 120 21 nuvarande
796 925 93 26 närings-

73 951 34 27 lag
129 951 39 21 och
188 951 31 21 till
243 952 58 20 detta
324 952 80 21 utskott
427 952 61 21 hafva
504 952 60 21 äfven
581 953 66 20 andra
662 952 78 27 förslag
755 958 33 15 om
804 952 86 22 föränd-

73 980 46 26 ring
135 980 21 20 af
169 980 146 27 näringslagen
331 980 69 21 blifvit
414 980 132 26 hänskjutna.

143 1037 53 21 Herr
211 1037 121 21 Ervast:
349 1038 41 26 Jag
404 1037 40 21 har
460 1038 31 20 för
504 1038 41 20 min
562 1038 33 21 del
611 1038 47 21 med
674 1038 96 21 afseende
786 1038 57 24 derå,
859 1040 32 19 att

73 1064 68 22 denna
170 1066 87 26 petition
281 1066 65 26 angår
368 1066 147 26 upphäfvande
538 1066 22 21 af
581 1073 25 15 en
628 1066 101 27 paragraf
750 1067 6 20 i
781 1068 53 20 1734
856 1067 34 21 års

73 1093 40 27 Jag,
129 1096 74 24 ansett,
221 1097 31 17 att
268 1094 120 22 densamma
405 1094 64 22 borde
484 1096 120 20 remitteras
619 1096 32 20 till
668 1095 145 27 lagutskottet.
839 1094 50 22 Men

71 1122 36 27 jag
129 1122 38 21 har
189 1123 42 26 mig
251 1123 60 21 äfven
328 1123 84 25 bekant,
428 1126 31 18 att
475 1123 35 21 vid
524 1129 84 15 senaste
623 1123 101 26 landtdag
739 1126 151 18 sammansatta

72 1150 43 26 lag-
137 1150 38 22 och
196 1152 203 20 ekonomiutskottet
414 1152 79 26 egnade
509 1152 73 26 frågan
598 1152 90 21 särskild
704 1152 186 26 uppmärksamhet

73 1179 39 21 och
127 1179 31 21 för
173 1180 31 20 sin
221 1180 33 20 del
270 1179 115 27 tillstyrkte
400 1180 38 21 hos
453 1180 120 25 ständerna,
586 1183 30 18 att
627 1180 184 26 gärdfarihandeln
821 1180 68 21 skulle

73 1207 98 27 frigifvas.
201 1208 41 26 Jag
264 1208 54 20 hade
338 1208 84 21 derföre
438 1208 44 21 haft
498 1208 32 21 för
546 1208 62 27 afsigt
623 1211 32 18 att
671 1208 26 21 be
713 1210 31 18 att
759 1208 20 21 få
794 1208 32 21 till
842 1215 47 20 pro-

73 1236 89 21 tokollet
183 1236 98 25 uttaladt,
301 1239 31 18 att
356 1236 36 21 det
414 1237 87 25 utskott,
517 1236 83 22 hvartill
616 1237 73 27 frägan
705 1243 28 14 nu
749 1236 94 22 kommer
858 1239 32 18 att

72 1265 125 24 remitteras,
217 1265 66 20 mätte
300 1267 48 24 taga
364 1265 5 20 i
386 1265 151 26 öfvervägande
554 1266 24 20 de
594 1266 97 26 grunder,
708 1265 27 26 pä
749 1265 72 21 hvilka
835 1271 53 15 sam-

72 1295 105 19 mansatta
206 1293 43 26 lag-
277 1293 38 21 och
337 1294 204 21 ekonomiutskottet
563 1294 75 21 trodde
660 1294 32 26 sig
714 1294 70 20 kunna
805 1293 86 22 förorda

72 1321 195 26 gärdfarihandelns
290 1321 124 27 frigifvande
435 1322 38 21 och
496 1322 26 21 de
544 1323 74 24 vilkor,
640 1322 67 21 under
724 1322 72 21 hvilka
810 1329 81 14 samma

72 1350 81 21 utskott
169 1350 71 27 ansäg,
256 1352 32 19 att
303 1351 69 20 denna
386 1350 78 21 handel
479 1351 69 21 kunde
565 1351 110 21 bedrifvas.
819 1369 10 10 .

141 1407 56 20 Herr
220 1407 119 27 Nybom:
363 1407 61 21 Hvad
448 1407 130 22 vidkommer
593 1407 156 27 upphäfvandet
764 1407 21 21 af
799 1407 7 20 i
822 1407 68 26 fräga-

72 1435 92 22 varande
179 1436 100 26 paragraf
292 1437 6 18 i
315 1435 171 24 handelsbalken,
498 1438 23 18 är
532 1437 42 24 det,
586 1437 63 24 enligt
660 1436 42 20 min
714 1439 40 19 tro,
765 1435 124 26 uppenbart,

72 1466 33 18 att
127 1463 67 21 denna
216 1465 37 20 sak
277 1463 64 26 enligt
364 1463 11 28 $
394 1465 27 19 34
436 1463 7 20 i
458 1463 22 21 L.
498 1463 24 21 O.
539 1464 39 20 bör
592 1464 26 25 gå
634 1463 31 21 till
681 1463 146 26 lagutskottet,
843 1469 47 15 men

70 1493 36 26 jag
129 1491 98 28 förbisäg,
250 1494 31 19 att
303 1492 140 26 petitionären
465 1491 48 21 ville
528 1491 77 22 föreslä
620 1491 60 21 äfven
696 1491 67 21 andra
777 1491 113 26 ändringar

72 1521 6 20 i
101 1519 152 28 näringslagen.
283 1519 39 22 Till
344 1519 68 22 denna
434 1525 74 16 senare
528 1520 33 21 del
578 1519 63 22 borde
656 1520 235 27 petitionsmemorialet
