1123 1814
294 139 176 21 Borgareståndet
483 140 56 17 1882.
562 141 14 15 4
588 140 97 17 februari.
876 135 27 21 85

150 208 79 21 Vidare
254 208 96 27 uppläste
376 208 48 22 herr
449 208 154 28 Lojander
628 211 30 19 ett
681 208 180 27 petitionsförslag
882 208 23 22 af

83 236 92 28 följande
190 237 88 26 lydelse:

307 322 40 21 Till
362 322 112 26 Vällofliga
490 321 187 27 Borgareståndet!

151 379 66 21 Bland
237 379 25 21 de
282 380 77 26 många
377 379 186 27 petitionsförslag,
580 385 44 15 som
640 378 32 22 till
688 381 71 19 senast
775 378 127 22 församlade

80 408 88 21 ständer
185 408 136 26 inlemnades,
338 408 89 21 berörde
445 408 40 20 den
501 410 79 19 största
596 407 60 22 delen
672 408 131 20 inrättandet
818 407 23 21 af
854 414 47 20 nya,

82 436 150 22 företrädesvis
248 436 67 22 finska
331 436 77 22 skolor.
430 436 118 22 Ständerna
564 437 81 21 beslöto
662 436 44 25 ock,
723 436 53 21 efter
792 438 32 19 att
840 436 62 21 hafva

80 468 64 25 egnat
163 467 25 19 de
208 466 118 26 framlagda
344 465 183 27 önskningsmålen
543 472 25 15 en
584 465 97 27 grundlig
697 464 104 28 pröfning,
816 467 32 19 att
864 465 38 21 hos

81 495 58 21 Hans
160 494 116 28 Kejserliga
299 494 99 27 Majestät
417 494 85 21 anhålla
520 494 63 22 bland
600 496 64 19 annat
679 500 34 15 om
729 496 31 19 att
776 494 6 20 i
799 494 39 20 den
854 496 48 18 när-

82 525 66 20 maste
168 524 112 21 framtiden
301 522 67 23 finska
385 523 165 22 lärdomsskolor
565 523 66 22 måtte
647 523 90 21 inrättas
752 523 28 27 på
796 523 24 21 de
836 525 65 22 orter,

81 553 37 20 der
134 552 206 27 bildningsbehofvet
362 551 76 22 sådant
460 552 104 26 fordrade,
581 552 117 26 hvarjämte
710 551 118 22 Ständerna
839 551 62 21 äfven

81 581 103 26 uppgåfvo
207 581 71 20 hvilka
298 583 57 19 orter
376 581 73 21 främst
470 581 64 20 borde
554 581 158 26 ifrågakomma.
743 580 41 21 För
799 574 47 27 Åbo
862 579 39 22 och

80 609 142 27 Björneborgs
239 609 41 23 län,
296 609 63 22 hvars
374 609 77 21 talrika
467 609 153 21 finskatalande
637 609 121 26 befolkning
774 615 36 15 var
825 609 7 20 i
848 609 52 20 total

81 637 102 22 afsaknad
196 638 22 20 af
232 638 164 21 lärdomsskolor
409 638 118 21 bestämdes
539 641 75 18 tvenne
626 638 89 20 sådana:
728 640 30 18 ett
769 637 132 26 fullständigt

80 667 81 26 lyceum
184 667 5 20 i
210 660 47 27 Åbo
280 667 38 21 och
337 669 32 18 ett
387 667 121 26 fyrklassigt
527 667 79 26 lyceum
623 666 5 21 i
645 666 136 26 Björneborg.
812 666 34 21 Då
860 666 40 21 den

80 695 177 21 vidtomfattande
280 695 129 26 granskning
431 695 22 21 af
475 695 82 21 landets
580 695 190 26 skolorganisation
791 701 44 15 som
854 695 47 20 med

80 724 112 26 anledning
213 724 21 21 af
254 724 128 21 Ständernas
404 724 87 26 petition
507 724 121 21 sedermera
642 723 22 21 af
678 723 132 28 Regeringen
826 724 74 21 anord-

81 752 70 27 nades,
168 753 52 26 drog
239 753 60 26 länge
316 757 21 17 ut
355 753 27 26 pä
397 753 63 23 tiden,
469 753 117 21 inrättades
601 759 75 20 genom
693 753 81 26 privata
790 759 110 20 personers

79 781 92 22 initiativ
186 781 67 22 finska
268 781 97 22 läroverk
381 781 27 27 på
423 782 25 20 de
464 785 63 22 orter,
544 782 37 21 der
598 787 46 15 man
660 781 5 21 i
682 781 47 21 stöd
740 781 22 21 af
771 781 130 21 Ständernas

80 810 124 21 uttalanden
226 810 64 21 borde
313 810 81 27 hoppas
416 812 32 19 att
469 810 78 21 sådana
567 809 68 23 skulle
651 809 111 28 förläggas.
792 809 29 22 Af
835 810 65 21 sådan

80 839 62 21 orsak
164 840 91 26 uppstod
275 839 60 22 äfven
358 845 34 15 om
411 839 73 21 hösten
508 839 59 26 1879,
581 845 75 20 genom
676 845 25 15 en
717 839 104 26 sällspord
838 838 62 21 offer-

81 867 95 27 villighet
197 868 38 21 hos
258 868 74 21 staden
355 868 143 27 Björneborgs
519 868 39 21 och
577 868 47 21 dess
640 867 118 27 omnejders
774 868 126 20 innevånare

81 897 35 20 det
136 896 68 22 finska
223 897 155 27 privatlyceet
376 892 12 36 i
394 896 137 27 Björneborg.
561 897 73 21 Redan
650 896 45 21 från
712 896 73 27 början
802 896 98 27 lyckades

80 925 118 22 detsamma
213 925 94 22 tillvinna
322 925 32 27 sig
369 925 154 22 allmänhetens
538 925 84 27 välvilja
633 925 39 21 och
682 924 126 26 förtroende,
820 925 80 20 hvilket

81 954 47 21 bäst
145 955 83 20 bevisas
244 954 23 21 af
281 954 36 21 det
332 955 77 20 talrika
424 953 59 22 antal
499 954 51 21 barn
566 955 66 26 (115),
646 960 44 15 som
704 954 45 20 deri
760 953 48 21 sökt
818 953 82 22 inträde

81 983 39 21 och
136 983 26 21 de
177 983 46 21 rika
239 983 179 27 stipendiifonder,
434 989 44 15 som
495 983 31 21 till
543 983 116 21 detsamma
670 983 105 21 donerats.
797 983 37 21 Att
846 982 54 22 elev-

81 1012 80 21 antalet
181 1014 56 19 ännu
257 1012 81 22 kunnat
356 1018 50 15 vara
423 1012 48 21 vida
487 1014 74 23 större,
578 1012 6 21 i
599 1012 101 21 händelse
715 1012 85 21 skolans
816 1011 83 22 tillvaro

82 1042 53 20 varit
150 1041 57 21 fotad
224 1042 26 26 på
266 1047 24 15 en
306 1040 41 22 fast
361 1041 74 27 grund,
451 1041 41 21 kan
508 1044 88 24 antagas
612 1041 58 21 deraf
685 1043 31 18 att
727 1040 45 21 från
784 1040 35 21 det
831 1042 69 20 vestra

81 1069 119 22 Satakunta
215 1070 87 26 ungefär
317 1070 28 22 40
355 1070 52 21 barn
419 1070 48 20 sökt
478 1070 82 21 inträde
571 1070 5 20 i
589 1069 129 21 Tavastehus
729 1069 171 27 normallyceum,

82 1098 37 22 der
138 1099 24 21 de
178 1098 46 22 haft
239 1099 62 21 säker
316 1099 65 26 utsigt
396 1098 31 21 för
443 1100 31 20 att
490 1098 61 22 deras
566 1098 81 21 studier
662 1098 45 21 icke
723 1098 83 21 komme
822 1100 32 19 att
870 1098 30 21 af-

82 1126 79 28 brytas.
192 1127 28 21 Af
240 1128 26 20 de
284 1128 26 20 86
327 1128 69 21 elever
411 1134 44 14 som
472 1126 31 22 för
519 1127 131 21 närvarande
665 1126 79 22 besöka
759 1126 141 27 Björneborgs

81 1155 68 22 finska
164 1156 159 27 privatlyceum,
340 1158 36 19 äro
393 1156 26 20 37
435 1156 179 21 hemmahörande
629 1156 6 20 i
651 1156 141 26 Björneborgs
807 1156 54 24 stad,
874 1156 26 20 de

82 1184 68 28 öfriga
166 1185 46 21 från
228 1185 158 27 kringliggande
402 1185 87 21 trakter.
512 1185 33 21 Då
561 1185 35 21 det
612 1184 53 22 dock
681 1184 40 21 blir
736 1190 26 15 en
778 1184 123 26 omöjlighet

82 1215 32 20 att
136 1214 72 26 längre
232 1214 46 20 med
301 1213 136 27 hopsamlade
461 1214 68 20 medel
550 1213 126 21 underhålla
698 1213 74 21 skolan
793 1212 39 22 och
853 1213 47 21 dess

81 1242 80 26 ganska
183 1242 206 28 förhoppningsiulla
408 1242 80 21 elevers
509 1242 81 21 studier
609 1242 90 21 sålunda
716 1242 68 21 skulle
800 1242 100 26 afbrytas,

81 1271 53 27 våga
150 1271 19 20 vi
185 1271 39 21 hos
239 1270 105 27 vällofliga
359 1271 174 26 borgareståndet
548 1270 91 26 anhålla,
655 1272 33 19 att
702 1270 86 21 ståndet
803 1270 48 21 ville
866 1273 35 18 ut-

82 1299 71 27 verka,
170 1301 32 19 att
218 1299 120 21 Ständerna
350 1299 85 27 inginge
451 1299 32 21 till
499 1298 60 22 Hans
575 1298 117 27 Kejserliga
707 1298 99 27 Majestät
816 1298 48 21 med
875 1304 25 15 en

81 1327 131 27 underdånig
227 1328 96 26 petition,
340 1330 31 18 att
386 1328 34 20 det
429 1327 76 27 finska
519 1328 140 27 privatlyceet
674 1327 7 20 i
695 1326 131 28 Björneborg
837 1328 64 20 måtte

81 1356 104 28 antingen
204 1356 130 21 omedelbart
355 1356 51 20 från
428 1358 64 18 nästa
510 1356 82 21 läseårs
608 1356 77 27 början
702 1356 31 26 af
744 1358 69 18 staten
829 1355 72 27 öfver-

82 1387 68 25 tagas,
166 1385 52 20 eller
236 1384 37 21 ock
288 1384 85 22 erhålla
388 1384 119 27 tillräcklig
523 1384 125 21 subvention
663 1384 31 28 af
704 1384 123 20 statsmedel
843 1384 58 20 intill

81 1413 47 21 dess
146 1416 29 18 ett
189 1414 136 26 statslyceum
340 1413 44 21 kan
400 1413 67 21 varda
480 1414 31 26 på
526 1414 69 26 sagda
611 1415 33 18 ort
660 1407 114 26 inrättadt.
796 1412 33 21 En
842 1412 60 22 skola

82 1442 48 19 med
152 1442 40 19 den
215 1442 144 26 organisation
382 1442 50 19 våra
454 1441 124 32 fyrklassiga
599 1442 69 25 lyceer
686 1441 62 20 hafva
763 1441 69 20 bildar
848 1441 53 20 dock

81 1470 47 20 icke
143 1470 65 25 något
224 1470 101 20 afslutadt
340 1469 50 23 helt,
407 1470 39 20 den
463 1469 80 20 lemnar
553 1469 47 21 sina
610 1469 96 20 alumner
716 1469 28 26 på
754 1469 70 20 halfva
836 1470 65 24 vägen

82 1497 32 22 till
136 1486 47 33 det
190 1498 42 21 mål
252 1498 25 21 de
298 1497 85 22 sträfva.
414 1497 45 21 Den
479 1497 40 21 kan
539 1497 81 21 således
639 1497 45 20 icke
703 1497 6 20 i
724 1503 26 14 en
765 1497 66 20 sådan
847 1496 54 21 form

82 1526 153 22 tillfredsställa
258 1526 203 27 bildningsbehofvet
481 1526 38 21 hos
539 1532 24 15 en
583 1525 63 22 talrik
663 1525 127 27 befolkning,
808 1531 44 16 som
868 1531 34 16 ser
