1120 1775
276 123 7 16 %
296 124 177 21 Borgareståndet
485 124 57 17 1882.
568 125 21 17 15
602 128 60 13 mars.
849 118 42 20 489

73 194 30 27 Ty
119 195 71 21 staten
206 193 42 21 kan
265 192 72 23 skicka
352 192 48 22 hem
417 199 24 15 en
457 199 76 21 person
549 193 29 21 tio
594 194 79 26 gånger
688 199 32 15 om
733 193 46 21 året
790 193 32 21 till
833 193 59 21 kom-

72 229 85 20 munen,
173 228 48 15 men
237 222 127 21 kommunen
380 222 50 26 bryr
445 223 33 25 sig
492 222 46 21 icke
553 228 33 15 om
603 224 32 19 att
650 221 97 22 meddela
762 222 67 26 någon
846 228 46 15 var-

72 252 50 26 ning
145 252 23 20 åt
190 250 145 22 lösdrifvaren.
365 250 31 21 På
419 250 60 21 dessa
501 250 46 22 skäl
563 250 40 22 och
618 250 32 21 för
664 252 32 19 att
711 251 68 21 denna
795 250 100 27 paragraf

73 280 34 21 må
129 279 74 22 ställas
218 279 6 21 i
240 278 65 27 något
326 279 58 27 slags
406 278 136 22 konformitet
557 279 47 21 med
621 278 198 28 fattigvårdslagens
835 279 57 21 stad-

73 308 74 28 gande,
169 310 33 18 att
223 308 82 26 tiggare
327 308 53 20 böra
406 307 127 21 hemsändas
555 307 27 27 på
605 308 138 21 kommunens
767 308 125 24 bekostnad,

73 336 68 23 skulle
162 336 36 28 jag
220 336 53 27 yrka
295 337 33 26 på,
348 338 33 19 att
403 336 152 22 kommunerna
573 336 60 22 skola
656 336 70 22 betala
749 336 143 22 kostnaderna

74 366 59 22 äfven
149 365 32 21 för
196 365 134 21 lösdrifvares
346 364 162 22 hemsändande.

143 423 55 21 Herr
213 422 169 22 Snellman:
408 422 42 22 För
465 422 42 22 min
524 422 32 21 del
572 424 23 19 är
609 422 35 27 jag
660 428 49 16 ense
725 422 48 22 med
789 422 105 22 utskottet

74 452 38 22 och
136 452 54 25 dem,
207 451 71 21 hvilka
299 451 53 28 yrka
366 452 34 26 pä,
418 453 32 19 att
472 451 143 21 kostnaderna
638 450 32 22 för
692 451 135 21 lösdrifvares
850 451 44 21 för-

75 481 103 25 sändning
201 480 31 22 till
257 480 108 22 hemorten
388 480 59 25 böra,
463 480 87 22 säframt
568 480 45 21 icke
629 479 138 22 lösdrifvaren
783 480 47 27 sjelf
844 486 49 21 eger

74 510 120 26 tillgängar,
209 509 51 27 utgä
276 509 45 22 frän
344 510 130 21 statsmedel.
505 509 47 21 Men
569 509 36 27 jag
620 515 62 15 anser
698 510 36 20 det
749 515 50 15 vara
815 509 78 27 nödigt,

75 541 32 19 att
121 538 7 21 i
144 538 123 27 paragrafen
292 538 84 27 inginge
399 541 31 19 ett
453 538 80 27 tillägg,
550 544 43 15 som
617 538 125 28 förtydligar
765 538 69 21 denna
849 538 44 26 sak,

76 568 35 21 det
133 567 74 28 tillägg
230 567 112 27 nämligen,
358 568 40 24 att,
414 567 84 26 ,derest
521 567 124 21 lösdrifvare
668 567 48 27 sjelf
734 567 46 21 icke
796 566 38 21 har
850 567 44 21 till-

75 597 55 26 gäng
145 599 31 19 att
192 597 89 20 bekosta
296 596 192 25 hemförsändning,
505 596 116 21 kostnaden
638 596 70 21 derför
723 595 54 22 skall
793 596 101 21 betäckas

76 626 22 21 af
112 627 88 20 staten".
231 625 40 28 Jag
289 625 67 22 skulle
378 625 70 22 derför
463 625 83 26 föreslå,
563 627 31 20 att
609 625 126 28 paragrafen
751 625 143 22 äterremitte-

75 661 36 15 ras
125 655 32 21 till
173 655 106 21 utskottet
295 655 6 20 i
317 655 58 21 detta
390 654 60 28 syfte.

145 713 55 21 Herr
216 713 89 21 Göös:
327 713 67 21 Afven
408 713 36 26 jag
459 712 139 22 understöder
617 713 53 25 dem,
687 712 72 21 hvilka
775 713 71 26 önska,
862 715 32 19 att

76 742 153 21 kommunerna
252 741 110 27 förpligtas
384 744 32 19 att
432 741 83 26 deltaga
531 742 6 19 i
553 741 144 22 kostnaderna
712 741 32 21 för
760 741 134 22 lösdrifvares

78 770 160 22 hemsändande.
269 770 42 21 Det
326 772 23 19 är
364 777 26 14 en
406 769 124 28 obestridlig
552 770 88 27 princip,
664 772 32 19 att
717 769 92 28 familjen
830 770 65 21 delvis

77 800 67 21 mäste
167 799 51 21 bära
241 799 88 21 skulden
353 799 33 21 för
405 805 34 15 om
455 799 68 26 nägon
540 799 21 21 af
575 799 48 21 dess
639 799 136 21 medlemmar
790 799 63 20 räkar
868 799 27 26 pä

77 829 92 26 afvägar.
199 828 132 21 Kommunen
348 830 24 19 är
387 828 107 27 ingenting
517 830 64 19 annat
595 829 26 19 än
638 834 25 14 en
679 827 98 27 komplex
793 827 20 22 af
827 827 68 21 famil-

75 858 40 26 jer,
131 857 38 22 och
185 863 81 15 samma
287 857 111 26 principer,
413 863 45 15 som
481 857 55 25 gälla
554 857 56 21 inom
627 856 98 26 familjen,
742 857 65 20 mäste
824 856 71 21 derför

77 886 60 21 äfven
153 886 6 20 i
174 892 26 14 en
215 886 99 20 kommun
330 888 62 24 göras
413 884 104 28 gällande.
548 885 39 21 Om
603 885 6 21 i
625 891 25 15 en
666 885 99 21 kommun
781 891 25 15 en
823 884 73 27 duglig

76 914 179 22 kommunalanda
269 916 38 24 gör
322 914 31 26 sig
368 914 104 26 gällande,
488 920 33 14 om
537 914 26 21 de
579 913 108 25 individer,
703 913 72 22 hvilka
789 913 63 21 hafva
863 913 33 26 sig

77 944 137 20 kommunens
230 942 176 27 angelägenheter
421 942 6 21 i
443 942 65 26 högre
523 942 51 22 eller
589 942 81 21 mindre
686 942 52 26 grad
749 942 145 25 ombetrodda,

77 972 54 21 vaka
147 972 59 20 öfver
222 973 31 19 att
268 971 144 27 upprätthälla
428 977 25 15 en
469 971 51 21 frisk
536 972 54 20 anda
605 972 55 20 inom
677 971 128 24 densamma,
821 973 23 19 är
860 970 36 21 det

77 1000 111 28 antagligt,
203 1002 32 19 att
251 1007 24 15 en
292 1000 64 21 sädan
372 1000 100 21 kommun
488 1000 52 21 skall
556 1000 70 21 lemna
641 999 82 22 mindre
738 1000 59 21 antal
812 999 83 21 lösdrif-

78 1036 55 19 vare,
150 1031 25 19 än
192 1036 32 19 en,
240 1029 37 21 der
293 1028 191 22 kommunalandan
500 1031 24 19 är
539 1029 67 27 slapp.

147 1058 71 21 Redan
242 1058 146 21 erfarenheten
404 1058 6 20 i
426 1057 79 22 sådana
528 1058 130 24 kommuner,
675 1058 37 20 der
731 1064 25 14 en
771 1057 41 27 god
836 1057 58 21 kom-

79 1087 69 21 muna]
164 1087 55 21 anda
234 1089 24 19 är
273 1086 99 25 rådande,
388 1086 80 22 utvisar
483 1087 65 20 detta.
579 1086 71 22 Skulle
665 1085 177 27 församlingarna
852 1085 44 21 helt

78 1116 39 20 och
133 1115 65 21 hållet
214 1116 87 26 fritagas
317 1115 46 21 från
379 1115 42 21 alla
436 1115 117 21 materiella
565 1114 99 22 förluster
680 1115 32 20 för
727 1114 129 26 lösdrifvare,
872 1116 24 18 är

79 1144 35 20 det
129 1144 110 26 antagligt,
255 1147 32 17 att
303 1143 59 21 äfven
378 1143 192 22 kommunalandan
586 1143 119 26 derigenom
722 1143 45 21 icke
783 1142 68 21 skulle
863 1142 33 21 åt-

77 1172 105 22 minstone
206 1172 115 22 befordras.
351 1172 32 21 De
406 1172 110 27 principer,
532 1173 28 26 på
575 1172 71 21 hvilka
669 1172 48 21 herr
738 1171 158 28 Weissenbergs

79 1201 129 22 reservation
224 1201 73 27 hvilar,
313 1207 61 15 anser
388 1201 34 27 jag
438 1201 70 21 derför
522 1207 51 15 vara
588 1201 48 21 fullt
650 1201 108 27 befogade.

147 1258 55 21 Herr
217 1259 121 20 Öhman:
362 1258 43 26 Mig
427 1264 61 20 synes
509 1259 70 20 såsom
601 1264 34 15 om
653 1259 134 24 kommunen,
804 1257 26 20 då
846 1257 50 22 den-

79 1293 78 15 samma
174 1287 65 26 enligt
255 1287 76 26 nådiga
353 1286 138 27 kungörelsen
515 1286 108 27 angående
638 1286 97 27 flyttning
751 1286 46 21 från
813 1292 25 14 en
854 1286 42 21 för-

79 1315 89 27 samling
184 1315 32 21 till
233 1322 25 14 en
275 1321 67 15 annan
358 1315 22 20 af
394 1316 39 19 den
453 1316 23 20 17
493 1315 56 21 Mars
567 1315 60 25 1879,
644 1315 46 21 icke
714 1315 72 20 vidare
801 1314 38 21 har
854 1317 42 18 rät-

78 1344 68 26 tighet
169 1347 31 18 att
223 1344 123 24 bestämma,
370 1343 71 21 hvilka
456 1349 45 16 som
519 1343 60 21 skola
594 1343 64 21 blifva
673 1343 223 21 kommunalmedlem-

79 1378 44 15 mar
139 1372 51 21 eller
205 1373 53 24 icke,
275 1373 18 25 ej
309 1371 66 22 heller
391 1373 37 19 bör
443 1372 108 21 åhvälfvas
570 1371 122 28 skyldighet
706 1373 32 19 att
753 1371 71 22 betala
838 1372 59 20 kost-

78 1401 93 20 naderna
187 1401 32 20 för
234 1400 136 21 lösdrifvares
385 1400 136 25 försändning
532 1401 32 20 till
575 1401 103 25 guvernör
689 1400 39 20 och
737 1399 158 26 hemsändning.

135 1429 101 21 Deremot
256 1428 48 21 ville
322 1428 38 27 jag
382 1428 74 21 förena
474 1428 43 26 mig
533 1428 46 21 med
595 1428 49 21 herr
659 1427 94 21 Grönvik
769 1427 79 26 derom,
864 1430 32 18 att

79 1463 74 16 senare
176 1459 114 18 momentet
305 1457 6 20 i
328 1457 12 27 &
357 1458 25 19 10
398 1456 67 21 skulle
490 1458 134 24 utmönstras,
640 1458 50 19 enär
713 1456 35 20 det
770 1461 61 22 synes
854 1455 42 27 mig

77 1486 47 22 icke
145 1492 49 15 vara
211 1485 23 22 af
247 1486 67 26 någon
338 1485 107 27 betydelse
460 1487 33 18 att
513 1485 36 22 det
572 1485 103 28 qvarstår.
705 1483 69 23 Också
793 1485 38 21 har
853 1485 42 26 det,
