1109 1817
207 124 41 22 150
422 130 177 22 Borgareståndet
612 132 56 16 1882.
693 131 11 17 7
716 131 95 17 februari.

207 199 72 21 kunna
295 198 124 27 uppskattas
435 198 32 21 till
483 198 42 22 300
539 198 98 28 miljoner
651 198 68 22 finska
742 198 65 21 mark.
835 198 107 26 Derjämte
964 197 62 22 hafva

207 227 26 21 16
256 226 113 22 utländska
391 226 260 28 brandförsäkringsbolag
673 229 112 24 agenturer
808 226 109 28 härstädes
932 226 49 22 med
995 228 32 19 ett

205 254 209 28 försäkringsbelopp
437 255 31 21 till
488 256 63 20 minst
572 256 40 21 250
632 255 96 27 miljoner
743 256 67 20 mark.
840 254 68 22 Afven
923 254 104 22 lifförsäk-

205 283 72 25 ringar
299 283 104 22 afslutade
423 283 24 21 af
466 285 32 20 ett
515 284 107 22 inhemskt
637 284 38 21 och
691 284 54 21 eifva
759 283 114 22 utländska
888 283 63 27 bolag
967 283 59 22 torde

205 318 52 16 vara
278 312 98 26 gällande
398 312 28 27 på
449 312 24 21 lif
494 312 56 22 inom
574 313 71 21 landet
663 312 31 22 till
710 313 80 21 inemot
805 313 27 20 20
848 312 97 26 miljoner
960 312 67 26 mark,

205 340 34 22 för
255 344 57 18 utom
328 341 42 21 alla
385 341 91 27 kapital-
492 341 38 22 och
546 341 236 27 lifränteförsäkringar.

274 370 37 20 Att
331 369 39 22 här
390 376 93 15 summor
503 372 36 19 äro
560 371 74 26 ifråga,
655 370 71 21 hvilka
746 370 99 22 särskildt
863 370 164 21 vidkommande

205 398 175 28 lifförsäkringen,
403 398 31 22 till
457 399 32 21 sin
509 401 62 19 natur
590 399 6 22 i
619 399 82 27 mycket
719 406 24 14 en
759 401 119 25 sparkassa,
895 400 132 26 represente-

205 434 36 14 rar
262 427 25 21 de
313 427 122 27 dyrbaraste
459 428 109 25 intressen,
591 428 54 22 skall
664 428 45 21 icke
733 428 71 21 kunna
825 428 105 21 förnekas.
960 427 10 21 I
986 427 40 21 den

205 456 49 21 mån
270 456 266 27 nationalförmögenheten
546 458 97 21 tillväxer
653 456 59 23 skola
723 457 59 21 äfven
793 456 233 28 försäkringsbeloppen

205 485 56 26 stiga
281 485 39 21 och
339 485 38 21 allt
395 485 50 21 flere
461 485 231 27 försäkringsanstalter
707 485 38 22 här
760 486 52 21 söka
827 486 32 26 sig
874 488 31 18 ett
919 486 108 21 verksam-

205 513 92 22 hetsfält.
328 514 224 27 Försäkringsaftalen,
573 514 72 22 hvilka
667 514 59 21 skola
745 514 102 26 fullgöras
867 514 64 21 oftast
951 513 53 22 först
1020 515 6 19 i

205 549 25 14 en
247 541 90 28 aflägsen
354 542 91 24 framtid,
461 543 56 27 gälla
529 544 99 21 tusendes
641 543 47 21 hela
701 543 137 21 ekonomiska
851 543 100 26 existens;
965 543 23 26 ja
1000 549 25 14 en

204 571 128 21 kommande
347 572 134 26 generations
491 572 34 21 arf
533 572 108 26 grundadt
650 572 28 26 på
689 572 40 21 den
740 571 131 22 nuvarandes
882 571 144 27 besparingar.

205 599 74 22 Staten
299 600 39 21 bör
356 600 71 21 derför
445 606 75 21 genom
539 607 25 14 en
580 601 27 26 på
621 600 68 22 sunda
703 601 106 26 principer
825 600 55 28 bygd
895 599 132 28 lagstiftning

204 629 53 21 söka
272 629 129 21 förekomma
416 629 73 27 hvarje
504 629 45 26 slag
565 629 22 22 af
601 629 78 22 hazard
695 630 54 21 inom
763 630 69 21 denna
844 629 127 27 institution,
981 635 45 16 som

205 658 27 26 på
253 657 36 22 det
309 657 96 28 djupaste
427 658 92 27 ingriper
537 658 5 21 i
563 658 25 21 de
604 659 137 21 ekonomiska
757 658 166 25 förhållandena,
940 657 39 23 och
994 657 34 22 för

205 687 36 20 det
264 687 107 21 allmänna
393 686 129 22 välståndets
545 686 90 28 höjande
657 689 24 19 är
702 687 21 21 af
744 687 147 27 oberäkneligt
905 686 121 28 inflytande.

205 715 106 22 Särskildt
333 715 38 22 bör
392 716 35 21 det
448 717 57 25 ligga
523 717 139 21 statsmakten
678 722 33 15 om
728 716 79 27 hjertat
822 718 31 19 att
869 715 156 28 lagstiftningen

204 745 74 21 ställer
293 745 219 26 försäkringstagaren
528 745 7 20 i
551 745 36 21 det
602 746 46 27 läge
661 748 32 18 att
706 745 137 27 ovilkorligen
855 745 38 21 hos
904 751 54 20 egna
968 751 58 20 myn-

204 773 99 27 digheter
318 773 70 22 kunna
404 775 51 25 göra
467 774 31 21 sin
510 775 42 20 rätt
563 774 98 26 gällande
671 777 45 18 mot
727 774 72 27 hvarje
809 773 217 27 försäkringsanstalt.

273 803 40 21 Om
336 803 39 20 ock
398 802 32 21 för
453 803 130 21 närvarande
605 803 39 21 den
664 803 7 20 i
688 802 70 22 landet
773 802 100 22 utöfvade
888 802 138 26 försäkrings-

205 831 161 22 verksamheten
386 831 46 20 icke
449 831 68 27 gifver
532 831 113 27 anledning
660 831 32 21 till
707 831 110 26 grundade
832 831 106 27 farhågor,
953 837 74 16 manar

205 859 65 22 likväl
291 860 159 27 försigtigheten
471 859 68 22 såsom
562 860 61 21 ofvan
642 860 127 21 framhållits
785 862 32 19 att
832 862 69 19 staten
916 859 34 22 för
964 859 64 22 fram-

205 888 57 21 tiden
285 889 125 21 medverkar
432 889 31 20 till
485 888 242 28 försäkringsväsendets
750 888 112 22 ordnande.
892 889 72 26 Några
984 888 43 21 för-

203 917 193 27 säkringsrörelsen
418 917 124 22 hämmande
564 918 78 26 lagbud
664 919 36 19 äro
723 918 73 20 härvid
816 917 46 22 icke
883 918 23 20 af
920 917 106 21 behofvet.

205 946 82 21 Genom
303 947 144 20 koncessions-
463 945 39 23 och
517 946 163 26 kautionstvång
696 946 54 21 skall
766 948 69 19 staten
850 949 50 24 gent
916 948 57 19 emot
983 946 43 21 för-

204 975 187 27 säkringsbolagen
413 975 39 20 och
476 975 141 22 allmänheten
642 975 108 28 öfvertaga
771 977 31 19 ett
817 974 111 22 moraliskt
943 981 84 20 ansvar,

206 1003 81 22 hvilket
307 1005 36 20 det
362 1003 46 22 icke
427 1003 44 21 står
486 1005 6 20 i
508 1003 53 22 hans
576 1005 58 20 makt
649 1006 32 19 att
697 1004 100 27 uppbära.
829 1003 197 28 Hufvuduppgiften

205 1032 33 21 för
253 1032 131 27 lagstiftaren
401 1032 40 21 blir
457 1034 31 19 att
504 1033 73 26 tvinga
592 1033 38 28 och
642 1033 124 26 möjliggöra
777 1033 32 21 för
819 1032 90 28 bolagen
921 1035 32 19 att
964 1035 64 25 öppet

204 1061 102 27 uppgifva
320 1061 121 28 grunderna
455 1061 32 21 för
502 1061 33 21 sin
551 1062 134 21 verksamhet
697 1061 39 22 och
749 1062 132 26 åtagandena
892 1064 44 19 mot
949 1061 25 21 de
985 1061 43 21 för-

205 1089 98 27 säkrade,
325 1089 26 28 på
371 1090 36 20 det
426 1089 61 22 dessa
503 1089 118 27 dymedelst
643 1090 65 21 måtte
729 1089 64 22 blifva
814 1091 6 20 i
843 1089 84 22 tillfälle
948 1089 80 22 erhålla

205 1119 119 20 kännedom
343 1124 33 15 om
396 1118 38 21 och
450 1118 70 21 kunna
536 1118 89 21 bedöma
641 1118 272 27 försäkringsanstalternas
929 1118 99 27 ställning

204 1147 40 20 och
261 1146 139 22 verksamhet.

274 1175 31 21 På
321 1176 61 21 dessa
397 1175 45 21 skäl
459 1175 96 22 anhåller
567 1176 36 27 jag
619 1177 32 19 att
665 1176 116 20 ständerna
796 1175 48 21 ville
859 1175 33 21 till
907 1175 59 21 Hans
979 1175 50 26 Kej-

205 1203 78 27 serliga
305 1204 100 27 Majestät
425 1204 49 26 ingå
496 1204 48 21 med
567 1211 25 14 en
615 1204 131 26 underdänig
768 1204 89 27 petition
873 1210 33 15 om
921 1206 34 19 att
969 1203 60 22 Hans

205 1232 119 27 Kejserliga
346 1232 99 27 Majestät
466 1233 82 21 täcktes
564 1233 34 21 vid
614 1232 165 21 näststundande
795 1233 102 26 landtdag
912 1233 19 26 ej
948 1232 80 21 mindre

205 1261 118 26 framlägga
337 1261 133 27 proposition
486 1267 34 16 om
531 1261 77 21 brand-
619 1261 39 21 och
669 1261 240 26 lifförsäkringsaftalets
919 1261 110 21 ordnande

205 1296 76 20 genom
297 1290 89 26 civillag,
402 1291 26 20 än
439 1290 39 21 ock
489 1297 34 14 om
535 1289 124 28 förordning
669 1289 91 22 rörande
770 1289 110 22 inhemska
890 1289 139 27 försäkrings-

207 1319 61 26 bolag
284 1321 55 18 samt
354 1319 113 21 utländska
482 1319 245 27 försäkringsanstalters
740 1321 42 18 rätt
795 1321 32 18 att
842 1319 6 20 i
859 1318 89 22 Finland
960 1318 69 21 drifva

206 1347 86 22 rörelse.
434 1355 3 3 :

275 1374 139 32 Helsingfors,
430 1375 40 21 den
486 1375 13 20 6
514 1373 103 23 Februari
634 1374 61 21 1882.

734 1430 97 22 Mauritz
847 1430 113 29 Haliderg.

275 1499 237 23 Petitionsmemorialet
527 1500 147 22 remitterades
690 1500 32 21 till
733 1500 156 27 Lagutskottet.
