1120 1803
319 133 177 22 Borgareståndet
509 134 55 17 1882.
590 133 19 17 11
622 137 61 13 mars.
869 126 42 21 453

93 202 203 22 samhällsmedlems
319 203 53 27 plikt
395 206 31 18 att
448 202 54 22 lefva
524 202 23 21 af
568 205 30 18 ett
621 202 69 26 ärligt,
705 201 104 27 hederligt
832 201 79 24 arbete,

94 232 45 20 icke
164 231 24 21 af
209 232 69 26 dåliga
300 232 75 26 tilltag,
390 232 46 20 icke
455 232 5 20 i
477 233 31 19 ett
523 231 66 27 dåligt
604 231 34 21 lifs
654 230 132 27 verkningar.
816 230 48 20 Men
880 232 34 18 att

94 260 60 26 lagen
176 260 73 20 bärvid
272 262 81 18 ensamt
368 260 53 20 skall
438 259 68 21 förmå
522 259 43 23 allt,
582 262 45 18 tror
640 259 35 25 jag
691 258 52 21 icke.
773 258 141 27 Naturligtvis

94 288 66 26 ligger
175 288 61 20 äfven
251 288 39 20 här
302 288 144 20 hufvudsaken
457 288 27 26 på
501 287 274 21 samhällsmedlemmarnes
790 287 123 26 uppfostran

94 316 32 21 till
149 316 83 27 dugliga
256 316 39 21 och
319 317 81 26 nyttiga
422 316 144 26 medborgare.
598 316 60 21 Dock
681 317 23 19 är
727 321 24 15 en
767 315 35 27 lag
817 315 32 21 för
865 315 48 21 dem

95 344 100 27 behöflig;
218 344 39 22 och
280 345 6 20 i
310 344 75 22 sådant
408 344 97 22 afseende
528 345 38 20 har
589 345 39 20 den
650 350 27 14 nu
699 344 98 25 gällande
813 344 53 20 visat
882 343 32 27 sig

95 373 132 27 otillräcklig.
257 373 31 22 De
308 373 63 21 hafva
387 373 65 27 enligt
468 373 46 25 den,
531 373 61 22 dessa
607 373 183 26 kringstrykande,
806 372 44 21 lösa
866 378 48 20 per-

95 408 62 16 soner
171 402 137 27 (åtminstone
325 402 26 21 de
365 404 71 19 värsta
452 402 22 21 af
483 402 61 28 dem)
560 401 21 22 af
595 401 79 28 polisen
691 401 112 27 upptagits,
816 402 24 20 de
850 401 64 20 hafva

95 431 85 21 erhållit
201 431 134 27 ,varningar"
359 431 38 21 och
419 447 4 8 ,
426 430 212 27 förständiganden'",
654 431 25 20 de
695 430 61 21 hafva
771 430 95 21 insändts
882 430 35 20 för

97 459 72 22 vidare
184 459 135 28 behandling,
335 460 69 21 såsom
420 460 36 21 det
472 459 65 27 heter,
554 459 39 21 och
609 459 25 21 de
650 459 62 21 hafva
728 459 38 21 ock
782 459 6 20 i
804 459 66 20 sinom
884 458 31 21 tid

98 489 68 20 dörnts
189 488 32 21 till
244 488 73 21 arbete
332 489 28 26 pä
375 489 173 20 korrektionshus
563 488 32 21 för
610 488 69 27 någon
695 488 36 25 tid,
748 493 47 16 men
811 487 26 21 de
852 487 66 20 hafva

97 516 95 28 vanligen
215 519 44 19 rätt
279 520 57 18 snart
360 517 64 26 dykat
440 523 40 20 upp
497 517 52 26 igen,
565 517 60 20 dessa
641 523 79 14 samma
735 533 11 9 ,,
749 516 166 21 frihetsbröder''

98 545 38 21 och
159 546 74 21 endast
258 545 90 27 hejdlöst
370 545 85 21 fortsatt
478 546 47 20 med
546 545 37 22 sitt
599 545 57 21 förra
671 545 189 26 olycksbringande
876 543 40 22 och

97 573 121 28 förderfliga
239 573 28 22 lif.
283 587 27 2 —
328 575 39 20 Att
383 575 61 20 döma
459 573 62 22 häraf
534 574 62 21 hafva
612 573 82 22 således
711 573 182 26 bestämningarna
909 572 8 21 i

99 603 39 21 den
161 603 97 26 gällande
280 603 61 26 lagen
366 603 53 20 varit
442 603 32 21 för
488 609 64 20 svaga
568 603 50 21 eller
634 602 37 21 ock
688 602 62 21 hafva
765 602 50 21 våra
830 601 86 21 korrek-

98 631 160 22 tionsanstalter
273 631 46 21 icke
334 633 116 19 motsvarat
465 631 37 21 sitt
518 631 104 22 ändamål.
642 631 55 20 Vare
713 632 31 25 sig
760 631 53 20 dock
829 629 89 22 härmed

98 660 54 21 huru
174 666 44 15 som
238 660 62 24 helst,
319 661 26 25 på
361 660 41 26 mig
417 663 38 24 gör
472 660 57 21 detta
547 659 214 27 författningsförslag
776 659 105 27 intrycket
896 658 22 21 af

99 691 30 19 ett
147 689 49 21 vida
212 689 76 25 bättre,
304 691 25 18 än
347 689 39 20 den
403 689 33 26 lag
452 689 18 20 vi
486 688 32 21 för
533 689 129 21 närvarande
679 695 44 20 ega,
739 688 38 21 och
791 688 37 27 jag
843 688 75 20 tvekar

99 717 71 21 derför
193 717 47 21 icke
260 721 31 17 att
306 717 67 21 uttala
389 718 43 25 mig
447 718 32 20 för
495 718 126 20 detsammas
637 717 154 27 godkännande
805 718 7 19 i
828 715 89 22 hufvud-

98 746 80 26 sakliga
202 746 64 21 delar.
296 746 61 20 Hvad
379 746 96 21 enskilda
490 746 88 27 detaljer
594 746 44 21 deri
653 746 130 20 vidkommer
799 745 59 21 torde
875 744 42 21 till-

99 774 50 21 fälle
164 775 31 20 till
212 775 92 21 ordande
321 781 33 14 om
371 775 46 21 dem
434 774 139 27 tilläfventyrs
588 775 72 26 längre
677 774 51 21 fram
745 773 135 22 förekomma.

168 832 55 20 Herr
245 831 178 21 Rönnbäck:
455 831 55 21 Herr
532 831 94 27 Procopé
648 831 53 21 hade
725 830 26 27 på
773 830 145 26 förmiddagen

100 860 73 26 begärt
196 860 67 24 ordet,
279 866 47 14 men
350 860 26 20 då
399 859 40 21 han
463 859 69 21 blifvit
555 859 120 21 förhindrad
697 861 30 19 att
743 859 79 21 infinna
837 860 31 26 sig
883 860 35 20 vid

100 888 59 21 detta
174 888 149 26 eftermiddags
339 888 85 26 plenum
441 888 38 20 har
494 888 40 20 han
551 888 32 20 för
596 888 41 26 mig
648 888 91 26 påpekat
750 888 64 26 några
825 889 93 19 omstän-

100 916 102 28 digheter,
218 923 44 15 som
284 917 42 27 jag,
343 917 64 25 enligt
430 916 52 21 hans
504 917 68 24 tanke,
590 916 52 22 hade
659 916 100 28 förbigätt
775 917 6 20 i
798 917 35 20 det
848 917 71 20 bemö-

99 946 64 21 tande
185 946 36 26 jag
244 946 26 26 pä
293 946 143 26 förmiddagen
460 945 54 21 hade
538 948 50 18 äran
610 946 118 20 framställa
744 947 44 19 mot
804 945 53 26 dem,
874 951 44 15 som

99 974 93 28 angripit
215 977 152 19 sammansatta
389 974 42 26 lag-
449 974 38 21 och
504 974 212 21 ekonomiutskottets
732 973 136 22 förevarande
884 974 35 21 be-

101 1003 111 25 tänkande,
230 1004 38 20 och
292 1003 41 21 han
355 1004 39 20 har
413 1003 49 21 bedt
478 1003 42 26 mig
534 1002 112 22 frambälla
662 1003 61 21 dessa
738 1009 38 20 par
792 1003 127 25 omständig-

100 1032 70 25 heter;
186 1032 69 21 tillika
271 1032 39 20 har
322 1032 36 26 jag
373 1038 35 18 nu,
424 1032 48 20 med
488 1032 111 27 anledning
615 1030 20 22 af
646 1032 25 20 de
682 1034 75 18 tvenne
768 1032 62 20 ärade
841 1031 78 21 talares

99 1061 121 26 yttranden,
236 1067 44 15 som
298 1061 27 26 pä
340 1060 164 26 eftermiddagen
521 1060 106 26 uppträdt,
643 1060 46 21 skäl
705 1062 31 18 att
751 1060 48 26 sjelf
810 1060 118 21 framhålla.

101 1089 65 26 några
186 1089 169 26 anmärkningar.
387 1089 54 20 Herr
456 1088 94 27 Procop6
565 1089 55 21 hade
635 1088 100 22 särskildt
751 1089 41 21 fäst
807 1088 121 27 uppmärk--

101 1117 107 21 samheten
233 1118 34 20 vid
290 1118 39 21 den
352 1117 189 26 omständigheten,
558 1120 31 18 att
611 1117 49 21 herr
681 1117 103 26 Federley
807 1118 112 25 pointerat,

101 1149 32 17 att
156 1146 67 25 nägon
244 1146 81 21 skilnad
342 1147 18 26 ej
377 1146 38 20 bör
430 1147 62 24 göras
507 1146 89 20 emellan
612 1145 39 22 den
668 1145 109 26 förmögne
792 1145 38 21 och
846 1145 74 27 fattige

102 1174 136 21 lösdrifvaren
256 1187 24 2 —
298 1181 32 14 om
344 1175 36 26 jag
397 1175 22 20 sä
435 1174 33 21 fär
483 1173 55 22 kalla
555 1175 52 20 dem.
632 1174 55 21 Herr
701 1174 95 27 Procop6
811 1174 39 20 har
865 1174 56 21 velat

101 1203 89 26 påpeka,
208 1205 31 18 att
262 1203 35 21 det
319 1203 66 21 finnes
409 1206 29 18 ett
455 1203 6 20 i
478 1202 32 27 lag
526 1203 99 27 stadgadt
640 1203 108 20 korrektiv
764 1206 44 18 mot
824 1203 39 20 den
879 1203 42 20 för-

101 1233 75 25 mögne
192 1231 145 27 vagabonden,
353 1233 5 19 i
375 1232 35 20 det
425 1234 32 18 att
473 1231 41 21 han
527 1232 40 21 kan
581 1231 72 22 ställas
663 1232 66 21 under
740 1231 181 27 förmynderskap,

102 1259 39 22 och
161 1260 7 20 i
189 1260 59 21 detta
264 1260 107 22 korrektiv
385 1260 66 26 ligger
467 1260 106 21 olikheten
590 1260 5 21 i
612 1260 204 26 behandlingssättet
832 1260 88 21 emellan

104 1289 25 21 de
145 1291 75 19 tvenne
237 1289 56 21 olika
308 1289 148 26 kategorierna
471 1288 23 21 af
508 1289 52 26 dem,
577 1295 45 15 som
638 1289 46 21 föra
699 1291 30 18 ett
745 1288 176 27 kringstrykande

101 1317 27 21 lif.
159 1317 45 21 Den
227 1318 65 21 andra
315 1318 94 26 punkten
433 1318 66 21 måste
512 1318 37 26 jag
563 1318 105 21 behandla
683 1318 6 20 i
705 1317 153 27 sammanhang
873 1318 48 20 med

103 1346 54 21 hvad
171 1346 37 26 jag
223 1346 39 21 har
277 1349 32 18 att
324 1346 31 21 till
373 1346 48 21 herr
436 1346 100 28 Chydenii
553 1347 135 25 andragande
702 1346 104 26 genmäla.

170 1374 62 21 Först
249 1374 35 21 vill
297 1375 37 27 jag
349 1375 54 21 dock
417 1377 107 24 gentemot
540 1375 49 21 herr
604 1374 108 27 Federley,
729 1374 129 22 beträffande
874 1374 49 22 mitt

103 1403 29 21 tal
149 1409 32 15 om
198 1403 147 26 kommunism,
361 1409 61 15 svara
437 1405 32 19 att
484 1403 40 21 han
541 1404 32 20 väl
590 1404 59 20 torde
665 1402 99 28 påminna
779 1403 31 25 sig
826 1403 26 20 de
867 1403 54 27 äsig-

103 1436 38 20 ter,
157 1437 45 14 som
225 1433 6 18 i
255 1431 63 20 slutet
337 1431 22 20 af
378 1432 56 19 förra
455 1432 67 19 seklet
537 1432 66 19 under
619 1432 84 19 franska
719 1431 155 20 revolutionens
891 1431 30 20 tid

103 1458 73 27 gjorde
199 1459 32 25 sig
252 1459 98 25 gällande
366 1458 107 26 angäende
490 1461 79 18 statens
584 1458 119 27 skyldighet
718 1461 31 18 att
765 1458 99 21 förskaffa
880 1458 45 21 alla

103 1486 133 22 behöfvande
256 1487 78 21 arbete.
365 1487 42 21 Det
422 1493 37 14 var
475 1487 57 20 detta
548 1487 56 26 slags
618 1487 147 26 kommunism,
781 1492 44 15 som
839 1486 36 27 jag
890 1486 34 21 af-

102 1515 38 28 säg
155 1515 39 22 och
210 1515 27 27 pä
252 1515 83 22 hvilken
348 1515 37 28 jag
401 1515 129 28 hänsyftade.
