<?xml version="1.0" encoding="UTF-8"?>
<alto xmlns="http://www.loc.gov/standards/alto/ns-v3#" xmlns:xlink="http://www.w3.org/1999/xlink" xmlns:xsi="http://www.w3.org/2001/XMLSchema-instance" xsi:schemaLocation="http://www.loc.gov/standards/alto/ns-v3# http://www.loc.gov/alto/v3/alto-3-0.xsd">
	<Description>
		<MeasurementUnit>pixel</MeasurementUnit>
		<sourceImageInformation>
			<fileName>/tmp/tess_rc4bpca0_input.PNG</fileName>
		</sourceImageInformation>
		<OCRProcessing ID="OCR_0">
			<ocrProcessingStep>
				<processingSoftware>
					<softwareName>tesseract 5.3.4</softwareName>
				</processingSoftware>
			</ocrProcessingStep>
		</OCRProcessing>
	</Description>
	<Layout>
		<Page WIDTH="1109" HEIGHT="1800" PHYSICAL_IMG_NR="0" ID="page_0">
			<PrintSpace HPOS="0" VPOS="0" WIDTH="1109" HEIGHT="1800">
				<ComposedBlock ID="cblock_0" HPOS="287" VPOS="126" WIDTH="605" HEIGHT="26">
					<TextBlock ID="block_0" HPOS="287" VPOS="126" WIDTH="605" HEIGHT="26">
						<TextLine ID="line_0" HPOS="287" VPOS="126" WIDTH="605" HEIGHT="26">
							<String ID="string_0" HPOS="287" VPOS="130" WIDTH="179" HEIGHT="22" WC="0.92" CONTENT="Borgareståndet"/><SP WIDTH="12" VPOS="130" HPOS="466"/>
							<String ID="string_1" HPOS="478" VPOS="132" WIDTH="56" HEIGHT="16" WC="0.96" CONTENT="1882."/><SP WIDTH="26" VPOS="132" HPOS="534"/>
							<String ID="string_2" HPOS="560" VPOS="132" WIDTH="11" HEIGHT="16" WC="0.91" CONTENT="7"/><SP WIDTH="12" VPOS="132" HPOS="571"/>
							<String ID="string_3" HPOS="583" VPOS="135" WIDTH="61" HEIGHT="13" WC="0.96" CONTENT="mars."/><SP WIDTH="206" VPOS="135" HPOS="644"/>
							<String ID="string_4" HPOS="850" VPOS="126" WIDTH="42" HEIGHT="20" WC="0.96" CONTENT="403"/>
						</TextLine>
					</TextBlock>
				</ComposedBlock>
				<GraphicalElement ID="cblock_1" HPOS="71" VPOS="156" WIDTH="822" HEIGHT="11"></GraphicalElement >
				<ComposedBlock ID="cblock_2" HPOS="71" VPOS="199" WIDTH="823" HEIGHT="452">
					<TextBlock ID="block_1" HPOS="71" VPOS="199" WIDTH="823" HEIGHT="452">
						<TextLine ID="line_1" HPOS="141" VPOS="199" WIDTH="751" HEIGHT="28">
							<String ID="string_5" HPOS="141" VPOS="199" WIDTH="55" HEIGHT="22" WC="0.95" CONTENT="Herr"/><SP WIDTH="21" VPOS="199" HPOS="196"/>
							<String ID="string_6" HPOS="217" VPOS="199" WIDTH="89" HEIGHT="22" WC="0.95" CONTENT="Göös:"/><SP WIDTH="32" VPOS="199" HPOS="306"/>
							<String ID="string_7" HPOS="338" VPOS="200" WIDTH="41" HEIGHT="21" WC="0.96" CONTENT="Det"/><SP WIDTH="15" VPOS="200" HPOS="379"/>
							<String ID="string_8" HPOS="394" VPOS="200" WIDTH="39" HEIGHT="21" WC="0.95" CONTENT="har"/><SP WIDTH="15" VPOS="200" HPOS="433"/>
							<String ID="string_9" HPOS="448" VPOS="200" WIDTH="53" HEIGHT="21" WC="0.96" CONTENT="visst"/><SP WIDTH="15" VPOS="200" HPOS="501"/>
							<String ID="string_10" HPOS="516" VPOS="200" WIDTH="82" HEIGHT="21" WC="0.96" CONTENT="kunnat"/><SP WIDTH="15" VPOS="200" HPOS="598"/>
							<String ID="string_11" HPOS="613" VPOS="200" WIDTH="83" HEIGHT="22" WC="0.96" CONTENT="fordras"/><SP WIDTH="16" VPOS="200" HPOS="696"/>
							<String ID="string_12" HPOS="712" VPOS="200" WIDTH="22" HEIGHT="22" WC="0.97" CONTENT="af"/><SP WIDTH="14" VPOS="200" HPOS="734"/>
							<String ID="string_13" HPOS="748" VPOS="200" WIDTH="48" HEIGHT="27" WC="0.96" CONTENT="mig,"/><SP WIDTH="15" VPOS="200" HPOS="796"/>
							<String ID="string_14" HPOS="811" VPOS="203" WIDTH="31" HEIGHT="18" WC="0.96" CONTENT="att"/><SP WIDTH="13" VPOS="203" HPOS="842"/>
							<String ID="string_15" HPOS="855" VPOS="200" WIDTH="37" HEIGHT="27" WC="0.97" CONTENT="jag"/>
						</TextLine>
						<TextLine ID="line_2" HPOS="72" VPOS="228" WIDTH="820" HEIGHT="28">
							<String ID="string_16" HPOS="72" VPOS="228" WIDTH="54" HEIGHT="22" WC="0.93" CONTENT="hade"/><SP WIDTH="15" VPOS="228" HPOS="126"/>
							<String ID="string_17" HPOS="141" VPOS="228" WIDTH="137" HEIGHT="27" WC="0.92" CONTENT="petitionerat."/><SP WIDTH="17" VPOS="228" HPOS="278"/>
							<String ID="string_18" HPOS="295" VPOS="228" WIDTH="95" HEIGHT="27" WC="0.93" CONTENT="speciellt"/><SP WIDTH="16" VPOS="228" HPOS="390"/>
							<String ID="string_19" HPOS="406" VPOS="235" WIDTH="33" HEIGHT="15" WC="0.96" CONTENT="om"/><SP WIDTH="21" VPOS="235" HPOS="439"/>
							<String ID="string_20" HPOS="460" VPOS="235" WIDTH="26" HEIGHT="14" WC="0.93" CONTENT="en"/><SP WIDTH="21" VPOS="235" HPOS="486"/>
							<String ID="string_21" HPOS="507" VPOS="229" WIDTH="153" HEIGHT="21" WC="0.92" CONTENT="döfstumskola"/><SP WIDTH="15" VPOS="229" HPOS="660"/>
							<String ID="string_22" HPOS="675" VPOS="229" WIDTH="7" HEIGHT="21" WC="0.96" CONTENT="i"/><SP WIDTH="15" VPOS="229" HPOS="682"/>
							<String ID="string_23" HPOS="697" VPOS="228" WIDTH="123" HEIGHT="28" WC="0.96" CONTENT="Jyväskylä;"/><SP WIDTH="24" VPOS="228" HPOS="820"/>
							<String ID="string_24" HPOS="844" VPOS="235" WIDTH="48" HEIGHT="15" WC="0.96" CONTENT="men"/>
						</TextLine>
						<TextLine ID="line_3" HPOS="72" VPOS="256" WIDTH="820" HEIGHT="28">
							<String ID="string_25" HPOS="72" VPOS="256" WIDTH="88" HEIGHT="22" WC="0.91" CONTENT="emedan"/><SP WIDTH="22" VPOS="256" HPOS="160"/>
							<String ID="string_26" HPOS="182" VPOS="256" WIDTH="68" HEIGHT="22" WC="0.93" CONTENT="denna"/><SP WIDTH="22" VPOS="256" HPOS="250"/>
							<String ID="string_27" HPOS="272" VPOS="256" WIDTH="62" HEIGHT="28" WC="0.92" CONTENT="fräga"/><SP WIDTH="23" VPOS="256" HPOS="334"/>
							<String ID="string_28" HPOS="357" VPOS="258" WIDTH="56" HEIGHT="20" WC="0.92" CONTENT="ännu"/><SP WIDTH="22" VPOS="258" HPOS="413"/>
							<String ID="string_29" HPOS="435" VPOS="256" WIDTH="46" HEIGHT="22" WC="0.90" CONTENT="icke"/><SP WIDTH="18" VPOS="256" HPOS="481"/>
							<String ID="string_30" HPOS="499" VPOS="257" WIDTH="41" HEIGHT="21" WC="0.96" CONTENT="kan"/><SP WIDTH="17" VPOS="257" HPOS="540"/>
							<String ID="string_31" HPOS="557" VPOS="262" WIDTH="61" HEIGHT="16" WC="0.96" CONTENT="anses"/><SP WIDTH="15" VPOS="262" HPOS="618"/>
							<String ID="string_32" HPOS="633" VPOS="263" WIDTH="50" HEIGHT="15" WC="0.96" CONTENT="vara"/><SP WIDTH="15" VPOS="263" HPOS="683"/>
							<String ID="string_33" HPOS="698" VPOS="257" WIDTH="33" HEIGHT="21" WC="0.96" CONTENT="för"/><SP WIDTH="15" VPOS="257" HPOS="731"/>
							<String ID="string_34" HPOS="746" VPOS="259" WIDTH="47" HEIGHT="19" WC="0.93" CONTENT="sent"/><SP WIDTH="15" VPOS="259" HPOS="793"/>
							<String ID="string_35" HPOS="808" VPOS="257" WIDTH="63" HEIGHT="21" WC="0.87" CONTENT="väckt"/><SP WIDTH="15" VPOS="257" HPOS="871"/>
							<String ID="string_36" HPOS="886" VPOS="257" WIDTH="6" HEIGHT="21" WC="0.96" CONTENT="i"/>
						</TextLine>
						<TextLine ID="line_4" HPOS="72" VPOS="284" WIDTH="820" HEIGHT="28">
							<String ID="string_37" HPOS="72" VPOS="284" WIDTH="154" HEIGHT="27" WC="0.96" CONTENT="sammanhang"/><SP WIDTH="21" VPOS="284" HPOS="226"/>
							<String ID="string_38" HPOS="247" VPOS="286" WIDTH="47" HEIGHT="20" WC="0.95" CONTENT="med"/><SP WIDTH="19" VPOS="286" HPOS="294"/>
							<String ID="string_39" HPOS="313" VPOS="291" WIDTH="28" HEIGHT="15" WC="0.92" CONTENT="nu"/><SP WIDTH="15" VPOS="291" HPOS="341"/>
							<String ID="string_40" HPOS="356" VPOS="286" WIDTH="143" HEIGHT="26" WC="0.91" CONTENT="föreliggande"/><SP WIDTH="16" VPOS="286" HPOS="499"/>
							<String ID="string_41" HPOS="515" VPOS="285" WIDTH="134" HEIGHT="21" WC="0.91" CONTENT="betänkande"/><SP WIDTH="16" VPOS="285" HPOS="649"/>
							<String ID="string_42" HPOS="665" VPOS="288" WIDTH="34" HEIGHT="18" WC="0.96" CONTENT="vet"/><SP WIDTH="13" VPOS="288" HPOS="699"/>
							<String ID="string_43" HPOS="712" VPOS="285" WIDTH="36" HEIGHT="27" WC="0.93" CONTENT="jag"/><SP WIDTH="15" VPOS="285" HPOS="748"/>
							<String ID="string_44" HPOS="763" VPOS="285" WIDTH="52" HEIGHT="25" WC="0.92" CONTENT="icke,"/><SP WIDTH="17" VPOS="285" HPOS="815"/>
							<String ID="string_45" HPOS="832" VPOS="286" WIDTH="60" HEIGHT="20" WC="0.91" CONTENT="hvar-"/>
						</TextLine>
						<TextLine ID="line_5" HPOS="72" VPOS="312" WIDTH="820" HEIGHT="28">
							<String ID="string_46" HPOS="72" VPOS="313" WIDTH="32" HEIGHT="21" WC="0.93" CONTENT="för"/><SP WIDTH="15" VPOS="313" HPOS="104"/>
							<String ID="string_47" HPOS="119" VPOS="312" WIDTH="47" HEIGHT="22" WC="0.92" CONTENT="icke"/><SP WIDTH="12" VPOS="312" HPOS="166"/>
							<String ID="string_48" HPOS="178" VPOS="313" WIDTH="43" HEIGHT="21" WC="0.93" CONTENT="min"/><SP WIDTH="15" VPOS="313" HPOS="221"/>
							<String ID="string_49" HPOS="236" VPOS="314" WIDTH="55" HEIGHT="25" WC="0.92" CONTENT="äsigt"/><SP WIDTH="15" VPOS="314" HPOS="291"/>
							<String ID="string_50" HPOS="306" VPOS="320" WIDTH="28" HEIGHT="14" WC="0.97" CONTENT="nu"/><SP WIDTH="15" VPOS="320" HPOS="334"/>
							<String ID="string_51" HPOS="349" VPOS="313" WIDTH="67" HEIGHT="21" WC="0.93" CONTENT="skulle"/><SP WIDTH="16" VPOS="313" HPOS="416"/>
							<String ID="string_52" HPOS="432" VPOS="313" WIDTH="64" HEIGHT="21" WC="0.93" CONTENT="hafva"/><SP WIDTH="15" VPOS="313" HPOS="496"/>
							<String ID="string_53" HPOS="511" VPOS="320" WIDTH="81" HEIGHT="14" WC="0.96" CONTENT="samma"/><SP WIDTH="15" VPOS="320" HPOS="592"/>
							<String ID="string_54" HPOS="607" VPOS="313" WIDTH="63" HEIGHT="27" WC="0.96" CONTENT="kraft,"/><SP WIDTH="16" VPOS="313" HPOS="670"/>
							<String ID="string_55" HPOS="686" VPOS="320" WIDTH="43" HEIGHT="14" WC="0.96" CONTENT="som"/><SP WIDTH="17" VPOS="320" HPOS="729"/>
							<String ID="string_56" HPOS="746" VPOS="320" WIDTH="34" HEIGHT="14" WC="0.96" CONTENT="om"/><SP WIDTH="13" VPOS="320" HPOS="780"/>
							<String ID="string_57" HPOS="793" VPOS="313" WIDTH="37" HEIGHT="27" WC="0.93" CONTENT="jag"/><SP WIDTH="11" VPOS="313" HPOS="830"/>
							<String ID="string_58" HPOS="841" VPOS="313" WIDTH="51" HEIGHT="27" WC="0.91" CONTENT="möj-"/>
						</TextLine>
						<TextLine ID="line_6" HPOS="71" VPOS="342" WIDTH="822" HEIGHT="27">
							<String ID="string_59" HPOS="71" VPOS="342" WIDTH="56" HEIGHT="26" WC="0.87" CONTENT="ligen"/><SP WIDTH="23" VPOS="342" HPOS="127"/>
							<String ID="string_60" HPOS="150" VPOS="342" WIDTH="137" HEIGHT="26" WC="0.87" CONTENT="petitionerat"/><SP WIDTH="22" VPOS="342" HPOS="287"/>
							<String ID="string_61" HPOS="309" VPOS="342" WIDTH="67" HEIGHT="20" WC="0.96" CONTENT="under"/><SP WIDTH="22" VPOS="342" HPOS="376"/>
							<String ID="string_62" HPOS="398" VPOS="342" WIDTH="38" HEIGHT="20" WC="0.96" CONTENT="den"/><SP WIDTH="24" VPOS="342" HPOS="436"/>
							<String ID="string_63" HPOS="460" VPOS="342" WIDTH="106" HEIGHT="27" WC="0.92" CONTENT="egentliga"/><SP WIDTH="25" VPOS="342" HPOS="566"/>
							<String ID="string_64" HPOS="591" VPOS="342" WIDTH="165" HEIGHT="26" WC="0.91" CONTENT="petitionstiden."/><SP WIDTH="34" VPOS="342" HPOS="756"/>
							<String ID="string_65" HPOS="790" VPOS="343" WIDTH="41" HEIGHT="26" WC="0.96" CONTENT="Jag"/><SP WIDTH="22" VPOS="343" HPOS="831"/>
							<String ID="string_66" HPOS="853" VPOS="342" WIDTH="40" HEIGHT="21" WC="0.96" CONTENT="har"/>
						</TextLine>
						<TextLine ID="line_7" HPOS="71" VPOS="370" WIDTH="821" HEIGHT="27">
							<String ID="string_67" HPOS="71" VPOS="370" WIDTH="117" HEIGHT="21" WC="0.91" CONTENT="framhällit"/><SP WIDTH="22" VPOS="370" HPOS="188"/>
							<String ID="string_68" HPOS="210" VPOS="370" WIDTH="53" HEIGHT="26" WC="0.93" CONTENT="skäl,"/><SP WIDTH="23" VPOS="370" HPOS="263"/>
							<String ID="string_69" HPOS="286" VPOS="370" WIDTH="72" HEIGHT="21" WC="0.92" CONTENT="hvilka"/><SP WIDTH="20" VPOS="370" HPOS="358"/>
							<String ID="string_70" HPOS="378" VPOS="370" WIDTH="37" HEIGHT="27" WC="0.96" CONTENT="jag"/><SP WIDTH="24" VPOS="370" HPOS="415"/>
							<String ID="string_71" HPOS="439" VPOS="376" WIDTH="61" HEIGHT="16" WC="0.95" CONTENT="anser"/><SP WIDTH="22" VPOS="376" HPOS="500"/>
							<String ID="string_72" HPOS="522" VPOS="377" WIDTH="52" HEIGHT="14" WC="0.93" CONTENT="vara"/><SP WIDTH="15" VPOS="377" HPOS="574"/>
							<String ID="string_73" HPOS="589" VPOS="370" WIDTH="91" HEIGHT="24" WC="0.92" CONTENT="talande,"/><SP WIDTH="15" VPOS="370" HPOS="680"/>
							<String ID="string_74" HPOS="695" VPOS="370" WIDTH="33" HEIGHT="21" WC="0.96" CONTENT="för"/><SP WIDTH="16" VPOS="370" HPOS="728"/>
							<String ID="string_75" HPOS="744" VPOS="372" WIDTH="32" HEIGHT="20" WC="0.93" CONTENT="att"/><SP WIDTH="16" VPOS="372" HPOS="776"/>
							<String ID="string_76" HPOS="792" VPOS="371" WIDTH="100" HEIGHT="21" WC="0.93" CONTENT="döfstum-"/>
						</TextLine>
						<TextLine ID="line_8" HPOS="72" VPOS="399" WIDTH="820" HEIGHT="21">
							<String ID="string_77" HPOS="72" VPOS="399" WIDTH="100" HEIGHT="21" WC="0.91" CONTENT="skolorna"/><SP WIDTH="18" VPOS="399" HPOS="172"/>
							<String ID="string_78" HPOS="190" VPOS="399" WIDTH="67" HEIGHT="21" WC="0.93" CONTENT="borde"/><SP WIDTH="16" VPOS="399" HPOS="257"/>
							<String ID="string_79" HPOS="273" VPOS="399" WIDTH="73" HEIGHT="21" WC="0.93" CONTENT="ställas"/><SP WIDTH="19" VPOS="399" HPOS="346"/>
							<String ID="string_80" HPOS="365" VPOS="399" WIDTH="2" HEIGHT="21" WC="0.92" CONTENT="i"/><SP WIDTH="16" VPOS="399" HPOS="367"/>
							<String ID="string_81" HPOS="383" VPOS="399" WIDTH="101" HEIGHT="21" WC="0.96" CONTENT="samband"/><SP WIDTH="14" VPOS="399" HPOS="484"/>
							<String ID="string_82" HPOS="498" VPOS="399" WIDTH="46" HEIGHT="21" WC="0.93" CONTENT="med"/><SP WIDTH="16" VPOS="399" HPOS="544"/>
							<String ID="string_83" HPOS="560" VPOS="399" WIDTH="332" HEIGHT="21" WC="0.92" CONTENT="folkskolelärareseminarierna."/>
						</TextLine>
						<TextLine ID="line_9" HPOS="72" VPOS="427" WIDTH="820" HEIGHT="28">
							<String ID="string_84" HPOS="72" VPOS="428" WIDTH="65" HEIGHT="27" WC="0.96" CONTENT="Ingen"/><SP WIDTH="23" VPOS="428" HPOS="137"/>
							<String ID="string_85" HPOS="160" VPOS="427" WIDTH="39" HEIGHT="21" WC="0.93" CONTENT="har"/><SP WIDTH="22" VPOS="427" HPOS="199"/>
							<String ID="string_86" HPOS="221" VPOS="430" WIDTH="92" HEIGHT="24" WC="0.91" CONTENT="motsagt"/><SP WIDTH="23" VPOS="430" HPOS="313"/>
							<String ID="string_87" HPOS="336" VPOS="428" WIDTH="63" HEIGHT="20" WC="0.89" CONTENT="detta."/><SP WIDTH="30" VPOS="428" HPOS="399"/>
							<String ID="string_88" HPOS="429" VPOS="427" WIDTH="39" HEIGHT="22" WC="0.92" CONTENT="Om"/><SP WIDTH="23" VPOS="427" HPOS="468"/>
							<String ID="string_89" HPOS="491" VPOS="428" WIDTH="105" HEIGHT="21" WC="0.90" CONTENT="utskottet"/><SP WIDTH="19" VPOS="428" HPOS="596"/>
							<String ID="string_90" HPOS="615" VPOS="428" WIDTH="45" HEIGHT="21" WC="0.91" CONTENT="icke"/><SP WIDTH="16" VPOS="428" HPOS="660"/>
							<String ID="string_91" HPOS="676" VPOS="428" WIDTH="90" HEIGHT="21" WC="0.96" CONTENT="kommit"/><SP WIDTH="14" VPOS="428" HPOS="766"/>
							<String ID="string_92" HPOS="780" VPOS="430" WIDTH="32" HEIGHT="19" WC="0.96" CONTENT="att"/><SP WIDTH="16" VPOS="430" HPOS="812"/>
							<String ID="string_93" HPOS="828" VPOS="428" WIDTH="64" HEIGHT="21" WC="0.96" CONTENT="tänka"/>
						</TextLine>
						<TextLine ID="line_10" HPOS="72" VPOS="457" WIDTH="821" HEIGHT="27">
							<String ID="string_94" HPOS="72" VPOS="457" WIDTH="28" HEIGHT="27" WC="0.96" CONTENT="pä"/><SP WIDTH="22" VPOS="457" HPOS="100"/>
							<String ID="string_95" HPOS="122" VPOS="457" WIDTH="68" HEIGHT="21" WC="0.95" CONTENT="denna"/><SP WIDTH="22" VPOS="457" HPOS="190"/>
							<String ID="string_96" HPOS="212" VPOS="457" WIDTH="46" HEIGHT="21" WC="0.96" CONTENT="sida"/><SP WIDTH="15" VPOS="457" HPOS="258"/>
							<String ID="string_97" HPOS="273" VPOS="457" WIDTH="21" HEIGHT="22" WC="0.96" CONTENT="af"/><SP WIDTH="21" VPOS="457" HPOS="294"/>
							<String ID="string_98" HPOS="315" VPOS="457" WIDTH="71" HEIGHT="25" WC="0.96" CONTENT="saken,"/><SP WIDTH="17" VPOS="457" HPOS="386"/>
							<String ID="string_99" HPOS="403" VPOS="457" WIDTH="35" HEIGHT="21" WC="0.95" CONTENT="vill"/><SP WIDTH="13" VPOS="457" HPOS="438"/>
							<String ID="string_100" HPOS="451" VPOS="457" WIDTH="37" HEIGHT="27" WC="0.93" CONTENT="jag"/><SP WIDTH="15" VPOS="457" HPOS="488"/>
							<String ID="string_101" HPOS="503" VPOS="457" WIDTH="122" HEIGHT="27" WC="0.92" CONTENT="visserligen"/><SP WIDTH="16" VPOS="457" HPOS="625"/>
							<String ID="string_102" HPOS="641" VPOS="457" WIDTH="46" HEIGHT="21" WC="0.92" CONTENT="icke"/><SP WIDTH="15" VPOS="457" HPOS="687"/>
							<String ID="string_103" HPOS="702" VPOS="457" WIDTH="58" HEIGHT="21" WC="0.92" CONTENT="tadla"/><SP WIDTH="16" VPOS="457" HPOS="760"/>
							<String ID="string_104" HPOS="776" VPOS="457" WIDTH="117" HEIGHT="21" WC="0.92" CONTENT="detsamma"/>
						</TextLine>
						<TextLine ID="line_11" HPOS="72" VPOS="485" WIDTH="821" HEIGHT="28">
							<String ID="string_105" HPOS="72" VPOS="485" WIDTH="77" HEIGHT="27" WC="0.92" CONTENT="derför,"/><SP WIDTH="18" VPOS="485" HPOS="149"/>
							<String ID="string_106" HPOS="167" VPOS="491" WIDTH="48" HEIGHT="16" WC="0.96" CONTENT="men"/><SP WIDTH="20" VPOS="491" HPOS="215"/>
							<String ID="string_107" HPOS="235" VPOS="485" WIDTH="37" HEIGHT="27" WC="0.96" CONTENT="jag"/><SP WIDTH="19" VPOS="485" HPOS="272"/>
							<String ID="string_108" HPOS="291" VPOS="491" WIDTH="67" HEIGHT="20" WC="0.96" CONTENT="anser,"/><SP WIDTH="18" VPOS="491" HPOS="358"/>
							<String ID="string_109" HPOS="376" VPOS="488" WIDTH="32" HEIGHT="19" WC="0.93" CONTENT="att"/><SP WIDTH="19" VPOS="488" HPOS="408"/>
							<String ID="string_110" HPOS="427" VPOS="486" WIDTH="105" HEIGHT="21" WC="0.91" CONTENT="utskottet"/><SP WIDTH="15" VPOS="486" HPOS="532"/>
							<String ID="string_111" HPOS="547" VPOS="487" WIDTH="56" HEIGHT="20" WC="0.96" CONTENT="ännu"/><SP WIDTH="16" VPOS="487" HPOS="603"/>
							<String ID="string_112" HPOS="619" VPOS="486" WIDTH="39" HEIGHT="21" WC="0.96" CONTENT="har"/><SP WIDTH="15" VPOS="486" HPOS="658"/>
							<String ID="string_113" HPOS="673" VPOS="485" WIDTH="107" HEIGHT="28" WC="0.96" CONTENT="möjlighet"/><SP WIDTH="16" VPOS="485" HPOS="780"/>
							<String ID="string_114" HPOS="796" VPOS="488" WIDTH="32" HEIGHT="19" WC="0.93" CONTENT="att"/><SP WIDTH="15" VPOS="488" HPOS="828"/>
							<String ID="string_115" HPOS="843" VPOS="488" WIDTH="50" HEIGHT="24" WC="0.93" CONTENT="taga"/>
						</TextLine>
						<TextLine ID="line_12" HPOS="72" VPOS="514" WIDTH="821" HEIGHT="28">
							<String ID="string_116" HPOS="72" VPOS="514" WIDTH="74" HEIGHT="28" WC="0.91" CONTENT="frägan"/><SP WIDTH="22" VPOS="514" HPOS="146"/>
							<String ID="string_117" HPOS="168" VPOS="515" WIDTH="68" HEIGHT="20" WC="0.92" CONTENT="under"/><SP WIDTH="18" VPOS="515" HPOS="236"/>
							<String ID="string_118" HPOS="254" VPOS="515" WIDTH="154" HEIGHT="26" WC="0.92" CONTENT="öfvervägande"/><SP WIDTH="16" VPOS="515" HPOS="408"/>
							<String ID="string_119" HPOS="424" VPOS="515" WIDTH="39" HEIGHT="20" WC="0.93" CONTENT="och"/><SP WIDTH="17" VPOS="515" HPOS="463"/>
							<String ID="string_120" HPOS="480" VPOS="515" WIDTH="76" HEIGHT="21" WC="0.92" CONTENT="önskar"/><SP WIDTH="16" VPOS="515" HPOS="556"/>
							<String ID="string_121" HPOS="572" VPOS="514" WIDTH="72" HEIGHT="22" WC="0.93" CONTENT="derför"/><SP WIDTH="15" VPOS="514" HPOS="644"/>
							<String ID="string_122" HPOS="659" VPOS="514" WIDTH="135" HEIGHT="26" WC="0.92" CONTENT="fortfarande,"/><SP WIDTH="17" VPOS="514" HPOS="794"/>
							<String ID="string_123" HPOS="811" VPOS="517" WIDTH="31" HEIGHT="19" WC="0.93" CONTENT="att"/><SP WIDTH="16" VPOS="517" HPOS="842"/>
							<String ID="string_124" HPOS="858" VPOS="514" WIDTH="35" HEIGHT="21" WC="0.93" CONTENT="be-"/>
						</TextLine>
						<TextLine ID="line_13" HPOS="72" VPOS="543" WIDTH="820" HEIGHT="22">
							<String ID="string_125" HPOS="72" VPOS="543" WIDTH="115" HEIGHT="21" WC="0.92" CONTENT="tänkandet"/><SP WIDTH="23" VPOS="543" HPOS="187"/>
							<String ID="string_126" HPOS="210" VPOS="543" WIDTH="166" HEIGHT="21" WC="0.92" CONTENT="äterremitteras"/><SP WIDTH="22" VPOS="543" HPOS="376"/>
							<String ID="string_127" HPOS="398" VPOS="543" WIDTH="31" HEIGHT="21" WC="0.93" CONTENT="till"/><SP WIDTH="24" VPOS="543" HPOS="429"/>
							<String ID="string_128" HPOS="453" VPOS="544" WIDTH="104" HEIGHT="20" WC="0.92" CONTENT="utskottet"/><SP WIDTH="25" VPOS="544" HPOS="557"/>
							<String ID="string_129" HPOS="582" VPOS="543" WIDTH="32" HEIGHT="22" WC="0.97" CONTENT="för"/><SP WIDTH="22" VPOS="543" HPOS="614"/>
							<String ID="string_130" HPOS="636" VPOS="545" WIDTH="31" HEIGHT="19" WC="0.93" CONTENT="att"/><SP WIDTH="25" VPOS="545" HPOS="667"/>
							<String ID="string_131" HPOS="692" VPOS="543" WIDTH="116" HEIGHT="22" WC="0.92" CONTENT="detsamma"/><SP WIDTH="19" VPOS="543" HPOS="808"/>
							<String ID="string_132" HPOS="827" VPOS="543" WIDTH="65" HEIGHT="21" WC="0.92" CONTENT="mätte"/>
						</TextLine>
						<TextLine ID="line_14" HPOS="72" VPOS="571" WIDTH="822" HEIGHT="28">
							<String ID="string_133" HPOS="72" VPOS="571" WIDTH="64" HEIGHT="22" WC="0.91" CONTENT="blifva"/><SP WIDTH="24" VPOS="571" HPOS="136"/>
							<String ID="string_134" HPOS="160" VPOS="572" WIDTH="6" HEIGHT="21" WC="0.93" CONTENT="i"/><SP WIDTH="18" VPOS="572" HPOS="166"/>
							<String ID="string_135" HPOS="184" VPOS="571" WIDTH="83" HEIGHT="22" WC="0.90" CONTENT="tillfälle"/><SP WIDTH="21" VPOS="571" HPOS="267"/>
							<String ID="string_136" HPOS="288" VPOS="574" WIDTH="32" HEIGHT="19" WC="0.93" CONTENT="att"/><SP WIDTH="14" VPOS="574" HPOS="320"/>
							<String ID="string_137" HPOS="334" VPOS="571" WIDTH="73" HEIGHT="27" WC="0.93" CONTENT="pröfva"/><SP WIDTH="24" VPOS="571" HPOS="407"/>
							<String ID="string_138" HPOS="431" VPOS="571" WIDTH="102" HEIGHT="22" WC="0.92" CONTENT="huruvida"/><SP WIDTH="22" VPOS="571" HPOS="533"/>
							<String ID="string_139" HPOS="555" VPOS="572" WIDTH="105" HEIGHT="27" WC="0.92" CONTENT="verkligen"/><SP WIDTH="16" VPOS="572" HPOS="660"/>
							<String ID="string_140" HPOS="676" VPOS="571" WIDTH="46" HEIGHT="22" WC="0.93" CONTENT="skäl"/><SP WIDTH="15" VPOS="571" HPOS="722"/>
							<String ID="string_141" HPOS="737" VPOS="578" WIDTH="49" HEIGHT="15" WC="0.92" CONTENT="vore"/><SP WIDTH="16" VPOS="578" HPOS="786"/>
							<String ID="string_142" HPOS="802" VPOS="574" WIDTH="32" HEIGHT="19" WC="0.93" CONTENT="att"/><SP WIDTH="16" VPOS="574" HPOS="834"/>
							<String ID="string_143" HPOS="850" VPOS="572" WIDTH="44" HEIGHT="20" WC="0.91" CONTENT="vid-"/>
						</TextLine>
						<TextLine ID="line_15" HPOS="72" VPOS="600" WIDTH="821" HEIGHT="28">
							<String ID="string_144" HPOS="72" VPOS="603" WIDTH="50" HEIGHT="25" WC="0.96" CONTENT="taga"/><SP WIDTH="20" VPOS="603" HPOS="122"/>
							<String ID="string_145" HPOS="142" VPOS="607" WIDTH="26" HEIGHT="15" WC="0.92" CONTENT="en"/><SP WIDTH="22" VPOS="607" HPOS="168"/>
							<String ID="string_146" HPOS="190" VPOS="600" WIDTH="127" HEIGHT="22" WC="0.92" CONTENT="dislokation"/><SP WIDTH="16" VPOS="600" HPOS="317"/>
							<String ID="string_147" HPOS="333" VPOS="601" WIDTH="22" HEIGHT="20" WC="0.96" CONTENT="af"/><SP WIDTH="14" VPOS="601" HPOS="355"/>
							<String ID="string_148" HPOS="369" VPOS="601" WIDTH="120" HEIGHT="21" WC="0.93" CONTENT="nuvarande"/><SP WIDTH="16" VPOS="601" HPOS="489"/>
							<String ID="string_149" HPOS="505" VPOS="601" WIDTH="164" HEIGHT="21" WC="0.92" CONTENT="döfstumskolor"/><SP WIDTH="15" VPOS="601" HPOS="669"/>
							<String ID="string_150" HPOS="684" VPOS="601" WIDTH="31" HEIGHT="21" WC="0.93" CONTENT="till"/><SP WIDTH="16" VPOS="601" HPOS="715"/>
							<String ID="string_151" HPOS="731" VPOS="601" WIDTH="89" HEIGHT="22" WC="0.96" CONTENT="fromma"/><SP WIDTH="16" VPOS="601" HPOS="820"/>
							<String ID="string_152" HPOS="836" VPOS="600" WIDTH="57" HEIGHT="22" WC="0.96" CONTENT="såväl"/>
						</TextLine>
						<TextLine ID="line_16" HPOS="73" VPOS="629" WIDTH="497" HEIGHT="22">
							<String ID="string_153" HPOS="73" VPOS="630" WIDTH="33" HEIGHT="21" WC="0.96" CONTENT="för"/><SP WIDTH="15" VPOS="630" HPOS="106"/>
							<String ID="string_154" HPOS="121" VPOS="629" WIDTH="62" HEIGHT="22" WC="0.96" CONTENT="dessa"/><SP WIDTH="15" VPOS="629" HPOS="183"/>
							<String ID="string_155" HPOS="198" VPOS="635" WIDTH="45" HEIGHT="15" WC="0.96" CONTENT="som"/><SP WIDTH="17" VPOS="635" HPOS="243"/>
							<String ID="string_156" HPOS="260" VPOS="630" WIDTH="32" HEIGHT="21" WC="0.93" CONTENT="för"/><SP WIDTH="16" VPOS="630" HPOS="292"/>
							<String ID="string_157" HPOS="308" VPOS="629" WIDTH="262" HEIGHT="22" WC="0.92" CONTENT="folkskoleseminarierna."/>
						</TextLine>
					</TextBlock>
				</ComposedBlock>
				<ComposedBlock ID="cblock_3" HPOS="73" VPOS="686" WIDTH="822" HEIGHT="196">
					<TextBlock ID="block_2" HPOS="73" VPOS="686" WIDTH="822" HEIGHT="196">
						<TextLine ID="line_17" HPOS="142" VPOS="686" WIDTH="751" HEIGHT="29">
							<String ID="string_158" HPOS="142" VPOS="688" WIDTH="56" HEIGHT="20" WC="0.96" CONTENT="Herr"/><SP WIDTH="22" VPOS="688" HPOS="198"/>
							<String ID="string_159" HPOS="220" VPOS="687" WIDTH="174" HEIGHT="22" WC="0.89" CONTENT="Molander:"/><SP WIDTH="30" VPOS="687" HPOS="394"/>
							<String ID="string_160" HPOS="424" VPOS="687" WIDTH="73" HEIGHT="21" WC="0.89" CONTENT="Ehuru"/><SP WIDTH="21" VPOS="687" HPOS="497"/>
							<String ID="string_161" HPOS="518" VPOS="688" WIDTH="37" HEIGHT="27" WC="0.93" CONTENT="jag"/><SP WIDTH="19" VPOS="688" HPOS="555"/>
							<String ID="string_162" HPOS="574" VPOS="687" WIDTH="92" HEIGHT="22" WC="0.93" CONTENT="hvarken"/><SP WIDTH="16" VPOS="687" HPOS="666"/>
							<String ID="string_163" HPOS="682" VPOS="687" WIDTH="36" HEIGHT="21" WC="0.97" CONTENT="vill"/><SP WIDTH="16" VPOS="687" HPOS="718"/>
							<String ID="string_164" HPOS="734" VPOS="688" WIDTH="51" HEIGHT="20" WC="0.96" CONTENT="eller"/><SP WIDTH="16" VPOS="688" HPOS="785"/>
							<String ID="string_165" HPOS="801" VPOS="687" WIDTH="40" HEIGHT="21" WC="0.93" CONTENT="kan"/><SP WIDTH="17" VPOS="687" HPOS="841"/>
							<String ID="string_166" HPOS="858" VPOS="686" WIDTH="35" HEIGHT="22" WC="0.93" CONTENT="be-"/>
						</TextLine>
						<TextLine ID="line_18" HPOS="74" VPOS="715" WIDTH="821" HEIGHT="28">
							<String ID="string_167" HPOS="74" VPOS="716" WIDTH="66" HEIGHT="22" WC="0.96" CONTENT="strida"/><SP WIDTH="18" VPOS="716" HPOS="140"/>
							<String ID="string_168" HPOS="158" VPOS="716" WIDTH="49" HEIGHT="22" WC="0.93" CONTENT="herr"/><SP WIDTH="23" VPOS="716" HPOS="207"/>
							<String ID="string_169" HPOS="230" VPOS="716" WIDTH="64" HEIGHT="22" WC="0.91" CONTENT="Göös&#39;"/><SP WIDTH="16" VPOS="716" HPOS="294"/>
							<String ID="string_170" HPOS="310" VPOS="716" WIDTH="154" HEIGHT="27" WC="0.95" CONTENT="framställning"/><SP WIDTH="15" VPOS="716" HPOS="464"/>
							<String ID="string_171" HPOS="479" VPOS="722" WIDTH="33" HEIGHT="16" WC="0.92" CONTENT="om"/><SP WIDTH="16" VPOS="722" HPOS="512"/>
							<String ID="string_172" HPOS="528" VPOS="719" WIDTH="74" HEIGHT="24" WC="0.96" CONTENT="nyttan"/><SP WIDTH="17" VPOS="719" HPOS="602"/>
							<String ID="string_173" HPOS="619" VPOS="716" WIDTH="38" HEIGHT="21" WC="0.93" CONTENT="och"/><SP WIDTH="16" VPOS="716" HPOS="657"/>
							<String ID="string_174" HPOS="673" VPOS="716" WIDTH="182" HEIGHT="27" WC="0.96" CONTENT="nödvändigheten"/><SP WIDTH="17" VPOS="716" HPOS="855"/>
							<String ID="string_175" HPOS="872" VPOS="715" WIDTH="23" HEIGHT="21" WC="0.96" CONTENT="af"/>
						</TextLine>
						<TextLine ID="line_19" HPOS="74" VPOS="744" WIDTH="820" HEIGHT="28">
							<String ID="string_176" HPOS="74" VPOS="747" WIDTH="32" HEIGHT="20" WC="0.95" CONTENT="att"/><SP WIDTH="23" VPOS="747" HPOS="106"/>
							<String ID="string_177" HPOS="129" VPOS="746" WIDTH="7" HEIGHT="20" WC="0.96" CONTENT="i"/><SP WIDTH="14" VPOS="746" HPOS="136"/>
							<String ID="string_178" HPOS="150" VPOS="745" WIDTH="116" HEIGHT="27" WC="0.96" CONTENT="Jyväskylä"/><SP WIDTH="15" VPOS="745" HPOS="266"/>
							<String ID="string_179" HPOS="281" VPOS="745" WIDTH="68" HEIGHT="21" WC="0.96" CONTENT="skulle"/><SP WIDTH="16" VPOS="745" HPOS="349"/>
							<String ID="string_180" HPOS="365" VPOS="746" WIDTH="89" HEIGHT="20" WC="0.95" CONTENT="inrättas"/><SP WIDTH="12" VPOS="746" HPOS="454"/>
							<String ID="string_181" HPOS="466" VPOS="752" WIDTH="25" HEIGHT="14" WC="0.93" CONTENT="en"/><SP WIDTH="16" VPOS="752" HPOS="491"/>
							<String ID="string_182" HPOS="507" VPOS="745" WIDTH="156" HEIGHT="25" WC="0.92" CONTENT="abnormskola,"/><SP WIDTH="17" VPOS="745" HPOS="663"/>
							<String ID="string_183" HPOS="680" VPOS="751" WIDTH="61" HEIGHT="15" WC="0.96" CONTENT="anser"/><SP WIDTH="12" VPOS="751" HPOS="741"/>
							<String ID="string_184" HPOS="753" VPOS="744" WIDTH="37" HEIGHT="28" WC="0.96" CONTENT="jag"/><SP WIDTH="15" VPOS="744" HPOS="790"/>
							<String ID="string_185" HPOS="805" VPOS="745" WIDTH="7" HEIGHT="21" WC="0.92" CONTENT="i"/><SP WIDTH="15" VPOS="745" HPOS="812"/>
							<String ID="string_186" HPOS="827" VPOS="744" WIDTH="67" HEIGHT="22" WC="0.92" CONTENT="likhet"/>
						</TextLine>
						<TextLine ID="line_20" HPOS="74" VPOS="773" WIDTH="820" HEIGHT="28">
							<String ID="string_187" HPOS="74" VPOS="774" WIDTH="48" HEIGHT="22" WC="0.92" CONTENT="med"/><SP WIDTH="19" VPOS="774" HPOS="122"/>
							<String ID="string_188" HPOS="141" VPOS="774" WIDTH="49" HEIGHT="22" WC="0.92" CONTENT="herr"/><SP WIDTH="19" VPOS="774" HPOS="190"/>
							<String ID="string_189" HPOS="209" VPOS="774" WIDTH="93" HEIGHT="22" WC="0.91" CONTENT="Grönvik"/><SP WIDTH="24" VPOS="774" HPOS="302"/>
							<String ID="string_190" HPOS="326" VPOS="774" WIDTH="75" HEIGHT="21" WC="0.93" CONTENT="sädant"/><SP WIDTH="15" VPOS="774" HPOS="401"/>
							<String ID="string_191" HPOS="416" VPOS="773" WIDTH="55" HEIGHT="28" WC="0.93" CONTENT="ligga"/><SP WIDTH="15" VPOS="773" HPOS="471"/>
							<String ID="string_192" HPOS="486" VPOS="775" WIDTH="23" HEIGHT="21" WC="0.96" CONTENT="sä"/><SP WIDTH="15" VPOS="775" HPOS="509"/>
							<String ID="string_193" HPOS="524" VPOS="774" WIDTH="27" HEIGHT="27" WC="0.96" CONTENT="pä"/><SP WIDTH="16" VPOS="774" HPOS="551"/>
							<String ID="string_194" HPOS="567" VPOS="774" WIDTH="58" HEIGHT="21" WC="0.96" CONTENT="sidan"/><SP WIDTH="16" VPOS="774" HPOS="625"/>
							<String ID="string_195" HPOS="641" VPOS="774" WIDTH="23" HEIGHT="20" WC="0.97" CONTENT="af"/><SP WIDTH="13" VPOS="774" HPOS="664"/>
							<String ID="string_196" HPOS="677" VPOS="774" WIDTH="71" HEIGHT="26" WC="0.97" CONTENT="saken,"/><SP WIDTH="17" VPOS="774" HPOS="748"/>
							<String ID="string_197" HPOS="765" VPOS="776" WIDTH="32" HEIGHT="19" WC="0.97" CONTENT="att"/><SP WIDTH="15" VPOS="776" HPOS="797"/>
							<String ID="string_198" HPOS="812" VPOS="774" WIDTH="19" HEIGHT="20" WC="0.93" CONTENT="vi"/><SP WIDTH="16" VPOS="774" HPOS="831"/>
							<String ID="string_199" HPOS="847" VPOS="773" WIDTH="47" HEIGHT="21" WC="0.93" CONTENT="icke"/>
						</TextLine>
						<TextLine ID="line_21" HPOS="73" VPOS="802" WIDTH="822" HEIGHT="28">
							<String ID="string_200" HPOS="73" VPOS="803" WIDTH="40" HEIGHT="21" WC="0.92" CONTENT="här"/><SP WIDTH="21" VPOS="803" HPOS="113"/>
							<String ID="string_201" HPOS="134" VPOS="803" WIDTH="91" HEIGHT="21" WC="0.91" CONTENT="behöfva"/><SP WIDTH="22" VPOS="803" HPOS="225"/>
							<String ID="string_202" HPOS="247" VPOS="803" WIDTH="73" HEIGHT="21" WC="0.90" CONTENT="vidare"/><SP WIDTH="22" VPOS="803" HPOS="320"/>
							<String ID="string_203" HPOS="342" VPOS="802" WIDTH="108" HEIGHT="22" WC="0.90" CONTENT="diskutera"/><SP WIDTH="23" VPOS="802" HPOS="450"/>
							<String ID="string_204" HPOS="473" VPOS="803" WIDTH="68" HEIGHT="21" WC="0.96" CONTENT="denna"/><SP WIDTH="21" VPOS="803" HPOS="541"/>
							<String ID="string_205" HPOS="562" VPOS="802" WIDTH="160" HEIGHT="28" WC="0.94" CONTENT="framställning."/><SP WIDTH="30" VPOS="802" HPOS="722"/>
							<String ID="string_206" HPOS="752" VPOS="803" WIDTH="41" HEIGHT="27" WC="0.92" CONTENT="Jag"/><SP WIDTH="16" VPOS="803" HPOS="793"/>
							<String ID="string_207" HPOS="809" VPOS="802" WIDTH="86" HEIGHT="22" WC="0.92" CONTENT="förenar"/>
						</TextLine>
						<TextLine ID="line_22" HPOS="74" VPOS="831" WIDTH="820" HEIGHT="28">
							<String ID="string_208" HPOS="74" VPOS="832" WIDTH="42" HEIGHT="27" WC="0.95" CONTENT="mig"/><SP WIDTH="22" VPOS="832" HPOS="116"/>
							<String ID="string_209" HPOS="138" VPOS="832" WIDTH="47" HEIGHT="21" WC="0.92" CONTENT="med"/><SP WIDTH="25" VPOS="832" HPOS="185"/>
							<String ID="string_210" HPOS="210" VPOS="832" WIDTH="73" HEIGHT="21" WC="0.90" CONTENT="herrar"/><SP WIDTH="21" VPOS="832" HPOS="283"/>
							<String ID="string_211" HPOS="304" VPOS="832" WIDTH="106" HEIGHT="27" WC="0.96" CONTENT="Wallgren"/><SP WIDTH="23" VPOS="832" HPOS="410"/>
							<String ID="string_212" HPOS="433" VPOS="832" WIDTH="39" HEIGHT="21" WC="0.96" CONTENT="och"/><SP WIDTH="23" VPOS="832" HPOS="472"/>
							<String ID="string_213" HPOS="495" VPOS="832" WIDTH="120" HEIGHT="27" WC="0.96" CONTENT="Chydenius"/><SP WIDTH="16" VPOS="832" HPOS="615"/>
							<String ID="string_214" HPOS="631" VPOS="838" WIDTH="33" HEIGHT="15" WC="0.92" CONTENT="om"/><SP WIDTH="17" VPOS="838" HPOS="664"/>
							<String ID="string_215" HPOS="681" VPOS="832" WIDTH="128" HEIGHT="27" WC="0.92" CONTENT="antagandet"/><SP WIDTH="16" VPOS="832" HPOS="809"/>
							<String ID="string_216" HPOS="825" VPOS="831" WIDTH="22" HEIGHT="21" WC="0.92" CONTENT="af"/><SP WIDTH="14" VPOS="831" HPOS="847"/>
							<String ID="string_217" HPOS="861" VPOS="832" WIDTH="33" HEIGHT="20" WC="0.91" CONTENT="ut-"/>
						</TextLine>
						<TextLine ID="line_23" HPOS="74" VPOS="860" WIDTH="246" HEIGHT="22">
							<String ID="string_218" HPOS="74" VPOS="861" WIDTH="91" HEIGHT="21" WC="0.90" CONTENT="skottets"/><SP WIDTH="16" VPOS="861" HPOS="165"/>
							<String ID="string_219" HPOS="181" VPOS="860" WIDTH="139" HEIGHT="22" WC="0.90" CONTENT="betänkande."/>
						</TextLine>
					</TextBlock>
				</ComposedBlock>
				<ComposedBlock ID="cblock_4" HPOS="74" VPOS="917" WIDTH="824" HEIGHT="629">
					<TextBlock ID="block_3" HPOS="74" VPOS="917" WIDTH="824" HEIGHT="629">
						<TextLine ID="line_24" HPOS="142" VPOS="917" WIDTH="752" HEIGHT="27">
							<String ID="string_220" HPOS="142" VPOS="918" WIDTH="56" HEIGHT="21" WC="0.96" CONTENT="Herr"/><SP WIDTH="21" VPOS="918" HPOS="198"/>
							<String ID="string_221" HPOS="219" VPOS="918" WIDTH="179" HEIGHT="26" WC="0.96" CONTENT="Malmgren:"/><SP WIDTH="29" VPOS="918" HPOS="398"/>
							<String ID="string_222" HPOS="427" VPOS="917" WIDTH="41" HEIGHT="27" WC="0.96" CONTENT="Jag"/><SP WIDTH="18" VPOS="917" HPOS="468"/>
							<String ID="string_223" HPOS="486" VPOS="918" WIDTH="37" HEIGHT="21" WC="0.96" CONTENT="ber"/><SP WIDTH="21" VPOS="918" HPOS="523"/>
							<String ID="string_224" HPOS="544" VPOS="920" WIDTH="33" HEIGHT="19" WC="0.85" CONTENT="att"/><SP WIDTH="15" VPOS="920" HPOS="577"/>
							<String ID="string_225" HPOS="592" VPOS="917" WIDTH="20" HEIGHT="22" WC="0.96" CONTENT="få"/><SP WIDTH="15" VPOS="917" HPOS="612"/>
							<String ID="string_226" HPOS="627" VPOS="918" WIDTH="32" HEIGHT="20" WC="0.96" CONTENT="till"/><SP WIDTH="16" VPOS="918" HPOS="659"/>
							<String ID="string_227" HPOS="675" VPOS="918" WIDTH="118" HEIGHT="26" WC="0.93" CONTENT="antagande"/><SP WIDTH="15" VPOS="918" HPOS="793"/>
							<String ID="string_228" HPOS="808" VPOS="918" WIDTH="86" HEIGHT="21" WC="0.95" CONTENT="förorda"/>
						</TextLine>
						<TextLine ID="line_25" HPOS="74" VPOS="946" WIDTH="821" HEIGHT="27">
							<String ID="string_229" HPOS="74" VPOS="947" WIDTH="43" HEIGHT="21" WC="0.96" CONTENT="min"/><SP WIDTH="15" VPOS="947" HPOS="117"/>
							<String ID="string_230" HPOS="132" VPOS="947" WIDTH="130" HEIGHT="21" WC="0.96" CONTENT="reservation"/><SP WIDTH="16" VPOS="947" HPOS="262"/>
							<String ID="string_231" HPOS="278" VPOS="947" WIDTH="45" HEIGHT="21" WC="0.96" CONTENT="dels"/><SP WIDTH="15" VPOS="947" HPOS="323"/>
							<String ID="string_232" HPOS="338" VPOS="947" WIDTH="28" HEIGHT="26" WC="0.96" CONTENT="pä"/><SP WIDTH="14" VPOS="947" HPOS="366"/>
							<String ID="string_233" HPOS="380" VPOS="946" WIDTH="68" HEIGHT="27" WC="0.96" CONTENT="grund"/><SP WIDTH="14" VPOS="946" HPOS="448"/>
							<String ID="string_234" HPOS="462" VPOS="946" WIDTH="22" HEIGHT="21" WC="0.96" CONTENT="af"/><SP WIDTH="14" VPOS="946" HPOS="484"/>
							<String ID="string_235" HPOS="498" VPOS="947" WIDTH="25" HEIGHT="21" WC="0.96" CONTENT="de"/><SP WIDTH="15" VPOS="947" HPOS="523"/>
							<String ID="string_236" HPOS="538" VPOS="946" WIDTH="53" HEIGHT="26" WC="0.96" CONTENT="skäl,"/><SP WIDTH="16" VPOS="946" HPOS="591"/>
							<String ID="string_237" HPOS="607" VPOS="953" WIDTH="43" HEIGHT="15" WC="0.96" CONTENT="som"/><SP WIDTH="16" VPOS="953" HPOS="650"/>
							<String ID="string_238" HPOS="666" VPOS="946" WIDTH="35" HEIGHT="27" WC="0.93" CONTENT="jag"/><SP WIDTH="15" VPOS="946" HPOS="701"/>
							<String ID="string_239" HPOS="716" VPOS="946" WIDTH="75" HEIGHT="26" WC="0.92" CONTENT="anfört,"/><SP WIDTH="17" VPOS="946" HPOS="791"/>
							<String ID="string_240" HPOS="808" VPOS="946" WIDTH="44" HEIGHT="22" WC="0.96" CONTENT="dels"/><SP WIDTH="15" VPOS="946" HPOS="852"/>
							<String ID="string_241" HPOS="867" VPOS="946" WIDTH="28" HEIGHT="27" WC="0.96" CONTENT="pä"/>
						</TextLine>
						<TextLine ID="line_26" HPOS="74" VPOS="975" WIDTH="820" HEIGHT="27">
							<String ID="string_242" HPOS="74" VPOS="976" WIDTH="67" HEIGHT="26" WC="0.95" CONTENT="grund"/><SP WIDTH="23" VPOS="976" HPOS="141"/>
							<String ID="string_243" HPOS="164" VPOS="976" WIDTH="24" HEIGHT="21" WC="0.95" CONTENT="af"/><SP WIDTH="14" VPOS="976" HPOS="188"/>
							<String ID="string_244" HPOS="202" VPOS="976" WIDTH="35" HEIGHT="20" WC="0.93" CONTENT="det"/><SP WIDTH="15" VPOS="976" HPOS="237"/>
							<String ID="string_245" HPOS="252" VPOS="975" WIDTH="177" HEIGHT="26" WC="0.92" CONTENT="sakförhällande,"/><SP WIDTH="15" VPOS="975" HPOS="429"/>
							<String ID="string_246" HPOS="444" VPOS="978" WIDTH="32" HEIGHT="18" WC="0.93" CONTENT="att"/><SP WIDTH="15" VPOS="978" HPOS="476"/>
							<String ID="string_247" HPOS="491" VPOS="975" WIDTH="83" HEIGHT="21" WC="0.92" CONTENT="landets"/><SP WIDTH="16" VPOS="975" HPOS="574"/>
							<String ID="string_248" HPOS="590" VPOS="975" WIDTH="116" HEIGHT="21" WC="0.93" CONTENT="finansiella"/><SP WIDTH="15" VPOS="975" HPOS="706"/>
							<String ID="string_249" HPOS="721" VPOS="976" WIDTH="101" HEIGHT="26" WC="0.92" CONTENT="ställning"/><SP WIDTH="16" VPOS="976" HPOS="822"/>
							<String ID="string_250" HPOS="838" VPOS="975" WIDTH="56" HEIGHT="26" WC="0.92" CONTENT="inga-"/>
						</TextLine>
						<TextLine ID="line_27" HPOS="74" VPOS="1004" WIDTH="821" HEIGHT="29">
							<String ID="string_251" HPOS="74" VPOS="1005" WIDTH="64" HEIGHT="21" WC="0.89" CONTENT="lunda"/><SP WIDTH="22" VPOS="1005" HPOS="138"/>
							<String ID="string_252" HPOS="160" VPOS="1004" WIDTH="69" HEIGHT="22" WC="0.89" CONTENT="blifvit"/><SP WIDTH="15" VPOS="1004" HPOS="229"/>
							<String ID="string_253" HPOS="244" VPOS="1004" WIDTH="70" HEIGHT="22" WC="0.96" CONTENT="bättre"/><SP WIDTH="16" VPOS="1004" HPOS="314"/>
							<String ID="string_254" HPOS="330" VPOS="1004" WIDTH="64" HEIGHT="29" WC="0.93" CONTENT="sedan"/><SP WIDTH="16" VPOS="1004" HPOS="394"/>
							<String ID="string_255" HPOS="410" VPOS="1006" WIDTH="83" HEIGHT="19" WC="0.93" CONTENT="senaste"/><SP WIDTH="15" VPOS="1006" HPOS="493"/>
							<String ID="string_256" HPOS="508" VPOS="1004" WIDTH="108" HEIGHT="27" WC="0.91" CONTENT="landtdag."/><SP WIDTH="30" VPOS="1004" HPOS="616"/>
							<String ID="string_257" HPOS="646" VPOS="1004" WIDTH="32" HEIGHT="21" WC="0.95" CONTENT="Då"/><SP WIDTH="16" VPOS="1004" HPOS="678"/>
							<String ID="string_258" HPOS="694" VPOS="1005" WIDTH="76" HEIGHT="26" WC="0.96" CONTENT="ansågs"/><SP WIDTH="16" VPOS="1005" HPOS="770"/>
							<String ID="string_259" HPOS="786" VPOS="1004" WIDTH="36" HEIGHT="21" WC="0.93" CONTENT="det"/><SP WIDTH="15" VPOS="1004" HPOS="822"/>
							<String ID="string_260" HPOS="837" VPOS="1006" WIDTH="58" HEIGHT="19" WC="0.92" CONTENT="näm-"/>
						</TextLine>
						<TextLine ID="line_28" HPOS="74" VPOS="1032" WIDTH="824" HEIGHT="28">
							<String ID="string_261" HPOS="74" VPOS="1034" WIDTH="55" HEIGHT="26" WC="0.88" CONTENT="ligen"/><SP WIDTH="23" VPOS="1034" HPOS="129"/>
							<String ID="string_262" HPOS="152" VPOS="1033" WIDTH="92" HEIGHT="27" WC="0.88" CONTENT="ogörligt"/><SP WIDTH="22" VPOS="1033" HPOS="244"/>
							<String ID="string_263" HPOS="266" VPOS="1035" WIDTH="32" HEIGHT="19" WC="0.93" CONTENT="att"/><SP WIDTH="20" VPOS="1035" HPOS="298"/>
							<String ID="string_264" HPOS="318" VPOS="1032" WIDTH="119" HEIGHT="22" WC="0.93" CONTENT="Ständerna"/><SP WIDTH="15" VPOS="1032" HPOS="437"/>
							<String ID="string_265" HPOS="452" VPOS="1033" WIDTH="67" HEIGHT="21" WC="0.93" CONTENT="skulle"/><SP WIDTH="17" VPOS="1033" HPOS="519"/>
							<String ID="string_266" HPOS="536" VPOS="1035" WIDTH="50" HEIGHT="25" WC="0.92" CONTENT="taga"/><SP WIDTH="15" VPOS="1035" HPOS="586"/>
							<String ID="string_267" HPOS="601" VPOS="1032" WIDTH="49" HEIGHT="27" WC="0.96" CONTENT="ihop"/><SP WIDTH="16" VPOS="1032" HPOS="650"/>
							<String ID="string_268" HPOS="666" VPOS="1033" WIDTH="47" HEIGHT="21" WC="0.93" CONTENT="med"/><SP WIDTH="16" VPOS="1033" HPOS="713"/>
							<String ID="string_269" HPOS="729" VPOS="1033" WIDTH="131" HEIGHT="21" WC="0.92" CONTENT="inrättandet"/><SP WIDTH="15" VPOS="1033" HPOS="860"/>
							<String ID="string_270" HPOS="875" VPOS="1032" WIDTH="23" HEIGHT="21" WC="0.96" CONTENT="af"/>
						</TextLine>
						<TextLine ID="line_29" HPOS="74" VPOS="1061" WIDTH="821" HEIGHT="28">
							<String ID="string_271" HPOS="74" VPOS="1062" WIDTH="66" HEIGHT="27" WC="0.91" CONTENT="nägra"/><SP WIDTH="15" VPOS="1062" HPOS="140"/>
							<String ID="string_272" HPOS="155" VPOS="1062" WIDTH="131" HEIGHT="22" WC="0.92" CONTENT="idiotskolor."/><SP WIDTH="31" VPOS="1062" HPOS="286"/>
							<String ID="string_273" HPOS="317" VPOS="1062" WIDTH="39" HEIGHT="21" WC="0.93" CONTENT="Att"/><SP WIDTH="15" VPOS="1062" HPOS="356"/>
							<String ID="string_274" HPOS="371" VPOS="1061" WIDTH="91" HEIGHT="22" WC="0.92" CONTENT="anmoda"/><SP WIDTH="15" VPOS="1061" HPOS="462"/>
							<String ID="string_275" HPOS="477" VPOS="1062" WIDTH="123" HEIGHT="26" WC="0.96" CONTENT="regeringen"/><SP WIDTH="17" VPOS="1062" HPOS="600"/>
							<String ID="string_276" HPOS="617" VPOS="1064" WIDTH="31" HEIGHT="18" WC="0.95" CONTENT="att"/><SP WIDTH="16" VPOS="1064" HPOS="648"/>
							<String ID="string_277" HPOS="664" VPOS="1062" WIDTH="99" HEIGHT="21" WC="0.96" CONTENT="utarbeta"/><SP WIDTH="15" VPOS="1062" HPOS="763"/>
							<String ID="string_278" HPOS="778" VPOS="1068" WIDTH="25" HEIGHT="14" WC="0.93" CONTENT="en"/><SP WIDTH="17" VPOS="1068" HPOS="803"/>
							<String ID="string_279" HPOS="820" VPOS="1067" WIDTH="75" HEIGHT="21" WC="0.92" CONTENT="propo-"/>
						</TextLine>
						<TextLine ID="line_30" HPOS="74" VPOS="1090" WIDTH="821" HEIGHT="27">
							<String ID="string_280" HPOS="74" VPOS="1092" WIDTH="63" HEIGHT="21" WC="0.92" CONTENT="sition"/><SP WIDTH="23" VPOS="1092" HPOS="137"/>
							<String ID="string_281" HPOS="160" VPOS="1091" WIDTH="5" HEIGHT="21" WC="0.92" CONTENT="i"/><SP WIDTH="23" VPOS="1091" HPOS="165"/>
							<String ID="string_282" HPOS="188" VPOS="1092" WIDTH="72" HEIGHT="20" WC="0.92" CONTENT="ämnet"/><SP WIDTH="22" VPOS="1092" HPOS="260"/>
							<String ID="string_283" HPOS="282" VPOS="1091" WIDTH="31" HEIGHT="21" WC="0.93" CONTENT="till"/><SP WIDTH="23" VPOS="1091" HPOS="313"/>
							<String ID="string_284" HPOS="336" VPOS="1090" WIDTH="173" HEIGHT="22" WC="0.91" CONTENT="nästkommande"/><SP WIDTH="16" VPOS="1090" HPOS="509"/>
							<String ID="string_285" HPOS="525" VPOS="1090" WIDTH="91" HEIGHT="22" WC="0.92" CONTENT="Ständer"/><SP WIDTH="16" VPOS="1090" HPOS="616"/>
							<String ID="string_286" HPOS="632" VPOS="1090" WIDTH="88" HEIGHT="21" WC="0.96" CONTENT="innebär"/><SP WIDTH="15" VPOS="1090" HPOS="720"/>
							<String ID="string_287" HPOS="735" VPOS="1092" WIDTH="31" HEIGHT="19" WC="0.93" CONTENT="ett"/><SP WIDTH="15" VPOS="1092" HPOS="766"/>
							<String ID="string_288" HPOS="781" VPOS="1090" WIDTH="57" HEIGHT="27" WC="0.93" CONTENT="slags"/><SP WIDTH="15" VPOS="1090" HPOS="838"/>
							<String ID="string_289" HPOS="853" VPOS="1090" WIDTH="42" HEIGHT="20" WC="0.93" CONTENT="för-"/>
						</TextLine>
						<TextLine ID="line_31" HPOS="74" VPOS="1118" WIDTH="822" HEIGHT="29">
							<String ID="string_290" HPOS="74" VPOS="1120" WIDTH="98" HEIGHT="27" WC="0.90" CONTENT="pligtelse"/><SP WIDTH="22" VPOS="1120" HPOS="172"/>
							<String ID="string_291" HPOS="194" VPOS="1119" WIDTH="47" HEIGHT="21" WC="0.90" CONTENT="frän"/><SP WIDTH="21" VPOS="1119" HPOS="241"/>
							<String ID="string_292" HPOS="262" VPOS="1120" WIDTH="129" HEIGHT="21" WC="0.92" CONTENT="Ständernas"/><SP WIDTH="13" VPOS="1120" HPOS="391"/>
							<String ID="string_293" HPOS="404" VPOS="1119" WIDTH="46" HEIGHT="21" WC="0.97" CONTENT="sida"/><SP WIDTH="14" VPOS="1119" HPOS="450"/>
							<String ID="string_294" HPOS="464" VPOS="1122" WIDTH="32" HEIGHT="18" WC="0.93" CONTENT="att"/><SP WIDTH="15" VPOS="1122" HPOS="496"/>
							<String ID="string_295" HPOS="511" VPOS="1119" WIDTH="64" HEIGHT="21" WC="0.92" CONTENT="ocksä"/><SP WIDTH="17" VPOS="1119" HPOS="575"/>
							<String ID="string_296" HPOS="592" VPOS="1118" WIDTH="75" HEIGHT="28" WC="0.92" CONTENT="bevilja"/><SP WIDTH="15" VPOS="1118" HPOS="667"/>
							<String ID="string_297" HPOS="682" VPOS="1119" WIDTH="75" HEIGHT="25" WC="0.96" CONTENT="medel,"/><SP WIDTH="15" VPOS="1119" HPOS="757"/>
							<String ID="string_298" HPOS="772" VPOS="1119" WIDTH="7" HEIGHT="21" WC="0.93" CONTENT="i"/><SP WIDTH="16" VPOS="1119" HPOS="779"/>
							<String ID="string_299" HPOS="795" VPOS="1118" WIDTH="101" HEIGHT="22" WC="0.93" CONTENT="händelse"/>
						</TextLine>
						<TextLine ID="line_32" HPOS="75" VPOS="1147" WIDTH="820" HEIGHT="27">
							<String ID="string_300" HPOS="75" VPOS="1148" WIDTH="21" HEIGHT="22" WC="0.89" CONTENT="af"/><SP WIDTH="21" VPOS="1148" HPOS="96"/>
							<String ID="string_301" HPOS="117" VPOS="1148" WIDTH="70" HEIGHT="26" WC="0.89" CONTENT="behof,"/><SP WIDTH="22" VPOS="1148" HPOS="187"/>
							<String ID="string_302" HPOS="209" VPOS="1148" WIDTH="32" HEIGHT="21" WC="0.96" CONTENT="för"/><SP WIDTH="20" VPOS="1148" HPOS="241"/>
							<String ID="string_303" HPOS="261" VPOS="1150" WIDTH="31" HEIGHT="20" WC="0.93" CONTENT="ett"/><SP WIDTH="14" VPOS="1150" HPOS="292"/>
							<String ID="string_304" HPOS="306" VPOS="1148" WIDTH="52" HEIGHT="22" WC="0.92" CONTENT="slikt"/><SP WIDTH="14" VPOS="1148" HPOS="358"/>
							<String ID="string_305" HPOS="372" VPOS="1148" WIDTH="105" HEIGHT="21" WC="0.91" CONTENT="ändamäl."/><SP WIDTH="30" VPOS="1148" HPOS="477"/>
							<String ID="string_306" HPOS="507" VPOS="1148" WIDTH="48" HEIGHT="20" WC="0.93" CONTENT="Men"/><SP WIDTH="16" VPOS="1148" HPOS="555"/>
							<String ID="string_307" HPOS="571" VPOS="1148" WIDTH="146" HEIGHT="21" WC="0.92" CONTENT="hufvudsaken"/><SP WIDTH="16" VPOS="1148" HPOS="717"/>
							<String ID="string_308" HPOS="733" VPOS="1149" WIDTH="24" HEIGHT="19" WC="0.96" CONTENT="är"/><SP WIDTH="15" VPOS="1149" HPOS="757"/>
							<String ID="string_309" HPOS="772" VPOS="1147" WIDTH="66" HEIGHT="27" WC="0.96" CONTENT="enligt"/><SP WIDTH="15" VPOS="1147" HPOS="838"/>
							<String ID="string_310" HPOS="853" VPOS="1147" WIDTH="42" HEIGHT="21" WC="0.96" CONTENT="min"/>
						</TextLine>
						<TextLine ID="line_33" HPOS="75" VPOS="1176" WIDTH="821" HEIGHT="28">
							<String ID="string_311" HPOS="75" VPOS="1176" WIDTH="137" HEIGHT="28" WC="0.95" CONTENT="uppfattning"/><SP WIDTH="22" VPOS="1176" HPOS="212"/>
							<String ID="string_312" HPOS="234" VPOS="1177" WIDTH="46" HEIGHT="24" WC="0.95" CONTENT="den,"/><SP WIDTH="22" VPOS="1177" HPOS="280"/>
							<String ID="string_313" HPOS="302" VPOS="1178" WIDTH="30" HEIGHT="20" WC="0.93" CONTENT="att"/><SP WIDTH="22" VPOS="1178" HPOS="332"/>
							<String ID="string_314" HPOS="354" VPOS="1176" WIDTH="72" HEIGHT="28" WC="0.90" CONTENT="dylika"/><SP WIDTH="22" VPOS="1176" HPOS="426"/>
							<String ID="string_315" HPOS="448" VPOS="1176" WIDTH="72" HEIGHT="22" WC="0.93" CONTENT="skolor"/><SP WIDTH="24" VPOS="1176" HPOS="520"/>
							<String ID="string_316" HPOS="544" VPOS="1176" WIDTH="96" HEIGHT="27" WC="0.96" CONTENT="omöjligt"/><SP WIDTH="22" VPOS="1176" HPOS="640"/>
							<String ID="string_317" HPOS="662" VPOS="1176" WIDTH="71" HEIGHT="21" WC="0.96" CONTENT="kunna"/><SP WIDTH="15" VPOS="1176" HPOS="733"/>
							<String ID="string_318" HPOS="748" VPOS="1182" WIDTH="62" HEIGHT="15" WC="0.92" CONTENT="anses"/><SP WIDTH="15" VPOS="1182" HPOS="810"/>
							<String ID="string_319" HPOS="825" VPOS="1176" WIDTH="71" HEIGHT="27" WC="0.92" CONTENT="äligga"/>
						</TextLine>
						<TextLine ID="line_34" HPOS="76" VPOS="1205" WIDTH="819" HEIGHT="27">
							<String ID="string_320" HPOS="76" VPOS="1208" WIDTH="68" HEIGHT="19" WC="0.91" CONTENT="staten"/><SP WIDTH="24" VPOS="1208" HPOS="144"/>
							<String ID="string_321" HPOS="168" VPOS="1205" WIDTH="69" HEIGHT="22" WC="0.91" CONTENT="säsom"/><SP WIDTH="15" VPOS="1205" HPOS="237"/>
							<String ID="string_322" HPOS="252" VPOS="1206" WIDTH="74" HEIGHT="23" WC="0.92" CONTENT="sädan,"/><SP WIDTH="15" VPOS="1206" HPOS="326"/>
							<String ID="string_323" HPOS="341" VPOS="1207" WIDTH="52" HEIGHT="20" WC="0.93" CONTENT="utan"/><SP WIDTH="15" VPOS="1207" HPOS="393"/>
							<String ID="string_324" HPOS="408" VPOS="1207" WIDTH="37" HEIGHT="20" WC="0.93" CONTENT="äro"/><SP WIDTH="17" VPOS="1207" HPOS="445"/>
							<String ID="string_325" HPOS="462" VPOS="1205" WIDTH="38" HEIGHT="21" WC="0.93" CONTENT="och"/><SP WIDTH="16" VPOS="1205" HPOS="500"/>
							<String ID="string_326" HPOS="516" VPOS="1205" WIDTH="100" HEIGHT="21" WC="0.92" CONTENT="förblifva"/><SP WIDTH="16" VPOS="1205" HPOS="616"/>
							<String ID="string_327" HPOS="632" VPOS="1205" WIDTH="25" HEIGHT="21" WC="0.93" CONTENT="de"/><SP WIDTH="15" VPOS="1205" HPOS="657"/>
							<String ID="string_328" HPOS="672" VPOS="1205" WIDTH="223" HEIGHT="27" WC="0.92" CONTENT="välgörenhetsinrätt-"/>
						</TextLine>
						<TextLine ID="line_35" HPOS="75" VPOS="1233" WIDTH="822" HEIGHT="28">
							<String ID="string_329" HPOS="75" VPOS="1235" WIDTH="82" HEIGHT="26" WC="0.91" CONTENT="ningar,"/><SP WIDTH="24" VPOS="1235" HPOS="157"/>
							<String ID="string_330" HPOS="181" VPOS="1234" WIDTH="69" HEIGHT="21" WC="0.91" CONTENT="säsom"/><SP WIDTH="24" VPOS="1234" HPOS="250"/>
							<String ID="string_331" HPOS="274" VPOS="1235" WIDTH="64" HEIGHT="20" WC="0.92" CONTENT="ocksä"/><SP WIDTH="18" VPOS="1235" HPOS="338"/>
							<String ID="string_332" HPOS="356" VPOS="1234" WIDTH="59" HEIGHT="21" WC="0.92" CONTENT="fallet"/><SP WIDTH="16" VPOS="1234" HPOS="415"/>
							<String ID="string_333" HPOS="431" VPOS="1235" WIDTH="23" HEIGHT="20" WC="0.96" CONTENT="är"/><SP WIDTH="16" VPOS="1235" HPOS="454"/>
							<String ID="string_334" HPOS="470" VPOS="1234" WIDTH="7" HEIGHT="20" WC="0.96" CONTENT="i"/><SP WIDTH="15" VPOS="1234" HPOS="477"/>
							<String ID="string_335" HPOS="492" VPOS="1235" WIDTH="67" HEIGHT="20" WC="0.96" CONTENT="andra"/><SP WIDTH="15" VPOS="1235" HPOS="559"/>
							<String ID="string_336" HPOS="574" VPOS="1233" WIDTH="74" HEIGHT="22" WC="0.93" CONTENT="länder"/><SP WIDTH="14" VPOS="1233" HPOS="648"/>
							<String ID="string_337" HPOS="662" VPOS="1236" WIDTH="15" HEIGHT="19" WC="0.93" CONTENT="t."/><SP WIDTH="17" VPOS="1236" HPOS="677"/>
							<String ID="string_338" HPOS="694" VPOS="1240" WIDTH="31" HEIGHT="15" WC="0.96" CONTENT="ex."/><SP WIDTH="17" VPOS="1240" HPOS="725"/>
							<String ID="string_339" HPOS="742" VPOS="1233" WIDTH="92" HEIGHT="26" WC="0.94" CONTENT="Sverige."/><SP WIDTH="30" VPOS="1233" HPOS="834"/>
							<String ID="string_340" HPOS="864" VPOS="1233" WIDTH="33" HEIGHT="20" WC="0.96" CONTENT="De"/>
						</TextLine>
						<TextLine ID="line_36" HPOS="75" VPOS="1262" WIDTH="821" HEIGHT="28">
							<String ID="string_341" HPOS="75" VPOS="1263" WIDTH="109" HEIGHT="27" WC="0.88" CONTENT="betydliga"/><SP WIDTH="21" VPOS="1263" HPOS="184"/>
							<String ID="string_342" HPOS="205" VPOS="1263" WIDTH="147" HEIGHT="27" WC="0.89" CONTENT="inrättningar,"/><SP WIDTH="22" VPOS="1263" HPOS="352"/>
							<String ID="string_343" HPOS="374" VPOS="1269" WIDTH="44" HEIGHT="15" WC="0.96" CONTENT="som"/><SP WIDTH="20" VPOS="1269" HPOS="418"/>
							<String ID="string_344" HPOS="438" VPOS="1263" WIDTH="38" HEIGHT="21" WC="0.95" CONTENT="der"/><SP WIDTH="15" VPOS="1263" HPOS="476"/>
							<String ID="string_345" HPOS="491" VPOS="1263" WIDTH="89" HEIGHT="21" WC="0.95" CONTENT="kommit"/><SP WIDTH="15" VPOS="1263" HPOS="580"/>
							<String ID="string_346" HPOS="595" VPOS="1262" WIDTH="31" HEIGHT="21" WC="0.93" CONTENT="till"/><SP WIDTH="16" VPOS="1262" HPOS="626"/>
							<String ID="string_347" HPOS="642" VPOS="1263" WIDTH="62" HEIGHT="20" WC="0.93" CONTENT="ständ"/><SP WIDTH="16" VPOS="1263" HPOS="704"/>
							<String ID="string_348" HPOS="720" VPOS="1262" WIDTH="33" HEIGHT="21" WC="0.93" CONTENT="för"/><SP WIDTH="15" VPOS="1262" HPOS="753"/>
							<String ID="string_349" HPOS="768" VPOS="1262" WIDTH="128" HEIGHT="21" WC="0.92" CONTENT="döfstumma"/>
						</TextLine>
						<TextLine ID="line_37" HPOS="76" VPOS="1290" WIDTH="820" HEIGHT="28">
							<String ID="string_350" HPOS="76" VPOS="1291" WIDTH="39" HEIGHT="22" WC="0.93" CONTENT="och"/><SP WIDTH="19" VPOS="1291" HPOS="115"/>
							<String ID="string_351" HPOS="134" VPOS="1291" WIDTH="72" HEIGHT="22" WC="0.92" CONTENT="blinda"/><SP WIDTH="22" VPOS="1291" HPOS="206"/>
							<String ID="string_352" HPOS="228" VPOS="1293" WIDTH="37" HEIGHT="19" WC="0.92" CONTENT="äro"/><SP WIDTH="16" VPOS="1293" HPOS="265"/>
							<String ID="string_353" HPOS="281" VPOS="1291" WIDTH="159" HEIGHT="27" WC="0.79" CONTENT="ursprungligen"/><SP WIDTH="15" VPOS="1291" HPOS="440"/>
							<String ID="string_354" HPOS="455" VPOS="1291" WIDTH="179" HEIGHT="26" WC="0.92" CONTENT="privatanstalter,"/><SP WIDTH="16" VPOS="1291" HPOS="634"/>
							<String ID="string_355" HPOS="650" VPOS="1291" WIDTH="39" HEIGHT="21" WC="0.93" CONTENT="och"/><SP WIDTH="15" VPOS="1291" HPOS="689"/>
							<String ID="string_356" HPOS="704" VPOS="1293" WIDTH="36" HEIGHT="18" WC="0.92" CONTENT="äro"/><SP WIDTH="17" VPOS="1293" HPOS="740"/>
							<String ID="string_357" HPOS="757" VPOS="1291" WIDTH="36" HEIGHT="20" WC="0.96" CONTENT="det"/><SP WIDTH="15" VPOS="1291" HPOS="793"/>
							<String ID="string_358" HPOS="808" VPOS="1290" WIDTH="32" HEIGHT="21" WC="0.96" CONTENT="till"/><SP WIDTH="16" VPOS="1290" HPOS="840"/>
							<String ID="string_359" HPOS="856" VPOS="1290" WIDTH="40" HEIGHT="21" WC="0.96" CONTENT="och"/>
						</TextLine>
						<TextLine ID="line_38" HPOS="76" VPOS="1319" WIDTH="821" HEIGHT="28">
							<String ID="string_360" HPOS="76" VPOS="1321" WIDTH="48" HEIGHT="21" WC="0.96" CONTENT="med"/><SP WIDTH="15" VPOS="1321" HPOS="124"/>
							<String ID="string_361" HPOS="139" VPOS="1320" WIDTH="6" HEIGHT="21" WC="0.96" CONTENT="i"/><SP WIDTH="19" VPOS="1320" HPOS="145"/>
							<String ID="string_362" HPOS="164" VPOS="1319" WIDTH="68" HEIGHT="22" WC="0.93" CONTENT="denna"/><SP WIDTH="15" VPOS="1319" HPOS="232"/>
							<String ID="string_363" HPOS="247" VPOS="1320" WIDTH="69" HEIGHT="21" WC="0.91" CONTENT="stund."/><SP WIDTH="30" VPOS="1320" HPOS="316"/>
							<String ID="string_364" HPOS="346" VPOS="1320" WIDTH="72" HEIGHT="27" WC="0.91" CONTENT="Nägra"/><SP WIDTH="15" VPOS="1320" HPOS="418"/>
							<String ID="string_365" HPOS="433" VPOS="1319" WIDTH="22" HEIGHT="22" WC="0.96" CONTENT="af"/><SP WIDTH="14" VPOS="1319" HPOS="455"/>
							<String ID="string_366" HPOS="469" VPOS="1320" WIDTH="46" HEIGHT="21" WC="0.93" CONTENT="dem"/><SP WIDTH="16" VPOS="1320" HPOS="515"/>
							<String ID="string_367" HPOS="531" VPOS="1320" WIDTH="83" HEIGHT="27" WC="0.92" CONTENT="ätnjuta"/><SP WIDTH="14" VPOS="1320" HPOS="614"/>
							<String ID="string_368" HPOS="628" VPOS="1319" WIDTH="122" HEIGHT="26" WC="0.93" CONTENT="visserligen"/><SP WIDTH="15" VPOS="1319" HPOS="750"/>
							<String ID="string_369" HPOS="765" VPOS="1319" WIDTH="132" HEIGHT="22" WC="0.93" CONTENT="statsunder-"/>
						</TextLine>
						<TextLine ID="line_39" HPOS="77" VPOS="1347" WIDTH="821" HEIGHT="28">
							<String ID="string_370" HPOS="77" VPOS="1349" WIDTH="53" HEIGHT="26" WC="0.96" CONTENT="stöd,"/><SP WIDTH="25" VPOS="1349" HPOS="130"/>
							<String ID="string_371" HPOS="155" VPOS="1355" WIDTH="47" HEIGHT="15" WC="0.95" CONTENT="men"/><SP WIDTH="24" VPOS="1355" HPOS="202"/>
							<String ID="string_372" HPOS="226" VPOS="1349" WIDTH="24" HEIGHT="21" WC="0.93" CONTENT="de"/><SP WIDTH="23" VPOS="1349" HPOS="250"/>
							<String ID="string_373" HPOS="273" VPOS="1351" WIDTH="37" HEIGHT="19" WC="0.91" CONTENT="äro"/><SP WIDTH="24" VPOS="1351" HPOS="310"/>
							<String ID="string_374" HPOS="334" VPOS="1348" WIDTH="53" HEIGHT="22" WC="0.93" CONTENT="dock"/><SP WIDTH="15" VPOS="1348" HPOS="387"/>
							<String ID="string_375" HPOS="402" VPOS="1349" WIDTH="46" HEIGHT="21" WC="0.93" CONTENT="icke"/><SP WIDTH="16" VPOS="1349" HPOS="448"/>
							<String ID="string_376" HPOS="464" VPOS="1348" WIDTH="202" HEIGHT="27" WC="0.89" CONTENT="statsinrättningar."/><SP WIDTH="30" VPOS="1348" HPOS="666"/>
							<String ID="string_377" HPOS="696" VPOS="1348" WIDTH="65" HEIGHT="21" WC="0.92" CONTENT="Utom"/><SP WIDTH="17" VPOS="1348" HPOS="761"/>
							<String ID="string_378" HPOS="778" VPOS="1347" WIDTH="71" HEIGHT="22" WC="0.92" CONTENT="skolor"/><SP WIDTH="15" VPOS="1347" HPOS="849"/>
							<String ID="string_379" HPOS="864" VPOS="1347" WIDTH="34" HEIGHT="21" WC="0.96" CONTENT="för"/>
						</TextLine>
						<TextLine ID="line_40" HPOS="77" VPOS="1376" WIDTH="820" HEIGHT="28">
							<String ID="string_380" HPOS="77" VPOS="1378" WIDTH="128" HEIGHT="21" WC="0.92" CONTENT="döfstumma"/><SP WIDTH="23" VPOS="1378" HPOS="205"/>
							<String ID="string_381" HPOS="228" VPOS="1378" WIDTH="38" HEIGHT="21" WC="0.93" CONTENT="och"/><SP WIDTH="23" VPOS="1378" HPOS="266"/>
							<String ID="string_382" HPOS="289" VPOS="1378" WIDTH="73" HEIGHT="21" WC="0.95" CONTENT="blinda"/><SP WIDTH="21" VPOS="1378" HPOS="362"/>
							<String ID="string_383" HPOS="383" VPOS="1377" WIDTH="67" HEIGHT="21" WC="0.96" CONTENT="finnas"/><SP WIDTH="22" VPOS="1377" HPOS="450"/>
							<String ID="string_384" HPOS="472" VPOS="1378" WIDTH="6" HEIGHT="20" WC="0.95" CONTENT="i"/><SP WIDTH="16" VPOS="1378" HPOS="478"/>
							<String ID="string_385" HPOS="494" VPOS="1377" WIDTH="86" HEIGHT="27" WC="0.93" CONTENT="Sverige"/><SP WIDTH="18" VPOS="1377" HPOS="580"/>
							<String ID="string_386" HPOS="598" VPOS="1377" WIDTH="61" HEIGHT="21" WC="0.92" CONTENT="äfven"/><SP WIDTH="15" VPOS="1377" HPOS="659"/>
							<String ID="string_387" HPOS="674" VPOS="1376" WIDTH="109" HEIGHT="26" WC="0.84" CONTENT="idiothem,"/><SP WIDTH="17" VPOS="1376" HPOS="783"/>
							<String ID="string_388" HPOS="800" VPOS="1383" WIDTH="43" HEIGHT="15" WC="0.93" CONTENT="som"/><SP WIDTH="17" VPOS="1383" HPOS="843"/>
							<String ID="string_389" HPOS="860" VPOS="1378" WIDTH="37" HEIGHT="19" WC="0.95" CONTENT="äro"/>
						</TextLine>
						<TextLine ID="line_41" HPOS="76" VPOS="1404" WIDTH="821" HEIGHT="29">
							<String ID="string_390" HPOS="76" VPOS="1406" WIDTH="177" HEIGHT="27" WC="0.92" CONTENT="privatanstalter,"/><SP WIDTH="24" VPOS="1406" HPOS="253"/>
							<String ID="string_391" HPOS="277" VPOS="1406" WIDTH="39" HEIGHT="22" WC="0.96" CONTENT="och"/><SP WIDTH="19" VPOS="1406" HPOS="316"/>
							<String ID="string_392" HPOS="335" VPOS="1406" WIDTH="36" HEIGHT="27" WC="0.96" CONTENT="jag"/><SP WIDTH="23" VPOS="1406" HPOS="371"/>
							<String ID="string_393" HPOS="394" VPOS="1408" WIDTH="34" HEIGHT="19" WC="0.93" CONTENT="vet"/><SP WIDTH="22" VPOS="1408" HPOS="428"/>
							<String ID="string_394" HPOS="450" VPOS="1406" WIDTH="46" HEIGHT="21" WC="0.92" CONTENT="icke"/><SP WIDTH="16" VPOS="1406" HPOS="496"/>
							<String ID="string_395" HPOS="512" VPOS="1406" WIDTH="103" HEIGHT="21" WC="0.96" CONTENT="huruvida"/><SP WIDTH="16" VPOS="1406" HPOS="615"/>
							<String ID="string_396" HPOS="631" VPOS="1412" WIDTH="37" HEIGHT="15" WC="0.96" CONTENT="ens"/><SP WIDTH="15" VPOS="1412" HPOS="668"/>
							<String ID="string_397" HPOS="683" VPOS="1408" WIDTH="31" HEIGHT="18" WC="0.93" CONTENT="ett"/><SP WIDTH="15" VPOS="1408" HPOS="714"/>
							<String ID="string_398" HPOS="729" VPOS="1406" WIDTH="55" HEIGHT="20" WC="0.92" CONTENT="enda"/><SP WIDTH="15" VPOS="1406" HPOS="784"/>
							<String ID="string_399" HPOS="799" VPOS="1405" WIDTH="20" HEIGHT="21" WC="0.96" CONTENT="af"/><SP WIDTH="17" VPOS="1405" HPOS="819"/>
							<String ID="string_400" HPOS="836" VPOS="1404" WIDTH="61" HEIGHT="22" WC="0.96" CONTENT="dessa"/>
						</TextLine>
						<TextLine ID="line_42" HPOS="78" VPOS="1433" WIDTH="820" HEIGHT="27">
							<String ID="string_401" HPOS="78" VPOS="1435" WIDTH="92" HEIGHT="25" WC="0.92" CONTENT="ätnjuter"/><SP WIDTH="23" VPOS="1435" HPOS="170"/>
							<String ID="string_402" HPOS="193" VPOS="1434" WIDTH="175" HEIGHT="21" WC="0.92" CONTENT="statsunderstöd."/><SP WIDTH="16" VPOS="1434" HPOS="368"/>
							<String ID="string_403" HPOS="384" VPOS="1445" WIDTH="27" HEIGHT="3" WC="0.92" CONTENT="—"/><SP WIDTH="16" VPOS="1445" HPOS="411"/>
							<String ID="string_404" HPOS="427" VPOS="1434" WIDTH="33" HEIGHT="20" WC="0.90" CONTENT="Dä"/><SP WIDTH="22" VPOS="1434" HPOS="460"/>
							<String ID="string_405" HPOS="482" VPOS="1434" WIDTH="123" HEIGHT="26" WC="0.96" CONTENT="regeringen"/><SP WIDTH="21" VPOS="1434" HPOS="605"/>
							<String ID="string_406" HPOS="626" VPOS="1434" WIDTH="38" HEIGHT="20" WC="0.96" CONTENT="hos"/><SP WIDTH="16" VPOS="1434" HPOS="664"/>
							<String ID="string_407" HPOS="680" VPOS="1439" WIDTH="34" HEIGHT="15" WC="0.96" CONTENT="oss"/><SP WIDTH="15" VPOS="1439" HPOS="714"/>
							<String ID="string_408" HPOS="729" VPOS="1434" WIDTH="55" HEIGHT="20" WC="0.96" CONTENT="visat"/><SP WIDTH="15" VPOS="1434" HPOS="784"/>
							<String ID="string_409" HPOS="799" VPOS="1433" WIDTH="31" HEIGHT="25" WC="0.96" CONTENT="sig"/><SP WIDTH="15" VPOS="1433" HPOS="830"/>
							<String ID="string_410" HPOS="845" VPOS="1433" WIDTH="53" HEIGHT="20" WC="0.96" CONTENT="efter"/>
						</TextLine>
						<TextLine ID="line_43" HPOS="77" VPOS="1460" WIDTH="820" HEIGHT="28">
							<String ID="string_411" HPOS="77" VPOS="1462" WIDTH="38" HEIGHT="21" WC="0.91" CONTENT="räd"/><SP WIDTH="23" VPOS="1462" HPOS="115"/>
							<String ID="string_412" HPOS="138" VPOS="1462" WIDTH="39" HEIGHT="21" WC="0.93" CONTENT="och"/><SP WIDTH="22" VPOS="1462" HPOS="177"/>
							<String ID="string_413" HPOS="199" VPOS="1462" WIDTH="97" HEIGHT="26" WC="0.91" CONTENT="lägenhet"/><SP WIDTH="22" VPOS="1462" HPOS="296"/>
							<String ID="string_414" HPOS="318" VPOS="1462" WIDTH="137" HEIGHT="26" WC="0.92" CONTENT="understödja"/><SP WIDTH="18" VPOS="1462" HPOS="455"/>
							<String ID="string_415" HPOS="473" VPOS="1462" WIDTH="211" HEIGHT="26" WC="0.88" CONTENT="privatinrättningar"/><SP WIDTH="14" VPOS="1462" HPOS="684"/>
							<String ID="string_416" HPOS="698" VPOS="1462" WIDTH="32" HEIGHT="20" WC="0.93" CONTENT="för"/><SP WIDTH="15" VPOS="1462" HPOS="730"/>
							<String ID="string_417" HPOS="745" VPOS="1461" WIDTH="87" HEIGHT="21" WC="0.92" CONTENT="idioters"/><SP WIDTH="14" VPOS="1461" HPOS="832"/>
							<String ID="string_418" HPOS="846" VPOS="1460" WIDTH="51" HEIGHT="21" WC="0.93" CONTENT="värd"/>
						</TextLine>
						<TextLine ID="line_44" HPOS="78" VPOS="1488" WIDTH="820" HEIGHT="29">
							<String ID="string_419" HPOS="78" VPOS="1490" WIDTH="39" HEIGHT="22" WC="0.95" CONTENT="och"/><SP WIDTH="22" VPOS="1490" HPOS="117"/>
							<String ID="string_420" HPOS="139" VPOS="1490" WIDTH="155" HEIGHT="26" WC="0.95" CONTENT="undervisning,"/><SP WIDTH="25" VPOS="1490" HPOS="294"/>
							<String ID="string_421" HPOS="319" VPOS="1491" WIDTH="5" HEIGHT="20" WC="0.93" CONTENT="i"/><SP WIDTH="23" VPOS="1491" HPOS="324"/>
							<String ID="string_422" HPOS="347" VPOS="1490" WIDTH="72" HEIGHT="21" WC="0.92" CONTENT="hvilka"/><SP WIDTH="15" VPOS="1490" HPOS="419"/>
							<String ID="string_423" HPOS="434" VPOS="1490" WIDTH="61" HEIGHT="21" WC="0.93" CONTENT="dessa"/><SP WIDTH="16" VPOS="1490" HPOS="495"/>
							<String ID="string_424" HPOS="511" VPOS="1489" WIDTH="105" HEIGHT="28" WC="0.93" CONTENT="olyckliga"/><SP WIDTH="14" VPOS="1489" HPOS="616"/>
							<String ID="string_425" HPOS="630" VPOS="1489" WIDTH="67" HEIGHT="21" WC="0.96" CONTENT="under"/><SP WIDTH="15" VPOS="1489" HPOS="697"/>
							<String ID="string_426" HPOS="712" VPOS="1489" WIDTH="42" HEIGHT="21" WC="0.93" CONTENT="alla"/><SP WIDTH="16" VPOS="1489" HPOS="754"/>
							<String ID="string_427" HPOS="770" VPOS="1488" WIDTH="128" HEIGHT="27" WC="0.91" CONTENT="omständig-"/>
						</TextLine>
						<TextLine ID="line_45" HPOS="78" VPOS="1518" WIDTH="820" HEIGHT="28">
							<String ID="string_428" HPOS="78" VPOS="1520" WIDTH="60" HEIGHT="22" WC="0.93" CONTENT="heter"/><SP WIDTH="15" VPOS="1520" HPOS="138"/>
							<String ID="string_429" HPOS="153" VPOS="1519" WIDTH="63" HEIGHT="22" WC="0.96" CONTENT="hafva"/><SP WIDTH="16" VPOS="1519" HPOS="216"/>
							<String ID="string_430" HPOS="232" VPOS="1521" WIDTH="31" HEIGHT="19" WC="0.93" CONTENT="att"/><SP WIDTH="18" VPOS="1521" HPOS="263"/>
							<String ID="string_431" HPOS="281" VPOS="1519" WIDTH="97" HEIGHT="27" WC="0.92" CONTENT="päräkna"/><SP WIDTH="18" VPOS="1519" HPOS="378"/>
							<String ID="string_432" HPOS="396" VPOS="1519" WIDTH="70" HEIGHT="21" WC="0.93" CONTENT="bättre"/><SP WIDTH="20" VPOS="1519" HPOS="466"/>
							<String ID="string_433" HPOS="486" VPOS="1518" WIDTH="52" HEIGHT="22" WC="0.96" CONTENT="vård"/><SP WIDTH="24" VPOS="1518" HPOS="538"/>
							<String ID="string_434" HPOS="562" VPOS="1520" WIDTH="25" HEIGHT="19" WC="0.67" CONTENT="än"/><SP WIDTH="17" VPOS="1520" HPOS="587"/>
							<String ID="string_435" HPOS="604" VPOS="1518" WIDTH="6" HEIGHT="21" WC="0.67" CONTENT="i"/><SP WIDTH="16" VPOS="1518" HPOS="610"/>
							<String ID="string_436" HPOS="626" VPOS="1518" WIDTH="86" HEIGHT="27" WC="0.96" CONTENT="publika"/><SP WIDTH="16" VPOS="1518" HPOS="712"/>
							<String ID="string_437" HPOS="728" VPOS="1518" WIDTH="108" HEIGHT="26" WC="0.96" CONTENT="anstalter,"/><SP WIDTH="16" VPOS="1518" HPOS="836"/>
							<String ID="string_438" HPOS="852" VPOS="1524" WIDTH="46" HEIGHT="15" WC="0.96" CONTENT="som"/>
						</TextLine>
					</TextBlock>
				</ComposedBlock>
			</PrintSpace>
		</Page>
	</Layout>
</alto>
