<?xml version="1.0" encoding="UTF-8"?>
<alto xmlns="http://www.loc.gov/standards/alto/ns-v3#" xmlns:xlink="http://www.w3.org/1999/xlink" xmlns:xsi="http://www.w3.org/2001/XMLSchema-instance" xsi:schemaLocation="http://www.loc.gov/standards/alto/ns-v3# http://www.loc.gov/alto/v3/alto-3-0.xsd">
	<Description>
		<MeasurementUnit>pixel</MeasurementUnit>
		<sourceImageInformation>
			<fileName>/tmp/tess_pq7sz0oy_input.PNG</fileName>
		</sourceImageInformation>
		<OCRProcessing ID="OCR_0">
			<ocrProcessingStep>
				<processingSoftware>
					<softwareName>tesseract 5.3.4</softwareName>
				</processingSoftware>
			</ocrProcessingStep>
		</OCRProcessing>
	</Description>
	<Layout>
		<Page WIDTH="1123" HEIGHT="1809" PHYSICAL_IMG_NR="0" ID="page_0">
			<PrintSpace HPOS="0" VPOS="0" WIDTH="1123" HEIGHT="1809">
				<ComposedBlock ID="cblock_0" HPOS="214" VPOS="130" WIDTH="813" HEIGHT="32">
					<TextBlock ID="block_0" HPOS="214" VPOS="130" WIDTH="813" HEIGHT="32">
						<TextLine ID="line_0" HPOS="214" VPOS="130" WIDTH="813" HEIGHT="32">
							<String ID="string_0" HPOS="214" VPOS="130" WIDTH="40" HEIGHT="21" WC="0.95" CONTENT="124"/><SP WIDTH="180" VPOS="130" HPOS="254"/>
							<String ID="string_1" HPOS="434" VPOS="136" WIDTH="178" HEIGHT="20" WC="0.92" CONTENT="Borgareständet"/><SP WIDTH="12" VPOS="136" HPOS="612"/>
							<String ID="string_2" HPOS="624" VPOS="136" WIDTH="58" HEIGHT="17" WC="0.96" CONTENT="1882."/><SP WIDTH="25" VPOS="136" HPOS="682"/>
							<String ID="string_3" HPOS="707" VPOS="138" WIDTH="10" HEIGHT="15" WC="0.95" CONTENT="7"/><SP WIDTH="13" VPOS="138" HPOS="717"/>
							<String ID="string_4" HPOS="730" VPOS="136" WIDTH="96" HEIGHT="17" WC="0.96" CONTENT="februari."/><SP WIDTH="182" VPOS="136" HPOS="826"/>
							<String ID="string_5" HPOS="1008" VPOS="161" WIDTH="19" HEIGHT="1" WC="0.58" CONTENT="W"/>
						</TextLine>
					</TextBlock>
				</ComposedBlock>
				<ComposedBlock ID="cblock_1" HPOS="210" VPOS="202" WIDTH="823" HEIGHT="1030">
					<TextBlock ID="block_1" HPOS="212" VPOS="202" WIDTH="820" HEIGHT="314">
						<TextLine ID="line_1" HPOS="213" VPOS="202" WIDTH="819" HEIGHT="27">
							<String ID="string_6" HPOS="213" VPOS="203" WIDTH="86" HEIGHT="21" WC="0.90" CONTENT="talande"/><SP WIDTH="22" VPOS="203" HPOS="299"/>
							<String ID="string_7" HPOS="321" VPOS="202" WIDTH="120" HEIGHT="27" WC="0.92" CONTENT="befolkning"/><SP WIDTH="16" VPOS="202" HPOS="441"/>
							<String ID="string_8" HPOS="457" VPOS="203" WIDTH="100" HEIGHT="21" WC="0.92" CONTENT="bekostar"/><SP WIDTH="15" VPOS="203" HPOS="557"/>
							<String ID="string_9" HPOS="572" VPOS="206" WIDTH="45" HEIGHT="18" WC="0.93" CONTENT="ett"/><SP WIDTH="15" VPOS="206" HPOS="617"/>
							<String ID="string_10" HPOS="632" VPOS="204" WIDTH="54" HEIGHT="20" WC="0.93" CONTENT="enda"/><SP WIDTH="15" VPOS="204" HPOS="686"/>
							<String ID="string_11" HPOS="701" VPOS="204" WIDTH="97" HEIGHT="21" WC="0.92" CONTENT="läroverk"/><SP WIDTH="19" VPOS="204" HPOS="798"/>
							<String ID="string_12" HPOS="817" VPOS="204" WIDTH="30" HEIGHT="20" WC="0.92" CONTENT="uti"/><SP WIDTH="16" VPOS="204" HPOS="847"/>
							<String ID="string_13" HPOS="863" VPOS="204" WIDTH="81" HEIGHT="20" WC="0.91" CONTENT="hvilket"/><SP WIDTH="9" VPOS="204" HPOS="944"/>
							<String ID="string_14" HPOS="953" VPOS="203" WIDTH="79" HEIGHT="21" WC="0.93" CONTENT="barnen"/>
						</TextLine>
						<TextLine ID="line_2" HPOS="212" VPOS="230" WIDTH="820" HEIGHT="28">
							<String ID="string_15" HPOS="212" VPOS="230" WIDTH="28" HEIGHT="28" WC="0.95" CONTENT="pä"/><SP WIDTH="23" VPOS="230" HPOS="240"/>
							<String ID="string_16" HPOS="263" VPOS="231" WIDTH="61" HEIGHT="21" WC="0.95" CONTENT="deras"/><SP WIDTH="22" VPOS="231" HPOS="324"/>
							<String ID="string_17" HPOS="346" VPOS="230" WIDTH="34" HEIGHT="22" WC="0.96" CONTENT="för"/><SP WIDTH="15" VPOS="230" HPOS="380"/>
							<String ID="string_18" HPOS="395" VPOS="231" WIDTH="46" HEIGHT="21" WC="0.96" CONTENT="dem"/><SP WIDTH="16" VPOS="231" HPOS="441"/>
							<String ID="string_19" HPOS="457" VPOS="231" WIDTH="41" HEIGHT="21" WC="0.96" CONTENT="och"/><SP WIDTH="16" VPOS="231" HPOS="498"/>
							<String ID="string_20" HPOS="514" VPOS="232" WIDTH="61" HEIGHT="21" WC="0.93" CONTENT="deras"/><SP WIDTH="21" VPOS="232" HPOS="575"/>
							<String ID="string_21" HPOS="596" VPOS="232" WIDTH="104" HEIGHT="21" WC="0.93" CONTENT="föräldrar"/><SP WIDTH="15" VPOS="232" HPOS="700"/>
							<String ID="string_22" HPOS="715" VPOS="232" WIDTH="44" HEIGHT="20" WC="0.93" CONTENT="lika"/><SP WIDTH="11" VPOS="232" HPOS="759"/>
							<String ID="string_23" HPOS="770" VPOS="232" WIDTH="52" HEIGHT="21" WC="0.92" CONTENT="kära"/><SP WIDTH="16" VPOS="232" HPOS="822"/>
							<String ID="string_24" HPOS="838" VPOS="232" WIDTH="134" HEIGHT="22" WC="0.92" CONTENT="modersmäl,"/><SP WIDTH="16" VPOS="232" HPOS="972"/>
							<String ID="string_25" HPOS="988" VPOS="238" WIDTH="44" HEIGHT="15" WC="0.96" CONTENT="som"/>
						</TextLine>
						<TextLine ID="line_3" HPOS="213" VPOS="259" WIDTH="819" HEIGHT="29">
							<String ID="string_26" HPOS="213" VPOS="259" WIDTH="82" HEIGHT="22" WC="0.92" CONTENT="finskan"/><SP WIDTH="23" VPOS="259" HPOS="295"/>
							<String ID="string_27" HPOS="318" VPOS="261" WIDTH="24" HEIGHT="19" WC="0.96" CONTENT="är"/><SP WIDTH="23" VPOS="261" HPOS="342"/>
							<String ID="string_28" HPOS="365" VPOS="260" WIDTH="35" HEIGHT="21" WC="0.96" CONTENT="det"/><SP WIDTH="18" VPOS="260" HPOS="400"/>
							<String ID="string_29" HPOS="418" VPOS="260" WIDTH="31" HEIGHT="20" WC="0.96" CONTENT="för"/><SP WIDTH="16" VPOS="260" HPOS="449"/>
							<String ID="string_30" HPOS="465" VPOS="261" WIDTH="25" HEIGHT="20" WC="0.93" CONTENT="de"/><SP WIDTH="16" VPOS="261" HPOS="490"/>
							<String ID="string_31" HPOS="506" VPOS="260" WIDTH="73" HEIGHT="27" WC="0.92" CONTENT="öfriga,"/><SP WIDTH="17" VPOS="260" HPOS="579"/>
							<String ID="string_32" HPOS="596" VPOS="260" WIDTH="55" HEIGHT="27" WC="0.92" CONTENT="finge"/><SP WIDTH="14" VPOS="260" HPOS="651"/>
							<String ID="string_33" HPOS="665" VPOS="260" WIDTH="105" HEIGHT="22" WC="0.92" CONTENT="inhemtas"/><SP WIDTH="16" VPOS="260" HPOS="770"/>
							<String ID="string_34" HPOS="786" VPOS="260" WIDTH="76" HEIGHT="27" WC="0.92" CONTENT="nödiga"/><SP WIDTH="16" VPOS="260" HPOS="862"/>
							<String ID="string_35" HPOS="878" VPOS="261" WIDTH="154" HEIGHT="27" WC="0.92" CONTENT="förkunskaper"/>
						</TextLine>
						<TextLine ID="line_4" HPOS="213" VPOS="288" WIDTH="819" HEIGHT="29">
							<String ID="string_36" HPOS="213" VPOS="288" WIDTH="33" HEIGHT="21" WC="0.96" CONTENT="för"/><SP WIDTH="21" VPOS="288" HPOS="246"/>
							<String ID="string_37" HPOS="267" VPOS="288" WIDTH="116" HEIGHT="26" WC="0.96" CONTENT="högskolan"/><SP WIDTH="23" VPOS="288" HPOS="383"/>
							<String ID="string_38" HPOS="406" VPOS="288" WIDTH="39" HEIGHT="22" WC="0.93" CONTENT="och"/><SP WIDTH="23" VPOS="288" HPOS="445"/>
							<String ID="string_39" HPOS="468" VPOS="289" WIDTH="63" HEIGHT="21" WC="0.88" CONTENT="lifvet."/><SP WIDTH="19" VPOS="289" HPOS="531"/>
							<String ID="string_40" HPOS="550" VPOS="302" WIDTH="23" HEIGHT="2" WC="0.93" CONTENT="—"/><SP WIDTH="18" VPOS="302" HPOS="573"/>
							<String ID="string_41" HPOS="591" VPOS="289" WIDTH="40" HEIGHT="21" WC="0.96" CONTENT="Det"/><SP WIDTH="23" VPOS="289" HPOS="631"/>
							<String ID="string_42" HPOS="654" VPOS="289" WIDTH="40" HEIGHT="21" WC="0.93" CONTENT="har"/><SP WIDTH="23" VPOS="289" HPOS="694"/>
							<String ID="string_43" HPOS="717" VPOS="289" WIDTH="68" HEIGHT="21" WC="0.91" CONTENT="blifvit"/><SP WIDTH="22" VPOS="289" HPOS="785"/>
							<String ID="string_44" HPOS="807" VPOS="290" WIDTH="88" HEIGHT="27" WC="0.91" CONTENT="yttradt,"/><SP WIDTH="19" VPOS="290" HPOS="895"/>
							<String ID="string_45" HPOS="914" VPOS="292" WIDTH="32" HEIGHT="18" WC="0.93" CONTENT="att"/><SP WIDTH="15" VPOS="292" HPOS="946"/>
							<String ID="string_46" HPOS="961" VPOS="290" WIDTH="71" HEIGHT="21" WC="0.92" CONTENT="inne"/><SP WIDTH="-13" VPOS="290" HPOS="1032"/>
							<String ID="string_47" HPOS="1019" VPOS="284" WIDTH="17" HEIGHT="37" WC="0.94" CONTENT="i"/>
						</TextLine>
						<TextLine ID="line_5" HPOS="213" VPOS="316" WIDTH="819" HEIGHT="24">
							<String ID="string_48" HPOS="213" VPOS="316" WIDTH="72" HEIGHT="22" WC="0.92" CONTENT="landet"/><SP WIDTH="21" VPOS="316" HPOS="285"/>
							<String ID="string_49" HPOS="306" VPOS="317" WIDTH="83" HEIGHT="21" WC="0.93" CONTENT="boende"/><SP WIDTH="21" VPOS="317" HPOS="389"/>
							<String ID="string_50" HPOS="410" VPOS="317" WIDTH="174" HEIGHT="22" WC="0.92" CONTENT="svenskatalande"/><SP WIDTH="21" VPOS="317" HPOS="584"/>
							<String ID="string_51" HPOS="605" VPOS="318" WIDTH="103" HEIGHT="21" WC="0.96" CONTENT="föräldrar"/><SP WIDTH="24" VPOS="318" HPOS="708"/>
							<String ID="string_52" HPOS="732" VPOS="318" WIDTH="70" HEIGHT="21" WC="0.96" CONTENT="kunna"/><SP WIDTH="22" VPOS="318" HPOS="802"/>
							<String ID="string_53" HPOS="824" VPOS="318" WIDTH="74" HEIGHT="22" WC="0.95" CONTENT="skicka"/><SP WIDTH="20" VPOS="318" HPOS="898"/>
							<String ID="string_54" HPOS="918" VPOS="318" WIDTH="47" HEIGHT="22" WC="0.96" CONTENT="sina"/><SP WIDTH="14" VPOS="318" HPOS="965"/>
							<String ID="string_55" HPOS="979" VPOS="318" WIDTH="53" HEIGHT="21" WC="0.96" CONTENT="barn"/>
						</TextLine>
						<TextLine ID="line_6" HPOS="213" VPOS="345" WIDTH="819" HEIGHT="29">
							<String ID="string_56" HPOS="213" VPOS="345" WIDTH="30" HEIGHT="21" WC="0.91" CONTENT="till"/><SP WIDTH="25" VPOS="345" HPOS="243"/>
							<String ID="string_57" HPOS="268" VPOS="345" WIDTH="72" HEIGHT="22" WC="0.92" CONTENT="skolor"/><SP WIDTH="15" VPOS="345" HPOS="340"/>
							<String ID="string_58" HPOS="355" VPOS="346" WIDTH="6" HEIGHT="20" WC="0.96" CONTENT="i"/><SP WIDTH="16" VPOS="346" HPOS="361"/>
							<String ID="string_59" HPOS="377" VPOS="346" WIDTH="89" HEIGHT="21" WC="0.93" CONTENT="svenska"/><SP WIDTH="23" VPOS="346" HPOS="466"/>
							<String ID="string_60" HPOS="489" VPOS="348" WIDTH="64" HEIGHT="24" WC="0.91" CONTENT="orter,"/><SP WIDTH="22" VPOS="348" HPOS="553"/>
							<String ID="string_61" HPOS="575" VPOS="346" WIDTH="44" HEIGHT="22" WC="0.92" CONTENT="ifall"/><SP WIDTH="18" VPOS="346" HPOS="619"/>
							<String ID="string_62" HPOS="637" VPOS="346" WIDTH="26" HEIGHT="22" WC="0.96" CONTENT="de"/><SP WIDTH="15" VPOS="346" HPOS="663"/>
							<String ID="string_63" HPOS="678" VPOS="347" WIDTH="50" HEIGHT="27" WC="0.96" CONTENT="vilja"/><SP WIDTH="15" VPOS="347" HPOS="728"/>
							<String ID="string_64" HPOS="743" VPOS="346" WIDTH="28" HEIGHT="22" WC="0.96" CONTENT="ha"/><SP WIDTH="15" VPOS="346" HPOS="771"/>
							<String ID="string_65" HPOS="786" VPOS="347" WIDTH="48" HEIGHT="21" WC="0.93" CONTENT="dem"/><SP WIDTH="15" VPOS="347" HPOS="834"/>
							<String ID="string_66" HPOS="849" VPOS="347" WIDTH="141" HEIGHT="21" WC="0.92" CONTENT="undervisade"/><SP WIDTH="15" VPOS="347" HPOS="990"/>
							<String ID="string_67" HPOS="1005" VPOS="347" WIDTH="27" HEIGHT="27" WC="0.96" CONTENT="pä"/>
						</TextLine>
						<TextLine ID="line_7" HPOS="212" VPOS="374" WIDTH="820" HEIGHT="28">
							<String ID="string_68" HPOS="212" VPOS="374" WIDTH="96" HEIGHT="21" WC="0.94" CONTENT="svenska."/><SP WIDTH="30" VPOS="374" HPOS="308"/>
							<String ID="string_69" HPOS="338" VPOS="374" WIDTH="42" HEIGHT="21" WC="0.94" CONTENT="Det"/><SP WIDTH="22" VPOS="374" HPOS="380"/>
							<String ID="string_70" HPOS="402" VPOS="376" WIDTH="23" HEIGHT="19" WC="0.96" CONTENT="är"/><SP WIDTH="23" VPOS="376" HPOS="425"/>
							<String ID="string_71" HPOS="448" VPOS="375" WIDTH="54" HEIGHT="21" WC="0.91" CONTENT="dock"/><SP WIDTH="22" VPOS="375" HPOS="502"/>
							<String ID="string_72" HPOS="524" VPOS="375" WIDTH="46" HEIGHT="21" WC="0.91" CONTENT="icke"/><SP WIDTH="22" VPOS="375" HPOS="570"/>
							<String ID="string_73" HPOS="592" VPOS="376" WIDTH="24" HEIGHT="20" WC="0.96" CONTENT="sä"/><SP WIDTH="21" VPOS="376" HPOS="616"/>
							<String ID="string_74" HPOS="637" VPOS="376" WIDTH="39" HEIGHT="20" WC="0.94" CONTENT="lätt"/><SP WIDTH="16" VPOS="376" HPOS="676"/>
							<String ID="string_75" HPOS="692" VPOS="376" WIDTH="55" HEIGHT="26" WC="0.96" CONTENT="gjort"/><SP WIDTH="15" VPOS="376" HPOS="747"/>
							<String ID="string_76" HPOS="762" VPOS="375" WIDTH="34" HEIGHT="21" WC="0.96" CONTENT="för"/><SP WIDTH="15" VPOS="375" HPOS="796"/>
							<String ID="string_77" HPOS="811" VPOS="376" WIDTH="81" HEIGHT="20" WC="0.93" CONTENT="mindre"/><SP WIDTH="15" VPOS="376" HPOS="892"/>
							<String ID="string_78" HPOS="907" VPOS="375" WIDTH="125" HEIGHT="22" WC="0.92" CONTENT="bemedlade"/>
						</TextLine>
						<TextLine ID="line_8" HPOS="212" VPOS="402" WIDTH="820" HEIGHT="28">
							<String ID="string_79" HPOS="212" VPOS="402" WIDTH="110" HEIGHT="25" WC="0.92" CONTENT="föräldrar,"/><SP WIDTH="16" VPOS="402" HPOS="322"/>
							<String ID="string_80" HPOS="338" VPOS="405" WIDTH="34" HEIGHT="19" WC="0.93" CONTENT="att"/><SP WIDTH="15" VPOS="405" HPOS="372"/>
							<String ID="string_81" HPOS="387" VPOS="403" WIDTH="138" HEIGHT="21" WC="0.92" CONTENT="efterkomma"/><SP WIDTH="16" VPOS="403" HPOS="525"/>
							<String ID="string_82" HPOS="541" VPOS="406" WIDTH="31" HEIGHT="19" WC="0.93" CONTENT="ett"/><SP WIDTH="14" VPOS="406" HPOS="572"/>
							<String ID="string_83" HPOS="586" VPOS="404" WIDTH="75" HEIGHT="21" WC="0.93" CONTENT="sädant"/><SP WIDTH="16" VPOS="404" HPOS="661"/>
							<String ID="string_84" HPOS="677" VPOS="404" WIDTH="44" HEIGHT="26" WC="0.93" CONTENT="räd,"/><SP WIDTH="16" VPOS="404" HPOS="721"/>
							<String ID="string_85" HPOS="737" VPOS="404" WIDTH="19" HEIGHT="26" WC="0.93" CONTENT="ej"/><SP WIDTH="15" VPOS="404" HPOS="756"/>
							<String ID="string_86" HPOS="771" VPOS="403" WIDTH="69" HEIGHT="22" WC="0.96" CONTENT="heller"/><SP WIDTH="10" VPOS="403" HPOS="840"/>
							<String ID="string_87" HPOS="850" VPOS="404" WIDTH="37" HEIGHT="21" WC="0.96" CONTENT="vill"/><SP WIDTH="11" VPOS="404" HPOS="887"/>
							<String ID="string_88" HPOS="898" VPOS="411" WIDTH="25" HEIGHT="14" WC="0.93" CONTENT="en"/><SP WIDTH="12" VPOS="411" HPOS="923"/>
							<String ID="string_89" HPOS="935" VPOS="404" WIDTH="97" HEIGHT="21" WC="0.92" CONTENT="omtänk-"/>
						</TextLine>
						<TextLine ID="line_9" HPOS="212" VPOS="430" WIDTH="819" HEIGHT="29">
							<String ID="string_90" HPOS="212" VPOS="437" WIDTH="44" HEIGHT="15" WC="0.93" CONTENT="sam"/><SP WIDTH="16" VPOS="437" HPOS="256"/>
							<String ID="string_91" HPOS="272" VPOS="430" WIDTH="59" HEIGHT="22" WC="0.96" CONTENT="fader"/><SP WIDTH="9" VPOS="430" HPOS="331"/>
							<String ID="string_92" HPOS="340" VPOS="431" WIDTH="52" HEIGHT="21" WC="0.93" CONTENT="eller"/><SP WIDTH="8" VPOS="431" HPOS="392"/>
							<String ID="string_93" HPOS="400" VPOS="432" WIDTH="73" HEIGHT="20" WC="0.96" CONTENT="moder"/><SP WIDTH="15" VPOS="432" HPOS="473"/>
							<String ID="string_94" HPOS="488" VPOS="432" WIDTH="27" HEIGHT="27" WC="0.89" CONTENT="pä"/><SP WIDTH="10" VPOS="432" HPOS="515"/>
							<String ID="string_95" HPOS="525" VPOS="433" WIDTH="26" HEIGHT="20" WC="0.88" CONTENT="20"/><SP WIDTH="15" VPOS="433" HPOS="551"/>
							<String ID="string_96" HPOS="566" VPOS="432" WIDTH="13" HEIGHT="21" WC="0.83" CONTENT="ä"/><SP WIDTH="15" VPOS="432" HPOS="579"/>
							<String ID="string_97" HPOS="594" VPOS="433" WIDTH="27" HEIGHT="20" WC="0.93" CONTENT="30"/><SP WIDTH="15" VPOS="433" HPOS="621"/>
							<String ID="string_98" HPOS="636" VPOS="432" WIDTH="48" HEIGHT="22" WC="0.93" CONTENT="mils"/><SP WIDTH="16" VPOS="432" HPOS="684"/>
							<String ID="string_99" HPOS="700" VPOS="432" WIDTH="90" HEIGHT="26" WC="0.92" CONTENT="afständ,"/><SP WIDTH="16" VPOS="432" HPOS="790"/>
							<String ID="string_100" HPOS="806" VPOS="432" WIDTH="61" HEIGHT="22" WC="0.96" CONTENT="äfven"/><SP WIDTH="17" VPOS="432" HPOS="867"/>
							<String ID="string_101" HPOS="884" VPOS="439" WIDTH="34" HEIGHT="15" WC="0.96" CONTENT="om"/><SP WIDTH="16" VPOS="439" HPOS="918"/>
							<String ID="string_102" HPOS="934" VPOS="432" WIDTH="26" HEIGHT="22" WC="0.96" CONTENT="de"/><SP WIDTH="16" VPOS="432" HPOS="960"/>
							<String ID="string_103" HPOS="976" VPOS="432" WIDTH="55" HEIGHT="22" WC="0.96" CONTENT="hade"/>
						</TextLine>
						<TextLine ID="line_10" HPOS="212" VPOS="460" WIDTH="819" HEIGHT="27">
							<String ID="string_104" HPOS="212" VPOS="460" WIDTH="37" HEIGHT="20" WC="0.90" CONTENT="räd"/><SP WIDTH="16" VPOS="460" HPOS="249"/>
							<String ID="string_105" HPOS="265" VPOS="460" WIDTH="78" HEIGHT="24" WC="0.91" CONTENT="dertill,"/><SP WIDTH="16" VPOS="460" HPOS="343"/>
							<String ID="string_106" HPOS="359" VPOS="460" WIDTH="116" HEIGHT="22" WC="0.90" CONTENT="bortsända"/><SP WIDTH="21" VPOS="460" HPOS="475"/>
							<String ID="string_107" HPOS="496" VPOS="467" WIDTH="65" HEIGHT="20" WC="0.90" CONTENT="yngre"/><SP WIDTH="15" VPOS="467" HPOS="561"/>
							<String ID="string_108" HPOS="576" VPOS="461" WIDTH="52" HEIGHT="21" WC="0.96" CONTENT="barn"/><SP WIDTH="16" VPOS="461" HPOS="628"/>
							<String ID="string_109" HPOS="644" VPOS="461" WIDTH="33" HEIGHT="21" WC="0.93" CONTENT="till"/><SP WIDTH="16" VPOS="461" HPOS="677"/>
							<String ID="string_110" HPOS="693" VPOS="461" WIDTH="105" HEIGHT="21" WC="0.91" CONTENT="obekanta"/><SP WIDTH="16" VPOS="461" HPOS="798"/>
							<String ID="string_111" HPOS="814" VPOS="464" WIDTH="57" HEIGHT="18" WC="0.93" CONTENT="orter"/><SP WIDTH="17" VPOS="464" HPOS="871"/>
							<String ID="string_112" HPOS="888" VPOS="462" WIDTH="37" HEIGHT="20" WC="0.96" CONTENT="och"/><SP WIDTH="17" VPOS="462" HPOS="925"/>
							<String ID="string_113" HPOS="942" VPOS="460" WIDTH="32" HEIGHT="22" WC="0.93" CONTENT="till"/><SP WIDTH="16" VPOS="460" HPOS="974"/>
							<String ID="string_114" HPOS="990" VPOS="460" WIDTH="41" HEIGHT="22" WC="0.92" CONTENT="för-"/>
						</TextLine>
						<TextLine ID="line_11" HPOS="212" VPOS="488" WIDTH="650" HEIGHT="28">
							<String ID="string_115" HPOS="212" VPOS="488" WIDTH="119" HEIGHT="26" WC="0.92" CONTENT="hällanden,"/><SP WIDTH="17" VPOS="488" HPOS="331"/>
							<String ID="string_116" HPOS="348" VPOS="494" WIDTH="44" HEIGHT="15" WC="0.96" CONTENT="som"/><SP WIDTH="16" VPOS="494" HPOS="392"/>
							<String ID="string_117" HPOS="408" VPOS="489" WIDTH="25" HEIGHT="21" WC="0.93" CONTENT="de"/><SP WIDTH="15" VPOS="489" HPOS="433"/>
							<String ID="string_118" HPOS="448" VPOS="489" WIDTH="46" HEIGHT="21" WC="0.92" CONTENT="icke"/><SP WIDTH="15" VPOS="489" HPOS="494"/>
							<String ID="string_119" HPOS="509" VPOS="490" WIDTH="133" HEIGHT="26" WC="0.92" CONTENT="personligen"/><SP WIDTH="15" VPOS="490" HPOS="642"/>
							<String ID="string_120" HPOS="657" VPOS="490" WIDTH="71" HEIGHT="20" WC="0.93" CONTENT="kunna"/><SP WIDTH="16" VPOS="490" HPOS="728"/>
							<String ID="string_121" HPOS="744" VPOS="490" WIDTH="118" HEIGHT="21" WC="0.93" CONTENT="öfvervaka."/>
						</TextLine>
					</TextBlock>
					<TextBlock ID="block_2" HPOS="210" VPOS="516" WIDTH="823" HEIGHT="516">
						<TextLine ID="line_12" HPOS="280" VPOS="516" WIDTH="752" HEIGHT="28">
							<String ID="string_122" HPOS="280" VPOS="516" WIDTH="40" HEIGHT="27" WC="0.96" CONTENT="Jag"/><SP WIDTH="16" VPOS="516" HPOS="320"/>
							<String ID="string_123" HPOS="336" VPOS="517" WIDTH="35" HEIGHT="21" WC="0.93" CONTENT="vill"/><SP WIDTH="9" VPOS="517" HPOS="371"/>
							<String ID="string_124" HPOS="380" VPOS="517" WIDTH="18" HEIGHT="26" WC="0.88" CONTENT="ej"/><SP WIDTH="9" VPOS="517" HPOS="398"/>
							<String ID="string_125" HPOS="407" VPOS="517" WIDTH="92" HEIGHT="21" WC="0.93" CONTENT="bestrida"/><SP WIDTH="12" VPOS="517" HPOS="499"/>
							<String ID="string_126" HPOS="511" VPOS="520" WIDTH="31" HEIGHT="18" WC="0.93" CONTENT="att"/><SP WIDTH="12" VPOS="520" HPOS="542"/>
							<String ID="string_127" HPOS="554" VPOS="518" WIDTH="126" HEIGHT="20" WC="0.92" CONTENT="elevantalet"/><SP WIDTH="8" VPOS="518" HPOS="680"/>
							<String ID="string_128" HPOS="688" VPOS="518" WIDTH="33" HEIGHT="20" WC="0.96" CONTENT="vid"/><SP WIDTH="9" VPOS="518" HPOS="721"/>
							<String ID="string_129" HPOS="730" VPOS="518" WIDTH="31" HEIGHT="21" WC="0.96" CONTENT="S:t"/><SP WIDTH="11" VPOS="518" HPOS="761"/>
							<String ID="string_130" HPOS="772" VPOS="518" WIDTH="87" HEIGHT="21" WC="0.93" CONTENT="Michels"/><SP WIDTH="12" VPOS="518" HPOS="859"/>
							<String ID="string_131" HPOS="871" VPOS="518" WIDTH="81" HEIGHT="26" WC="0.92" CONTENT="lyceum"/><SP WIDTH="13" VPOS="518" HPOS="952"/>
							<String ID="string_132" HPOS="965" VPOS="518" WIDTH="67" HEIGHT="20" WC="0.96" CONTENT="under"/>
						</TextLine>
						<TextLine ID="line_13" HPOS="212" VPOS="546" WIDTH="819" HEIGHT="27">
							<String ID="string_133" HPOS="212" VPOS="546" WIDTH="82" HEIGHT="20" WC="0.96" CONTENT="senaste"/><SP WIDTH="23" VPOS="546" HPOS="294"/>
							<String ID="string_134" HPOS="317" VPOS="547" WIDTH="51" HEIGHT="20" WC="0.96" CONTENT="åren"/><SP WIDTH="23" VPOS="547" HPOS="368"/>
							<String ID="string_135" HPOS="391" VPOS="546" WIDTH="64" HEIGHT="26" WC="0.89" CONTENT="något"/><SP WIDTH="22" VPOS="546" HPOS="455"/>
							<String ID="string_136" HPOS="477" VPOS="546" WIDTH="98" HEIGHT="27" WC="0.92" CONTENT="nedgätt;"/><SP WIDTH="23" VPOS="546" HPOS="575"/>
							<String ID="string_137" HPOS="598" VPOS="546" WIDTH="54" HEIGHT="22" WC="0.96" CONTENT="dock"/><SP WIDTH="22" VPOS="546" HPOS="652"/>
							<String ID="string_138" HPOS="674" VPOS="546" WIDTH="38" HEIGHT="22" WC="0.95" CONTENT="har"/><SP WIDTH="15" VPOS="546" HPOS="712"/>
							<String ID="string_139" HPOS="727" VPOS="547" WIDTH="59" HEIGHT="21" WC="0.93" CONTENT="detta"/><SP WIDTH="16" VPOS="547" HPOS="786"/>
							<String ID="string_140" HPOS="802" VPOS="546" WIDTH="132" HEIGHT="22" WC="0.96" CONTENT="förhållande"/><SP WIDTH="16" VPOS="546" HPOS="934"/>
							<String ID="string_141" HPOS="950" VPOS="546" WIDTH="81" HEIGHT="22" WC="0.96" CONTENT="mindre"/>
						</TextLine>
						<TextLine ID="line_14" HPOS="212" VPOS="574" WIDTH="820" HEIGHT="22">
							<String ID="string_142" HPOS="212" VPOS="574" WIDTH="97" HEIGHT="21" WC="0.92" CONTENT="orsakats"/><SP WIDTH="23" VPOS="574" HPOS="309"/>
							<String ID="string_143" HPOS="332" VPOS="574" WIDTH="22" HEIGHT="22" WC="0.96" CONTENT="af"/><SP WIDTH="20" VPOS="574" HPOS="354"/>
							<String ID="string_144" HPOS="374" VPOS="574" WIDTH="109" HEIGHT="22" WC="0.95" CONTENT="minskade"/><SP WIDTH="22" VPOS="574" HPOS="483"/>
							<String ID="string_145" HPOS="505" VPOS="575" WIDTH="58" HEIGHT="21" WC="0.93" CONTENT="antal"/><SP WIDTH="20" VPOS="575" HPOS="563"/>
							<String ID="string_146" HPOS="583" VPOS="575" WIDTH="83" HEIGHT="21" WC="0.91" CONTENT="inträde"/><SP WIDTH="22" VPOS="575" HPOS="666"/>
							<String ID="string_147" HPOS="688" VPOS="575" WIDTH="93" HEIGHT="21" WC="0.96" CONTENT="sökande"/><SP WIDTH="21" VPOS="575" HPOS="781"/>
							<String ID="string_148" HPOS="802" VPOS="578" WIDTH="26" HEIGHT="18" WC="0.96" CONTENT="än"/><SP WIDTH="22" VPOS="578" HPOS="828"/>
							<String ID="string_149" HPOS="850" VPOS="576" WIDTH="21" HEIGHT="20" WC="0.96" CONTENT="af"/><SP WIDTH="22" VPOS="576" HPOS="871"/>
							<String ID="string_150" HPOS="893" VPOS="582" WIDTH="25" HEIGHT="14" WC="0.93" CONTENT="en"/><SP WIDTH="16" VPOS="582" HPOS="918"/>
							<String ID="string_151" HPOS="934" VPOS="576" WIDTH="98" HEIGHT="20" WC="0.92" CONTENT="abnormt"/>
						</TextLine>
						<TextLine ID="line_15" HPOS="212" VPOS="602" WIDTH="819" HEIGHT="28">
							<String ID="string_152" HPOS="212" VPOS="604" WIDTH="44" HEIGHT="20" WC="0.91" CONTENT="stor"/><SP WIDTH="23" VPOS="604" HPOS="256"/>
							<String ID="string_153" HPOS="279" VPOS="602" WIDTH="77" HEIGHT="28" WC="0.91" CONTENT="afgäng"/><SP WIDTH="22" VPOS="602" HPOS="356"/>
							<String ID="string_154" HPOS="378" VPOS="603" WIDTH="22" HEIGHT="21" WC="0.93" CONTENT="af"/><SP WIDTH="21" VPOS="603" HPOS="400"/>
							<String ID="string_155" HPOS="421" VPOS="604" WIDTH="69" HEIGHT="20" WC="0.91" CONTENT="elever"/><SP WIDTH="21" VPOS="604" HPOS="490"/>
							<String ID="string_156" HPOS="511" VPOS="606" WIDTH="71" HEIGHT="18" WC="0.93" CONTENT="utan"/><SP WIDTH="22" VPOS="606" HPOS="582"/>
							<String ID="string_157" HPOS="604" VPOS="603" WIDTH="92" HEIGHT="22" WC="0.91" CONTENT="afslutad"/><SP WIDTH="18" VPOS="603" HPOS="696"/>
							<String ID="string_158" HPOS="714" VPOS="604" WIDTH="58" HEIGHT="21" WC="0.91" CONTENT="kurs."/><SP WIDTH="31" VPOS="604" HPOS="772"/>
							<String ID="string_159" HPOS="803" VPOS="604" WIDTH="95" HEIGHT="21" WC="0.91" CONTENT="Orsaken"/><SP WIDTH="17" VPOS="604" HPOS="898"/>
							<String ID="string_160" HPOS="915" VPOS="604" WIDTH="31" HEIGHT="21" WC="0.96" CONTENT="till"/><SP WIDTH="17" VPOS="604" HPOS="946"/>
							<String ID="string_161" HPOS="963" VPOS="604" WIDTH="68" HEIGHT="20" WC="0.97" CONTENT="denna"/>
						</TextLine>
						<TextLine ID="line_16" HPOS="212" VPOS="631" WIDTH="820" HEIGHT="28">
							<String ID="string_162" HPOS="212" VPOS="631" WIDTH="109" HEIGHT="23" WC="0.92" CONTENT="minskade"/><SP WIDTH="16" VPOS="631" HPOS="321"/>
							<String ID="string_163" HPOS="337" VPOS="632" WIDTH="149" HEIGHT="26" WC="0.91" CONTENT="elevfregvens,"/><SP WIDTH="16" VPOS="632" HPOS="486"/>
							<String ID="string_164" HPOS="502" VPOS="632" WIDTH="83" HEIGHT="21" WC="0.93" CONTENT="hvilken"/><SP WIDTH="13" VPOS="632" HPOS="585"/>
							<String ID="string_165" HPOS="598" VPOS="632" WIDTH="32" HEIGHT="22" WC="0.96" CONTENT="för"/><SP WIDTH="11" VPOS="632" HPOS="630"/>
							<String ID="string_166" HPOS="641" VPOS="633" WIDTH="60" HEIGHT="26" WC="0.96" CONTENT="ingen"/><SP WIDTH="9" VPOS="633" HPOS="701"/>
							<String ID="string_167" HPOS="710" VPOS="632" WIDTH="33" HEIGHT="22" WC="0.96" CONTENT="del"/><SP WIDTH="10" VPOS="632" HPOS="743"/>
							<String ID="string_168" HPOS="753" VPOS="635" WIDTH="23" HEIGHT="19" WC="0.93" CONTENT="är"/><SP WIDTH="11" VPOS="635" HPOS="776"/>
							<String ID="string_169" HPOS="787" VPOS="633" WIDTH="99" HEIGHT="21" WC="0.93" CONTENT="konstant"/><SP WIDTH="8" VPOS="633" HPOS="886"/>
							<String ID="string_170" HPOS="894" VPOS="632" WIDTH="50" HEIGHT="22" WC="0.93" CONTENT="eller"/><SP WIDTH="8" VPOS="632" HPOS="944"/>
							<String ID="string_171" HPOS="952" VPOS="632" WIDTH="62" HEIGHT="21" WC="0.93" CONTENT="stadd"/><SP WIDTH="12" VPOS="632" HPOS="1014"/>
							<String ID="string_172" HPOS="1026" VPOS="633" WIDTH="6" HEIGHT="20" WC="0.96" CONTENT="i"/>
						</TextLine>
						<TextLine ID="line_17" HPOS="213" VPOS="660" WIDTH="819" HEIGHT="28">
							<String ID="string_173" HPOS="213" VPOS="662" WIDTH="31" HEIGHT="19" WC="0.92" CONTENT="ett"/><SP WIDTH="21" VPOS="662" HPOS="244"/>
							<String ID="string_174" HPOS="265" VPOS="660" WIDTH="62" HEIGHT="26" WC="0.96" CONTENT="årligt"/><SP WIDTH="23" VPOS="660" HPOS="327"/>
							<String ID="string_175" HPOS="350" VPOS="660" WIDTH="127" HEIGHT="27" WC="0.96" CONTENT="nedgående,"/><SP WIDTH="17" VPOS="660" HPOS="477"/>
							<String ID="string_176" HPOS="494" VPOS="661" WIDTH="38" HEIGHT="21" WC="0.93" CONTENT="bör"/><SP WIDTH="19" VPOS="661" HPOS="532"/>
							<String ID="string_177" HPOS="551" VPOS="661" WIDTH="47" HEIGHT="21" WC="0.96" CONTENT="icke"/><SP WIDTH="15" VPOS="661" HPOS="598"/>
							<String ID="string_178" HPOS="613" VPOS="661" WIDTH="62" HEIGHT="21" WC="0.96" CONTENT="sökas"/><SP WIDTH="15" VPOS="661" HPOS="675"/>
							<String ID="string_179" HPOS="690" VPOS="662" WIDTH="5" HEIGHT="20" WC="0.93" CONTENT="i"/><SP WIDTH="17" VPOS="662" HPOS="695"/>
							<String ID="string_180" HPOS="712" VPOS="662" WIDTH="253" HEIGHT="26" WC="0.92" CONTENT="undervisningsspräket,"/><SP WIDTH="17" VPOS="662" HPOS="965"/>
							<String ID="string_181" HPOS="982" VPOS="663" WIDTH="50" HEIGHT="19" WC="0.61" CONTENT="utan"/>
						</TextLine>
						<TextLine ID="line_18" HPOS="212" VPOS="688" WIDTH="820" HEIGHT="29">
							<String ID="string_182" HPOS="212" VPOS="689" WIDTH="6" HEIGHT="20" WC="0.93" CONTENT="i"/><SP WIDTH="16" VPOS="689" HPOS="218"/>
							<String ID="string_183" HPOS="234" VPOS="688" WIDTH="152" HEIGHT="22" WC="0.96" CONTENT="förhållanden."/><SP WIDTH="16" VPOS="688" HPOS="386"/>
							<String ID="string_184" HPOS="402" VPOS="695" WIDTH="43" HEIGHT="15" WC="0.93" CONTENT="som"/><SP WIDTH="18" VPOS="695" HPOS="445"/>
							<String ID="string_185" HPOS="463" VPOS="689" WIDTH="105" HEIGHT="21" WC="0.96" CONTENT="måhända"/><SP WIDTH="16" VPOS="689" HPOS="568"/>
							<String ID="string_186" HPOS="584" VPOS="690" WIDTH="69" HEIGHT="20" WC="0.93" CONTENT="kunde"/><SP WIDTH="15" VPOS="690" HPOS="653"/>
							<String ID="string_187" HPOS="668" VPOS="690" WIDTH="91" HEIGHT="27" WC="0.92" CONTENT="förtjena"/><SP WIDTH="15" VPOS="690" HPOS="759"/>
							<String ID="string_188" HPOS="774" VPOS="693" WIDTH="31" HEIGHT="17" WC="0.93" CONTENT="att"/><SP WIDTH="15" VPOS="693" HPOS="805"/>
							<String ID="string_189" HPOS="820" VPOS="690" WIDTH="100" HEIGHT="21" WC="0.96" CONTENT="särskildt"/><SP WIDTH="15" VPOS="690" HPOS="920"/>
							<String ID="string_190" HPOS="935" VPOS="692" WIDTH="97" HEIGHT="18" WC="0.96" CONTENT="närmare"/>
						</TextLine>
						<TextLine ID="line_19" HPOS="212" VPOS="717" WIDTH="820" HEIGHT="27">
							<String ID="string_191" HPOS="212" VPOS="717" WIDTH="136" HEIGHT="21" WC="0.93" CONTENT="undersökas."/><SP WIDTH="18" VPOS="717" HPOS="348"/>
							<String ID="string_192" HPOS="366" VPOS="730" WIDTH="23" HEIGHT="2" WC="0.89" CONTENT="—"/><SP WIDTH="20" VPOS="730" HPOS="389"/>
							<String ID="string_193" HPOS="409" VPOS="718" WIDTH="40" HEIGHT="20" WC="0.92" CONTENT="Det"/><SP WIDTH="23" VPOS="718" HPOS="449"/>
							<String ID="string_194" HPOS="472" VPOS="724" WIDTH="49" HEIGHT="14" WC="0.96" CONTENT="vore"/><SP WIDTH="20" VPOS="724" HPOS="521"/>
							<String ID="string_195" HPOS="541" VPOS="718" WIDTH="81" HEIGHT="21" WC="0.96" CONTENT="således"/><SP WIDTH="16" VPOS="718" HPOS="622"/>
							<String ID="string_196" HPOS="638" VPOS="718" WIDTH="18" HEIGHT="26" WC="0.93" CONTENT="ej"/><SP WIDTH="17" VPOS="718" HPOS="656"/>
							<String ID="string_197" HPOS="673" VPOS="718" WIDTH="227" HEIGHT="22" WC="0.87" CONTENT="öfverensstämmande"/><SP WIDTH="17" VPOS="718" HPOS="900"/>
							<String ID="string_198" HPOS="917" VPOS="719" WIDTH="47" HEIGHT="20" WC="0.93" CONTENT="med"/><SP WIDTH="15" VPOS="719" HPOS="964"/>
							<String ID="string_199" HPOS="979" VPOS="720" WIDTH="53" HEIGHT="18" WC="0.91" CONTENT="rätt-"/>
						</TextLine>
						<TextLine ID="line_20" HPOS="212" VPOS="746" WIDTH="820" HEIGHT="27">
							<String ID="string_200" HPOS="212" VPOS="746" WIDTH="44" HEIGHT="21" WC="0.96" CONTENT="visa"/><SP WIDTH="13" VPOS="746" HPOS="256"/>
							<String ID="string_201" HPOS="269" VPOS="746" WIDTH="37" HEIGHT="22" WC="0.93" CONTENT="och"/><SP WIDTH="18" VPOS="746" HPOS="306"/>
							<String ID="string_202" HPOS="324" VPOS="746" WIDTH="94" HEIGHT="26" WC="0.92" CONTENT="billighet"/><SP WIDTH="15" VPOS="746" HPOS="418"/>
							<String ID="string_203" HPOS="433" VPOS="748" WIDTH="106" HEIGHT="25" WC="0.92" CONTENT="gentemot"/><SP WIDTH="16" VPOS="748" HPOS="539"/>
							<String ID="string_204" HPOS="555" VPOS="746" WIDTH="40" HEIGHT="21" WC="0.96" CONTENT="den"/><SP WIDTH="15" VPOS="746" HPOS="595"/>
							<String ID="string_205" HPOS="610" VPOS="746" WIDTH="89" HEIGHT="22" WC="0.93" CONTENT="svenska"/><SP WIDTH="13" VPOS="746" HPOS="699"/>
							<String ID="string_206" HPOS="712" VPOS="747" WIDTH="84" HEIGHT="21" WC="0.91" CONTENT="talande"/><SP WIDTH="13" VPOS="747" HPOS="796"/>
							<String ID="string_207" HPOS="809" VPOS="746" WIDTH="148" HEIGHT="27" WC="0.96" CONTENT="befolkningen"/><SP WIDTH="11" VPOS="746" HPOS="957"/>
							<String ID="string_208" HPOS="968" VPOS="747" WIDTH="6" HEIGHT="21" WC="0.96" CONTENT="i"/><SP WIDTH="12" VPOS="747" HPOS="974"/>
							<String ID="string_209" HPOS="986" VPOS="746" WIDTH="46" HEIGHT="22" WC="0.96" CONTENT="hela"/>
						</TextLine>
						<TextLine ID="line_21" HPOS="212" VPOS="774" WIDTH="820" HEIGHT="28">
							<String ID="string_210" HPOS="212" VPOS="774" WIDTH="40" HEIGHT="22" WC="0.93" CONTENT="den"/><SP WIDTH="13" VPOS="774" HPOS="252"/>
							<String ID="string_211" HPOS="265" VPOS="776" WIDTH="46" HEIGHT="20" WC="0.92" CONTENT="inre"/><SP WIDTH="21" VPOS="776" HPOS="311"/>
							<String ID="string_212" HPOS="332" VPOS="775" WIDTH="60" HEIGHT="21" WC="0.96" CONTENT="delen"/><SP WIDTH="23" VPOS="775" HPOS="392"/>
							<String ID="string_213" HPOS="415" VPOS="775" WIDTH="21" HEIGHT="20" WC="0.96" CONTENT="af"/><SP WIDTH="21" VPOS="775" HPOS="436"/>
							<String ID="string_214" HPOS="457" VPOS="775" WIDTH="78" HEIGHT="27" WC="0.96" CONTENT="landet,"/><SP WIDTH="23" VPOS="775" HPOS="535"/>
							<String ID="string_215" HPOS="558" VPOS="778" WIDTH="32" HEIGHT="18" WC="0.93" CONTENT="att"/><SP WIDTH="15" VPOS="778" HPOS="590"/>
							<String ID="string_216" HPOS="605" VPOS="776" WIDTH="69" HEIGHT="21" WC="0.93" CONTENT="säsom"/><SP WIDTH="16" VPOS="776" HPOS="674"/>
							<String ID="string_217" HPOS="690" VPOS="776" WIDTH="141" HEIGHT="26" WC="0.91" CONTENT="petitionären"/><SP WIDTH="16" VPOS="776" HPOS="831"/>
							<String ID="string_218" HPOS="847" VPOS="776" WIDTH="67" HEIGHT="26" WC="0.92" CONTENT="yrkat,"/><SP WIDTH="17" VPOS="776" HPOS="914"/>
							<String ID="string_219" HPOS="931" VPOS="775" WIDTH="101" HEIGHT="22" WC="0.93" CONTENT="förändra"/>
						</TextLine>
						<TextLine ID="line_22" HPOS="212" VPOS="803" WIDTH="820" HEIGHT="27">
							<String ID="string_220" HPOS="212" VPOS="803" WIDTH="247" HEIGHT="27" WC="0.91" CONTENT="undervisningsspräket"/><SP WIDTH="14" VPOS="803" HPOS="459"/>
							<String ID="string_221" HPOS="473" VPOS="804" WIDTH="6" HEIGHT="20" WC="0.96" CONTENT="i"/><SP WIDTH="16" VPOS="804" HPOS="479"/>
							<String ID="string_222" HPOS="495" VPOS="804" WIDTH="31" HEIGHT="20" WC="0.96" CONTENT="S:t"/><SP WIDTH="23" VPOS="804" HPOS="526"/>
							<String ID="string_223" HPOS="549" VPOS="804" WIDTH="87" HEIGHT="22" WC="0.93" CONTENT="Michels"/><SP WIDTH="21" VPOS="804" HPOS="636"/>
							<String ID="string_224" HPOS="657" VPOS="805" WIDTH="80" HEIGHT="25" WC="0.96" CONTENT="lyceum"/><SP WIDTH="23" VPOS="805" HPOS="737"/>
							<String ID="string_225" HPOS="760" VPOS="805" WIDTH="32" HEIGHT="20" WC="0.93" CONTENT="till"/><SP WIDTH="16" VPOS="805" HPOS="792"/>
							<String ID="string_226" HPOS="808" VPOS="804" WIDTH="69" HEIGHT="22" WC="0.96" CONTENT="finskt."/><SP WIDTH="32" VPOS="804" HPOS="877"/>
							<String ID="string_227" HPOS="909" VPOS="804" WIDTH="61" HEIGHT="21" WC="0.96" CONTENT="Hvad"/><SP WIDTH="16" VPOS="804" HPOS="970"/>
							<String ID="string_228" HPOS="986" VPOS="804" WIDTH="46" HEIGHT="21" WC="0.96" CONTENT="åter"/>
						</TextLine>
						<TextLine ID="line_23" HPOS="211" VPOS="832" WIDTH="822" HEIGHT="28">
							<String ID="string_229" HPOS="211" VPOS="832" WIDTH="101" HEIGHT="21" WC="0.96" CONTENT="beträffar"/><SP WIDTH="16" VPOS="832" HPOS="312"/>
							<String ID="string_230" HPOS="328" VPOS="832" WIDTH="34" HEIGHT="21" WC="0.93" CONTENT="det"/><SP WIDTH="21" VPOS="832" HPOS="362"/>
							<String ID="string_231" HPOS="383" VPOS="832" WIDTH="186" HEIGHT="25" WC="0.92" CONTENT="missförhällande,"/><SP WIDTH="17" VPOS="832" HPOS="569"/>
							<String ID="string_232" HPOS="586" VPOS="839" WIDTH="44" HEIGHT="15" WC="0.93" CONTENT="som"/><SP WIDTH="16" VPOS="839" HPOS="630"/>
							<String ID="string_233" HPOS="646" VPOS="833" WIDTH="141" HEIGHT="27" WC="0.92" CONTENT="petitionären"/><SP WIDTH="16" VPOS="833" HPOS="787"/>
							<String ID="string_234" HPOS="803" VPOS="834" WIDTH="74" HEIGHT="26" WC="0.91" CONTENT="antydt"/><SP WIDTH="16" VPOS="834" HPOS="877"/>
							<String ID="string_235" HPOS="893" VPOS="835" WIDTH="32" HEIGHT="19" WC="0.96" CONTENT="att"/><SP WIDTH="16" VPOS="835" HPOS="925"/>
							<String ID="string_236" HPOS="941" VPOS="839" WIDTH="27" HEIGHT="15" WC="0.93" CONTENT="nu"/><SP WIDTH="16" VPOS="839" HPOS="968"/>
							<String ID="string_237" HPOS="984" VPOS="839" WIDTH="49" HEIGHT="19" WC="0.92" CONTENT="eger"/>
						</TextLine>
						<TextLine ID="line_24" HPOS="212" VPOS="861" WIDTH="820" HEIGHT="26">
							<String ID="string_238" HPOS="212" VPOS="867" WIDTH="52" HEIGHT="19" WC="0.92" CONTENT="rum,"/><SP WIDTH="24" VPOS="867" HPOS="264"/>
							<String ID="string_239" HPOS="288" VPOS="861" WIDTH="121" HEIGHT="26" WC="0.89" CONTENT="derigenom"/><SP WIDTH="21" VPOS="861" HPOS="409"/>
							<String ID="string_240" HPOS="430" VPOS="864" WIDTH="31" HEIGHT="18" WC="0.96" CONTENT="att"/><SP WIDTH="22" VPOS="864" HPOS="461"/>
							<String ID="string_241" HPOS="483" VPOS="868" WIDTH="24" HEIGHT="14" WC="0.96" CONTENT="en"/><SP WIDTH="22" VPOS="868" HPOS="507"/>
							<String ID="string_242" HPOS="529" VPOS="861" WIDTH="54" HEIGHT="21" WC="0.93" CONTENT="finsk"/><SP WIDTH="24" VPOS="861" HPOS="583"/>
							<String ID="string_243" HPOS="607" VPOS="862" WIDTH="152" HEIGHT="21" WC="0.92" CONTENT="lärdomsskola"/><SP WIDTH="23" VPOS="862" HPOS="759"/>
							<String ID="string_244" HPOS="782" VPOS="863" WIDTH="77" HEIGHT="20" WC="0.96" CONTENT="saknas"/><SP WIDTH="23" VPOS="863" HPOS="859"/>
							<String ID="string_245" HPOS="882" VPOS="862" WIDTH="32" HEIGHT="21" WC="0.96" CONTENT="för"/><SP WIDTH="23" VPOS="862" HPOS="914"/>
							<String ID="string_246" HPOS="937" VPOS="862" WIDTH="47" HEIGHT="21" WC="0.96" CONTENT="hela"/><SP WIDTH="16" VPOS="862" HPOS="984"/>
							<String ID="string_247" HPOS="1000" VPOS="861" WIDTH="32" HEIGHT="21" WC="0.95" CONTENT="S:t"/>
						</TextLine>
						<TextLine ID="line_25" HPOS="211" VPOS="889" WIDTH="819" HEIGHT="27">
							<String ID="string_248" HPOS="211" VPOS="889" WIDTH="89" HEIGHT="22" WC="0.96" CONTENT="Michels"/><SP WIDTH="16" VPOS="889" HPOS="300"/>
							<String ID="string_249" HPOS="316" VPOS="890" WIDTH="41" HEIGHT="26" WC="0.96" CONTENT="län,"/><SP WIDTH="15" VPOS="890" HPOS="357"/>
							<String ID="string_250" HPOS="372" VPOS="890" WIDTH="25" HEIGHT="21" WC="0.96" CONTENT="sä"/><SP WIDTH="15" VPOS="890" HPOS="397"/>
							<String ID="string_251" HPOS="412" VPOS="890" WIDTH="41" HEIGHT="21" WC="0.96" CONTENT="kan"/><SP WIDTH="16" VPOS="890" HPOS="453"/>
							<String ID="string_252" HPOS="469" VPOS="890" WIDTH="58" HEIGHT="21" WC="0.93" CONTENT="detta"/><SP WIDTH="16" VPOS="890" HPOS="527"/>
							<String ID="string_253" HPOS="543" VPOS="890" WIDTH="182" HEIGHT="22" WC="0.92" CONTENT="missförhällande"/><SP WIDTH="16" VPOS="890" HPOS="725"/>
							<String ID="string_254" HPOS="741" VPOS="890" WIDTH="117" HEIGHT="23" WC="0.92" CONTENT="lättast"/><SP WIDTH="16" VPOS="890" HPOS="858"/>
							<String ID="string_255" HPOS="874" VPOS="891" WIDTH="39" HEIGHT="21" WC="0.93" CONTENT="och"/><SP WIDTH="23" VPOS="891" HPOS="913"/>
							<String ID="string_256" HPOS="936" VPOS="893" WIDTH="94" HEIGHT="19" WC="0.92" CONTENT="natur-"/>
						</TextLine>
						<TextLine ID="line_26" HPOS="211" VPOS="918" WIDTH="820" HEIGHT="29">
							<String ID="string_257" HPOS="211" VPOS="920" WIDTH="92" HEIGHT="26" WC="0.92" CONTENT="ligast"/><SP WIDTH="16" VPOS="920" HPOS="303"/>
							<String ID="string_258" HPOS="319" VPOS="918" WIDTH="120" HEIGHT="28" WC="0.91" CONTENT="derigenom"/><SP WIDTH="16" VPOS="918" HPOS="439"/>
							<String ID="string_259" HPOS="455" VPOS="920" WIDTH="103" HEIGHT="26" WC="0.91" CONTENT="utjemnas"/><SP WIDTH="17" VPOS="920" HPOS="558"/>
							<String ID="string_260" HPOS="575" VPOS="922" WIDTH="30" HEIGHT="18" WC="0.97" CONTENT="att"/><SP WIDTH="15" VPOS="922" HPOS="605"/>
							<String ID="string_261" HPOS="620" VPOS="922" WIDTH="31" HEIGHT="19" WC="0.92" CONTENT="ett"/><SP WIDTH="8" VPOS="922" HPOS="651"/>
							<String ID="string_262" HPOS="659" VPOS="919" WIDTH="131" HEIGHT="27" WC="0.95" CONTENT="fullständigt"/><SP WIDTH="9" VPOS="919" HPOS="790"/>
							<String ID="string_263" HPOS="799" VPOS="921" WIDTH="81" HEIGHT="26" WC="0.96" CONTENT="lyceum"/><SP WIDTH="11" VPOS="921" HPOS="880"/>
							<String ID="string_264" HPOS="891" VPOS="920" WIDTH="47" HEIGHT="22" WC="0.93" CONTENT="med"/><SP WIDTH="12" VPOS="920" HPOS="938"/>
							<String ID="string_265" HPOS="950" VPOS="919" WIDTH="81" HEIGHT="22" WC="0.95" CONTENT="finskan"/>
						</TextLine>
						<TextLine ID="line_27" HPOS="212" VPOS="947" WIDTH="819" HEIGHT="28">
							<String ID="string_266" HPOS="212" VPOS="947" WIDTH="31" HEIGHT="22" WC="0.88" CONTENT="till"/><SP WIDTH="23" VPOS="947" HPOS="243"/>
							<String ID="string_267" HPOS="266" VPOS="948" WIDTH="225" HEIGHT="27" WC="0.88" CONTENT="undervisningsspräk"/><SP WIDTH="23" VPOS="948" HPOS="491"/>
							<String ID="string_268" HPOS="514" VPOS="949" WIDTH="90" HEIGHT="21" WC="0.96" CONTENT="inrättas"/><SP WIDTH="19" VPOS="949" HPOS="604"/>
							<String ID="string_269" HPOS="623" VPOS="949" WIDTH="57" HEIGHT="21" WC="0.93" CONTENT="inom"/><SP WIDTH="23" VPOS="949" HPOS="680"/>
							<String ID="string_270" HPOS="703" VPOS="949" WIDTH="90" HEIGHT="21" WC="0.88" CONTENT="nämnde"/><SP WIDTH="23" VPOS="949" HPOS="793"/>
							<String ID="string_271" HPOS="816" VPOS="950" WIDTH="40" HEIGHT="24" WC="0.93" CONTENT="län,"/><SP WIDTH="16" VPOS="950" HPOS="856"/>
							<String ID="string_272" HPOS="872" VPOS="948" WIDTH="82" HEIGHT="22" WC="0.96" CONTENT="hvilket"/><SP WIDTH="14" VPOS="948" HPOS="954"/>
							<String ID="string_273" HPOS="968" VPOS="948" WIDTH="63" HEIGHT="22" WC="0.96" CONTENT="äfven"/>
						</TextLine>
						<TextLine ID="line_28" HPOS="211" VPOS="976" WIDTH="820" HEIGHT="27">
							<String ID="string_274" HPOS="211" VPOS="978" WIDTH="69" HEIGHT="20" WC="0.92" CONTENT="säsom"/><SP WIDTH="16" VPOS="978" HPOS="280"/>
							<String ID="string_275" HPOS="296" VPOS="976" WIDTH="65" HEIGHT="22" WC="0.90" CONTENT="kändt"/><SP WIDTH="15" VPOS="976" HPOS="361"/>
							<String ID="string_276" HPOS="376" VPOS="979" WIDTH="30" HEIGHT="22" WC="0.93" CONTENT="är,"/><SP WIDTH="16" VPOS="979" HPOS="406"/>
							<String ID="string_277" HPOS="422" VPOS="977" WIDTH="93" HEIGHT="26" WC="0.91" CONTENT="utgjordt"/><SP WIDTH="16" VPOS="977" HPOS="515"/>
							<String ID="string_278" HPOS="531" VPOS="980" WIDTH="31" HEIGHT="18" WC="0.96" CONTENT="ett"/><SP WIDTH="15" VPOS="980" HPOS="562"/>
							<String ID="string_279" HPOS="577" VPOS="978" WIDTH="65" HEIGHT="20" WC="0.93" CONTENT="redan"/><SP WIDTH="16" VPOS="978" HPOS="642"/>
							<String ID="string_280" HPOS="658" VPOS="978" WIDTH="134" HEIGHT="20" WC="0.92" CONTENT="härförinnan"/><SP WIDTH="16" VPOS="978" HPOS="792"/>
							<String ID="string_281" HPOS="808" VPOS="978" WIDTH="33" HEIGHT="21" WC="0.93" CONTENT="väl"/><SP WIDTH="12" VPOS="978" HPOS="841"/>
							<String ID="string_282" HPOS="853" VPOS="978" WIDTH="127" HEIGHT="21" WC="0.91" CONTENT="motiveradt"/><SP WIDTH="12" VPOS="978" HPOS="980"/>
							<String ID="string_283" HPOS="992" VPOS="977" WIDTH="39" HEIGHT="21" WC="0.96" CONTENT="och"/>
						</TextLine>
						<TextLine ID="line_29" HPOS="210" VPOS="1005" WIDTH="406" HEIGHT="27">
							<String ID="string_284" HPOS="210" VPOS="1005" WIDTH="90" HEIGHT="27" WC="0.93" CONTENT="kraftigt"/><SP WIDTH="15" VPOS="1005" HPOS="300"/>
							<String ID="string_285" HPOS="315" VPOS="1005" WIDTH="122" HEIGHT="21" WC="0.87" CONTENT="understödt"/><SP WIDTH="16" VPOS="1005" HPOS="437"/>
							<String ID="string_286" HPOS="453" VPOS="1006" WIDTH="163" HEIGHT="26" WC="0.87" CONTENT="önskningsmäl."/>
						</TextLine>
					</TextBlock>
					<TextBlock ID="block_3" HPOS="210" VPOS="1034" WIDTH="821" HEIGHT="198">
						<TextLine ID="line_30" HPOS="279" VPOS="1034" WIDTH="752" HEIGHT="27">
							<String ID="string_287" HPOS="279" VPOS="1034" WIDTH="38" HEIGHT="21" WC="0.95" CONTENT="Att"/><SP WIDTH="23" VPOS="1034" HPOS="317"/>
							<String ID="string_288" HPOS="340" VPOS="1034" WIDTH="56" HEIGHT="20" WC="0.93" CONTENT="mina"/><SP WIDTH="21" VPOS="1034" HPOS="396"/>
							<String ID="string_289" HPOS="417" VPOS="1034" WIDTH="70" HEIGHT="20" WC="0.92" CONTENT="inkast"/><SP WIDTH="15" VPOS="1034" HPOS="487"/>
							<String ID="string_290" HPOS="502" VPOS="1036" WIDTH="57" HEIGHT="19" WC="0.93" CONTENT="emot"/><SP WIDTH="15" VPOS="1036" HPOS="559"/>
							<String ID="string_291" HPOS="574" VPOS="1034" WIDTH="124" HEIGHT="26" WC="0.90" CONTENT="billigheten"/><SP WIDTH="15" VPOS="1034" HPOS="698"/>
							<String ID="string_292" HPOS="713" VPOS="1034" WIDTH="23" HEIGHT="21" WC="0.93" CONTENT="af"/><SP WIDTH="13" VPOS="1034" HPOS="736"/>
							<String ID="string_293" HPOS="749" VPOS="1035" WIDTH="49" HEIGHT="21" WC="0.92" CONTENT="herr"/><SP WIDTH="16" VPOS="1035" HPOS="798"/>
							<String ID="string_294" HPOS="814" VPOS="1035" WIDTH="90" HEIGHT="21" WC="0.92" CONTENT="Berners"/><SP WIDTH="16" VPOS="1035" HPOS="904"/>
							<String ID="string_295" HPOS="920" VPOS="1034" WIDTH="111" HEIGHT="27" WC="0.92" CONTENT="petitions-"/>
						</TextLine>
						<TextLine ID="line_31" HPOS="211" VPOS="1062" WIDTH="819" HEIGHT="28">
							<String ID="string_296" HPOS="211" VPOS="1062" WIDTH="79" HEIGHT="27" WC="0.93" CONTENT="förslag"/><SP WIDTH="22" VPOS="1062" HPOS="290"/>
							<String ID="string_297" HPOS="312" VPOS="1062" WIDTH="18" HEIGHT="27" WC="0.92" CONTENT="ej"/><SP WIDTH="17" VPOS="1062" HPOS="330"/>
							<String ID="string_298" HPOS="347" VPOS="1064" WIDTH="36" HEIGHT="19" WC="0.90" CONTENT="äro"/><SP WIDTH="17" VPOS="1064" HPOS="383"/>
							<String ID="string_299" HPOS="400" VPOS="1062" WIDTH="137" HEIGHT="22" WC="0.92" CONTENT="framkallade"/><SP WIDTH="16" VPOS="1062" HPOS="537"/>
							<String ID="string_300" HPOS="553" VPOS="1063" WIDTH="22" HEIGHT="21" WC="0.93" CONTENT="af"/><SP WIDTH="15" VPOS="1063" HPOS="575"/>
							<String ID="string_301" HPOS="590" VPOS="1063" WIDTH="159" HEIGHT="27" WC="0.92" CONTENT="partiintressen"/><SP WIDTH="26" VPOS="1063" HPOS="749"/>
							<String ID="string_302" HPOS="775" VPOS="1063" WIDTH="38" HEIGHT="21" WC="0.95" CONTENT="och"/><SP WIDTH="24" VPOS="1063" HPOS="813"/>
							<String ID="string_303" HPOS="837" VPOS="1065" WIDTH="31" HEIGHT="19" WC="0.96" CONTENT="att"/><SP WIDTH="14" VPOS="1065" HPOS="868"/>
							<String ID="string_304" HPOS="882" VPOS="1063" WIDTH="36" HEIGHT="27" WC="0.93" CONTENT="jag"/><SP WIDTH="16" VPOS="1063" HPOS="918"/>
							<String ID="string_305" HPOS="934" VPOS="1063" WIDTH="18" HEIGHT="26" WC="0.92" CONTENT="ej"/><SP WIDTH="16" VPOS="1063" HPOS="952"/>
							<String ID="string_306" HPOS="968" VPOS="1062" WIDTH="62" HEIGHT="28" WC="0.92" CONTENT="hyser"/>
						</TextLine>
						<TextLine ID="line_32" HPOS="210" VPOS="1090" WIDTH="820" HEIGHT="28">
							<String ID="string_307" HPOS="210" VPOS="1092" WIDTH="66" HEIGHT="25" WC="0.96" CONTENT="några"/><SP WIDTH="23" VPOS="1092" HPOS="276"/>
							<String ID="string_308" HPOS="299" VPOS="1092" WIDTH="57" HEIGHT="20" WC="0.96" CONTENT="emot"/><SP WIDTH="15" VPOS="1092" HPOS="356"/>
							<String ID="string_309" HPOS="371" VPOS="1090" WIDTH="39" HEIGHT="22" WC="0.96" CONTENT="den"/><SP WIDTH="16" VPOS="1090" HPOS="410"/>
							<String ID="string_310" HPOS="426" VPOS="1090" WIDTH="69" HEIGHT="22" WC="0.93" CONTENT="finska"/><SP WIDTH="16" VPOS="1090" HPOS="495"/>
							<String ID="string_311" HPOS="511" VPOS="1091" WIDTH="170" HEIGHT="21" WC="0.92" CONTENT="nationalitetens"/><SP WIDTH="16" VPOS="1091" HPOS="681"/>
							<String ID="string_312" HPOS="697" VPOS="1091" WIDTH="171" HEIGHT="27" WC="0.92" CONTENT="bildningsbehof"/><SP WIDTH="14" VPOS="1091" HPOS="868"/>
							<String ID="string_313" HPOS="882" VPOS="1091" WIDTH="84" HEIGHT="21" WC="0.93" CONTENT="riktade"/><SP WIDTH="11" VPOS="1091" HPOS="966"/>
							<String ID="string_314" HPOS="977" VPOS="1092" WIDTH="53" HEIGHT="26" WC="0.90" CONTENT="äsig-"/>
						</TextLine>
						<TextLine ID="line_33" HPOS="211" VPOS="1119" WIDTH="820" HEIGHT="27">
							<String ID="string_315" HPOS="211" VPOS="1124" WIDTH="32" HEIGHT="16" WC="0.96" CONTENT="ter"/><SP WIDTH="15" VPOS="1124" HPOS="243"/>
							<String ID="string_316" HPOS="258" VPOS="1122" WIDTH="62" HEIGHT="23" WC="0.96" CONTENT="utgör"/><SP WIDTH="16" VPOS="1122" HPOS="320"/>
							<String ID="string_317" HPOS="336" VPOS="1119" WIDTH="40" HEIGHT="21" WC="0.93" CONTENT="den"/><SP WIDTH="22" VPOS="1119" HPOS="376"/>
							<String ID="string_318" HPOS="398" VPOS="1120" WIDTH="184" HEIGHT="26" WC="0.91" CONTENT="omständigheten"/><SP WIDTH="16" VPOS="1120" HPOS="582"/>
							<String ID="string_319" HPOS="598" VPOS="1122" WIDTH="32" HEIGHT="19" WC="0.93" CONTENT="ett"/><SP WIDTH="21" VPOS="1122" HPOS="630"/>
							<String ID="string_320" HPOS="651" VPOS="1120" WIDTH="139" HEIGHT="26" WC="0.91" CONTENT="ojäfvigt"/><SP WIDTH="23" VPOS="1120" HPOS="790"/>
							<String ID="string_321" HPOS="813" VPOS="1120" WIDTH="57" HEIGHT="21" WC="0.92" CONTENT="bevis"/><SP WIDTH="15" VPOS="1120" HPOS="870"/>
							<String ID="string_322" HPOS="885" VPOS="1122" WIDTH="33" HEIGHT="19" WC="0.96" CONTENT="att"/><SP WIDTH="14" VPOS="1122" HPOS="918"/>
							<String ID="string_323" HPOS="932" VPOS="1120" WIDTH="36" HEIGHT="26" WC="0.93" CONTENT="jag"/><SP WIDTH="16" VPOS="1120" HPOS="968"/>
							<String ID="string_324" HPOS="984" VPOS="1120" WIDTH="47" HEIGHT="21" WC="0.91" CONTENT="här-"/>
						</TextLine>
						<TextLine ID="line_34" HPOS="210" VPOS="1148" WIDTH="820" HEIGHT="27">
							<String ID="string_325" HPOS="210" VPOS="1148" WIDTH="97" HEIGHT="21" WC="0.89" CONTENT="förinnan"/><SP WIDTH="23" VPOS="1148" HPOS="307"/>
							<String ID="string_326" HPOS="330" VPOS="1148" WIDTH="13" HEIGHT="21" WC="0.91" CONTENT="&amp;"/><SP WIDTH="22" VPOS="1148" HPOS="343"/>
							<String ID="string_327" HPOS="365" VPOS="1154" WIDTH="54" HEIGHT="20" WC="0.96" CONTENT="egna"/><SP WIDTH="22" VPOS="1154" HPOS="419"/>
							<String ID="string_328" HPOS="441" VPOS="1148" WIDTH="38" HEIGHT="21" WC="0.95" CONTENT="och"/><SP WIDTH="24" VPOS="1148" HPOS="479"/>
							<String ID="string_329" HPOS="503" VPOS="1149" WIDTH="55" HEIGHT="20" WC="0.91" CONTENT="mina"/><SP WIDTH="23" VPOS="1149" HPOS="558"/>
							<String ID="string_330" HPOS="581" VPOS="1148" WIDTH="93" HEIGHT="22" WC="0.91" CONTENT="valmäns"/><SP WIDTH="22" VPOS="1148" HPOS="674"/>
							<String ID="string_331" HPOS="696" VPOS="1150" WIDTH="78" HEIGHT="25" WC="0.96" CONTENT="vägnar"/><SP WIDTH="22" VPOS="1150" HPOS="774"/>
							<String ID="string_332" HPOS="796" VPOS="1148" WIDTH="32" HEIGHT="21" WC="0.96" CONTENT="till"/><SP WIDTH="23" VPOS="1148" HPOS="828"/>
							<String ID="string_333" HPOS="851" VPOS="1148" WIDTH="59" HEIGHT="22" WC="0.93" CONTENT="detta"/><SP WIDTH="15" VPOS="1148" HPOS="910"/>
							<String ID="string_334" HPOS="925" VPOS="1148" WIDTH="105" HEIGHT="27" WC="0.82" CONTENT="vällofliga"/>
						</TextLine>
						<TextLine ID="line_35" HPOS="210" VPOS="1176" WIDTH="821" HEIGHT="28">
							<String ID="string_335" HPOS="210" VPOS="1176" WIDTH="62" HEIGHT="22" WC="0.89" CONTENT="ständ"/><SP WIDTH="22" VPOS="1176" HPOS="272"/>
							<String ID="string_336" HPOS="294" VPOS="1177" WIDTH="101" HEIGHT="21" WC="0.91" CONTENT="inlemnat"/><SP WIDTH="21" VPOS="1177" HPOS="395"/>
							<String ID="string_337" HPOS="416" VPOS="1177" WIDTH="88" HEIGHT="27" WC="0.92" CONTENT="petition"/><SP WIDTH="16" VPOS="1177" HPOS="504"/>
							<String ID="string_338" HPOS="520" VPOS="1183" WIDTH="33" HEIGHT="15" WC="0.92" CONTENT="om"/><SP WIDTH="21" VPOS="1183" HPOS="553"/>
							<String ID="string_339" HPOS="574" VPOS="1177" WIDTH="120" HEIGHT="21" WC="0.90" CONTENT="inrättande"/><SP WIDTH="16" VPOS="1177" HPOS="694"/>
							<String ID="string_340" HPOS="710" VPOS="1178" WIDTH="22" HEIGHT="20" WC="0.97" CONTENT="af"/><SP WIDTH="13" VPOS="1178" HPOS="732"/>
							<String ID="string_341" HPOS="745" VPOS="1180" WIDTH="32" HEIGHT="18" WC="0.93" CONTENT="ett"/><SP WIDTH="16" VPOS="1180" HPOS="777"/>
							<String ID="string_342" HPOS="793" VPOS="1177" WIDTH="134" HEIGHT="26" WC="0.92" CONTENT="fullständigt"/><SP WIDTH="15" VPOS="1177" HPOS="927"/>
							<String ID="string_343" HPOS="942" VPOS="1177" WIDTH="89" HEIGHT="21" WC="0.92" CONTENT="elemen-"/>
						</TextLine>
						<TextLine ID="line_36" HPOS="210" VPOS="1205" WIDTH="821" HEIGHT="27">
							<String ID="string_344" HPOS="210" VPOS="1206" WIDTH="132" HEIGHT="20" WC="0.92" CONTENT="tarläroverk"/><SP WIDTH="16" VPOS="1206" HPOS="342"/>
							<String ID="string_345" HPOS="358" VPOS="1206" WIDTH="6" HEIGHT="19" WC="0.93" CONTENT="i"/><SP WIDTH="15" VPOS="1206" HPOS="364"/>
							<String ID="string_346" HPOS="379" VPOS="1205" WIDTH="95" HEIGHT="27" WC="0.93" CONTENT="Nyslotts"/><SP WIDTH="11" VPOS="1205" HPOS="474"/>
							<String ID="string_347" HPOS="485" VPOS="1205" WIDTH="54" HEIGHT="26" WC="0.96" CONTENT="stad,"/><SP WIDTH="12" VPOS="1205" HPOS="539"/>
							<String ID="string_348" HPOS="551" VPOS="1206" WIDTH="47" HEIGHT="20" WC="0.93" CONTENT="med"/><SP WIDTH="17" VPOS="1206" HPOS="598"/>
							<String ID="string_349" HPOS="615" VPOS="1206" WIDTH="103" HEIGHT="20" WC="0.91" CONTENT="finskan"/><SP WIDTH="38" VPOS="1206" HPOS="718"/>
							<String ID="string_350" HPOS="756" VPOS="1206" WIDTH="32" HEIGHT="20" WC="0.93" CONTENT="till"/><SP WIDTH="12" VPOS="1206" HPOS="788"/>
							<String ID="string_351" HPOS="800" VPOS="1206" WIDTH="231" HEIGHT="26" WC="0.92" CONTENT="undervisningsspräk."/>
						</TextLine>
					</TextBlock>
				</ComposedBlock>
				<ComposedBlock ID="cblock_2" HPOS="764" VPOS="1262" WIDTH="198" HEIGHT="21">
					<TextBlock ID="block_4" HPOS="764" VPOS="1262" WIDTH="198" HEIGHT="21">
						<TextLine ID="line_37" HPOS="764" VPOS="1262" WIDTH="198" HEIGHT="21">
							<String ID="string_352" HPOS="764" VPOS="1262" WIDTH="71" HEIGHT="20" WC="0.96" CONTENT="Oskar"/><SP WIDTH="18" VPOS="1262" HPOS="835"/>
							<String ID="string_353" HPOS="853" VPOS="1262" WIDTH="109" HEIGHT="21" WC="0.96" CONTENT="Hedlund."/>
						</TextLine>
					</TextBlock>
				</ComposedBlock>
			</PrintSpace>
		</Page>
	</Layout>
</alto>
