1123 1775
313 114 177 21 Borgareståndet
501 115 58 17 1882.
583 116 25 16 18
619 120 63 12 mars.
866 109 41 21 563

154 183 10 21 I
179 183 114 27 anledving
309 184 61 20 häraf
385 184 107 27 upplästes
507 183 91 29 följande
614 184 141 27 proposition:

110 268 4 4 N
154 257 4 9 n
160 240 46 26 De,
230 240 71 22 hvilka
331 241 112 26 godkänna
463 241 237 27 författningsförslaget
721 241 76 21 sådant
821 241 36 21 det
879 247 28 15 nu

86 268 69 23 blifvit
170 271 93 24 antaget,
278 271 57 19 rösta
349 269 30 27 ja;

154 325 73 21 vinner
242 326 40 26 nej,
299 326 38 20 har
361 326 40 21 den
423 326 22 21 af
459 326 50 22 herr
523 326 73 22 Härdh
620 326 119 27 föreslagna
761 326 146 28 tilläggspara-

85 354 73 27 grafen
175 354 69 22 blifvit
259 354 117 26 godkänd."

154 424 131 22 Besvarades
301 424 48 21 med
365 424 26 21 35
405 424 23 26 ja
443 424 39 21 och
498 424 12 21 9
526 424 38 27 nej,
580 424 83 22 hvadan
680 424 35 22 det
724 424 22 21 af
753 424 49 21 herr
814 424 73 21 Hårdh
901 424 6 20 i

88 453 59 22 detta
162 453 101 21 afseende
278 453 75 27 gjorda
368 452 79 28 förslag
462 453 122 22 förkastats.

155 534 90 22 Ståndet
261 534 106 27 öfvergick
383 533 52 22 härå
450 533 32 21 till
497 534 129 27 granskning
641 533 23 21 af
677 533 102 27 förslaget
797 533 31 21 till
839 534 68 26 regle-

86 565 70 20 mente
172 563 32 21 för
220 563 158 21 vaccinationen
393 563 8 21 i
416 562 96 25 Finland,
535 563 39 21 och
598 562 79 22 beslöts
701 564 32 19 att
756 562 59 22 detta
830 561 79 28 förslag

86 592 46 22 icke
147 592 69 21 skulle
232 592 101 27 paragraf
345 592 34 21 för
394 591 100 28 paragraf
511 591 120 28 genomgås,
654 594 50 19 utan
727 591 75 22 endast
823 590 26 22 de
870 593 38 19 änr

87 621 158 27 dringsförslag,
269 621 71 21 hvilka
363 620 97 27 möjligen
480 621 82 21 komme
578 623 32 19 att
626 620 21 21 af
661 620 95 21 enskilde
772 619 135 22 medlemma-

87 653 57 19 emot
160 650 117 21 detsamma
292 649 128 22 framställas
435 651 55 20 samt
505 649 26 21 de
547 649 171 27 anmärkningar,
738 649 72 21 hvilka
826 649 83 21 utskot-

87 681 32 20 tet
140 679 32 21 uti
192 679 37 20 sitt
252 678 133 21 betänkande
409 677 114 27 föreslagit,
546 678 68 21 skulle
630 678 32 21 till
678 678 97 26 pröfning
798 681 110 23 upptagas,

88 707 39 22 och
150 707 155 22 öfverlemnade
328 707 50 21 herr
396 706 128 21 Talmannen
546 707 31 21 till
594 707 25 21 de
635 706 93 22 enskilde
744 706 165 21 medlemmarne

88 738 31 20 att
135 739 44 18 mot
194 736 7 21 i
217 735 59 28 fråga
291 735 94 22 varande
399 735 79 26 förslag
494 737 51 25 göra
561 735 26 22 de
602 735 172 27 anmärkningar,
786 735 85 21 hvartill
883 735 27 21 de

88 766 79 25 ansågo
184 765 46 21 skäl
246 764 119 22 förefinnas.

158 833 56 22 Herr
229 833 171 28 Wallgren:
423 834 40 26 Jag
479 834 38 21 ber
532 833 75 22 endast
622 835 32 20 att
670 833 21 22 få
706 835 52 25 göra
773 840 26 15 en
813 833 97 22 anmärk-

90 863 50 27 ning
155 865 58 19 emot
228 862 139 26 stiliseringen
383 861 22 21 af
420 863 12 26 $
450 864 8 18 1
477 865 92 19 moment
585 863 27 25 d),
629 863 36 21 der
681 862 36 21 det
740 862 61 21 heter
822 862 88 25 ,Andre

88 897 103 22 personer
206 891 21 21 af
242 891 66 26 bägge
324 891 83 21 könen*
423 897 18 15 o.
457 896 16 16 s.
490 898 17 14 v.
528 891 40 26 Jag
584 891 67 21 skulle
667 890 56 22 hälla
739 890 52 26 före,
802 893 31 19 att
844 890 65 21 orden

90 920 34 28 »af
137 920 67 27 begge
219 920 80 21 könen"
315 922 72 24 tryggt
402 919 69 22 kunde
487 920 26 26 gå
528 923 29 18 ut.
588 920 83 21 Annars
686 920 68 21 skulle
766 919 106 27 nämligen
884 925 27 15 en

89 955 83 22 person,
188 955 45 15 som
248 949 45 21 icke
310 950 23 19 är
349 948 113 26 tvåkönad,
479 949 46 21 icke
539 948 22 22 få
578 948 71 22 utöfva
664 949 138 21 vaccination.

158 1012 91 22 Ståndet
271 1012 74 26 beslöt,
369 1014 32 19 att
423 1012 46 21 från
493 1012 11 27 &
530 1013 9 20 1
564 1018 62 15 mom.
651 1012 21 27 d)
697 1012 74 21 orden:
795 1011 36 26 ,af
845 1011 67 27 begge

89 1041 82 22 könen”
186 1041 69 21 skulle
271 1040 110 22 uteslutas.

159 1104 56 21 Herr
230 1104 135 26 Ingman:
389 1103 40 27 Jag
444 1103 48 21 ville
508 1104 76 21 endast
598 1103 84 26 föreslå,
699 1105 32 19 att
746 1104 11 26 $
774 1104 11 20 3
801 1103 46 21 från
863 1109 48 20 reg-

89 1132 102 22 lementet
206 1132 69 22 skulle
290 1132 49 27 ingå
353 1132 7 20 i
376 1131 149 27 författningen
543 1132 53 22 efter
610 1132 11 27 8
638 1133 18 25 2,
674 1132 37 22 der
727 1132 36 21 det
778 1132 86 26 stadgas
877 1137 34 16 om

90 1162 54 21 huru
160 1162 144 21 vaccinatörer
319 1161 60 21 skola
395 1163 94 24 antagas.
518 1161 31 28 Ty
561 1161 37 27 jag
614 1167 67 19 anser,
698 1162 32 20 att
745 1161 36 21 det
796 1161 60 21 äfven
873 1160 38 21 bör

90 1191 49 26 ingå
160 1191 8 20 i
190 1191 158 25 författningen,
369 1190 53 21 huru
443 1196 26 15 en
493 1190 120 21 vaccinatör
637 1190 53 21 skall
713 1189 71 22 kunna
806 1189 105 22 afskedas.

90 1219 84 21 Annars
197 1219 41 21 kan
255 1219 35 21 det
304 1219 23 26 ju
343 1219 76 25 hända,
434 1221 32 18 att
482 1219 12 26 &
510 1220 12 19 3
539 1218 23 22 af
576 1219 123 26 regeringen
723 1219 78 21 ändras
824 1218 87 27 derhän,

90 1250 33 19 att
138 1248 152 21 kommunerna
305 1248 47 20 icke
368 1247 113 27 medgifves
496 1249 69 25 någon
582 1247 103 26 rättighet
700 1249 32 19 att
747 1247 88 21 afskeda
845 1247 67 20 vacci-

90 1277 67 20 natör.

159 1304 11 21 I
184 1304 65 21 slutet
265 1303 22 22 af
301 1310 80 15 samma
397 1303 104 27 paragraf,
525 1303 37 22 der
585 1303 35 22 det
636 1303 54 21 talas
707 1309 33 15 om
756 1303 156 26 medicinalsty-

92 1333 80 21 relsens
187 1332 102 27 rättighet
305 1335 32 18 att
353 1331 88 22 afskeda
456 1333 126 24 vaccinatör,
595 1333 67 20 skulle
675 1332 36 26 jag
726 1331 77 22 föreslå
819 1331 35 22 det
870 1331 43 20 till-

91 1361 55 26 lägg,
162 1363 32 19 att
210 1360 214 27 medicinalstyrelsen
444 1360 64 27 ,efter
523 1360 118 22 inhemtadt
657 1360 108 21 utlåtande
781 1360 23 21 af
817 1360 96 21 kommu-

91 1391 54 19 nen"
161 1389 68 21 skulle
245 1395 38 20 ega
299 1389 63 26 skilja
376 1389 47 21 från
438 1389 145 26 befattningen
600 1396 24 14 en
640 1389 120 21 vaccinatör
771 1389 39 21 och
821 1391 31 18 att
865 1388 48 21 der-

92 1417 34 21 för
141 1417 65 22 orden
223 1419 64 22 ,,utan
304 1417 81 21 vidare"
401 1417 68 20 skulle
484 1417 57 26 utgå.

161 1480 56 22 Herr
232 1480 173 21 Molander:
435 1480 40 26 Jag
491 1479 66 22 skulle
574 1486 50 15 anse
640 1479 36 22 det
692 1485 49 16 vara
757 1486 58 15 mera
826 1479 89 26 onödigt

92 1510 32 21 att
140 1511 52 26 göra
207 1509 42 21 alla
264 1509 85 27 möjliga
365 1509 98 27 speciella
479 1509 164 27 anmärkningar
657 1510 45 20 mot
717 1515 26 15 en
758 1508 155 22 administrativ
