1120 1820
298 135 177 22 Borgareståndet
487 136 57 17 1882.
569 136 17 16 11
601 139 61 13 mars.
849 129 42 21 445

141 204 60 21 Hvad
217 204 40 22 här
278 204 69 22 blifvit
363 204 126 26 framhållet,
505 207 32 19 att
553 204 60 22 äfven
629 204 139 27 polismakten
784 204 41 20 kan
841 205 52 25 göra

69 232 32 27 sig
117 232 82 28 skyldig
214 233 32 21 till
263 233 110 27 godtycke,
390 246 26 2 —
432 233 80 21 hvilket
527 233 59 21 äfven
602 233 67 21 skulle
685 232 105 22 förklaras
810 232 23 21 af
852 232 41 20 den

68 264 61 18 stora
149 260 124 22 differensen
295 262 31 21 uti
342 262 81 21 antalet
438 261 22 21 af
474 262 53 24 dem,
543 268 44 14 som
603 261 95 21 insändts
714 261 31 21 till
761 262 131 25 guvernören

69 289 41 21 och
119 290 45 21 dem
174 290 71 21 hvilka
261 290 120 21 sedermera
397 290 104 26 frigifvits,
510 302 27 3 —
546 290 37 21 har
592 290 141 21 förhållandet
743 290 6 20 i
761 290 58 26 fråga
827 289 65 21 redan

69 318 41 21 fått
126 324 25 15 en
167 318 115 26 tillräcklig
297 318 123 28 förklaring.
451 318 48 21 Men
513 318 36 27 jag
564 318 35 21 vill
615 318 53 21 dock
684 320 82 23 nämna,
782 320 32 19 att
830 317 63 27 polis-

71 346 87 22 makten
174 346 31 22 till
228 350 142 24 guvernörens
392 350 96 18 närmare
505 346 126 28 behandling
646 347 77 21 sänder
739 346 59 22 äfven
814 346 79 22 sådana

69 382 109 21 personer,
195 376 77 26 hvilka,
282 376 66 21 ehuru
364 376 25 21 de
404 376 23 21 af
442 376 135 22 Guvernören
592 376 99 26 frigifvas,
704 376 37 27 jag
757 375 32 21 för
805 376 42 20 min
858 374 34 22 del

70 404 57 22 dock
142 404 67 22 måste
226 411 49 15 anse
291 405 52 21 böra
358 404 99 22 hänföras
473 404 32 22 till
521 405 130 21 lösdrifvare.

139 434 40 26 Jag
202 434 35 21 vill
254 435 55 19 ännu
331 434 72 21 förena
418 434 42 25 mig
476 440 33 14 om
526 434 38 20 den
581 434 64 21 ärade
661 435 184 25 representantens
860 432 33 21 för

70 461 119 22 Brahestad
211 462 102 27 yrkande,
330 464 32 19 att
378 461 11 28 $
404 463 12 19 2
432 463 6 20 i
454 462 139 27 kungörelsen
613 462 65 21 borde
694 461 77 22 införas
787 462 6 21 i
810 461 82 22 författ-

70 490 169 28 ningsförslaget.

141 549 55 23 Herr
211 544 121 28 Öhman:
349 549 24 28 Ej
390 549 66 22 heller
469 549 36 28 jag
520 552 23 20 är
559 550 67 28 någon
643 553 39 19 vän
699 550 22 22 af
734 551 31 21 att
782 549 7 22 i
803 550 91 27 lagstift-

72 578 79 26 ningen
167 579 68 21 införa
250 579 122 27 preventiva
388 579 98 26 ätgärder
502 580 130 21 beträffande
648 579 244 24 samhällsmedlemmar,

72 607 65 22 innan
153 607 107 22 desamma
275 608 55 27 gjort
345 608 31 27 sig
391 608 94 27 skyldige
501 609 32 20 till
544 608 66 27 någon
623 608 79 24 verklig
712 608 181 26 rättskränkning.

72 636 10 21 I
98 636 80 27 princip
194 638 24 19 är
231 636 37 27 jag
283 636 62 21 alltså
360 643 49 15 ense
425 643 33 14 om
474 637 25 21 de
515 637 22 21 af
551 637 48 21 herr
615 637 87 22 Castrén
714 637 95 21 uttalade
820 637 74 21 huma-

71 664 89 22 nistiska
176 665 79 26 åsigter
275 665 39 21 och
330 665 68 22 skulle
414 665 71 21 derför
501 665 45 22 icke
562 665 62 22 hafva
639 666 65 26 något
720 668 56 19 emot
792 667 31 20 att
839 665 6 21 i
860 665 33 21 sin

70 693 73 22 helhet
159 695 119 20 utmönstra
293 695 35 20 det
343 694 210 21 förhandenvarande
567 694 243 27 författningsförslaget,
822 694 71 21 derest

70 722 49 21 icke
141 723 65 20 saken
229 723 32 20 uti
284 722 110 27 praktiken
417 722 68 22 skulle
501 724 90 25 gestalta
606 723 33 26 sig
654 723 137 22 annorlunda.
821 723 73 26 Enligt

71 751 44 20 min
135 751 55 26 åsigt
212 751 111 27 föreligger
345 751 105 27 nämligen
473 758 24 15 eo
520 752 156 27 nödvändighet
699 754 32 19 att
762 751 130 22 beträffande

71 785 106 21 personer,
202 779 70 22 hvilka
295 780 45 20 föra
362 782 32 19 ett
416 781 109 25 sysslolöst
547 781 39 20 och
605 780 180 27 kringstrykande,
802 780 90 26 osedligt

68 808 55 21 eller
145 808 106 26 vanartigt
273 809 130 25 lefnadssätt,
420 809 99 26 åtgärder
534 809 95 26 vidtagas
646 809 33 21 för
694 810 31 19 att
742 809 80 26 skydda
837 814 55 16 sam-

71 835 66 22 hället
153 837 39 20 och
208 837 152 27 medborgarne
377 839 43 19 mot
436 838 113 21 desamma.
579 838 73 21 Denna
668 837 55 25 åsigt
738 839 24 19 är
777 837 82 21 uttalad
871 836 22 21 af

67 867 155 19 sammansatta
245 867 45 25 lag-
313 866 38 21 och
374 866 201 21 ekonomiutskottet
598 866 34 21 vid
657 867 51 20 1877
733 866 34 21 ärs
784 866 107 26 landtdag.

71 893 78 22 Derför
173 894 39 21 har
237 897 151 19 sammansatta
413 895 44 26 lag-
480 901 38 15 och
541 895 204 21 ekonomiutskottet
767 895 33 20 vid
824 895 69 20 denna

71 922 108 28 landtdag,
203 923 30 20 uti
257 922 79 22 hvilket
357 923 35 27 jag
416 923 39 21 har
470 925 50 19 äran
537 926 32 18 att
585 930 48 15 vara
650 923 95 22 medlem,
761 924 46 20 icke
823 925 70 19 ansett

71 951 74 27 nödigt
160 954 33 18 att
214 953 95 19 närmare
325 953 6 20 i
347 952 79 27 princip
443 953 96 20 utveckla
555 953 68 20 denna
638 952 162 26 omständighet.
832 952 62 21 Sam-

71 983 106 19 mansatta
198 980 42 27 lag-
257 980 39 21 och
311 981 204 21 ekonomiutskottet
530 982 32 20 vid
582 981 51 22 1877
650 982 34 19 ärs
699 980 107 26 landtdag,
822 982 70 24 säger:

73 1008 43 24 »Af
129 1009 148 21 erfarenheten
293 1011 23 19 är
332 1009 103 26 nämligen
452 1009 125 24 bekräftadt,
593 1012 32 19 att
640 1010 164 26 brottsiingarne
821 1009 72 26 rekry-

72 1041 57 17 teras
151 1037 144 27 förnämligast
318 1044 24 15 ur
358 1038 61 21 deras
442 1038 64 25 leder,
522 1038 76 26 hvilka,
617 1038 108 21 saknande
741 1038 72 27 hvarje
828 1040 65 18 annat

72 1066 68 21 medel
156 1067 31 20 till
212 1066 101 26 bergning
336 1068 26 20 än
377 1066 33 22 sin
429 1066 134 24 arbetskraft,
580 1067 45 21 icke
640 1067 95 26 begagna
751 1067 31 25 sig
798 1067 22 21 af
834 1066 58 22 detta

73 1094 67 22 medel
156 1097 50 19 utan
222 1094 113 27 sysslolösa
350 1096 72 26 stryka
438 1095 96 27 omkring
549 1098 50 18 utan
615 1096 79 25 stadigt
706 1096 95 20 hemvist.
830 1095 63 21 I&mot

68 1125 36 19 ett
128 1123 67 27 dylikt
217 1123 132 27 lefnadssätt,
373 1124 75 21 hvaraf
468 1124 90 26 verkligt
579 1124 93 27 lagbrott
688 1124 59 21 desto
764 1124 71 21 heldre
852 1124 41 21 kan

72 1152 125 21 förutsättas
220 1152 45 21 förr
281 1153 51 21 eller
354 1158 74 16 senare
443 1152 29 21 bli
492 1160 25 14 en
533 1153 56 27 följd,
606 1160 44 14 som
667 1152 80 22 brottet
763 1153 45 21 icke
825 1152 66 21 sällan
909 1162 3 3 -

73 1180 97 28 erbjuder
192 1181 40 21 den
248 1182 93 20 närmast
364 1181 32 21 till
412 1181 66 21 hands
510 1182 89 27 liggande
620 1183 90 25 utvägen
727 1182 31 20 till
773 1180 120 28 uppehälle,

74 1210 67 20 måste
168 1211 69 19 staten
263 1210 64 21 också
352 1210 104 27 sjelffallet
479 1211 92 26 iakttaga
596 1210 76 22 sådant
696 1210 126 25 förfarande,
848 1215 46 15 som

73 1238 48 21 dess
143 1238 87 27 uppgift,
248 1240 31 19 att
301 1239 57 21 inom
380 1238 112 22 samhället
515 1239 143 27 upprätthålla
680 1238 162 26 rättssäkerhet,
858 1239 38 26 på-

72 1267 87 21 kallar."
188 1267 40 26 Jag
251 1268 52 25 tror,
319 1269 32 19 att
374 1268 39 21 den
429 1267 23 22 af
473 1268 103 21 utskottet
599 1268 26 21 då
641 1267 94 22 uttalade
752 1267 79 26 äsigten
847 1267 47 22 icke

73 1295 42 21 kan
136 1295 72 26 jäfvas.
239 1295 123 26 Isynnerhet
378 1297 6 20 i
400 1297 24 20 de
448 1298 68 19 större
538 1295 128 22 samhällena
682 1297 6 19 i
704 1296 47 21 vårt
773 1296 49 20 land
840 1295 54 22 före-

73 1323 67 22 finnas
155 1324 45 21 icke
216 1323 24 22 så
256 1324 86 21 alldeles
358 1324 21 21 få
395 1331 106 20 personer,
517 1325 78 25 hvilka,
608 1325 66 20 ehuru
690 1324 26 21 de
732 1324 32 21 till
780 1331 25 14 en
820 1324 74 27 början

73 1353 47 20 icke
135 1352 135 22 öfverskridit
286 1353 38 20 den
341 1355 68 24 gräns,
425 1359 43 15 som
485 1353 157 27 lagstiftningen
658 1352 95 27 uppstält
763 1352 131 21 beträffande

73 1381 65 25 brott,
160 1381 46 21 föra
230 1383 31 19 ett
283 1382 105 26 vanartigt
411 1382 27 24 lif,
463 1381 32 21 för
517 1382 63 21 hvars
603 1381 104 27 stäfjande
729 1381 165 26 lagstadganden

73 1409 67 21 måste
163 1408 117 22 förefinnas.
312 1410 52 25 Den,
387 1416 45 15 som
448 1411 5 20 i
470 1411 67 19 denna
560 1411 98 20 kommun
682 1409 67 21 under
772 1410 67 26 någon
864 1409 32 21 tid

73 1438 56 20 varit
145 1438 5 20 i
167 1438 83 20 tillfälle
273 1440 32 18 att
320 1438 33 20 vid
377 1438 203 21 brottmålsdomstol
600 1444 53 20 egna
669 1438 188 26 uppmärksamhet
874 1438 22 20 åt

75 1466 60 20 dessa
151 1464 153 27 förhållanden,
321 1465 39 21 har
380 1468 50 18 utan
447 1466 71 20 tvifvel
534 1466 105 26 iakttagit,
656 1468 30 18 att
702 1472 106 20 personer,
825 1465 71 21 hvilka

74 1494 72 20 kunna
160 1494 101 20 hänföras
283 1494 67 21 under
365 1494 160 26 ifrågavarande
541 1494 78 24 rubrik,
637 1494 82 26 mycket
735 1494 49 25 ofta,
800 1494 96 26 vanligen

67 1525 21 18 4
104 1521 13 23 å
133 1523 11 19 5
160 1522 78 27 gånger
263 1528 33 15 om
312 1522 51 28 året,
380 1524 36 19 äro
432 1522 68 22 stälda
516 1522 55 22 inför
585 1522 225 22 kriminaldomstolen.
840 1522 56 22 Van-
