1120 1792
227 130 42 22 480
450 136 178 21 Borgareståndet
640 137 55 17 1882.
721 137 22 17 15
756 141 60 13 mars.

613 206 12 26 s
640 206 19 20 6.

295 262 152 21 Diskussionen
463 261 93 22 inleddes
571 261 22 22 af

295 319 56 20 Herr
366 318 143 24 Grönvik,
525 325 44 15 som
585 319 91 26 yttrade:
702 319 45 20 Den
764 318 128 26 förändring,
908 324 45 15 som
966 319 81 20 utskot-

226 350 31 19 tet
279 347 38 21 har
340 347 87 26 vidtagit
443 347 6 21 i
465 347 13 26 $
493 347 19 26 6,
536 353 61 21 synes
619 347 41 26 mig
676 347 80 21 mindre
773 347 127 21 välbetänkt.
932 347 49 21 Man
1006 347 41 21 kan

226 376 111 26 nämligen,
354 383 34 14 om
405 382 47 15 man
468 377 55 20 läser
539 376 38 21 den
593 375 23 21 af
631 376 103 21 ntskottet
749 375 118 28 föreslagna
884 375 163 26 formuleringen

227 405 85 21 komma
333 404 31 21 till
388 404 40 21 den
444 405 99 26 tolkning,
560 406 31 19 att
606 403 162 22 icke-arbetsför
784 410 75 20 person
875 403 55 22 blott
945 403 39 22 och
1000 404 47 21 bart

226 439 34 15 om
277 433 40 21 han
333 433 23 20 af
370 433 154 21 administrativ
539 432 122 27 myndighet
677 433 83 26 pröfvas
781 439 50 14 vara
846 433 32 20 för
893 433 105 20 allmänna
1014 435 34 18 sä-

225 461 104 22 kerheten
350 461 77 26 vädlig,
444 463 23 19 är
482 461 98 21 förfallen
596 461 31 21 till
643 463 32 19 att
690 460 67 23 hällas
773 461 6 21 i
795 461 87 21 allmänt
898 461 79 21 arbete.
1007 461 41 26 Jag

228 490 66 21 skulle
311 489 70 22 derför
397 490 32 21 för
445 490 41 21 min
503 489 33 22 del
553 489 82 26 föreslå,
651 492 31 19 att
695 489 124 27 paragrafen
830 490 68 21 skulle
910 489 58 28 lyda:
986 490 63 23 ,Icke

223 519 108 24 arbetsför
354 525 75 20 person
453 519 34 20 mä
503 518 17 26 ej
537 519 32 20 för
585 518 117 21 lösdrifveri
718 518 32 21 till
766 518 88 21 allmänt
876 518 73 21 arbete
969 519 80 31 dömas,

228 553 47 14 men
300 553 54 18 vare,
379 547 27 21 dä
427 547 40 20 han
483 547 56 26 gjort
558 549 31 25 sig
604 547 82 26 skyldig
702 547 31 20 tili
749 547 65 21 sådan
831 549 79 23 vanart,
927 553 44 14 som
988 547 5 20 i
1010 548 9 19 1
1037 548 11 25 $

227 563 135 33 omförmäles
385 575 39 21 och
440 575 84 26 pröfvas
540 581 49 15 vara
605 575 32 21 för
652 575 106 20 allmänna
775 575 125 21 säkerheten
915 571 76 46 vädlig,
1007 575 41 20 för-

223 603 82 22 fallen"
321 609 19 15 o.
357 610 15 14 s.
389 610 18 15 v.
424 603 64 26 enligt
504 603 148 22 betänkandet.

295 660 56 21 Herr
367 660 142 21 Castrén:
539 660 40 26 Jag
595 660 37 21 ber
647 661 32 19 att
694 659 19 21 få
730 659 138 26 understödja
884 659 48 22 herr
945 659 104 22 Grönviks

226 689 87 27 förslag.

296 747 55 20 Herr
366 746 163 27 Federley:
555 746 72 21 Redan
642 746 67 21 under
725 745 39 21 den
780 746 105 21 allmänna
901 745 147 22 diskussionen

226 775 56 21 hade
295 775 37 26 jag
347 774 115 22 framhällit
478 787 27 2 —
520 775 39 21 och
572 775 36 27 jag
624 774 36 21 ber
676 781 26 14 nu
719 777 32 18 att
767 774 20 21 fä
798 774 118 21 äterhemta
928 774 34 21 det
973 788 26 2 —
1010 777 38 24 att,

228 803 65 27 enligt
315 804 42 21 min
380 803 61 27 äsigt,
465 803 164 27 bestämningen,
650 806 32 18 att
698 810 23 14 en
738 809 82 21 person,
837 809 44 15 som
898 803 84 27 pröfvas
997 809 52 16 vara

227 832 33 22 för
282 832 106 22 allmänna
410 832 124 22 säkerheten
549 832 76 26 vädlig,
641 832 67 21 skulle
723 838 51 15 vara
791 832 95 20 förfallen
903 832 31 22 till
951 832 97 26 fängelse,

227 861 42 21 kan
285 861 94 21 medföra
394 862 80 24 ganska
489 862 62 20 svära
566 860 152 26 förvecklingar
734 860 39 22 och
789 860 107 22 föranleda
912 860 38 24 till,
961 865 32 17 att
1003 867 46 21 per-

228 896 68 20 soner,
317 890 69 20 hvilka
413 889 86 21 alldeles
514 890 46 20 icke
576 890 64 20 borde
658 889 51 21 höra
725 889 66 21 uuder
807 889 242 22 lösdrifvareförordnin-

227 924 47 20 gen,
297 918 53 21 dock
373 918 70 21 kunna
459 917 66 21 blifva
540 921 81 18 utsatta
637 918 33 20 för
685 918 220 26 häktningsäfventyr;
926 918 39 22 och
981 918 68 21 skulle

225 947 37 27 jag
271 946 69 22 derför
350 946 56 22 hålla
414 946 38 26 för,
464 949 31 19 att
507 946 47 22 hela
565 947 67 21 denna
644 946 169 26 mellanmening:
828 947 50 23 ,,der
890 946 52 22 hans
954 946 95 22 vistande

224 976 16 21 a
261 975 25 21 fri
308 975 30 21 fot
354 976 54 20 visat
423 976 31 26 sig
470 975 95 21 medföra
583 975 53 21 väda
651 975 32 21 för
699 974 105 22 allmänna
820 974 147 27 säkerheten,"
984 975 65 21 borde

225 1003 108 25 bortfalla.

296 1061 57 21 Herr
368 1061 171 21 Fabritius:
563 1061 33 21 Då
612 1061 68 22 denna
695 1060 102 28 paragraf
811 1061 82 22 förevar
908 1061 34 21 till
957 1061 92 21 behand-

224 1090 47 27 Jing
287 1090 33 21 vid
336 1092 151 19 sammansatta
503 1090 42 26 lag-
561 1090 39 21 och
617 1090 209 25 ekonomiutskottet,
844 1090 102 22 anmältes
957 1091 35 20 det
1002 1090 47 21 frän

228 1118 51 22 flere
301 1119 57 21 olika
380 1118 135 25 landsändar,
538 1121 31 18 att
584 1124 105 22 personer,
706 1118 70 22 hvilka
793 1119 55 20 inom
864 1118 46 22 sina
926 1118 123 22 kommuner

228 1147 27 27 pä
278 1147 71 21 landet
370 1147 81 27 ätnjöto
473 1147 113 25 fattigvård
608 1147 37 21 och
662 1147 121 25 derigenom
799 1147 54 21 hade
868 1147 32 21 sin
916 1146 132 28 försörjning,

224 1176 41 20 det
287 1176 89 21 oaktadt
398 1176 119 26 öfvergäfvo
533 1176 45 21 sina
599 1175 221 27 försörjningsställen,
835 1176 87 20 infunno
938 1176 32 26 sig
985 1176 7 20 i
1007 1178 42 18 stä-

225 1204 68 21 derne
309 1204 38 21 och
363 1204 37 22 der
416 1204 97 21 bedrefvo
527 1204 92 26 osedligt
635 1204 39 21 och
690 1204 106 27 vanartigt
811 1204 29 20 lif.
865 1204 45 21 Mot
922 1204 77 22 sädane
1009 1204 40 22 har

227 1232 141 27 polismakten
384 1233 48 21 icke
446 1232 45 22 haft
507 1232 67 26 någon
591 1239 68 15 annan
675 1235 65 24 utväg
755 1235 32 19 att
802 1232 93 28 tillgripa
910 1234 26 19 än
952 1236 31 18 att
994 1233 54 21 äter-

228 1262 67 20 sända
319 1262 46 20 dem
389 1261 31 21 till
436 1261 45 21 sina
496 1262 113 26 hemorter,
625 1261 134 23 hvarigenom
775 1262 163 20 kommunernas
954 1262 95 21 enskilda

228 1289 114 28 fattigvärd
359 1290 73 21 endast
448 1289 130 27 betungades
594 1290 47 21 med
656 1290 93 26 utgifter.
772 1289 111 22 Likaledes
894 1290 103 22 anmältes
1007 1290 42 28 det,

228 1321 32 18 att
283 1318 118 27 fattighjon,
422 1324 45 16 som
486 1318 78 26 ansägo
579 1319 32 25 sig
627 1318 63 21 hafva
705 1319 115 21 bekommit
835 1318 128 26 otillräcklig
979 1319 70 25 fattig-

227 1346 66 27 hjelp,
315 1346 108 27 afsigtligt,
447 1347 74 20 endast
541 1346 33 21 för
595 1348 32 19 att
642 1346 72 26 tvinga
729 1346 31 26 sig
775 1346 32 21 till
823 1346 54 21 ökad
893 1346 72 27 sädan,
983 1346 66 21 öfver-

228 1374 61 27 gäfvo
312 1375 32 21 sin
367 1374 83 21 hemort
472 1375 39 20 och
533 1374 89 27 begäfvo
644 1375 31 26 sig
696 1375 31 20 till
743 1375 67 20 andra
825 1374 130 22 kommuner.
986 1375 63 21 Detta

226 1403 73 27 gamla
322 1403 105 21 allmänna
450 1403 104 22 missbruk
575 1403 38 21 har
634 1403 106 21 utskottet
761 1402 56 22 velat
839 1403 62 27 stäfja
923 1409 74 20 genom
1014 1404 35 21 det

228 1432 79 27 tillägg,
329 1438 45 16 som
390 1432 66 27 gjorts
472 1432 31 21 uti
518 1431 159 27 ifrägavarande
693 1431 105 28 paragraf.
813 1444 29 3 —
857 1432 61 22 Hvad
934 1433 115 27 uttrycket:

230 1461 47 25 »för
299 1461 105 21 allmänna
427 1460 125 23 säkerheten
573 1461 81 26 vädlig*
670 1460 106 26 beträffar,
791 1460 79 28 åsyftar
886 1462 42 26 det,
944 1461 68 22 såsom
1029 1461 22 21 af

228 1489 140 28 stiliseringen
392 1489 99 27 framgär,
513 1496 25 15 en
561 1489 44 22 helt
627 1495 69 16 annan
718 1489 96 27 kategori
830 1489 22 22 af
866 1496 99 21 personer
980 1492 27 19 än
1024 1491 25 21 de

229 1519 127 28 nyssnämda
378 1519 40 21 och
433 1519 39 21 har
487 1519 22 20 af
524 1518 105 22 utskottet
651 1518 120 22 bibehållits
787 1519 6 20 i
809 1519 132 26 paragrafen,
961 1520 88 21 emedan
