1123 1811
287 155 178 22 Borgareståndet
477 157 57 16 1882.
559 157 11 16 7
582 156 98 17 februari.
859 151 37 20 131

77 224 41 21 det.
148 224 39 21 Att
201 223 67 22 inlåta
283 223 31 28 sig
329 224 28 27 på
371 224 80 22 sådana
462 224 138 21 reaktionära
616 224 112 21 tendenser
741 225 38 20 och
792 224 106 21 sträfvan-

76 253 47 25 den,
144 259 45 14 som
205 252 6 21 i
227 252 233 27 petitionsmemorialet
481 253 93 25 föreslås,
596 253 42 20 kan
661 253 117 26 säkerligen
801 253 47 20 icke
868 253 28 26 gå

76 281 33 20 för
124 281 32 25 sig
171 281 6 20 i
188 281 184 25 Borgareståndet.
401 281 41 26 Jag
456 281 64 26 yrkar
535 281 71 20 derför
622 283 32 18 att
669 281 19 20 vi
704 283 50 19 utan
769 281 127 25 föregående

76 309 73 20 remiss
165 308 31 21 till
212 309 84 20 utskott
311 308 68 21 lemna
395 309 232 26 petitionsmemorialet
643 310 50 20 utan
709 308 104 22 afseende.

143 371 55 21 Herr
220 370 161 27 Federley:
405 371 40 27 Jag
460 371 67 21 skulle
543 372 74 20 förena
632 371 42 26 mig
690 377 33 15 om
739 373 32 19 att
787 373 50 19 utan
853 371 45 21 dis-

76 399 85 21 kussion
179 401 75 25 genast
268 399 44 21 låta
327 400 233 26 petitionsmemorialet
574 399 91 22 förfalla.
695 400 52 20 Dess
763 399 92 21 innehåll
871 402 26 18 är

76 427 21 21 af
112 428 40 21 den
167 428 151 27 beskaftenhet,
333 430 32 18 att
381 428 116 21 detsamma
511 428 46 22 icke
572 428 61 22 torde
649 428 88 21 behöfva
753 428 103 21 bemötas.

145 490 55 22 Herr
222 491 87 26 Berg:
331 491 41 25 Jag
391 497 61 15 anser
474 493 31 19 att
528 492 36 20 det
578 493 7 19 i
600 491 73 27 hvarje
696 491 100 21 händelse
811 493 24 19 är
849 492 46 20 skäl

76 522 33 20 att
123 519 73 22 förena
217 520 32 26 sig
264 526 34 14 om
313 519 50 22 herr
383 520 120 21 Molanders
518 520 93 27 yrkande
626 520 28 27 på
669 520 158 26 bordläggning.
858 520 38 21 Ett

76 548 217 28 petitionsmemorial,
316 554 44 15 som
384 549 73 21 endast
479 548 83 28 flyktigt
584 549 55 21 läses
661 555 48 21 upp,
725 549 42 21 kan
782 549 33 20 väl
831 555 64 20 gerna

76 584 51 14 vara
142 577 113 27 bordlagdt
271 577 32 21 till
318 580 31 18 ett
364 580 65 18 annat
444 578 162 21 sammanträde.

146 639 235 22 Petitionsmemorialet
396 640 112 21 bordlades
523 639 53 22 härå
590 639 31 22 till
637 642 61 19 nästa
713 640 162 21 sammanträde.

146 789 56 21 Herr
224 788 223 28 Neppenström
470 789 97 27 uppläste
590 791 30 19 ett
642 789 23 22 så
683 789 90 28 lydande
788 789 111 27 petitions-

77 817 90 28 förslag:

216 903 62 20 Till
294 903 168 26 vällofliga
484 903 280 27 Borgareståndet.

146 965 163 26 Befolkningens
325 965 5 21 i
345 965 49 21 hela
416 965 112 21 nordöstra
551 965 59 21 delen
626 965 23 21 af
663 966 71 20 landet
749 965 102 21 framtida
866 968 34 18 ut-

78 994 95 26 veckling
188 994 6 20 i
209 994 95 27 andeligt
326 994 119 21 hänseende
468 994 66 21 måste
556 994 61 20 alltid
633 994 52 21 söka
700 994 31 20 sin
747 994 83 26 lösning
844 994 7 20 i
867 996 33 18 ut-

78 1024 126 25 vidgningen
219 1022 22 21 af
254 1022 94 22 Joensuu
364 1022 125 27 fyrklassiga
504 1022 68 22 finska
586 1022 82 27 lyceum
684 1022 33 21 till
727 1024 31 19 ett
769 1022 132 27 fullständigt

77 1051 127 27 sjuklassigt,
229 1051 86 21 hvarom
338 1051 114 27 petitioner
475 1051 64 21 också
561 1051 136 21 förekommit
715 1051 65 21 redan
796 1051 13 21 å
824 1052 77 20 tvenne

78 1080 127 26 föregående
228 1080 131 26 landtdagar.
389 1079 48 22 Men
461 1080 66 21 ehuru
550 1080 99 21 behofvet
672 1080 60 21 deraf
752 1080 65 20 redan
839 1080 62 26 länge

78 1109 55 21 varit
148 1109 97 25 erkändt,
261 1108 38 22 har
322 1108 73 27 frågan
412 1109 64 20 likväl
491 1108 47 22 ick6
553 1108 82 27 lyckats
650 1108 62 21 vinna
727 1109 65 21 äskad
814 1108 86 26 utgång,

78 1138 80 21 hvilket
181 1140 23 19 är
220 1138 23 21 så
266 1138 83 27 mycket
365 1144 56 15 mera
436 1140 32 19 att
483 1137 97 26 beklaga,
596 1144 44 14 som
657 1138 69 21 elever
740 1137 47 22 från
803 1137 25 21 de
843 1136 58 22 inom

78 1167 236 26 landsförsamlingarne
339 1166 96 21 öfverallt
461 1166 148 26 organiserade
635 1166 144 21 folkskolorna
801 1166 39 21 allt
861 1166 38 21 tal-

78 1195 70 21 rikare
171 1195 70 25 börjat
263 1195 124 21 inströmma
409 1195 39 21 och
471 1195 142 21 öfverbefolka
637 1195 130 21 läroverkets
790 1194 47 21 med
853 1195 48 20 dess

78 1223 132 21 närvarande
236 1224 124 20 inskränkta
385 1223 57 21 klass
467 1224 64 20 antal.
561 1223 90 21 Oafsedt
676 1223 68 20 denna
766 1222 67 26 fråga,
855 1228 46 15 som

78 1252 68 26 sagdt,
167 1252 65 20 redan
255 1252 34 20 vid
312 1254 76 18 tvenne
410 1251 127 27 föregäende
560 1251 127 26 landtdagar
707 1251 55 21 varit
783 1251 67 21 under
866 1251 36 21 det

79 1280 98 27 upplysta
192 1280 185 26 borgareständets
392 1280 104 26 pröfning,
509 1280 79 21 tilläter
600 1280 37 26 jag
653 1280 42 27 mig
709 1280 64 20 likväl
785 1282 56 19 ännu
851 1281 51 25 taga

79 1310 47 20 dess
141 1308 188 27 uppmärksamhet
343 1308 8 21 i
365 1308 92 27 anspräk
476 1308 39 21 och
531 1308 120 27 ödmjukast
666 1308 91 27 anhälla,
772 1310 32 19 att
819 1308 84 21 ständet

78 1338 66 21 mätte
167 1337 84 21 besluta
272 1338 31 26 sig
323 1337 32 21 för
371 1343 24 15 en
411 1337 131 27 underdänig
556 1337 91 27 petition
662 1337 33 21 till
709 1336 60 22 Hans
785 1336 118 28 Kejserliga

78 1367 100 27 Majestät
194 1366 79 26 derom,
289 1368 33 19 att
341 1366 94 21 Joensuu
449 1366 127 26 fyrklassiga
591 1365 70 21 finska
675 1366 81 26 lyceum
772 1366 67 21 mätte
854 1365 47 21 med

78 1396 66 20 första
163 1394 98 26 utvidgas
278 1394 33 22 till
326 1397 32 19 ett
372 1394 133 27 fullständigt
519 1394 128 27 sjuklassigt.
677 1394 40 27 Jag
733 1394 81 27 hoppas
829 1394 74 21 nemli-

78 1430 40 20 gen
134 1424 69 20 denna
218 1423 55 27 gäng
291 1424 24 20 sä
330 1422 83 28 mycket
428 1429 44 15 mer
487 1423 27 27 pä
530 1423 84 27 frägans
630 1423 114 27 lyckligare
757 1424 88 25 lösning,
857 1428 46 16 som

76 1452 37 26 jag
128 1452 48 20 med
192 1452 56 20 mina
263 1452 81 20 förmän
360 1451 39 21 och
415 1452 35 20 det
465 1452 46 20 folk
527 1458 32 14 om
576 1452 64 19 hvars
658 1452 125 25 dyrbaraste
798 1452 105 20 intressen

78 1480 39 21 här
132 1482 24 18 är
177 1479 65 26 fräga,
259 1479 38 21 har
321 1481 32 19 att
368 1479 71 27 glädja
455 1479 43 27 mig
513 1479 102 25 deröfver,
632 1481 31 19 att
679 1480 36 20 det
731 1479 99 27 upplysta
845 1480 58 20 stän-

79 1509 35 20 det
130 1508 65 21 redan
216 1508 33 21 vid
265 1508 98 21 sednaste
378 1507 143 22 ständerimöte
537 1508 7 20 i
558 1507 121 21 hufvudsak
694 1508 143 21 understödde
853 1507 50 21 den-

79 1543 87 19 samma,
189 1536 146 22 hvarförutom
356 1536 36 27 jag
413 1536 40 21 har
474 1539 32 18 att
529 1539 75 24 trygga
619 1536 43 28 mig
677 1536 13 21 ä
705 1536 57 21 såväl
778 1536 126 21 ständernas
