1120 1798
218 128 41 21 396
451 132 178 22 Bergareståndet
639 134 59 16 1882.
722 134 12 17 7
745 138 63 12 mars.

286 202 54 21 Herr
356 202 88 22 Göös:
472 202 32 21 Då
518 201 107 22 allmänna
640 201 190 22 besvärsutskottet
840 202 6 20 i
857 202 38 21 sitt
904 201 138 22 betänkande

217 230 97 27 föreslår,
336 233 43 25 ,att
394 237 25 14 en
435 230 105 21 statistisk
555 229 157 28 undersökning
727 231 89 20 rörande
832 230 81 21 antalet
922 230 34 21 afi
967 230 72 22 landet

216 259 93 22 varande
331 259 115 22 sinnesslöe
462 259 31 21 uti
509 259 121 21 skolåldern
646 259 65 20 måtte
727 259 110 24 anställas;
854 258 106 22 äfvensom
976 261 39 24 att,
1031 260 7 21 i

216 288 50 21 stöd
281 288 23 21 af
325 288 89 21 sålunda
435 294 83 15 vunnen
541 288 119 25 utredning,
684 287 63 27 nådig
774 287 133 27 proposition
930 288 111 26 angående

216 316 138 27 erforderliga
368 316 101 28 åtgärder
483 316 32 21 för
531 315 118 22 beredande
664 315 22 22 af
700 315 83 22 tillfälle
797 316 32 21 till
845 315 53 22 vård
913 316 39 21 och
963 316 75 21 under-

216 345 83 26 visning
313 345 23 21 åt
356 345 59 21 desse
438 344 103 27 olycklige
563 344 66 22 måtte
650 350 33 15 om
706 344 82 27 möjligt
802 345 66 21 redan
883 345 156 21 nästsamman-

217 373 103 22 trädande
335 373 101 28 landtdag
452 373 134 27 föreläggas,*
603 373 38 22 har
654 373 36 27 jag
706 375 44 19 mot
766 373 60 22 detta
836 373 115 22 utskottets
960 373 80 28 förslag

218 403 116 26 egentligen
358 402 107 27 ingenting
480 405 32 18 att
528 402 107 21 anmärka.
665 401 60 22 Dock
740 401 68 22 skulle
821 403 37 26 jag
873 403 7 20 i
896 401 68 23 denna
979 402 61 27 fråga

218 431 66 22 önska
308 431 54 22 fästa
384 431 94 22 ständets
498 431 187 26 uppmärksamhet
701 430 34 22 vid
751 433 31 18 ett
797 431 137 25 förhållande,
950 437 46 16 som
1010 437 32 15 nu

216 459 103 23 existerar
333 459 47 22 med
396 459 96 22 afseende
508 460 10 21 ä
527 459 193 22 döfstumskolorna
736 459 5 20 i
758 459 76 22 landet,
850 459 74 22 Såsom
933 459 66 22 kändt
1007 461 32 24 är,

217 488 63 22 hafva
302 488 19 21 vi
343 488 46 28 fyra
409 488 72 27 dylika
495 488 147 27 inrättningar,
658 488 105 27 nämligen
780 488 30 21 uti
845 488 33 27 Åbo,
894 489 6 20 i
916 488 75 27 Borgå,
1008 488 31 21 uti

216 516 118 23 Jakobstad
357 517 40 22 och
412 517 6 21 i
434 517 89 26 Kuopio.
555 517 110 21 Utskottet
679 523 69 17 anser,
764 519 31 19 att
810 520 32 19 ett
857 517 66 22 behof
936 517 23 21 af
973 517 65 21 ökadt

217 545 58 22 antal
291 545 165 22 döfstumskolor
471 545 46 22 icke
532 545 163 22 förnärvarande
710 547 38 25 gör
763 546 32 26 sig
810 545 97 27 gällande
923 545 38 22 och
978 545 62 22 äfven

216 575 37 26 jag
275 576 51 24 tror,
340 576 32 19 att
388 574 60 21 dessa
463 575 13 20 4
491 573 72 23 skolor
578 576 37 19 äro
631 574 133 27 tillräckliga.
795 574 48 21 Men
856 575 38 26 jag
909 574 68 22 skulle
993 574 47 21 der-

218 606 58 19 emot
291 602 49 28 vilja
355 602 55 22 fästa
424 603 95 22 ståndets
534 603 186 26 uppmärksamhet
735 602 35 21 vid
785 603 62 21 deras
862 603 134 22 dislokation.

287 632 45 21 Den
348 631 101 22 abnorma
464 631 74 22 skolan
554 633 62 25 utgör
631 637 26 16 en
673 631 33 22 del
720 631 20 22 af
750 631 124 22 folkskolan.
899 631 55 22 Dess
963 631 76 22 under-

218 661 169 27 visningsämnen
410 662 36 19 äro
469 660 43 21 lika
527 659 39 22 och
582 660 25 21 de
622 660 138 22 subordinera
775 660 67 21 under
856 666 80 16 samma
952 659 91 29 styrelse

219 689 39 22 och
273 689 39 22 har
326 695 48 16 man
390 689 137 22 öfverhufvud
542 689 7 21 i
562 689 97 22 utlandet
674 689 82 21 försökt
771 691 32 19 att
818 689 62 21 ställa
896 689 26 22 de
936 689 103 22 abnorma

218 718 121 22 skolorna
333 714 14 36 i
358 718 68 27 någon
450 721 55 18 sorts
527 718 102 21 samband
651 718 47 21 med
721 719 40 20 den
785 718 105 27 egentliga
913 718 126 22 folkskolan.

218 747 73 22 Under
313 747 242 22 folkskoleläraremötet
569 747 24 21 år
610 747 52 22 1877
679 753 36 15 var
738 747 68 21 denna
826 747 60 27 fråga
902 747 88 22 föremål
1006 747 35 22 för

219 776 118 22 diskussion
360 775 40 22 och
416 776 46 21 vårt
477 775 60 22 lands
553 776 114 21 förnämste
682 775 104 26 fackman,
802 776 122 21 nuvarande
940 776 99 27 dompro-

218 807 47 20 sten
288 805 105 27 Alopgus,
415 804 95 21 framhöll
533 805 26 21 dä
580 805 84 27 äsigter,
684 804 72 22 hvilka
777 805 88 27 ansågos
880 811 51 15 vara
946 805 96 22 särdeles

219 833 92 27 talande,
327 833 85 22 hvarför
427 835 66 20 mötet
509 834 59 21 äfven
584 833 99 22 förenade
699 834 31 27 sig
741 840 33 15 om
786 834 113 21 desamma.
926 834 41 21 Det
977 834 64 27 gälde

218 863 105 26 nämligen
346 865 32 19 att
401 863 64 20 verka
487 862 87 27 derhän,
592 864 32 20 att
639 862 194 22 döfstumskolorna
848 862 68 21 skulle
932 862 110 28 förläggas

218 891 32 21 till
266 891 79 22 sådana
360 892 64 25 orter,
440 891 37 21 der
493 890 181 23 folkskolelärare-
691 891 39 21 och
745 891 241 22 lärarinne-seminarier
1001 891 38 22 fin-

218 926 44 15 nas.
293 920 31 27 Ty
346 926 48 15 man
410 920 66 27 ansåg
490 920 35 21 det
540 926 52 15 vara
607 920 31 22 uti
652 919 58 22 såväl
726 920 154 22 folkskolornas
896 926 45 15 som
957 920 5 21 i
979 920 61 22 dessa

218 949 172 21 abnormskolors
412 948 95 26 intresse,
525 951 32 19 att
567 956 26 14 en
613 949 65 21 sådan
695 948 127 22 dislokation
833 949 53 27 egde
897 955 53 15 rum.
975 949 63 21 Folk-

218 977 75 22 skolan
309 978 39 21 har
363 977 105 26 nämligen
484 979 45 19 stor
543 980 60 25 nytta
618 977 24 22 af
655 977 41 21 den
711 977 102 22 abnorma
828 977 84 23 skolan:
938 980 31 19 1:0
985 978 54 22 deri-

218 1012 76 21 genom
317 1008 32 20 att
372 1005 129 23 folkskolans
523 1006 68 22 lärare
614 1006 62 22 hafva
698 1006 83 27 mycket
802 1008 32 20 att
852 1006 94 22 inhemta
962 1006 23 22 af
999 1007 40 21 den

218 1035 78 25 metod,
313 1042 44 15 som
373 1035 35 21 vid
423 1035 26 21 de
464 1034 101 22 abnorma
576 1036 104 24 skolorna,
691 1035 121 27 isynnerhet
822 1036 6 21 i
840 1036 198 26 döfstumskolorna,

218 1064 116 26 användes;
351 1064 34 21 2:0
401 1069 61 22 synes
478 1063 35 21 det
529 1064 109 28 naturligt,
654 1066 32 19 att
701 1063 183 23 folkskolelärare-
901 1064 39 21 och
951 1064 88 22 lärarin-

218 1098 45 20 nor,
287 1098 43 16 som
346 1092 26 27 gä
388 1094 24 19 ut
426 1092 64 22 bland
504 1092 73 26 folket,
593 1093 65 21 mätte
673 1094 68 20 sättas
756 1093 6 21 i
778 1092 84 22 tillfälle
877 1095 32 19 att
924 1095 49 24 taga
988 1093 51 21 reda

218 1121 28 27 pä
261 1121 54 21 huru
330 1121 79 21 sädana
424 1121 161 21 abnormskolor
603 1123 37 19 äro
656 1121 113 25 inrättade,
785 1122 27 26 pä
827 1122 35 21 det
878 1122 25 21 de
920 1122 119 20 sedermera

219 1150 65 21 måtte
306 1150 64 21 blifva
385 1149 6 21 i
407 1149 82 21 tillfälle
511 1151 33 19 att
564 1150 65 21 bland
650 1150 143 21 allmänheten
808 1150 71 27 sprida
894 1150 77 26 nödiga
986 1156 53 21 upp-

218 1178 107 27 lysningar
340 1184 33 15 om
390 1178 113 25 desamma,
519 1181 55 19 samt
589 1178 55 26 gifva
660 1178 133 21 föräldrarne
813 1178 143 26 handledning
971 1178 7 20 i
993 1179 45 20 vär-

218 1207 41 21 den
279 1206 39 21 och
335 1206 176 27 undervisningen
527 1206 24 22 af
565 1207 60 21 dessa
640 1206 102 22 abnorma
757 1207 75 21 elever.
862 1206 40 22 Om
918 1206 121 22 folkskolan

219 1234 40 22 blir
281 1234 130 22 främmande
432 1234 34 22 för
488 1235 39 21 den
543 1234 101 22 abnorma
660 1235 81 26 skolan,
757 1237 45 19 tror
815 1235 43 27 jag,
874 1237 32 19 att
921 1236 37 20 det
972 1236 25 20 är
1012 1241 27 15 en

219 1264 66 21 skada
301 1263 33 22 för
348 1263 47 22 dem
411 1263 110 22 hvardera.
547 1263 34 22 Nu
595 1263 64 22 hafva
669 1264 19 21 vi
700 1265 5 20 i
716 1264 73 21 landet
798 1263 46 28 fyra
855 1263 186 22 folkskolelärare-

220 1292 39 21 och
274 1292 234 27 lärarinneseminarier,
525 1293 35 20 tvä
575 1295 151 19 sammansatta
741 1292 40 22 och
791 1293 37 21 tvä
838 1293 69 21 enkla.
923 1293 43 27 Mig
977 1299 65 21 synes

219 1320 70 23 derför
310 1320 97 27 önskligt,
423 1323 31 19 att
471 1321 24 22 de
511 1327 28 15 nu
555 1321 131 22 existerande
710 1321 192 22 döfstumskolorna
918 1321 65 22 måtte
998 1321 42 21 för-

219 1349 72 26 läggas
307 1349 31 20 till
354 1349 26 20 de
395 1349 79 24 städer,
490 1349 36 20 der
541 1349 150 20 seminarierna
706 1349 57 21 förut
778 1348 73 22 finnas.
877 1349 33 20 En
921 1349 65 21 sädan
999 1348 41 22 för-

218 1377 90 26 ändring
328 1377 65 20 borde
413 1377 45 20 icke
479 1377 66 21 heller
560 1383 51 15 vara
625 1377 48 21 svär
688 1380 32 18 att
735 1377 121 26 verkställa,
872 1377 27 22 dä
915 1377 42 27 mig
972 1379 69 20 veter-

217 1405 40 26 ligt
280 1405 60 22 dessa
362 1411 28 15 nu
413 1405 132 22 existerande
561 1405 166 22 döfstumskolor
742 1406 47 21 icke
804 1405 62 22 hafva
882 1412 54 21 egna
951 1405 90 23 lokaler.

217 1433 29 22 Så
269 1434 69 21 kunde
361 1434 167 21 döfstumskolan
544 1435 6 20 i
567 1434 119 21 Jakobstad
709 1435 48 21 med
779 1435 67 21 fördel
862 1434 72 28 flyttas
950 1435 30 21 till
995 1435 43 28 Ny-

216 1462 95 28 karleby,
327 1463 40 21 den
383 1463 5 20 i
404 1463 83 26 Kuopio
503 1463 31 21 till
549 1463 121 28 Jyväskylä,
686 1463 40 22 den
741 1464 6 21 i
763 1463 70 28 Borgä
848 1464 32 21 till
896 1464 90 25 Ekenäs,
1000 1464 40 22 och

217 1492 7 21 i
240 1491 115 22 Sordavala
371 1491 67 22 skulle
454 1491 25 22 dä
495 1492 98 26 möjligen
609 1498 26 15 en
650 1498 27 21 ny
693 1492 153 22 döfstumskola
861 1493 71 21 kunna
943 1493 98 27 inrättas,

217 1526 35 16 om
268 1520 99 22 behofvet
382 1521 7 20 i
405 1521 39 21 den
461 1522 106 21 närmaste
583 1521 113 22 framtiden
712 1521 67 22 skulle
795 1521 24 22 sä
834 1521 90 28 påkalla.
