1125 1803
305 134 177 21 Borgareståndet
495 136 56 17 1882.
575 136 12 18 7
600 135 97 19 februari.
873 132 45 21 229

93 203 103 22 behofven
219 203 28 27 på
264 206 67 21 orten,
347 206 53 19 enär
413 205 172 27 studieplanerna
601 206 37 21 der
653 207 37 20 äro
707 205 23 22 så
745 205 122 22 anordnade
882 209 36 18 att

93 231 25 22 de
138 231 46 22 icke
201 232 168 27 korrespondera
385 233 46 21 med
448 233 26 21 de
490 235 5 19 i
512 234 26 21 de
553 234 66 25 högre
635 234 100 21 skolorna
751 235 103 26 gällande.
884 234 33 22 På

92 261 62 20 dessa
175 260 94 25 grunder
291 261 39 20 och
351 261 68 21 under
441 261 121 28 anslutning
584 261 32 22 till
635 263 26 20 de
676 263 130 26 synpunkter
822 268 45 15 som
882 263 33 21 uti

92 287 52 22 flera
166 288 65 21 redan
254 289 119 22 inlemnade
396 289 209 27 petitionsmemorial
631 291 80 20 anförts
729 291 33 20 för
778 290 100 22 behofvet
894 290 23 22 af

92 316 69 21 skilda
184 317 147 21 bottenskolor
352 318 32 20 får
399 317 37 27 jag
454 318 108 21 vördsamt
577 318 84 21 anhålla
677 325 34 14 om
727 319 95 21 ståndets
838 319 76 21 under-

92 345 47 20 stöd
162 345 33 21 för
218 351 25 14 en
267 346 89 26 petition
379 352 33 14 om
434 346 121 22 inrättande
570 348 6 19 i
592 347 119 27 Nykarleby
727 347 48 21 stad
790 347 28 27 på
833 350 83 19 statens

92 373 118 21 bekostnad
233 374 23 20 af
277 380 24 14 en
325 374 154 22 förberedande
494 374 60 23 skola
569 376 32 21 för
617 375 82 22 inträde
714 376 7 21 i
737 375 26 22 de
779 376 65 27 högre
860 376 54 21 läro-

67 404 2 2 *
92 402 84 25 verken,
193 402 38 22 och
243 403 86 21 anhålla
339 410 34 14 om
385 404 59 20 detta
454 404 89 21 ärendes
555 404 73 22 remiss
639 404 32 22 till
682 404 112 22 Allmänna
805 404 111 28 petitions-

92 431 51 21 eller
158 431 198 23 besvärsutskottet.
389 432 131 28 Helsingfors
536 434 40 20 den
592 434 12 21 5
621 433 102 21 Februari
740 434 60 21 1882.

673 496 26 22 R.
717 496 97 22 Castrén.

159 586 31 22 Pä
213 586 154 28 framställning
384 586 23 22 af
420 587 49 21 herr
485 588 135 26 Talmannen,
637 588 147 22 remitterades
799 588 115 28 petitions-

90 615 133 21 memorialet
239 615 31 21 till
286 615 114 22 Allmänna
415 616 202 22 Besvärsutskottet.

159 770 54 22 Herr
229 770 159 27 Lindberg
403 771 97 26 uppläste
515 774 31 18 ett
562 771 209 27 petitionsmemorial
785 772 22 21 af
816 771 95 28 följande

89 799 88 27 lydelse:

317 890 41 22 Till
374 890 112 27 Vällofliga
499 891 186 27 Borgareständet.

157 948 75 22 Ibland
256 949 25 21 de
304 949 76 26 mänga
402 951 58 19 orter
474 955 44 15 som
535 949 67 21 under
617 949 97 21 sednaste
729 949 31 21 tid
776 949 5 21 i
797 949 47 22 värt
859 949 52 22 land

87 977 99 27 upphöjts
209 977 32 22 till
264 983 53 21 rang
338 977 39 21 och
402 977 109 27 värdighet
528 978 22 21 af
567 977 50 21 stad
638 977 66 22 finnes
726 977 119 28 säkerligen
862 977 51 22 icke

88 1006 69 27 nägon
178 1012 45 15 som
245 1006 24 21 sä
285 1006 58 21 raskt
359 1006 92 21 tillvuxit
466 1012 44 15 som
527 1006 39 21 den
581 1009 74 24 yngste
671 1005 22 22 af
707 1006 67 26 dessa,
789 1019 29 2 —
832 1006 80 22 Kotka.

89 1035 57 22 Ifrän
168 1037 32 19 att
222 1035 83 27 nyligen
331 1037 55 18 ännu
409 1034 63 22 hafva
495 1035 55 21 varit
566 1041 25 15 en
607 1035 40 21 den
663 1035 155 27 obetydligaste
834 1037 34 20 ort
886 1047 25 3 —

88 1063 81 21 mindre
184 1065 27 19 än
228 1064 87 26 mängen
331 1063 28 27 by
374 1064 27 26 pä
412 1063 121 21 landsorten
549 1076 27 3 —
587 1063 133 27 sysselsättas
736 1070 28 14 nu
776 1064 34 21 vid
822 1063 47 22 dess
879 1065 33 19 in-

89 1092 111 22 dustriella
223 1092 49 21 verk
296 1092 65 26 nägra
383 1094 60 19 tusen
467 1092 107 26 arbetare;
596 1092 39 21 och
650 1094 59 19 utom
725 1092 75 26 denna,
817 1092 32 21 till
864 1097 48 16 stor

88 1121 34 20 del
145 1122 13 20 &
180 1120 66 22 andra
265 1122 58 20 orter
338 1120 100 22 mantals-
454 1121 39 20 och
509 1120 156 27 kyrkoskrifna,
681 1120 229 27 arbetarebefolkning,

88 1148 66 22 finnas
176 1149 5 21 i
201 1148 72 22 Kotka
295 1149 54 24 stad,
373 1149 66 26 enligt
454 1148 22 21 af
490 1148 153 28 Kyrkoherden
664 1149 109 21 derstädes
793 1149 119 21 aflemnadt

87 1177 67 27 intyg,
171 1178 62 25 1,120
248 1183 101 21 personer
362 1177 155 27 kyrkoskrifna.

156 1206 38 21 Att
213 1206 80 24 staden,
308 1206 62 21 stadd
386 1206 7 20 i
408 1206 69 21 denna
492 1206 62 21 raska
569 1206 126 27 utveckling,
710 1206 47 21 icke
772 1206 89 26 undgätt
877 1208 33 19 att

88 1234 86 22 beröras
190 1234 23 22 af
228 1235 36 21 vär
279 1235 42 21 tids
336 1234 66 22 behof
416 1235 21 21 af
451 1235 95 27 kunskap
562 1235 39 21 och
617 1235 90 21 vetande
722 1247 27 2 —
766 1236 24 19 är
800 1234 111 28 naturligt,

88 1263 88 21 likasom
197 1264 39 20 och
251 1266 33 18 att
299 1263 48 21 dess
362 1264 81 20 saknad
459 1263 22 21 af
494 1262 79 28 hvarje,
589 1263 60 22 äfven
665 1263 40 21 den
721 1263 75 27 lägsta,
812 1262 98 22 Elemen-

88 1292 94 20 tarskola
203 1294 25 18 är
249 1292 81 26 ganska
353 1292 105 25 kännbar;
479 1304 27 3 —
530 1292 39 22 och
592 1292 79 26 hoppas
689 1292 36 26 jag
741 1291 71 21 derför
826 1294 32 19 ait
874 1292 37 20 det

88 1320 106 27 vällofliga
216 1320 180 27 Borgareständet
418 1320 54 21 skall
495 1320 56 21 finna
566 1321 43 20 min
625 1320 97 22 anhällan
739 1320 126 26 berättigad,
883 1320 29 21 dä

84 1349 38 27 jag
139 1349 29 27 pä
190 1349 128 27 uppmaning
342 1349 23 21 af
384 1349 56 21 mina
462 1348 82 22 valmän
562 1349 107 21 vördsamt
689 1348 65 22 beder
768 1355 33 15 om
813 1349 98 21 ständets

88 1377 126 22 medverkan
230 1378 38 21 och
284 1378 73 21 förord
372 1378 32 21 för
419 1384 25 14 en
457 1378 88 26 petition
559 1378 33 21 till
608 1377 58 22 Hans
681 1377 118 27 Kejserliga
810 1376 101 28 Majestät

87 1412 33 15 om
144 1406 131 22 inrättandet
296 1406 6 21 i
325 1405 73 22 Kotka
420 1406 48 22 stad
490 1406 23 22 af
533 1413 25 15 en
581 1406 111 26 treklassig
711 1406 131 21 Elementar-
858 1405 53 21 eller

87 1434 142 25 bottenskola,
245 1434 66 20 sädan
319 1435 40 19 den
369 1435 97 20 sednaste
475 1435 140 20 skolkomiten
625 1434 109 25 föreslagit
743 1435 39 20 och
791 1434 121 26 Kejserliga

86 1461 92 22 Senaten
192 1461 79 28 jemväl
286 1461 108 28 tillstyrkt.

597 1518 25 22 A.
638 1518 26 21 4.
680 1517 25 22 F.
720 1517 117 30 Lindberg.
