1123 1795
315 126 179 22 Borgareståndet
505 128 58 17 1882.
588 128 11 17 7
610 132 64 13 mars.
862 122 41 22 393

83 198 69 25 natur,
164 196 37 27 jag
216 196 68 21 skulle
299 196 50 27 vilja
363 196 136 28 understödja
515 197 42 21 alla
573 196 54 27 dem,
643 203 46 16 som
704 196 97 28 påyrkat,
818 199 31 20 att
861 197 44 22 frå-

82 231 40 21 gan
138 231 28 15 nu
182 225 67 22 skulle
264 225 107 28 företagas
386 225 31 22 till
433 225 81 28 slutligt
530 225 121 28 afgörande.

151 282 151 21 Diskussionen
325 282 130 22 förklarades
476 283 87 21 härmed
586 282 90 22 afslutad
699 282 39 22 och
753 282 31 22 lät
799 282 50 22 herr
863 282 40 22 tal-

83 316 90 16 mannen
189 310 89 28 uppläsa
294 311 92 27 följande
401 311 165 27 propositioner:

152 368 52 26 »De,
228 367 71 22 hvilka
322 368 71 27 önska,
416 370 31 19 att
471 368 103 22 definitivt
596 368 92 21 beslut
681 363 14 36 i
705 368 57 22 detta
782 368 78 22 ärende
876 374 28 15 nu

83 396 71 27 fattas,
170 398 59 20 rösta
242 397 31 27 ja;

152 426 73 21 vinner
247 426 39 26 nej,
301 432 62 16 anses
384 425 95 22 besluten
496 426 125 25 eventuella,
638 425 105 22 beroende
758 426 27 27 på
802 432 25 15 en
843 425 63 22 fram-

83 453 45 23 tida
142 454 115 27 utredning
271 454 24 21 af
307 454 96 22 skattens
414 453 148 28 behöflighet.*

151 511 162 29 Propositionen
330 512 126 21 besvarades
472 512 48 21 med
537 512 25 21 18
575 512 23 27 ja
613 511 40 22 och
669 513 26 20 32
711 512 44 27 nej;
769 513 56 20 samt

153 565 52 41 »De,
231 569 70 21 hvilka
326 569 113 27 godkänna
464 569 115 22 utskottets
603 569 134 22 betänkande
762 568 147 27 oförändradt,

83 600 58 20 rösta
154 599 32 32 ja;

151 627 74 21 vinner
246 627 39 26 nej,
308 629 104 25 upptagas
435 627 25 21 de
483 629 57 19 emot
559 627 144 22 betänkandet
717 626 75 28 gjorda
807 626 97 21 anmärk-

83 655 75 27 ningar
175 655 32 21 till
223 655 128 27 granskning
366 655 117 27 punktvis.*

152 713 33 21 Dä
206 713 159 27 propositionen
387 712 127 22 besvarades
530 712 48 22 med
593 712 27 21 19
633 712 23 27 ja
671 711 39 23 och
726 713 27 20 32
768 713 44 26 nej;
832 712 75 22 skreds

83 741 52 22 härä
150 741 32 22 till
198 741 129 27 granskning
342 741 24 22 af
379 741 143 22 betänkandet
537 741 69 27 punkt
620 740 33 22 för
667 740 74 28 punkt.

152 798 135 22 Beträffande
301 798 53 22 först
368 799 101 21 rubriken
485 798 31 22 till
531 798 238 27 författningsförslaget
783 798 127 23 framstälde

84 827 49 22 herr
148 828 131 21 Talmannen
293 827 92 28 följande
400 827 142 28 proposition:

153 885 52 26 «De,
221 884 72 22 hvilka
307 885 112 28 godkänna
434 884 99 22 rubriken
549 884 134 27 oförändrad,
699 887 57 20 rösta
769 885 32 28 ja;

153 914 72 21 vinner
240 914 41 27 nej,
296 914 84 27 utbytes
395 914 62 21 ordet
473 913 215 28 ,,bevillningsafgift"
705 916 59 19 emot
779 913 62 22 ordet
857 913 54 26 ,be-

84 942 108 28 villning*.

152 999 162 28 Propositionen
336 999 126 22 besvarades
484 1000 47 21 med
554 999 154 27 öfvervägande
723 999 44 28 nej;
784 1000 39 21 och
839 999 71 22 skulle

85 1028 58 22 detta
157 1029 76 27 utbyte
248 1034 38 21 ega
301 1034 46 15 rum
362 1028 28 27 pä
405 1027 42 22 alla
463 1028 26 21 de
503 1028 76 21 ställen
594 1027 5 22 i
612 1027 245 29 författningsförslaget,
869 1028 41 22 der

85 1057 61 22 ordet
162 1057 214 28 ,bevillningsafgift*
392 1056 149 23 förekommer.

154 1114 38 23 Om
210 1115 12 28 $
239 1117 9 19 1
266 1115 30 21 lät
310 1115 50 21 herr
379 1114 129 22 Talmannen
529 1115 89 27 uppläsa
633 1114 92 27 följande
741 1115 167 28 propositioner:

154 1173 10 21 I
180 1173 99 22 afseende
293 1173 14 21 &
322 1173 46 26 8:ns
383 1172 68 22 första
466 1172 82 27 stycke:

154 1231 42 26 nDe
221 1229 71 22 hvilka
314 1230 112 32 godkänna
449 1230 40 22 den
504 1231 7 20 i
526 1229 238 23 utskottsbetänkandet
786 1229 124 27 föreslagna

86 1243 209 52 tidsbestämningen,
311 1260 58 20 rösta
381 1258 32 27 ja;

154 1288 74 21 vinner
250 1288 41 26 nej,
312 1287 39 22 har
367 1287 84 22 ståndet
465 1287 88 22 beslutit
569 1288 32 20 att
617 1287 70 21 lemna
703 1286 209 27 tidsbestämningen.

85 1315 124 22 beroende."

154 1372 162 28 Propositionen
331 1372 128 22 besvarades
475 1372 46 22 med
538 1372 27 21 29
578 1372 24 27 ja
616 1371 40 22 och
671 1372 26 21 21
714 1371 45 28 nej;

155 1430 43 26 De
225 1429 72 21 hvilka
318 1429 112 32 godkänna
452 1429 68 20 första
543 1429 84 26 stycket
657 1428 35 28 i&
709 1429 9 20 1
735 1429 48 20 med
799 1428 44 21 deri
860 1433 52 21 nyss

81 1442 83 47 gjorda
176 1457 121 32 ändringar,
312 1459 59 19 rösta
384 1457 33 26 ja;

155 1486 72 22 vinner
242 1486 40 26 nej,
298 1485 39 22 har
352 1485 84 22 ståndet
452 1485 92 26 beslutit,
560 1486 33 20 att
608 1479 119 50 ändamålet
743 1484 48 22 med
803 1484 40 22 den
853 1483 61 22 före--

86 1515 73 27 slagna
174 1514 140 27 bevillningen
329 1514 46 22 icke
391 1513 38 22 bör
445 1513 44 22 deri
505 1513 142 22 omnämnas.*
