1120 1803
236 141 41 20 402
444 145 177 22 Borgareståndet
633 147 56 16 1882.
713 147 12 16 ?
736 150 61 13 mars.

305 215 167 20 Vidkommande
491 215 50 21 herr
558 215 86 21 Heikels
660 215 120 26 opposition
797 216 44 19 mot
856 216 31 19 att
902 217 51 25 göra
969 215 88 20 ärendet

236 243 32 22 till
285 249 26 16 en
326 243 90 22 Ständer
437 243 137 27 proposition,
597 249 33 15 ser
643 243 37 26 jag
696 243 45 21 icke
758 243 53 21 hvad
827 243 65 21 saken
909 242 64 27 derpå
988 243 70 21 skulle

236 272 85 21 förlora.
353 271 42 22 Det
416 273 23 20 är
457 278 25 15 en
498 271 66 22 fördel
580 272 33 21 för
629 271 124 27 Ständerna,
778 273 31 20 att
824 274 57 25 yttra
896 272 32 27 sig
944 271 6 21 i
965 271 92 22 skolfrä-

236 307 47 20 gan,
299 313 27 3 —
342 307 26 14 en
389 300 68 21 fördel
479 306 44 16 som
548 301 66 21 sällan
631 300 100 21 tilldelats
747 300 53 21 dem.
830 301 10 20 I
857 300 111 26 anledning
984 301 22 20 af
1020 300 38 26 pä-

237 329 104 26 stäendet,
364 330 34 19 att
420 329 118 22 Ständerna
560 335 75 21 genom
651 331 32 19 att
698 332 78 23 antaga
791 329 115 21 utskottets
922 329 135 21 betänkande

237 358 67 20 skulle
327 357 33 21 för
381 357 111 21 framtiden
517 358 97 20 förbinda
638 357 30 26 sig
690 357 32 21 till
744 357 65 26 nägra
825 357 78 27 anslag,
920 357 35 21 vill
968 357 35 25 jag
1018 363 39 14 an-

235 386 80 26 märka,
338 387 32 20 att
392 385 126 22 kommande
533 385 101 27 landtdag
649 392 49 20 eger
713 386 6 20 i
735 386 63 20 saken
815 387 96 20 närmare
932 386 123 24 bestämma,

237 414 39 21 och
295 414 37 28 jag
354 414 75 21 tänker
452 420 46 20 nog,
515 416 32 19 att
562 414 40 21 den
619 414 38 20 har
673 416 49 25 ögat
738 416 63 24 öppet
816 414 6 21 i
839 414 58 21 detta
913 414 103 21 afseende.
1045 414 11 20 I

236 443 67 21 likhet
319 442 47 22 med
382 442 40 22 den
437 445 83 19 senaste
536 443 81 21 talaren
633 442 95 22 förordar
741 442 37 27 jag
793 444 128 25 antagandet
937 442 23 21 af
973 442 85 22 utskot-

235 472 43 20 tets
291 471 132 22 betänkande
439 471 32 21 till
486 471 42 21 alla
544 471 63 22 delar.

303 528 57 22 Herr
377 528 146 22 Grönvik:
542 528 51 27 Jag
615 528 68 22 skulle
705 528 50 27 vilja
770 529 83 22 betona,
872 530 33 19 att
920 528 35 21 det
970 528 22 22 af
1005 528 52 21 herr

237 556 58 22 Göös
310 557 75 21 väckta
401 557 99 27 förslaget
516 563 33 15 om
566 557 125 21 dislokation
707 557 22 21 af
743 557 192 21 döfstumskolorna
951 557 65 27 ligger
1031 557 25 21 sä

235 586 83 26 mycket
342 586 27 26 pä
392 586 59 21 sidan
472 586 23 21 af
512 585 54 22 både
588 586 232 26 petitionsmemorialet
843 586 38 21 och
904 585 150 27 betänkandet,

235 616 32 20 att
281 615 37 27 jag
332 615 78 26 tycker,
426 614 36 21 det
477 614 47 21 hela
540 614 40 22 den
595 614 64 21 saken
677 614 45 21 icke
738 614 38 21 bör
791 615 84 21 komma
885 614 68 21 under
962 614 92 26 ompröf-

235 643 50 27 ning
301 643 7 21 i
323 643 150 26 sammanhang
494 643 47 21 med
565 643 39 21 den
620 649 28 14 nu
663 643 143 26 föreliggande
821 642 81 28 frägan,
919 643 38 21 och
972 643 33 21 fär
1018 642 39 28 jag

235 671 33 21 för
283 672 63 26 öfrigt
362 672 136 26 understödja
514 672 39 21 den
565 671 138 27 formulering
713 671 130 22 beträffande
856 672 111 26 klämmen,
978 678 45 14 som
1034 672 24 21 af

234 700 50 22 herr
299 700 75 22 Heikel
389 700 125 27 föreslagits.

303 757 55 22 Herr
374 757 90 22 Göös:
487 757 41 21 Det
536 757 42 21 kan
585 757 122 26 visserligen
722 763 62 22 synas
799 757 69 22 såsom
884 763 33 15 om
931 757 39 22 den
981 757 24 21 af
1012 758 43 25 mig

234 785 108 28 päyrkade
358 785 153 22 dislokationen
528 785 21 22 af
564 785 193 22 döfstumskolorna
767 785 66 22 skulle
845 787 56 26 ligga
911 788 58 19 utom
980 786 74 27 sjelfva

234 815 239 26 petitionsmemorialet,
487 821 48 15 men
550 815 48 21 med
614 814 42 21 lika
671 814 45 21 skäl
736 815 40 20 kan
794 815 39 21 den
850 815 64 21 också
925 821 61 15 anses
996 815 59 28 ligga

234 845 56 20 inom
314 843 108 27 omfänget
436 843 22 22 af
473 843 120 22 detsamma.
624 843 143 23 Petitionären
790 844 78 21 önskar
889 843 103 27 nämligen
1007 844 47 21 icke

234 873 81 23 endast,
330 874 32 19 att
377 878 41 21 nya
433 872 162 21 abnormskolor
609 872 60 21 skola
684 872 96 26 inrättas,
796 875 50 18 utan
859 872 107 27 derjemte,
978 873 77 20 tänker

231 902 44 26 jag,
290 903 32 19 att
338 901 60 21 dessa
411 901 66 21 mätte
491 901 95 27 placeras
602 901 27 26 pä
644 901 78 21 sädana
738 903 63 23 orter,
818 901 37 21 der
871 901 25 21 de
911 901 72 21 kunna
996 901 56 21 med-

232 930 47 21 föra
295 930 35 21 det
344 931 80 20 största
438 935 60 21 gagn.
521 929 60 22 Hvad
599 929 99 22 särskildt
713 929 194 22 döfstumskolorna
915 929 139 26 vidkommer,

234 964 61 16 anser
315 959 43 26 jag,
381 959 33 20 att
429 959 25 20 de
469 964 69 21 gagna
553 959 54 20 mest
622 964 33 15 om
673 957 25 22 de
713 959 73 20 ställas
801 959 7 20 i
825 958 96 27 förening
936 958 47 21 med
1000 958 53 22 folk-

233 986 284 22 skolelärareseminarierna.

301 1015 168 22 Vidkommande
490 1015 50 22 herr
562 1015 117 27 Wallgrens
695 1015 134 27 hänsyftning
843 1015 34 28 pä,
893 1018 32 19 att
939 1015 116 28 Jyväskylä

232 1044 69 22 skulle
324 1045 78 24 kunna,
423 1044 47 21 med
487 1044 25 22 de
528 1044 22 21 af
564 1044 42 27 mig
621 1044 90 21 berörda
726 1044 7 21 i
749 1045 138 21 statsverkets
904 1045 58 26 värjo
978 1044 74 22 befint-

232 1073 43 26 liga
297 1072 75 26 medel,
393 1073 80 20 inrätta
500 1079 26 15 en
549 1072 158 26 döfstumskola,
729 1073 37 20 ber
786 1073 36 27 jag
842 1075 32 18 att
893 1073 122 27 ytterligare
1031 1073 21 20 fä

233 1103 84 24 nämna,
332 1103 32 19 att
379 1101 36 21 det
430 1100 45 22 icke
490 1103 24 19 är
529 1101 82 26 möjligt
626 1103 33 19 att
673 1107 87 15 numera
770 1101 22 21 fä
801 1102 114 26 utredning
931 1108 40 18 om,
989 1102 63 20 huru-

231 1130 49 21 vida
295 1130 61 21 dessa
370 1130 68 21 medel
454 1129 106 27 verkligen
575 1136 51 15 voro
636 1130 33 20 för
684 1136 25 14 en
721 1130 57 26 dylik
793 1130 60 21 skola
863 1130 97 22 lemnade
970 1130 7 21 i
988 1132 65 20 stats-

231 1158 84 22 verkets
346 1159 64 26 värjo,
438 1157 65 22 ehuru
524 1158 54 21 dock
594 1158 127 22 åtminstone
737 1160 70 24 grefve
822 1159 66 27 Bergs
903 1159 149 26 ursprungliga

232 1187 49 26 plan
300 1187 47 21 med
363 1186 62 22 dessa
440 1186 67 22 medel
523 1186 55 22 varit
593 1186 72 21 sådan.
695 1187 41 27 Jag
751 1189 45 19 tror
810 1187 52 27 icke,
877 1191 32 17 att
924 1187 130 21 statsverket

232 1215 36 21 vill
283 1215 55 21 afstå
353 1215 48 21 dem
417 1214 32 22 till
464 1221 26 15 en
506 1215 154 21 döfstumskola
675 1216 7 20 i
697 1215 120 28 Jyväskylä.

300 1272 55 21 Herr
378 1271 154 27 Wallgren:
557 1272 41 26 Jag
618 1272 89 26 glömde,
727 1272 27 20 då
773 1272 37 26 jag
829 1272 56 22 förra
899 1272 81 27 gången
996 1272 56 21 hade

232 1302 51 19 äran
298 1302 57 24 yttra
370 1300 49 26 mig,
435 1302 32 18 att
481 1302 76 19 nämna
573 1300 131 21 beträffande
719 1301 36 21 det
765 1300 21 22 af
801 1301 48 20 herr
859 1300 58 22 Göös
926 1300 126 22 framstälda

231 1328 101 26 yrkande,
354 1330 32 19 att
409 1328 42 25 mig
473 1328 114 26 förefaller,
609 1328 68 22 såsom
701 1335 33 14 om
751 1329 35 21 det
800 1330 91 20 rättaste
905 1329 69 21 skulle
989 1328 61 27 varit,

231 1356 32 20 att
281 1356 34 21 det
330 1357 70 24 ämne,
415 1355 79 21 hvilket
510 1356 65 26 ligger
591 1356 48 20 herr
654 1356 57 21 Göös
727 1356 24 21 så
766 1359 68 18 varmt
849 1363 34 15 om
895 1356 85 27 hjertat,
995 1356 57 22 hade

230 1384 69 21 blifvit
316 1384 114 26 framlagdt
445 1384 6 20 i
468 1390 25 14 en
509 1384 89 21 särskild
614 1385 95 25 petition,
726 1384 27 22 då
768 1384 159 27 petitionstiden
943 1387 55 19 ännu
1013 1391 38 15 var

231 1412 58 27 inne;
306 1418 27 16 nu
349 1414 24 20 är
388 1412 76 22 sädant
479 1412 82 27 mycket
576 1412 32 22 för
623 1415 52 19 sent.

299 1441 61 22 Hvad
383 1441 140 27 petitionären
546 1441 119 27 egentligen
686 1442 61 21 tänkt
767 1442 41 21 kan
828 1442 36 27 jag
888 1442 46 22 icke
951 1442 100 21 divinera.

231 1469 74 23 Sävidt
320 1470 35 22 det
370 1470 24 22 af
408 1470 51 21 hans
474 1470 88 27 petition
578 1470 97 27 framgär,
693 1476 61 22 synes
770 1471 53 22 dock
835 1471 46 22 icke
892 1478 34 15 om
939 1471 40 22 han
992 1471 59 22 velat

230 1499 63 22 hafva
309 1505 24 16 en
350 1499 154 22 döfstumskola
520 1499 32 22 till
568 1499 113 28 Jyväskylä
697 1499 51 23 eller
764 1500 25 27 ej.
