<?xml version="1.0" encoding="UTF-8"?>
<alto xmlns="http://www.loc.gov/standards/alto/ns-v3#" xmlns:xlink="http://www.w3.org/1999/xlink" xmlns:xsi="http://www.w3.org/2001/XMLSchema-instance" xsi:schemaLocation="http://www.loc.gov/standards/alto/ns-v3# http://www.loc.gov/alto/v3/alto-3-0.xsd">
	<Description>
		<MeasurementUnit>pixel</MeasurementUnit>
		<sourceImageInformation>
			<fileName>/tmp/tess_bb5zw14c_input.PNG</fileName>
		</sourceImageInformation>
		<OCRProcessing ID="OCR_0">
			<ocrProcessingStep>
				<processingSoftware>
					<softwareName>tesseract 5.3.4</softwareName>
				</processingSoftware>
			</ocrProcessingStep>
		</OCRProcessing>
	</Description>
	<Layout>
		<Page WIDTH="1123" HEIGHT="1814" PHYSICAL_IMG_NR="0" ID="page_0">
			<PrintSpace HPOS="0" VPOS="0" WIDTH="1123" HEIGHT="1814">
				<ComposedBlock ID="cblock_0" HPOS="315" VPOS="109" WIDTH="590" HEIGHT="26">
					<TextBlock ID="block_0" HPOS="315" VPOS="109" WIDTH="590" HEIGHT="26">
						<TextLine ID="line_0" HPOS="315" VPOS="109" WIDTH="590" HEIGHT="26">
							<String ID="string_0" HPOS="315" VPOS="113" WIDTH="178" HEIGHT="22" WC="0.90" CONTENT="Borgareståndet"/><SP WIDTH="13" VPOS="113" HPOS="493"/>
							<String ID="string_1" HPOS="506" VPOS="115" WIDTH="58" HEIGHT="16" WC="0.95" CONTENT="1882."/><SP WIDTH="24" VPOS="115" HPOS="564"/>
							<String ID="string_2" HPOS="588" VPOS="114" WIDTH="23" HEIGHT="17" WC="0.96" CONTENT="21"/><SP WIDTH="13" VPOS="114" HPOS="611"/>
							<String ID="string_3" HPOS="624" VPOS="118" WIDTH="61" HEIGHT="13" WC="0.95" CONTENT="mars."/><SP WIDTH="179" VPOS="118" HPOS="685"/>
							<String ID="string_4" HPOS="864" VPOS="109" WIDTH="41" HEIGHT="20" WC="0.96" CONTENT="617"/>
						</TextLine>
					</TextBlock>
				</ComposedBlock>
				<GraphicalElement ID="cblock_1" HPOS="83" VPOS="142" WIDTH="822" HEIGHT="4"></GraphicalElement >
				<ComposedBlock ID="cblock_2" HPOS="83" VPOS="182" WIDTH="824" HEIGHT="428">
					<TextBlock ID="block_1" HPOS="83" VPOS="182" WIDTH="824" HEIGHT="428">
						<TextLine ID="line_1" HPOS="83" VPOS="182" WIDTH="823" HEIGHT="28">
							<String ID="string_5" HPOS="83" VPOS="182" WIDTH="129" HEIGHT="28" WC="0.93" CONTENT="lägenheter,"/><SP WIDTH="22" VPOS="182" HPOS="212"/>
							<String ID="string_6" HPOS="234" VPOS="182" WIDTH="44" HEIGHT="22" WC="0.96" CONTENT="från"/><SP WIDTH="17" VPOS="182" HPOS="278"/>
							<String ID="string_7" HPOS="295" VPOS="183" WIDTH="71" HEIGHT="21" WC="0.96" CONTENT="hvilka"/><SP WIDTH="15" VPOS="183" HPOS="366"/>
							<String ID="string_8" HPOS="381" VPOS="189" WIDTH="26" HEIGHT="15" WC="0.96" CONTENT="en"/><SP WIDTH="15" VPOS="189" HPOS="407"/>
							<String ID="string_9" HPOS="422" VPOS="183" WIDTH="111" HEIGHT="27" WC="0.96" CONTENT="styckning"/><SP WIDTH="16" VPOS="183" HPOS="533"/>
							<String ID="string_10" HPOS="549" VPOS="183" WIDTH="33" HEIGHT="21" WC="0.93" CONTENT="får"/><SP WIDTH="16" VPOS="183" HPOS="582"/>
							<String ID="string_11" HPOS="598" VPOS="189" WIDTH="38" HEIGHT="20" WC="0.93" CONTENT="ega"/><SP WIDTH="12" VPOS="189" HPOS="636"/>
							<String ID="string_12" HPOS="648" VPOS="189" WIDTH="53" HEIGHT="15" WC="0.93" CONTENT="rum."/><SP WIDTH="30" VPOS="189" HPOS="701"/>
							<String ID="string_13" HPOS="731" VPOS="183" WIDTH="100" HEIGHT="21" WC="0.88" CONTENT="Deremot"/><SP WIDTH="9" VPOS="183" HPOS="831"/>
							<String ID="string_14" HPOS="840" VPOS="182" WIDTH="66" HEIGHT="21" WC="0.96" CONTENT="finnes"/>
						</TextLine>
						<TextLine ID="line_2" HPOS="84" VPOS="211" WIDTH="820" HEIGHT="27">
							<String ID="string_15" HPOS="84" VPOS="211" WIDTH="68" HEIGHT="22" WC="0.95" CONTENT="denna"/><SP WIDTH="21" VPOS="211" HPOS="152"/>
							<String ID="string_16" HPOS="173" VPOS="212" WIDTH="113" HEIGHT="25" WC="0.95" CONTENT="grundsats"/><SP WIDTH="19" VPOS="212" HPOS="286"/>
							<String ID="string_17" HPOS="305" VPOS="212" WIDTH="92" HEIGHT="26" WC="0.96" CONTENT="tydligen"/><SP WIDTH="15" VPOS="212" HPOS="397"/>
							<String ID="string_18" HPOS="412" VPOS="211" WIDTH="83" HEIGHT="22" WC="0.96" CONTENT="uttalad"/><SP WIDTH="16" VPOS="211" HPOS="495"/>
							<String ID="string_19" HPOS="511" VPOS="211" WIDTH="5" HEIGHT="21" WC="0.96" CONTENT="i"/><SP WIDTH="17" VPOS="211" HPOS="516"/>
							<String ID="string_20" HPOS="533" VPOS="212" WIDTH="12" HEIGHT="21" WC="0.93" CONTENT="3"/><SP WIDTH="16" VPOS="212" HPOS="545"/>
							<String ID="string_21" HPOS="561" VPOS="213" WIDTH="18" HEIGHT="24" WC="0.84" CONTENT="$,"/><SP WIDTH="10" VPOS="213" HPOS="579"/>
							<String ID="string_22" HPOS="589" VPOS="211" WIDTH="36" HEIGHT="22" WC="0.96" CONTENT="der"/><SP WIDTH="12" VPOS="211" HPOS="625"/>
							<String ID="string_23" HPOS="637" VPOS="212" WIDTH="36" HEIGHT="20" WC="0.96" CONTENT="det"/><SP WIDTH="8" VPOS="212" HPOS="673"/>
							<String ID="string_24" HPOS="681" VPOS="211" WIDTH="69" HEIGHT="21" WC="0.93" CONTENT="heter:"/><SP WIDTH="18" VPOS="211" HPOS="750"/>
							<String ID="string_25" HPOS="768" VPOS="211" WIDTH="136" HEIGHT="26" WC="0.90" CONTENT=",,Jordegare,"/>
						</TextLine>
						<TextLine ID="line_3" HPOS="84" VPOS="239" WIDTH="821" HEIGHT="27">
							<String ID="string_26" HPOS="84" VPOS="245" WIDTH="45" HEIGHT="16" WC="0.92" CONTENT="som"/><SP WIDTH="26" VPOS="245" HPOS="129"/>
							<String ID="string_27" HPOS="155" VPOS="239" WIDTH="102" HEIGHT="22" WC="0.90" CONTENT="åstundar"/><SP WIDTH="24" VPOS="239" HPOS="257"/>
							<String ID="string_28" HPOS="281" VPOS="240" WIDTH="112" HEIGHT="26" WC="0.95" CONTENT="styckning"/><SP WIDTH="24" VPOS="240" HPOS="393"/>
							<String ID="string_29" HPOS="417" VPOS="240" WIDTH="23" HEIGHT="21" WC="0.93" CONTENT="af"/><SP WIDTH="13" VPOS="240" HPOS="440"/>
							<String ID="string_30" HPOS="453" VPOS="240" WIDTH="123" HEIGHT="21" WC="0.92" CONTENT="förenämnd"/><SP WIDTH="24" VPOS="240" HPOS="576"/>
							<String ID="string_31" HPOS="600" VPOS="239" WIDTH="153" HEIGHT="26" WC="0.93" CONTENT="beskaffenhet,"/><SP WIDTH="23" VPOS="239" HPOS="753"/>
							<String ID="string_32" HPOS="776" VPOS="240" WIDTH="79" HEIGHT="21" WC="0.91" CONTENT="ansöke"/><SP WIDTH="16" VPOS="240" HPOS="855"/>
							<String ID="string_33" HPOS="871" VPOS="245" WIDTH="34" HEIGHT="15" WC="0.96" CONTENT="om"/>
						</TextLine>
						<TextLine ID="line_4" HPOS="84" VPOS="267" WIDTH="823" HEIGHT="28">
							<String ID="string_34" HPOS="84" VPOS="267" WIDTH="94" HEIGHT="22" WC="0.92" CONTENT="tillstånd"/><SP WIDTH="24" VPOS="267" HPOS="178"/>
							<String ID="string_35" HPOS="202" VPOS="268" WIDTH="69" HEIGHT="21" WC="0.91" CONTENT="dertill"/><SP WIDTH="28" VPOS="268" HPOS="271"/>
							<String ID="string_36" HPOS="299" VPOS="268" WIDTH="38" HEIGHT="21" WC="0.96" CONTENT="hos"/><SP WIDTH="22" VPOS="268" HPOS="337"/>
							<String ID="string_37" HPOS="359" VPOS="268" WIDTH="154" HEIGHT="26" WC="0.87" CONTENT="Guvernören&quot;,"/><SP WIDTH="24" VPOS="268" HPOS="513"/>
							<String ID="string_38" HPOS="537" VPOS="275" WIDTH="18" HEIGHT="14" WC="0.96" CONTENT="o."/><SP WIDTH="17" VPOS="275" HPOS="555"/>
							<String ID="string_39" HPOS="572" VPOS="274" WIDTH="15" HEIGHT="15" WC="0.93" CONTENT="s."/><SP WIDTH="16" VPOS="274" HPOS="587"/>
							<String ID="string_40" HPOS="603" VPOS="274" WIDTH="29" HEIGHT="19" WC="0.91" CONTENT="v.;"/><SP WIDTH="16" VPOS="274" HPOS="632"/>
							<String ID="string_41" HPOS="648" VPOS="270" WIDTH="55" HEIGHT="18" WC="0.96" CONTENT="ännu"/><SP WIDTH="16" VPOS="270" HPOS="703"/>
							<String ID="string_42" HPOS="719" VPOS="270" WIDTH="114" HEIGHT="25" WC="0.93" CONTENT="yttermera"/><SP WIDTH="16" VPOS="270" HPOS="833"/>
							<String ID="string_43" HPOS="849" VPOS="267" WIDTH="58" HEIGHT="21" WC="0.92" CONTENT="inne-"/>
						</TextLine>
						<TextLine ID="line_5" HPOS="83" VPOS="296" WIDTH="821" HEIGHT="27">
							<String ID="string_44" HPOS="83" VPOS="296" WIDTH="67" HEIGHT="22" WC="0.96" CONTENT="hålles"/><SP WIDTH="15" VPOS="296" HPOS="150"/>
							<String ID="string_45" HPOS="165" VPOS="297" WIDTH="76" HEIGHT="20" WC="0.96" CONTENT="sådant"/><SP WIDTH="14" VPOS="297" HPOS="241"/>
							<String ID="string_46" HPOS="255" VPOS="297" WIDTH="6" HEIGHT="20" WC="0.96" CONTENT="i"/><SP WIDTH="18" VPOS="297" HPOS="261"/>
							<String ID="string_47" HPOS="279" VPOS="298" WIDTH="23" HEIGHT="19" WC="0.96" CONTENT="11"/><SP WIDTH="18" VPOS="298" HPOS="302"/>
							<String ID="string_48" HPOS="320" VPOS="297" WIDTH="11" HEIGHT="26" WC="0.91" CONTENT="8"/><SP WIDTH="15" VPOS="297" HPOS="331"/>
							<String ID="string_49" HPOS="346" VPOS="297" WIDTH="6" HEIGHT="20" WC="0.96" CONTENT="i"/><SP WIDTH="18" VPOS="297" HPOS="352"/>
							<String ID="string_50" HPOS="370" VPOS="297" WIDTH="148" HEIGHT="26" WC="0.96" CONTENT="betänkandet,"/><SP WIDTH="16" VPOS="297" HPOS="518"/>
							<String ID="string_51" HPOS="534" VPOS="303" WIDTH="44" HEIGHT="15" WC="0.96" CONTENT="som"/><SP WIDTH="17" VPOS="303" HPOS="578"/>
							<String ID="string_52" HPOS="595" VPOS="298" WIDTH="23" HEIGHT="19" WC="0.96" CONTENT="är"/><SP WIDTH="15" VPOS="298" HPOS="618"/>
							<String ID="string_53" HPOS="633" VPOS="297" WIDTH="42" HEIGHT="20" WC="0.96" CONTENT="lika"/><SP WIDTH="16" VPOS="297" HPOS="675"/>
							<String ID="string_54" HPOS="691" VPOS="296" WIDTH="89" HEIGHT="27" WC="0.96" CONTENT="lydande"/><SP WIDTH="16" VPOS="296" HPOS="780"/>
							<String ID="string_55" HPOS="796" VPOS="296" WIDTH="48" HEIGHT="21" WC="0.95" CONTENT="med"/><SP WIDTH="13" VPOS="296" HPOS="844"/>
							<String ID="string_56" HPOS="857" VPOS="297" WIDTH="23" HEIGHT="20" WC="0.88" CONTENT="10"/><SP WIDTH="14" VPOS="297" HPOS="880"/>
							<String ID="string_57" HPOS="894" VPOS="297" WIDTH="10" HEIGHT="25" WC="0.87" CONTENT="$"/>
						</TextLine>
						<TextLine ID="line_6" HPOS="84" VPOS="324" WIDTH="821" HEIGHT="28">
							<String ID="string_58" HPOS="84" VPOS="325" WIDTH="7" HEIGHT="20" WC="0.96" CONTENT="i"/><SP WIDTH="21" VPOS="325" HPOS="91"/>
							<String ID="string_59" HPOS="112" VPOS="325" WIDTH="160" HEIGHT="27" WC="0.96" CONTENT="propositionen"/><SP WIDTH="15" VPOS="325" HPOS="272"/>
							<String ID="string_60" HPOS="287" VPOS="325" WIDTH="40" HEIGHT="21" WC="0.96" CONTENT="och"/><SP WIDTH="16" VPOS="325" HPOS="327"/>
							<String ID="string_61" HPOS="343" VPOS="325" WIDTH="37" HEIGHT="21" WC="0.96" CONTENT="der"/><SP WIDTH="15" VPOS="325" HPOS="380"/>
							<String ID="string_62" HPOS="395" VPOS="325" WIDTH="35" HEIGHT="20" WC="0.96" CONTENT="det"/><SP WIDTH="16" VPOS="325" HPOS="430"/>
							<String ID="string_63" HPOS="446" VPOS="325" WIDTH="70" HEIGHT="21" WC="0.95" CONTENT="heter:"/><SP WIDTH="31" VPOS="325" HPOS="516"/>
							<String ID="string_64" HPOS="547" VPOS="325" WIDTH="55" HEIGHT="26" WC="0.83" CONTENT=",Der"/><SP WIDTH="12" VPOS="325" HPOS="602"/>
							<String ID="string_65" HPOS="614" VPOS="325" WIDTH="113" HEIGHT="26" WC="0.92" CONTENT="jordegare"/><SP WIDTH="14" VPOS="325" HPOS="727"/>
							<String ID="string_66" HPOS="741" VPOS="330" WIDTH="76" HEIGHT="20" WC="0.93" CONTENT="genom"/><SP WIDTH="16" VPOS="330" HPOS="817"/>
							<String ID="string_67" HPOS="833" VPOS="324" WIDTH="72" HEIGHT="21" WC="0.91" CONTENT="skrift-"/>
						</TextLine>
						<TextLine ID="line_7" HPOS="83" VPOS="352" WIDTH="822" HEIGHT="28">
							<String ID="string_68" HPOS="83" VPOS="353" WIDTH="38" HEIGHT="27" WC="0.93" CONTENT="ligt"/><SP WIDTH="15" VPOS="353" HPOS="121"/>
							<String ID="string_69" HPOS="136" VPOS="353" WIDTH="52" HEIGHT="22" WC="0.92" CONTENT="aftal"/><SP WIDTH="16" VPOS="353" HPOS="188"/>
							<String ID="string_70" HPOS="204" VPOS="353" WIDTH="32" HEIGHT="22" WC="0.95" CONTENT="till"/><SP WIDTH="15" VPOS="353" HPOS="236"/>
							<String ID="string_71" HPOS="251" VPOS="359" WIDTH="70" HEIGHT="16" WC="0.93" CONTENT="annan"/><SP WIDTH="16" VPOS="359" HPOS="321"/>
							<String ID="string_72" HPOS="337" VPOS="353" WIDTH="106" HEIGHT="22" WC="0.93" CONTENT="öfverlätit"/><SP WIDTH="14" VPOS="353" HPOS="443"/>
							<String ID="string_73" HPOS="457" VPOS="353" WIDTH="48" HEIGHT="27" WC="0.96" CONTENT="jord"/><SP WIDTH="15" VPOS="353" HPOS="505"/>
							<String ID="string_74" HPOS="520" VPOS="353" WIDTH="27" HEIGHT="27" WC="0.97" CONTENT="pä"/><SP WIDTH="16" VPOS="353" HPOS="547"/>
							<String ID="string_75" HPOS="563" VPOS="355" WIDTH="42" HEIGHT="19" WC="0.93" CONTENT="sätt"/><SP WIDTH="15" VPOS="355" HPOS="605"/>
							<String ID="string_76" HPOS="620" VPOS="353" WIDTH="30" HEIGHT="21" WC="0.95" CONTENT="uti"/><SP WIDTH="16" VPOS="353" HPOS="650"/>
							<String ID="string_77" HPOS="666" VPOS="352" WIDTH="23" HEIGHT="27" WC="0.93" CONTENT="$$"/><SP WIDTH="18" VPOS="352" HPOS="689"/>
							<String ID="string_78" HPOS="707" VPOS="355" WIDTH="7" HEIGHT="19" WC="0.96" CONTENT="1"/><SP WIDTH="19" VPOS="355" HPOS="714"/>
							<String ID="string_79" HPOS="733" VPOS="353" WIDTH="39" HEIGHT="20" WC="0.96" CONTENT="och"/><SP WIDTH="12" VPOS="353" HPOS="772"/>
							<String ID="string_80" HPOS="784" VPOS="353" WIDTH="11" HEIGHT="20" WC="0.93" CONTENT="9"/><SP WIDTH="10" VPOS="353" HPOS="795"/>
							<String ID="string_81" HPOS="805" VPOS="355" WIDTH="24" HEIGHT="19" WC="0.93" CONTENT="är"/><SP WIDTH="8" VPOS="355" HPOS="829"/>
							<String ID="string_82" HPOS="837" VPOS="353" WIDTH="68" HEIGHT="26" WC="0.90" CONTENT="sagdt,"/>
						</TextLine>
						<TextLine ID="line_8" HPOS="83" VPOS="380" WIDTH="824" HEIGHT="29">
							<String ID="string_83" HPOS="83" VPOS="388" WIDTH="49" HEIGHT="15" WC="0.96" CONTENT="vare"/><SP WIDTH="18" VPOS="388" HPOS="132"/>
							<String ID="string_84" HPOS="150" VPOS="381" WIDTH="62" HEIGHT="22" WC="0.96" CONTENT="äfven"/><SP WIDTH="17" VPOS="381" HPOS="212"/>
							<String ID="string_85" HPOS="229" VPOS="383" WIDTH="39" HEIGHT="20" WC="0.93" CONTENT="den"/><SP WIDTH="15" VPOS="383" HPOS="268"/>
							<String ID="string_86" HPOS="283" VPOS="381" WIDTH="131" HEIGHT="22" WC="0.96" CONTENT="sistnämnde"/><SP WIDTH="15" VPOS="381" HPOS="414"/>
							<String ID="string_87" HPOS="429" VPOS="381" WIDTH="119" HEIGHT="28" WC="0.96" CONTENT="berättigad"/><SP WIDTH="16" VPOS="381" HPOS="548"/>
							<String ID="string_88" HPOS="564" VPOS="384" WIDTH="32" HEIGHT="18" WC="0.96" CONTENT="att"/><SP WIDTH="22" VPOS="384" HPOS="596"/>
							<String ID="string_89" HPOS="618" VPOS="382" WIDTH="32" HEIGHT="21" WC="0.96" CONTENT="till"/><SP WIDTH="17" VPOS="382" HPOS="650"/>
							<String ID="string_90" HPOS="667" VPOS="381" WIDTH="38" HEIGHT="22" WC="0.93" CONTENT="den"/><SP WIDTH="16" VPOS="381" HPOS="705"/>
							<String ID="string_91" HPOS="721" VPOS="381" WIDTH="89" HEIGHT="22" WC="0.93" CONTENT="sålunda"/><SP WIDTH="15" VPOS="381" HPOS="810"/>
							<String ID="string_92" HPOS="825" VPOS="380" WIDTH="82" HEIGHT="23" WC="0.92" CONTENT="skedda"/>
						</TextLine>
						<TextLine ID="line_9" HPOS="83" VPOS="410" WIDTH="820" HEIGHT="28">
							<String ID="string_93" HPOS="83" VPOS="411" WIDTH="138" HEIGHT="27" WC="0.92" CONTENT="styckningen"/><SP WIDTH="16" VPOS="411" HPOS="221"/>
							<String ID="string_94" HPOS="237" VPOS="411" WIDTH="50" HEIGHT="20" WC="0.93" CONTENT="eller"/><SP WIDTH="16" VPOS="411" HPOS="287"/>
							<String ID="string_95" HPOS="303" VPOS="410" WIDTH="147" HEIGHT="26" WC="0.92" CONTENT="afsöndringen"/><SP WIDTH="16" VPOS="410" HPOS="450"/>
							<String ID="string_96" HPOS="466" VPOS="411" WIDTH="90" HEIGHT="20" WC="0.92" CONTENT="utverka"/><SP WIDTH="11" VPOS="411" HPOS="556"/>
							<String ID="string_97" HPOS="567" VPOS="410" WIDTH="98" HEIGHT="27" WC="0.93" CONTENT="behörigt"/><SP WIDTH="10" VPOS="410" HPOS="665"/>
							<String ID="string_98" HPOS="675" VPOS="410" WIDTH="109" HEIGHT="21" WC="0.91" CONTENT="tillständ*"/><SP WIDTH="12" VPOS="410" HPOS="784"/>
							<String ID="string_99" HPOS="796" VPOS="417" WIDTH="19" HEIGHT="14" WC="0.95" CONTENT="o."/><SP WIDTH="10" VPOS="417" HPOS="815"/>
							<String ID="string_100" HPOS="825" VPOS="417" WIDTH="16" HEIGHT="14" WC="0.96" CONTENT="s."/><SP WIDTH="10" VPOS="417" HPOS="841"/>
							<String ID="string_101" HPOS="851" VPOS="416" WIDTH="16" HEIGHT="13" WC="0.89" CONTENT="v."/><SP WIDTH="10" VPOS="416" HPOS="867"/>
							<String ID="string_102" HPOS="877" VPOS="422" WIDTH="26" HEIGHT="3" WC="0.89" CONTENT="—"/>
						</TextLine>
						<TextLine ID="line_10" HPOS="84" VPOS="439" WIDTH="823" HEIGHT="28">
							<String ID="string_103" HPOS="84" VPOS="439" WIDTH="141" HEIGHT="28" WC="0.92" CONTENT="Följaktligen"/><SP WIDTH="20" VPOS="439" HPOS="225"/>
							<String ID="string_104" HPOS="245" VPOS="445" WIDTH="49" HEIGHT="20" WC="0.93" CONTENT="eger"/><SP WIDTH="15" VPOS="445" HPOS="294"/>
							<String ID="string_105" HPOS="309" VPOS="439" WIDTH="47" HEIGHT="25" WC="0.96" CONTENT="den,"/><SP WIDTH="22" VPOS="439" HPOS="356"/>
							<String ID="string_106" HPOS="378" VPOS="445" WIDTH="45" HEIGHT="16" WC="0.92" CONTENT="som"/><SP WIDTH="23" VPOS="445" HPOS="423"/>
							<String ID="string_107" HPOS="446" VPOS="439" WIDTH="66" HEIGHT="26" WC="0.91" CONTENT="köper"/><SP WIDTH="13" VPOS="439" HPOS="512"/>
							<String ID="string_108" HPOS="525" VPOS="439" WIDTH="55" HEIGHT="27" WC="0.93" CONTENT="jord,"/><SP WIDTH="23" VPOS="439" HPOS="580"/>
							<String ID="string_109" HPOS="603" VPOS="439" WIDTH="102" HEIGHT="26" WC="0.92" CONTENT="rättighet"/><SP WIDTH="14" VPOS="439" HPOS="705"/>
							<String ID="string_110" HPOS="719" VPOS="441" WIDTH="33" HEIGHT="19" WC="0.96" CONTENT="att"/><SP WIDTH="19" VPOS="441" HPOS="752"/>
							<String ID="string_111" HPOS="771" VPOS="439" WIDTH="51" HEIGHT="21" WC="0.93" CONTENT="söka"/><SP WIDTH="15" VPOS="439" HPOS="822"/>
							<String ID="string_112" HPOS="837" VPOS="439" WIDTH="70" HEIGHT="26" WC="0.91" CONTENT="styck-"/>
						</TextLine>
						<TextLine ID="line_11" HPOS="84" VPOS="467" WIDTH="821" HEIGHT="31">
							<String ID="string_113" HPOS="84" VPOS="469" WIDTH="54" HEIGHT="26" WC="0.95" CONTENT="ning,"/><SP WIDTH="16" VPOS="469" HPOS="138"/>
							<String ID="string_114" HPOS="154" VPOS="474" WIDTH="46" HEIGHT="15" WC="0.93" CONTENT="men"/><SP WIDTH="25" VPOS="474" HPOS="200"/>
							<String ID="string_115" HPOS="225" VPOS="468" WIDTH="64" HEIGHT="21" WC="0.91" CONTENT="ocksä"/><SP WIDTH="19" VPOS="468" HPOS="289"/>
							<String ID="string_116" HPOS="308" VPOS="468" WIDTH="133" HEIGHT="30" WC="0.91" CONTENT="jordegaren,"/><SP WIDTH="24" VPOS="468" HPOS="441"/>
							<String ID="string_117" HPOS="465" VPOS="468" WIDTH="60" HEIGHT="21" WC="0.92" CONTENT="äfven"/><SP WIDTH="24" VPOS="468" HPOS="525"/>
							<String ID="string_118" HPOS="549" VPOS="467" WIDTH="26" HEIGHT="22" WC="0.96" CONTENT="dä"/><SP WIDTH="15" VPOS="467" HPOS="575"/>
							<String ID="string_119" HPOS="590" VPOS="468" WIDTH="41" HEIGHT="21" WC="0.96" CONTENT="han"/><SP WIDTH="17" VPOS="468" HPOS="631"/>
							<String ID="string_120" HPOS="648" VPOS="469" WIDTH="56" HEIGHT="20" WC="0.93" CONTENT="ännu"/><SP WIDTH="15" VPOS="469" HPOS="704"/>
							<String ID="string_121" HPOS="719" VPOS="468" WIDTH="47" HEIGHT="21" WC="0.93" CONTENT="icke"/><SP WIDTH="16" VPOS="468" HPOS="766"/>
							<String ID="string_122" HPOS="782" VPOS="468" WIDTH="38" HEIGHT="21" WC="0.93" CONTENT="har"/><SP WIDTH="16" VPOS="468" HPOS="820"/>
							<String ID="string_123" HPOS="836" VPOS="467" WIDTH="69" HEIGHT="27" WC="0.92" CONTENT="nägon"/>
						</TextLine>
						<TextLine ID="line_12" HPOS="83" VPOS="497" WIDTH="823" HEIGHT="27">
							<String ID="string_124" HPOS="83" VPOS="497" WIDTH="79" HEIGHT="27" WC="0.93" CONTENT="köpare"/><SP WIDTH="21" VPOS="497" HPOS="162"/>
							<String ID="string_125" HPOS="183" VPOS="497" WIDTH="32" HEIGHT="21" WC="0.93" CONTENT="till"/><SP WIDTH="14" VPOS="497" HPOS="215"/>
							<String ID="string_126" HPOS="229" VPOS="497" WIDTH="82" HEIGHT="26" WC="0.90" CONTENT="jorden."/><SP WIDTH="31" VPOS="497" HPOS="311"/>
							<String ID="string_127" HPOS="342" VPOS="497" WIDTH="54" HEIGHT="26" WC="0.90" CONTENT=",Jag"/><SP WIDTH="23" VPOS="497" HPOS="396"/>
							<String ID="string_128" HPOS="419" VPOS="497" WIDTH="67" HEIGHT="21" WC="0.93" CONTENT="skulle"/><SP WIDTH="23" VPOS="497" HPOS="486"/>
							<String ID="string_129" HPOS="509" VPOS="497" WIDTH="72" HEIGHT="21" WC="0.91" CONTENT="derför"/><SP WIDTH="23" VPOS="497" HPOS="581"/>
							<String ID="string_130" HPOS="604" VPOS="503" WIDTH="56" HEIGHT="18" WC="0.92" CONTENT="anse,"/><SP WIDTH="23" VPOS="503" HPOS="660"/>
							<String ID="string_131" HPOS="683" VPOS="499" WIDTH="32" HEIGHT="18" WC="0.96" CONTENT="att"/><SP WIDTH="16" VPOS="499" HPOS="715"/>
							<String ID="string_132" HPOS="731" VPOS="497" WIDTH="39" HEIGHT="20" WC="0.96" CONTENT="den"/><SP WIDTH="15" VPOS="497" HPOS="770"/>
							<String ID="string_133" HPOS="785" VPOS="497" WIDTH="121" HEIGHT="25" WC="0.96" CONTENT="föreslagna"/>
						</TextLine>
						<TextLine ID="line_13" HPOS="83" VPOS="524" WIDTH="824" HEIGHT="29">
							<String ID="string_134" HPOS="83" VPOS="525" WIDTH="147" HEIGHT="22" WC="0.63" CONTENT="&amp;terremissen"/><SP WIDTH="23" VPOS="525" HPOS="230"/>
							<String ID="string_135" HPOS="253" VPOS="525" WIDTH="46" HEIGHT="22" WC="0.96" CONTENT="icke"/><SP WIDTH="23" VPOS="525" HPOS="299"/>
							<String ID="string_136" HPOS="322" VPOS="527" WIDTH="24" HEIGHT="19" WC="0.92" CONTENT="är"/><SP WIDTH="22" VPOS="527" HPOS="346"/>
							<String ID="string_137" HPOS="368" VPOS="526" WIDTH="126" HEIGHT="27" WC="0.95" CONTENT="nödvändig,"/><SP WIDTH="23" VPOS="526" HPOS="494"/>
							<String ID="string_138" HPOS="517" VPOS="528" WIDTH="55" HEIGHT="19" WC="0.96" CONTENT="samt"/><SP WIDTH="15" VPOS="528" HPOS="572"/>
							<String ID="string_139" HPOS="587" VPOS="529" WIDTH="32" HEIGHT="17" WC="0.96" CONTENT="att"/><SP WIDTH="16" VPOS="529" HPOS="619"/>
							<String ID="string_140" HPOS="635" VPOS="531" WIDTH="24" HEIGHT="15" WC="0.93" CONTENT="en"/><SP WIDTH="17" VPOS="531" HPOS="659"/>
							<String ID="string_141" HPOS="676" VPOS="525" WIDTH="133" HEIGHT="26" WC="0.96" CONTENT="bestämning"/><SP WIDTH="15" VPOS="525" HPOS="809"/>
							<String ID="string_142" HPOS="824" VPOS="525" WIDTH="7" HEIGHT="20" WC="0.96" CONTENT="i"/><SP WIDTH="16" VPOS="525" HPOS="831"/>
							<String ID="string_143" HPOS="847" VPOS="524" WIDTH="60" HEIGHT="22" WC="0.96" CONTENT="detta"/>
						</TextLine>
						<TextLine ID="line_14" HPOS="83" VPOS="553" WIDTH="823" HEIGHT="28">
							<String ID="string_144" HPOS="83" VPOS="554" WIDTH="99" HEIGHT="21" WC="0.95" CONTENT="afseende"/><SP WIDTH="23" VPOS="554" HPOS="182"/>
							<String ID="string_145" HPOS="205" VPOS="554" WIDTH="18" HEIGHT="26" WC="0.95" CONTENT="ej"/><SP WIDTH="16" VPOS="554" HPOS="223"/>
							<String ID="string_146" HPOS="239" VPOS="553" WIDTH="66" HEIGHT="22" WC="0.93" CONTENT="heller"/><SP WIDTH="16" VPOS="553" HPOS="305"/>
							<String ID="string_147" HPOS="321" VPOS="560" WIDTH="64" HEIGHT="21" WC="0.96" CONTENT="gerna"/><SP WIDTH="15" VPOS="560" HPOS="385"/>
							<String ID="string_148" HPOS="400" VPOS="554" WIDTH="70" HEIGHT="21" WC="0.91" CONTENT="kunde"/><SP WIDTH="17" VPOS="554" HPOS="470"/>
							<String ID="string_149" HPOS="487" VPOS="555" WIDTH="48" HEIGHT="26" WC="0.95" CONTENT="ingå"/><SP WIDTH="15" VPOS="555" HPOS="535"/>
							<String ID="string_150" HPOS="550" VPOS="555" WIDTH="6" HEIGHT="20" WC="0.94" CONTENT="i"/><SP WIDTH="18" VPOS="555" HPOS="556"/>
							<String ID="string_151" HPOS="574" VPOS="556" WIDTH="9" HEIGHT="19" WC="0.96" CONTENT="1"/><SP WIDTH="18" VPOS="556" HPOS="583"/>
							<String ID="string_152" HPOS="601" VPOS="554" WIDTH="20" HEIGHT="27" WC="0.78" CONTENT="8,"/><SP WIDTH="17" VPOS="554" HPOS="621"/>
							<String ID="string_153" HPOS="638" VPOS="557" WIDTH="49" HEIGHT="18" WC="0.96" CONTENT="utan"/><SP WIDTH="17" VPOS="557" HPOS="687"/>
							<String ID="string_154" HPOS="704" VPOS="556" WIDTH="37" HEIGHT="23" WC="0.96" CONTENT="att,"/><SP WIDTH="16" VPOS="556" HPOS="741"/>
							<String ID="string_155" HPOS="757" VPOS="560" WIDTH="34" HEIGHT="15" WC="0.96" CONTENT="om"/><SP WIDTH="16" VPOS="560" HPOS="791"/>
							<String ID="string_156" HPOS="807" VPOS="560" WIDTH="25" HEIGHT="15" WC="0.93" CONTENT="en"/><SP WIDTH="17" VPOS="560" HPOS="832"/>
							<String ID="string_157" HPOS="849" VPOS="553" WIDTH="57" HEIGHT="22" WC="0.90" CONTENT="äter-"/>
						</TextLine>
						<TextLine ID="line_15" HPOS="83" VPOS="582" WIDTH="773" HEIGHT="28">
							<String ID="string_158" HPOS="83" VPOS="582" WIDTH="74" HEIGHT="23" WC="0.92" CONTENT="remiss"/><SP WIDTH="16" VPOS="582" HPOS="157"/>
							<String ID="string_159" HPOS="173" VPOS="589" WIDTH="61" HEIGHT="16" WC="0.93" CONTENT="anses"/><SP WIDTH="15" VPOS="589" HPOS="234"/>
							<String ID="string_160" HPOS="249" VPOS="583" WIDTH="70" HEIGHT="27" WC="0.91" CONTENT="nödig,"/><SP WIDTH="16" VPOS="583" HPOS="319"/>
							<String ID="string_161" HPOS="335" VPOS="583" WIDTH="69" HEIGHT="21" WC="0.93" CONTENT="denna"/><SP WIDTH="15" VPOS="583" HPOS="404"/>
							<String ID="string_162" HPOS="419" VPOS="583" WIDTH="133" HEIGHT="27" WC="0.92" CONTENT="bestämning"/><SP WIDTH="16" VPOS="583" HPOS="552"/>
							<String ID="string_163" HPOS="568" VPOS="583" WIDTH="26" HEIGHT="21" WC="0.96" CONTENT="dä"/><SP WIDTH="15" VPOS="583" HPOS="594"/>
							<String ID="string_164" HPOS="609" VPOS="583" WIDTH="69" HEIGHT="21" WC="0.96" CONTENT="kunde"/><SP WIDTH="17" VPOS="583" HPOS="678"/>
							<String ID="string_165" HPOS="695" VPOS="583" WIDTH="78" HEIGHT="21" WC="0.96" CONTENT="införas"/><SP WIDTH="16" VPOS="583" HPOS="773"/>
							<String ID="string_166" HPOS="789" VPOS="583" WIDTH="6" HEIGHT="20" WC="0.93" CONTENT="i"/><SP WIDTH="16" VPOS="583" HPOS="795"/>
							<String ID="string_167" HPOS="811" VPOS="583" WIDTH="10" HEIGHT="25" WC="0.93" CONTENT="$"/><SP WIDTH="17" VPOS="583" HPOS="821"/>
							<String ID="string_168" HPOS="838" VPOS="582" WIDTH="18" HEIGHT="21" WC="0.96" CONTENT="3."/>
						</TextLine>
					</TextBlock>
				</ComposedBlock>
				<ComposedBlock ID="cblock_3" HPOS="81" VPOS="639" WIDTH="825" HEIGHT="343">
					<TextBlock ID="block_2" HPOS="81" VPOS="639" WIDTH="825" HEIGHT="343">
						<TextLine ID="line_16" HPOS="152" VPOS="639" WIDTH="752" HEIGHT="28">
							<String ID="string_169" HPOS="152" VPOS="639" WIDTH="54" HEIGHT="22" WC="0.92" CONTENT="Herr"/><SP WIDTH="23" VPOS="639" HPOS="206"/>
							<String ID="string_170" HPOS="229" VPOS="639" WIDTH="147" HEIGHT="22" WC="0.88" CONTENT="Grönvik:"/><SP WIDTH="42" VPOS="639" HPOS="376"/>
							<String ID="string_171" HPOS="418" VPOS="639" WIDTH="65" HEIGHT="22" WC="0.76" CONTENT="Afven"/><SP WIDTH="24" VPOS="639" HPOS="483"/>
							<String ID="string_172" HPOS="507" VPOS="641" WIDTH="36" HEIGHT="26" WC="0.96" CONTENT="jag"/><SP WIDTH="22" VPOS="641" HPOS="543"/>
							<String ID="string_173" HPOS="565" VPOS="641" WIDTH="59" HEIGHT="20" WC="0.95" CONTENT="delar"/><SP WIDTH="23" VPOS="641" HPOS="624"/>
							<String ID="string_174" HPOS="647" VPOS="640" WIDTH="39" HEIGHT="21" WC="0.96" CONTENT="den"/><SP WIDTH="23" VPOS="640" HPOS="686"/>
							<String ID="string_175" HPOS="709" VPOS="640" WIDTH="23" HEIGHT="21" WC="0.90" CONTENT="af"/><SP WIDTH="20" VPOS="640" HPOS="732"/>
							<String ID="string_176" HPOS="752" VPOS="639" WIDTH="49" HEIGHT="22" WC="0.96" CONTENT="herr"/><SP WIDTH="22" VPOS="639" HPOS="801"/>
							<String ID="string_177" HPOS="823" VPOS="639" WIDTH="81" HEIGHT="22" WC="0.96" CONTENT="Berner"/>
						</TextLine>
						<TextLine ID="line_17" HPOS="82" VPOS="668" WIDTH="823" HEIGHT="27">
							<String ID="string_178" HPOS="82" VPOS="669" WIDTH="132" HEIGHT="21" WC="0.92" CONTENT="framställda"/><SP WIDTH="18" VPOS="669" HPOS="214"/>
							<String ID="string_179" HPOS="232" VPOS="669" WIDTH="62" HEIGHT="26" WC="0.92" CONTENT="äsigt,"/><SP WIDTH="17" VPOS="669" HPOS="294"/>
							<String ID="string_180" HPOS="311" VPOS="671" WIDTH="38" HEIGHT="24" WC="0.95" CONTENT="att,"/><SP WIDTH="20" VPOS="671" HPOS="349"/>
							<String ID="string_181" HPOS="369" VPOS="675" WIDTH="33" HEIGHT="15" WC="0.96" CONTENT="om"/><SP WIDTH="17" VPOS="675" HPOS="402"/>
							<String ID="string_182" HPOS="419" VPOS="669" WIDTH="46" HEIGHT="20" WC="0.93" CONTENT="med"/><SP WIDTH="17" VPOS="669" HPOS="465"/>
							<String ID="string_183" HPOS="482" VPOS="669" WIDTH="150" HEIGHT="26" WC="0.92" CONTENT="författningen"/><SP WIDTH="17" VPOS="669" HPOS="632"/>
							<String ID="string_184" HPOS="649" VPOS="668" WIDTH="38" HEIGHT="21" WC="0.93" CONTENT="har"/><SP WIDTH="16" VPOS="668" HPOS="687"/>
							<String ID="string_185" HPOS="703" VPOS="669" WIDTH="79" HEIGHT="25" WC="0.92" CONTENT="afsetts,"/><SP WIDTH="16" VPOS="669" HPOS="782"/>
							<String ID="string_186" HPOS="798" VPOS="668" WIDTH="36" HEIGHT="21" WC="0.93" CONTENT="det"/><SP WIDTH="13" VPOS="668" HPOS="834"/>
							<String ID="string_187" HPOS="847" VPOS="668" WIDTH="58" HEIGHT="27" WC="0.92" CONTENT="jord-"/>
						</TextLine>
						<TextLine ID="line_18" HPOS="83" VPOS="697" WIDTH="820" HEIGHT="27">
							<String ID="string_188" HPOS="83" VPOS="703" WIDTH="62" HEIGHT="20" WC="0.91" CONTENT="egare"/><SP WIDTH="15" VPOS="703" HPOS="145"/>
							<String ID="string_189" HPOS="160" VPOS="700" WIDTH="52" HEIGHT="19" WC="0.93" CONTENT="utan"/><SP WIDTH="22" VPOS="700" HPOS="212"/>
							<String ID="string_190" HPOS="234" VPOS="697" WIDTH="63" HEIGHT="27" WC="0.92" CONTENT="afsigt"/><SP WIDTH="16" VPOS="697" HPOS="297"/>
							<String ID="string_191" HPOS="313" VPOS="700" WIDTH="31" HEIGHT="18" WC="0.93" CONTENT="att"/><SP WIDTH="15" VPOS="700" HPOS="344"/>
							<String ID="string_192" HPOS="359" VPOS="698" WIDTH="53" HEIGHT="26" WC="0.92" CONTENT="sälja"/><SP WIDTH="15" VPOS="698" HPOS="412"/>
							<String ID="string_193" HPOS="427" VPOS="697" WIDTH="67" HEIGHT="22" WC="0.93" CONTENT="skulle"/><SP WIDTH="17" VPOS="697" HPOS="494"/>
							<String ID="string_194" HPOS="511" VPOS="697" WIDTH="21" HEIGHT="22" WC="0.92" CONTENT="fä"/><SP WIDTH="15" VPOS="697" HPOS="532"/>
							<String ID="string_195" HPOS="547" VPOS="697" WIDTH="85" HEIGHT="26" WC="0.92" CONTENT="afskilja"/><SP WIDTH="16" VPOS="697" HPOS="632"/>
							<String ID="string_196" HPOS="648" VPOS="704" WIDTH="25" HEIGHT="15" WC="0.97" CONTENT="en"/><SP WIDTH="17" VPOS="704" HPOS="673"/>
							<String ID="string_197" HPOS="690" VPOS="697" WIDTH="32" HEIGHT="21" WC="0.96" CONTENT="del"/><SP WIDTH="17" VPOS="697" HPOS="722"/>
							<String ID="string_198" HPOS="739" VPOS="697" WIDTH="22" HEIGHT="21" WC="0.96" CONTENT="af"/><SP WIDTH="13" VPOS="697" HPOS="761"/>
							<String ID="string_199" HPOS="774" VPOS="697" WIDTH="32" HEIGHT="21" WC="0.96" CONTENT="sin"/><SP WIDTH="14" VPOS="697" HPOS="806"/>
							<String ID="string_200" HPOS="820" VPOS="697" WIDTH="55" HEIGHT="26" WC="0.95" CONTENT="jord,"/><SP WIDTH="19" VPOS="697" HPOS="875"/>
							<String ID="string_201" HPOS="894" VPOS="698" WIDTH="9" HEIGHT="19" WC="0.97" CONTENT="1"/>
						</TextLine>
						<TextLine ID="line_19" HPOS="84" VPOS="725" WIDTH="820" HEIGHT="28">
							<String ID="string_202" HPOS="84" VPOS="727" WIDTH="12" HEIGHT="26" WC="0.81" CONTENT="&amp;"/><SP WIDTH="20" VPOS="727" HPOS="96"/>
							<String ID="string_203" HPOS="116" VPOS="728" WIDTH="24" HEIGHT="19" WC="0.92" CONTENT="är"/><SP WIDTH="15" VPOS="728" HPOS="140"/>
							<String ID="string_204" HPOS="155" VPOS="726" WIDTH="102" HEIGHT="27" WC="0.96" CONTENT="olyckligt"/><SP WIDTH="21" VPOS="726" HPOS="257"/>
							<String ID="string_205" HPOS="278" VPOS="726" WIDTH="117" HEIGHT="27" WC="0.96" CONTENT="redigerad,"/><SP WIDTH="24" VPOS="726" HPOS="395"/>
							<String ID="string_206" HPOS="419" VPOS="726" WIDTH="126" HEIGHT="21" WC="0.96" CONTENT="åtminstone"/><SP WIDTH="23" VPOS="726" HPOS="545"/>
							<String ID="string_207" HPOS="568" VPOS="727" WIDTH="65" HEIGHT="20" WC="0.96" CONTENT="borde"/><SP WIDTH="16" VPOS="727" HPOS="633"/>
							<String ID="string_208" HPOS="649" VPOS="727" WIDTH="27" HEIGHT="20" WC="0.92" CONTENT="dä"/><SP WIDTH="13" VPOS="727" HPOS="676"/>
							<String ID="string_209" HPOS="689" VPOS="726" WIDTH="78" HEIGHT="21" WC="0.93" CONTENT="orden:"/><SP WIDTH="18" VPOS="726" HPOS="767"/>
							<String ID="string_210" HPOS="785" VPOS="725" WIDTH="74" HEIGHT="28" WC="0.89" CONTENT=",deraf"/><SP WIDTH="14" VPOS="725" HPOS="859"/>
							<String ID="string_211" HPOS="873" VPOS="725" WIDTH="31" HEIGHT="21" WC="0.96" CONTENT="till"/>
						</TextLine>
						<TextLine ID="line_20" HPOS="83" VPOS="754" WIDTH="821" HEIGHT="29">
							<String ID="string_212" HPOS="83" VPOS="761" WIDTH="69" HEIGHT="15" WC="0.93" CONTENT="annan"/><SP WIDTH="19" VPOS="761" HPOS="152"/>
							<String ID="string_213" HPOS="171" VPOS="755" WIDTH="124" HEIGHT="25" WC="0.72" CONTENT="öfverläta*,"/><SP WIDTH="16" VPOS="755" HPOS="295"/>
							<String ID="string_214" HPOS="311" VPOS="757" WIDTH="90" HEIGHT="20" WC="0.96" CONTENT="ersättas"/><SP WIDTH="15" VPOS="757" HPOS="401"/>
							<String ID="string_215" HPOS="416" VPOS="755" WIDTH="47" HEIGHT="21" WC="0.93" CONTENT="med"/><SP WIDTH="16" VPOS="755" HPOS="463"/>
							<String ID="string_216" HPOS="479" VPOS="755" WIDTH="106" HEIGHT="25" WC="0.89" CONTENT=",derifrän"/><SP WIDTH="16" VPOS="755" HPOS="585"/>
							<String ID="string_217" HPOS="601" VPOS="755" WIDTH="103" HEIGHT="28" WC="0.51" CONTENT="afskilja.&#39;*"/><SP WIDTH="17" VPOS="755" HPOS="704"/>
							<String ID="string_218" HPOS="721" VPOS="767" WIDTH="26" HEIGHT="3" WC="0.92" CONTENT="—"/><SP WIDTH="16" VPOS="767" HPOS="747"/>
							<String ID="string_219" HPOS="763" VPOS="755" WIDTH="10" HEIGHT="20" WC="0.94" CONTENT="I"/><SP WIDTH="16" VPOS="755" HPOS="773"/>
							<String ID="string_220" HPOS="789" VPOS="755" WIDTH="63" HEIGHT="27" WC="0.96" CONTENT="öfrigt"/><SP WIDTH="10" VPOS="755" HPOS="852"/>
							<String ID="string_221" HPOS="862" VPOS="754" WIDTH="42" HEIGHT="21" WC="0.97" CONTENT="kan"/>
						</TextLine>
						<TextLine ID="line_21" HPOS="81" VPOS="783" WIDTH="824" HEIGHT="28">
							<String ID="string_222" HPOS="81" VPOS="784" WIDTH="36" HEIGHT="27" WC="0.93" CONTENT="jag"/><SP WIDTH="22" VPOS="784" HPOS="117"/>
							<String ID="string_223" HPOS="139" VPOS="783" WIDTH="18" HEIGHT="28" WC="0.96" CONTENT="ej"/><SP WIDTH="20" VPOS="783" HPOS="157"/>
							<String ID="string_224" HPOS="177" VPOS="783" WIDTH="110" HEIGHT="22" WC="0.96" CONTENT="underlåta"/><SP WIDTH="16" VPOS="783" HPOS="287"/>
							<String ID="string_225" HPOS="303" VPOS="786" WIDTH="37" HEIGHT="24" WC="0.96" CONTENT="att,"/><SP WIDTH="17" VPOS="786" HPOS="340"/>
							<String ID="string_226" HPOS="357" VPOS="784" WIDTH="6" HEIGHT="21" WC="0.93" CONTENT="i"/><SP WIDTH="16" VPOS="784" HPOS="363"/>
							<String ID="string_227" HPOS="379" VPOS="783" WIDTH="114" HEIGHT="28" WC="0.96" CONTENT="anledning"/><SP WIDTH="15" VPOS="783" HPOS="493"/>
							<String ID="string_228" HPOS="508" VPOS="783" WIDTH="21" HEIGHT="22" WC="0.93" CONTENT="af"/><SP WIDTH="14" VPOS="783" HPOS="529"/>
							<String ID="string_229" HPOS="543" VPOS="784" WIDTH="55" HEIGHT="21" WC="0.96" CONTENT="hvad"/><SP WIDTH="16" VPOS="784" HPOS="598"/>
							<String ID="string_230" HPOS="614" VPOS="783" WIDTH="49" HEIGHT="22" WC="0.96" CONTENT="herr"/><SP WIDTH="16" VPOS="783" HPOS="663"/>
							<String ID="string_231" HPOS="679" VPOS="783" WIDTH="80" HEIGHT="22" WC="0.96" CONTENT="Öhman"/><SP WIDTH="17" VPOS="783" HPOS="759"/>
							<String ID="string_232" HPOS="776" VPOS="786" WIDTH="72" HEIGHT="19" WC="0.93" CONTENT="senast"/><SP WIDTH="15" VPOS="786" HPOS="848"/>
							<String ID="string_233" HPOS="863" VPOS="785" WIDTH="42" HEIGHT="25" WC="0.93" CONTENT="ytt-"/>
						</TextLine>
						<TextLine ID="line_22" HPOS="83" VPOS="811" WIDTH="822" HEIGHT="28">
							<String ID="string_234" HPOS="83" VPOS="813" WIDTH="56" HEIGHT="25" WC="0.90" CONTENT="rade,"/><SP WIDTH="16" VPOS="813" HPOS="139"/>
							<String ID="string_235" HPOS="155" VPOS="812" WIDTH="68" HEIGHT="21" WC="0.93" CONTENT="uttala"/><SP WIDTH="21" VPOS="812" HPOS="223"/>
							<String ID="string_236" HPOS="244" VPOS="813" WIDTH="42" HEIGHT="20" WC="0.93" CONTENT="min"/><SP WIDTH="16" VPOS="813" HPOS="286"/>
							<String ID="string_237" HPOS="302" VPOS="812" WIDTH="114" HEIGHT="22" WC="0.92" CONTENT="förundran"/><SP WIDTH="16" VPOS="812" HPOS="416"/>
							<String ID="string_238" HPOS="432" VPOS="813" WIDTH="103" HEIGHT="26" WC="0.92" CONTENT="deröfver,"/><SP WIDTH="16" VPOS="813" HPOS="535"/>
							<String ID="string_239" HPOS="551" VPOS="815" WIDTH="32" HEIGHT="19" WC="0.96" CONTENT="att"/><SP WIDTH="16" VPOS="815" HPOS="583"/>
							<String ID="string_240" HPOS="599" VPOS="819" WIDTH="48" HEIGHT="14" WC="0.96" CONTENT="man"/><SP WIDTH="16" VPOS="819" HPOS="647"/>
							<String ID="string_241" HPOS="663" VPOS="813" WIDTH="6" HEIGHT="20" WC="0.93" CONTENT="i"/><SP WIDTH="16" VPOS="813" HPOS="669"/>
							<String ID="string_242" HPOS="685" VPOS="813" WIDTH="104" HEIGHT="20" WC="0.93" CONTENT="utskottet"/><SP WIDTH="13" VPOS="813" HPOS="789"/>
							<String ID="string_243" HPOS="802" VPOS="812" WIDTH="39" HEIGHT="21" WC="0.96" CONTENT="har"/><SP WIDTH="10" VPOS="812" HPOS="841"/>
							<String ID="string_244" HPOS="851" VPOS="811" WIDTH="54" HEIGHT="22" WC="0.96" CONTENT="varit"/>
						</TextLine>
						<TextLine ID="line_23" HPOS="83" VPOS="841" WIDTH="822" HEIGHT="27">
							<String ID="string_245" HPOS="83" VPOS="842" WIDTH="23" HEIGHT="21" WC="0.96" CONTENT="sä"/><SP WIDTH="20" VPOS="842" HPOS="106"/>
							<String ID="string_246" HPOS="126" VPOS="842" WIDTH="48" HEIGHT="21" WC="0.96" CONTENT="män"/><SP WIDTH="19" VPOS="842" HPOS="174"/>
							<String ID="string_247" HPOS="193" VPOS="847" WIDTH="34" HEIGHT="15" WC="0.93" CONTENT="om"/><SP WIDTH="16" VPOS="847" HPOS="227"/>
							<String ID="string_248" HPOS="243" VPOS="841" WIDTH="193" HEIGHT="27" WC="0.91" CONTENT="sytningstagarene"/><SP WIDTH="13" VPOS="841" HPOS="436"/>
							<String ID="string_249" HPOS="449" VPOS="842" WIDTH="45" HEIGHT="26" WC="0.96" CONTENT="just"/><SP WIDTH="15" VPOS="842" HPOS="494"/>
							<String ID="string_250" HPOS="509" VPOS="841" WIDTH="34" HEIGHT="22" WC="0.97" CONTENT="vid"/><SP WIDTH="21" VPOS="841" HPOS="543"/>
							<String ID="string_251" HPOS="564" VPOS="844" WIDTH="30" HEIGHT="19" WC="0.93" CONTENT="ett"/><SP WIDTH="15" VPOS="844" HPOS="594"/>
							<String ID="string_252" HPOS="609" VPOS="841" WIDTH="76" HEIGHT="22" WC="0.92" CONTENT="sädant"/><SP WIDTH="15" VPOS="841" HPOS="685"/>
							<String ID="string_253" HPOS="700" VPOS="841" WIDTH="83" HEIGHT="21" WC="0.89" CONTENT="tillfälle"/><SP WIDTH="15" VPOS="841" HPOS="783"/>
							<String ID="string_254" HPOS="798" VPOS="847" WIDTH="45" HEIGHT="15" WC="0.93" CONTENT="som"/><SP WIDTH="14" VPOS="847" HPOS="843"/>
							<String ID="string_255" HPOS="857" VPOS="847" WIDTH="48" HEIGHT="20" WC="0.91" CONTENT="par-"/>
						</TextLine>
						<TextLine ID="line_24" HPOS="84" VPOS="869" WIDTH="822" HEIGHT="28">
							<String ID="string_256" HPOS="84" VPOS="870" WIDTH="109" HEIGHT="27" WC="0.91" CONTENT="cellering;"/><SP WIDTH="22" VPOS="870" HPOS="193"/>
							<String ID="string_257" HPOS="215" VPOS="872" WIDTH="21" HEIGHT="25" WC="0.97" CONTENT="ty"/><SP WIDTH="21" VPOS="872" HPOS="236"/>
							<String ID="string_258" HPOS="257" VPOS="871" WIDTH="75" HEIGHT="20" WC="0.96" CONTENT="tänker"/><SP WIDTH="20" VPOS="871" HPOS="332"/>
							<String ID="string_259" HPOS="352" VPOS="877" WIDTH="48" HEIGHT="14" WC="0.95" CONTENT="man"/><SP WIDTH="23" VPOS="877" HPOS="400"/>
							<String ID="string_260" HPOS="423" VPOS="871" WIDTH="38" HEIGHT="26" WC="0.96" CONTENT="sig,"/><SP WIDTH="23" VPOS="871" HPOS="461"/>
							<String ID="string_261" HPOS="484" VPOS="873" WIDTH="31" HEIGHT="18" WC="0.96" CONTENT="att"/><SP WIDTH="16" VPOS="873" HPOS="515"/>
							<String ID="string_262" HPOS="531" VPOS="877" WIDTH="25" HEIGHT="15" WC="0.93" CONTENT="en"/><SP WIDTH="20" VPOS="877" HPOS="556"/>
							<String ID="string_263" HPOS="576" VPOS="870" WIDTH="172" HEIGHT="26" WC="0.81" CONTENT="hemmansegare"/><SP WIDTH="15" VPOS="870" HPOS="748"/>
							<String ID="string_264" HPOS="763" VPOS="869" WIDTH="36" HEIGHT="22" WC="0.93" CONTENT="vill"/><SP WIDTH="16" VPOS="869" HPOS="799"/>
							<String ID="string_265" HPOS="815" VPOS="869" WIDTH="91" HEIGHT="26" WC="0.92" CONTENT="svekligt"/>
						</TextLine>
						<TextLine ID="line_25" HPOS="83" VPOS="898" WIDTH="822" HEIGHT="27">
							<String ID="string_266" HPOS="83" VPOS="899" WIDTH="86" HEIGHT="26" WC="0.92" CONTENT="förfara,"/><SP WIDTH="19" VPOS="899" HPOS="169"/>
							<String ID="string_267" HPOS="188" VPOS="899" WIDTH="25" HEIGHT="20" WC="0.95" CONTENT="sä"/><SP WIDTH="14" VPOS="899" HPOS="213"/>
							<String ID="string_268" HPOS="227" VPOS="899" WIDTH="42" HEIGHT="21" WC="0.96" CONTENT="kan"/><SP WIDTH="16" VPOS="899" HPOS="269"/>
							<String ID="string_269" HPOS="285" VPOS="899" WIDTH="40" HEIGHT="21" WC="0.96" CONTENT="han"/><SP WIDTH="14" VPOS="899" HPOS="325"/>
							<String ID="string_270" HPOS="339" VPOS="899" WIDTH="23" HEIGHT="26" WC="0.96" CONTENT="ju"/><SP WIDTH="16" VPOS="899" HPOS="362"/>
							<String ID="string_271" HPOS="378" VPOS="901" WIDTH="51" HEIGHT="24" WC="0.96" CONTENT="göra"/><SP WIDTH="16" VPOS="901" HPOS="429"/>
							<String ID="string_272" HPOS="445" VPOS="900" WIDTH="35" HEIGHT="20" WC="0.96" CONTENT="det"/><SP WIDTH="15" VPOS="900" HPOS="480"/>
							<String ID="string_273" HPOS="495" VPOS="905" WIDTH="75" HEIGHT="20" WC="0.96" CONTENT="genom"/><SP WIDTH="16" VPOS="905" HPOS="570"/>
							<String ID="string_274" HPOS="586" VPOS="901" WIDTH="33" HEIGHT="19" WC="0.93" CONTENT="att"/><SP WIDTH="15" VPOS="901" HPOS="619"/>
							<String ID="string_275" HPOS="634" VPOS="898" WIDTH="54" HEIGHT="27" WC="0.93" CONTENT="sälja"/><SP WIDTH="16" VPOS="898" HPOS="688"/>
							<String ID="string_276" HPOS="704" VPOS="899" WIDTH="37" HEIGHT="21" WC="0.93" CONTENT="sitt"/><SP WIDTH="15" VPOS="899" HPOS="741"/>
							<String ID="string_277" HPOS="756" VPOS="899" WIDTH="96" HEIGHT="20" WC="0.92" CONTENT="hemman"/><SP WIDTH="13" VPOS="899" HPOS="852"/>
							<String ID="string_278" HPOS="865" VPOS="899" WIDTH="40" HEIGHT="20" WC="0.96" CONTENT="när"/>
						</TextLine>
						<TextLine ID="line_26" HPOS="83" VPOS="926" WIDTH="822" HEIGHT="29">
							<String ID="string_279" HPOS="83" VPOS="934" WIDTH="45" HEIGHT="15" WC="0.96" CONTENT="som"/><SP WIDTH="22" VPOS="934" HPOS="128"/>
							<String ID="string_280" HPOS="150" VPOS="927" WIDTH="55" HEIGHT="21" WC="0.95" CONTENT="helst"/><SP WIDTH="15" VPOS="927" HPOS="205"/>
							<String ID="string_281" HPOS="220" VPOS="931" WIDTH="51" HEIGHT="18" WC="0.96" CONTENT="utan"/><SP WIDTH="16" VPOS="931" HPOS="271"/>
							<String ID="string_282" HPOS="287" VPOS="930" WIDTH="32" HEIGHT="18" WC="0.93" CONTENT="att"/><SP WIDTH="15" VPOS="930" HPOS="319"/>
							<String ID="string_283" HPOS="334" VPOS="927" WIDTH="89" HEIGHT="22" WC="0.92" CONTENT="behöfva"/><SP WIDTH="15" VPOS="927" HPOS="423"/>
							<String ID="string_284" HPOS="438" VPOS="927" WIDTH="115" HEIGHT="27" WC="0.83" CONTENT="parcellera"/><SP WIDTH="15" VPOS="927" HPOS="553"/>
							<String ID="string_285" HPOS="568" VPOS="928" WIDTH="42" HEIGHT="21" WC="0.91" CONTENT="det."/><SP WIDTH="31" VPOS="928" HPOS="610"/>
							<String ID="string_286" HPOS="641" VPOS="927" WIDTH="174" HEIGHT="28" WC="0.91" CONTENT="Sytningstagare"/><SP WIDTH="16" VPOS="927" HPOS="815"/>
							<String ID="string_287" HPOS="831" VPOS="929" WIDTH="22" HEIGHT="18" WC="0.93" CONTENT="är"/><SP WIDTH="14" VPOS="929" HPOS="853"/>
							<String ID="string_288" HPOS="867" VPOS="926" WIDTH="38" HEIGHT="22" WC="0.93" CONTENT="all-"/>
						</TextLine>
						<TextLine ID="line_27" HPOS="84" VPOS="955" WIDTH="692" HEIGHT="27">
							<String ID="string_289" HPOS="84" VPOS="956" WIDTH="30" HEIGHT="21" WC="0.93" CONTENT="tid"/><SP WIDTH="21" VPOS="956" HPOS="114"/>
							<String ID="string_290" HPOS="135" VPOS="959" WIDTH="66" HEIGHT="18" WC="0.93" CONTENT="utsatt"/><SP WIDTH="16" VPOS="959" HPOS="201"/>
							<String ID="string_291" HPOS="217" VPOS="956" WIDTH="32" HEIGHT="21" WC="0.96" CONTENT="för"/><SP WIDTH="16" VPOS="956" HPOS="249"/>
							<String ID="string_292" HPOS="265" VPOS="959" WIDTH="31" HEIGHT="18" WC="0.93" CONTENT="ett"/><SP WIDTH="16" VPOS="959" HPOS="296"/>
							<String ID="string_293" HPOS="312" VPOS="957" WIDTH="75" HEIGHT="21" WC="0.92" CONTENT="sädant"/><SP WIDTH="16" VPOS="957" HPOS="387"/>
							<String ID="string_294" HPOS="403" VPOS="957" WIDTH="55" HEIGHT="23" WC="0.92" CONTENT="svek,"/><SP WIDTH="17" VPOS="957" HPOS="458"/>
							<String ID="string_295" HPOS="475" VPOS="963" WIDTH="33" HEIGHT="14" WC="0.96" CONTENT="om"/><SP WIDTH="17" VPOS="963" HPOS="508"/>
							<String ID="string_296" HPOS="525" VPOS="957" WIDTH="41" HEIGHT="20" WC="0.93" CONTENT="han"/><SP WIDTH="16" VPOS="957" HPOS="566"/>
							<String ID="string_297" HPOS="582" VPOS="957" WIDTH="45" HEIGHT="20" WC="0.92" CONTENT="icke"/><SP WIDTH="16" VPOS="957" HPOS="627"/>
							<String ID="string_298" HPOS="643" VPOS="963" WIDTH="33" HEIGHT="14" WC="0.96" CONTENT="ser"/><SP WIDTH="15" VPOS="963" HPOS="676"/>
							<String ID="string_299" HPOS="691" VPOS="955" WIDTH="33" HEIGHT="22" WC="0.96" CONTENT="för"/><SP WIDTH="15" VPOS="955" HPOS="724"/>
							<String ID="string_300" HPOS="739" VPOS="956" WIDTH="37" HEIGHT="26" WC="0.96" CONTENT="sig."/>
						</TextLine>
					</TextBlock>
				</ComposedBlock>
				<ComposedBlock ID="cblock_4" HPOS="80" VPOS="1012" WIDTH="825" HEIGHT="513">
					<TextBlock ID="block_3" HPOS="80" VPOS="1012" WIDTH="825" HEIGHT="513">
						<TextLine ID="line_28" HPOS="152" VPOS="1012" WIDTH="752" HEIGHT="29">
							<String ID="string_301" HPOS="152" VPOS="1013" WIDTH="54" HEIGHT="21" WC="0.92" CONTENT="Herr"/><SP WIDTH="23" VPOS="1013" HPOS="206"/>
							<String ID="string_302" HPOS="229" VPOS="1013" WIDTH="125" HEIGHT="27" WC="0.92" CONTENT="Nysten:"/><SP WIDTH="31" VPOS="1013" HPOS="354"/>
							<String ID="string_303" HPOS="385" VPOS="1013" WIDTH="40" HEIGHT="28" WC="0.93" CONTENT="Jag"/><SP WIDTH="18" VPOS="1013" HPOS="425"/>
							<String ID="string_304" HPOS="443" VPOS="1013" WIDTH="91" HEIGHT="27" WC="0.95" CONTENT="begärde"/><SP WIDTH="23" VPOS="1013" HPOS="534"/>
							<String ID="string_305" HPOS="557" VPOS="1013" WIDTH="61" HEIGHT="21" WC="0.96" CONTENT="ordet"/><SP WIDTH="23" VPOS="1013" HPOS="618"/>
							<String ID="string_306" HPOS="641" VPOS="1013" WIDTH="32" HEIGHT="21" WC="0.96" CONTENT="för"/><SP WIDTH="16" VPOS="1013" HPOS="673"/>
							<String ID="string_307" HPOS="689" VPOS="1015" WIDTH="31" HEIGHT="19" WC="0.96" CONTENT="att"/><SP WIDTH="20" VPOS="1015" HPOS="720"/>
							<String ID="string_308" HPOS="740" VPOS="1017" WIDTH="43" HEIGHT="17" WC="0.92" CONTENT="mot"/><SP WIDTH="16" VPOS="1017" HPOS="783"/>
							<String ID="string_309" HPOS="799" VPOS="1014" WIDTH="48" HEIGHT="20" WC="0.93" CONTENT="herr"/><SP WIDTH="16" VPOS="1014" HPOS="847"/>
							<String ID="string_310" HPOS="863" VPOS="1012" WIDTH="41" HEIGHT="22" WC="0.84" CONTENT="Oh-"/>
						</TextLine>
						<TextLine ID="line_29" HPOS="83" VPOS="1041" WIDTH="820" HEIGHT="28">
							<String ID="string_311" HPOS="83" VPOS="1048" WIDTH="59" HEIGHT="15" WC="0.92" CONTENT="mans"/><SP WIDTH="15" VPOS="1048" HPOS="142"/>
							<String ID="string_312" HPOS="157" VPOS="1042" WIDTH="135" HEIGHT="27" WC="0.91" CONTENT="andragande"/><SP WIDTH="22" VPOS="1042" HPOS="292"/>
							<String ID="string_313" HPOS="314" VPOS="1044" WIDTH="51" HEIGHT="25" WC="0.93" CONTENT="göra"/><SP WIDTH="23" VPOS="1044" HPOS="365"/>
							<String ID="string_314" HPOS="388" VPOS="1042" WIDTH="110" HEIGHT="21" WC="0.92" CONTENT="enahanda"/><SP WIDTH="22" VPOS="1042" HPOS="498"/>
							<String ID="string_315" HPOS="520" VPOS="1041" WIDTH="139" HEIGHT="27" WC="0.92" CONTENT="anmärkning"/><SP WIDTH="20" VPOS="1041" HPOS="659"/>
							<String ID="string_316" HPOS="679" VPOS="1048" WIDTH="44" HEIGHT="15" WC="0.93" CONTENT="som"/><SP WIDTH="17" VPOS="1048" HPOS="723"/>
							<String ID="string_317" HPOS="740" VPOS="1042" WIDTH="47" HEIGHT="21" WC="0.92" CONTENT="herr"/><SP WIDTH="16" VPOS="1042" HPOS="787"/>
							<String ID="string_318" HPOS="803" VPOS="1041" WIDTH="100" HEIGHT="23" WC="0.92" CONTENT="Grönvik."/>
						</TextLine>
						<TextLine ID="line_30" HPOS="82" VPOS="1070" WIDTH="822" HEIGHT="28">
							<String ID="string_319" HPOS="82" VPOS="1071" WIDTH="40" HEIGHT="27" WC="0.95" CONTENT="Jag"/><SP WIDTH="19" VPOS="1071" HPOS="122"/>
							<String ID="string_320" HPOS="141" VPOS="1071" WIDTH="36" HEIGHT="21" WC="0.93" CONTENT="vill"/><SP WIDTH="17" VPOS="1071" HPOS="177"/>
							<String ID="string_321" HPOS="194" VPOS="1071" WIDTH="101" HEIGHT="26" WC="0.92" CONTENT="derjemte"/><SP WIDTH="16" VPOS="1071" HPOS="295"/>
							<String ID="string_322" HPOS="311" VPOS="1071" WIDTH="6" HEIGHT="21" WC="0.93" CONTENT="i"/><SP WIDTH="15" VPOS="1071" HPOS="317"/>
							<String ID="string_323" HPOS="332" VPOS="1071" WIDTH="113" HEIGHT="26" WC="0.96" CONTENT="anledning"/><SP WIDTH="19" VPOS="1071" HPOS="445"/>
							<String ID="string_324" HPOS="464" VPOS="1071" WIDTH="23" HEIGHT="21" WC="0.96" CONTENT="af"/><SP WIDTH="14" VPOS="1071" HPOS="487"/>
							<String ID="string_325" HPOS="501" VPOS="1078" WIDTH="24" HEIGHT="14" WC="0.93" CONTENT="en"/><SP WIDTH="17" VPOS="1078" HPOS="525"/>
							<String ID="string_326" HPOS="542" VPOS="1070" WIDTH="100" HEIGHT="23" WC="0.96" CONTENT="medlems"/><SP WIDTH="15" VPOS="1070" HPOS="642"/>
							<String ID="string_327" HPOS="657" VPOS="1070" WIDTH="22" HEIGHT="21" WC="0.93" CONTENT="af"/><SP WIDTH="15" VPOS="1070" HPOS="679"/>
							<String ID="string_328" HPOS="694" VPOS="1073" WIDTH="150" HEIGHT="20" WC="0.93" CONTENT="sammansatta"/><SP WIDTH="16" VPOS="1073" HPOS="844"/>
							<String ID="string_329" HPOS="860" VPOS="1070" WIDTH="44" HEIGHT="27" WC="0.93" CONTENT="lag-"/>
						</TextLine>
						<TextLine ID="line_31" HPOS="83" VPOS="1099" WIDTH="821" HEIGHT="27">
							<String ID="string_330" HPOS="83" VPOS="1100" WIDTH="39" HEIGHT="21" WC="0.93" CONTENT="och"/><SP WIDTH="23" VPOS="1100" HPOS="122"/>
							<String ID="string_331" HPOS="145" VPOS="1099" WIDTH="204" HEIGHT="22" WC="0.91" CONTENT="ekonomiutskottet"/><SP WIDTH="14" VPOS="1099" HPOS="349"/>
							<String ID="string_332" HPOS="363" VPOS="1100" WIDTH="116" HEIGHT="25" WC="0.96" CONTENT="uttalande,"/><SP WIDTH="16" VPOS="1100" HPOS="479"/>
							<String ID="string_333" HPOS="495" VPOS="1102" WIDTH="32" HEIGHT="19" WC="0.96" CONTENT="att"/><SP WIDTH="15" VPOS="1102" HPOS="527"/>
							<String ID="string_334" HPOS="542" VPOS="1100" WIDTH="47" HEIGHT="21" WC="0.93" CONTENT="med"/><SP WIDTH="17" VPOS="1100" HPOS="589"/>
							<String ID="string_335" HPOS="606" VPOS="1100" WIDTH="149" HEIGHT="26" WC="0.92" CONTENT="egostyckning"/><SP WIDTH="16" VPOS="1100" HPOS="755"/>
							<String ID="string_336" HPOS="771" VPOS="1099" WIDTH="67" HEIGHT="22" WC="0.93" CONTENT="skulle"/><SP WIDTH="11" VPOS="1099" HPOS="838"/>
							<String ID="string_337" HPOS="849" VPOS="1099" WIDTH="55" HEIGHT="22" WC="0.93" CONTENT="afses"/>
						</TextLine>
						<TextLine ID="line_32" HPOS="83" VPOS="1128" WIDTH="820" HEIGHT="28">
							<String ID="string_338" HPOS="83" VPOS="1129" WIDTH="64" HEIGHT="27" WC="0.96" CONTENT="något"/><SP WIDTH="25" VPOS="1129" HPOS="147"/>
							<String ID="string_339" HPOS="172" VPOS="1131" WIDTH="65" HEIGHT="18" WC="0.93" CONTENT="annat"/><SP WIDTH="22" VPOS="1131" HPOS="237"/>
							<String ID="string_340" HPOS="259" VPOS="1130" WIDTH="26" HEIGHT="19" WC="0.94" CONTENT="än"/><SP WIDTH="24" VPOS="1130" HPOS="285"/>
							<String ID="string_341" HPOS="309" VPOS="1129" WIDTH="46" HEIGHT="20" WC="0.93" CONTENT="med"/><SP WIDTH="24" VPOS="1129" HPOS="355"/>
							<String ID="string_342" HPOS="379" VPOS="1128" WIDTH="209" HEIGHT="27" WC="0.92" CONTENT="hemmansklyfning,"/><SP WIDTH="25" VPOS="1128" HPOS="588"/>
							<String ID="string_343" HPOS="613" VPOS="1129" WIDTH="55" HEIGHT="20" WC="0.96" CONTENT="fästa"/><SP WIDTH="23" VPOS="1129" HPOS="668"/>
							<String ID="string_344" HPOS="691" VPOS="1128" WIDTH="212" HEIGHT="27" WC="0.96" CONTENT="uppmärksamheten"/>
						</TextLine>
						<TextLine ID="line_33" HPOS="82" VPOS="1157" WIDTH="822" HEIGHT="26">
							<String ID="string_345" HPOS="82" VPOS="1158" WIDTH="34" HEIGHT="21" WC="0.93" CONTENT="vid"/><SP WIDTH="20" VPOS="1158" HPOS="116"/>
							<String ID="string_346" HPOS="136" VPOS="1157" WIDTH="115" HEIGHT="21" WC="0.96" CONTENT="utskottets"/><SP WIDTH="23" VPOS="1157" HPOS="251"/>
							<String ID="string_347" HPOS="274" VPOS="1157" WIDTH="109" HEIGHT="21" WC="0.96" CONTENT="uttalande"/><SP WIDTH="16" VPOS="1157" HPOS="383"/>
							<String ID="string_348" HPOS="399" VPOS="1157" WIDTH="27" HEIGHT="26" WC="0.96" CONTENT="pä"/><SP WIDTH="23" VPOS="1157" HPOS="426"/>
							<String ID="string_349" HPOS="449" VPOS="1157" WIDTH="65" HEIGHT="21" WC="0.96" CONTENT="andra"/><SP WIDTH="15" VPOS="1157" HPOS="514"/>
							<String ID="string_350" HPOS="529" VPOS="1157" WIDTH="60" HEIGHT="21" WC="0.96" CONTENT="sidan"/><SP WIDTH="15" VPOS="1157" HPOS="589"/>
							<String ID="string_351" HPOS="604" VPOS="1157" WIDTH="22" HEIGHT="21" WC="0.96" CONTENT="af"/><SP WIDTH="15" VPOS="1157" HPOS="626"/>
							<String ID="string_352" HPOS="641" VPOS="1157" WIDTH="48" HEIGHT="21" WC="0.85" CONTENT="dess"/><SP WIDTH="16" VPOS="1157" HPOS="689"/>
							<String ID="string_353" HPOS="705" VPOS="1157" WIDTH="132" HEIGHT="21" WC="0.96" CONTENT="betänkande"/><SP WIDTH="16" VPOS="1157" HPOS="837"/>
							<String ID="string_354" HPOS="853" VPOS="1157" WIDTH="51" HEIGHT="21" WC="0.96" CONTENT="sista"/>
						</TextLine>
						<TextLine ID="line_34" HPOS="81" VPOS="1185" WIDTH="823" HEIGHT="28">
							<String ID="string_355" HPOS="81" VPOS="1186" WIDTH="89" HEIGHT="27" WC="0.92" CONTENT="stycket,"/><SP WIDTH="17" VPOS="1186" HPOS="170"/>
							<String ID="string_356" HPOS="187" VPOS="1186" WIDTH="36" HEIGHT="20" WC="0.96" CONTENT="der"/><SP WIDTH="24" VPOS="1186" HPOS="223"/>
							<String ID="string_357" HPOS="247" VPOS="1185" WIDTH="35" HEIGHT="21" WC="0.96" CONTENT="det"/><SP WIDTH="23" VPOS="1185" HPOS="282"/>
							<String ID="string_358" HPOS="305" VPOS="1185" WIDTH="70" HEIGHT="22" WC="0.93" CONTENT="heter:"/><SP WIDTH="22" VPOS="1185" HPOS="375"/>
							<String ID="string_359" HPOS="397" VPOS="1186" WIDTH="71" HEIGHT="23" WC="0.88" CONTENT=",Enär"/><SP WIDTH="15" VPOS="1186" HPOS="468"/>
							<String ID="string_360" HPOS="483" VPOS="1186" WIDTH="157" HEIGHT="27" WC="0.88" CONTENT="egostyckuing,"/><SP WIDTH="17" VPOS="1186" HPOS="640"/>
							<String ID="string_361" HPOS="657" VPOS="1185" WIDTH="66" HEIGHT="22" WC="0.92" CONTENT="ehuru"/><SP WIDTH="15" VPOS="1185" HPOS="723"/>
							<String ID="string_362" HPOS="738" VPOS="1186" WIDTH="27" HEIGHT="26" WC="0.96" CONTENT="pä"/><SP WIDTH="18" VPOS="1186" HPOS="765"/>
							<String ID="string_363" HPOS="783" VPOS="1186" WIDTH="58" HEIGHT="21" WC="0.96" CONTENT="olika"/><SP WIDTH="14" VPOS="1186" HPOS="841"/>
							<String ID="string_364" HPOS="855" VPOS="1187" WIDTH="49" HEIGHT="25" WC="0.96" CONTENT="sätt,"/>
						</TextLine>
						<TextLine ID="line_35" HPOS="82" VPOS="1213" WIDTH="821" HEIGHT="28">
							<String ID="string_365" HPOS="82" VPOS="1214" WIDTH="54" HEIGHT="21" WC="0.92" CONTENT="afser"/><SP WIDTH="25" VPOS="1214" HPOS="136"/>
							<String ID="string_366" HPOS="161" VPOS="1219" WIDTH="80" HEIGHT="16" WC="0.92" CONTENT="samma"/><SP WIDTH="24" VPOS="1219" HPOS="241"/>
							<String ID="string_367" HPOS="265" VPOS="1214" WIDTH="41" HEIGHT="21" WC="0.92" CONTENT="mäl"/><SP WIDTH="23" VPOS="1214" HPOS="306"/>
							<String ID="string_368" HPOS="329" VPOS="1220" WIDTH="44" HEIGHT="15" WC="0.92" CONTENT="som"/><SP WIDTH="24" VPOS="1220" HPOS="373"/>
							<String ID="string_369" HPOS="397" VPOS="1214" WIDTH="209" HEIGHT="27" WC="0.92" CONTENT="hemmansklyfning,"/><SP WIDTH="24" VPOS="1214" HPOS="606"/>
							<String ID="string_370" HPOS="630" VPOS="1214" WIDTH="105" HEIGHT="26" WC="0.96" CONTENT="nämligen"/><SP WIDTH="22" VPOS="1214" HPOS="735"/>
							<String ID="string_371" HPOS="757" VPOS="1216" WIDTH="32" HEIGHT="19" WC="0.96" CONTENT="att"/><SP WIDTH="20" VPOS="1216" HPOS="789"/>
							<String ID="string_372" HPOS="809" VPOS="1213" WIDTH="24" HEIGHT="22" WC="0.93" CONTENT="af"/><SP WIDTH="13" VPOS="1213" HPOS="833"/>
							<String ID="string_373" HPOS="846" VPOS="1213" WIDTH="57" HEIGHT="22" WC="0.92" CONTENT="hem-"/>
						</TextLine>
						<TextLine ID="line_36" HPOS="82" VPOS="1242" WIDTH="823" HEIGHT="27">
							<String ID="string_374" HPOS="82" VPOS="1249" WIDTH="48" HEIGHT="14" WC="0.96" CONTENT="man"/><SP WIDTH="23" VPOS="1249" HPOS="130"/>
							<String ID="string_375" HPOS="153" VPOS="1242" WIDTH="52" HEIGHT="21" WC="0.92" CONTENT="eller"/><SP WIDTH="22" VPOS="1242" HPOS="205"/>
							<String ID="string_376" HPOS="227" VPOS="1242" WIDTH="168" HEIGHT="21" WC="0.92" CONTENT="hemmansdelar"/><SP WIDTH="22" VPOS="1242" HPOS="395"/>
							<String ID="string_377" HPOS="417" VPOS="1243" WIDTH="56" HEIGHT="20" WC="0.89" CONTENT="bilda"/><SP WIDTH="22" VPOS="1243" HPOS="473"/>
							<String ID="string_378" HPOS="495" VPOS="1243" WIDTH="81" HEIGHT="20" WC="0.93" CONTENT="mindre"/><SP WIDTH="23" VPOS="1243" HPOS="576"/>
							<String ID="string_379" HPOS="599" VPOS="1242" WIDTH="161" HEIGHT="27" WC="0.91" CONTENT="sjelfbestäende"/><SP WIDTH="21" VPOS="1242" HPOS="760"/>
							<String ID="string_380" HPOS="781" VPOS="1242" WIDTH="124" HEIGHT="27" WC="0.91" CONTENT="lägenheter"/>
						</TextLine>
						<TextLine ID="line_37" HPOS="82" VPOS="1270" WIDTH="821" HEIGHT="28">
							<String ID="string_381" HPOS="82" VPOS="1271" WIDTH="47" HEIGHT="21" WC="0.90" CONTENT="med"/><SP WIDTH="19" VPOS="1271" HPOS="129"/>
							<String ID="string_382" HPOS="148" VPOS="1271" WIDTH="123" HEIGHT="21" WC="0.95" CONTENT="omedelbar"/><SP WIDTH="14" VPOS="1271" HPOS="271"/>
							<String ID="string_383" HPOS="285" VPOS="1271" WIDTH="180" HEIGHT="27" WC="0.96" CONTENT="skattskyldighet"/><SP WIDTH="13" VPOS="1271" HPOS="465"/>
							<String ID="string_384" HPOS="478" VPOS="1271" WIDTH="30" HEIGHT="20" WC="0.93" CONTENT="till"/><SP WIDTH="16" VPOS="1271" HPOS="508"/>
							<String ID="string_385" HPOS="524" VPOS="1271" WIDTH="87" HEIGHT="25" WC="0.96" CONTENT="kronan,"/><SP WIDTH="16" VPOS="1271" HPOS="611"/>
							<String ID="string_386" HPOS="627" VPOS="1273" WIDTH="55" HEIGHT="18" WC="0.93" CONTENT="samt"/><SP WIDTH="14" VPOS="1273" HPOS="682"/>
							<String ID="string_387" HPOS="696" VPOS="1271" WIDTH="120" HEIGHT="26" WC="0.96" CONTENT="grunderna"/><SP WIDTH="8" VPOS="1271" HPOS="816"/>
							<String ID="string_388" HPOS="824" VPOS="1271" WIDTH="32" HEIGHT="20" WC="0.96" CONTENT="för"/><SP WIDTH="9" VPOS="1271" HPOS="856"/>
							<String ID="string_389" HPOS="865" VPOS="1270" WIDTH="38" HEIGHT="21" WC="0.97" CONTENT="och"/>
						</TextLine>
						<TextLine ID="line_38" HPOS="82" VPOS="1298" WIDTH="821" HEIGHT="28">
							<String ID="string_390" HPOS="82" VPOS="1299" WIDTH="142" HEIGHT="27" WC="0.90" CONTENT="omgängarna"/><SP WIDTH="21" VPOS="1299" HPOS="224"/>
							<String ID="string_391" HPOS="245" VPOS="1299" WIDTH="34" HEIGHT="21" WC="0.93" CONTENT="vid"/><SP WIDTH="15" VPOS="1299" HPOS="279"/>
							<String ID="string_392" HPOS="294" VPOS="1299" WIDTH="113" HEIGHT="21" WC="0.91" CONTENT="hvartdera"/><SP WIDTH="14" VPOS="1299" HPOS="407"/>
							<String ID="string_393" HPOS="421" VPOS="1299" WIDTH="24" HEIGHT="20" WC="0.96" CONTENT="af"/><SP WIDTH="14" VPOS="1299" HPOS="445"/>
							<String ID="string_394" HPOS="459" VPOS="1299" WIDTH="60" HEIGHT="21" WC="0.96" CONTENT="dessa"/><SP WIDTH="15" VPOS="1299" HPOS="519"/>
							<String ID="string_395" HPOS="534" VPOS="1299" WIDTH="46" HEIGHT="27" WC="0.96" CONTENT="slag"/><SP WIDTH="14" VPOS="1299" HPOS="580"/>
							<String ID="string_396" HPOS="594" VPOS="1299" WIDTH="23" HEIGHT="21" WC="0.93" CONTENT="af"/><SP WIDTH="13" VPOS="1299" HPOS="617"/>
							<String ID="string_397" HPOS="630" VPOS="1299" WIDTH="169" HEIGHT="26" WC="0.92" CONTENT="jordfördelning"/><SP WIDTH="15" VPOS="1299" HPOS="799"/>
							<String ID="string_398" HPOS="814" VPOS="1299" WIDTH="65" HEIGHT="21" WC="0.96" CONTENT="borde"/><SP WIDTH="16" VPOS="1299" HPOS="879"/>
							<String ID="string_399" HPOS="895" VPOS="1298" WIDTH="8" HEIGHT="21" WC="0.96" CONTENT="i"/>
						</TextLine>
						<TextLine ID="line_39" HPOS="82" VPOS="1327" WIDTH="821" HEIGHT="28">
							<String ID="string_400" HPOS="82" VPOS="1327" WIDTH="116" HEIGHT="28" WC="0.92" CONTENT="möjligaste"/><SP WIDTH="20" VPOS="1327" HPOS="198"/>
							<String ID="string_401" HPOS="218" VPOS="1327" WIDTH="66" HEIGHT="22" WC="0.92" CONTENT="mätto"/><SP WIDTH="15" VPOS="1327" HPOS="284"/>
							<String ID="string_402" HPOS="299" VPOS="1329" WIDTH="63" HEIGHT="26" WC="0.92" CONTENT="göras"/><SP WIDTH="15" VPOS="1329" HPOS="362"/>
							<String ID="string_403" HPOS="377" VPOS="1327" WIDTH="117" HEIGHT="22" WC="0.93" CONTENT="likartade*"/><SP WIDTH="17" VPOS="1327" HPOS="494"/>
							<String ID="string_404" HPOS="511" VPOS="1334" WIDTH="18" HEIGHT="15" WC="0.96" CONTENT="o."/><SP WIDTH="16" VPOS="1334" HPOS="529"/>
							<String ID="string_405" HPOS="545" VPOS="1334" WIDTH="16" HEIGHT="15" WC="0.97" CONTENT="s."/><SP WIDTH="15" VPOS="1334" HPOS="561"/>
							<String ID="string_406" HPOS="576" VPOS="1334" WIDTH="18" HEIGHT="15" WC="0.96" CONTENT="v."/><SP WIDTH="31" VPOS="1334" HPOS="594"/>
							<String ID="string_407" HPOS="625" VPOS="1327" WIDTH="73" HEIGHT="28" WC="0.96" CONTENT="Enligt"/><SP WIDTH="19" VPOS="1327" HPOS="698"/>
							<String ID="string_408" HPOS="717" VPOS="1328" WIDTH="121" HEIGHT="21" WC="0.93" CONTENT="nuvarande"/><SP WIDTH="15" VPOS="1328" HPOS="838"/>
							<String ID="string_409" HPOS="853" VPOS="1327" WIDTH="50" HEIGHT="22" WC="0.90" CONTENT="skif-"/>
						</TextLine>
						<TextLine ID="line_40" HPOS="81" VPOS="1356" WIDTH="822" HEIGHT="27">
							<String ID="string_410" HPOS="81" VPOS="1356" WIDTH="107" HEIGHT="27" WC="0.92" CONTENT="tesstadga"/><SP WIDTH="20" VPOS="1356" HPOS="188"/>
							<String ID="string_411" HPOS="208" VPOS="1358" WIDTH="23" HEIGHT="19" WC="0.96" CONTENT="är"/><SP WIDTH="16" VPOS="1358" HPOS="231"/>
							<String ID="string_412" HPOS="247" VPOS="1357" WIDTH="112" HEIGHT="20" WC="0.96" CONTENT="maximum"/><SP WIDTH="17" VPOS="1357" HPOS="359"/>
							<String ID="string_413" HPOS="376" VPOS="1357" WIDTH="32" HEIGHT="20" WC="0.93" CONTENT="för"/><SP WIDTH="15" VPOS="1357" HPOS="408"/>
							<String ID="string_414" HPOS="423" VPOS="1356" WIDTH="124" HEIGHT="26" WC="0.92" CONTENT="egoskiften,"/><SP WIDTH="16" VPOS="1356" HPOS="547"/>
							<String ID="string_415" HPOS="563" VPOS="1357" WIDTH="65" HEIGHT="26" WC="0.93" CONTENT="enligt"/><SP WIDTH="15" VPOS="1357" HPOS="628"/>
							<String ID="string_416" HPOS="643" VPOS="1356" WIDTH="55" HEIGHT="21" WC="0.92" CONTENT="hvad"/><SP WIDTH="13" VPOS="1356" HPOS="698"/>
							<String ID="string_417" HPOS="711" VPOS="1356" WIDTH="36" HEIGHT="27" WC="0.96" CONTENT="jag"/><SP WIDTH="16" VPOS="1356" HPOS="747"/>
							<String ID="string_418" HPOS="763" VPOS="1356" WIDTH="36" HEIGHT="21" WC="0.93" CONTENT="vill"/><SP WIDTH="16" VPOS="1356" HPOS="799"/>
							<String ID="string_419" HPOS="815" VPOS="1356" WIDTH="88" HEIGHT="24" WC="0.92" CONTENT="minnas,"/>
						</TextLine>
						<TextLine ID="line_41" HPOS="81" VPOS="1385" WIDTH="822" HEIGHT="27">
							<String ID="string_420" HPOS="81" VPOS="1386" WIDTH="13" HEIGHT="20" WC="0.92" CONTENT="4"/><SP WIDTH="20" VPOS="1386" HPOS="94"/>
							<String ID="string_421" HPOS="114" VPOS="1385" WIDTH="6" HEIGHT="21" WC="0.92" CONTENT="i"/><SP WIDTH="16" VPOS="1385" HPOS="120"/>
							<String ID="string_422" HPOS="136" VPOS="1385" WIDTH="51" HEIGHT="21" WC="0.88" CONTENT="äker"/><SP WIDTH="16" VPOS="1385" HPOS="187"/>
							<String ID="string_423" HPOS="203" VPOS="1385" WIDTH="40" HEIGHT="21" WC="0.93" CONTENT="och"/><SP WIDTH="16" VPOS="1385" HPOS="243"/>
							<String ID="string_424" HPOS="259" VPOS="1387" WIDTH="40" HEIGHT="24" WC="0.92" CONTENT="äng"/><SP WIDTH="22" VPOS="1387" HPOS="299"/>
							<String ID="string_425" HPOS="321" VPOS="1389" WIDTH="55" HEIGHT="17" WC="0.92" CONTENT="samt"/><SP WIDTH="16" VPOS="1389" HPOS="376"/>
							<String ID="string_426" HPOS="392" VPOS="1385" WIDTH="34" HEIGHT="21" WC="0.89" CONTENT="2i"/><SP WIDTH="16" VPOS="1385" HPOS="426"/>
							<String ID="string_427" HPOS="442" VPOS="1386" WIDTH="53" HEIGHT="26" WC="0.96" CONTENT="skog"/><SP WIDTH="22" VPOS="1386" HPOS="495"/>
							<String ID="string_428" HPOS="517" VPOS="1385" WIDTH="40" HEIGHT="22" WC="0.93" CONTENT="och"/><SP WIDTH="19" VPOS="1385" HPOS="557"/>
							<String ID="string_429" HPOS="576" VPOS="1385" WIDTH="92" HEIGHT="25" WC="0.93" CONTENT="utmark,"/><SP WIDTH="16" VPOS="1385" HPOS="668"/>
							<String ID="string_430" HPOS="684" VPOS="1391" WIDTH="82" HEIGHT="16" WC="0.96" CONTENT="summa"/><SP WIDTH="16" VPOS="1391" HPOS="766"/>
							<String ID="string_431" HPOS="782" VPOS="1387" WIDTH="17" HEIGHT="19" WC="0.96" CONTENT="6."/><SP WIDTH="32" VPOS="1387" HPOS="799"/>
							<String ID="string_432" HPOS="831" VPOS="1385" WIDTH="72" HEIGHT="26" WC="0.96" CONTENT="Enligt"/>
						</TextLine>
						<TextLine ID="line_42" HPOS="81" VPOS="1413" WIDTH="821" HEIGHT="28">
							<String ID="string_433" HPOS="81" VPOS="1413" WIDTH="43" HEIGHT="22" WC="0.93" CONTENT="min"/><SP WIDTH="20" VPOS="1413" HPOS="124"/>
							<String ID="string_434" HPOS="144" VPOS="1414" WIDTH="56" HEIGHT="27" WC="0.91" CONTENT="äsigt"/><SP WIDTH="23" VPOS="1414" HPOS="200"/>
							<String ID="string_435" HPOS="223" VPOS="1414" WIDTH="51" HEIGHT="21" WC="0.92" CONTENT="böra"/><SP WIDTH="23" VPOS="1414" HPOS="274"/>
							<String ID="string_436" HPOS="297" VPOS="1415" WIDTH="61" HEIGHT="20" WC="0.96" CONTENT="dessa"/><SP WIDTH="15" VPOS="1415" HPOS="358"/>
							<String ID="string_437" HPOS="373" VPOS="1420" WIDTH="40" HEIGHT="20" WC="0.93" CONTENT="nya"/><SP WIDTH="16" VPOS="1420" HPOS="413"/>
							<String ID="string_438" HPOS="429" VPOS="1414" WIDTH="121" HEIGHT="27" WC="0.92" CONTENT="lägenheter"/><SP WIDTH="15" VPOS="1414" HPOS="550"/>
							<String ID="string_439" HPOS="565" VPOS="1415" WIDTH="6" HEIGHT="20" WC="0.93" CONTENT="i"/><SP WIDTH="16" VPOS="1415" HPOS="571"/>
							<String ID="string_440" HPOS="587" VPOS="1413" WIDTH="100" HEIGHT="22" WC="0.92" CONTENT="afseende"/><SP WIDTH="14" VPOS="1413" HPOS="687"/>
							<String ID="string_441" HPOS="701" VPOS="1414" WIDTH="13" HEIGHT="21" WC="0.92" CONTENT="&amp;"/><SP WIDTH="15" VPOS="1414" HPOS="714"/>
							<String ID="string_442" HPOS="729" VPOS="1414" WIDTH="81" HEIGHT="21" WC="0.93" CONTENT="antalet"/><SP WIDTH="15" VPOS="1414" HPOS="810"/>
							<String ID="string_443" HPOS="825" VPOS="1413" WIDTH="77" HEIGHT="22" WC="0.93" CONTENT="skiften"/>
						</TextLine>
						<TextLine ID="line_43" HPOS="81" VPOS="1442" WIDTH="822" HEIGHT="26">
							<String ID="string_444" HPOS="81" VPOS="1443" WIDTH="49" HEIGHT="25" WC="0.95" CONTENT="lyda"/><SP WIDTH="21" VPOS="1443" HPOS="130"/>
							<String ID="string_445" HPOS="151" VPOS="1443" WIDTH="67" HEIGHT="20" WC="0.96" CONTENT="under"/><SP WIDTH="22" VPOS="1443" HPOS="218"/>
							<String ID="string_446" HPOS="240" VPOS="1448" WIDTH="81" HEIGHT="14" WC="0.93" CONTENT="samma"/><SP WIDTH="23" VPOS="1448" HPOS="321"/>
							<String ID="string_447" HPOS="344" VPOS="1442" WIDTH="164" HEIGHT="26" WC="0.95" CONTENT="bestämningar,"/><SP WIDTH="23" VPOS="1442" HPOS="508"/>
							<String ID="string_448" HPOS="531" VPOS="1448" WIDTH="45" HEIGHT="14" WC="0.93" CONTENT="som"/><SP WIDTH="24" VPOS="1448" HPOS="576"/>
							<String ID="string_449" HPOS="600" VPOS="1443" WIDTH="97" HEIGHT="19" WC="0.96" CONTENT="hemman"/><SP WIDTH="16" VPOS="1443" HPOS="697"/>
							<String ID="string_450" HPOS="713" VPOS="1443" WIDTH="7" HEIGHT="19" WC="0.93" CONTENT="i"/><SP WIDTH="15" VPOS="1443" HPOS="720"/>
							<String ID="string_451" HPOS="735" VPOS="1442" WIDTH="122" HEIGHT="24" WC="0.96" CONTENT="allmänhet,"/><SP WIDTH="24" VPOS="1442" HPOS="857"/>
							<String ID="string_452" HPOS="881" VPOS="1445" WIDTH="22" HEIGHT="23" WC="0.96" CONTENT="ty"/>
						</TextLine>
						<TextLine ID="line_44" HPOS="81" VPOS="1469" WIDTH="822" HEIGHT="27">
							<String ID="string_453" HPOS="81" VPOS="1469" WIDTH="61" HEIGHT="27" WC="0.88" CONTENT="eljest"/><SP WIDTH="23" VPOS="1469" HPOS="142"/>
							<String ID="string_454" HPOS="165" VPOS="1469" WIDTH="108" HEIGHT="27" WC="0.92" CONTENT="uppoffras"/><SP WIDTH="22" VPOS="1469" HPOS="273"/>
							<String ID="string_455" HPOS="295" VPOS="1470" WIDTH="159" HEIGHT="26" WC="0.92" CONTENT="konsegvensen"/><SP WIDTH="21" VPOS="1470" HPOS="454"/>
							<String ID="string_456" HPOS="475" VPOS="1471" WIDTH="6" HEIGHT="19" WC="0.96" CONTENT="i"/><SP WIDTH="24" VPOS="1471" HPOS="481"/>
							<String ID="string_457" HPOS="505" VPOS="1470" WIDTH="165" HEIGHT="26" WC="0.96" CONTENT="lagstiftningen."/><SP WIDTH="31" VPOS="1470" HPOS="670"/>
							<String ID="string_458" HPOS="701" VPOS="1469" WIDTH="41" HEIGHT="22" WC="0.93" CONTENT="Det"/><SP WIDTH="24" VPOS="1469" HPOS="742"/>
							<String ID="string_459" HPOS="766" VPOS="1470" WIDTH="69" HEIGHT="20" WC="0.93" CONTENT="finnes"/><SP WIDTH="22" VPOS="1470" HPOS="835"/>
							<String ID="string_460" HPOS="857" VPOS="1469" WIDTH="46" HEIGHT="22" WC="0.90" CONTENT="icke"/>
						</TextLine>
						<TextLine ID="line_45" HPOS="80" VPOS="1497" WIDTH="823" HEIGHT="28">
							<String ID="string_461" HPOS="80" VPOS="1499" WIDTH="66" HEIGHT="26" WC="0.92" CONTENT="nägot"/><SP WIDTH="15" VPOS="1499" HPOS="146"/>
							<String ID="string_462" HPOS="161" VPOS="1499" WIDTH="52" HEIGHT="25" WC="0.93" CONTENT="skäl,"/><SP WIDTH="17" VPOS="1499" HPOS="213"/>
							<String ID="string_463" HPOS="230" VPOS="1497" WIDTH="85" HEIGHT="22" WC="0.92" CONTENT="hvarför"/><SP WIDTH="16" VPOS="1497" HPOS="315"/>
							<String ID="string_464" HPOS="331" VPOS="1504" WIDTH="48" HEIGHT="15" WC="0.96" CONTENT="man"/><SP WIDTH="16" VPOS="1504" HPOS="379"/>
							<String ID="string_465" HPOS="395" VPOS="1498" WIDTH="38" HEIGHT="21" WC="0.95" CONTENT="här"/><SP WIDTH="23" VPOS="1498" HPOS="433"/>
							<String ID="string_466" HPOS="456" VPOS="1498" WIDTH="67" HEIGHT="21" WC="0.93" CONTENT="skulle"/><SP WIDTH="16" VPOS="1498" HPOS="523"/>
							<String ID="string_467" HPOS="539" VPOS="1498" WIDTH="115" HEIGHT="22" WC="0.91" CONTENT="inskränka"/><SP WIDTH="15" VPOS="1498" HPOS="654"/>
							<String ID="string_468" HPOS="669" VPOS="1498" WIDTH="58" HEIGHT="21" WC="0.96" CONTENT="detta"/><SP WIDTH="16" VPOS="1498" HPOS="727"/>
							<String ID="string_469" HPOS="743" VPOS="1499" WIDTH="112" HEIGHT="20" WC="0.96" CONTENT="maximum"/><SP WIDTH="15" VPOS="1499" HPOS="855"/>
							<String ID="string_470" HPOS="870" VPOS="1497" WIDTH="33" HEIGHT="22" WC="0.96" CONTENT="till"/>
						</TextLine>
					</TextBlock>
				</ComposedBlock>
			</PrintSpace>
		</Page>
	</Layout>
</alto>
