1120 1800
302 130 177 22 Borgareståndet
490 131 57 17 1882.
572 132 24 16 18
608 135 61 13 mars.
853 126 43 21 589

76 200 74 24 elever,
165 206 44 15 som
225 199 141 27 sjelfständigt
382 199 81 22 skrifvit
478 200 72 26 dylika
565 200 85 22 kortare
665 202 118 24 uppsatser,
800 200 90 20 oaktadt

75 228 64 21 deras
160 228 160 26 språkkunskap
342 229 54 20 varit
418 229 64 25 ringa,
506 229 38 20 har
564 229 36 26 jag
615 231 52 18 trott
683 229 42 25 mig
740 227 62 26 finna,
818 230 33 19 att
867 228 26 20 de

75 255 77 22 lättare
174 256 104 21 inhemtat
300 256 36 21 det
360 256 145 26 egendomliga
530 256 123 23 skrifsättet,
669 257 97 25 språkets
782 257 111 25 egendom-

75 284 42 27 liga
140 285 64 26 lagar,
228 287 26 18 än
278 284 31 23 de,
332 284 72 21 hvilka
418 285 28 26 på
461 286 42 19 sätt
518 285 40 20 och
573 285 31 21 vis
620 284 45 21 haft
681 287 30 18 ett
728 285 80 25 hyende
824 285 68 20 under

71 313 36 21 sin
129 312 117 27 håglöshet.
277 314 38 19 Att
337 313 79 20 sådana
439 313 73 21 mallar
534 313 109 26 lätteligen
667 313 72 20 kunna
754 313 47 20 leda
817 313 31 20 till
865 319 25 14 en

75 341 108 27 slentrian,
199 341 85 21 befarar
297 341 35 27 jag
348 341 88 27 mycket.
466 342 40 25 Jag
522 341 36 22 vill
573 341 126 28 exempelvis
714 341 93 27 häntyda
819 341 26 27 på
857 342 36 20 det

74 369 69 22 finska
158 370 181 27 predikospråket.
369 371 40 20 Det
426 372 23 19 är
464 371 121 26 visserligen
601 371 46 20 icke
662 370 81 25 mallar,
759 377 44 14 som
819 370 73 21 dervid

76 399 62 21 hafva
162 399 121 26 begagnats,
300 405 46 14 men
360 399 37 26 jag
413 399 34 20 vill
461 401 51 24 göra
529 399 25 21 de
570 399 85 24 Herrar,
671 398 70 21 hvilka
757 399 54 20 varit
827 399 6 20 i
849 399 44 20 till-

73 427 52 21 fälle
147 429 32 19 att
201 427 52 21 höra
271 434 24 14 en
312 427 6 20 i
334 427 35 22 det
384 428 70 25 gamla
469 427 175 28 predikospråket
659 427 84 21 inöfvad
759 427 53 22 finsk
827 430 66 24 prest,

73 456 185 27 uppmärksamme
274 456 26 27 på
316 456 53 21 huru
384 457 58 20 svårt
457 456 41 21 han
513 457 45 20 haft
573 458 32 19 att
621 457 84 20 komma
715 456 63 21 derur
790 456 38 21 och
840 457 53 20 huru

72 485 61 21 svårt
149 485 34 20 det
199 485 54 20 varit
268 485 32 20 för
315 485 77 21 honom
408 487 32 19 att
450 484 51 27 följa
510 485 46 21 med
566 486 38 19 den
616 485 125 26 utveckling,
751 491 44 15 som
807 485 87 26 språket

73 513 62 26 tagit.
165 513 32 20 En
219 513 58 26 dylik
292 513 105 26 svårighet
414 513 81 21 befarar
508 513 36 28 jag
560 513 67 21 skulle
642 513 76 26 uppstå
734 519 33 15 om
783 519 64 21 yngre
861 513 32 26 ju-

74 542 64 21 rister
160 543 76 20 nästan
255 542 80 25 tvingas
352 544 30 19 att
398 541 73 22 affatta
487 542 45 21 sina
548 541 120 22 skrifvelser
685 541 52 21 efter
753 541 26 27 på
794 544 43 19 sätt
853 542 39 21 och

74 571 31 20 vis
121 570 137 27 legaliserade
274 570 79 21 mallar.
383 570 90 27 Språket
488 571 38 26 går
537 570 81 21 framåt.
649 571 66 20 Dessa
724 569 87 27 jurister
821 571 72 20 kunna

74 599 47 21 icke
135 599 50 27 följa
200 599 48 21 med
263 599 96 27 språkets
375 599 126 27 utveckling,
512 600 87 21 emedan
611 600 26 21 de
651 599 46 21 icke
713 601 36 19 äro
766 599 64 27 några
845 598 48 22 filo-

73 628 66 26 loger.
170 628 67 20 Deras
253 628 101 21 arbetstid
370 628 39 21 och
424 628 93 26 göromål
534 628 77 22 hindra
620 628 45 21 dem
683 628 97 20 derifrån.
802 628 88 26 Följden

73 657 42 20 kan
137 656 109 27 lätteligen
269 656 64 21 blifva
350 657 45 24 den,
412 659 32 18 att
459 658 25 19 de
499 657 67 20 skulle
583 658 32 20 stå
631 657 28 20 tio
676 656 13 21 å
703 656 79 21 femton
799 657 23 20 år
838 656 55 21 efter

73 685 36 21 det
132 685 117 27 språkbruk
273 685 38 21 och
334 685 102 26 skrifsätt,
460 691 44 15 som
528 685 112 22 användas.
671 685 59 21 Dock
746 685 36 21 vill
795 685 36 27 jag
846 685 47 21 icke

72 716 59 25 säga,
146 716 32 19 att
193 714 47 21 icke
255 713 70 28 dylika
342 713 73 22 mallar
432 714 92 21 medföra
540 715 68 25 någon
624 717 59 23 nytta
699 714 39 21 och
750 713 34 21 vill
796 714 18 26 ej
826 714 68 20 heller

73 743 71 21 derför
166 743 93 26 afstyrka
285 745 30 19 ett
329 742 154 27 godkännande
498 743 23 20 af
535 743 115 21 utskottets
667 749 61 14 mom.
749 743 26 25 a).
799 743 43 20 Der
852 742 40 21 fin-

74 777 37 16 nes
133 771 82 22 likvisst
226 783 26 3 —
264 771 68 21 såsom
356 771 65 21 redan
437 771 20 21 af
472 778 24 13 en
513 772 33 20 del
562 771 66 21 talare
645 771 67 21 blifvit
728 771 75 26 antydt
820 783 23 2 —
861 773 32 18 ett

73 800 74 24 vilkor,
162 806 46 15 som
229 800 36 27 jag
280 800 18 26 ej
315 801 40 20 kan
371 800 117 27 godkänna.
519 801 40 24 Jag
575 800 41 21 kan
632 800 103 26 nämligen
752 799 45 22 icke
813 799 77 25 förstå,

74 829 86 20 hvarför
182 829 104 20 utskottet
308 829 48 20 låtit
378 831 31 18 ett
431 829 73 21 sådant
522 829 31 20 frö
568 829 33 20 till
618 828 83 21 misstro
717 829 55 24 ingå.
803 828 88 21 Petitio-

73 859 64 19 nären
160 857 39 21 har
221 857 46 21 icke
290 857 103 21 misstrott
415 857 238 26 Litteratursällskapet,
677 857 18 26 ej
718 857 66 20 heller
806 856 39 21 har
861 859 32 18 ut-

72 886 88 25 skottet,
184 886 69 21 såsom
275 885 22 21 af
312 885 47 21 dess
382 885 125 27 motivering
522 886 98 25 framgår,
636 885 57 27 gjort
709 885 41 21 det.
781 885 111 22 Utskottet

71 916 64 25 säger
156 914 104 27 nemligen
283 915 27 25 pä
332 920 47 20 pag.
401 916 21 19 6:
444 914 60 28 ,Men
521 914 34 21 vid
572 914 158 27 öfvervägande,
747 913 103 22 huruvida
867 919 26 15 en

71 943 90 22 särskild
177 943 80 21 komité
272 943 65 21 borde
353 943 32 20 för
401 943 119 21 ändamålet
534 943 115 23 nedsättas,
666 943 37 20 har
719 943 55 20 inom
786 942 107 21 utskottet

72 972 42 21 den
137 971 54 26 åsigt
213 972 55 26 gjort
291 971 30 26 sig
343 971 105 26 gällande,
468 974 30 18 att
521 971 35 20 det
579 972 32 21 för
634 971 63 21 saken
721 977 49 14 vore
784 971 109 26 gagneligt

71 1006 35 15 om
123 1006 78 15 samme
217 1000 21 21 af
253 1000 230 26 Litteratursällskapet
500 1000 89 21 utsedde
606 1002 53 22 män,
677 999 70 21 hvilka
763 1005 38 21 ega
817 999 75 20 ombe-

72 1029 57 26 sörja
145 1029 44 20 ofta
204 1028 91 21 nämnda
311 1029 93 24 ordlista,
420 1028 67 21 blefve
509 1028 93 21 anlitade
618 1027 31 22 för
665 1027 148 22 utarbetandet
829 1027 23 20 af
868 1027 25 20 de

72 1058 162 25 ifrågavarande
257 1057 229 21 mönsterskrifterna*.
514 1057 40 25 Jag
576 1059 34 18 vet
627 1057 52 20 dock
695 1057 46 20 icke
755 1055 86 22 hvarför
856 1059 34 17 ut-

73 1087 80 20 skottet
177 1085 64 21 infört
264 1085 68 22 denna
347 1085 145 27 tvifvelaktiga
508 1085 86 22 slutsats
610 1085 6 21 i
632 1085 111 23 klämmen,
760 1091 44 14 som
821 1084 71 26 börjar

72 1114 49 21 med
145 1114 72 21 orden:
241 1114 62 26 eller
326 1115 42 20 att*
384 1120 17 14 o.
418 1121 16 14 s.
451 1120 16 13 v.
484 1126 28 2 —
524 1114 40 26 Jag
580 1119 44 15 tror
639 1114 52 25 icke,
707 1116 32 18 att
755 1114 36 20 det
807 1119 36 15 var
858 1113 34 20 för

73 1142 104 22 utskottet
193 1143 98 24 obekant,
308 1144 32 18 att
355 1142 59 21 detta
430 1142 72 26 tillägg
517 1143 68 20 skulle
598 1142 45 26 just
659 1142 92 20 medföra
768 1142 39 24 det,
825 1143 32 19 att
868 1142 23 20 sä

75 1172 75 26 många
172 1174 131 18 reservanter
326 1171 100 26 uppstått.
458 1170 72 22 Såsom
545 1171 35 26 jag
596 1171 63 21 redan
675 1173 54 23 sagt,
746 1170 35 21 vill
794 1170 37 26 jag
845 1170 47 21 icke

74 1200 95 21 förkasta
184 1200 105 21 klämmen
306 1201 20 23 a)
342 1200 7 20 i
365 1200 47 21 dess
428 1199 76 26 helhet,
520 1203 50 18 utan
586 1199 69 21 skulle
670 1198 73 22 endast
759 1198 66 21 önska
840 1200 52 25 göra

72 1235 28 14 en
123 1229 61 26 högst
205 1229 60 26 ringa
280 1229 128 26 förändring,
425 1229 104 26 nämligen
546 1231 31 18 att
592 1229 65 20 slutet
672 1227 60 21 deraf
745 1227 68 22 skulle
830 1227 63 21 hata:

73 1257 68 26 veller
161 1259 33 19 att
209 1257 58 22 Hans
283 1257 117 26 Kejserliga
415 1257 105 26 Majestät,
540 1258 2 20 i
557 1257 100 21 händelse
672 1256 78 21 Finska
766 1256 127 21 Litteratur-

73 1286 116 26 sällskapet
204 1286 46 21 icke
268 1286 35 21 vill
319 1286 63 25 ätaga
396 1286 32 26 sig
444 1286 58 21 detta
517 1286 101 26 uppdrag,
629 1285 81 21 täektes
721 1285 31 21 till
765 1285 130 20 detsammas

74 1314 157 22 verkställande
246 1317 47 19 utse
308 1321 24 14 en
348 1314 90 21 särskild
455 1314 87 21 komit6*
559 1321 18 14 o.
593 1320 15 15 s.
625 1320 18 14 v.
655 1314 23 21 sä
689 1316 30 18 att
731 1313 74 22 endast
814 1313 80 21 Finska

74 1343 239 27 Litteratursällskapet,
330 1343 31 21 till
376 1343 80 21 hvilket
472 1343 91 21 hvarken
579 1343 140 26 petitionären
730 1342 50 21 eller
791 1342 105 21 utskottet

74 1373 49 26 hyst
145 1373 62 26 något
229 1371 144 25 misstroende,
390 1371 66 22 skulle
472 1372 80 21 erhålla
568 1371 82 21 arbetet
665 1371 32 21 till
713 1370 59 23 först,
789 1377 46 15 men
851 1373 44 24 sty-

74 1401 69 22 relsen
159 1401 71 26 mätte,
247 1401 6 20 i
268 1401 101 20 händelse
384 1400 233 27 Litteratursällskapet
633 1400 45 21 icke
693 1399 66 22 skulle
770 1399 50 26 vilja
831 1399 64 26 ätaga

73 1430 33 25 sig
119 1430 41 24 det,
175 1430 69 19 vända
259 1430 32 24 sig
307 1429 32 20 till
356 1429 65 20 andra
437 1429 110 20 individer.

145 1457 59 21 Hvad
221 1457 44 21 äter
281 1457 106 20 klämmen
403 1457 22 25 b)
436 1457 129 20 vidkommer
576 1456 199 21 öfverensstämmer
783 1456 37 26 jag
833 1455 62 21 äfven

74 1485 70 22 deruti
167 1486 48 21 med
230 1485 108 22 utskottet.
370 1485 30 26 Ty
414 1485 36 27 jag
466 1491 60 15 anser
538 1485 113 25 verkligen,
667 1486 31 19 att
714 1484 130 27 regeringen,
861 1490 34 15 om

74 1515 123 21 densamma
208 1515 82 26 engång
305 1514 41 21 blir
361 1519 74 22 genom
452 1513 117 22 Ständerna
584 1513 211 27 uppmärksamgjord
815 1512 33 27 pä,
861 1515 34 18 att
