1120 1820
213 131 41 21 356
417 136 178 21 Borgareståndet
606 137 58 17 1882.
689 137 27 17 28
728 136 100 18 februari.

218 205 53 21 kant
286 206 32 20 att
332 204 94 22 Holland
441 204 68 22 skulle
524 204 79 22 inrätta
618 211 25 14 en
658 204 123 27 fullständig
796 204 77 22 station
888 205 32 21 uti
933 204 104 22 Dicksons

218 233 64 21 hamn
298 233 35 21 vid
353 234 125 26 mynningen
495 232 23 22 af
537 233 89 26 Jenissej
641 232 76 22 floden.
748 232 30 22 På
793 233 82 27 Novaja
890 232 79 27 Semlja
983 233 54 21 skall

217 262 105 26 Ryssland
339 262 87 21 sålunda
441 262 78 20 inrätta
535 268 26 15 en
577 262 77 20 anstalt
668 261 55 21 blott
736 261 32 22 för
779 261 177 27 meteorologiska
966 262 71 21 obser-

217 291 106 21 vationers
339 290 138 22 anställande.

286 319 45 21 Allt
354 319 58 22 detta
427 319 40 21 har
489 318 76 22 bevekt
580 319 43 27 mig
644 320 32 20 att
691 318 72 22 förena
786 319 42 26 mig
843 325 34 15 om
899 319 35 21 det
953 319 84 27 förslag,

217 354 44 15 som
285 348 133 26 majoriteten
433 348 6 20 i
456 348 103 21 utskottet
581 347 110 24 frarastält,
706 347 40 21 och
765 347 36 27 jag
816 347 39 21 har
869 348 46 20 icke
930 349 28 26 på
973 348 65 27 något

217 377 31 21 vis
264 376 69 22 blifvit
354 376 83 22 rubbad
458 376 22 22 af
494 376 25 21 de
535 376 52 26 skäl,
603 376 72 21 hvilka
690 376 21 20 af
725 376 50 22 herr
789 376 107 27 Wallgren
911 376 126 22 framhållits

213 405 36 21 för
275 405 134 27 magnetiska
434 405 169 21 observationers
627 404 132 22 anställande
784 405 5 20 i
812 405 154 27 Lappmarken.
996 405 42 21 Det

214 434 194 25 kostnadsförslag,
424 440 44 15 som
487 434 106 26 professor
607 433 119 22 Lemström
741 433 106 27 uppgjort,
863 433 54 21 skall
932 434 72 21 säkert
1019 434 19 27 ej

214 462 69 22 beller
305 462 64 21 förslå
384 461 33 22 för
438 463 36 20 det
489 461 132 28 magnetiska
636 462 164 21 observatoriets
815 462 119 21 inrättande
950 463 5 20 i
971 462 68 27 Lapp-

214 491 98 22 marken.
341 491 49 21 Han
413 491 45 24 har,
475 491 62 21 bland
560 493 71 22 annat,
646 490 104 22 beräknat
765 491 73 21 endast
854 491 63 26 3,000
932 491 60 21 mark
1006 491 32 20 för

215 519 143 28 uppförandet
380 520 24 21 af
426 520 12 21 3
461 519 103 22 särskilda
586 520 126 26 byggnader,
737 519 18 22 d.
772 526 18 14 v.
806 525 16 16 s.
841 520 61 26 1,000
924 520 59 21 mark
1006 519 33 22 för

214 549 75 27 hvarje
313 548 101 27 byggnad.
446 548 47 22 Men
517 549 26 20 då
560 549 61 20 dessa
641 548 122 28 byggnader
783 548 59 21 skola
857 548 101 27 uppföras
973 549 65 21 force-

215 578 56 25 radt,
290 578 47 21 med
354 577 133 22 undvikande
503 577 22 22 af
537 577 151 27 jernmaterial,
704 583 18 14 o.
739 583 16 14 s.
772 583 24 20 v.,
810 576 51 28 högt
876 583 55 21 uppe
947 578 6 20 i
968 577 71 27 Lapp-

212 607 99 26 marken,
328 607 36 20 der
380 607 84 20 timmer
479 608 23 19 är
521 607 56 20 svärt
593 607 32 20 att
640 605 95 22 anskaffa
750 605 39 22 och
804 606 160 21 arbetslönerna
980 606 57 27 dyra,

213 637 24 19 är
256 635 36 21 det
315 635 86 22 alldeles
424 635 81 27 tydligt,
522 637 31 19 att
576 635 59 21 detta
654 634 181 27 kostnadsförslag
850 637 24 19 är
888 635 34 21 för
936 635 45 26 lägt
996 634 42 22 till-

215 666 66 24 taget.

284 693 40 26 Jag
347 693 99 21 förordar
468 695 67 18 varmt
559 692 58 21 bifall
639 692 31 21 till
694 691 146 28 pluralitetens
861 692 56 22 inom
933 693 106 21 utskottet

214 721 85 27 förslag,
323 721 101 22 förvissad
448 727 39 19 om,
503 724 31 19 att
557 721 90 21 Finland
672 721 89 21 sälunda
777 721 47 21 bäst
840 721 77 27 fullgör
939 721 31 21 sin
986 722 53 26 pligt

212 752 45 19 mot
275 750 141 26 vetenskapen
431 750 31 21 uti
478 750 159 27 ifrägavarande
652 749 43 22 fall.

285 807 56 22 Herr
359 807 179 21 Nummelin:
554 807 56 21 Utan
626 809 32 19 att
674 813 49 16 anse
739 808 42 26 mig
797 807 123 27 kompetent
936 809 31 20 att
981 810 57 25 yttra

216 836 43 27 mig
274 836 6 21 i
296 835 84 22 hvilken
397 836 146 27 utsträckning
557 835 89 22 Finland
662 835 65 22 borde
744 836 84 27 deltaga
843 837 30 20 uti
885 837 26 20 de
922 843 26 14 nu
960 836 77 27 ifräga-

216 866 57 19 satta
289 865 181 27 undersökningar
485 865 2 20 i
498 864 154 27 Lappmarken,
669 865 39 20 har
720 865 37 26 jag
772 864 88 22 anhällit
876 871 33 14 om
926 865 60 21 ordet
1001 871 36 15 en-

216 893 49 21 dast
289 893 33 21 för
337 896 31 18 att
391 893 82 27 päpeka
495 893 182 26 nödvändigheten
698 893 24 21 af
735 895 38 23 att,
790 893 55 22 hvad
859 893 7 21 i
882 893 35 21 det
933 900 38 14 ena
987 894 51 20 eller

215 922 66 21 andra
294 921 109 21 afseendet
413 924 26 18 än
455 921 95 21 kommer
565 924 32 18 att
612 924 69 24 göras,
697 921 154 23 förberedelser
866 922 172 21 fordersammast

214 951 39 21 äro
269 950 22 20 af
305 950 100 22 behofvet
427 950 121 27 päkallade,
564 950 130 21 beträffande
715 950 139 28 uppförandet
869 950 23 21 af
906 951 26 20 de
948 951 90 27 byggna-

215 978 46 27 der,
277 984 44 16 som
336 980 34 20 för
386 979 196 21 observationernas
597 979 131 21 anställande
754 978 64 22 blifva
833 979 138 27 nödvändiga.
997 979 41 21 Det

214 1007 35 21 för
264 1008 61 20 dessa
340 1008 122 26 byggnader
478 1006 104 28 behöfliga
597 1008 68 20 virket
680 1008 40 20 kan
737 1008 104 26 nämligen
853 1007 46 21 icke
910 1007 90 22 erhällas
1010 1007 27 27 pä

214 1037 53 19 nära
282 1035 43 21 häll
341 1036 93 21 hvarken
450 1036 6 20 i
472 1035 121 27 Sodankylä
608 1036 51 21 eller
674 1036 226 26 Kittilä
768 1031 12 36 —
792 1036 108 26 förutsatt,
916 1038 32 19 att
963 1036 74 22 statio-

214 1070 41 15 nen
272 1064 40 21 blir
334 1064 83 27 förlagd
432 1064 32 22 till
487 1064 62 22 dessa
569 1064 99 22 socknars
684 1065 121 27 kyrkobyar
819 1077 28 3 —
862 1068 51 18 utan
929 1065 107 21 erfordras

214 1093 101 27 antingen
338 1100 27 14 nu
377 1100 29 21 en
429 1093 49 27 lång
497 1093 169 27 landstransport
689 1094 51 20 eller
761 1094 97 26 flottning
872 1094 68 20 under
956 1094 81 21 instun-

215 1121 68 23 dande
299 1123 43 21 vår.
373 1122 69 26 OÖfrigt
456 1122 97 21 material
569 1122 54 22 skall
638 1122 64 22 också
716 1121 107 23 anskaffas
838 1122 27 27 pä
880 1122 59 27 långt
954 1122 83 22 afständ

214 1150 40 22 och
277 1151 31 21 dit
331 1153 155 25 transporteras
509 1151 47 21 med
579 1151 119 23 vinterföre,
721 1154 22 24 ty
766 1151 233 21 kommunikationerna
1024 1151 13 21 &

215 1180 91 21 nämnda
329 1182 57 19 orter
402 1181 36 19 äro
461 1179 84 28 mycket
567 1180 111 26 primitiva,
695 1180 120 27 isynnerhet
836 1186 34 15 om
886 1180 64 21 våren
970 1180 67 21 under

214 1208 53 26 högt
289 1208 91 22 värflöde
404 1208 39 21 och
466 1209 71 21 derför
559 1209 59 21 äfven
633 1208 132 27 synnerligen
781 1208 68 22 svära.
879 1209 38 21 Ett
932 1215 105 19 omsorgs-

213 1236 76 22 fullare
313 1236 79 27 arbete,
409 1243 44 15 som
475 1237 35 27 jag
533 1237 76 21 tänker
632 1237 42 27 mig
690 1238 6 20 i
711 1237 138 21 förevarande
867 1236 36 22 fall
919 1244 50 14 vara
983 1237 53 21 nöd-

213 1265 93 27 vändigt,
330 1266 97 25 päkallar
450 1266 63 21 ocksä
535 1266 186 26 arbetsmanskaps
743 1265 137 22 anskaffande
902 1265 47 22 frän
970 1266 67 21 andra

214 1295 65 20 orter.
309 1293 31 27 Ty
360 1293 93 22 hvarken
469 1295 56 20 inom
541 1294 159 27 Lappmarkens
714 1294 91 21 socknar
820 1294 51 21 eller
886 1295 6 20 i
908 1295 129 25 grannsock-

213 1327 68 16 narna
296 1321 68 22 finnas
383 1323 65 26 nägra
464 1322 83 27 duglige
563 1323 139 20 timmermän.
733 1322 72 21 Under
821 1323 71 26 dylika
908 1323 128 26 omständig-

213 1350 61 21 heter
289 1351 39 20 och
352 1351 46 20 med
415 1351 41 20 den
478 1351 119 20 kännedom
611 1351 36 25 jag
663 1358 49 18 eger
727 1357 34 14 om
777 1351 130 20 dervarande
922 1351 112 20 förhällan-

214 1377 41 21 den
271 1384 61 15 anser
344 1378 39 32 jag
397 1378 77 24 derför,
490 1380 32 20 att
537 1378 161 27 ifrägavarande
714 1378 77 21 ärende
802 1378 66 21 borde
879 1385 51 14 vara
936 1379 100 27 slutligen

214 1405 94 27 afgjordt
322 1406 39 22 sist
378 1407 56 21 inom
450 1406 57 22 Mars
523 1407 86 21 mänads
625 1407 79 32 utgäng
719 1406 32 22 för
766 1409 32 19 att
814 1406 26 22 de
855 1407 77 27 nödiga
946 1407 90 27 byggna-

214 1435 67 21 derna
296 1435 67 22 skulle
379 1435 64 22 hinna
459 1436 85 21 komma
558 1435 95 22 tillständ
668 1436 64 21 innan
748 1436 40 21 den
806 1438 8 20 1
827 1420 96 48 Augusti,
934 1436 27 21 dä
971 1436 65 27 enligt

213 1464 104 27 förslaget
339 1464 47 22 med
410 1464 196 23 observationernas
629 1464 132 22 anställande
784 1464 64 23 borde
871 1465 109 27 påbörjas;
997 1464 40 23 och

213 1493 37 22 vill
264 1493 36 28 jag
322 1493 87 22 härmed
432 1494 66 27 pästä,
514 1496 33 19 att
563 1494 35 22 det
613 1494 89 22 sälunda
721 1493 47 23 icke
783 1496 24 20 är
822 1493 69 28 nägon
907 1494 128 28 omöjlighet,

212 1522 71 22 såsom
299 1522 49 22 herr
366 1523 117 27 Malmgren
503 1522 112 27 förmenat,
637 1525 32 20 att
688 1523 57 21 inom
761 1522 40 23 den
817 1523 110 23 bestämda
942 1524 57 21 tiden
1014 1524 21 22 få
