1120 1798
229 125 42 21 252
442 130 177 20 Borgareständet
632 130 56 17 1882.
712 130 24 16 10
749 129 95 17 februari.

229 198 56 27 ligen
302 204 78 20 gagnar
396 198 54 25 dem,
467 198 53 20 dock
535 198 95 26 vanligen
646 197 46 21 icke
707 198 62 21 hafva
780 204 41 20 nog
834 198 64 26 insigt
909 197 21 21 af
942 197 109 21 vetandets

230 226 115 27 betydelse,
361 226 33 21 för
409 228 31 19 att
456 226 25 20 de
497 226 67 21 skulle
579 226 71 21 känna
664 226 42 20 lust
722 229 32 19 att
769 226 97 27 uppoffra
881 226 84 26 mycket
981 226 70 26 derpä.

230 255 73 22 Redan
319 255 27 27 pä
361 255 70 21 denna
446 254 67 28 grund
528 260 62 22 synes
605 254 35 22 det
656 255 48 26 mig,
720 257 31 19 att
767 254 117 22 folkskolan
896 261 49 15 vore
957 254 52 21 värd
1019 256 33 19 att

229 284 61 27 längt
312 290 65 19 mera,
394 286 25 18 än
440 283 46 21 den
502 284 59 20 lärda
581 283 81 27 skolan,
682 283 99 22 bekostas
800 284 22 20 af
836 286 76 18 staten.
928 296 27 2 —
971 282 38 22 Vid
1026 289 26 15 en

231 313 76 21 debatt
334 313 67 21 under
430 315 31 18 ett
490 312 126 27 föregående
646 312 156 22 sammanträde
832 312 55 21 inom
913 312 58 21 detta
990 311 64 22 stånd

231 342 91 20 rörande
338 348 24 14 en
378 341 60 26 fräga
454 341 4 20 i
475 340 98 22 afseende
591 340 12 21 &
619 341 38 21 den
674 341 57 21 lärda
749 340 81 26 skolan,
845 341 95 27 yttrades
955 340 22 21 af
991 346 25 15 en
1032 340 23 20 af

230 370 98 21 ständets
343 370 142 25 medlemmar,
502 382 24 2 —
544 370 40 20 den
600 371 151 25 representant,
767 369 72 22 staden
855 369 83 27 Kajana
947 369 62 21 sändt
1020 368 33 22 till

231 400 51 20 våra
305 398 195 24 sammankomster,
522 411 27 2 —
567 400 32 19 att
618 398 38 20 den
677 398 140 28 förmögnare,
836 398 39 21 den
896 398 66 24 högre
984 397 70 21 stälda

231 427 62 21 delen
309 428 22 20 af
345 426 147 27 befolkningen
509 427 60 21 alltid
585 426 55 21 hade
654 427 49 21 vida
718 426 77 22 lättare
810 428 26 20 än
850 428 38 20 den
901 427 58 26 lägre
969 428 32 19 att
1011 426 43 21 för-

230 456 69 21 skaffa
319 456 46 21 sina
385 456 56 26 barn'
457 455 148 27 skolbildning.
635 455 41 26 Jag
691 457 122 25 accepterar
828 456 58 20 detta
900 454 98 28 yttrande
1014 454 40 22 och

228 484 39 28 jag
282 484 36 22 vill
334 484 87 21 framför
436 484 38 20 allt
490 484 95 26 tillämpa
601 484 35 20 det
650 484 28 26 pä
688 484 127 21 folkskolan.
826 496 28 3 —
864 484 112 21 Dessutom
988 483 66 21 finnes

232 519 25 15 en
273 514 39 20 sak
328 513 38 24 till,
382 519 51 16 som,
450 512 64 27 enligt
529 513 47 21 mitt
587 512 68 27 tycke,
666 512 86 22 alideles
763 512 134 28 obestridligt
908 513 53 21 talar
972 512 38 23 för,
1022 514 32 19 att

230 544 71 19 staten
318 541 53 21 skall
388 545 48 23 taga
451 542 31 26 sig
498 548 26 14 an
540 541 179 21 folkskolesaken:
734 542 39 20 den
787 541 181 27 omständigheten
980 541 74 21 nemli-

230 577 50 20 gen,
296 572 32 20 att
348 570 72 26 hvarje
440 570 114 21 statsskick
575 576 44 15 som
640 570 102 21 existerar
761 570 124 22 förutsätter
904 570 38 22 hos
952 570 103 21 medbor-

231 606 79 19 garene
333 605 25 15 en
382 599 182 26 minimibildning,
585 599 32 21 för
639 602 32 18 att
691 600 35 20 det
747 599 55 21 skall
821 599 71 21 kunna
907 599 66 21 bestä.
1001 599 54 21 Värt

231 628 117 21 statsskick
368 630 24 18 är
412 630 30 19 ett
462 628 44 21 fritt
526 627 121 26 statsskick,
663 628 170 21 tillerkännande
852 628 166 26 medborgarene
1034 628 26 21 af

232 656 33 22 till
285 657 37 21 och
341 657 48 20 med
406 657 24 20 de
446 656 68 26 lägsta
529 656 72 27 lagren
617 657 80 25 ganska
713 657 79 26 vigtiga
806 656 102 28 politiska
923 656 132 27 rättigheter.

232 685 67 21 Detta
322 685 130 24 förutsätter,
473 688 31 18 att
520 685 25 21 de
568 685 60 21 skola
645 684 63 22 hafva
726 685 46 21 icke
790 686 23 20 sä
829 684 51 22 liten
895 685 104 27 bildning;
1015 685 41 21 och

233 714 60 21 detta
309 714 46 21 äter
370 714 129 24 förutsätter,
515 720 61 21 synes
593 715 48 26 mig,
657 717 31 18 att
704 716 69 19 staten
790 714 37 21 bör
842 720 22 15 se
880 714 38 26 till,
933 716 31 19 att
977 714 80 21 enhvar

233 743 42 21 blir
296 744 6 20 i
322 742 82 22 tillfälle
424 744 33 20 att
475 742 80 22 erbålla
573 749 25 15 en
618 742 70 22 sådan.
718 743 49 21 Med
786 745 31 19 ett
835 743 43 27 ord,
891 744 37 26 jag
943 749 61 15 anser
1020 743 36 21 det

232 778 53 14 vara
301 778 24 14 en
342 772 92 20 särdeles
450 771 65 27 vigtig
531 771 38 21 och
586 772 64 26 riktig
665 772 44 24 sak,
723 775 32 17 att
767 774 69 19 staten
850 775 59 23 tager
920 772 32 27 sig
963 778 26 15 an
1002 772 56 21 folk-

233 800 75 22 skolan
324 800 39 21 och
379 805 60 22 tager
454 801 56 25 uppä
526 801 31 25 sig
572 802 78 19 största
666 800 60 21 delen
743 800 23 21 af
781 800 47 21 dess
843 801 118 21 underhäll.

303 829 78 21 Vidare
402 831 23 19 är
442 831 32 19 att
490 829 107 26 bemärka,
613 832 31 18 att
659 829 7 20 i
682 829 38 21 och
736 829 47 21 med
800 830 116 20 detsamma
932 830 35 20 det
983 829 73 21 dekre-

233 860 64 24 teras,
317 861 31 18 att
367 857 105 22 folkskola
491 858 52 21 skall
561 857 68 22 finnas
647 858 6 20 i
673 858 71 26 hvarje
763 858 106 26 kommun,
886 858 37 22 har
938 858 61 21 äfven
1016 859 41 21 den

234 886 69 28 utgift,
327 887 58 21 detta
407 886 101 27 päkallar,
532 887 132 21 dekreterats
686 888 69 20 säsom
779 893 26 15 en
828 887 81 21 allmän
928 886 128 29 statsutgift.

233 916 44 21 Det
293 917 24 20 är
331 916 46 21 icke
393 915 65 27 fräga,
474 922 32 14 om
524 915 69 22 denna
607 915 63 28 utgift
686 915 53 22 skall
755 922 38 21 ega
810 923 44 14 rum
871 916 51 21 eller
938 916 27 28 ej;
983 916 34 21 det
1032 918 25 19 är

233 945 76 20 endast
330 945 59 26 fråga
404 951 33 14 om
455 945 55 20 huru
526 945 39 21 den
581 944 53 22 skall
651 948 109 23 upptagas.
791 945 91 21 Lemnar
898 951 47 16 man
960 945 98 21 kommu-

234 979 67 15 nerna
317 976 31 18 att
364 973 47 21 med
428 975 78 19 största
522 973 59 22 delen
598 973 86 27 bidraga
702 973 77 26 härtill,
796 973 41 22 blir
850 973 59 22 detta
920 976 30 19 ett
961 979 52 16 onus
1024 974 33 21 för

234 1005 83 18 statens
335 1002 95 26 räkning,
446 1004 32 19 ett
493 1009 52 14 onus
561 1002 99 21 likartadt
677 1003 46 20 med
741 1003 36 20 det
791 1002 153 21 kommunerna
959 1003 6 20 i
981 1003 76 26 mänga

234 1031 38 21 fall
288 1030 62 22 hafva
365 1031 7 20 i
388 1031 97 20 afseende
501 1031 12 20 &
529 1031 66 21 andra
611 1031 101 21 anstalter
724 1031 39 21 och
774 1031 146 26 inrättningar,
932 1037 43 16 som
987 1033 70 20 staten

234 1059 136 22 föreskrifvit.
401 1059 41 21 Det
464 1059 40 22 blir
525 1062 31 18 ett
571 1059 117 28 äliggande,
708 1059 101 22 likartadt
824 1061 47 20 med
891 1062 49 25 väg-
955 1060 39 21 och
1009 1060 49 21 bro-

236 1088 263 27 byggnadsskyldigheten,
515 1089 50 20 eller
585 1089 47 20 med
648 1088 196 27 hällskjutsningen.
876 1089 40 20 Det
935 1089 40 21 blir
993 1089 65 21 ocksä

235 1119 32 18 ett
283 1123 59 19 onus,
359 1117 107 22 behäftadt
483 1117 47 20 med
545 1123 82 15 samma
642 1117 34 22 fel,
693 1123 43 14 som
751 1117 67 24 dessa,
830 1117 103 26 nemligen
945 1120 32 18 att
987 1117 70 22 säsom

234 1145 141 22 skattebörda
391 1145 79 26 ojemnt
489 1145 80 21 drabba
584 1145 155 26 befolkningen.
770 1146 68 21 Ocksä
854 1147 58 20 detta
927 1148 24 19 är
967 1152 24 15 en
1007 1152 50 20 syn-

236 1174 75 26 punkt,
330 1180 44 15 som
395 1174 127 21 bestämmer
545 1175 42 26 mig
609 1177 31 18 att
662 1175 52 26 yrka
731 1175 71 26 derpä,
817 1177 33 18 att
865 1176 79 20 största
959 1175 59 20 delen
1035 1174 24 21 af

235 1202 157 21 folkskolornas
408 1202 109 21 underhäll
534 1202 38 21 bör
583 1203 52 26 utgä
645 1202 47 21 frän
703 1203 39 20 den
753 1209 155 20 gemensamma
919 1203 139 26 statskassan,

235 1231 41 21 den
295 1231 124 22 statskassa,
434 1237 46 14 som
495 1234 60 23 tager
571 1237 42 21 upp
629 1231 44 21 sina
689 1231 68 21 medel
772 1231 46 21 frän
834 1232 66 21 folket
915 1232 6 20 i
937 1232 32 20 sin
984 1231 73 22 helhet

234 1259 42 22 och
291 1265 44 20 som
351 1261 38 24 gör
405 1259 58 21 detta
478 1260 27 26 pä
521 1260 35 20 det
571 1261 50 25 sätt,
636 1266 44 14 som
698 1266 48 15 man
762 1260 54 21 efter
831 1260 60 21 bästa
906 1260 96 21 förständ
1015 1261 42 20 kan

235 1287 57 22 finna
308 1289 123 25 begvämast
446 1288 39 21 och
501 1289 79 20 lättast.

303 1316 45 21 Här
371 1317 60 20 torde
447 1317 69 20 tillika
530 1323 51 14 vara
600 1319 55 19 rätta
670 1317 72 20 stället
757 1320 32 17 att
804 1319 51 24 göra
870 1324 25 13 en
912 1317 145 26 anmärkning,

234 1345 87 20 hvartill
339 1345 51 20 sista
409 1345 110 24 meningen
538 1345 23 20 af
574 1345 232 25 petitionsmemorialet
821 1345 124 20 föranleder.
976 1345 42 20 Det
1033 1347 26 18 är

235 1372 105 26 nemligen
362 1373 80 26 antydt,
462 1376 32 17 att
514 1372 39 21 den
570 1375 80 24 anpart,
667 1375 69 19 staten
752 1373 68 20 skulle
837 1376 49 23 taga
902 1373 5 20 i
923 1373 134 21 kommuner-

234 1407 40 15 nas
296 1401 92 21 kostnad
411 1401 32 20 för
460 1400 133 21 underhället
609 1400 21 22 af
644 1401 152 26 folkskolorna,
812 1401 67 22 skulle
895 1401 51 27 utgä
960 1401 45 22 frän
1022 1401 35 22 be-

233 1429 189 27 villningsmedlen.
448 1429 40 27 Jag
503 1429 34 22 vill
554 1430 53 21 dock
623 1430 5 21 i
644 1429 99 22 afseende
759 1429 51 22 härä
822 1429 92 28 äberopa
925 1431 39 20 den
977 1431 81 27 vigtiga

235 1458 89 28 princip,
340 1464 44 15 som
401 1457 66 22 finnes
484 1459 81 20 uttalad
581 1459 6 20 i
605 1460 25 20 36
646 1459 12 26 $
674 1459 23 21 af
712 1460 36 21 vär
763 1459 220 28 Landtdagsordning,
999 1460 59 26 prin-

234 1487 60 27 cipen
312 1487 111 27 nemligen,
440 1490 32 19 att
487 1487 67 22 medel
571 1488 31 21 till
615 1488 83 21 landets
714 1488 65 21 behof
796 1488 60 21 skola
866 1488 105 22 anskaffas
981 1495 76 20 genom

234 1516 115 27 bevillning
368 1517 76 20 endast
459 1517 72 20 såvida
547 1517 138 21 statsverkets
700 1517 105 22 ordinarie
821 1517 113 27 tillgångar
949 1517 46 22 icke
1010 1519 46 20 der-
