1120 1786
313 125 176 22 Borgareståndet
502 126 56 17 1882.
583 127 18 17 11
614 131 60 13 mars.
865 121 42 20 427

85 193 101 27 ständiga
200 193 130 28 frigifvande,
346 194 39 21 och
400 194 36 21 vill
449 195 36 27 jag
500 201 28 14 nu
544 197 57 19 emot
616 194 50 22 herr
675 194 102 27 Federley
788 195 120 24 framhålla,

83 223 38 20 att
142 221 179 28 Borgareståndet
344 225 92 20 tvärtom
459 223 46 21 icke
521 223 66 22 borde
603 223 88 22 beträda
706 229 26 16 en
747 225 47 24 väg,
808 229 47 16 som
869 229 38 21 up-

87 250 145 27 penbarligen,
247 251 93 22 särdeles
361 251 7 21 i
383 251 77 22 sakens
474 252 122 21 nuvarande
611 251 64 26 skick,
693 251 46 22 icke
753 251 68 22 skulle
836 251 71 22 kunna

82 285 67 15 -anses
170 279 95 21 medföra
287 279 66 27 några
375 279 79 22 sådana
473 279 110 27 påföljder,
597 279 136 27 hvarigenom
749 279 111 28 framgång
874 280 34 21 för

87 308 88 20 räntans
195 307 138 28 fullständiga
348 308 120 26 frigörande
483 308 68 21 skulle
565 308 81 26 vinnas,
661 310 51 19 utan
729 309 97 24 tvärtom,
841 308 67 27 enligt

87 336 56 21 hvad
159 336 37 26 jag
211 337 52 25 tror,
279 336 65 22 saken
358 336 56 22 blott
428 336 112 22 försvåras.
570 336 96 22 Emellan
683 336 39 22 den
739 336 77 28 nådiga
831 343 76 21 propo-

83 364 94 22 sitionen
197 364 39 22 och
251 364 115 23 utskottets
382 365 133 21 betänkande
531 367 24 19 är
569 365 110 22 skilnaden
694 364 81 28 ganska
790 365 116 28 obetydlig;

85 392 42 23 den
148 393 66 27 gäller
236 393 75 22 endast
334 393 202 28 tidsbestämningen
558 394 34 21 nio
611 394 51 21 eller
677 400 36 15 sex
729 393 106 22 månader.
865 394 42 21 Det

86 421 195 27 hufvudsakligaste
303 422 70 22 skälet
395 422 32 22 för
442 422 201 28 tidsbestämningen
658 422 24 21 af
694 428 37 16 sex
746 422 102 22 månader
862 428 44 20 var,

81 452 38 20 att
134 450 80 22 sådana
228 450 63 22 korta
306 457 85 21 papper,
406 457 45 15 som
466 451 39 21 här
520 450 7 22 i
542 450 116 22 allmänhet
672 451 71 21 kunde
758 450 60 26 afses,
830 453 77 19 mesta-

83 479 49 21 dels
147 481 37 19 äro
200 479 78 21 ställda
292 480 28 27 på
335 486 37 15 sex
387 480 108 24 månader,
511 479 38 21 och
563 479 36 27 jag
614 482 45 20 tror
673 480 47 22 icke
735 479 73 25 heller,
824 482 32 19 att
871 480 36 21 det

85 507 36 22 vid
136 508 100 22 utländsk
252 508 68 22 kredit
335 508 28 28 på
378 514 62 16 varor
454 510 25 20 är
493 508 70 27 vanlig
577 510 33 20 att
624 508 63 22 hafva
701 508 34 22 nio
749 508 111 22 månaders
870 508 36 21 be-

81 536 134 28 talningstid.
245 538 38 20 Ett
305 539 65 20 annat
391 537 46 21 skäl
452 536 33 22 för
501 537 68 21 denna
585 537 174 28 tidsbestämning
775 538 21 20 af
810 543 36 15 sex
862 537 44 22 må-

85 566 66 21 nader
173 568 25 19 är
218 566 65 22 också
305 566 43 25 det,
368 568 38 25 att,
429 566 69 22 såsom
523 566 61 22 äfven
605 567 7 21 i
634 566 116 22 utskottets
773 566 133 22 betänkande

81 594 133 26 Tframhålles,
234 595 100 27 möjligen
352 595 7 21 i
379 595 65 26 högre
460 595 52 27 grad
527 597 27 19 än
569 596 7 20 i
591 596 164 26 propositionen,
772 595 84 21 fruktan
872 595 34 22 för

84 623 120 26 kapitalens
222 624 114 27 öfvergång
351 624 48 21 från
414 624 42 21 fast
471 623 108 28 placering
593 624 120 26 derigenom
730 624 67 21 skulle
812 624 72 22 kunna
899 624 6 21 i

83 652 70 26 någon
169 658 48 15 mon
233 652 148 27 undanrödjas.
411 652 41 27 Jag
467 655 46 19 tror
528 652 33 21 för
577 653 42 21 min
635 652 41 27 del,
690 655 39 24 att,
745 653 88 21 oaktadt
843 653 62 26 ingen

84 680 118 27 principiell
224 681 83 21 skilnad
330 680 89 22 emellan
436 681 61 21 dessa
516 681 35 21 nio
566 681 39 21 och
621 688 35 14 sex
672 682 100 21 månader
787 681 117 26 förefinnes,

81 709 40 21 det
143 709 54 21 dock
219 709 67 22 under
307 710 132 21 närvarande
456 709 147 22 förhållanden
619 716 49 15 vore
683 710 124 27 lämpligare
822 713 32 18 att
871 710 35 21 be-

85 739 90 20 stämma
190 738 32 26 sig
237 738 32 22 för
284 744 36 16 sex
335 738 106 27 månader,
456 738 39 21 och
511 738 67 22 skulle
593 739 7 21 i
615 738 76 22 sådant
703 738 37 22 fall
751 738 61 22 äfven
822 738 83 22 Preste-

83 766 85 22 ståndet
183 766 77 22 lättare
275 769 26 19 än
317 772 83 19 annars,
415 768 72 20 kunna
501 766 78 22 förmås
595 769 31 19 att
641 767 112 27 godkänna
761 767 144 27 författnings-

84 790 107 36 förslaget.
394 802 6 6 .

154 824 60 21 Hvad
237 824 66 21 sedan
326 824 43 21 min
392 824 55 25 äsigt
461 824 7 21 i
488 824 40 21 den
544 824 67 21 första
625 824 157 21 reservationen
798 823 106 25 beträffar,

81 851 71 22 skulle
174 852 32 27 jag
221 852 99 27 vidhälla,
336 854 32 20 att
383 853 73 21 orden:
473 852 62 28 ,eller
549 856 52 24 pant
616 852 23 22 af
652 853 6 20 i
674 852 66 22 sädan
757 852 101 28 egendom
874 852 32 21 in-

84 881 101 21 tecknadt
202 880 133 23 skuldebref*
354 881 66 22 borde
439 888 25 14 ur
479 882 39 21 den
535 881 117 26 föreslagna
667 881 105 26 lagtexten
789 880 56 27 utgä.
874 881 31 26 Ty

82 911 35 19 ett
133 910 77 21 sådant
223 909 123 22 intecknadt
361 909 127 27 skuldebref,
503 909 79 22 hvilket
598 909 68 22 blifvit
681 909 64 26 gifvet
761 909 32 22 till
807 912 59 23 pant,
881 911 25 19 är

83 938 8 21 i
110 938 76 27 själfva
207 938 74 21 verket
296 939 46 21 icke
358 939 63 26 nägot
436 940 71 25 annat,
523 940 27 19 än
566 945 25 14 en
607 938 121 26 lösörepant
743 938 48 21 med
806 938 40 21 den
862 940 44 19 rätt

84 972 25 15 en
125 967 65 21 sädan
206 966 94 22 innebär.
330 967 61 22 Dock
406 969 45 19 tror
463 967 38 27 jag
515 967 53 24 icke,
583 969 32 19 att
631 967 35 20 det
680 966 69 21 skulle
765 966 93 21 medföra
868 967 37 20 nä-

83 1001 42 20 gon
141 995 120 27 olägenhet,
278 995 60 21 äfven
354 1001 34 16 om
404 995 157 27 propositionen
577 995 7 21 i
600 995 68 21 denna
684 995 32 21 del
733 997 93 24 antoges.

152 1024 40 27 Jag
210 1023 69 22 skulle
293 1024 28 27 pä
337 1024 35 21 det
387 1026 105 19 varmaste
508 1023 92 27 förorda,
617 1025 31 20 att
664 1023 100 28 antingen
780 1023 126 27 propositio-

84 1058 40 15 nen
144 1053 51 21 eller
210 1053 117 21 utskottets
342 1052 141 26 betänkande,
500 1065 27 2 —
543 1053 54 21 helst
613 1052 53 21 dock
682 1052 143 21 betänkandet
840 1052 66 27 enligt

85 1081 39 21 den
147 1081 135 26 reservation,
299 1088 33 15 om
349 1081 83 21 hvilken
446 1082 35 27 jag
497 1081 82 22 förenat
595 1082 47 25 mig,
658 1093 26 3 —
701 1083 94 24 antoges,
810 1087 48 15 men
874 1082 32 20 att

83 1109 75 28 frägan
181 1110 7 21 i
211 1109 54 22 intet
288 1109 35 22 fall
338 1109 70 22 skulle
423 1110 81 21 lemnas
519 1110 105 21 beroende
638 1109 32 22 till
686 1115 25 16 en
727 1109 75 22 osäker
818 1109 88 22 framtid

81 1144 80 20 genom
184 1140 32 20 ett
234 1138 93 22 radikalt
343 1138 115 27 uttalande,
474 1145 43 15 som
533 1139 46 21 icke
595 1138 67 22 skulle
678 1138 95 21 medföra
789 1139 67 26 nägon
873 1139 32 20 ut-

83 1166 44 27 sigt
141 1167 32 22 till
188 1167 115 27 framgäng.

152 1224 57 22 Herr
231 1224 171 28 Lindberg:
432 1224 42 27 Jag
491 1224 38 22 ber
545 1224 44 21 helt
605 1223 71 22 enkelt
692 1225 31 20 att
738 1223 21 22 fä
773 1223 75 22 förena
864 1222 42 28 mig

84 1253 49 22 med
155 1253 49 22 herr
226 1253 108 21 Fabritius
356 1253 79 26 derom,
452 1255 31 19 att
506 1253 178 26 Borgareständet
702 1252 49 21 ville
767 1252 91 22 vidhälla
873 1251 33 22 sin

85 1281 58 22 förut
158 1282 7 20 i
181 1282 65 21 saken
262 1281 95 22 uttalade
372 1281 55 26 äsigt
442 1287 34 16 om
493 1281 166 22 önskvärdheten
676 1281 22 20 af
706 1280 118 28 fullkomlig
834 1281 72 20 ränte-

85 1309 71 22 frihet.
186 1310 33 21 En
234 1310 86 27 partiell
334 1311 65 21 sädan
415 1310 41 21 kan
471 1310 46 21 icke
533 1316 60 15 anses
609 1309 186 22 öfverensstämma
810 1309 48 21 med
868 1315 38 14 na-

81 1338 196 22 tionalekonomins
292 1339 68 21 sunda
375 1339 99 27 begrepp,
491 1342 50 18 utan
557 1338 55 22 blott
627 1338 96 22 medföra
732 1338 73 21 skada.
826 1337 80 28 Nyttan

86 1367 21 22 af
129 1370 31 19 ett
181 1367 76 22 sädant
279 1367 151 26 legaliserande
452 1367 22 22 af
496 1368 75 21 endast
593 1367 62 21 korta
673 1373 81 20 papper
769 1369 57 18 emot
840 1366 66 26 högre

85 1398 68 23 ränta,
168 1401 62 17 anser
250 1396 37 26 jag
311 1402 49 16 vara
382 1396 81 27 ganska
482 1396 82 26 prekär,
579 1396 95 25 emedan,
690 1395 69 21 säsom
775 1395 60 22 äfven
851 1395 7 20 i
874 1397 32 18 ut-

81 1424 96 21 skottets
196 1424 134 21 betänkande
345 1424 99 27 päpekas,
460 1425 63 20 korta
537 1429 80 21 papper
631 1424 28 25 pä
674 1429 36 15 sex
725 1423 100 21 mänader
840 1423 67 21 oftast

85 1452 133 21 förekomma
232 1453 7 20 i
255 1452 53 21 form
324 1451 21 22 af
360 1452 71 21 vexlar
446 1451 39 22 och
500 1458 49 15 man
563 1453 7 20 i
585 1452 59 21 detta
660 1451 98 21 afseende
773 1451 46 21 icke
834 1450 74 22 behöf-

84 1487 39 15 ver
137 1481 103 27 stipulera
255 1481 68 26 nägon
340 1480 96 22 bestämd
451 1482 67 24 ränta,
535 1483 22 24 ty
573 1486 24 15 en
613 1479 59 22 vexel
688 1479 42 22 kan
745 1479 33 21 väl
789 1479 61 27 ingen
862 1479 45 21 hin-

83 1510 41 22 dra
139 1510 43 28 mig
198 1511 31 20 att
245 1509 55 28 köpa
315 1508 32 23 till
363 1508 35 22 det
413 1508 44 28 pris
470 1508 37 28 jag
521 1508 100 28 behagar.
