1120 1809
211 136 41 21 348
420 140 177 21 Borgareståndet
611 141 54 16 1882.
690 140 26 17 28
729 139 96 18 februari.

279 209 73 21 vinner
374 209 41 26 nej,
437 209 39 21 har
499 209 84 21 ståndet
605 208 33 22 till
659 208 208 27 kontraproposition
886 208 81 27 antagit
982 208 50 21 herr

211 237 87 22 Heikels
313 237 96 27 förslag”.

280 266 160 28 Propositionen
456 266 126 22 besvarades
598 266 46 21 med
662 266 26 21 28
701 265 23 27 ja
739 265 39 22 och
794 266 27 21 20
836 266 43 26 nej;
895 267 56 20 samt

281 319 51 26 »De,
342 318 71 21 hvilka
421 318 112 27 godkänna
540 318 115 22 utskottets
664 317 80 28 förslag
752 317 30 22 till
792 317 136 27 formulering
934 319 58 20 rösta
998 317 33 28 ja;

280 347 74 21 vinner
368 347 41 26 nej,
424 347 40 21 har
479 347 84 21 ståndet
578 347 88 21 beslutit
681 348 32 19 att
727 347 156 20 återremittera
899 346 87 21 ärendet
999 345 32 22 till

212 375 236 27 expeditionsutskoitet
470 375 31 21 för
524 375 133 28 afhjelpande
678 375 22 20 af
720 375 56 21 vissa
795 375 88 21 formela
899 375 77 21 brister
992 374 40 22 och

212 403 134 22 skrifvelsens
368 403 115 22 affattande
506 404 6 21 i
536 404 93 27 enlighet
651 404 48 20 med
722 403 189 27 Borgareständets
933 403 69 22 beslut
1024 403 7 20 i

212 433 65 20 saken
293 435 55 19 samt
364 433 46 21 dess
426 432 119 27 redigering
562 433 6 20 i
585 432 52 21 form
654 432 21 21 af
691 438 25 15 en
730 432 91 26 petition
841 432 46 21 med
903 431 129 28 innegäende

213 461 107 24 slutkläm,
340 461 88 21 hvarvid
453 461 34 21 det
510 461 52 22 sista
584 461 88 28 stycket,
693 460 101 27 börjande
810 461 47 21 med
873 461 65 21 orden
953 460 79 27 ,Mätte

212 489 62 22 Gud"
298 490 38 21 och
359 490 97 21 slutande
479 490 47 21 med
547 490 64 21 orden
627 489 87 27 ,kallets
730 489 75 21 börda"
821 490 7 21 i
843 489 142 27 föreliggande
1000 492 32 18 ut-

212 519 91 21 skottets
319 518 77 27 förslag
410 518 31 22 till
457 519 109 21 skrifvelse
581 519 67 21 skulle
663 519 70 26 utgä*.

282 570 162 27 Propositionen
460 570 126 21 besvarades
601 569 47 22 med
666 570 25 21 19
704 569 24 28 ja
743 569 39 22 och
797 570 27 21 29
838 570 40 26 nej.
902 571 7 18 I
920 569 113 27 anledning

213 598 24 21 af
252 599 58 21 detta
320 598 185 28 borgareständets
521 599 69 21 beslut
605 605 34 14 om
651 598 121 21 återremiss
782 599 6 20 i
800 599 74 27 antydt
884 597 55 29 syfte
949 598 84 27 yttrade

283 651 55 20 Herr
359 650 153 27 Ignatius:
536 651 32 20 Då
588 650 37 27 jag
647 650 46 21 icke
712 650 88 27 deltagit
816 651 5 20 i
837 650 146 21 diskussionen
998 656 34 15 om

215 679 69 21 denna
299 679 66 26 fräga,
382 678 94 22 anhäller
488 679 36 26 jag
539 681 32 19 att
586 679 20 21 fä
622 679 32 20 till
669 679 129 26 protokollet
809 679 135 26 antecknadt,
957 681 32 18 att
996 678 37 27 jag

216 708 94 26 inlägger
326 708 40 20 min
383 707 129 21 reservation
528 709 43 19 mot
583 707 58 22 detta
652 707 76 26 beslut,
741 707 63 21 hvars
814 707 89 22 resultat
913 707 121 27 pätagligen

215 736 41 21 blir
271 738 33 19 att
319 735 138 28 omöjliggöra
472 738 31 19 ett
517 735 157 22 ständerbeslut
689 736 7 20 i
711 735 80 27 frägan.

283 793 79 21 Herrar
394 792 89 26 Göös,
516 793 124 25 Ervast,
671 793 194 26 Liukkonen,
895 793 140 27 Neppen-

216 823 93 20 ström
326 822 38 21 och
405 821 130 22 Pelkonen
553 821 70 22 inlade
639 821 119 22 äfvenledes
774 822 128 21 reservation
919 824 44 19 mot
978 821 57 22 stän-

216 851 46 21 dets
277 850 89 21 sälunda
383 850 78 21 fattade
478 850 74 21 beslut.

284 901 31 22 På
336 902 67 27 grund
426 901 21 22 af
468 901 48 22 herr
538 901 126 28 Chydenius”
680 901 94 28 yrkande
789 904 31 20 att
835 902 62 22 ordet
912 918 10 9 ,
926 903 109 23 suverän*,

216 931 36 21 det
267 931 52 21 sista
333 931 7 20 i
356 931 67 21 första
438 931 89 26 stycket,
543 931 68 21 skulle
626 931 85 27 utbytas
728 933 44 19 mot
794 931 94 27 ,furste*,
912 931 124 22 framstälde

215 960 49 21 herr
278 959 129 22 Talmannen
422 961 56 19 ännu
493 965 26 15 en
534 959 114 28 sälydande
664 960 138 27 proposition:

284 1011 52 26 wDe,
359 1010 70 22 hvilka
451 1011 7 20 i
478 1011 68 21 denna
570 1011 33 21 del
623 1011 113 26 godkänna
758 1011 115 22 utskottets
895 1011 142 26 formulering,

215 1041 59 19 rösta
286 1040 34 25 ja;

285 1067 73 21 vinner
381 1067 40 26 nej,
443 1068 38 21 har
496 1068 84 21 ståndet
595 1068 86 21 beslutit
696 1070 32 19 att
743 1068 61 21 ordet
820 1068 115 25 ,suverän*
952 1068 6 21 i
974 1068 63 21 slutet

216 1095 21 22 af
253 1096 67 21 första
335 1096 82 27 stycket
432 1097 54 20 skall
501 1097 86 26 utbytas
602 1098 44 20 mot
662 1097 61 21 ordet
738 1097 94 26 ,furste*.
928 1107 7 5 -

285 1147 161 27 Propositionen
462 1147 127 22 besvarades
605 1148 47 21 med
666 1148 153 27 öfvervägande
835 1149 40 26 nej.

286 1176 99 21 Ständets
408 1177 70 21 beslut
500 1176 45 22 blef
565 1176 82 22 säledes
670 1179 32 19 att
723 1177 156 22 äterremittera
899 1177 89 21 ärendet
1007 1177 31 21 till

217 1205 238 26 expeditionsutskottet
476 1205 33 21 för
531 1205 135 27 afhjelpande
689 1205 21 21 af
732 1206 54 21 vissa
807 1205 88 22 formela
910 1206 77 21 brister
999 1205 40 22 och

216 1233 137 21 skrifvelsens
375 1233 116 22 affattande
513 1234 6 20 i
542 1233 93 28 enlighet
657 1234 47 20 med
728 1233 191 28 Borgareständets
942 1234 69 21 beslut
1031 1234 7 21 i

216 1261 7 21 i
238 1261 65 22 saken
319 1263 55 19 samt
390 1261 47 22 dess
452 1261 105 27 reglering
572 1262 7 21 i
595 1262 53 21 form
664 1261 24 22 af
702 1268 25 15 en
743 1262 88 27 petition
847 1262 48 21 med
908 1262 131 27 innegäende

216 1289 107 25 slutkläm,
346 1289 88 22 hvarvid
457 1291 35 20 det
513 1291 52 20 sista
579 1290 88 27 stycket,
683 1290 101 27 börjande
800 1291 48 21 med
865 1291 76 21 orden:
959 1291 80 28 ,Mätte

216 1317 60 22 Gud"
298 1317 38 22 och
358 1318 98 22 slutande
479 1319 47 20 med
550 1319 64 20 orden
631 1319 86 26 ,kallets
734 1319 77 22 börda"
827 1319 6 21 i
848 1319 142 27 föreliggande
1005 1321 33 19 ut-

216 1346 91 21 skottets
322 1346 78 25 förslag
416 1347 32 20 till
464 1347 109 20 skrifvelse
589 1347 67 20 skulle
672 1347 58 26 utgå;
748 1347 38 21 och
802 1347 54 21 hade
867 1348 84 20 ståndet
960 1347 78 27 jemväl

216 1376 70 19 ansett
310 1376 31 19 att
364 1374 60 21 ordet
445 1377 124 23 ,suverän*,
585 1375 36 21 det
636 1375 52 21 sista
703 1375 6 20 i
725 1375 135 22 skrifvelsens
876 1375 67 22 första
958 1375 79 27 stycke,

217 1401 67 22 borde
298 1402 86 27 utbytas
400 1404 45 20 mot
459 1403 108 26 uttrycket
582 1403 102 26 ,furste*.

285 1431 111 22 Utskottet
418 1431 31 22 till
472 1431 85 28 ledning
580 1432 68 21 skulle
664 1432 101 27 derjemte
781 1432 106 27 protokoll
903 1433 57 22 öfver
976 1433 39 21 den
1032 1433 6 21 i

217 1459 74 28 frågan
306 1460 56 21 inom
378 1460 84 22 ståndet
477 1460 110 22 förefallna
604 1461 146 22 diskussionen
766 1462 105 22 utskottet
887 1461 112 23 tillställas.
