1125 1814
282 124 177 22 Borgareståndet
472 125 55 17 1882.
552 126 13 16 4
578 125 96 17 februari.
867 119 26 20 79

71 195 89 26 petition
183 195 46 21 från
252 196 31 19 att
305 195 86 21 komma
412 194 30 21 till
467 197 30 18 ett
521 195 81 21 utskott
624 195 7 20 i
655 195 40 20 och
710 194 32 21 för
758 194 135 26 behandling,

70 223 69 22 skulle
160 223 36 27 jag
218 223 84 24 föreslå,
326 223 35 22 det
377 223 178 26 Borgareståndet
570 223 48 21 ville
633 224 109 20 remittera
758 223 89 21 ärendet
861 223 32 20 till

72 253 107 20 allmänna
201 252 192 21 besvärsutskottet
416 252 46 21 med
485 252 125 27 uttryckligt
632 251 208 26 tillkännagifvande,
863 253 31 19 att

73 281 117 22 detsamma
212 280 69 21 skulle
304 283 103 24 upptagas
425 280 75 21 endast
516 281 31 20 till
563 281 40 20 den
620 281 40 24 del,
676 287 44 14 som
736 281 66 25 angår
817 286 76 20 uppre-

72 309 74 22 sandet
169 309 21 21 af
214 315 25 15 en
254 311 62 25 staty.
347 309 180 26 Borgareståndet
544 309 46 25 blir,
607 309 64 21 sedan
687 309 116 21 utskottets
818 309 75 20 betän-

72 338 69 22 kande
156 337 118 28 inkommit,
289 338 7 21 i
311 337 84 22 tillfälle
411 339 32 20 att
457 338 68 21 uttala
541 338 30 25 sig
587 338 6 20 i
609 337 73 27 sjelfva
698 337 81 26 frågan.
800 337 40 26 Jag
856 343 37 14 an-

72 373 34 15 ser
129 367 35 21 det
185 373 29 14 nu
237 367 45 20 icke
305 373 50 14 vara
377 365 45 22 skäl
438 368 31 19 att
486 367 105 20 bestämdt
606 366 95 22 förkasta
716 366 51 21 eller
782 365 112 28 godkänna

73 395 125 28 petitionen;
220 395 76 22 sådant
318 395 65 21 borde
403 394 22 21 få
441 395 50 21 bero
507 395 22 21 af
543 395 36 21 det
595 395 139 25 betänkande,
750 401 45 15 som
810 395 83 20 inkom-

73 431 45 14 mer
134 424 45 22 från
194 424 112 21 utskottet.

140 481 56 22 Herr
217 481 88 22 Göös:
328 481 74 21 Såvidt
423 480 35 27 jag
480 481 41 21 kan
537 481 60 26 fatta,
613 487 61 20 synes
690 481 36 21 det
741 481 42 27 mig
799 487 45 15 som
860 487 34 14 om

73 511 40 21 den
134 511 94 20 innersta
243 510 95 27 grunden
354 509 32 21 till
402 510 25 21 de
444 510 63 21 ärade
520 509 78 22 talares
614 510 136 26 påståenden,
767 516 44 15 som
828 509 65 22 önska

73 542 31 19 ett
126 539 114 27 afböjande
262 539 23 20 af
305 537 207 28 petitionsförslaget,
536 539 66 26 ligger
624 539 51 24 deri,
698 540 32 19 att
748 545 49 14 man
812 538 82 21 fruktar

72 569 32 20 för
120 570 31 19 att
166 568 36 21 det
218 567 66 22 skulle
302 567 62 21 blifva
381 574 25 13 en
423 567 50 22 häfd
489 570 32 18 att
537 567 101 27 landtdag
649 567 53 21 efter
712 567 102 26 landtdag
826 567 67 21 skulle

72 597 33 20 till
126 597 59 21 Hans
201 597 99 26 Majestät
315 597 102 20 inlemnas
433 596 102 21 adresser.
566 595 39 22 Om
622 603 25 14 en
662 596 65 21 sådan
743 597 49 20 dold
808 596 85 21 fruktan

72 625 43 22 kan
136 625 57 27 ligga
215 625 67 21 under
304 625 62 20 dessa
388 625 130 25 uttalanden,
541 625 24 21 så
584 628 46 18 tror
642 625 42 27 jag,
701 627 31 19 att
748 625 39 21 den
804 627 23 18 är
843 625 50 21 obe-

73 653 68 27 fogad.
172 654 40 26 Jag
234 654 62 26 hyser
317 653 103 27 nemligen
444 654 35 20 det
502 653 121 22 förtroende
647 653 32 22 till
695 654 83 21 landets
794 653 96 26 Ständer,

73 685 33 19 att
122 683 25 21 de
162 685 49 18 veta
226 684 38 19 när
279 689 25 14 en
320 683 72 20 adress
408 684 23 19 är
445 681 87 28 lämplig
548 682 38 21 och
602 685 38 18 när
656 682 51 21 icke.

142 712 62 21 Hvad
224 711 46 21 åter
286 711 60 21 deras
362 711 154 27 häntydningar
531 711 136 26 vidkommer,
683 711 70 21 hvilka
769 713 75 23 ansett,
861 713 32 18 att

74 741 40 20 den
130 740 21 22 af
165 740 43 26 mig
224 740 39 21 och
279 740 48 20 herr
343 740 154 26 Neppenström
513 739 118 27 föreslagna
647 741 98 20 adressen
757 739 67 22 skulle
835 740 58 20 inne-

74 769 52 22 bära
145 769 65 27 något
233 771 69 24 annat,
325 771 27 19 än
375 769 54 20 hvad
453 769 40 20 den
515 769 107 26 verkligen
640 769 123 26 innehåller,
779 770 37 19 äro
832 768 61 21 äfven

74 799 60 21 dessa
156 798 153 21 insinuationer
329 798 122 25 obefogade.
483 798 41 20 Det
546 799 24 20 är
588 799 37 20 vår
640 798 93 21 innersta
748 797 145 27 öfvertygelse,

74 829 33 19 att
130 828 35 20 det
187 826 69 21 finska
271 826 66 21 folket
352 829 24 18 är
391 827 130 26 berättigadt
536 827 38 21 och
591 827 91 26 skyldigt
698 829 32 18 att
746 827 98 25 erkänna,
859 826 35 21 det

74 856 52 21 våra
140 855 136 23 Storfurstar,
292 861 44 16 som
352 855 113 27 grundlagt
481 855 38 21 och
534 855 148 27 upprätthållit
698 855 46 21 vårt
760 855 135 21 konstitutio-

75 885 49 21 nela
145 884 29 24 lif,
197 884 51 27 hysa
263 883 121 23 förtroende
400 884 30 21 till
447 884 36 21 det
499 884 66 21 finska
581 884 73 21 folket.
684 884 42 21 Det
741 886 24 19 är
779 885 74 20 endast
869 889 26 15 en

76 913 218 26 tacksamhetsåtgärd
317 914 6 20 i
346 913 65 21 sådan
434 913 99 26 riktning,
557 914 18 20 vi
592 913 99 26 åstunda;
708 913 18 20 vi
742 913 70 27 åsyfta
828 915 31 18 att
875 912 20 21 få

74 942 68 22 uttala
165 942 51 21 våra
239 941 85 22 känslor
339 943 33 20 för
395 942 42 23 det,
456 944 31 19 att
503 942 50 21 våra
567 941 129 22 Storfurstar
711 941 48 27 hyst
773 941 122 22 förtroende

74 971 33 21 till
130 971 68 21 finska
220 970 66 21 folket
309 973 32 19 att
363 971 26 20 de
412 970 106 27 uppfattat
541 971 36 21 det
596 971 66 20 finska
678 970 77 21 folkets
771 971 70 21 trohet
856 970 39 21 och

76 1001 74 20 kärlek
166 1000 32 21 till
214 1000 45 20 sina
274 1003 105 23 regenter.

145 1029 32 20 En
201 1028 33 21 del
256 1029 67 20 talare
344 1028 63 21 hafva
423 1028 63 21 också
502 1028 55 21 velat
574 1029 91 26 häntyda
681 1029 32 25 på,
728 1030 32 19 att
776 1029 35 20 det
827 1028 21 21 af
862 1033 34 16 oss

77 1057 74 27 gjorda
174 1057 100 27 förslaget
295 1057 6 21 i
317 1057 39 21 och
372 1057 33 21 för
420 1057 31 26 sig
466 1057 49 27 sjelf
529 1057 65 21 redan
610 1063 49 15 vore
676 1057 63 26 något
754 1057 83 26 färdigt.
868 1056 29 21 Sä

78 1087 104 20 förmätna
205 1086 63 21 hafva
290 1086 20 21 vi
332 1086 114 27 ingalunda
462 1087 59 22 varit,
538 1089 31 18 att
585 1087 18 20 vi
621 1085 66 22 skulle
703 1088 59 23 trott,
779 1088 31 19 att
826 1086 35 20 det
876 1085 22 21 af

77 1121 34 16 oss
136 1115 119 21 inlemnade
276 1115 203 26 petitionsförslaget
501 1115 68 21 skulle
585 1115 5 20 i
607 1114 84 21 formelt
706 1115 119 21 hänseende
842 1114 55 27 ligga

78 1144 32 21 till
124 1144 68 27 grund
208 1143 31 22 för
255 1150 24 15 en
296 1144 72 27 möjlig
384 1144 77 21 adress.
491 1144 25 21 Vi
533 1143 63 21 hafva
612 1143 80 25 önskat,
709 1146 31 18 att
757 1143 36 21 vår
809 1143 87 27 petition

76 1174 6 20 i
106 1173 105 21 anseende
234 1172 31 21 till
288 1173 76 21 sakens
382 1173 115 26 grannlaga
513 1176 63 17 natur
591 1173 45 20 icke
653 1172 64 21 borde
734 1172 116 21 behandlas
866 1172 31 20 så-

77 1208 45 15 som
145 1203 30 20 ett
190 1202 81 25 vanligt
286 1202 89 25 förslag;
392 1201 38 21 och
446 1202 27 21 då
488 1201 19 21 vi
523 1203 59 24 trott,
599 1203 31 19 att
646 1201 88 21 stånden
750 1201 6 20 i
772 1201 39 21 den
828 1200 21 21 af
864 1207 33 15 oss

77 1231 95 20 önskade
194 1230 217 21 redaktionskomitén
434 1230 69 21 bättre
525 1229 69 22 blefve
616 1231 6 19 i
633 1229 86 22 tillfälle
735 1232 32 19 att
783 1229 114 21 formulera

77 1259 122 28 petitionen,
224 1259 62 21 hafva
309 1259 19 21 vi
350 1259 111 26 föreslagit
484 1266 25 14 en
530 1259 65 21 sådan
611 1259 80 21 komité
707 1258 38 22 och
761 1259 46 20 icke
823 1259 75 20 sakens

77 1288 127 21 hänvisande
219 1288 33 21 till
267 1289 64 25 något
346 1288 88 21 allmänt
449 1289 89 20 utskott.

146 1346 56 21 Herr
224 1345 130 26 Öhberg:
371 1344 40 22 Till
427 1345 36 21 det
478 1352 44 14 som
539 1345 38 21 här
593 1345 70 21 blifvit
678 1345 82 27 yttradt
775 1345 7 21 i
798 1345 53 27 syfte
867 1348 32 19 att

78 1375 38 20 det
135 1375 23 20 af
179 1375 73 20 herrar
268 1374 155 27 Neppenström
440 1374 39 21 och
494 1373 57 22 Göös
567 1373 132 22 framställda
715 1373 103 27 förslaget
834 1375 65 20 måtte

78 1403 79 22 lemnas
173 1406 51 17 utan
240 1402 96 21 afseende
353 1403 34 20 vill
401 1402 36 27 jag
453 1404 55 19 ännu
524 1402 93 27 tillägga,
633 1405 31 18 att
680 1403 39 20 den
736 1402 21 21 af
769 1403 46 20 dem
827 1403 72 21 inlem-

78 1432 54 20 nade
147 1431 88 20 skriften
252 1431 46 20 icke
314 1431 44 20 står
372 1431 6 20 i
395 1431 217 20 öfverensstämmelse
628 1431 47 20 med
691 1431 207 25 Landtdagsordnin-

78 1465 51 20 gens
151 1459 113 20 föreskrift.
296 1459 44 20 Der
362 1459 60 20 heter
445 1459 35 19 det
502 1459 103 26 nemligen
629 1459 6 19 i
652 1459 10 19 2
680 1464 61 15 mom.
757 1458 46 27 af
794 1454 13 35 &
820 1460 24 19 51
862 1459 35 26 ,Ej

78 1487 35 22 må
135 1488 6 20 i
164 1493 26 15 en
209 1487 61 20 skrift
288 1487 50 21 flere
354 1487 90 20 ärender
459 1487 22 20 af
495 1487 56 20 olika
567 1485 145 22 beskaffenhet
726 1487 173 21 sammanföras."
