1123 1789
332 119 177 22 Borgareståndet
521 122 57 17 1882.
603 122 25 17 18
639 127 63 12 mars.
881 116 41 22 595

172 189 119 28 Föredrogs
316 190 107 22 allmänna
446 191 202 22 besvärsutskottets
672 191 32 22 till
721 191 68 22 denna
805 192 39 26 dag
860 192 62 21 bord-

104 217 62 27 lagda
184 218 134 22 betänkande
341 220 48 21 med
410 219 113 27 anledning
538 220 22 21 af
574 222 75 19 tvenne
665 220 33 21 till
713 220 155 27 Ridderskapet
883 221 40 20 och

103 246 68 21 Adeln
194 249 55 19 samt
271 247 160 22 Presteståndet
453 247 119 22 inlemnade
587 249 211 26 petitionsmemorial
814 249 109 26 angående

103 273 93 28 förhöjdt
207 275 73 27 anslag
296 276 31 21 för
341 275 163 22 Universitetets
519 277 107 20 allmänna
641 277 109 21 bibliotek.

171 332 64 22 Mom.
250 333 22 27 a)
287 333 7 21 i
310 333 153 21 betänkandets
479 333 99 22 slutkläm
594 333 123 27 godkändes
732 337 52 18 utan
797 333 126 22 diskussion.

171 389 137 23 Beträffande
324 397 62 15 mom.
405 391 20 26 b)
440 391 85 27 yttrade

172 448 56 21 Herr
250 447 142 22 Castrén:
416 448 57 21 Både
495 448 165 26 petitionärerne
684 448 7 21 i
708 447 161 23 Presteståndet
884 448 40 22 och

104 476 104 22 utskottet
229 476 62 22 hafva
306 476 117 22 framhållit
438 477 168 21 önskvärdheten
623 477 66 23 deraf,
705 479 31 19 att
752 476 35 22 det
802 477 122 21 nuvarande

103 505 263 22 universitetsbiblioteket
386 506 64 20 måtte
473 512 57 14 mera
553 508 25 18 än
596 505 81 25 hittills,
692 505 66 21 blifva
774 508 30 18 ett
819 506 105 20 national-

104 534 110 22 bibliotek.
244 534 165 28 Konseqvensen
433 534 60 22 deraf
509 534 66 22 borde
590 534 34 22 väl
640 534 62 21 hafva
718 534 60 26 varit,
794 537 32 18 att
841 534 82 22 univer-

104 562 186 23 sitetsbiblioteket
314 563 54 22 hade
388 563 45 21 från
455 563 147 21 universitetet
624 563 103 21 utbrutits
749 563 38 21 och
811 563 69 21 såsom
898 569 25 15 en

104 592 137 27 sjelfstående
263 592 120 22 institution
407 592 86 21 kommit
515 592 67 22 under
603 592 67 21 finska
693 594 80 18 statens
790 592 134 21 omedelbara

105 621 135 27 förvaltning.
270 620 49 22 Man
338 621 39 21 har
392 621 63 21 likväl
472 621 46 21 icke
534 622 55 20 velat
605 622 26 26 gå
646 620 24 22 så
684 620 65 28 långt.
778 621 41 26 Jag
834 620 32 22 för
882 620 42 22 min

106 650 33 22 del
154 652 46 20 tror
216 650 60 26 dock,
292 652 32 20 att
340 650 58 22 detta
415 650 54 21 hade
485 650 54 21 varit
554 650 121 22 önskvärdt.
705 650 41 21 Det
762 651 24 19 är
796 650 85 25 bekant,
892 651 33 20 att

106 679 39 21 den
169 678 133 28 förvaltning,
325 679 100 21 bvarmed
447 679 153 26 universitetet,
623 679 38 21 och
677 678 81 22 således
774 679 60 21 äfven
850 679 74 21 biblio-

106 708 64 26 teket,
186 708 40 21 har
240 710 30 20 att
287 714 89 20 operera
391 708 53 24 med,
461 710 22 18 är
500 708 82 27 mycket
597 707 149 27 komplicerad.
777 708 65 20 Detta
857 708 68 20 måste

106 737 6 21 i
128 737 41 27 hög
184 737 52 26 grad
252 736 95 22 försvåra
362 736 41 22 alla
418 736 108 22 reformer.
558 736 151 22 Universitetet
724 736 40 21 har
774 736 108 22 dessutom
893 738 31 20 att

106 765 113 28 tillgodose
242 766 76 26 många
334 766 66 21 andra
416 766 96 20 ändamål
528 768 26 18 än
570 766 132 21 biblioteket.
733 765 44 21 Och
792 765 78 27 följden
886 766 40 20 har

106 794 89 22 sålunda
217 796 61 24 varit,
294 797 31 19 att
341 795 74 21 medan
432 800 47 15 man
496 794 30 21 tid
542 795 52 21 efter
610 800 68 15 annan
694 794 38 20 här
748 794 39 21 och
803 794 37 21 der
856 795 5 20 i
876 793 48 22 huf-

106 824 117 20 vudstaden
240 824 63 26 byggt
319 830 42 20 upp
378 830 43 14 mer
437 823 51 21 eller
503 824 80 20 mindre
600 822 115 28 praktfulla
729 822 69 28 palats
815 823 30 21 för
854 825 70 19 veten-

106 852 95 27 skapliga
216 851 105 25 ändafhäl,
338 852 38 21 har
391 852 134 21 universitets
540 852 125 21 biblioteket
681 851 41 21 fått
736 852 47 26 nöja
798 852 32 26 sig
841 852 47 20 med
899 858 25 14 en

106 881 137 22 nädesumma
258 881 22 21 af
294 882 62 24 6,00)
373 881 58 21 mark
447 886 32 16 om
497 880 50 22 året.
568 881 41 27 Jag
624 880 36 21 vill
676 881 107 20 dessutom
800 881 68 21 erinra
884 886 42 19 om,

108 912 32 19 att
159 910 127 21 karakteren
303 909 23 21 af
340 912 31 18 ett
386 909 237 21 universitetsbibliotek
639 909 31 21 till
687 909 117 27 väsendtlig
820 910 33 20 del
868 909 58 21 bort-

107 938 53 22 fallit
182 938 126 27 derigenom,
326 940 31 19 att
373 939 46 20 vårt
434 938 31 21 väl
483 938 99 22 försedda
597 937 190 22 studentbibliotek
802 938 126 26 tillgodoser

108 967 207 21 litteraturbehofvet
332 968 37 20 hos
385 968 38 20 den
439 967 128 21 studerande
584 966 118 27 ungdomen
718 966 107 22 äfvensom
837 969 31 18 att
879 966 46 21 från

107 995 261 22 universitetsbiblioteket
389 995 83 28 nyligen
495 995 48 21 hela
564 995 184 21 handbiblioteket
763 995 31 21 till
810 995 116 21 studentbi-

107 1023 104 22 blioteket
226 1024 155 21 öfverlemnats.
410 1023 33 22 Då
459 1024 116 21 emellertid
591 1025 68 26 någon
670 1024 65 21 sådan
746 1023 180 28 omorganisation

108 1053 22 21 af
144 1053 125 21 biblioteket
284 1053 32 21 väl
332 1053 45 21 icke
393 1059 28 14 nu
436 1053 41 20 kan
493 1053 84 21 komma
592 1053 6 20 i
614 1052 65 28 fråga,
693 1052 35 21 vill
742 1052 36 27 jag
793 1053 68 21 denna
872 1052 54 27 gång

108 1082 75 21 endast
205 1081 86 28 påyrka,
314 1084 32 19 att
368 1082 6 20 i
390 1081 137 21 förevarande
542 1088 62 15 mom.
622 1084 30 19 ett
668 1081 133 22 bestämdare
816 1081 110 21 uttalande

108 1111 84 20 komme
208 1113 31 19 att
255 1110 79 21 införas
349 1111 108 25 angående
473 1110 135 21 bibliotekets
624 1109 154 27 tillgänglighet
793 1110 33 21 för
839 1109 87 22 allmän-

109 1139 69 21 heten.
209 1139 42 21 Det
266 1141 24 19 är
305 1138 105 27 nämligen
426 1141 31 19 ett
472 1139 79 20 bekant
566 1139 138 24 förhållande,
720 1141 32 18 att
768 1139 125 20 biblioteket
902 1140 27 19 är

110 1169 64 25 öppet
190 1167 74 22 endast
280 1169 32 20 tre
327 1168 85 21 timmar
427 1174 33 15 om
477 1167 66 26 dagen
560 1167 39 22 och
616 1167 58 22 detta
689 1167 25 26 på
727 1168 40 21 den
783 1170 54 18 mest
848 1167 80 26 olämp-

108 1196 44 27 liga
167 1197 37 23 tid,
220 1196 27 21 då
262 1195 92 22 flertalet
369 1202 100 21 personer
480 1196 23 21 af
512 1197 66 20 andra
589 1195 176 27 angelägenheter
776 1197 36 20 äro
825 1196 103 21 hindrade

109 1227 32 19 att
163 1225 80 21 besöka
266 1225 122 22 detsamma.
417 1225 42 21 Det
481 1227 24 18 är
525 1225 71 21 vidare
620 1225 73 23 kändt,
716 1227 32 19 att
770 1225 66 21 under
851 1231 26 14 en
892 1224 35 21 hel

108 1253 78 22 månad
208 1253 22 21 af
250 1254 46 21 året
312 1254 116 21 detsamma
443 1255 24 20 är
483 1253 32 22 för
531 1254 142 21 allmänheten
689 1253 131 26 fullständigt
835 1253 91 26 stängdt.

109 1282 44 22 Och
176 1282 35 21 det
233 1283 25 20 är
279 1283 100 26 slutligen
402 1282 84 25 bekant,
510 1285 31 18 att
557 1282 65 21 under
638 1285 31 18 tre
687 1282 101 21 månader
804 1281 124 22 biblioteket

110 1311 75 21 endast
207 1312 12 19 2
240 1311 64 26 dagar
319 1311 7 20 i
342 1311 77 21 veckan
436 1313 23 18 är
475 1310 132 27 tillgängligt.
638 1311 41 26 Jag
695 1311 38 20 har
748 1311 48 20 hört
812 1310 116 27 uppgifvas,

110 1342 31 19 att
157 1346 26 14 en
197 1342 147 24 representant
359 1339 45 21 från
420 1342 31 18 ett
466 1341 64 19 annat
545 1340 61 20 stånd
614 1339 69 21 skulle
696 1339 69 27 dragit
778 1339 6 21 i
795 1339 135 26 tvifvelsmål,

109 1368 104 21 huruvida
234 1368 42 21 alla
295 1369 25 20 de
336 1368 83 25 böcker,
435 1373 44 16 som
496 1368 68 21 skulle
579 1368 89 27 inköpas
683 1368 32 21 för
730 1367 135 22 bibliotekets
881 1367 47 21 räk-

110 1397 49 25 ning
181 1397 33 20 för
237 1398 25 19 de
281 1397 121 26 föreslagna
419 1398 74 23 18,000
509 1396 66 26 mark,
592 1396 106 27 verkligea
714 1396 68 21 blefve
798 1396 60 21 lästa.
888 1397 42 24 Jag

110 1426 24 19 är
156 1424 32 21 väl
212 1424 123 27 öfvertygad
358 1430 40 20 om,
421 1426 33 19 att
476 1424 25 21 de
517 1425 45 20 icke
586 1424 41 20 alla
643 1425 65 20 blifva
722 1424 60 24 lästa,
798 1430 47 14 men
861 1423 69 21 skulle

111 1452 53 22 dock
187 1453 72 25 önska,
276 1455 31 18 att
328 1452 82 21 tillfälle
434 1452 32 21 till
489 1454 32 19 att
542 1453 44 20 läsa
601 1453 46 20 dem
664 1452 103 26 erbjödes.
797 1451 30 28 Ty
843 1453 47 20 med
906 1451 23 21 så

110 1481 119 28 begränsad
253 1481 37 26 tid,
306 1488 44 15 som
370 1487 34 20 nu,
423 1481 66 21 måste
505 1487 25 14 en
546 1484 45 18 stor
607 1480 32 21 del
656 1481 22 20 af
693 1481 60 21 dessa
768 1481 82 21 skatter
865 1480 64 21 blifva

110 1511 82 21 mindre
215 1510 152 22 fruktbärande
390 1512 25 19 än
441 1511 26 20 de
490 1510 69 21 kunde
582 1516 57 14 vara.
669 1509 71 27 Enligt
764 1516 25 15 en
812 1509 117 27 ungefärlig
