<?xml version="1.0" encoding="UTF-8"?>
<alto xmlns="http://www.loc.gov/standards/alto/ns-v3#" xmlns:xlink="http://www.w3.org/1999/xlink" xmlns:xsi="http://www.w3.org/2001/XMLSchema-instance" xsi:schemaLocation="http://www.loc.gov/standards/alto/ns-v3# http://www.loc.gov/alto/v3/alto-3-0.xsd">
	<Description>
		<MeasurementUnit>pixel</MeasurementUnit>
		<sourceImageInformation>
			<fileName>/tmp/tess_eqvvuo0r_input.PNG</fileName>
		</sourceImageInformation>
		<OCRProcessing ID="OCR_0">
			<ocrProcessingStep>
				<processingSoftware>
					<softwareName>tesseract 5.3.4</softwareName>
				</processingSoftware>
			</ocrProcessingStep>
		</OCRProcessing>
	</Description>
	<Layout>
		<Page WIDTH="1120" HEIGHT="1795" PHYSICAL_IMG_NR="0" ID="page_0">
			<PrintSpace HPOS="0" VPOS="0" WIDTH="1120" HEIGHT="1795">
				<ComposedBlock ID="cblock_0" HPOS="220" VPOS="126" WIDTH="592" HEIGHT="26">
					<TextBlock ID="block_0" HPOS="220" VPOS="126" WIDTH="592" HEIGHT="26">
						<TextLine ID="line_0" HPOS="220" VPOS="126" WIDTH="592" HEIGHT="26">
							<String ID="string_0" HPOS="220" VPOS="126" WIDTH="43" HEIGHT="21" WC="0.96" CONTENT="458"/><SP WIDTH="186" VPOS="126" HPOS="263"/>
							<String ID="string_1" HPOS="449" VPOS="131" WIDTH="176" HEIGHT="21" WC="0.91" CONTENT="Borgareståndet"/><SP WIDTH="13" VPOS="131" HPOS="625"/>
							<String ID="string_2" HPOS="638" VPOS="132" WIDTH="57" HEIGHT="16" WC="0.96" CONTENT="1882."/><SP WIDTH="24" VPOS="132" HPOS="695"/>
							<String ID="string_3" HPOS="719" VPOS="132" WIDTH="20" HEIGHT="16" WC="0.96" CONTENT="11"/><SP WIDTH="12" VPOS="132" HPOS="739"/>
							<String ID="string_4" HPOS="751" VPOS="136" WIDTH="61" HEIGHT="12" WC="0.89" CONTENT="mars."/>
						</TextLine>
					</TextBlock>
				</ComposedBlock>
				<GraphicalElement ID="cblock_1" HPOS="220" VPOS="159" WIDTH="798" HEIGHT="5"></GraphicalElement >
				<ComposedBlock ID="cblock_2" HPOS="220" VPOS="200" WIDTH="823" HEIGHT="1339">
					<TextBlock ID="block_1" HPOS="220" VPOS="200" WIDTH="823" HEIGHT="455">
						<TextLine ID="line_1" HPOS="290" VPOS="200" WIDTH="751" HEIGHT="26">
							<String ID="string_5" HPOS="290" VPOS="200" WIDTH="49" HEIGHT="21" WC="0.96" CONTENT="Man"/><SP WIDTH="16" VPOS="200" HPOS="339"/>
							<String ID="string_6" HPOS="355" VPOS="200" WIDTH="38" HEIGHT="21" WC="0.96" CONTENT="har"/><SP WIDTH="15" VPOS="200" HPOS="393"/>
							<String ID="string_7" HPOS="408" VPOS="200" WIDTH="98" HEIGHT="21" WC="0.95" CONTENT="anmärkt"/><SP WIDTH="16" VPOS="200" HPOS="506"/>
							<String ID="string_8" HPOS="522" VPOS="202" WIDTH="44" HEIGHT="19" WC="0.95" CONTENT="mot"/><SP WIDTH="15" VPOS="202" HPOS="566"/>
							<String ID="string_9" HPOS="581" VPOS="200" WIDTH="25" HEIGHT="21" WC="0.96" CONTENT="de"/><SP WIDTH="17" VPOS="200" HPOS="606"/>
							<String ID="string_10" HPOS="623" VPOS="200" WIDTH="73" HEIGHT="26" WC="0.96" CONTENT="siffror,"/><SP WIDTH="13" VPOS="200" HPOS="696"/>
							<String ID="string_11" HPOS="709" VPOS="200" WIDTH="36" HEIGHT="26" WC="0.96" CONTENT="jag"/><SP WIDTH="15" VPOS="200" HPOS="745"/>
							<String ID="string_12" HPOS="760" VPOS="200" WIDTH="6" HEIGHT="20" WC="0.96" CONTENT="i"/><SP WIDTH="16" VPOS="200" HPOS="766"/>
							<String ID="string_13" HPOS="782" VPOS="200" WIDTH="128" HEIGHT="25" WC="0.96" CONTENT="förmiddags"/><SP WIDTH="15" VPOS="200" HPOS="910"/>
							<String ID="string_14" HPOS="925" VPOS="200" WIDTH="54" HEIGHT="21" WC="0.95" CONTENT="hade"/><SP WIDTH="11" VPOS="200" HPOS="979"/>
							<String ID="string_15" HPOS="990" VPOS="202" WIDTH="51" HEIGHT="19" WC="0.96" CONTENT="äran"/>
						</TextLine>
						<TextLine ID="line_2" HPOS="221" VPOS="228" WIDTH="820" HEIGHT="28">
							<String ID="string_16" HPOS="221" VPOS="229" WIDTH="80" HEIGHT="26" WC="0.95" CONTENT="anföra,"/><SP WIDTH="23" VPOS="229" HPOS="301"/>
							<String ID="string_17" HPOS="324" VPOS="231" WIDTH="31" HEIGHT="19" WC="0.96" CONTENT="att"/><SP WIDTH="16" VPOS="231" HPOS="355"/>
							<String ID="string_18" HPOS="371" VPOS="228" WIDTH="26" HEIGHT="21" WC="0.96" CONTENT="de"/><SP WIDTH="16" VPOS="228" HPOS="397"/>
							<String ID="string_19" HPOS="413" VPOS="235" WIDTH="48" HEIGHT="15" WC="0.96" CONTENT="vore"/><SP WIDTH="16" VPOS="235" HPOS="461"/>
							<String ID="string_20" HPOS="477" VPOS="228" WIDTH="100" HEIGHT="28" WC="0.96" CONTENT="felaktiga"/><SP WIDTH="16" VPOS="228" HPOS="577"/>
							<String ID="string_21" HPOS="593" VPOS="228" WIDTH="23" HEIGHT="21" WC="0.96" CONTENT="så"/><SP WIDTH="15" VPOS="228" HPOS="616"/>
							<String ID="string_22" HPOS="631" VPOS="228" WIDTH="32" HEIGHT="21" WC="0.96" CONTENT="till"/><SP WIDTH="16" VPOS="228" HPOS="663"/>
							<String ID="string_23" HPOS="679" VPOS="229" WIDTH="54" HEIGHT="25" WC="0.96" CONTENT="vida,"/><SP WIDTH="17" VPOS="229" HPOS="733"/>
							<String ID="string_24" HPOS="750" VPOS="234" WIDTH="44" HEIGHT="15" WC="0.93" CONTENT="som"/><SP WIDTH="16" VPOS="234" HPOS="794"/>
							<String ID="string_25" HPOS="810" VPOS="228" WIDTH="104" HEIGHT="21" WC="0.91" CONTENT="derunder"/><SP WIDTH="20" VPOS="228" HPOS="914"/>
							<String ID="string_26" HPOS="934" VPOS="228" WIDTH="60" HEIGHT="21" WC="0.96" CONTENT="äfven"/><SP WIDTH="21" VPOS="228" HPOS="994"/>
							<String ID="string_27" HPOS="1015" VPOS="228" WIDTH="26" HEIGHT="21" WC="0.96" CONTENT="de"/>
						</TextLine>
						<TextLine ID="line_3" HPOS="221" VPOS="256" WIDTH="820" HEIGHT="28">
							<String ID="string_28" HPOS="221" VPOS="257" WIDTH="132" HEIGHT="27" WC="0.91" CONTENT="inbegrepos,"/><SP WIDTH="25" VPOS="257" HPOS="353"/>
							<String ID="string_29" HPOS="378" VPOS="257" WIDTH="71" HEIGHT="21" WC="0.96" CONTENT="hvilka"/><SP WIDTH="22" VPOS="257" HPOS="449"/>
							<String ID="string_30" HPOS="471" VPOS="257" WIDTH="69" HEIGHT="21" WC="0.93" CONTENT="blifvit"/><SP WIDTH="15" VPOS="257" HPOS="540"/>
							<String ID="string_31" HPOS="555" VPOS="257" WIDTH="122" HEIGHT="26" WC="0.92" CONTENT="förpassade"/><SP WIDTH="15" VPOS="257" HPOS="677"/>
							<String ID="string_32" HPOS="692" VPOS="257" WIDTH="31" HEIGHT="21" WC="0.96" CONTENT="till"/><SP WIDTH="17" VPOS="257" HPOS="723"/>
							<String ID="string_33" HPOS="740" VPOS="263" WIDTH="25" HEIGHT="15" WC="0.96" CONTENT="en"/><SP WIDTH="17" VPOS="263" HPOS="765"/>
							<String ID="string_34" HPOS="782" VPOS="263" WIDTH="67" HEIGHT="15" WC="0.96" CONTENT="annan"/><SP WIDTH="16" VPOS="263" HPOS="849"/>
							<String ID="string_35" HPOS="865" VPOS="256" WIDTH="106" HEIGHT="22" WC="0.94" CONTENT="kommun."/><SP WIDTH="30" VPOS="256" HPOS="971"/>
							<String ID="string_36" HPOS="1001" VPOS="256" WIDTH="40" HEIGHT="27" WC="0.96" CONTENT="Jag"/>
						</TextLine>
						<TextLine ID="line_4" HPOS="221" VPOS="285" WIDTH="820" HEIGHT="27">
							<String ID="string_37" HPOS="221" VPOS="288" WIDTH="47" HEIGHT="19" WC="0.96" CONTENT="tror"/><SP WIDTH="14" VPOS="288" HPOS="268"/>
							<String ID="string_38" HPOS="282" VPOS="286" WIDTH="43" HEIGHT="26" WC="0.96" CONTENT="mig"/><SP WIDTH="15" VPOS="286" HPOS="325"/>
							<String ID="string_39" HPOS="340" VPOS="286" WIDTH="140" HEIGHT="26" WC="0.96" CONTENT="uttryckligen"/><SP WIDTH="16" VPOS="286" HPOS="480"/>
							<String ID="string_40" HPOS="496" VPOS="286" WIDTH="62" HEIGHT="20" WC="0.96" CONTENT="hafva"/><SP WIDTH="15" VPOS="286" HPOS="558"/>
							<String ID="string_41" HPOS="573" VPOS="286" WIDTH="66" HEIGHT="20" WC="0.96" CONTENT="under"/><SP WIDTH="16" VPOS="286" HPOS="639"/>
							<String ID="string_42" HPOS="655" VPOS="285" WIDTH="143" HEIGHT="21" WC="0.96" CONTENT="diskussionen"/><SP WIDTH="16" VPOS="285" HPOS="798"/>
							<String ID="string_43" HPOS="814" VPOS="285" WIDTH="92" HEIGHT="27" WC="0.95" CONTENT="påpekat"/><SP WIDTH="10" VPOS="285" HPOS="906"/>
							<String ID="string_44" HPOS="916" VPOS="286" WIDTH="69" HEIGHT="20" WC="0.93" CONTENT="denna"/><SP WIDTH="12" VPOS="286" HPOS="985"/>
							<String ID="string_45" HPOS="997" VPOS="291" WIDTH="44" HEIGHT="15" WC="0.85" CONTENT="ora-"/>
						</TextLine>
						<TextLine ID="line_5" HPOS="221" VPOS="314" WIDTH="820" HEIGHT="26">
							<String ID="string_46" HPOS="221" VPOS="314" WIDTH="126" HEIGHT="26" WC="0.91" CONTENT="ständighet,"/><SP WIDTH="24" VPOS="314" HPOS="347"/>
							<String ID="string_47" HPOS="371" VPOS="314" WIDTH="39" HEIGHT="21" WC="0.96" CONTENT="och"/><SP WIDTH="15" VPOS="314" HPOS="410"/>
							<String ID="string_48" HPOS="425" VPOS="314" WIDTH="54" HEIGHT="21" WC="0.96" CONTENT="hade"/><SP WIDTH="15" VPOS="314" HPOS="479"/>
							<String ID="string_49" HPOS="494" VPOS="315" WIDTH="126" HEIGHT="21" WC="0.96" CONTENT="åtminstone"/><SP WIDTH="16" VPOS="315" HPOS="620"/>
							<String ID="string_50" HPOS="636" VPOS="314" WIDTH="45" HEIGHT="21" WC="0.93" CONTENT="icke"/><SP WIDTH="16" VPOS="314" HPOS="681"/>
							<String ID="string_51" HPOS="697" VPOS="314" WIDTH="96" HEIGHT="21" WC="0.92" CONTENT="förbisett"/><SP WIDTH="16" VPOS="314" HPOS="793"/>
							<String ID="string_52" HPOS="809" VPOS="314" WIDTH="45" HEIGHT="21" WC="0.96" CONTENT="den."/><SP WIDTH="31" VPOS="314" HPOS="854"/>
							<String ID="string_53" HPOS="885" VPOS="314" WIDTH="42" HEIGHT="21" WC="0.96" CONTENT="Det"/><SP WIDTH="15" VPOS="314" HPOS="927"/>
							<String ID="string_54" HPOS="942" VPOS="314" WIDTH="53" HEIGHT="21" WC="0.96" CONTENT="vissa"/><SP WIDTH="16" VPOS="314" HPOS="995"/>
							<String ID="string_55" HPOS="1011" VPOS="316" WIDTH="30" HEIGHT="23" WC="0.96" CONTENT="är,"/>
						</TextLine>
						<TextLine ID="line_6" HPOS="220" VPOS="342" WIDTH="821" HEIGHT="28">
							<String ID="string_56" HPOS="220" VPOS="346" WIDTH="34" HEIGHT="18" WC="0.96" CONTENT="att"/><SP WIDTH="12" VPOS="346" HPOS="254"/>
							<String ID="string_57" HPOS="266" VPOS="344" WIDTH="36" HEIGHT="26" WC="0.95" CONTENT="jag"/><SP WIDTH="13" VPOS="344" HPOS="302"/>
							<String ID="string_58" HPOS="315" VPOS="344" WIDTH="44" HEIGHT="25" WC="0.96" CONTENT="just"/><SP WIDTH="15" VPOS="344" HPOS="359"/>
							<String ID="string_59" HPOS="374" VPOS="343" WIDTH="47" HEIGHT="21" WC="0.96" CONTENT="med"/><SP WIDTH="16" VPOS="343" HPOS="421"/>
							<String ID="string_60" HPOS="437" VPOS="343" WIDTH="79" HEIGHT="27" WC="0.96" CONTENT="hänsyn"/><SP WIDTH="17" VPOS="343" HPOS="516"/>
							<String ID="string_61" HPOS="533" VPOS="343" WIDTH="32" HEIGHT="21" WC="0.96" CONTENT="till"/><SP WIDTH="16" VPOS="343" HPOS="565"/>
							<String ID="string_62" HPOS="581" VPOS="342" WIDTH="67" HEIGHT="22" WC="0.96" CONTENT="denna"/><SP WIDTH="19" VPOS="342" HPOS="648"/>
							<String ID="string_63" HPOS="667" VPOS="342" WIDTH="155" HEIGHT="26" WC="0.96" CONTENT="omständighet"/><SP WIDTH="16" VPOS="342" HPOS="822"/>
							<String ID="string_64" HPOS="838" VPOS="343" WIDTH="109" HEIGHT="26" WC="0.93" CONTENT="påpekade"/><SP WIDTH="15" VPOS="343" HPOS="947"/>
							<String ID="string_65" HPOS="962" VPOS="342" WIDTH="79" HEIGHT="22" WC="0.91" CONTENT="förhål-"/>
						</TextLine>
						<TextLine ID="line_7" HPOS="220" VPOS="371" WIDTH="822" HEIGHT="27">
							<String ID="string_66" HPOS="220" VPOS="372" WIDTH="74" HEIGHT="21" WC="0.95" CONTENT="landet"/><SP WIDTH="22" VPOS="372" HPOS="294"/>
							<String ID="string_67" HPOS="316" VPOS="372" WIDTH="7" HEIGHT="20" WC="0.95" CONTENT="i"/><SP WIDTH="15" VPOS="372" HPOS="323"/>
							<String ID="string_68" HPOS="338" VPOS="371" WIDTH="138" HEIGHT="27" WC="0.95" CONTENT="Helsingfors,"/><SP WIDTH="23" VPOS="371" HPOS="476"/>
							<String ID="string_69" HPOS="499" VPOS="372" WIDTH="37" HEIGHT="21" WC="0.96" CONTENT="der"/><SP WIDTH="23" VPOS="372" HPOS="536"/>
							<String ID="string_70" HPOS="559" VPOS="372" WIDTH="68" HEIGHT="26" WC="0.96" CONTENT="någon"/><SP WIDTH="22" VPOS="372" HPOS="627"/>
							<String ID="string_71" HPOS="649" VPOS="371" WIDTH="66" HEIGHT="21" WC="0.93" CONTENT="sådan"/><SP WIDTH="23" VPOS="371" HPOS="715"/>
							<String ID="string_72" HPOS="738" VPOS="372" WIDTH="132" HEIGHT="26" WC="0.90" CONTENT="förpassning"/><SP WIDTH="22" VPOS="372" HPOS="870"/>
							<String ID="string_73" HPOS="892" VPOS="371" WIDTH="47" HEIGHT="21" WC="0.96" CONTENT="icke"/><SP WIDTH="22" VPOS="371" HPOS="939"/>
							<String ID="string_74" HPOS="961" VPOS="372" WIDTH="81" HEIGHT="21" WC="0.96" CONTENT="kunnat"/>
						</TextLine>
						<TextLine ID="line_8" HPOS="221" VPOS="400" WIDTH="820" HEIGHT="27">
							<String ID="string_75" HPOS="221" VPOS="400" WIDTH="84" HEIGHT="22" WC="0.96" CONTENT="komma"/><SP WIDTH="16" VPOS="400" HPOS="305"/>
							<String ID="string_76" HPOS="321" VPOS="401" WIDTH="6" HEIGHT="20" WC="0.96" CONTENT="i"/><SP WIDTH="16" VPOS="401" HPOS="327"/>
							<String ID="string_77" HPOS="343" VPOS="400" WIDTH="63" HEIGHT="27" WC="0.92" CONTENT="fråga."/><SP WIDTH="31" VPOS="400" HPOS="406"/>
							<String ID="string_78" HPOS="437" VPOS="400" WIDTH="31" HEIGHT="27" WC="0.95" CONTENT="Ty"/><SP WIDTH="22" VPOS="400" HPOS="468"/>
							<String ID="string_79" HPOS="490" VPOS="401" WIDTH="35" HEIGHT="20" WC="0.96" CONTENT="det"/><SP WIDTH="23" VPOS="401" HPOS="525"/>
							<String ID="string_80" HPOS="548" VPOS="407" WIDTH="37" HEIGHT="15" WC="0.96" CONTENT="var"/><SP WIDTH="22" VPOS="407" HPOS="585"/>
							<String ID="string_81" HPOS="607" VPOS="406" WIDTH="100" HEIGHT="20" WC="0.95" CONTENT="personer"/><SP WIDTH="18" VPOS="406" HPOS="707"/>
							<String ID="string_82" HPOS="725" VPOS="400" WIDTH="46" HEIGHT="22" WC="0.95" CONTENT="från"/><SP WIDTH="16" VPOS="400" HPOS="771"/>
							<String ID="string_83" HPOS="787" VPOS="400" WIDTH="133" HEIGHT="27" WC="0.96" CONTENT="Helsingfors"/><SP WIDTH="15" VPOS="400" HPOS="920"/>
							<String ID="string_84" HPOS="935" VPOS="401" WIDTH="106" HEIGHT="24" WC="0.96" CONTENT="kommun,"/>
						</TextLine>
						<TextLine ID="line_9" HPOS="220" VPOS="429" WIDTH="822" HEIGHT="26">
							<String ID="string_85" HPOS="220" VPOS="435" WIDTH="46" HEIGHT="15" WC="0.96" CONTENT="som"/><SP WIDTH="24" VPOS="435" HPOS="266"/>
							<String ID="string_86" HPOS="290" VPOS="435" WIDTH="49" HEIGHT="15" WC="0.96" CONTENT="voro"/><SP WIDTH="23" VPOS="435" HPOS="339"/>
							<String ID="string_87" HPOS="362" VPOS="429" WIDTH="88" HEIGHT="21" WC="0.96" CONTENT="insända"/><SP WIDTH="23" VPOS="429" HPOS="450"/>
							<String ID="string_88" HPOS="473" VPOS="430" WIDTH="30" HEIGHT="20" WC="0.93" CONTENT="till"/><SP WIDTH="23" VPOS="430" HPOS="503"/>
							<String ID="string_89" HPOS="526" VPOS="429" WIDTH="123" HEIGHT="21" WC="0.92" CONTENT="länehäktet"/><SP WIDTH="16" VPOS="429" HPOS="649"/>
							<String ID="string_90" HPOS="665" VPOS="430" WIDTH="6" HEIGHT="20" WC="0.97" CONTENT="i"/><SP WIDTH="15" VPOS="430" HPOS="671"/>
							<String ID="string_91" HPOS="686" VPOS="429" WIDTH="91" HEIGHT="26" WC="0.95" CONTENT="Nyland."/><SP WIDTH="30" VPOS="429" HPOS="777"/>
							<String ID="string_92" HPOS="807" VPOS="429" WIDTH="40" HEIGHT="26" WC="0.95" CONTENT="Jag"/><SP WIDTH="21" VPOS="429" HPOS="847"/>
							<String ID="string_93" HPOS="868" VPOS="429" WIDTH="36" HEIGHT="21" WC="0.96" CONTENT="ber"/><SP WIDTH="16" VPOS="429" HPOS="904"/>
							<String ID="string_94" HPOS="920" VPOS="432" WIDTH="31" HEIGHT="18" WC="0.95" CONTENT="att"/><SP WIDTH="14" VPOS="432" HPOS="951"/>
							<String ID="string_95" HPOS="965" VPOS="430" WIDTH="27" HEIGHT="24" WC="0.95" CONTENT="få,"/><SP WIDTH="17" VPOS="430" HPOS="992"/>
							<String ID="string_96" HPOS="1009" VPOS="429" WIDTH="33" HEIGHT="21" WC="0.96" CONTENT="för"/>
						</TextLine>
						<TextLine ID="line_10" HPOS="221" VPOS="457" WIDTH="821" HEIGHT="28">
							<String ID="string_97" HPOS="221" VPOS="460" WIDTH="32" HEIGHT="18" WC="0.96" CONTENT="att"/><SP WIDTH="23" VPOS="460" HPOS="253"/>
							<String ID="string_98" HPOS="276" VPOS="457" WIDTH="117" HEIGHT="28" WC="0.96" CONTENT="tydliggöra"/><SP WIDTH="22" VPOS="457" HPOS="393"/>
							<String ID="string_99" HPOS="415" VPOS="457" WIDTH="67" HEIGHT="21" WC="0.85" CONTENT="denna"/><SP WIDTH="18" VPOS="457" HPOS="482"/>
							<String ID="string_100" HPOS="500" VPOS="458" WIDTH="44" HEIGHT="25" WC="0.96" CONTENT="sak,"/><SP WIDTH="18" VPOS="458" HPOS="544"/>
							<String ID="string_101" HPOS="562" VPOS="457" WIDTH="77" HEIGHT="25" WC="0.96" CONTENT="anföra,"/><SP WIDTH="17" VPOS="457" HPOS="639"/>
							<String ID="string_102" HPOS="656" VPOS="460" WIDTH="31" HEIGHT="18" WC="0.93" CONTENT="att"/><SP WIDTH="16" VPOS="460" HPOS="687"/>
							<String ID="string_103" HPOS="703" VPOS="457" WIDTH="218" HEIGHT="26" WC="0.92" CONTENT="guvernörsembetets"/><SP WIDTH="16" VPOS="457" HPOS="921"/>
							<String ID="string_104" HPOS="937" VPOS="457" WIDTH="105" HEIGHT="27" WC="0.96" CONTENT="uppgifter"/>
						</TextLine>
						<TextLine ID="line_11" HPOS="222" VPOS="485" WIDTH="820" HEIGHT="28">
							<String ID="string_105" HPOS="222" VPOS="488" WIDTH="36" HEIGHT="19" WC="0.90" CONTENT="äro"/><SP WIDTH="17" VPOS="488" HPOS="258"/>
							<String ID="string_106" HPOS="275" VPOS="485" WIDTH="112" HEIGHT="28" WC="0.90" CONTENT="uppstälda"/><SP WIDTH="15" VPOS="485" HPOS="387"/>
							<String ID="string_107" HPOS="402" VPOS="486" WIDTH="29" HEIGHT="20" WC="0.95" CONTENT="sä."/><SP WIDTH="16" VPOS="486" HPOS="431"/>
							<String ID="string_108" HPOS="447" VPOS="489" WIDTH="32" HEIGHT="17" WC="0.96" CONTENT="att"/><SP WIDTH="18" VPOS="489" HPOS="479"/>
							<String ID="string_109" HPOS="497" VPOS="486" WIDTH="3" HEIGHT="21" WC="0.96" CONTENT="i"/><SP WIDTH="17" VPOS="486" HPOS="500"/>
							<String ID="string_110" HPOS="517" VPOS="486" WIDTH="46" HEIGHT="21" WC="0.93" CONTENT="dem"/><SP WIDTH="18" VPOS="486" HPOS="563"/>
							<String ID="string_111" HPOS="581" VPOS="485" WIDTH="53" HEIGHT="22" WC="0.91" CONTENT="talas"/><SP WIDTH="16" VPOS="485" HPOS="634"/>
							<String ID="string_112" HPOS="650" VPOS="492" WIDTH="33" HEIGHT="14" WC="0.96" CONTENT="om"/><SP WIDTH="17" VPOS="492" HPOS="683"/>
							<String ID="string_113" HPOS="700" VPOS="492" WIDTH="105" HEIGHT="19" WC="0.93" CONTENT="personer,"/><SP WIDTH="17" VPOS="492" HPOS="805"/>
							<String ID="string_114" HPOS="822" VPOS="486" WIDTH="92" HEIGHT="21" WC="0.92" CONTENT="häktade"/><SP WIDTH="17" VPOS="486" HPOS="914"/>
							<String ID="string_115" HPOS="931" VPOS="487" WIDTH="44" HEIGHT="20" WC="0.92" CONTENT="frän"/><SP WIDTH="18" VPOS="487" HPOS="975"/>
							<String ID="string_116" HPOS="993" VPOS="486" WIDTH="49" HEIGHT="21" WC="0.92" CONTENT="Hel-"/>
						</TextLine>
						<TextLine ID="line_12" HPOS="220" VPOS="513" WIDTH="821" HEIGHT="28">
							<String ID="string_117" HPOS="220" VPOS="515" WIDTH="100" HEIGHT="24" WC="0.83" CONTENT="singfors,"/><SP WIDTH="15" VPOS="515" HPOS="320"/>
							<String ID="string_118" HPOS="335" VPOS="515" WIDTH="46" HEIGHT="20" WC="0.96" CONTENT="från"/><SP WIDTH="18" VPOS="515" HPOS="381"/>
							<String ID="string_119" HPOS="399" VPOS="513" WIDTH="66" HEIGHT="28" WC="0.96" CONTENT="öfriga"/><SP WIDTH="16" VPOS="513" HPOS="465"/>
							<String ID="string_120" HPOS="481" VPOS="514" WIDTH="58" HEIGHT="21" WC="0.96" CONTENT="delar"/><SP WIDTH="15" VPOS="514" HPOS="539"/>
							<String ID="string_121" HPOS="554" VPOS="515" WIDTH="22" HEIGHT="20" WC="0.96" CONTENT="af"/><SP WIDTH="14" VPOS="515" HPOS="576"/>
							<String ID="string_122" HPOS="590" VPOS="513" WIDTH="95" HEIGHT="28" WC="0.96" CONTENT="Nylands"/><SP WIDTH="16" VPOS="513" HPOS="685"/>
							<String ID="string_123" HPOS="701" VPOS="514" WIDTH="40" HEIGHT="25" WC="0.93" CONTENT="län,"/><SP WIDTH="16" VPOS="514" HPOS="741"/>
							<String ID="string_124" HPOS="757" VPOS="515" WIDTH="46" HEIGHT="20" WC="0.96" CONTENT="från"/><SP WIDTH="17" VPOS="515" HPOS="803"/>
							<String ID="string_125" HPOS="820" VPOS="515" WIDTH="65" HEIGHT="20" WC="0.96" CONTENT="andra"/><SP WIDTH="16" VPOS="515" HPOS="885"/>
							<String ID="string_126" HPOS="901" VPOS="515" WIDTH="33" HEIGHT="20" WC="0.84" CONTENT="län"/><SP WIDTH="8" VPOS="515" HPOS="934"/>
							<String ID="string_127" HPOS="942" VPOS="514" WIDTH="42" HEIGHT="21" WC="0.81" CONTENT="och"/><SP WIDTH="11" VPOS="514" HPOS="984"/>
							<String ID="string_128" HPOS="995" VPOS="515" WIDTH="46" HEIGHT="20" WC="0.96" CONTENT="från"/>
						</TextLine>
						<TextLine ID="line_13" HPOS="220" VPOS="543" WIDTH="821" HEIGHT="26">
							<String ID="string_129" HPOS="220" VPOS="543" WIDTH="102" HEIGHT="21" WC="0.95" CONTENT="utlandet."/><SP WIDTH="30" VPOS="543" HPOS="322"/>
							<String ID="string_130" HPOS="352" VPOS="543" WIDTH="31" HEIGHT="21" WC="0.92" CONTENT="De"/><SP WIDTH="17" VPOS="543" HPOS="383"/>
							<String ID="string_131" HPOS="400" VPOS="543" WIDTH="102" HEIGHT="22" WC="0.95" CONTENT="häktades"/><SP WIDTH="15" VPOS="543" HPOS="502"/>
							<String ID="string_132" HPOS="517" VPOS="543" WIDTH="57" HEIGHT="21" WC="0.93" CONTENT="antal"/><SP WIDTH="17" VPOS="543" HPOS="574"/>
							<String ID="string_133" HPOS="591" VPOS="543" WIDTH="45" HEIGHT="21" WC="0.96" CONTENT="från"/><SP WIDTH="16" VPOS="543" HPOS="636"/>
							<String ID="string_134" HPOS="652" VPOS="544" WIDTH="73" HEIGHT="19" WC="0.96" CONTENT="staden"/><SP WIDTH="17" VPOS="544" HPOS="725"/>
							<String ID="string_135" HPOS="742" VPOS="543" WIDTH="131" HEIGHT="26" WC="0.95" CONTENT="Helsingfors"/><SP WIDTH="16" VPOS="543" HPOS="873"/>
							<String ID="string_136" HPOS="889" VPOS="549" WIDTH="37" HEIGHT="14" WC="0.96" CONTENT="var"/><SP WIDTH="16" VPOS="549" HPOS="926"/>
							<String ID="string_137" HPOS="942" VPOS="544" WIDTH="41" HEIGHT="21" WC="0.93" CONTENT="254"/><SP WIDTH="12" VPOS="544" HPOS="983"/>
							<String ID="string_138" HPOS="995" VPOS="549" WIDTH="46" HEIGHT="20" WC="0.92" CONTENT="per-"/>
						</TextLine>
						<TextLine ID="line_14" HPOS="221" VPOS="571" WIDTH="822" HEIGHT="26">
							<String ID="string_139" HPOS="221" VPOS="577" WIDTH="73" HEIGHT="20" WC="0.91" CONTENT="soner;"/><SP WIDTH="23" VPOS="577" HPOS="294"/>
							<String ID="string_140" HPOS="317" VPOS="571" WIDTH="32" HEIGHT="21" WC="0.96" CONTENT="till"/><SP WIDTH="22" VPOS="571" HPOS="349"/>
							<String ID="string_141" HPOS="371" VPOS="571" WIDTH="88" HEIGHT="21" WC="0.96" CONTENT="allmänt"/><SP WIDTH="22" VPOS="571" HPOS="459"/>
							<String ID="string_142" HPOS="481" VPOS="572" WIDTH="72" HEIGHT="21" WC="0.93" CONTENT="arbete"/><SP WIDTH="23" VPOS="572" HPOS="553"/>
							<String ID="string_143" HPOS="576" VPOS="572" WIDTH="75" HEIGHT="21" WC="0.91" CONTENT="dömde"/><SP WIDTH="16" VPOS="572" HPOS="651"/>
							<String ID="string_144" HPOS="667" VPOS="577" WIDTH="51" HEIGHT="15" WC="0.91" CONTENT="voro"/><SP WIDTH="17" VPOS="577" HPOS="718"/>
							<String ID="string_145" HPOS="735" VPOS="573" WIDTH="74" HEIGHT="20" WC="0.96" CONTENT="endast"/><SP WIDTH="15" VPOS="573" HPOS="809"/>
							<String ID="string_146" HPOS="824" VPOS="572" WIDTH="33" HEIGHT="21" WC="0.96" CONTENT="34."/><SP WIDTH="31" VPOS="572" HPOS="857"/>
							<String ID="string_147" HPOS="888" VPOS="571" WIDTH="46" HEIGHT="22" WC="0.92" CONTENT="Här"/><SP WIDTH="15" VPOS="571" HPOS="934"/>
							<String ID="string_148" HPOS="949" VPOS="571" WIDTH="94" HEIGHT="21" WC="0.92" CONTENT="förfaller"/>
						</TextLine>
						<TextLine ID="line_15" HPOS="221" VPOS="599" WIDTH="822" HEIGHT="27">
							<String ID="string_149" HPOS="221" VPOS="600" WIDTH="82" HEIGHT="21" WC="0.92" CONTENT="säledes"/><SP WIDTH="22" VPOS="600" HPOS="303"/>
							<String ID="string_150" HPOS="325" VPOS="599" WIDTH="44" HEIGHT="22" WC="0.96" CONTENT="helt"/><SP WIDTH="22" VPOS="599" HPOS="369"/>
							<String ID="string_151" HPOS="391" VPOS="599" WIDTH="39" HEIGHT="22" WC="0.93" CONTENT="och"/><SP WIDTH="23" VPOS="599" HPOS="430"/>
							<String ID="string_152" HPOS="453" VPOS="599" WIDTH="65" HEIGHT="22" WC="0.92" CONTENT="hället"/><SP WIDTH="23" VPOS="599" HPOS="518"/>
							<String ID="string_153" HPOS="541" VPOS="601" WIDTH="35" HEIGHT="20" WC="0.96" CONTENT="det"/><SP WIDTH="22" VPOS="601" HPOS="576"/>
							<String ID="string_154" HPOS="598" VPOS="603" WIDTH="99" HEIGHT="23" WC="0.93" CONTENT="moment,"/><SP WIDTH="16" VPOS="603" HPOS="697"/>
							<String ID="string_155" HPOS="713" VPOS="601" WIDTH="87" HEIGHT="20" WC="0.92" CONTENT="hvarvid"/><SP WIDTH="16" VPOS="601" HPOS="800"/>
							<String ID="string_156" HPOS="816" VPOS="606" WIDTH="47" HEIGHT="15" WC="0.96" CONTENT="man"/><SP WIDTH="17" VPOS="606" HPOS="863"/>
							<String ID="string_157" HPOS="880" VPOS="600" WIDTH="54" HEIGHT="21" WC="0.93" CONTENT="velat"/><SP WIDTH="16" VPOS="600" HPOS="934"/>
							<String ID="string_158" HPOS="950" VPOS="600" WIDTH="54" HEIGHT="21" WC="0.93" CONTENT="fästa"/><SP WIDTH="15" VPOS="600" HPOS="1004"/>
							<String ID="string_159" HPOS="1019" VPOS="600" WIDTH="24" HEIGHT="20" WC="0.97" CONTENT="sä"/>
						</TextLine>
						<TextLine ID="line_16" HPOS="220" VPOS="628" WIDTH="561" HEIGHT="27">
							<String ID="string_160" HPOS="220" VPOS="628" WIDTH="46" HEIGHT="22" WC="0.96" CONTENT="står"/><SP WIDTH="14" VPOS="628" HPOS="266"/>
							<String ID="string_161" HPOS="280" VPOS="629" WIDTH="49" HEIGHT="26" WC="0.93" CONTENT="vigt,"/><SP WIDTH="17" VPOS="629" HPOS="329"/>
							<String ID="string_162" HPOS="346" VPOS="628" WIDTH="158" HEIGHT="27" WC="0.92" CONTENT="förpassningen"/><SP WIDTH="18" VPOS="628" HPOS="504"/>
							<String ID="string_163" HPOS="522" VPOS="629" WIDTH="31" HEIGHT="20" WC="0.96" CONTENT="till"/><SP WIDTH="16" VPOS="629" HPOS="553"/>
							<String ID="string_164" HPOS="569" VPOS="629" WIDTH="66" HEIGHT="20" WC="0.96" CONTENT="andra"/><SP WIDTH="15" VPOS="629" HPOS="635"/>
							<String ID="string_165" HPOS="650" VPOS="629" WIDTH="131" HEIGHT="20" WC="0.94" CONTENT="kommuner."/>
						</TextLine>
					</TextBlock>
					<TextBlock ID="block_2" HPOS="221" VPOS="657" WIDTH="822" HEIGHT="253">
						<TextLine ID="line_17" HPOS="289" VPOS="657" WIDTH="753" HEIGHT="27">
							<String ID="string_166" HPOS="289" VPOS="657" WIDTH="73" HEIGHT="21" WC="0.90" CONTENT="Redan"/><SP WIDTH="16" VPOS="657" HPOS="362"/>
							<String ID="string_167" HPOS="378" VPOS="658" WIDTH="56" HEIGHT="20" WC="0.91" CONTENT="förut"/><SP WIDTH="15" VPOS="658" HPOS="434"/>
							<String ID="string_168" HPOS="449" VPOS="657" WIDTH="38" HEIGHT="21" WC="0.96" CONTENT="har"/><SP WIDTH="13" VPOS="657" HPOS="487"/>
							<String ID="string_169" HPOS="500" VPOS="657" WIDTH="37" HEIGHT="26" WC="0.93" CONTENT="jag"/><SP WIDTH="15" VPOS="657" HPOS="537"/>
							<String ID="string_170" HPOS="552" VPOS="657" WIDTH="98" HEIGHT="27" WC="0.93" CONTENT="päpekat,"/><SP WIDTH="17" VPOS="657" HPOS="650"/>
							<String ID="string_171" HPOS="667" VPOS="659" WIDTH="32" HEIGHT="19" WC="0.96" CONTENT="att"/><SP WIDTH="16" VPOS="659" HPOS="699"/>
							<String ID="string_172" HPOS="715" VPOS="657" WIDTH="87" HEIGHT="26" WC="0.93" CONTENT="ungefär"/><SP WIDTH="15" VPOS="657" HPOS="802"/>
							<String ID="string_173" HPOS="817" VPOS="657" WIDTH="109" HEIGHT="21" WC="0.91" CONTENT="enahanda"/><SP WIDTH="16" VPOS="657" HPOS="926"/>
							<String ID="string_174" HPOS="942" VPOS="663" WIDTH="100" HEIGHT="21" WC="0.96" CONTENT="personer"/>
						</TextLine>
						<TextLine ID="line_18" HPOS="221" VPOS="685" WIDTH="822" HEIGHT="28">
							<String ID="string_175" HPOS="221" VPOS="686" WIDTH="85" HEIGHT="21" WC="0.95" CONTENT="komma"/><SP WIDTH="23" VPOS="686" HPOS="306"/>
							<String ID="string_176" HPOS="329" VPOS="688" WIDTH="31" HEIGHT="18" WC="0.95" CONTENT="att"/><SP WIDTH="23" VPOS="688" HPOS="360"/>
							<String ID="string_177" HPOS="383" VPOS="686" WIDTH="64" HEIGHT="26" WC="0.93" CONTENT="enligt"/><SP WIDTH="17" VPOS="686" HPOS="447"/>
							<String ID="string_178" HPOS="464" VPOS="685" WIDTH="236" HEIGHT="28" WC="0.91" CONTENT="författningsförslaget"/><SP WIDTH="16" VPOS="685" HPOS="700"/>
							<String ID="string_179" HPOS="716" VPOS="685" WIDTH="50" HEIGHT="22" WC="0.96" CONTENT="falla"/><SP WIDTH="16" VPOS="685" HPOS="766"/>
							<String ID="string_180" HPOS="782" VPOS="686" WIDTH="66" HEIGHT="21" WC="0.93" CONTENT="under"/><SP WIDTH="16" VPOS="686" HPOS="848"/>
							<String ID="string_181" HPOS="864" VPOS="686" WIDTH="123" HEIGHT="25" WC="0.93" CONTENT="kategorien"/><SP WIDTH="16" VPOS="686" HPOS="987"/>
							<String ID="string_182" HPOS="1003" VPOS="686" WIDTH="40" HEIGHT="21" WC="0.57" CONTENT="lös-"/>
						</TextLine>
						<TextLine ID="line_19" HPOS="222" VPOS="714" WIDTH="820" HEIGHT="27">
							<String ID="string_183" HPOS="222" VPOS="714" WIDTH="97" HEIGHT="26" WC="0.93" CONTENT="drifvare,"/><SP WIDTH="12" VPOS="714" HPOS="319"/>
							<String ID="string_184" HPOS="331" VPOS="714" WIDTH="70" HEIGHT="21" WC="0.93" CONTENT="hvilka"/><SP WIDTH="10" VPOS="714" HPOS="401"/>
							<String ID="string_185" HPOS="411" VPOS="715" WIDTH="6" HEIGHT="20" WC="0.96" CONTENT="i"/><SP WIDTH="11" VPOS="715" HPOS="417"/>
							<String ID="string_186" HPOS="428" VPOS="720" WIDTH="28" HEIGHT="15" WC="0.96" CONTENT="nu"/><SP WIDTH="13" VPOS="720" HPOS="456"/>
							<String ID="string_187" HPOS="469" VPOS="715" WIDTH="96" HEIGHT="25" WC="0.93" CONTENT="gällande"/><SP WIDTH="16" VPOS="715" HPOS="565"/>
							<String ID="string_188" HPOS="581" VPOS="715" WIDTH="206" HEIGHT="26" WC="0.91" CONTENT="försvarslöshetslag"/><SP WIDTH="15" VPOS="715" HPOS="787"/>
							<String ID="string_189" HPOS="802" VPOS="714" WIDTH="76" HEIGHT="22" WC="0.92" CONTENT="räknas"/><SP WIDTH="17" VPOS="714" HPOS="878"/>
							<String ID="string_190" HPOS="895" VPOS="715" WIDTH="31" HEIGHT="20" WC="0.93" CONTENT="till"/><SP WIDTH="14" VPOS="715" HPOS="926"/>
							<String ID="string_191" HPOS="940" VPOS="714" WIDTH="102" HEIGHT="21" WC="0.93" CONTENT="försvars-"/>
						</TextLine>
						<TextLine ID="line_20" HPOS="221" VPOS="742" WIDTH="820" HEIGHT="27">
							<String ID="string_192" HPOS="221" VPOS="743" WIDTH="51" HEIGHT="21" WC="0.87" CONTENT="löse."/><SP WIDTH="30" VPOS="743" HPOS="272"/>
							<String ID="string_193" HPOS="302" VPOS="744" WIDTH="39" HEIGHT="25" WC="0.92" CONTENT="Jag"/><SP WIDTH="22" VPOS="744" HPOS="341"/>
							<String ID="string_194" HPOS="363" VPOS="742" WIDTH="62" HEIGHT="27" WC="0.96" CONTENT="hyser"/><SP WIDTH="24" VPOS="742" HPOS="425"/>
							<String ID="string_195" HPOS="449" VPOS="743" WIDTH="69" HEIGHT="21" WC="0.96" CONTENT="derför"/><SP WIDTH="16" VPOS="743" HPOS="518"/>
							<String ID="string_196" HPOS="534" VPOS="743" WIDTH="61" HEIGHT="26" WC="0.92" CONTENT="ingen"/><SP WIDTH="17" VPOS="743" HPOS="595"/>
							<String ID="string_197" HPOS="612" VPOS="743" WIDTH="141" HEIGHT="26" WC="0.96" CONTENT="förhoppning"/><SP WIDTH="15" VPOS="743" HPOS="753"/>
							<String ID="string_198" HPOS="768" VPOS="749" WIDTH="33" HEIGHT="15" WC="0.96" CONTENT="om"/><SP WIDTH="16" VPOS="749" HPOS="801"/>
							<String ID="string_199" HPOS="817" VPOS="745" WIDTH="38" HEIGHT="24" WC="0.93" CONTENT="att,"/><SP WIDTH="16" VPOS="745" HPOS="855"/>
							<String ID="string_200" HPOS="871" VPOS="744" WIDTH="69" HEIGHT="20" WC="0.96" CONTENT="såsom"/><SP WIDTH="17" VPOS="744" HPOS="940"/>
							<String ID="string_201" HPOS="957" VPOS="743" WIDTH="38" HEIGHT="21" WC="0.93" CONTENT="här"/><SP WIDTH="14" VPOS="743" HPOS="995"/>
							<String ID="string_202" HPOS="1009" VPOS="746" WIDTH="32" HEIGHT="18" WC="0.92" CONTENT="ut-"/>
						</TextLine>
						<TextLine ID="line_21" HPOS="221" VPOS="771" WIDTH="822" HEIGHT="27">
							<String ID="string_203" HPOS="221" VPOS="771" WIDTH="72" HEIGHT="25" WC="0.93" CONTENT="talats,"/><SP WIDTH="19" VPOS="771" HPOS="293"/>
							<String ID="string_204" HPOS="312" VPOS="771" WIDTH="79" HEIGHT="21" WC="0.93" CONTENT="antalet"/><SP WIDTH="16" VPOS="771" HPOS="391"/>
							<String ID="string_205" HPOS="407" VPOS="772" WIDTH="67" HEIGHT="19" WC="0.92" CONTENT="säsom"/><SP WIDTH="17" VPOS="772" HPOS="474"/>
							<String ID="string_206" HPOS="491" VPOS="771" WIDTH="133" HEIGHT="26" WC="0.92" CONTENT="vagabonder"/><SP WIDTH="16" VPOS="771" HPOS="624"/>
							<String ID="string_207" HPOS="640" VPOS="771" WIDTH="131" HEIGHT="21" WC="0.92" CONTENT="behandlade"/><SP WIDTH="16" VPOS="771" HPOS="771"/>
							<String ID="string_208" HPOS="787" VPOS="777" WIDTH="100" HEIGHT="21" WC="0.96" CONTENT="personer"/><SP WIDTH="16" VPOS="777" HPOS="887"/>
							<String ID="string_209" HPOS="903" VPOS="771" WIDTH="68" HEIGHT="21" WC="0.92" CONTENT="skulle"/><SP WIDTH="16" VPOS="771" HPOS="971"/>
							<String ID="string_210" HPOS="987" VPOS="772" WIDTH="5" HEIGHT="20" WC="0.92" CONTENT="i"/><SP WIDTH="16" VPOS="772" HPOS="992"/>
							<String ID="string_211" HPOS="1008" VPOS="773" WIDTH="35" HEIGHT="19" WC="0.91" CONTENT="vä-"/>
						</TextLine>
						<TextLine ID="line_22" HPOS="222" VPOS="799" WIDTH="820" HEIGHT="27">
							<String ID="string_212" HPOS="222" VPOS="800" WIDTH="76" HEIGHT="26" WC="0.92" CONTENT="sentlig"/><SP WIDTH="22" VPOS="800" HPOS="298"/>
							<String ID="string_213" HPOS="320" VPOS="799" WIDTH="47" HEIGHT="21" WC="0.92" CONTENT="män"/><SP WIDTH="16" VPOS="799" HPOS="367"/>
							<String ID="string_214" HPOS="383" VPOS="800" WIDTH="99" HEIGHT="23" WC="0.92" CONTENT="minskas,"/><SP WIDTH="18" VPOS="800" HPOS="482"/>
							<String ID="string_215" HPOS="500" VPOS="800" WIDTH="43" HEIGHT="20" WC="0.93" CONTENT="ifall"/><SP WIDTH="16" VPOS="800" HPOS="543"/>
							<String ID="string_216" HPOS="559" VPOS="800" WIDTH="142" HEIGHT="26" WC="0.91" CONTENT="föreliggande"/><SP WIDTH="16" VPOS="800" HPOS="701"/>
							<String ID="string_217" HPOS="717" VPOS="800" WIDTH="213" HEIGHT="26" WC="0.92" CONTENT="författningsförslag"/><SP WIDTH="16" VPOS="800" HPOS="930"/>
							<String ID="string_218" HPOS="946" VPOS="803" WIDTH="96" HEIGHT="23" WC="0.92" CONTENT="antages;"/>
						</TextLine>
						<TextLine ID="line_23" HPOS="221" VPOS="828" WIDTH="821" HEIGHT="26">
							<String ID="string_219" HPOS="221" VPOS="828" WIDTH="118" HEIGHT="21" WC="0.91" CONTENT="allraminst"/><SP WIDTH="23" VPOS="828" HPOS="339"/>
							<String ID="string_220" HPOS="362" VPOS="830" WIDTH="45" HEIGHT="18" WC="0.91" CONTENT="tror"/><SP WIDTH="19" VPOS="830" HPOS="407"/>
							<String ID="string_221" HPOS="426" VPOS="828" WIDTH="37" HEIGHT="26" WC="0.93" CONTENT="jag"/><SP WIDTH="21" VPOS="828" HPOS="463"/>
							<String ID="string_222" HPOS="484" VPOS="828" WIDTH="76" HEIGHT="21" WC="0.92" CONTENT="sädant"/><SP WIDTH="16" VPOS="828" HPOS="560"/>
							<String ID="string_223" HPOS="576" VPOS="828" WIDTH="63" HEIGHT="21" WC="0.92" CONTENT="blifva"/><SP WIDTH="16" VPOS="828" HPOS="639"/>
							<String ID="string_224" HPOS="655" VPOS="828" WIDTH="58" HEIGHT="20" WC="0.92" CONTENT="fallet"/><SP WIDTH="16" VPOS="828" HPOS="713"/>
							<String ID="string_225" HPOS="729" VPOS="828" WIDTH="55" HEIGHT="21" WC="0.92" CONTENT="ända"/><SP WIDTH="20" VPOS="828" HPOS="784"/>
							<String ID="string_226" HPOS="804" VPOS="828" WIDTH="86" HEIGHT="23" WC="0.92" CONTENT="derhän,"/><SP WIDTH="21" VPOS="828" HPOS="890"/>
							<String ID="string_227" HPOS="911" VPOS="830" WIDTH="31" HEIGHT="19" WC="0.96" CONTENT="att"/><SP WIDTH="21" VPOS="830" HPOS="942"/>
							<String ID="string_228" HPOS="963" VPOS="828" WIDTH="79" HEIGHT="22" WC="0.96" CONTENT="antalet"/>
						</TextLine>
						<TextLine ID="line_24" HPOS="221" VPOS="856" WIDTH="821" HEIGHT="27">
							<String ID="string_229" HPOS="221" VPOS="856" WIDTH="72" HEIGHT="27" WC="0.96" CONTENT="dylika"/><SP WIDTH="22" VPOS="856" HPOS="293"/>
							<String ID="string_230" HPOS="315" VPOS="856" WIDTH="46" HEIGHT="21" WC="0.92" CONTENT="icke"/><SP WIDTH="22" VPOS="856" HPOS="361"/>
							<String ID="string_231" HPOS="383" VPOS="856" WIDTH="84" HEIGHT="21" WC="0.96" CONTENT="komma"/><SP WIDTH="22" VPOS="856" HPOS="467"/>
							<String ID="string_232" HPOS="489" VPOS="858" WIDTH="32" HEIGHT="19" WC="0.93" CONTENT="att"/><SP WIDTH="23" VPOS="858" HPOS="521"/>
							<String ID="string_233" HPOS="544" VPOS="857" WIDTH="68" HEIGHT="26" WC="0.95" CONTENT="uppgå"/><SP WIDTH="24" VPOS="857" HPOS="612"/>
							<String ID="string_234" HPOS="636" VPOS="856" WIDTH="31" HEIGHT="21" WC="0.96" CONTENT="till"/><SP WIDTH="19" VPOS="856" HPOS="667"/>
							<String ID="string_235" HPOS="686" VPOS="863" WIDTH="57" HEIGHT="15" WC="0.96" CONTENT="mera"/><SP WIDTH="16" VPOS="863" HPOS="743"/>
							<String ID="string_236" HPOS="759" VPOS="858" WIDTH="26" HEIGHT="20" WC="0.95" CONTENT="än"/><SP WIDTH="17" VPOS="858" HPOS="785"/>
							<String ID="string_237" HPOS="802" VPOS="857" WIDTH="31" HEIGHT="25" WC="0.96" CONTENT="de,"/><SP WIDTH="16" VPOS="857" HPOS="833"/>
							<String ID="string_238" HPOS="849" VPOS="863" WIDTH="44" HEIGHT="15" WC="0.96" CONTENT="som"/><SP WIDTH="16" VPOS="863" HPOS="893"/>
							<String ID="string_239" HPOS="909" VPOS="863" WIDTH="29" HEIGHT="14" WC="0.96" CONTENT="nu"/><SP WIDTH="16" VPOS="863" HPOS="938"/>
							<String ID="string_240" HPOS="954" VPOS="856" WIDTH="66" HEIGHT="22" WC="0.96" CONTENT="finnas"/><SP WIDTH="15" VPOS="856" HPOS="1020"/>
							<String ID="string_241" HPOS="1035" VPOS="856" WIDTH="7" HEIGHT="21" WC="0.93" CONTENT="i"/>
						</TextLine>
						<TextLine ID="line_25" HPOS="221" VPOS="885" WIDTH="436" HEIGHT="25">
							<String ID="string_242" HPOS="221" VPOS="885" WIDTH="304" HEIGHT="25" WC="0.54" CONTENT="korrektionsinrättningarna"/><SP WIDTH="16" VPOS="885" HPOS="525"/>
							<String ID="string_243" HPOS="541" VPOS="885" WIDTH="116" HEIGHT="21" WC="0.96" CONTENT="förvarade."/>
						</TextLine>
					</TextBlock>
					<TextBlock ID="block_3" HPOS="221" VPOS="912" WIDTH="822" HEIGHT="313">
						<TextLine ID="line_26" HPOS="291" VPOS="912" WIDTH="750" HEIGHT="27">
							<String ID="string_244" HPOS="291" VPOS="913" WIDTH="54" HEIGHT="20" WC="0.93" CONTENT="Herr"/><SP WIDTH="22" VPOS="913" HPOS="345"/>
							<String ID="string_245" HPOS="367" VPOS="912" WIDTH="115" HEIGHT="21" WC="0.93" CONTENT="Rönnbäck"/><SP WIDTH="23" VPOS="912" HPOS="482"/>
							<String ID="string_246" HPOS="505" VPOS="913" WIDTH="38" HEIGHT="21" WC="0.92" CONTENT="har"/><SP WIDTH="23" VPOS="913" HPOS="543"/>
							<String ID="string_247" HPOS="566" VPOS="914" WIDTH="54" HEIGHT="20" WC="0.91" CONTENT="talat"/><SP WIDTH="22" VPOS="914" HPOS="620"/>
							<String ID="string_248" HPOS="642" VPOS="916" WIDTH="69" HEIGHT="18" WC="0.91" CONTENT="varmt"/><SP WIDTH="22" VPOS="916" HPOS="711"/>
							<String ID="string_249" HPOS="733" VPOS="919" WIDTH="32" HEIGHT="15" WC="0.96" CONTENT="om"/><SP WIDTH="18" VPOS="919" HPOS="765"/>
							<String ID="string_250" HPOS="783" VPOS="914" WIDTH="37" HEIGHT="20" WC="0.93" CONTENT="den"/><SP WIDTH="18" VPOS="914" HPOS="820"/>
							<String ID="string_251" HPOS="838" VPOS="914" WIDTH="143" HEIGHT="25" WC="0.91" CONTENT="depravation,"/><SP WIDTH="16" VPOS="914" HPOS="981"/>
							<String ID="string_252" HPOS="997" VPOS="919" WIDTH="44" HEIGHT="15" WC="0.96" CONTENT="som"/>
						</TextLine>
						<TextLine ID="line_27" HPOS="222" VPOS="941" WIDTH="820" HEIGHT="27">
							<String ID="string_253" HPOS="222" VPOS="941" WIDTH="68" HEIGHT="22" WC="0.96" CONTENT="skulle"/><SP WIDTH="19" VPOS="941" HPOS="290"/>
							<String ID="string_254" HPOS="309" VPOS="941" WIDTH="32" HEIGHT="21" WC="0.93" CONTENT="för"/><SP WIDTH="15" VPOS="941" HPOS="341"/>
							<String ID="string_255" HPOS="356" VPOS="941" WIDTH="51" HEIGHT="21" WC="0.90" CONTENT="vära"/><SP WIDTH="15" VPOS="941" HPOS="407"/>
							<String ID="string_256" HPOS="422" VPOS="941" WIDTH="66" HEIGHT="21" WC="0.92" CONTENT="finske"/><SP WIDTH="16" VPOS="941" HPOS="488"/>
							<String ID="string_257" HPOS="504" VPOS="942" WIDTH="97" HEIGHT="21" WC="0.92" CONTENT="arbetare"/><SP WIDTH="16" VPOS="942" HPOS="601"/>
							<String ID="string_258" HPOS="617" VPOS="942" WIDTH="84" HEIGHT="21" WC="0.96" CONTENT="komma"/><SP WIDTH="16" VPOS="942" HPOS="701"/>
							<String ID="string_259" HPOS="717" VPOS="944" WIDTH="31" HEIGHT="19" WC="0.93" CONTENT="att"/><SP WIDTH="17" VPOS="944" HPOS="748"/>
							<String ID="string_260" HPOS="765" VPOS="942" WIDTH="63" HEIGHT="21" WC="0.92" CONTENT="blifva"/><SP WIDTH="16" VPOS="942" HPOS="828"/>
							<String ID="string_261" HPOS="844" VPOS="948" WIDTH="25" HEIGHT="15" WC="0.96" CONTENT="en"/><SP WIDTH="16" VPOS="948" HPOS="869"/>
							<String ID="string_262" HPOS="885" VPOS="942" WIDTH="51" HEIGHT="26" WC="0.82" CONTENT="följd"/><SP WIDTH="16" VPOS="942" HPOS="936"/>
							<String ID="string_263" HPOS="952" VPOS="941" WIDTH="22" HEIGHT="21" WC="0.93" CONTENT="af"/><SP WIDTH="13" VPOS="941" HPOS="974"/>
							<String ID="string_264" HPOS="987" VPOS="948" WIDTH="55" HEIGHT="15" WC="0.92" CONTENT="sam-"/>
						</TextLine>
						<TextLine ID="line_28" HPOS="222" VPOS="970" WIDTH="821" HEIGHT="27">
							<String ID="string_265" HPOS="222" VPOS="976" WIDTH="114" HEIGHT="15" WC="0.92" CONTENT="manvaron"/><SP WIDTH="17" VPOS="976" HPOS="336"/>
							<String ID="string_266" HPOS="353" VPOS="970" WIDTH="46" HEIGHT="21" WC="0.92" CONTENT="med"/><SP WIDTH="16" VPOS="970" HPOS="399"/>
							<String ID="string_267" HPOS="415" VPOS="970" WIDTH="60" HEIGHT="21" WC="0.91" CONTENT="desse"/><SP WIDTH="15" VPOS="970" HPOS="475"/>
							<String ID="string_268" HPOS="490" VPOS="971" WIDTH="109" HEIGHT="25" WC="0.92" CONTENT="vanartige"/><SP WIDTH="15" VPOS="971" HPOS="599"/>
							<String ID="string_269" HPOS="614" VPOS="971" WIDTH="38" HEIGHT="20" WC="0.93" CONTENT="och"/><SP WIDTH="12" VPOS="971" HPOS="652"/>
							<String ID="string_270" HPOS="664" VPOS="971" WIDTH="93" HEIGHT="26" WC="0.82" CONTENT="osediige"/><SP WIDTH="12" VPOS="971" HPOS="757"/>
							<String ID="string_271" HPOS="769" VPOS="971" WIDTH="139" HEIGHT="26" WC="0.92" CONTENT="vagabonder."/><SP WIDTH="22" VPOS="971" HPOS="908"/>
							<String ID="string_272" HPOS="930" VPOS="971" WIDTH="41" HEIGHT="20" WC="0.93" CONTENT="Det"/><SP WIDTH="10" VPOS="971" HPOS="971"/>
							<String ID="string_273" HPOS="981" VPOS="976" WIDTH="62" HEIGHT="21" WC="0.96" CONTENT="synes"/>
						</TextLine>
						<TextLine ID="line_29" HPOS="222" VPOS="998" WIDTH="821" HEIGHT="28">
							<String ID="string_274" HPOS="222" VPOS="999" WIDTH="53" HEIGHT="21" WC="0.95" CONTENT="dock"/><SP WIDTH="24" VPOS="999" HPOS="275"/>
							<String ID="string_275" HPOS="299" VPOS="1005" WIDTH="41" HEIGHT="20" WC="0.90" CONTENT="nog"/><SP WIDTH="23" VPOS="1005" HPOS="340"/>
							<String ID="string_276" HPOS="363" VPOS="998" WIDTH="58" HEIGHT="27" WC="0.92" CONTENT="längt"/><SP WIDTH="23" VPOS="998" HPOS="421"/>
							<String ID="string_277" HPOS="444" VPOS="999" WIDTH="76" HEIGHT="26" WC="0.93" CONTENT="gänget"/><SP WIDTH="18" VPOS="999" HPOS="520"/>
							<String ID="string_278" HPOS="538" VPOS="1000" WIDTH="6" HEIGHT="19" WC="0.93" CONTENT="i"/><SP WIDTH="16" VPOS="1000" HPOS="544"/>
							<String ID="string_279" HPOS="560" VPOS="999" WIDTH="107" HEIGHT="27" WC="0.91" CONTENT="preventiv"/><SP WIDTH="23" VPOS="999" HPOS="667"/>
							<String ID="string_280" HPOS="690" VPOS="999" WIDTH="99" HEIGHT="26" WC="0.92" CONTENT="riktning,"/><SP WIDTH="24" VPOS="999" HPOS="789"/>
							<String ID="string_281" HPOS="813" VPOS="1002" WIDTH="31" HEIGHT="18" WC="0.93" CONTENT="att"/><SP WIDTH="22" VPOS="1002" HPOS="844"/>
							<String ID="string_282" HPOS="866" VPOS="999" WIDTH="66" HEIGHT="21" WC="0.92" CONTENT="häkta"/><SP WIDTH="19" VPOS="999" HPOS="932"/>
							<String ID="string_283" HPOS="951" VPOS="998" WIDTH="44" HEIGHT="21" WC="0.96" CONTENT="folk"/><SP WIDTH="16" VPOS="998" HPOS="995"/>
							<String ID="string_284" HPOS="1011" VPOS="999" WIDTH="32" HEIGHT="21" WC="0.96" CONTENT="för"/>
						</TextLine>
						<TextLine ID="line_30" HPOS="221" VPOS="1027" WIDTH="821" HEIGHT="28">
							<String ID="string_285" HPOS="221" VPOS="1029" WIDTH="33" HEIGHT="19" WC="0.95" CONTENT="att"/><SP WIDTH="23" VPOS="1029" HPOS="254"/>
							<String ID="string_286" HPOS="277" VPOS="1027" WIDTH="25" HEIGHT="20" WC="0.92" CONTENT="de"/><SP WIDTH="15" VPOS="1027" HPOS="302"/>
							<String ID="string_287" HPOS="317" VPOS="1027" WIDTH="46" HEIGHT="21" WC="0.92" CONTENT="icke"/><SP WIDTH="16" VPOS="1027" HPOS="363"/>
							<String ID="string_288" HPOS="379" VPOS="1027" WIDTH="97" HEIGHT="26" WC="0.92" CONTENT="möjligen"/><SP WIDTH="16" VPOS="1027" HPOS="476"/>
							<String ID="string_289" HPOS="492" VPOS="1027" WIDTH="60" HEIGHT="22" WC="0.96" CONTENT="skola"/><SP WIDTH="15" VPOS="1027" HPOS="552"/>
							<String ID="string_290" HPOS="567" VPOS="1034" WIDTH="74" HEIGHT="21" WC="0.96" CONTENT="genom"/><SP WIDTH="17" VPOS="1034" HPOS="641"/>
							<String ID="string_291" HPOS="658" VPOS="1027" WIDTH="36" HEIGHT="22" WC="0.96" CONTENT="sitt"/><SP WIDTH="16" VPOS="1027" HPOS="694"/>
							<String ID="string_292" HPOS="710" VPOS="1028" WIDTH="92" HEIGHT="26" WC="0.96" CONTENT="exempel"/><SP WIDTH="17" VPOS="1028" HPOS="802"/>
							<String ID="string_293" HPOS="819" VPOS="1027" WIDTH="65" HEIGHT="21" WC="0.96" CONTENT="skada"/><SP WIDTH="16" VPOS="1027" HPOS="884"/>
							<String ID="string_294" HPOS="900" VPOS="1029" WIDTH="71" HEIGHT="20" WC="0.96" CONTENT="andra."/><SP WIDTH="30" VPOS="1029" HPOS="971"/>
							<String ID="string_295" HPOS="1001" VPOS="1028" WIDTH="41" HEIGHT="21" WC="0.96" CONTENT="Det"/>
						</TextLine>
						<TextLine ID="line_31" HPOS="221" VPOS="1055" WIDTH="822" HEIGHT="28">
							<String ID="string_296" HPOS="221" VPOS="1057" WIDTH="66" HEIGHT="20" WC="0.95" CONTENT="torde"/><SP WIDTH="21" VPOS="1057" HPOS="287"/>
							<String ID="string_297" HPOS="308" VPOS="1056" WIDTH="34" HEIGHT="20" WC="0.93" CONTENT="väl"/><SP WIDTH="23" VPOS="1056" HPOS="342"/>
							<String ID="string_298" HPOS="365" VPOS="1056" WIDTH="56" HEIGHT="25" WC="0.92" CONTENT="ligga"/><SP WIDTH="15" VPOS="1056" HPOS="421"/>
							<String ID="string_299" HPOS="436" VPOS="1056" WIDTH="5" HEIGHT="20" WC="0.93" CONTENT="i"/><SP WIDTH="17" VPOS="1056" HPOS="441"/>
							<String ID="string_300" HPOS="458" VPOS="1055" WIDTH="136" HEIGHT="22" WC="0.92" CONTENT="arbetarenes"/><SP WIDTH="23" VPOS="1055" HPOS="594"/>
							<String ID="string_301" HPOS="617" VPOS="1057" WIDTH="88" HEIGHT="20" WC="0.95" CONTENT="intresse"/><SP WIDTH="22" VPOS="1057" HPOS="705"/>
							<String ID="string_302" HPOS="727" VPOS="1057" WIDTH="39" HEIGHT="20" WC="0.95" CONTENT="och"/><SP WIDTH="23" VPOS="1057" HPOS="766"/>
							<String ID="string_303" HPOS="789" VPOS="1057" WIDTH="61" HEIGHT="20" WC="0.96" CONTENT="deras"/><SP WIDTH="22" VPOS="1057" HPOS="850"/>
							<String ID="string_304" HPOS="872" VPOS="1059" WIDTH="48" HEIGHT="24" WC="0.92" CONTENT="eget"/><SP WIDTH="23" VPOS="1059" HPOS="920"/>
							<String ID="string_305" HPOS="943" VPOS="1057" WIDTH="52" HEIGHT="20" WC="0.92" CONTENT="skön"/><SP WIDTH="16" VPOS="1057" HPOS="995"/>
							<String ID="string_306" HPOS="1011" VPOS="1059" WIDTH="32" HEIGHT="18" WC="0.96" CONTENT="att"/>
						</TextLine>
						<TextLine ID="line_32" HPOS="222" VPOS="1084" WIDTH="820" HEIGHT="27">
							<String ID="string_307" HPOS="222" VPOS="1085" WIDTH="66" HEIGHT="25" WC="0.95" CONTENT="draga"/><SP WIDTH="15" VPOS="1085" HPOS="288"/>
							<String ID="string_308" HPOS="303" VPOS="1085" WIDTH="30" HEIGHT="26" WC="0.93" CONTENT="sig"/><SP WIDTH="16" VPOS="1085" HPOS="333"/>
							<String ID="string_309" HPOS="349" VPOS="1084" WIDTH="70" HEIGHT="21" WC="0.96" CONTENT="undan"/><SP WIDTH="16" VPOS="1084" HPOS="419"/>
							<String ID="string_310" HPOS="435" VPOS="1084" WIDTH="45" HEIGHT="21" WC="0.96" CONTENT="från"/><SP WIDTH="16" VPOS="1084" HPOS="480"/>
							<String ID="string_311" HPOS="496" VPOS="1085" WIDTH="76" HEIGHT="20" WC="0.77" CONTENT="sädant"/><SP WIDTH="16" VPOS="1085" HPOS="572"/>
							<String ID="string_312" HPOS="588" VPOS="1085" WIDTH="91" HEIGHT="26" WC="0.96" CONTENT="sällskap"/><SP WIDTH="17" VPOS="1085" HPOS="679"/>
							<String ID="string_313" HPOS="696" VPOS="1085" WIDTH="38" HEIGHT="20" WC="0.96" CONTENT="och"/><SP WIDTH="16" VPOS="1085" HPOS="734"/>
							<String ID="string_314" HPOS="750" VPOS="1085" WIDTH="52" HEIGHT="20" WC="0.96" CONTENT="söka"/><SP WIDTH="16" VPOS="1085" HPOS="802"/>
							<String ID="string_315" HPOS="818" VPOS="1085" WIDTH="31" HEIGHT="26" WC="0.96" CONTENT="sig"/><SP WIDTH="11" VPOS="1085" HPOS="849"/>
							<String ID="string_316" HPOS="860" VPOS="1085" WIDTH="73" HEIGHT="21" WC="0.97" CONTENT="arbete"/><SP WIDTH="11" VPOS="1085" HPOS="933"/>
							<String ID="string_317" HPOS="944" VPOS="1086" WIDTH="26" HEIGHT="25" WC="0.96" CONTENT="pä"/><SP WIDTH="9" VPOS="1086" HPOS="970"/>
							<String ID="string_318" HPOS="979" VPOS="1089" WIDTH="63" HEIGHT="16" WC="0.96" CONTENT="annat"/>
						</TextLine>
						<TextLine ID="line_33" HPOS="222" VPOS="1113" WIDTH="819" HEIGHT="27">
							<String ID="string_319" HPOS="222" VPOS="1113" WIDTH="50" HEIGHT="21" WC="0.63" CONTENT="håll."/><SP WIDTH="31" VPOS="1113" HPOS="272"/>
							<String ID="string_320" HPOS="303" VPOS="1113" WIDTH="75" HEIGHT="21" WC="0.82" CONTENT="Dertill"/><SP WIDTH="24" VPOS="1113" HPOS="378"/>
							<String ID="string_321" HPOS="402" VPOS="1113" WIDTH="93" HEIGHT="20" WC="0.96" CONTENT="kommer"/><SP WIDTH="23" VPOS="1113" HPOS="495"/>
							<String ID="string_322" HPOS="518" VPOS="1114" WIDTH="40" HEIGHT="20" WC="0.90" CONTENT="den"/><SP WIDTH="23" VPOS="1114" HPOS="558"/>
							<String ID="string_323" HPOS="581" VPOS="1113" WIDTH="61" HEIGHT="22" WC="0.95" CONTENT="svåra"/><SP WIDTH="19" VPOS="1113" HPOS="642"/>
							<String ID="string_324" HPOS="661" VPOS="1113" WIDTH="79" HEIGHT="26" WC="0.94" CONTENT="frågan,"/><SP WIDTH="17" VPOS="1113" HPOS="740"/>
							<String ID="string_325" HPOS="757" VPOS="1113" WIDTH="83" HEIGHT="21" WC="0.96" CONTENT="hvilken"/><SP WIDTH="16" VPOS="1113" HPOS="840"/>
							<String ID="string_326" HPOS="856" VPOS="1119" WIDTH="44" HEIGHT="16" WC="0.96" CONTENT="som"/><SP WIDTH="17" VPOS="1119" HPOS="900"/>
							<String ID="string_327" HPOS="917" VPOS="1115" WIDTH="23" HEIGHT="19" WC="0.93" CONTENT="är"/><SP WIDTH="16" VPOS="1115" HPOS="940"/>
							<String ID="string_328" HPOS="956" VPOS="1114" WIDTH="85" HEIGHT="26" WC="0.92" CONTENT="osedlig,"/>
						</TextLine>
						<TextLine ID="line_34" HPOS="221" VPOS="1141" WIDTH="821" HEIGHT="27">
							<String ID="string_329" HPOS="221" VPOS="1142" WIDTH="97" HEIGHT="25" WC="0.92" CONTENT="vanartig"/><SP WIDTH="15" VPOS="1142" HPOS="318"/>
							<String ID="string_330" HPOS="333" VPOS="1148" WIDTH="19" HEIGHT="14" WC="0.93" CONTENT="o."/><SP WIDTH="17" VPOS="1148" HPOS="352"/>
							<String ID="string_331" HPOS="369" VPOS="1148" WIDTH="16" HEIGHT="14" WC="0.93" CONTENT="s."/><SP WIDTH="16" VPOS="1148" HPOS="385"/>
							<String ID="string_332" HPOS="401" VPOS="1147" WIDTH="24" HEIGHT="18" WC="0.90" CONTENT="v.,"/><SP WIDTH="16" VPOS="1147" HPOS="425"/>
							<String ID="string_333" HPOS="441" VPOS="1142" WIDTH="38" HEIGHT="20" WC="0.93" CONTENT="och"/><SP WIDTH="17" VPOS="1142" HPOS="479"/>
							<String ID="string_334" HPOS="496" VPOS="1141" WIDTH="83" HEIGHT="22" WC="0.92" CONTENT="hvilken"/><SP WIDTH="17" VPOS="1141" HPOS="579"/>
							<String ID="string_335" HPOS="596" VPOS="1142" WIDTH="50" HEIGHT="21" WC="0.92" CONTENT="icke."/><SP WIDTH="25" VPOS="1142" HPOS="646"/>
							<String ID="string_336" HPOS="671" VPOS="1142" WIDTH="38" HEIGHT="21" WC="0.93" CONTENT="Att"/><SP WIDTH="16" VPOS="1142" HPOS="709"/>
							<String ID="string_337" HPOS="725" VPOS="1142" WIDTH="71" HEIGHT="26" WC="0.93" CONTENT="afgöra"/><SP WIDTH="17" VPOS="1142" HPOS="796"/>
							<String ID="string_338" HPOS="813" VPOS="1142" WIDTH="58" HEIGHT="21" WC="0.95" CONTENT="detta"/><SP WIDTH="17" VPOS="1142" HPOS="871"/>
							<String ID="string_339" HPOS="888" VPOS="1142" WIDTH="33" HEIGHT="20" WC="0.96" CONTENT="vill"/><SP WIDTH="18" VPOS="1142" HPOS="921"/>
							<String ID="string_340" HPOS="939" VPOS="1143" WIDTH="35" HEIGHT="20" WC="0.93" CONTENT="det"/><SP WIDTH="16" VPOS="1143" HPOS="974"/>
							<String ID="string_341" HPOS="990" VPOS="1142" WIDTH="52" HEIGHT="21" WC="0.92" CONTENT="före-"/>
						</TextLine>
						<TextLine ID="line_35" HPOS="221" VPOS="1169" WIDTH="820" HEIGHT="28">
							<String ID="string_342" HPOS="221" VPOS="1169" WIDTH="99" HEIGHT="27" WC="0.95" CONTENT="liggande"/><SP WIDTH="24" VPOS="1169" HPOS="320"/>
							<String ID="string_343" HPOS="344" VPOS="1170" WIDTH="136" HEIGHT="27" WC="0.93" CONTENT="lagförslaget"/><SP WIDTH="22" VPOS="1170" HPOS="480"/>
							<String ID="string_344" HPOS="502" VPOS="1170" WIDTH="127" HEIGHT="22" WC="0.91" CONTENT="öfverlemna"/><SP WIDTH="15" VPOS="1170" HPOS="629"/>
							<String ID="string_345" HPOS="644" VPOS="1171" WIDTH="46" HEIGHT="20" WC="0.96" CONTENT="icke"/><SP WIDTH="15" VPOS="1171" HPOS="690"/>
							<String ID="string_346" HPOS="705" VPOS="1170" WIDTH="21" HEIGHT="21" WC="0.96" CONTENT="ät"/><SP WIDTH="17" VPOS="1170" HPOS="726"/>
							<String ID="string_347" HPOS="743" VPOS="1171" WIDTH="97" HEIGHT="23" WC="0.96" CONTENT="domstol,"/><SP WIDTH="16" VPOS="1171" HPOS="840"/>
							<String ID="string_348" HPOS="856" VPOS="1175" WIDTH="50" HEIGHT="16" WC="0.96" CONTENT="utan"/><SP WIDTH="16" VPOS="1175" HPOS="906"/>
							<String ID="string_349" HPOS="922" VPOS="1171" WIDTH="22" HEIGHT="20" WC="0.93" CONTENT="ät"/><SP WIDTH="16" VPOS="1171" HPOS="944"/>
							<String ID="string_350" HPOS="960" VPOS="1171" WIDTH="81" HEIGHT="26" WC="0.92" CONTENT="subjek-"/>
						</TextLine>
						<TextLine ID="line_36" HPOS="222" VPOS="1199" WIDTH="165" HEIGHT="26">
							<String ID="string_351" HPOS="222" VPOS="1199" WIDTH="40" HEIGHT="20" WC="0.96" CONTENT="tivt"/><SP WIDTH="14" VPOS="1199" HPOS="262"/>
							<String ID="string_352" HPOS="276" VPOS="1199" WIDTH="111" HEIGHT="26" WC="0.96" CONTENT="godtycke."/>
						</TextLine>
					</TextBlock>
					<TextBlock ID="block_4" HPOS="221" VPOS="1226" WIDTH="822" HEIGHT="197">
						<TextLine ID="line_37" HPOS="290" VPOS="1226" WIDTH="751" HEIGHT="27">
							<String ID="string_353" HPOS="290" VPOS="1227" WIDTH="41" HEIGHT="21" WC="0.96" CONTENT="Det"/><SP WIDTH="16" VPOS="1227" HPOS="331"/>
							<String ID="string_354" HPOS="347" VPOS="1227" WIDTH="38" HEIGHT="20" WC="0.96" CONTENT="har"/><SP WIDTH="15" VPOS="1227" HPOS="385"/>
							<String ID="string_355" HPOS="400" VPOS="1227" WIDTH="96" HEIGHT="21" WC="0.96" CONTENT="förvånat"/><SP WIDTH="15" VPOS="1227" HPOS="496"/>
							<String ID="string_356" HPOS="511" VPOS="1227" WIDTH="49" HEIGHT="26" WC="0.96" CONTENT="mig,"/><SP WIDTH="12" VPOS="1227" HPOS="560"/>
							<String ID="string_357" HPOS="572" VPOS="1230" WIDTH="31" HEIGHT="18" WC="0.96" CONTENT="att"/><SP WIDTH="10" VPOS="1230" HPOS="603"/>
							<String ID="string_358" HPOS="613" VPOS="1226" WIDTH="52" HEIGHT="22" WC="0.95" CONTENT="höra"/><SP WIDTH="11" VPOS="1226" HPOS="665"/>
							<String ID="string_359" HPOS="676" VPOS="1227" WIDTH="54" HEIGHT="21" WC="0.96" CONTENT="hvad"/><SP WIDTH="11" VPOS="1227" HPOS="730"/>
							<String ID="string_360" HPOS="741" VPOS="1234" WIDTH="25" HEIGHT="14" WC="0.96" CONTENT="en"/><SP WIDTH="11" VPOS="1234" HPOS="766"/>
							<String ID="string_361" HPOS="777" VPOS="1227" WIDTH="51" HEIGHT="21" WC="0.96" CONTENT="ärad"/><SP WIDTH="11" VPOS="1227" HPOS="828"/>
							<String ID="string_362" HPOS="839" VPOS="1230" WIDTH="145" HEIGHT="23" WC="0.96" CONTENT="representant"/><SP WIDTH="11" VPOS="1230" HPOS="984"/>
							<String ID="string_363" HPOS="995" VPOS="1227" WIDTH="46" HEIGHT="22" WC="0.96" CONTENT="från"/>
						</TextLine>
						<TextLine ID="line_38" HPOS="222" VPOS="1255" WIDTH="820" HEIGHT="27">
							<String ID="string_364" HPOS="222" VPOS="1255" WIDTH="131" HEIGHT="27" WC="0.93" CONTENT="Helsingfors"/><SP WIDTH="23" VPOS="1255" HPOS="353"/>
							<String ID="string_365" HPOS="376" VPOS="1255" WIDTH="105" HEIGHT="26" WC="0.91" CONTENT="vidlyftigt"/><SP WIDTH="16" VPOS="1255" HPOS="481"/>
							<String ID="string_366" HPOS="497" VPOS="1256" WIDTH="62" HEIGHT="21" WC="0.92" CONTENT="ordat"/><SP WIDTH="15" VPOS="1256" HPOS="559"/>
							<String ID="string_367" HPOS="574" VPOS="1262" WIDTH="34" HEIGHT="15" WC="0.96" CONTENT="om"/><SP WIDTH="16" VPOS="1262" HPOS="608"/>
							<String ID="string_368" HPOS="624" VPOS="1256" WIDTH="97" HEIGHT="21" WC="0.95" CONTENT="iteration"/><SP WIDTH="17" VPOS="1256" HPOS="721"/>
							<String ID="string_369" HPOS="738" VPOS="1256" WIDTH="23" HEIGHT="21" WC="0.96" CONTENT="af"/><SP WIDTH="13" VPOS="1256" HPOS="761"/>
							<String ID="string_370" HPOS="774" VPOS="1257" WIDTH="64" HEIGHT="20" WC="0.96" CONTENT="brott."/><SP WIDTH="27" VPOS="1257" HPOS="838"/>
							<String ID="string_371" HPOS="865" VPOS="1256" WIDTH="53" HEIGHT="21" WC="0.96" CONTENT="Tror"/><SP WIDTH="17" VPOS="1256" HPOS="918"/>
							<String ID="string_372" HPOS="935" VPOS="1256" WIDTH="107" HEIGHT="26" WC="0.96" CONTENT="verkligen"/>
						</TextLine>
						<TextLine ID="line_39" HPOS="222" VPOS="1284" WIDTH="821" HEIGHT="27">
							<String ID="string_373" HPOS="222" VPOS="1285" WIDTH="41" HEIGHT="20" WC="0.95" CONTENT="den"/><SP WIDTH="16" VPOS="1285" HPOS="263"/>
							<String ID="string_374" HPOS="279" VPOS="1285" WIDTH="63" HEIGHT="20" WC="0.96" CONTENT="ärade"/><SP WIDTH="16" VPOS="1285" HPOS="342"/>
							<String ID="string_375" HPOS="358" VPOS="1288" WIDTH="180" HEIGHT="23" WC="0.95" CONTENT="representanten,"/><SP WIDTH="16" VPOS="1288" HPOS="538"/>
							<String ID="string_376" HPOS="554" VPOS="1287" WIDTH="32" HEIGHT="18" WC="0.95" CONTENT="att"/><SP WIDTH="10" VPOS="1287" HPOS="586"/>
							<String ID="string_377" HPOS="596" VPOS="1285" WIDTH="6" HEIGHT="20" WC="0.93" CONTENT="i"/><SP WIDTH="12" VPOS="1285" HPOS="602"/>
							<String ID="string_378" HPOS="614" VPOS="1284" WIDTH="153" HEIGHT="22" WC="0.85" CONTENT="fråzavarande"/><SP WIDTH="12" VPOS="1284" HPOS="767"/>
							<String ID="string_379" HPOS="779" VPOS="1291" WIDTH="101" HEIGHT="20" WC="0.96" CONTENT="personer"/><SP WIDTH="15" VPOS="1291" HPOS="880"/>
							<String ID="string_380" HPOS="895" VPOS="1285" WIDTH="66" HEIGHT="20" WC="0.96" CONTENT="skulle"/><SP WIDTH="14" VPOS="1285" HPOS="961"/>
							<String ID="string_381" HPOS="975" VPOS="1284" WIDTH="68" HEIGHT="21" WC="0.96" CONTENT="blifvit"/>
						</TextLine>
						<TextLine ID="line_40" HPOS="221" VPOS="1313" WIDTH="820" HEIGHT="26">
							<String ID="string_382" HPOS="221" VPOS="1313" WIDTH="25" HEIGHT="20" WC="0.96" CONTENT="så"/><SP WIDTH="22" VPOS="1313" HPOS="246"/>
							<String ID="string_383" HPOS="268" VPOS="1314" WIDTH="83" HEIGHT="25" WC="0.96" CONTENT="mycket"/><SP WIDTH="23" VPOS="1314" HPOS="351"/>
							<String ID="string_384" HPOS="374" VPOS="1313" WIDTH="75" HEIGHT="24" WC="0.96" CONTENT="bättre,"/><SP WIDTH="24" VPOS="1313" HPOS="449"/>
							<String ID="string_385" HPOS="473" VPOS="1319" WIDTH="32" HEIGHT="15" WC="0.96" CONTENT="om"/><SP WIDTH="23" VPOS="1319" HPOS="505"/>
							<String ID="string_386" HPOS="528" VPOS="1313" WIDTH="26" HEIGHT="20" WC="0.95" CONTENT="de"/><SP WIDTH="21" VPOS="1313" HPOS="554"/>
							<String ID="string_387" HPOS="575" VPOS="1313" WIDTH="54" HEIGHT="20" WC="0.95" CONTENT="hade"/><SP WIDTH="15" VPOS="1313" HPOS="629"/>
							<String ID="string_388" HPOS="644" VPOS="1314" WIDTH="61" HEIGHT="19" WC="0.96" CONTENT="suttit"/><SP WIDTH="16" VPOS="1314" HPOS="705"/>
							<String ID="string_389" HPOS="721" VPOS="1314" WIDTH="26" HEIGHT="25" WC="0.93" CONTENT="på"/><SP WIDTH="16" VPOS="1314" HPOS="747"/>
							<String ID="string_390" HPOS="763" VPOS="1313" WIDTH="212" HEIGHT="21" WC="0.91" CONTENT="korrektionsanstalt"/><SP WIDTH="18" VPOS="1313" HPOS="975"/>
							<String ID="string_391" HPOS="993" VPOS="1313" WIDTH="48" HEIGHT="23" WC="0.96" CONTENT="förr,"/>
						</TextLine>
						<TextLine ID="line_41" HPOS="222" VPOS="1341" WIDTH="820" HEIGHT="26">
							<String ID="string_392" HPOS="222" VPOS="1343" WIDTH="26" HEIGHT="18" WC="0.96" CONTENT="än"/><SP WIDTH="16" VPOS="1343" HPOS="248"/>
							<String ID="string_393" HPOS="264" VPOS="1341" WIDTH="40" HEIGHT="19" WC="0.96" CONTENT="han"/><SP WIDTH="12" VPOS="1341" HPOS="304"/>
							<String ID="string_394" HPOS="316" VPOS="1341" WIDTH="73" HEIGHT="25" WC="0.96" CONTENT="gjorde"/><SP WIDTH="16" VPOS="1341" HPOS="389"/>
							<String ID="string_395" HPOS="405" VPOS="1341" WIDTH="131" HEIGHT="25" WC="0.95" CONTENT="bekantskap"/><SP WIDTH="18" VPOS="1341" HPOS="536"/>
							<String ID="string_396" HPOS="554" VPOS="1342" WIDTH="45" HEIGHT="19" WC="0.96" CONTENT="med"/><SP WIDTH="17" VPOS="1342" HPOS="599"/>
							<String ID="string_397" HPOS="616" VPOS="1341" WIDTH="47" HEIGHT="20" WC="0.96" CONTENT="dem"/><SP WIDTH="16" VPOS="1341" HPOS="663"/>
							<String ID="string_398" HPOS="679" VPOS="1341" WIDTH="33" HEIGHT="20" WC="0.96" CONTENT="vid"/><SP WIDTH="17" VPOS="1341" HPOS="712"/>
							<String ID="string_399" HPOS="729" VPOS="1341" WIDTH="131" HEIGHT="26" WC="0.93" CONTENT="Helsingfors"/><SP WIDTH="16" VPOS="1341" HPOS="860"/>
							<String ID="string_400" HPOS="876" VPOS="1341" WIDTH="166" HEIGHT="21" WC="0.73" CONTENT="rådstufvurätt?"/>
						</TextLine>
						<TextLine ID="line_42" HPOS="222" VPOS="1368" WIDTH="821" HEIGHT="27">
							<String ID="string_401" HPOS="222" VPOS="1369" WIDTH="40" HEIGHT="24" WC="0.96" CONTENT="Jag"/><SP WIDTH="23" VPOS="1369" HPOS="262"/>
							<String ID="string_402" HPOS="285" VPOS="1368" WIDTH="87" HEIGHT="26" WC="0.96" CONTENT="fruktar,"/><SP WIDTH="23" VPOS="1368" HPOS="372"/>
							<String ID="string_403" HPOS="395" VPOS="1370" WIDTH="32" HEIGHT="18" WC="0.96" CONTENT="att"/><SP WIDTH="19" VPOS="1370" HPOS="427"/>
							<String ID="string_404" HPOS="446" VPOS="1368" WIDTH="25" HEIGHT="21" WC="0.96" CONTENT="de"/><SP WIDTH="23" VPOS="1368" HPOS="471"/>
							<String ID="string_405" HPOS="494" VPOS="1369" WIDTH="5" HEIGHT="19" WC="0.95" CONTENT="i"/><SP WIDTH="17" VPOS="1369" HPOS="499"/>
							<String ID="string_406" HPOS="516" VPOS="1368" WIDTH="22" HEIGHT="21" WC="0.95" CONTENT="så"/><SP WIDTH="16" VPOS="1368" HPOS="538"/>
							<String ID="string_407" HPOS="554" VPOS="1368" WIDTH="35" HEIGHT="21" WC="0.96" CONTENT="fall"/><SP WIDTH="17" VPOS="1368" HPOS="589"/>
							<String ID="string_408" HPOS="606" VPOS="1368" WIDTH="67" HEIGHT="21" WC="0.96" CONTENT="skulle"/><SP WIDTH="16" VPOS="1368" HPOS="673"/>
							<String ID="string_409" HPOS="689" VPOS="1368" WIDTH="62" HEIGHT="21" WC="0.96" CONTENT="hafva"/><SP WIDTH="16" VPOS="1368" HPOS="751"/>
							<String ID="string_410" HPOS="767" VPOS="1369" WIDTH="74" HEIGHT="20" WC="0.96" CONTENT="hunnit"/><SP WIDTH="16" VPOS="1369" HPOS="841"/>
							<String ID="string_411" HPOS="857" VPOS="1369" WIDTH="73" HEIGHT="26" WC="0.95" CONTENT="längre"/><SP WIDTH="16" VPOS="1369" HPOS="930"/>
							<String ID="string_412" HPOS="946" VPOS="1371" WIDTH="25" HEIGHT="18" WC="0.95" CONTENT="än"/><SP WIDTH="18" VPOS="1371" HPOS="971"/>
							<String ID="string_413" HPOS="989" VPOS="1370" WIDTH="54" HEIGHT="20" WC="0.95" CONTENT="blott"/>
						</TextLine>
						<TextLine ID="line_43" HPOS="222" VPOS="1396" WIDTH="290" HEIGHT="27">
							<String ID="string_414" HPOS="222" VPOS="1396" WIDTH="31" HEIGHT="22" WC="0.95" CONTENT="till"/><SP WIDTH="17" VPOS="1396" HPOS="253"/>
							<String ID="string_415" HPOS="270" VPOS="1396" WIDTH="66" HEIGHT="27" WC="0.95" CONTENT="fylleri"/><SP WIDTH="17" VPOS="1396" HPOS="336"/>
							<String ID="string_416" HPOS="353" VPOS="1396" WIDTH="38" HEIGHT="21" WC="0.96" CONTENT="och"/><SP WIDTH="16" VPOS="1396" HPOS="391"/>
							<String ID="string_417" HPOS="407" VPOS="1396" WIDTH="105" HEIGHT="27" WC="0.95" CONTENT="slagsmål."/>
						</TextLine>
					</TextBlock>
					<TextBlock ID="block_5" HPOS="221" VPOS="1425" WIDTH="822" HEIGHT="114">
						<TextLine ID="line_44" HPOS="290" VPOS="1425" WIDTH="753" HEIGHT="28">
							<String ID="string_418" HPOS="290" VPOS="1425" WIDTH="55" HEIGHT="21" WC="0.95" CONTENT="Från"/><SP WIDTH="23" VPOS="1425" HPOS="345"/>
							<String ID="string_419" HPOS="368" VPOS="1426" WIDTH="116" HEIGHT="20" WC="0.95" CONTENT="utskottets"/><SP WIDTH="22" VPOS="1426" HPOS="484"/>
							<String ID="string_420" HPOS="506" VPOS="1426" WIDTH="45" HEIGHT="20" WC="0.96" CONTENT="sida"/><SP WIDTH="16" VPOS="1426" HPOS="551"/>
							<String ID="string_421" HPOS="567" VPOS="1425" WIDTH="37" HEIGHT="22" WC="0.96" CONTENT="har"/><SP WIDTH="16" VPOS="1425" HPOS="604"/>
							<String ID="string_422" HPOS="620" VPOS="1432" WIDTH="47" HEIGHT="15" WC="0.96" CONTENT="man"/><SP WIDTH="16" VPOS="1432" HPOS="667"/>
							<String ID="string_423" HPOS="683" VPOS="1426" WIDTH="47" HEIGHT="21" WC="0.96" CONTENT="med"/><SP WIDTH="16" VPOS="1426" HPOS="730"/>
							<String ID="string_424" HPOS="746" VPOS="1426" WIDTH="83" HEIGHT="27" WC="0.96" CONTENT="mycket"/><SP WIDTH="16" VPOS="1426" HPOS="829"/>
							<String ID="string_425" HPOS="845" VPOS="1426" WIDTH="39" HEIGHT="21" WC="0.96" CONTENT="lätt"/><SP WIDTH="15" VPOS="1426" HPOS="884"/>
							<String ID="string_426" HPOS="899" VPOS="1426" WIDTH="57" HEIGHT="21" WC="0.96" CONTENT="hand"/><SP WIDTH="15" VPOS="1426" HPOS="956"/>
							<String ID="string_427" HPOS="971" VPOS="1426" WIDTH="72" HEIGHT="22" WC="0.96" CONTENT="berört"/>
						</TextLine>
						<TextLine ID="line_45" HPOS="222" VPOS="1454" WIDTH="821" HEIGHT="26">
							<String ID="string_428" HPOS="222" VPOS="1454" WIDTH="174" HEIGHT="26" WC="0.90" CONTENT="grundlagssidan"/><SP WIDTH="24" VPOS="1454" HPOS="396"/>
							<String ID="string_429" HPOS="420" VPOS="1454" WIDTH="21" HEIGHT="21" WC="0.96" CONTENT="af"/><SP WIDTH="18" VPOS="1454" HPOS="441"/>
							<String ID="string_430" HPOS="459" VPOS="1454" WIDTH="71" HEIGHT="23" WC="0.96" CONTENT="saken,"/><SP WIDTH="16" VPOS="1454" HPOS="530"/>
							<String ID="string_431" HPOS="546" VPOS="1455" WIDTH="35" HEIGHT="20" WC="0.96" CONTENT="det"/><SP WIDTH="16" VPOS="1455" HPOS="581"/>
							<String ID="string_432" HPOS="597" VPOS="1457" WIDTH="23" HEIGHT="18" WC="0.97" CONTENT="är"/><SP WIDTH="16" VPOS="1457" HPOS="620"/>
							<String ID="string_433" HPOS="636" VPOS="1454" WIDTH="101" HEIGHT="21" WC="0.95" CONTENT="huruvida"/><SP WIDTH="16" VPOS="1454" HPOS="737"/>
							<String ID="string_434" HPOS="753" VPOS="1455" WIDTH="40" HEIGHT="20" WC="0.95" CONTENT="den"/><SP WIDTH="15" VPOS="1455" HPOS="793"/>
							<String ID="string_435" HPOS="808" VPOS="1454" WIDTH="166" HEIGHT="22" WC="0.93" CONTENT="administrativa"/><SP WIDTH="16" VPOS="1454" HPOS="974"/>
							<String ID="string_436" HPOS="990" VPOS="1456" WIDTH="53" HEIGHT="20" WC="0.92" CONTENT="kun-"/>
						</TextLine>
						<TextLine ID="line_46" HPOS="221" VPOS="1483" WIDTH="821" HEIGHT="28">
							<String ID="string_437" HPOS="221" VPOS="1483" WIDTH="98" HEIGHT="26" WC="0.91" CONTENT="görelsen"/><SP WIDTH="22" VPOS="1483" HPOS="319"/>
							<String ID="string_438" HPOS="341" VPOS="1483" WIDTH="31" HEIGHT="21" WC="0.96" CONTENT="till"/><SP WIDTH="19" VPOS="1483" HPOS="372"/>
							<String ID="string_439" HPOS="391" VPOS="1483" WIDTH="101" HEIGHT="26" WC="0.96" CONTENT="väsentlig"/><SP WIDTH="16" VPOS="1483" HPOS="492"/>
							<String ID="string_440" HPOS="508" VPOS="1484" WIDTH="33" HEIGHT="20" WC="0.96" CONTENT="del"/><SP WIDTH="17" VPOS="1484" HPOS="541"/>
							<String ID="string_441" HPOS="558" VPOS="1483" WIDTH="64" HEIGHT="22" WC="0.96" CONTENT="borde"/><SP WIDTH="16" VPOS="1483" HPOS="622"/>
							<String ID="string_442" HPOS="638" VPOS="1483" WIDTH="79" HEIGHT="21" WC="0.96" CONTENT="införas"/><SP WIDTH="14" VPOS="1483" HPOS="717"/>
							<String ID="string_443" HPOS="731" VPOS="1484" WIDTH="7" HEIGHT="21" WC="0.93" CONTENT="i"/><SP WIDTH="16" VPOS="1484" HPOS="738"/>
							<String ID="string_444" HPOS="754" VPOS="1483" WIDTH="153" HEIGHT="28" WC="0.91" CONTENT="Ständerlagen"/><SP WIDTH="17" VPOS="1483" HPOS="907"/>
							<String ID="string_445" HPOS="924" VPOS="1484" WIDTH="50" HEIGHT="21" WC="0.95" CONTENT="eller"/><SP WIDTH="15" VPOS="1484" HPOS="974"/>
							<String ID="string_446" HPOS="989" VPOS="1485" WIDTH="53" HEIGHT="20" WC="0.96" CONTENT="icke."/>
						</TextLine>
						<TextLine ID="line_47" HPOS="222" VPOS="1511" WIDTH="821" HEIGHT="28">
							<String ID="string_447" HPOS="222" VPOS="1512" WIDTH="49" HEIGHT="21" WC="0.96" CONTENT="Man"/><SP WIDTH="23" VPOS="1512" HPOS="271"/>
							<String ID="string_448" HPOS="294" VPOS="1512" WIDTH="39" HEIGHT="21" WC="0.96" CONTENT="har"/><SP WIDTH="22" VPOS="1512" HPOS="333"/>
							<String ID="string_449" HPOS="355" VPOS="1511" WIDTH="54" HEIGHT="22" WC="0.93" CONTENT="dock"/><SP WIDTH="22" VPOS="1511" HPOS="409"/>
							<String ID="string_450" HPOS="431" VPOS="1512" WIDTH="113" HEIGHT="27" WC="0.61" CONTENT="mwmedgifvit,"/><SP WIDTH="19" VPOS="1512" HPOS="544"/>
							<String ID="string_451" HPOS="563" VPOS="1515" WIDTH="31" HEIGHT="18" WC="0.96" CONTENT="att"/><SP WIDTH="16" VPOS="1515" HPOS="594"/>
							<String ID="string_452" HPOS="610" VPOS="1518" WIDTH="26" HEIGHT="15" WC="0.96" CONTENT="en"/><SP WIDTH="15" VPOS="1518" HPOS="636"/>
							<String ID="string_453" HPOS="651" VPOS="1512" WIDTH="99" HEIGHT="27" WC="0.96" CONTENT="paragraf"/><SP WIDTH="15" VPOS="1512" HPOS="750"/>
							<String ID="string_454" HPOS="765" VPOS="1512" WIDTH="67" HEIGHT="22" WC="0.96" CONTENT="skulle"/><SP WIDTH="16" VPOS="1512" HPOS="832"/>
							<String ID="string_455" HPOS="848" VPOS="1512" WIDTH="44" HEIGHT="22" WC="0.96" CONTENT="från"/><SP WIDTH="16" VPOS="1512" HPOS="892"/>
							<String ID="string_456" HPOS="908" VPOS="1513" WIDTH="66" HEIGHT="26" WC="0.93" CONTENT="sagda"/><SP WIDTH="16" VPOS="1513" HPOS="974"/>
							<String ID="string_457" HPOS="990" VPOS="1513" WIDTH="53" HEIGHT="21" WC="0.90" CONTENT="kun-"/>
						</TextLine>
					</TextBlock>
				</ComposedBlock>
			</PrintSpace>
		</Page>
	</Layout>
</alto>
