1120 1803
272 130 177 21 Borgareståndet
462 132 56 17 1882.
544 132 23 17 15
579 136 62 13 mars.
838 127 42 21 509

61 199 34 21 till
111 199 99 22 säkerhet
225 200 33 21 för
273 200 153 27 återbetalning
442 201 22 21 af
478 201 33 21 lån
528 200 27 28 på
570 200 85 23 kortare
671 201 30 21 tid
717 214 27 3 —
760 201 37 22 der
812 203 68 21 större

61 228 99 22 afseende
180 229 64 21 fästes
260 230 35 21 vid
310 230 162 25 inventarierna,
489 243 26 2 —
531 230 32 21 för
579 230 75 27 åtagen
671 230 208 26 arbetsförbindelse,

61 257 52 22 eller
128 258 22 21 åt
164 264 107 21 personer,
293 258 69 22 hvilka
385 261 44 19 mot
450 259 78 25 borgen
551 258 70 27 hjelpa
644 259 75 21 honom
737 266 26 14 m.
780 266 26 14 m.
838 260 42 26 Jag

61 292 62 15 anser
139 287 76 26 derför,
232 289 32 19 att
279 287 35 21 det
329 294 49 14 vore
394 289 30 19 ett
437 288 99 20 oerhördt
552 287 94 26 baksteg,
662 294 33 14 om
712 289 69 20 denna
797 288 81 21 författ-

61 315 51 26 ning
133 315 68 21 skulle
222 318 95 24 antagas.
348 316 32 20 Då
395 316 117 21 emellertid
535 316 103 21 utskottet
653 316 39 20 har
707 316 55 21 varit
777 316 103 27 enhälligt

61 350 35 14 om
118 343 36 22 sitt
177 344 69 21 beslut
269 344 39 21 och
330 345 40 23 det,
387 344 68 21 såsom
478 345 39 20 den
540 344 126 27 föregående
684 346 81 19 talaren
782 346 97 24 nämnde,

61 372 62 21 torde
145 372 99 22 behöfvas
260 379 25 14 en
301 373 135 26 grundligare
459 373 115 26 beredning
589 373 22 21 af
627 373 92 26 ärendet,
736 375 26 19 än
776 379 28 15 nu
823 373 57 22 med-

62 401 81 26 hinnes,
159 401 67 22 skulle
241 401 19 26 ej
275 401 67 22 heller
360 402 36 27 jag
417 402 53 27 yrka
487 403 27 25 på
530 403 68 25 någon
621 401 170 27 omformulering
808 402 22 21 af
843 403 38 20 be-

61 430 123 24 tänkandet,
200 432 51 19 utan
267 430 44 21 helt
327 431 70 20 enkelt
413 430 55 27 vilja,
485 433 31 18 att
531 430 135 27 lagförslaget
683 431 114 21 förkastas.

131 488 55 21 Herr
202 487 144 21 Grönvik:
366 487 149 28 Lagutskottet
529 487 39 22 har
583 487 6 21 i
606 487 37 22 sitt
659 487 134 22 betänkande
808 488 72 21 anfört

61 516 27 21 de
103 516 139 27 stadganden,
258 517 71 20 hvilka
344 516 32 21 för
392 517 130 20 närvarande
538 517 55 26 gälla
609 517 130 20 beträffande
755 517 78 26 förlags
848 517 32 20 in-

61 545 105 27 teckning.
199 545 37 20 Att
259 545 72 21 dervid
354 545 62 27 något
440 545 69 20 blifvit
524 545 136 26 bortglömdt,
676 545 38 21 har
730 545 46 21 icke
791 552 37 15 ens
843 546 38 26 på-

61 575 72 20 stätts.
163 573 83 21 Jemväl
261 576 24 18 är
299 574 24 20 af
336 573 50 22 herr
401 573 111 22 Lindholm
527 573 119 26 medgifvet,
662 576 33 18 att
707 573 69 27 någon
788 574 92 27 tillämp-

62 603 50 25 ning
127 602 24 21 af
164 602 61 20 dessa
240 602 87 26 lagrum,
344 602 31 21 till
391 602 98 22 säkerhet
505 602 31 21 för
551 602 78 21 sådana
645 602 120 27 förlagslån,
777 608 44 16 som
833 602 48 21 med

60 630 146 27 stadgandena
230 631 61 25 afses,
313 636 87 16 numera
416 631 6 20 i
437 630 73 27 sjelfva
533 631 72 20 verket
627 630 45 22 icke
696 637 49 20 eger
764 637 52 15 rum.
847 630 34 22 Då

57 659 39 27 jag
111 660 32 20 för
159 658 41 21 min
217 658 34 22 del
267 659 67 21 håller
349 658 50 27 före,
416 661 31 19 att
463 665 24 14 en
504 659 168 27 lagtillämpning
683 660 92 20 hvarken
788 660 31 20 får
831 666 50 14 vara

61 688 82 25 liberal,
157 687 51 21 eller
233 690 122 23 motsatsen,
379 690 50 19 enär
452 687 35 21 det
508 688 33 21 vid
565 687 168 27 lagtillämpning
758 688 65 26 gäller
848 690 33 18 att

60 716 65 27 skilja
147 716 89 21 emellan
259 716 42 21 lika
323 716 143 27 berättigades
488 716 97 27 anspråk,
601 719 45 18 tror
664 717 43 26 jag,
723 718 31 19 att
778 716 21 21 af
819 716 62 21 dessa

62 746 113 25 premisser
197 745 77 26 tydligt
295 745 66 26 följer,
384 747 31 19 att
435 745 35 20 det
492 745 60 23 bruk,
567 751 45 14 som
633 745 121 26 isynnerhet
768 745 28 27 på
812 746 68 20 denna

61 776 36 19 ort
112 774 55 21 lärer
183 773 103 22 etablerat
302 774 36 26 sig,
356 774 66 21 måste
439 773 112 22 betecknas
567 773 68 22 såsom
651 776 31 19 ett
694 773 110 22 missbruk.
831 773 48 26 Det,

62 809 45 15 som
129 803 49 20 herr
198 802 112 21 Lindholm
333 805 47 24 sagt
395 809 51 14 vara
461 804 23 19 så
499 802 132 27 oförklarligt
646 805 32 18 att
693 803 41 20 han
751 803 58 21 deraf
824 802 56 21 velat

64 832 65 26 draga
152 831 114 21 slutsatsen
287 834 32 18 att
335 832 35 21 det
385 837 50 15 vore
451 831 94 27 omöjligt
563 843 21 3 —
603 831 51 21 eller
670 833 32 19 att
718 831 163 27 magistraterna

63 860 36 21 vid
115 860 168 27 lagtillämpning
298 861 6 20 i
320 861 57 20 detta
394 860 35 21 fall
446 860 82 21 förfarit
544 861 62 25 orätt,
623 863 53 18 samt
689 860 191 27 penningegifvare,

63 889 29 21 då
108 889 25 21 de
149 889 79 21 lemnat
252 889 33 20 lån
300 890 28 25 på
344 896 24 14 en
385 889 64 21 sådan
471 889 98 21 säkerhet
591 888 48 21 herr
661 889 112 21 Lindholm
793 888 88 22 omtalat

62 918 49 21 icke
131 920 42 19 sett
189 918 32 21 för
237 918 37 26 sig,
297 918 39 21 har
356 917 82 22 således
460 918 99 21 inträffat.
591 918 40 20 Det
648 917 37 22 har
700 917 57 21 förut
773 917 66 21 händt
854 929 27 3 —

61 947 42 21 och
119 946 79 21 händer
214 946 32 21 väl
263 947 59 20 äfven
338 946 111 21 framdeles
466 959 14 2 —
493 949 32 18 att
541 946 52 21 både
610 946 95 21 enskilda
721 947 38 20 och
776 946 106 21 allmänna

65 975 174 22 kreditanstalter
254 975 6 20 i
275 975 75 22 sådant
372 975 96 21 afseende
491 975 45 21 icke
557 975 60 21 alltid
633 975 54 20 varit
702 974 123 26 tillräckligt
840 974 42 21 för-

64 1005 83 26 sigtiga.
164 1004 26 15 —
207 1004 40 25 Jag
269 1004 67 21 skulle
359 1003 70 22 derför
445 1004 33 21 för
493 1005 41 19 min
556 1003 32 22 del
605 1003 49 26 vilja
670 1007 44 17 mot
730 1004 72 20 herrar
818 1003 64 22 Lind-

65 1033 58 21 holm
145 1033 38 21 och
205 1033 139 26 Heimberger
367 1033 83 23 betona,
468 1035 30 18 att
521 1032 149 27 lagutskottets
686 1032 134 21 betänkande
836 1033 46 20 icke

65 1061 115 21 innefattar
195 1061 64 26 något
275 1061 170 26 tillbakagående
461 1061 46 21 från
523 1061 53 21 hvad
593 1061 74 20 hittills
683 1063 23 19 är
722 1060 108 27 stadgadt;
847 1061 36 21 det

65 1089 142 27 undanrödjer
223 1095 25 15 en
264 1089 136 27 lagstiftning,
416 1096 44 15 som
476 1095 87 15 numera
579 1089 45 21 icke
640 1089 38 20 har
687 1089 139 26 tillämpning,
836 1095 48 15 men

65 1118 57 21 inför
137 1119 6 20 i
160 1118 70 21 stället
252 1120 30 19 ett
305 1121 48 22 sätt,
371 1118 134 27 hvarigenom
527 1117 168 22 fabriksidkaren
719 1118 32 21 för
767 1117 31 21 sin
814 1117 71 22 kredit

67 1147 42 20 kan
132 1147 96 21 använda
251 1148 112 25 maskiner,
380 1147 89 26 redskap
486 1153 25 14 m.
528 1153 26 14 m.
586 1147 60 20 Hvad
661 1147 45 20 åter
723 1147 64 26 angår
803 1147 35 20 det
854 1147 31 20 lö-

68 1175 69 27 pande
159 1175 66 26 lagret
249 1181 63 21 egnar
335 1176 36 20 det
386 1177 31 25 sig
433 1175 27 27 på
475 1177 67 24 grund
558 1176 22 20 af
594 1175 31 21 sin
641 1178 62 18 natur
719 1175 70 21 bättre
805 1175 32 21 till
853 1177 32 19 att

69 1205 106 20 användas
190 1204 69 21 såsom
275 1204 113 27 hypothek,
404 1205 68 20 såsom
488 1204 131 26 handfången
636 1206 50 24 pant
702 1204 6 21 i
725 1204 46 20 dess
782 1203 104 26 juridiska

69 1233 91 26 mening,
176 1232 38 21 och
230 1233 39 20 bar
284 1233 35 21 det
335 1232 77 27 derför,
428 1233 33 20 till
483 1233 133 20 undvikande
631 1232 23 21 af
668 1233 27 20 all
711 1231 105 27 kollision,
833 1232 53 21 både

69 1261 6 20 i
91 1261 158 26 propositionen
266 1262 38 20 och
320 1261 149 27 lagutskottets
486 1261 133 22 betänkande
637 1261 108 21 uteslutits
760 1260 46 21 från
824 1260 62 27 hvad,

68 1295 47 16 som
129 1290 31 21 uti
176 1289 148 27 inteckningen
339 1290 119 21 innefattas.

139 1319 41 26 Jag
202 1318 38 21 ber
263 1321 30 18 att
309 1319 5 20 i
330 1319 151 25 sammanhang
503 1318 85 21 härmed
611 1317 20 22 få
655 1318 88 24 anmäla,
761 1318 35 21 det
811 1321 76 18 tvenne

69 1347 89 27 tryckfel
174 1347 99 27 insmugit
281 1348 32 26 sig
323 1347 7 21 i
340 1348 8 19 1
360 1347 18 27 &,
394 1348 6 20 i
416 1347 36 21 det
467 1349 31 19 att
514 1347 60 21 ordet
589 1347 67 26 ,,och'
672 1347 95 21 skrifvits
783 1347 47 21 med
846 1347 41 26 ,,h"

70 1377 27 25 pä
113 1375 73 28 sjunde
202 1376 39 21 och
257 1377 46 20 med
320 1376 41 25 ,,k'"
376 1376 27 27 pä
418 1376 76 21 nionde
515 1377 64 20 raden
595 1376 6 20 i
617 1375 71 21 stället
704 1375 32 21 för
751 1378 32 19 att
799 1376 35 21 det
850 1375 39 20 bör

71 1410 50 15 vara
137 1406 97 19 tvärtom.

141 1460 54 20 Herr
216 1460 125 26 Nysten:
368 1460 73 20 Säsom
464 1460 89 20 medlem
569 1459 22 20 af
604 1459 145 26 lagutskottet,
765 1460 37 20 ber
825 1460 64 20 ocksä

69 1489 37 27 jag
121 1490 32 19 att
168 1488 47 21 med
231 1488 65 26 några
312 1488 38 21 ord
365 1488 21 21 få
401 1488 83 21 bemöta
500 1488 25 20 de
541 1488 168 26 anmärkningar,
725 1494 45 14 som
787 1487 22 21 af
816 1487 74 21 herrar

73 1516 111 23 Lindholm
200 1516 38 22 och
255 1516 139 26 Heimberger
409 1516 65 28 gjorts
491 1518 43 20 mot
549 1516 141 27 lagförslaget.
714 1516 41 28 Jag
769 1516 33 22 fär
818 1516 72 22 dervid

72 1546 76 21 främst
170 1546 84 27 päpeka
277 1546 36 21 det
335 1546 87 25 faktum,
438 1547 32 19 att
491 1546 79 20 sädana
588 1542 137 29 förlagsaftal,
741 1552 45 14 som
802 1552 28 14 nu
845 1546 45 26 gäl-
