1123 1814
222 130 38 19 110
429 135 176 20 Borgareständet
618 135 57 16 1882.
699 136 13 14 4
724 134 96 16 februari.

219 202 171 26 tarepersonalen
405 202 80 26 uppgär
500 202 33 20 för
548 202 129 21 närvarande
693 202 32 21 till
742 203 40 20 300
798 208 106 20 personer,
920 208 48 15 men
978 202 57 20 kom-

219 236 44 15 mer
279 230 52 21 efter
346 230 177 27 pappersbrukets
539 230 129 26 uppförande
684 232 32 18 att
731 230 51 20 ökas
798 230 31 21 till
845 231 41 20 600
896 236 106 21 personer.

288 259 20 26 3)
339 258 104 21 Heikkilä
467 259 90 27 dngsäg.
587 259 74 20 Denna
681 258 79 27 ängsäg
775 258 38 22 har
829 258 65 22 under
909 265 27 15 en
951 258 50 27 följd
1017 259 22 21 af

219 287 24 21 är
258 287 52 21 stätt
326 287 129 27 obegagnad,
470 287 66 21 ehuru
552 287 40 21 alla
608 288 47 20 dess
671 287 120 27 byggnader
806 287 39 21 och
862 287 105 21 maskiner
977 290 60 18 ännu

218 318 38 19 äro
279 316 126 25 bibehällna,
427 316 39 21 och
487 316 60 21 torde
571 316 120 21 densamma
712 316 68 21 under
798 316 68 21 denna
882 316 67 21 vinter
964 316 32 22 för
1012 323 25 15 en

220 344 85 22 kortare
320 345 30 21 tid
366 344 83 22 komma
465 348 30 18 att
511 347 65 19 sättas
592 345 5 21 i
613 344 59 28 gäng.

288 374 33 21 De
343 374 90 20 nämnda
456 373 166 27 inrättningarna
645 374 83 20 komma
750 374 68 26 alltsä,
839 374 63 20 sedan
928 374 25 20 de
969 374 69 21 blifvit

219 402 133 21 fullbordade
375 404 31 19 att
427 402 93 21 leverera
543 402 31 21 till
594 402 113 27 jernvägen
731 402 63 21 minst
816 402 90 26 500,000
928 402 39 22 £%
987 402 51 22 eller

222 432 89 24 100,000
327 433 85 19 centner
427 431 57 26 gods.

288 460 10 20 I
313 460 115 26 Kymmene
451 460 63 20 elfdal
531 459 67 21 finnas
614 460 105 20 dessutom
736 462 76 18 tvenne
828 459 142 27 ölbryggerier
986 462 30 19 ett
1031 460 7 20 i

220 488 101 21 närheten
342 488 23 20 af
384 488 115 27 Kymmene
523 488 184 27 jernvägsstation,
724 491 30 18 ett
770 491 65 18 annat
850 488 56 21 invid
922 488 116 27 Kymmene

219 516 98 27 fästning.

287 545 10 21 I
315 545 72 20 Kotka
410 545 46 21 stad
477 545 38 21 och
537 545 47 21 dess
599 547 105 20 närmaste
720 546 84 25 omnejd
820 545 65 22 finnas
901 545 91 27 följande
1008 546 30 21 in-

219 573 111 22 dustriella
344 574 149 27 inrättningar:
513 576 10 19 7
535 574 104 27 ängsägar
650 573 92 28 (hvarför
753 576 58 19 utom
823 581 25 14 en
859 575 12 19 6
882 575 67 26 ramig
960 575 79 26 ängsäg

218 604 26 19 är
260 603 66 20 under
341 602 112 27 byggnad),
471 604 8 19 1
497 603 102 26 glasbruk
616 603 41 26 (för
673 603 129 21 närvarande
818 603 66 21 under
900 603 109 26 konkurs),
1027 605 9 19 1

219 631 127 27 ölbryggeri,
371 633 9 19 1
405 631 109 21 mekanisk
536 631 99 21 verkstad
653 631 12 21 &
684 638 25 14 en
725 631 23 21 af
761 631 89 27 sägarne
874 635 54 18 samt
951 638 25 15 en
1000 632 38 27 slip

216 660 67 26 jemte
299 659 125 22 tillhörande
440 660 80 21 mindre
537 660 104 21 verkstad.

289 689 45 20 Den
358 688 171 21 mantalsskrifna
551 688 158 27 befolkningens
732 689 76 26 mängd
832 689 81 27 uppgär
928 689 33 20 till
979 689 59 26 1,057

220 723 107 20 personer,
352 717 39 21 den
413 717 145 27 kyrkskrifnas
574 717 32 21 till
623 718 61 23 1,120
700 723 105 20 personer.
837 717 66 22 Dessa
919 717 69 22 siffror
1003 724 34 15 an-

220 745 55 26 gifva
290 746 54 21 dock
357 746 17 27 ej
391 745 26 27 pä
433 746 58 25 längt
507 747 38 20 när
560 745 39 22 den
616 746 92 26 verkliga
724 745 211 27 folkmängdssiffran.
967 741 18 26 Ä
1001 753 38 15 ena

220 774 61 21 sidan
302 774 67 21 finnas
384 774 103 26 nemligen
503 775 12 20 &
530 774 42 21 alla
587 774 68 27 sågar,
670 777 58 18 utom
744 781 26 14 en
786 775 75 26 mängd
878 775 112 21 utländska
1005 781 35 15 ar-

221 802 79 28 betare,
315 809 24 14 en
355 803 80 26 ganska
451 803 61 21 talrik
529 803 75 25 bofast,
620 803 66 21 ehuru
702 803 34 27 eji
748 803 70 22 Kotka
834 803 112 21 inskrifven
958 803 82 22 befolk-

221 831 59 26 ning;
303 832 12 20 å
331 831 66 21 andra
415 831 59 22 sidan
490 832 46 21 åter
552 833 36 20 äro
604 831 50 22 flere
669 831 22 21 af
705 832 25 21 de
745 832 7 21 i
768 831 110 28 omnejden
894 831 98 28 liggande
1007 832 33 21 sä-

221 866 63 19 garne
301 860 67 21 ehuru
383 859 88 27 belägna
487 862 58 19 utom
560 860 85 21 stadens
661 861 92 25 omräde,
770 862 31 19 att
810 860 100 21 hänföras
921 861 32 20 till
964 861 74 20 denna.

221 888 150 21 Förhällandet
387 890 84 19 utrönes
487 895 74 20 genom
578 889 91 26 följande

330 945 74 21 Tabell
419 945 57 21 öfver
492 945 147 27 befolkningen
654 946 12 21 &
682 946 88 26 sägarna
786 946 57 21 invid
858 946 78 21 Kotka.

711 998 2 27 |
840 1003 72 33 Bofasta
934 994 100 48 oeelknin"

711 1026 2 22 |
725 1032 83 17 Mantals-
817 1021 8 44 |
828 1026 147 35 befolknin-8915
1016 1025 18 13 59

711 1053 2 12 |
734 1055 66 17 skrifna
824 1060 42 18 |gens
878 1054 48 18 antal
947 1045 47 43 tid
1004 1049 30 35 vid

711 1080 2 25 i
727 1078 5 16 I
749 1078 57 17 Kotka
814 1074 13 35 |
850 1078 53 22 enligt
933 1068 91 48 tskopp-

711 1123 2 11 i
840 1101 72 22 räkning
952 1113 63 21 ningen

244 1153 89 36 Kivisilta
343 1153 71 36 Ångsåg
423 1153 15 36 o
465 1176 2 9 <
495 1177 1 3 <
525 1153 28 36 so.
621 1169 92 16 01
761 1164 21 17 45
869 1156 34 35 200
978 1164 34 18 300

244 1185 28 17 W.
286 1185 70 23 Gutzeit
365 1168 12 35 €
393 1185 28 18 Go
432 1186 70 22 Ångsåg
522 1200 3 3 .
551 1200 3 3 .
636 1200 61 4 L.
711 1186 2 40 |
751 1187 32 17 165
870 1187 33 18 569
962 1187 50 22 1,000

244 1208 86 18 Hietanen
342 1208 71 22 Ängsäg
436 1222 3 3 .
465 1222 3 3 .
493 1221 4 3 <
522 1222 32 4 ss
608 1222 3 4 ss
636 1222 4 4 so
665 1223 32 3 vc
751 1205 33 31 168
869 1210 32 18 401
978 1210 34 18 800

244 1230 103 19 Hovinsaari
363 1232 26 16 d:o
436 1245 2 2 8
465 1245 31 3 yms
521 1245 4 3 a
550 1245 32 4 NOV
608 1246 3 3 RH
636 1246 4 3 8
664 1246 4 4 =
693 1238 20 13 |
762 1233 21 17 76
870 1232 33 19 230
978 1233 34 18 400

240 1249 56 31 Halla
362 1254 26 17 d:0
435 1268 233 4 kone.
708 1259 5 24 |
723 1255 88 28 (Mantals-
869 1256 34 18 310
978 1256 34 18 460

244 1276 98 22 Kymmene
362 1277 26 17 d:o
435 1290 204 5 eo.
664 1292 32 3 LL
711 1278 100 22 j]skrifnai
865 1274 42 31 400
978 1278 34 18 600

243 1299 79 18 Karhula
346 1294 10 34 =
362 1300 26 18 d0
435 1314 32 6 cos
493 1314 32 4 sco
550 1314 32 4 so.
608 1314 31 4 «2
664 1315 4 3 >
693 1315 4 3 .
715 1303 1 19 |
727 1301 84 22 Kymme-
870 1302 32 17 137
928 1297 2 15 |
956 1293 15 35 —
978 1302 34 18 300

244 1322 98 22 Kymmene
356 1323 140 23 Flötningsbolag
522 1338 3 2 .
550 1338 4 4 .
580 1338 2 2 .
607 1337 4 4 .
636 1338 3 2 .
664 1337 4 4 .
694 1338 2 3 .
711 1324 105 21 iÄnesocken
880 1325 23 17 50
979 1325 33 18 100

625 1364 61 16 Summa
697 1354 16 32 |
750 1365 33 16 454
852 1364 50 20 2,297
961 1361 51 31 3,960

290 1402 67 20 Häraf
377 1402 92 27 framgär
491 1405 32 18 att
545 1402 39 21 den
608 1402 82 21 bofasta
712 1403 159 26 befolkningens
892 1404 57 21 antal
966 1405 74 20 endast

222 1430 46 21 med
284 1430 98 22 afseende
398 1430 11 21 å
425 1431 90 26 sägarna
530 1431 38 21 bör
584 1431 51 22 ökas
651 1431 47 22 med
716 1432 60 26 1,843
791 1438 108 21 personer,
909 1432 39 22 och
959 1433 81 27 uppgår

222 1459 122 22 densamma
365 1459 62 22 alltsä
451 1460 32 21 till
509 1460 62 21 minst
593 1461 63 26 2,900
681 1467 105 20 personer.
820 1461 220 28 Befolknings-siffran

220 1487 68 22 under
302 1495 92 15 sommar
410 1489 37 21 bör
463 1489 60 27 höjas
539 1489 48 22 med
600 1489 124 28 ytterligare
737 1491 59 24 1,663
813 1496 100 21 personer
924 1491 40 21 och
974 1491 66 22 borde

222 1517 46 21 med
284 1517 98 22 afseende
398 1517 51 22 härä
465 1518 125 27 uppskattas
605 1517 31 22 till
652 1519 63 20 minst
730 1519 62 25 4,563
808 1525 107 21 personer.
