1120 1792
283 132 177 22 Borgareståndet
472 134 56 17 1882.
541 134 26 16 24
579 133 95 18 februari.
854 128 40 21 321

74 203 128 21 bestämmes
217 203 24 21 så
256 202 58 28 högt,
330 204 31 20 att
376 209 48 14 man
440 203 6 20 i
464 203 24 21 de
504 202 81 22 mindre
601 202 152 22 kommunerna
767 202 46 22 icke
828 202 67 22 vore
882 198 16 36 i

74 231 83 21 tillfälle
176 233 32 19 att
223 233 118 25 noggrannt
356 231 85 26 afpassa
456 231 169 27 skattebeloppet
640 230 56 22 efter
711 232 26 20 de
755 231 57 21 olika
828 231 67 21 stads-

74 259 153 22 innevånarnes
243 260 121 25 inkomster,
381 259 12 22 å
409 260 67 21 andra
490 260 59 21 sidan
565 260 46 21 åter
626 259 46 21 icke
688 260 22 20 så
721 259 44 27 lågt
776 261 31 20 att
818 265 78 20 garan-

74 288 31 21 tin
120 289 33 20 för
168 288 123 21 utöfvandet
307 287 21 22 af
344 288 39 21 den
399 288 100 26 politiska
515 288 38 21 och
569 287 135 22 kommunala
714 289 116 20 rösträtten
841 288 54 21 deri-

73 323 76 20 genom
166 316 68 21 skulle
249 317 28 26 på
292 317 64 26 något
370 318 44 19 sätt
429 316 127 27 äfventyras.
572 317 41 26 Jag
629 316 53 21 hade
694 316 61 21 äfven
767 317 61 20 tänkt
838 318 58 25 yttra

73 345 44 26 mig
140 345 5 20 i
167 344 98 22 afseende
287 345 12 20 å
315 345 35 20 det
366 344 78 27 förslag
461 345 31 20 till
507 344 161 27 skattelindring
684 344 32 21 för
732 351 101 20 personer
848 344 48 21 med

75 373 46 21 små
141 373 122 24 inkomster,
286 373 80 21 hvilket
385 373 60 26 ingår
460 373 6 20 i
482 373 39 20 den
538 373 111 26 kejserliga
664 373 164 26 propositionen,
848 379 48 14 men

75 402 27 21 då
121 401 69 22 denna
206 401 60 27 fråga
282 401 64 22 redan
362 401 22 22 af
398 407 24 16 en
439 401 89 27 tidigare
545 402 66 21 talare
628 401 68 22 blifvit
711 401 84 26 berörd,
811 401 35 22 vill
859 401 37 26 jag

75 430 82 27 förbigä
173 430 127 21 densamma.
328 431 101 20 Deremot
447 430 41 21 kan
501 431 36 26 jag
552 430 45 21 icke
613 430 112 21 underlåta
741 432 31 19 att
787 430 67 21 uttala
870 435 25 16 en

74 459 52 21 liten
145 465 92 21 gensaga
252 461 45 19 mot
313 461 30 18 ett
358 458 28 27 af,
400 459 36 26 jag
451 459 34 21 vill
499 459 86 27 minnas,
595 458 26 22 hr
632 458 82 27 Hoving
726 458 118 22 framstäldt
854 458 42 21 för-

75 488 45 26 slag
137 488 78 25 derom,
232 489 32 20 att
279 487 34 22 vid
328 487 152 28 uppskattning
491 487 22 22 af
522 487 174 27 fastighetsvärde
708 488 5 21 i
725 488 47 21 stad
783 487 113 22 intecknad

74 516 63 22 skuld
153 516 68 21 skulle
236 516 21 21 få
273 516 104 26 afdragas.
403 516 38 21 Att
456 517 35 20 vid
506 523 26 15 en
547 516 113 27 bevillning
676 516 32 21 till
724 518 69 20 staten
808 516 88 27 afdraga

75 545 127 21 intecknade
218 545 85 22 skulder
318 545 40 21 kan
374 547 56 19 ännu
444 545 62 21 hafva
521 545 45 22 skäl
581 545 33 21 för
629 545 36 26 sig,
681 547 21 24 ty
718 547 70 19 staten
801 545 95 21 kommer

75 575 27 26 på
117 575 65 20 annat
198 575 43 20 sätt
257 574 22 21 åt
294 575 39 20 den
349 574 109 26 egendom,
475 580 43 15 som
535 573 89 22 sålunda
638 574 148 27 undandrages
801 573 95 22 beskatt-

75 603 56 26 ning.
161 602 49 21 Men
234 603 59 20 detta
317 604 23 19 är
363 601 33 22 till
411 604 45 19 stor
471 603 33 20 del
520 603 46 20 icke
581 602 59 21 fallet
660 603 1 20 i
677 602 158 21 kommunerna.
864 602 32 21 De

76 631 42 26 lån,
135 631 32 21 för
182 631 72 21 hvilka
268 631 121 26 inteckning
404 633 24 18 är
443 631 91 28 beviljad
549 631 6 21 i
571 631 165 26 stadsfastighet,
753 632 36 20 äro
800 631 96 21 lemnade

76 661 45 20 dels
137 659 22 22 af
172 666 108 20 personer,
297 666 44 15 som
357 660 33 21 stå
405 661 58 19 utom
479 660 134 25 kommunen,
630 660 44 21 dels
685 659 39 21 och
736 660 58 21 detta
807 659 33 21 till
851 661 45 20 stor

76 689 41 24 del,
133 688 24 21 af
170 688 107 21 allmänna
293 689 74 20 kassor
382 688 39 21 och
437 687 108 28 offentliga
560 689 147 25 inrättningar,
718 687 72 22 hvilka
800 689 96 21 kommu-

76 723 41 15 nen
133 717 45 21 icke
194 716 68 22 skulle
278 717 70 21 kunna
364 717 104 21 beskatta.
491 718 32 20 En
539 719 44 19 stor
599 716 34 22 del
648 717 22 20 af
684 717 26 21 de
723 719 54 19 mest
787 717 109 22 skattbara

76 745 87 22 föremål
185 747 100 20 städerna
308 752 44 19 ega,
376 746 62 21 deras
461 746 129 26 fastigheter,
609 745 67 22 skulle
694 745 89 22 sålunda
797 745 44 22 helt
857 746 39 21 och

76 775 66 21 hållet
159 774 86 22 komma
261 777 31 18 att
307 775 148 26 undandragas
470 775 121 21 kommunal
607 774 142 27 beskattning,
765 774 38 22 och
819 775 77 21 sådant

76 804 61 21 torde
154 803 46 21 icke
214 803 56 27 ligga
288 803 3 21 i
307 804 162 21 kommunernas
484 804 93 22 intresse.

145 832 61 22 Hvad
222 833 98 26 slutligen
336 832 101 22 beträffar
452 833 100 21 remissen
569 832 22 22 af
605 832 67 22 denna
687 832 130 27 proposition
829 832 68 21 skulle

75 862 43 26 jag,
142 861 100 22 särskildt
265 862 48 20 med
327 862 99 20 afseende
442 862 12 20 å
470 862 39 20 den
525 862 49 26 vigt,
591 867 44 15 som
651 861 65 27 ligger
731 861 28 27 pä
775 862 12 26 8
802 862 26 20 54
845 861 51 25 deri,

78 890 84 23 föreslå,
178 892 32 20 att
226 890 122 21 densamma
363 890 67 21 blefve
446 890 123 22 remitterad
585 890 31 21 till
633 892 151 19 sammansatta
799 890 43 26 lag-
858 889 38 21 och

76 918 222 22 ekonomieutskottet.

146 976 56 22 Herr
224 976 160 27 Federley:
407 976 10 20 I
439 975 67 21 likhet
523 976 48 20 med
587 975 24 21 hr
627 976 81 20 Kurtén
724 976 63 26 hyser
798 975 37 27 jag
850 975 46 21 tvif-

78 1004 92 26 velsmål,
187 1004 105 22 huruvida
307 1005 35 21 det
358 1004 34 22 må
408 1010 50 15 vara
474 1004 94 27 lämpligt
583 1006 32 19 att
630 1004 41 21 låta
684 1004 24 21 de
719 1004 135 21 kommunala
865 1005 32 19 ut-

78 1034 113 26 skylderna
214 1034 51 20 bero
287 1034 56 26 uppå
364 1033 40 21 den
422 1033 32 21 för
468 1033 153 27 bevillningens
636 1033 126 27 erläggande
777 1032 121 22 verkstälda

78 1062 128 27 taxeringen.
237 1062 32 21 Hr
289 1062 82 21 Kurtén
394 1062 38 21 har
454 1062 66 21 redan
535 1062 58 20 klart
608 1061 39 22 och
662 1061 106 27 vidlyftigt
783 1060 115 22 framhållit

79 1091 26 21 de
121 1091 53 26 skäl,
190 1097 45 15 som
251 1090 44 22 tala
306 1091 99 21 deremot.
428 1090 40 27 Jag
478 1090 101 22 behöfver
590 1090 81 22 således
682 1090 46 21 icke
739 1096 93 21 upprepa
843 1090 55 24 dem,

79 1126 48 15 men
149 1120 68 21 skulle
239 1120 56 20 blott
317 1120 49 26 vilja
389 1119 87 27 tillägga
495 1121 31 19 att
544 1125 33 15 om
593 1125 28 15 nu
636 1119 97 27 gällande
749 1120 149 25 taxeringssätt

79 1148 122 24 bibehälles,
225 1148 65 21 likväl
313 1148 92 26 önskligt
427 1154 56 20 vore,
507 1150 31 19 att
553 1147 215 28 pröfningsnämnden
783 1147 67 21 skulle
866 1153 32 15 er-

78 1177 58 21 hålla
159 1183 25 14 en
208 1183 68 14 annan
299 1177 196 26 sammansättning,
511 1178 27 19 än
554 1177 39 20 den
609 1176 139 26 närvarande,
763 1176 89 21 sålunda
866 1177 33 19 att

80 1212 25 14 en
128 1207 68 19 större
216 1205 83 26 garanti
315 1205 31 21 för
362 1207 31 19 att
408 1205 26 21 de
450 1204 204 27 ändringssökandes
669 1206 43 19 rätt
730 1204 41 21 blir
789 1203 111 27 tillbörligt

81 1232 94 22 beaktad
191 1233 73 21 dervid
280 1234 52 25 egde
346 1239 52 15 rum.
422 1233 78 21 Likasä
515 1232 66 22 skulle
591 1233 36 27 jag
636 1233 46 21 icke
693 1233 48 27 vilja
752 1234 23 20 ät
784 1232 116 26 taxerings-

79 1262 107 22 nämnden
210 1261 107 22 bibehålla
339 1261 127 27 rättigheten
485 1264 31 18 att
534 1262 117 20 bestämma
666 1262 134 20 skattörenas
815 1260 83 27 belopp,

80 1292 50 19 utan
152 1290 7 21 i
179 1290 68 21 likhet
263 1290 48 20 med
326 1290 25 20 hr
367 1290 75 21 Heikel
458 1296 57 20 anse,
531 1291 31 20 att
578 1290 61 21 dessa
653 1290 66 20 borde
735 1290 128 20 bestämmas
879 1288 23 21 af

80 1318 117 22 förstärkta
212 1318 198 27 stadsfullmäktige.
434 1319 32 20 Hr
481 1318 76 21 Heikel
572 1318 39 21 har
627 1318 63 21 också
704 1318 66 21 redan
783 1316 117 23 framhållit

81 1347 36 21 det
132 1347 115 27 olämpliga
253 1347 46 28 och
316 1346 123 28 opraktiska
454 1347 7 20 i
477 1349 32 19 att
520 1346 128 23 öfverlemna
660 1346 58 22 detta
730 1346 22 21 åt
763 1346 77 21 allmän
852 1346 48 21 råd-

80 1375 138 22 husstämma.
248 1376 68 21 Afven
336 1377 37 20 har
388 1375 38 22 här
442 1376 56 21 förut
513 1376 69 21 blifvit
597 1375 120 22 framhället
733 1381 24 16 en
773 1375 127 26 omständig-

80 1404 43 27 het,
139 1411 45 15 som
200 1405 64 20 också
274 1405 36 26 jag
325 1404 55 22 hade
395 1406 71 20 ämnat
480 1404 89 27 påpeka,
582 1405 104 25 nämligen
698 1406 31 19 att
740 1403 93 27 önskligt
843 1409 56 20 vore,

81 1433 36 20 det
132 1433 206 26 skattöresbeloppet
353 1432 67 21 skulle
436 1433 127 20 bestämmas
578 1433 45 20 icke
639 1432 32 21 för
686 1432 73 26 hvarje
772 1432 24 21 år
806 1433 51 19 utan
868 1431 33 21 för

82 1463 31 18 ett
133 1461 53 21 visst
205 1461 58 20 antal
282 1461 24 20 år
320 1461 6 20 i
342 1461 81 20 sender.
453 1461 78 20 Vidare
547 1461 38 20 har
601 1460 38 21 här
654 1460 103 26 påpekats
772 1459 129 26 nödvändig-

82 1489 63 22 heten
168 1489 23 22 af
212 1491 31 20 att
265 1489 105 22 fastställa
388 1490 32 20 ett
434 1489 51 21 visst
501 1488 156 27 minimibelopp
672 1488 33 21 för
720 1489 111 20 skattöret.
861 1488 40 27 Jag

82 1520 46 20 tror
143 1519 67 26 äfven,
226 1520 33 19 att
273 1519 40 21 den
324 1517 77 28 nådiga
410 1518 157 27 propositionen
578 1517 113 22 innefattar
702 1520 31 19 ett
742 1517 82 26 sådant,
836 1517 65 22 ehuru

808 1557 22 18 21
