<?xml version="1.0" encoding="UTF-8"?>
<alto xmlns="http://www.loc.gov/standards/alto/ns-v3#" xmlns:xlink="http://www.w3.org/1999/xlink" xmlns:xsi="http://www.w3.org/2001/XMLSchema-instance" xsi:schemaLocation="http://www.loc.gov/standards/alto/ns-v3# http://www.loc.gov/alto/v3/alto-3-0.xsd">
	<Description>
		<MeasurementUnit>pixel</MeasurementUnit>
		<sourceImageInformation>
			<fileName>/tmp/tess_lbqri8wl_input.PNG</fileName>
		</sourceImageInformation>
		<OCRProcessing ID="OCR_0">
			<ocrProcessingStep>
				<processingSoftware>
					<softwareName>tesseract 5.3.4</softwareName>
				</processingSoftware>
			</ocrProcessingStep>
		</OCRProcessing>
	</Description>
	<Layout>
		<Page WIDTH="1120" HEIGHT="1789" PHYSICAL_IMG_NR="0" ID="page_0">
			<PrintSpace HPOS="0" VPOS="0" WIDTH="1120" HEIGHT="1789">
				<ComposedBlock ID="cblock_0" HPOS="214" VPOS="129" WIDTH="612" HEIGHT="25">
					<TextBlock ID="block_0" HPOS="214" VPOS="129" WIDTH="612" HEIGHT="25">
						<TextLine ID="line_0" HPOS="214" VPOS="129" WIDTH="612" HEIGHT="25">
							<String ID="string_0" HPOS="214" VPOS="129" WIDTH="40" HEIGHT="20" WC="0.96" CONTENT="344"/><SP WIDTH="165" VPOS="129" HPOS="254"/>
							<String ID="string_1" HPOS="419" VPOS="133" WIDTH="177" HEIGHT="21" WC="0.91" CONTENT="Borgareståndet"/><SP WIDTH="13" VPOS="133" HPOS="596"/>
							<String ID="string_2" HPOS="609" VPOS="134" WIDTH="56" HEIGHT="17" WC="0.94" CONTENT="1882."/><SP WIDTH="24" VPOS="134" HPOS="665"/>
							<String ID="string_3" HPOS="689" VPOS="133" WIDTH="27" HEIGHT="17" WC="0.96" CONTENT="28"/><SP WIDTH="12" VPOS="133" HPOS="716"/>
							<String ID="string_4" HPOS="728" VPOS="133" WIDTH="98" HEIGHT="17" WC="0.72" CONTENT="februari."/>
						</TextLine>
					</TextBlock>
				</ComposedBlock>
				<GraphicalElement ID="cblock_1" HPOS="225" VPOS="160" WIDTH="775" HEIGHT="8"></GraphicalElement >
				<ComposedBlock ID="cblock_2" HPOS="211" VPOS="201" WIDTH="824" HEIGHT="142">
					<TextBlock ID="block_1" HPOS="211" VPOS="201" WIDTH="824" HEIGHT="142">
						<TextLine ID="line_1" HPOS="213" VPOS="201" WIDTH="821" HEIGHT="28">
							<String ID="string_5" HPOS="213" VPOS="202" WIDTH="31" HEIGHT="21" WC="0.96" CONTENT="till"/><SP WIDTH="17" VPOS="202" HPOS="244"/>
							<String ID="string_6" HPOS="261" VPOS="203" WIDTH="47" HEIGHT="20" WC="0.92" CONTENT="last."/><SP WIDTH="30" VPOS="203" HPOS="308"/>
							<String ID="string_7" HPOS="338" VPOS="201" WIDTH="73" HEIGHT="22" WC="0.87" CONTENT="Skulle"/><SP WIDTH="21" VPOS="201" HPOS="411"/>
							<String ID="string_8" HPOS="432" VPOS="208" WIDTH="26" HEIGHT="15" WC="0.95" CONTENT="en"/><SP WIDTH="16" VPOS="208" HPOS="458"/>
							<String ID="string_9" HPOS="474" VPOS="201" WIDTH="111" HEIGHT="28" WC="0.95" CONTENT="skolpojke"/><SP WIDTH="16" VPOS="201" HPOS="585"/>
							<String ID="string_10" HPOS="601" VPOS="201" WIDTH="51" HEIGHT="22" WC="0.96" CONTENT="eller"/><SP WIDTH="14" VPOS="201" HPOS="652"/>
							<String ID="string_11" HPOS="666" VPOS="208" WIDTH="43" HEIGHT="20" WC="0.96" CONTENT="ung"/><SP WIDTH="12" VPOS="208" HPOS="709"/>
							<String ID="string_12" HPOS="721" VPOS="201" WIDTH="64" HEIGHT="27" WC="0.96" CONTENT="jurist"/><SP WIDTH="15" VPOS="201" HPOS="785"/>
							<String ID="string_13" HPOS="800" VPOS="201" WIDTH="96" HEIGHT="21" WC="0.96" CONTENT="använda"/><SP WIDTH="15" VPOS="201" HPOS="896"/>
							<String ID="string_14" HPOS="911" VPOS="201" WIDTH="123" HEIGHT="26" WC="0.96" CONTENT="detsamma,"/>
						</TextLine>
						<TextLine ID="line_2" HPOS="213" VPOS="229" WIDTH="822" HEIGHT="28">
							<String ID="string_15" HPOS="213" VPOS="231" WIDTH="68" HEIGHT="21" WC="0.96" CONTENT="skulle"/><SP WIDTH="16" VPOS="231" HPOS="281"/>
							<String ID="string_16" HPOS="297" VPOS="231" WIDTH="40" HEIGHT="21" WC="0.95" CONTENT="han"/><SP WIDTH="16" VPOS="231" HPOS="337"/>
							<String ID="string_17" HPOS="353" VPOS="237" WIDTH="42" HEIGHT="20" WC="0.96" CONTENT="nog"/><SP WIDTH="15" VPOS="237" HPOS="395"/>
							<String ID="string_18" HPOS="410" VPOS="230" WIDTH="20" HEIGHT="21" WC="0.96" CONTENT="få"/><SP WIDTH="15" VPOS="230" HPOS="430"/>
							<String ID="string_19" HPOS="445" VPOS="230" WIDTH="47" HEIGHT="22" WC="0.96" CONTENT="sina"/><SP WIDTH="15" VPOS="230" HPOS="492"/>
							<String ID="string_20" HPOS="507" VPOS="230" WIDTH="65" HEIGHT="21" WC="0.96" CONTENT="fiskar"/><SP WIDTH="21" VPOS="230" HPOS="572"/>
							<String ID="string_21" HPOS="593" VPOS="236" WIDTH="78" HEIGHT="15" WC="0.93" CONTENT="varma."/><SP WIDTH="17" VPOS="236" HPOS="671"/>
							<String ID="string_22" HPOS="688" VPOS="242" WIDTH="26" HEIGHT="3" WC="0.91" CONTENT="—"/><SP WIDTH="16" VPOS="242" HPOS="714"/>
							<String ID="string_23" HPOS="730" VPOS="229" WIDTH="30" HEIGHT="22" WC="0.96" CONTENT="På"/><SP WIDTH="16" VPOS="229" HPOS="760"/>
							<String ID="string_24" HPOS="776" VPOS="230" WIDTH="41" HEIGHT="21" WC="0.96" CONTENT="alla"/><SP WIDTH="16" VPOS="230" HPOS="817"/>
							<String ID="string_25" HPOS="833" VPOS="230" WIDTH="61" HEIGHT="21" WC="0.96" CONTENT="dessa"/><SP WIDTH="15" VPOS="230" HPOS="894"/>
							<String ID="string_26" HPOS="909" VPOS="229" WIDTH="45" HEIGHT="22" WC="0.96" CONTENT="skäl"/><SP WIDTH="16" VPOS="229" HPOS="954"/>
							<String ID="string_27" HPOS="970" VPOS="229" WIDTH="65" HEIGHT="28" WC="0.95" CONTENT="yrkar"/>
						</TextLine>
						<TextLine ID="line_3" HPOS="211" VPOS="258" WIDTH="821" HEIGHT="28">
							<String ID="string_28" HPOS="211" VPOS="259" WIDTH="43" HEIGHT="27" WC="0.96" CONTENT="jag,"/><SP WIDTH="16" VPOS="259" HPOS="254"/>
							<String ID="string_29" HPOS="270" VPOS="261" WIDTH="33" HEIGHT="19" WC="0.96" CONTENT="att"/><SP WIDTH="15" VPOS="261" HPOS="303"/>
							<String ID="string_30" HPOS="318" VPOS="259" WIDTH="139" HEIGHT="21" WC="0.93" CONTENT="förevarande"/><SP WIDTH="15" VPOS="259" HPOS="457"/>
							<String ID="string_31" HPOS="472" VPOS="259" WIDTH="180" HEIGHT="26" WC="0.92" CONTENT="petitionsförslag"/><SP WIDTH="16" VPOS="259" HPOS="652"/>
							<String ID="string_32" HPOS="668" VPOS="259" WIDTH="65" HEIGHT="20" WC="0.93" CONTENT="måtte"/><SP WIDTH="16" VPOS="259" HPOS="733"/>
							<String ID="string_33" HPOS="749" VPOS="258" WIDTH="168" HEIGHT="21" WC="0.90" CONTENT="återremitteras"/><SP WIDTH="11" VPOS="258" HPOS="917"/>
							<String ID="string_34" HPOS="928" VPOS="258" WIDTH="30" HEIGHT="21" WC="0.93" CONTENT="till"/><SP WIDTH="12" VPOS="258" HPOS="958"/>
							<String ID="string_35" HPOS="970" VPOS="264" WIDTH="62" HEIGHT="21" WC="0.91" CONTENT="expe-"/>
						</TextLine>
						<TextLine ID="line_4" HPOS="214" VPOS="286" WIDTH="820" HEIGHT="29">
							<String ID="string_36" HPOS="214" VPOS="287" WIDTH="182" HEIGHT="22" WC="0.92" CONTENT="ditionsutskottet"/><SP WIDTH="15" VPOS="287" HPOS="396"/>
							<String ID="string_37" HPOS="411" VPOS="288" WIDTH="6" HEIGHT="20" WC="0.96" CONTENT="i"/><SP WIDTH="16" VPOS="288" HPOS="417"/>
							<String ID="string_38" HPOS="433" VPOS="287" WIDTH="39" HEIGHT="22" WC="0.96" CONTENT="och"/><SP WIDTH="23" VPOS="287" HPOS="472"/>
							<String ID="string_39" HPOS="495" VPOS="288" WIDTH="33" HEIGHT="21" WC="0.93" CONTENT="för"/><SP WIDTH="23" VPOS="288" HPOS="528"/>
							<String ID="string_40" HPOS="551" VPOS="287" WIDTH="155" HEIGHT="28" WC="0.92" CONTENT="omredigering"/><SP WIDTH="16" VPOS="287" HPOS="706"/>
							<String ID="string_41" HPOS="722" VPOS="288" WIDTH="5" HEIGHT="20" WC="0.96" CONTENT="i"/><SP WIDTH="17" VPOS="288" HPOS="727"/>
							<String ID="string_42" HPOS="744" VPOS="288" WIDTH="36" HEIGHT="20" WC="0.96" CONTENT="det"/><SP WIDTH="22" VPOS="288" HPOS="780"/>
							<String ID="string_43" HPOS="802" VPOS="287" WIDTH="54" HEIGHT="26" WC="0.96" CONTENT="syfte"/><SP WIDTH="14" VPOS="287" HPOS="856"/>
							<String ID="string_44" HPOS="870" VPOS="287" WIDTH="36" HEIGHT="26" WC="0.96" CONTENT="jag"/><SP WIDTH="16" VPOS="287" HPOS="906"/>
							<String ID="string_45" HPOS="922" VPOS="286" WIDTH="45" HEIGHT="22" WC="0.96" CONTENT="haft"/><SP WIDTH="15" VPOS="286" HPOS="967"/>
							<String ID="string_46" HPOS="982" VPOS="289" WIDTH="52" HEIGHT="18" WC="0.96" CONTENT="äran"/>
						</TextLine>
						<TextLine ID="line_5" HPOS="213" VPOS="317" WIDTH="89" HEIGHT="26">
							<String ID="string_47" HPOS="213" VPOS="317" WIDTH="89" HEIGHT="26" WC="0.92" CONTENT="päpeka."/>
						</TextLine>
					</TextBlock>
				</ComposedBlock>
				<ComposedBlock ID="cblock_3" HPOS="214" VPOS="372" WIDTH="823" HEIGHT="229">
					<TextBlock ID="block_2" HPOS="214" VPOS="372" WIDTH="823" HEIGHT="229">
						<TextLine ID="line_6" HPOS="282" VPOS="372" WIDTH="753" HEIGHT="27">
							<String ID="string_48" HPOS="282" VPOS="373" WIDTH="55" HEIGHT="22" WC="0.95" CONTENT="Herr"/><SP WIDTH="22" VPOS="373" HPOS="337"/>
							<String ID="string_49" HPOS="359" VPOS="374" WIDTH="172" HEIGHT="21" WC="0.93" CONTENT="Rönnbäck:"/><SP WIDTH="27" VPOS="374" HPOS="531"/>
							<String ID="string_50" HPOS="558" VPOS="373" WIDTH="124" HEIGHT="22" WC="0.92" CONTENT="Förenande"/><SP WIDTH="22" VPOS="373" HPOS="682"/>
							<String ID="string_51" HPOS="704" VPOS="374" WIDTH="42" HEIGHT="25" WC="0.93" CONTENT="mig"/><SP WIDTH="16" VPOS="374" HPOS="746"/>
							<String ID="string_52" HPOS="762" VPOS="373" WIDTH="5" HEIGHT="20" WC="0.93" CONTENT="i"/><SP WIDTH="17" VPOS="373" HPOS="767"/>
							<String ID="string_53" HPOS="784" VPOS="373" WIDTH="117" HEIGHT="22" WC="0.91" CONTENT="hufvudsak"/><SP WIDTH="21" VPOS="373" HPOS="901"/>
							<String ID="string_54" HPOS="922" VPOS="373" WIDTH="47" HEIGHT="21" WC="0.93" CONTENT="med"/><SP WIDTH="16" VPOS="373" HPOS="969"/>
							<String ID="string_55" HPOS="985" VPOS="372" WIDTH="50" HEIGHT="21" WC="0.92" CONTENT="herr"/>
						</TextLine>
						<TextLine ID="line_7" HPOS="215" VPOS="401" WIDTH="822" HEIGHT="28">
							<String ID="string_56" HPOS="215" VPOS="403" WIDTH="116" HEIGHT="25" WC="0.96" CONTENT="Molander,"/><SP WIDTH="16" VPOS="403" HPOS="331"/>
							<String ID="string_57" HPOS="347" VPOS="403" WIDTH="35" HEIGHT="20" WC="0.96" CONTENT="vill"/><SP WIDTH="14" VPOS="403" HPOS="382"/>
							<String ID="string_58" HPOS="396" VPOS="403" WIDTH="37" HEIGHT="26" WC="0.96" CONTENT="jag"/><SP WIDTH="16" VPOS="403" HPOS="433"/>
							<String ID="string_59" HPOS="449" VPOS="403" WIDTH="74" HEIGHT="21" WC="0.93" CONTENT="endast"/><SP WIDTH="15" VPOS="403" HPOS="523"/>
							<String ID="string_60" HPOS="538" VPOS="403" WIDTH="69" HEIGHT="21" WC="0.91" CONTENT="säsom"/><SP WIDTH="16" VPOS="403" HPOS="607"/>
							<String ID="string_61" HPOS="623" VPOS="404" WIDTH="97" HEIGHT="19" WC="0.90" CONTENT="närmare"/><SP WIDTH="16" VPOS="404" HPOS="720"/>
							<String ID="string_62" HPOS="736" VPOS="401" WIDTH="136" HEIGHT="28" WC="0.91" CONTENT="formulering"/><SP WIDTH="15" VPOS="401" HPOS="872"/>
							<String ID="string_63" HPOS="887" VPOS="402" WIDTH="6" HEIGHT="20" WC="0.93" CONTENT="i"/><SP WIDTH="16" VPOS="402" HPOS="893"/>
							<String ID="string_64" HPOS="909" VPOS="401" WIDTH="98" HEIGHT="22" WC="0.92" CONTENT="afseende"/><SP WIDTH="15" VPOS="401" HPOS="1007"/>
							<String ID="string_65" HPOS="1022" VPOS="401" WIDTH="15" HEIGHT="20" WC="0.93" CONTENT="&amp;"/>
						</TextLine>
						<TextLine ID="line_8" HPOS="215" VPOS="429" WIDTH="822" HEIGHT="29">
							<String ID="string_66" HPOS="215" VPOS="431" WIDTH="39" HEIGHT="22" WC="0.93" CONTENT="den"/><SP WIDTH="16" VPOS="431" HPOS="254"/>
							<String ID="string_67" HPOS="270" VPOS="431" WIDTH="81" HEIGHT="27" WC="0.95" CONTENT="åtgärd,"/><SP WIDTH="17" VPOS="431" HPOS="351"/>
							<String ID="string_68" HPOS="368" VPOS="437" WIDTH="43" HEIGHT="16" WC="0.96" CONTENT="som"/><SP WIDTH="17" VPOS="437" HPOS="411"/>
							<String ID="string_69" HPOS="428" VPOS="431" WIDTH="26" HEIGHT="26" WC="0.93" CONTENT="pä"/><SP WIDTH="16" VPOS="431" HPOS="454"/>
							<String ID="string_70" HPOS="470" VPOS="431" WIDTH="235" HEIGHT="26" WC="0.92" CONTENT="expeditionsutskottet"/><SP WIDTH="16" VPOS="431" HPOS="705"/>
							<String ID="string_71" HPOS="721" VPOS="430" WIDTH="69" HEIGHT="21" WC="0.93" CONTENT="skulle"/><SP WIDTH="15" VPOS="430" HPOS="790"/>
							<String ID="string_72" HPOS="805" VPOS="431" WIDTH="119" HEIGHT="25" WC="0.91" CONTENT="ankomma,"/><SP WIDTH="11" VPOS="431" HPOS="924"/>
							<String ID="string_73" HPOS="935" VPOS="429" WIDTH="102" HEIGHT="22" WC="0.95" CONTENT="särskildt"/>
						</TextLine>
						<TextLine ID="line_9" HPOS="214" VPOS="459" WIDTH="823" HEIGHT="28">
							<String ID="string_74" HPOS="214" VPOS="460" WIDTH="89" HEIGHT="27" WC="0.91" CONTENT="päpeka,"/><SP WIDTH="23" VPOS="460" HPOS="303"/>
							<String ID="string_75" HPOS="326" VPOS="462" WIDTH="32" HEIGHT="19" WC="0.93" CONTENT="att"/><SP WIDTH="22" VPOS="462" HPOS="358"/>
							<String ID="string_76" HPOS="380" VPOS="460" WIDTH="123" HEIGHT="21" WC="0.91" CONTENT="skrifvelsen"/><SP WIDTH="24" VPOS="460" HPOS="503"/>
							<String ID="string_77" HPOS="527" VPOS="459" WIDTH="65" HEIGHT="22" WC="0.93" CONTENT="borde"/><SP WIDTH="23" VPOS="459" HPOS="592"/>
							<String ID="string_78" HPOS="615" VPOS="459" WIDTH="84" HEIGHT="22" WC="0.92" CONTENT="affattas"/><SP WIDTH="23" VPOS="459" HPOS="699"/>
							<String ID="string_79" HPOS="722" VPOS="459" WIDTH="68" HEIGHT="21" WC="0.91" CONTENT="säsom"/><SP WIDTH="21" VPOS="459" HPOS="790"/>
							<String ID="string_80" HPOS="811" VPOS="465" WIDTH="26" HEIGHT="15" WC="0.93" CONTENT="en"/><SP WIDTH="15" VPOS="465" HPOS="837"/>
							<String ID="string_81" HPOS="852" VPOS="459" WIDTH="96" HEIGHT="26" WC="0.92" CONTENT="petition,"/><SP WIDTH="16" VPOS="459" HPOS="948"/>
							<String ID="string_82" HPOS="964" VPOS="459" WIDTH="24" HEIGHT="20" WC="0.91" CONTENT="sä"/><SP WIDTH="14" VPOS="459" HPOS="988"/>
							<String ID="string_83" HPOS="1002" VPOS="460" WIDTH="35" HEIGHT="19" WC="0.96" CONTENT="att"/>
						</TextLine>
						<TextLine ID="line_10" HPOS="215" VPOS="487" WIDTH="822" HEIGHT="28">
							<String ID="string_84" HPOS="215" VPOS="489" WIDTH="122" HEIGHT="20" WC="0.91" CONTENT="densamma"/><SP WIDTH="23" VPOS="489" HPOS="337"/>
							<String ID="string_85" HPOS="360" VPOS="488" WIDTH="68" HEIGHT="21" WC="0.91" CONTENT="slutar"/><SP WIDTH="22" VPOS="488" HPOS="428"/>
							<String ID="string_86" HPOS="450" VPOS="488" WIDTH="47" HEIGHT="21" WC="0.95" CONTENT="med"/><SP WIDTH="19" VPOS="488" HPOS="497"/>
							<String ID="string_87" HPOS="516" VPOS="495" WIDTH="24" HEIGHT="14" WC="0.93" CONTENT="en"/><SP WIDTH="17" VPOS="495" HPOS="540"/>
							<String ID="string_88" HPOS="557" VPOS="488" WIDTH="55" HEIGHT="21" WC="0.92" CONTENT="kläm"/><SP WIDTH="17" VPOS="488" HPOS="612"/>
							<String ID="string_89" HPOS="629" VPOS="488" WIDTH="39" HEIGHT="21" WC="0.93" CONTENT="och"/><SP WIDTH="16" VPOS="488" HPOS="668"/>
							<String ID="string_90" HPOS="684" VPOS="488" WIDTH="53" HEIGHT="27" WC="0.92" CONTENT="icke,"/><SP WIDTH="15" VPOS="488" HPOS="737"/>
							<String ID="string_91" HPOS="752" VPOS="487" WIDTH="69" HEIGHT="22" WC="0.90" CONTENT="säsom"/><SP WIDTH="16" VPOS="487" HPOS="821"/>
							<String ID="string_92" HPOS="837" VPOS="494" WIDTH="35" HEIGHT="19" WC="0.96" CONTENT="nu,"/><SP WIDTH="16" VPOS="494" HPOS="872"/>
							<String ID="string_93" HPOS="888" VPOS="487" WIDTH="47" HEIGHT="21" WC="0.96" CONTENT="med"/><SP WIDTH="16" VPOS="487" HPOS="935"/>
							<String ID="string_94" HPOS="951" VPOS="493" WIDTH="25" HEIGHT="15" WC="0.93" CONTENT="en"/><SP WIDTH="16" VPOS="493" HPOS="976"/>
							<String ID="string_95" HPOS="992" VPOS="487" WIDTH="45" HEIGHT="20" WC="0.92" CONTENT="väl-"/>
						</TextLine>
						<TextLine ID="line_11" HPOS="215" VPOS="515" WIDTH="821" HEIGHT="28">
							<String ID="string_96" HPOS="215" VPOS="517" WIDTH="101" HEIGHT="26" WC="0.92" CONTENT="signelse;"/><SP WIDTH="16" VPOS="517" HPOS="316"/>
							<String ID="string_97" HPOS="332" VPOS="516" WIDTH="48" HEIGHT="22" WC="0.93" CONTENT="hela"/><SP WIDTH="16" VPOS="516" HPOS="380"/>
							<String ID="string_98" HPOS="396" VPOS="517" WIDTH="121" HEIGHT="21" WC="0.92" CONTENT="slutstrofen"/><SP WIDTH="17" VPOS="517" HPOS="517"/>
							<String ID="string_99" HPOS="534" VPOS="517" WIDTH="65" HEIGHT="20" WC="0.93" CONTENT="borde"/><SP WIDTH="16" VPOS="517" HPOS="599"/>
							<String ID="string_100" HPOS="615" VPOS="516" WIDTH="70" HEIGHT="21" WC="0.93" CONTENT="derför"/><SP WIDTH="15" VPOS="516" HPOS="685"/>
							<String ID="string_101" HPOS="700" VPOS="515" WIDTH="52" HEIGHT="28" WC="0.92" CONTENT="utgä"/><SP WIDTH="15" VPOS="515" HPOS="752"/>
							<String ID="string_102" HPOS="767" VPOS="516" WIDTH="38" HEIGHT="21" WC="0.96" CONTENT="och"/><SP WIDTH="17" VPOS="516" HPOS="805"/>
							<String ID="string_103" HPOS="822" VPOS="516" WIDTH="39" HEIGHT="21" WC="0.96" CONTENT="den"/><SP WIDTH="16" VPOS="516" HPOS="861"/>
							<String ID="string_104" HPOS="877" VPOS="517" WIDTH="94" HEIGHT="20" WC="0.93" CONTENT="närmast"/><SP WIDTH="11" VPOS="517" HPOS="971"/>
							<String ID="string_105" HPOS="982" VPOS="515" WIDTH="54" HEIGHT="21" WC="0.93" CONTENT="före-"/>
						</TextLine>
						<TextLine ID="line_12" HPOS="215" VPOS="544" WIDTH="822" HEIGHT="28">
							<String ID="string_106" HPOS="215" VPOS="545" WIDTH="81" HEIGHT="27" WC="0.93" CONTENT="gäende"/><SP WIDTH="24" VPOS="545" HPOS="296"/>
							<String ID="string_107" HPOS="320" VPOS="545" WIDTH="126" HEIGHT="26" WC="0.92" CONTENT="omarbetas,"/><SP WIDTH="22" VPOS="545" HPOS="446"/>
							<String ID="string_108" HPOS="468" VPOS="545" WIDTH="23" HEIGHT="21" WC="0.96" CONTENT="sä"/><SP WIDTH="22" VPOS="545" HPOS="491"/>
							<String ID="string_109" HPOS="513" VPOS="547" WIDTH="32" HEIGHT="19" WC="0.93" CONTENT="att"/><SP WIDTH="15" VPOS="547" HPOS="545"/>
							<String ID="string_110" HPOS="560" VPOS="545" WIDTH="124" HEIGHT="22" WC="0.92" CONTENT="skrifvelsen"/><SP WIDTH="16" VPOS="545" HPOS="684"/>
							<String ID="string_111" HPOS="700" VPOS="544" WIDTH="68" HEIGHT="22" WC="0.93" CONTENT="skulle"/><SP WIDTH="15" VPOS="544" HPOS="768"/>
							<String ID="string_112" HPOS="783" VPOS="545" WIDTH="21" HEIGHT="21" WC="0.92" CONTENT="fä"/><SP WIDTH="15" VPOS="545" HPOS="804"/>
							<String ID="string_113" HPOS="819" VPOS="545" WIDTH="40" HEIGHT="20" WC="0.96" CONTENT="den"/><SP WIDTH="16" VPOS="545" HPOS="859"/>
							<String ID="string_114" HPOS="875" VPOS="544" WIDTH="32" HEIGHT="21" WC="0.93" CONTENT="för"/><SP WIDTH="15" VPOS="544" HPOS="907"/>
							<String ID="string_115" HPOS="922" VPOS="544" WIDTH="115" HEIGHT="27" WC="0.93" CONTENT="petitioner"/>
						</TextLine>
						<TextLine ID="line_13" HPOS="214" VPOS="574" WIDTH="201" HEIGHT="27">
							<String ID="string_116" HPOS="214" VPOS="574" WIDTH="98" HEIGHT="27" WC="0.32" CONTENT="gällande"/><SP WIDTH="15" VPOS="574" HPOS="312"/>
							<String ID="string_117" HPOS="327" VPOS="574" WIDTH="88" HEIGHT="21" WC="0.95" CONTENT="formen."/>
						</TextLine>
					</TextBlock>
				</ComposedBlock>
				<ComposedBlock ID="cblock_4" HPOS="215" VPOS="629" WIDTH="825" HEIGHT="715">
					<TextBlock ID="block_3" HPOS="215" VPOS="629" WIDTH="825" HEIGHT="715">
						<TextLine ID="line_14" HPOS="284" VPOS="629" WIDTH="751" HEIGHT="28">
							<String ID="string_118" HPOS="284" VPOS="631" WIDTH="54" HEIGHT="21" WC="0.93" CONTENT="Herr"/><SP WIDTH="15" VPOS="631" HPOS="338"/>
							<String ID="string_119" HPOS="353" VPOS="630" WIDTH="124" HEIGHT="27" WC="0.91" CONTENT="Nysten:"/><SP WIDTH="23" VPOS="630" HPOS="477"/>
							<String ID="string_120" HPOS="500" VPOS="631" WIDTH="41" HEIGHT="21" WC="0.96" CONTENT="Det"/><SP WIDTH="15" VPOS="631" HPOS="541"/>
							<String ID="string_121" HPOS="556" VPOS="631" WIDTH="53" HEIGHT="21" WC="0.96" CONTENT="hade"/><SP WIDTH="16" VPOS="631" HPOS="609"/>
							<String ID="string_122" HPOS="625" VPOS="637" WIDTH="24" HEIGHT="15" WC="0.93" CONTENT="ur"/><SP WIDTH="17" VPOS="637" HPOS="649"/>
							<String ID="string_123" HPOS="666" VPOS="631" WIDTH="75" HEIGHT="26" WC="0.96" CONTENT="många"/><SP WIDTH="16" VPOS="631" HPOS="741"/>
							<String ID="string_124" HPOS="757" VPOS="630" WIDTH="130" HEIGHT="27" WC="0.96" CONTENT="synpunkter"/><SP WIDTH="15" VPOS="630" HPOS="887"/>
							<String ID="string_125" HPOS="902" VPOS="629" WIDTH="55" HEIGHT="22" WC="0.92" CONTENT="varit"/><SP WIDTH="15" VPOS="629" HPOS="957"/>
							<String ID="string_126" HPOS="972" VPOS="629" WIDTH="63" HEIGHT="22" WC="0.86" CONTENT="önsk-"/>
						</TextLine>
						<TextLine ID="line_15" HPOS="216" VPOS="658" WIDTH="820" HEIGHT="29">
							<String ID="string_127" HPOS="216" VPOS="660" WIDTH="44" HEIGHT="27" WC="0.96" CONTENT="ligt,"/><SP WIDTH="17" VPOS="660" HPOS="260"/>
							<String ID="string_128" HPOS="277" VPOS="662" WIDTH="32" HEIGHT="19" WC="0.96" CONTENT="att"/><SP WIDTH="16" VPOS="662" HPOS="309"/>
							<String ID="string_129" HPOS="325" VPOS="660" WIDTH="38" HEIGHT="20" WC="0.93" CONTENT="den"/><SP WIDTH="18" VPOS="660" HPOS="363"/>
							<String ID="string_130" HPOS="381" VPOS="660" WIDTH="77" HEIGHT="27" WC="0.96" CONTENT="lydelse"/><SP WIDTH="16" VPOS="660" HPOS="458"/>
							<String ID="string_131" HPOS="474" VPOS="659" WIDTH="21" HEIGHT="21" WC="0.93" CONTENT="af"/><SP WIDTH="15" VPOS="659" HPOS="495"/>
							<String ID="string_132" HPOS="510" VPOS="659" WIDTH="160" HEIGHT="26" WC="0.93" CONTENT="ifrågavarande"/><SP WIDTH="23" VPOS="659" HPOS="670"/>
							<String ID="string_133" HPOS="693" VPOS="659" WIDTH="118" HEIGHT="27" WC="0.92" CONTENT="aktstycke,"/><SP WIDTH="24" VPOS="659" HPOS="811"/>
							<String ID="string_134" HPOS="835" VPOS="665" WIDTH="43" HEIGHT="16" WC="0.93" CONTENT="som"/><SP WIDTH="17" VPOS="665" HPOS="878"/>
							<String ID="string_135" HPOS="895" VPOS="658" WIDTH="141" HEIGHT="27" WC="0.92" CONTENT="expeditions-"/>
						</TextLine>
						<TextLine ID="line_16" HPOS="216" VPOS="687" WIDTH="822" HEIGHT="28">
							<String ID="string_136" HPOS="216" VPOS="688" WIDTH="105" HEIGHT="21" WC="0.92" CONTENT="utskottet"/><SP WIDTH="15" VPOS="688" HPOS="321"/>
							<String ID="string_137" HPOS="336" VPOS="688" WIDTH="39" HEIGHT="21" WC="0.93" CONTENT="har"/><SP WIDTH="16" VPOS="688" HPOS="375"/>
							<String ID="string_138" HPOS="391" VPOS="687" WIDTH="114" HEIGHT="26" WC="0.93" CONTENT="föreslagit,"/><SP WIDTH="16" VPOS="687" HPOS="505"/>
							<String ID="string_139" HPOS="521" VPOS="688" WIDTH="53" HEIGHT="21" WC="0.93" CONTENT="hade"/><SP WIDTH="15" VPOS="688" HPOS="574"/>
							<String ID="string_140" HPOS="589" VPOS="688" WIDTH="93" HEIGHT="27" WC="0.92" CONTENT="antagits"/><SP WIDTH="15" VPOS="688" HPOS="682"/>
							<String ID="string_141" HPOS="697" VPOS="690" WIDTH="50" HEIGHT="19" WC="0.96" CONTENT="utan"/><SP WIDTH="17" VPOS="690" HPOS="747"/>
							<String ID="string_142" HPOS="764" VPOS="688" WIDTH="70" HEIGHT="21" WC="0.93" CONTENT="vidare"/><SP WIDTH="16" VPOS="688" HPOS="834"/>
							<String ID="string_143" HPOS="850" VPOS="687" WIDTH="125" HEIGHT="23" WC="0.91" CONTENT="diskussion."/><SP WIDTH="28" VPOS="687" HPOS="975"/>
							<String ID="string_144" HPOS="1003" VPOS="687" WIDTH="35" HEIGHT="21" WC="0.90" CONTENT="Dä"/>
						</TextLine>
						<TextLine ID="line_17" HPOS="215" VPOS="715" WIDTH="820" HEIGHT="29">
							<String ID="string_145" HPOS="215" VPOS="717" WIDTH="178" HEIGHT="26" WC="0.90" CONTENT="Borgareständet"/><SP WIDTH="17" VPOS="717" HPOS="393"/>
							<String ID="string_146" HPOS="410" VPOS="723" WIDTH="24" HEIGHT="14" WC="0.93" CONTENT="en"/><SP WIDTH="16" VPOS="723" HPOS="434"/>
							<String ID="string_147" HPOS="450" VPOS="718" WIDTH="55" HEIGHT="26" WC="0.96" CONTENT="gång"/><SP WIDTH="16" VPOS="718" HPOS="505"/>
							<String ID="string_148" HPOS="521" VPOS="717" WIDTH="68" HEIGHT="22" WC="0.96" CONTENT="beslöt"/><SP WIDTH="16" VPOS="717" HPOS="589"/>
							<String ID="string_149" HPOS="605" VPOS="719" WIDTH="31" HEIGHT="19" WC="0.93" CONTENT="att"/><SP WIDTH="11" VPOS="719" HPOS="636"/>
							<String ID="string_150" HPOS="647" VPOS="720" WIDTH="77" HEIGHT="23" WC="0.93" CONTENT="antaga"/><SP WIDTH="11" VPOS="720" HPOS="724"/>
							<String ID="string_151" HPOS="735" VPOS="716" WIDTH="150" HEIGHT="28" WC="0.51" CONTENT="inbjudoingen"/><SP WIDTH="11" VPOS="716" HPOS="885"/>
							<String ID="string_152" HPOS="896" VPOS="716" WIDTH="45" HEIGHT="21" WC="0.93" CONTENT="från"/><SP WIDTH="12" VPOS="716" HPOS="941"/>
							<String ID="string_153" HPOS="953" VPOS="715" WIDTH="82" HEIGHT="22" WC="0.93" CONTENT="Bonde-"/>
						</TextLine>
						<TextLine ID="line_18" HPOS="216" VPOS="745" WIDTH="820" HEIGHT="28">
							<String ID="string_154" HPOS="216" VPOS="746" WIDTH="90" HEIGHT="25" WC="0.96" CONTENT="ståndet,"/><SP WIDTH="17" VPOS="746" HPOS="306"/>
							<String ID="string_155" HPOS="323" VPOS="745" WIDTH="84" HEIGHT="22" WC="0.93" CONTENT="hvilken"/><SP WIDTH="16" VPOS="745" HPOS="407"/>
							<String ID="string_156" HPOS="423" VPOS="745" WIDTH="123" HEIGHT="28" WC="0.88" CONTENT="inbjudning"/><SP WIDTH="15" VPOS="745" HPOS="546"/>
							<String ID="string_157" HPOS="561" VPOS="745" WIDTH="130" HEIGHT="22" WC="0.95" CONTENT="innefattade"/><SP WIDTH="15" VPOS="745" HPOS="691"/>
							<String ID="string_158" HPOS="706" VPOS="745" WIDTH="54" HEIGHT="22" WC="0.95" CONTENT="både"/><SP WIDTH="16" VPOS="745" HPOS="760"/>
							<String ID="string_159" HPOS="776" VPOS="751" WIDTH="24" HEIGHT="15" WC="0.96" CONTENT="en"/><SP WIDTH="16" VPOS="751" HPOS="800"/>
							<String ID="string_160" HPOS="816" VPOS="745" WIDTH="72" HEIGHT="22" WC="0.96" CONTENT="adress"/><SP WIDTH="16" VPOS="745" HPOS="888"/>
							<String ID="string_161" HPOS="904" VPOS="745" WIDTH="39" HEIGHT="21" WC="0.96" CONTENT="och"/><SP WIDTH="15" VPOS="745" HPOS="943"/>
							<String ID="string_162" HPOS="958" VPOS="751" WIDTH="25" HEIGHT="15" WC="0.93" CONTENT="en"/><SP WIDTH="16" VPOS="751" HPOS="983"/>
							<String ID="string_163" HPOS="999" VPOS="750" WIDTH="37" HEIGHT="21" WC="0.90" CONTENT="pe-"/>
						</TextLine>
						<TextLine ID="line_19" HPOS="217" VPOS="773" WIDTH="819" HEIGHT="28">
							<String ID="string_164" HPOS="217" VPOS="775" WIDTH="61" HEIGHT="20" WC="0.92" CONTENT="tition"/><SP WIDTH="24" VPOS="775" HPOS="278"/>
							<String ID="string_165" HPOS="302" VPOS="781" WIDTH="33" HEIGHT="14" WC="0.93" CONTENT="om"/><SP WIDTH="24" VPOS="781" HPOS="335"/>
							<String ID="string_166" HPOS="359" VPOS="774" WIDTH="95" HEIGHT="21" WC="0.94" CONTENT="tillstånd"/><SP WIDTH="23" VPOS="774" HPOS="454"/>
							<String ID="string_167" HPOS="477" VPOS="775" WIDTH="32" HEIGHT="20" WC="0.93" CONTENT="till"/><SP WIDTH="16" VPOS="775" HPOS="509"/>
							<String ID="string_168" HPOS="525" VPOS="774" WIDTH="132" HEIGHT="27" WC="0.92" CONTENT="uppresande"/><SP WIDTH="16" VPOS="774" HPOS="657"/>
							<String ID="string_169" HPOS="673" VPOS="774" WIDTH="23" HEIGHT="21" WC="0.96" CONTENT="af"/><SP WIDTH="14" VPOS="774" HPOS="696"/>
							<String ID="string_170" HPOS="710" VPOS="781" WIDTH="25" HEIGHT="14" WC="0.93" CONTENT="en"/><SP WIDTH="16" VPOS="781" HPOS="735"/>
							<String ID="string_171" HPOS="751" VPOS="775" WIDTH="61" HEIGHT="26" WC="0.96" CONTENT="staty,"/><SP WIDTH="17" VPOS="775" HPOS="812"/>
							<String ID="string_172" HPOS="829" VPOS="775" WIDTH="22" HEIGHT="20" WC="0.93" CONTENT="sä"/><SP WIDTH="16" VPOS="775" HPOS="851"/>
							<String ID="string_173" HPOS="867" VPOS="775" WIDTH="45" HEIGHT="20" WC="0.96" CONTENT="står"/><SP WIDTH="16" VPOS="775" HPOS="912"/>
							<String ID="string_174" HPOS="928" VPOS="774" WIDTH="34" HEIGHT="21" WC="0.96" CONTENT="väl"/><SP WIDTH="16" VPOS="774" HPOS="962"/>
							<String ID="string_175" HPOS="978" VPOS="773" WIDTH="58" HEIGHT="21" WC="0.96" CONTENT="detta"/>
						</TextLine>
						<TextLine ID="line_20" HPOS="217" VPOS="802" WIDTH="820" HEIGHT="27">
							<String ID="string_176" HPOS="217" VPOS="803" WIDTH="69" HEIGHT="21" WC="0.95" CONTENT="beslut"/><SP WIDTH="23" VPOS="803" HPOS="286"/>
							<String ID="string_177" HPOS="309" VPOS="803" WIDTH="48" HEIGHT="25" WC="0.95" CONTENT="fast,"/><SP WIDTH="23" VPOS="803" HPOS="357"/>
							<String ID="string_178" HPOS="380" VPOS="803" WIDTH="39" HEIGHT="21" WC="0.95" CONTENT="och"/><SP WIDTH="23" VPOS="803" HPOS="419"/>
							<String ID="string_179" HPOS="442" VPOS="804" WIDTH="68" HEIGHT="20" WC="0.90" CONTENT="denna"/><SP WIDTH="23" VPOS="804" HPOS="510"/>
							<String ID="string_180" HPOS="533" VPOS="803" WIDTH="116" HEIGHT="22" WC="0.90" CONTENT="diskussion"/><SP WIDTH="17" VPOS="803" HPOS="649"/>
							<String ID="string_181" HPOS="666" VPOS="803" WIDTH="41" HEIGHT="21" WC="0.93" CONTENT="kan"/><SP WIDTH="16" VPOS="803" HPOS="707"/>
							<String ID="string_182" HPOS="723" VPOS="803" WIDTH="47" HEIGHT="21" WC="0.92" CONTENT="icke"/><SP WIDTH="15" VPOS="803" HPOS="770"/>
							<String ID="string_183" HPOS="785" VPOS="802" WIDTH="44" HEIGHT="22" WC="0.93" CONTENT="afse"/><SP WIDTH="16" VPOS="802" HPOS="829"/>
							<String ID="string_184" HPOS="845" VPOS="805" WIDTH="70" HEIGHT="24" WC="0.96" CONTENT="annat,"/><SP WIDTH="15" VPOS="805" HPOS="915"/>
							<String ID="string_185" HPOS="930" VPOS="805" WIDTH="27" HEIGHT="18" WC="0.93" CONTENT="än"/><SP WIDTH="16" VPOS="805" HPOS="957"/>
							<String ID="string_186" HPOS="973" VPOS="802" WIDTH="64" HEIGHT="21" WC="0.92" CONTENT="huru-"/>
						</TextLine>
						<TextLine ID="line_21" HPOS="216" VPOS="830" WIDTH="822" HEIGHT="29">
							<String ID="string_187" HPOS="216" VPOS="831" WIDTH="49" HEIGHT="22" WC="0.93" CONTENT="vida"/><SP WIDTH="23" VPOS="831" HPOS="265"/>
							<String ID="string_188" HPOS="288" VPOS="831" WIDTH="235" HEIGHT="27" WC="0.91" CONTENT="expeditionsutskottet"/><SP WIDTH="20" VPOS="831" HPOS="523"/>
							<String ID="string_189" HPOS="543" VPOS="832" WIDTH="38" HEIGHT="20" WC="0.93" CONTENT="har"/><SP WIDTH="23" VPOS="832" HPOS="581"/>
							<String ID="string_190" HPOS="604" VPOS="831" WIDTH="83" HEIGHT="22" WC="0.91" CONTENT="affattat"/><SP WIDTH="23" VPOS="831" HPOS="687"/>
							<String ID="string_191" HPOS="710" VPOS="832" WIDTH="59" HEIGHT="21" WC="0.93" CONTENT="detta"/><SP WIDTH="23" VPOS="832" HPOS="769"/>
							<String ID="string_192" HPOS="792" VPOS="831" WIDTH="109" HEIGHT="28" WC="0.78" CONTENT="aktstyeke"/><SP WIDTH="21" VPOS="831" HPOS="901"/>
							<String ID="string_193" HPOS="922" VPOS="831" WIDTH="6" HEIGHT="20" WC="0.96" CONTENT="i"/><SP WIDTH="17" VPOS="831" HPOS="928"/>
							<String ID="string_194" HPOS="945" VPOS="830" WIDTH="93" HEIGHT="27" WC="0.96" CONTENT="enlighet"/>
						</TextLine>
						<TextLine ID="line_22" HPOS="218" VPOS="860" WIDTH="818" HEIGHT="27">
							<String ID="string_195" HPOS="218" VPOS="861" WIDTH="47" HEIGHT="20" WC="0.96" CONTENT="med"/><SP WIDTH="16" VPOS="861" HPOS="265"/>
							<String ID="string_196" HPOS="281" VPOS="860" WIDTH="91" HEIGHT="21" WC="0.96" CONTENT="beslutet"/><SP WIDTH="15" VPOS="860" HPOS="372"/>
							<String ID="string_197" HPOS="387" VPOS="860" WIDTH="51" HEIGHT="21" WC="0.92" CONTENT="eller"/><SP WIDTH="15" VPOS="860" HPOS="438"/>
							<String ID="string_198" HPOS="453" VPOS="861" WIDTH="46" HEIGHT="20" WC="0.91" CONTENT="icke"/><SP WIDTH="16" VPOS="861" HPOS="499"/>
							<String ID="string_199" HPOS="515" VPOS="862" WIDTH="54" HEIGHT="19" WC="0.96" CONTENT="samt"/><SP WIDTH="15" VPOS="862" HPOS="569"/>
							<String ID="string_200" HPOS="584" VPOS="860" WIDTH="103" HEIGHT="21" WC="0.96" CONTENT="huruvida"/><SP WIDTH="16" VPOS="860" HPOS="687"/>
							<String ID="string_201" HPOS="703" VPOS="863" WIDTH="44" HEIGHT="18" WC="0.93" CONTENT="mot"/><SP WIDTH="17" VPOS="863" HPOS="747"/>
							<String ID="string_202" HPOS="764" VPOS="861" WIDTH="141" HEIGHT="26" WC="0.93" CONTENT="stiliseringen"/><SP WIDTH="11" VPOS="861" HPOS="905"/>
							<String ID="string_203" HPOS="916" VPOS="860" WIDTH="66" HEIGHT="26" WC="0.93" CONTENT="nägot"/><SP WIDTH="13" VPOS="860" HPOS="982"/>
							<String ID="string_204" HPOS="995" VPOS="860" WIDTH="41" HEIGHT="20" WC="0.96" CONTENT="kan"/>
						</TextLine>
						<TextLine ID="line_23" HPOS="216" VPOS="888" WIDTH="823" HEIGHT="27">
							<String ID="string_205" HPOS="216" VPOS="895" WIDTH="52" HEIGHT="15" WC="0.96" CONTENT="vara"/><SP WIDTH="14" VPOS="895" HPOS="268"/>
							<String ID="string_206" HPOS="282" VPOS="892" WIDTH="32" HEIGHT="18" WC="0.93" CONTENT="att"/><SP WIDTH="15" VPOS="892" HPOS="314"/>
							<String ID="string_207" HPOS="329" VPOS="889" WIDTH="107" HEIGHT="21" WC="0.95" CONTENT="anmärka."/><SP WIDTH="31" VPOS="889" HPOS="436"/>
							<String ID="string_208" HPOS="467" VPOS="889" WIDTH="42" HEIGHT="21" WC="0.95" CONTENT="För"/><SP WIDTH="16" VPOS="889" HPOS="509"/>
							<String ID="string_209" HPOS="525" VPOS="889" WIDTH="40" HEIGHT="21" WC="0.95" CONTENT="min"/><SP WIDTH="18" VPOS="889" HPOS="565"/>
							<String ID="string_210" HPOS="583" VPOS="889" WIDTH="33" HEIGHT="21" WC="0.96" CONTENT="del"/><SP WIDTH="21" VPOS="889" HPOS="616"/>
							<String ID="string_211" HPOS="637" VPOS="889" WIDTH="40" HEIGHT="21" WC="0.96" CONTENT="kan"/><SP WIDTH="14" VPOS="889" HPOS="677"/>
							<String ID="string_212" HPOS="691" VPOS="889" WIDTH="36" HEIGHT="26" WC="0.93" CONTENT="jag"/><SP WIDTH="15" VPOS="889" HPOS="727"/>
							<String ID="string_213" HPOS="742" VPOS="889" WIDTH="46" HEIGHT="22" WC="0.96" CONTENT="icke"/><SP WIDTH="16" VPOS="889" HPOS="788"/>
							<String ID="string_214" HPOS="804" VPOS="888" WIDTH="56" HEIGHT="22" WC="0.96" CONTENT="finna"/><SP WIDTH="16" VPOS="888" HPOS="860"/>
							<String ID="string_215" HPOS="876" VPOS="891" WIDTH="70" HEIGHT="22" WC="0.96" CONTENT="annat,"/><SP WIDTH="16" VPOS="891" HPOS="946"/>
							<String ID="string_216" HPOS="962" VPOS="891" WIDTH="27" HEIGHT="18" WC="0.96" CONTENT="än"/><SP WIDTH="16" VPOS="891" HPOS="989"/>
							<String ID="string_217" HPOS="1005" VPOS="890" WIDTH="34" HEIGHT="19" WC="0.96" CONTENT="att"/>
						</TextLine>
						<TextLine ID="line_24" HPOS="217" VPOS="917" WIDTH="820" HEIGHT="28">
							<String ID="string_218" HPOS="217" VPOS="917" WIDTH="73" HEIGHT="27" WC="0.95" CONTENT="sjelfva"/><SP WIDTH="16" VPOS="917" HPOS="290"/>
							<String ID="string_219" HPOS="306" VPOS="918" WIDTH="92" HEIGHT="27" WC="0.96" CONTENT="lydelsen"/><SP WIDTH="17" VPOS="918" HPOS="398"/>
							<String ID="string_220" HPOS="415" VPOS="918" WIDTH="21" HEIGHT="21" WC="0.93" CONTENT="af"/><SP WIDTH="15" VPOS="918" HPOS="436"/>
							<String ID="string_221" HPOS="451" VPOS="918" WIDTH="98" HEIGHT="26" WC="0.96" CONTENT="förslaget"/><SP WIDTH="16" VPOS="918" HPOS="549"/>
							<String ID="string_222" HPOS="565" VPOS="918" WIDTH="6" HEIGHT="20" WC="0.93" CONTENT="i"/><SP WIDTH="17" VPOS="918" HPOS="571"/>
							<String ID="string_223" HPOS="588" VPOS="917" WIDTH="116" HEIGHT="22" WC="0.91" CONTENT="hufvudsak"/><SP WIDTH="17" VPOS="917" HPOS="704"/>
							<String ID="string_224" HPOS="721" VPOS="920" WIDTH="24" HEIGHT="19" WC="0.96" CONTENT="är"/><SP WIDTH="16" VPOS="920" HPOS="745"/>
							<String ID="string_225" HPOS="761" VPOS="917" WIDTH="65" HEIGHT="28" WC="0.96" CONTENT="enligt"/><SP WIDTH="16" VPOS="917" HPOS="826"/>
							<String ID="string_226" HPOS="842" VPOS="919" WIDTH="47" HEIGHT="20" WC="0.96" CONTENT="med"/><SP WIDTH="16" VPOS="919" HPOS="889"/>
							<String ID="string_227" HPOS="905" VPOS="918" WIDTH="36" HEIGHT="21" WC="0.94" CONTENT="det"/><SP WIDTH="19" VPOS="918" HPOS="941"/>
							<String ID="string_228" HPOS="960" VPOS="917" WIDTH="77" HEIGHT="26" WC="0.96" CONTENT="beslut,"/>
						</TextLine>
						<TextLine ID="line_25" HPOS="216" VPOS="946" WIDTH="820" HEIGHT="27">
							<String ID="string_229" HPOS="216" VPOS="952" WIDTH="46" HEIGHT="15" WC="0.96" CONTENT="som"/><SP WIDTH="16" VPOS="952" HPOS="262"/>
							<String ID="string_230" HPOS="278" VPOS="946" WIDTH="22" HEIGHT="21" WC="0.92" CONTENT="af"/><SP WIDTH="13" VPOS="946" HPOS="300"/>
							<String ID="string_231" HPOS="313" VPOS="947" WIDTH="85" HEIGHT="21" WC="0.92" CONTENT="ständet"/><SP WIDTH="15" VPOS="947" HPOS="398"/>
							<String ID="string_232" HPOS="413" VPOS="947" WIDTH="96" HEIGHT="20" WC="0.91" CONTENT="fattades."/><SP WIDTH="33" VPOS="947" HPOS="509"/>
							<String ID="string_233" HPOS="542" VPOS="947" WIDTH="54" HEIGHT="20" WC="0.93" CONTENT="Herr"/><SP WIDTH="15" VPOS="947" HPOS="596"/>
							<String ID="string_234" HPOS="611" VPOS="946" WIDTH="121" HEIGHT="22" WC="0.92" CONTENT="Molanders"/><SP WIDTH="16" VPOS="946" HPOS="732"/>
							<String ID="string_235" HPOS="748" VPOS="947" WIDTH="145" HEIGHT="26" WC="0.90" CONTENT="anmärkning,"/><SP WIDTH="18" VPOS="947" HPOS="893"/>
							<String ID="string_236" HPOS="911" VPOS="949" WIDTH="32" HEIGHT="18" WC="0.86" CONTENT="att"/><SP WIDTH="15" VPOS="949" HPOS="943"/>
							<String ID="string_237" HPOS="958" VPOS="947" WIDTH="78" HEIGHT="24" WC="0.91" CONTENT="uttryc-"/>
						</TextLine>
						<TextLine ID="line_26" HPOS="217" VPOS="974" WIDTH="821" HEIGHT="29">
							<String ID="string_238" HPOS="217" VPOS="975" WIDTH="43" HEIGHT="26" WC="0.91" CONTENT="ket,"/><SP WIDTH="17" VPOS="975" HPOS="260"/>
							<String ID="string_239" HPOS="277" VPOS="975" WIDTH="34" HEIGHT="21" WC="0.96" CONTENT="det"/><SP WIDTH="15" VPOS="975" HPOS="311"/>
							<String ID="string_240" HPOS="326" VPOS="975" WIDTH="100" HEIGHT="22" WC="0.93" CONTENT="Finlands"/><SP WIDTH="16" VPOS="975" HPOS="426"/>
							<String ID="string_241" HPOS="442" VPOS="975" WIDTH="91" HEIGHT="22" WC="0.93" CONTENT="Ständer"/><SP WIDTH="13" VPOS="975" HPOS="533"/>
							<String ID="string_242" HPOS="546" VPOS="975" WIDTH="124" HEIGHT="21" WC="0.92" CONTENT="betraktade"/><SP WIDTH="13" VPOS="975" HPOS="670"/>
							<String ID="string_243" HPOS="683" VPOS="975" WIDTH="70" HEIGHT="22" WC="0.93" CONTENT="säsom"/><SP WIDTH="13" VPOS="975" HPOS="753"/>
							<String ID="string_244" HPOS="766" VPOS="976" WIDTH="31" HEIGHT="20" WC="0.93" CONTENT="sin"/><SP WIDTH="11" VPOS="976" HPOS="797"/>
							<String ID="string_245" HPOS="808" VPOS="975" WIDTH="102" HEIGHT="28" WC="0.93" CONTENT="rättighet"/><SP WIDTH="10" VPOS="975" HPOS="910"/>
							<String ID="string_246" HPOS="920" VPOS="977" WIDTH="32" HEIGHT="19" WC="0.93" CONTENT="att"/><SP WIDTH="10" VPOS="977" HPOS="952"/>
							<String ID="string_247" HPOS="962" VPOS="974" WIDTH="76" HEIGHT="27" WC="0.90" CONTENT="bringa"/>
						</TextLine>
						<TextLine ID="line_27" HPOS="217" VPOS="1003" WIDTH="820" HEIGHT="28">
							<String ID="string_248" HPOS="217" VPOS="1003" WIDTH="32" HEIGHT="21" WC="0.93" CONTENT="till"/><SP WIDTH="15" VPOS="1003" HPOS="249"/>
							<String ID="string_249" HPOS="264" VPOS="1003" WIDTH="120" HEIGHT="22" WC="0.89" CONTENT="fullbordan"/><SP WIDTH="16" VPOS="1003" HPOS="384"/>
							<String ID="string_250" HPOS="400" VPOS="1004" WIDTH="83" HEIGHT="21" WC="0.92" CONTENT="landets"/><SP WIDTH="15" VPOS="1004" HPOS="483"/>
							<String ID="string_251" HPOS="498" VPOS="1005" WIDTH="79" HEIGHT="20" WC="0.92" CONTENT="önskan"/><SP WIDTH="16" VPOS="1005" HPOS="577"/>
							<String ID="string_252" HPOS="593" VPOS="1007" WIDTH="33" HEIGHT="18" WC="0.93" CONTENT="att"/><SP WIDTH="21" VPOS="1007" HPOS="626"/>
							<String ID="string_253" HPOS="647" VPOS="1010" WIDTH="90" HEIGHT="21" WC="0.91" CONTENT="uppresa"/><SP WIDTH="22" VPOS="1010" HPOS="737"/>
							<String ID="string_254" HPOS="759" VPOS="1007" WIDTH="32" HEIGHT="18" WC="0.93" CONTENT="ett"/><SP WIDTH="22" VPOS="1007" HPOS="791"/>
							<String ID="string_255" HPOS="813" VPOS="1003" WIDTH="224" HEIGHT="24" WC="0.90" CONTENT="nationalmonument,"/>
						</TextLine>
						<TextLine ID="line_28" HPOS="217" VPOS="1031" WIDTH="821" HEIGHT="29">
							<String ID="string_256" HPOS="217" VPOS="1031" WIDTH="68" HEIGHT="22" WC="0.93" CONTENT="skulle"/><SP WIDTH="23" VPOS="1031" HPOS="285"/>
							<String ID="string_257" HPOS="308" VPOS="1033" WIDTH="66" HEIGHT="21" WC="0.95" CONTENT="strida"/><SP WIDTH="24" VPOS="1033" HPOS="374"/>
							<String ID="string_258" HPOS="398" VPOS="1035" WIDTH="43" HEIGHT="18" WC="0.93" CONTENT="mot"/><SP WIDTH="21" VPOS="1035" HPOS="441"/>
							<String ID="string_259" HPOS="462" VPOS="1033" WIDTH="189" HEIGHT="27" WC="0.90" CONTENT="Borgareständets"/><SP WIDTH="23" VPOS="1033" HPOS="651"/>
							<String ID="string_260" HPOS="674" VPOS="1033" WIDTH="69" HEIGHT="21" WC="0.95" CONTENT="beslut"/><SP WIDTH="15" VPOS="1033" HPOS="743"/>
							<String ID="string_261" HPOS="758" VPOS="1034" WIDTH="5" HEIGHT="20" WC="0.96" CONTENT="i"/><SP WIDTH="16" VPOS="1034" HPOS="763"/>
							<String ID="string_262" HPOS="779" VPOS="1033" WIDTH="72" HEIGHT="25" WC="0.96" CONTENT="saken,"/><SP WIDTH="14" VPOS="1033" HPOS="851"/>
							<String ID="string_263" HPOS="865" VPOS="1039" WIDTH="62" HEIGHT="15" WC="0.96" CONTENT="anser"/><SP WIDTH="12" VPOS="1039" HPOS="927"/>
							<String ID="string_264" HPOS="939" VPOS="1033" WIDTH="37" HEIGHT="26" WC="0.93" CONTENT="jag"/><SP WIDTH="14" VPOS="1033" HPOS="976"/>
							<String ID="string_265" HPOS="990" VPOS="1031" WIDTH="48" HEIGHT="22" WC="0.96" CONTENT="icke"/>
						</TextLine>
						<TextLine ID="line_29" HPOS="218" VPOS="1059" WIDTH="818" HEIGHT="29">
							<String ID="string_266" HPOS="218" VPOS="1067" WIDTH="51" HEIGHT="14" WC="0.96" CONTENT="vara"/><SP WIDTH="15" VPOS="1067" HPOS="269"/>
							<String ID="string_267" HPOS="284" VPOS="1061" WIDTH="101" HEIGHT="27" WC="0.93" CONTENT="grundad."/><SP WIDTH="31" VPOS="1061" HPOS="385"/>
							<String ID="string_268" HPOS="416" VPOS="1062" WIDTH="83" HEIGHT="26" WC="0.90" CONTENT="Antaga"/><SP WIDTH="16" VPOS="1062" HPOS="499"/>
							<String ID="string_269" HPOS="515" VPOS="1062" WIDTH="32" HEIGHT="26" WC="0.96" CONTENT="sig"/><SP WIDTH="15" VPOS="1062" HPOS="547"/>
							<String ID="string_270" HPOS="562" VPOS="1061" WIDTH="99" HEIGHT="22" WC="0.93" CONTENT="Finlands"/><SP WIDTH="21" VPOS="1061" HPOS="661"/>
							<String ID="string_271" HPOS="682" VPOS="1061" WIDTH="90" HEIGHT="22" WC="0.81" CONTENT="Ständer"/><SP WIDTH="15" VPOS="1061" HPOS="772"/>
							<String ID="string_272" HPOS="787" VPOS="1061" WIDTH="104" HEIGHT="27" WC="0.96" CONTENT="nämligen"/><SP WIDTH="18" VPOS="1061" HPOS="891"/>
							<String ID="string_273" HPOS="909" VPOS="1061" WIDTH="67" HEIGHT="21" WC="0.96" CONTENT="denna"/><SP WIDTH="15" VPOS="1061" HPOS="976"/>
							<String ID="string_274" HPOS="991" VPOS="1059" WIDTH="45" HEIGHT="25" WC="0.97" CONTENT="sak,"/>
						</TextLine>
						<TextLine ID="line_30" HPOS="218" VPOS="1089" WIDTH="821" HEIGHT="27">
							<String ID="string_275" HPOS="218" VPOS="1089" WIDTH="60" HEIGHT="22" WC="0.96" CONTENT="skola"/><SP WIDTH="23" VPOS="1089" HPOS="278"/>
							<String ID="string_276" HPOS="301" VPOS="1090" WIDTH="25" HEIGHT="21" WC="0.96" CONTENT="de"/><SP WIDTH="23" VPOS="1090" HPOS="326"/>
							<String ID="string_277" HPOS="349" VPOS="1091" WIDTH="33" HEIGHT="20" WC="0.93" CONTENT="väl"/><SP WIDTH="23" VPOS="1091" HPOS="382"/>
							<String ID="string_278" HPOS="405" VPOS="1090" WIDTH="59" HEIGHT="21" WC="0.92" CONTENT="äfven"/><SP WIDTH="22" VPOS="1090" HPOS="464"/>
							<String ID="string_279" HPOS="486" VPOS="1090" WIDTH="73" HEIGHT="26" WC="0.92" CONTENT="bringa"/><SP WIDTH="16" VPOS="1090" HPOS="559"/>
							<String ID="string_280" HPOS="575" VPOS="1090" WIDTH="38" HEIGHT="21" WC="0.96" CONTENT="den"/><SP WIDTH="17" VPOS="1090" HPOS="613"/>
							<String ID="string_281" HPOS="630" VPOS="1090" WIDTH="32" HEIGHT="21" WC="0.93" CONTENT="till"/><SP WIDTH="15" VPOS="1090" HPOS="662"/>
							<String ID="string_282" HPOS="677" VPOS="1089" WIDTH="127" HEIGHT="27" WC="0.92" CONTENT="fullbordan,"/><SP WIDTH="17" VPOS="1089" HPOS="804"/>
							<String ID="string_283" HPOS="821" VPOS="1097" WIDTH="32" HEIGHT="14" WC="0.92" CONTENT="om"/><SP WIDTH="18" VPOS="1097" HPOS="853"/>
							<String ID="string_284" HPOS="871" VPOS="1089" WIDTH="63" HEIGHT="22" WC="0.92" CONTENT="ocksä"/><SP WIDTH="16" VPOS="1089" HPOS="934"/>
							<String ID="string_285" HPOS="950" VPOS="1089" WIDTH="45" HEIGHT="21" WC="0.92" CONTENT="icke"/><SP WIDTH="16" VPOS="1089" HPOS="995"/>
							<String ID="string_286" HPOS="1011" VPOS="1089" WIDTH="28" HEIGHT="20" WC="0.96" CONTENT="de"/>
						</TextLine>
						<TextLine ID="line_31" HPOS="217" VPOS="1117" WIDTH="820" HEIGHT="27">
							<String ID="string_287" HPOS="217" VPOS="1118" WIDTH="91" HEIGHT="26" WC="0.92" CONTENT="ständer,"/><SP WIDTH="23" VPOS="1118" HPOS="308"/>
							<String ID="string_288" HPOS="331" VPOS="1124" WIDTH="45" HEIGHT="16" WC="0.96" CONTENT="som"/><SP WIDTH="24" VPOS="1124" HPOS="376"/>
							<String ID="string_289" HPOS="400" VPOS="1124" WIDTH="27" HEIGHT="15" WC="0.93" CONTENT="nu"/><SP WIDTH="23" VPOS="1124" HPOS="427"/>
							<String ID="string_290" HPOS="450" VPOS="1120" WIDTH="36" HEIGHT="20" WC="0.90" CONTENT="äro"/><SP WIDTH="23" VPOS="1120" HPOS="486"/>
							<String ID="string_291" HPOS="509" VPOS="1118" WIDTH="100" HEIGHT="26" WC="0.90" CONTENT="samlade,"/><SP WIDTH="16" VPOS="1118" HPOS="609"/>
							<String ID="string_292" HPOS="625" VPOS="1118" WIDTH="24" HEIGHT="21" WC="0.93" CONTENT="sä"/><SP WIDTH="15" VPOS="1118" HPOS="649"/>
							<String ID="string_293" HPOS="664" VPOS="1118" WIDTH="128" HEIGHT="22" WC="0.92" CONTENT="ätminstone"/><SP WIDTH="16" VPOS="1118" HPOS="792"/>
							<String ID="string_294" HPOS="808" VPOS="1120" WIDTH="25" HEIGHT="20" WC="0.96" CONTENT="de"/><SP WIDTH="16" VPOS="1120" HPOS="833"/>
							<String ID="string_295" HPOS="849" VPOS="1118" WIDTH="34" HEIGHT="21" WC="0.96" CONTENT="vid"/><SP WIDTH="16" VPOS="1118" HPOS="883"/>
							<String ID="string_296" HPOS="899" VPOS="1121" WIDTH="30" HEIGHT="18" WC="0.96" CONTENT="ett"/><SP WIDTH="16" VPOS="1121" HPOS="929"/>
							<String ID="string_297" HPOS="945" VPOS="1117" WIDTH="92" HEIGHT="27" WC="0.96" CONTENT="följande"/>
						</TextLine>
						<TextLine ID="line_32" HPOS="217" VPOS="1146" WIDTH="818" HEIGHT="28">
							<String ID="string_298" HPOS="217" VPOS="1146" WIDTH="143" HEIGHT="22" WC="0.85" CONTENT="ständermöte."/><SP WIDTH="39" VPOS="1146" HPOS="360"/>
							<String ID="string_299" HPOS="399" VPOS="1147" WIDTH="59" HEIGHT="21" WC="0.90" CONTENT="Hvad"/><SP WIDTH="16" VPOS="1147" HPOS="458"/>
							<String ID="string_300" HPOS="474" VPOS="1147" WIDTH="140" HEIGHT="27" WC="0.92" CONTENT="stiliseringen"/><SP WIDTH="16" VPOS="1147" HPOS="614"/>
							<String ID="string_301" HPOS="630" VPOS="1146" WIDTH="130" HEIGHT="22" WC="0.91" CONTENT="vidkommer"/><SP WIDTH="16" VPOS="1146" HPOS="760"/>
							<String ID="string_302" HPOS="776" VPOS="1148" WIDTH="70" HEIGHT="20" WC="0.96" CONTENT="kunna"/><SP WIDTH="16" VPOS="1148" HPOS="846"/>
							<String ID="string_303" HPOS="862" VPOS="1147" WIDTH="33" HEIGHT="21" WC="0.93" CONTENT="väl"/><SP WIDTH="16" VPOS="1147" HPOS="895"/>
							<String ID="string_304" HPOS="911" VPOS="1146" WIDTH="75" HEIGHT="26" WC="0.93" CONTENT="många"/><SP WIDTH="15" VPOS="1146" HPOS="986"/>
							<String ID="string_305" HPOS="1001" VPOS="1152" WIDTH="34" HEIGHT="14" WC="0.93" CONTENT="an-"/>
						</TextLine>
						<TextLine ID="line_33" HPOS="218" VPOS="1175" WIDTH="819" HEIGHT="27">
							<String ID="string_306" HPOS="218" VPOS="1175" WIDTH="134" HEIGHT="26" WC="0.96" CONTENT="märkningar"/><SP WIDTH="23" VPOS="1175" HPOS="352"/>
							<String ID="string_307" HPOS="375" VPOS="1177" WIDTH="62" HEIGHT="25" WC="0.96" CONTENT="göras"/><SP WIDTH="23" VPOS="1177" HPOS="437"/>
							<String ID="string_308" HPOS="460" VPOS="1180" WIDTH="56" HEIGHT="16" WC="0.93" CONTENT="emot"/><SP WIDTH="23" VPOS="1180" HPOS="516"/>
							<String ID="string_309" HPOS="539" VPOS="1176" WIDTH="127" HEIGHT="21" WC="0.90" CONTENT="densamma."/><SP WIDTH="31" VPOS="1176" HPOS="666"/>
							<String ID="string_310" HPOS="697" VPOS="1176" WIDTH="45" HEIGHT="21" WC="0.95" CONTENT="Den"/><SP WIDTH="25" VPOS="1176" HPOS="742"/>
							<String ID="string_311" HPOS="767" VPOS="1177" WIDTH="24" HEIGHT="19" WC="0.91" CONTENT="är"/><SP WIDTH="23" VPOS="1177" HPOS="791"/>
							<String ID="string_312" HPOS="814" VPOS="1176" WIDTH="17" HEIGHT="26" WC="0.96" CONTENT="ej"/><SP WIDTH="25" VPOS="1176" HPOS="831"/>
							<String ID="string_313" HPOS="856" VPOS="1176" WIDTH="35" HEIGHT="20" WC="0.96" CONTENT="det"/><SP WIDTH="18" VPOS="1176" HPOS="891"/>
							<String ID="string_314" HPOS="909" VPOS="1175" WIDTH="66" HEIGHT="25" WC="0.94" CONTENT="bästa,"/><SP WIDTH="17" VPOS="1175" HPOS="975"/>
							<String ID="string_315" HPOS="992" VPOS="1180" WIDTH="45" HEIGHT="15" WC="0.96" CONTENT="som"/>
						</TextLine>
						<TextLine ID="line_34" HPOS="218" VPOS="1203" WIDTH="819" HEIGHT="27">
							<String ID="string_316" HPOS="218" VPOS="1204" WIDTH="81" HEIGHT="20" WC="0.93" CONTENT="kunnat"/><SP WIDTH="15" VPOS="1204" HPOS="299"/>
							<String ID="string_317" HPOS="314" VPOS="1204" WIDTH="162" HEIGHT="21" WC="0.95" CONTENT="åstadkommas."/><SP WIDTH="25" VPOS="1204" HPOS="476"/>
							<String ID="string_318" HPOS="501" VPOS="1204" WIDTH="47" HEIGHT="21" WC="0.96" CONTENT="Men"/><SP WIDTH="17" VPOS="1204" HPOS="548"/>
							<String ID="string_319" HPOS="565" VPOS="1210" WIDTH="46" HEIGHT="16" WC="0.96" CONTENT="man"/><SP WIDTH="16" VPOS="1210" HPOS="611"/>
							<String ID="string_320" HPOS="627" VPOS="1206" WIDTH="41" HEIGHT="24" WC="0.26" CONTENT="vet,"/><SP WIDTH="12" VPOS="1206" HPOS="668"/>
							<String ID="string_321" HPOS="680" VPOS="1206" WIDTH="31" HEIGHT="19" WC="0.26" CONTENT="att"/><SP WIDTH="11" VPOS="1206" HPOS="711"/>
							<String ID="string_322" HPOS="722" VPOS="1205" WIDTH="39" HEIGHT="20" WC="0.96" CONTENT="den"/><SP WIDTH="13" VPOS="1205" HPOS="761"/>
							<String ID="string_323" HPOS="774" VPOS="1204" WIDTH="39" HEIGHT="21" WC="0.93" CONTENT="har"/><SP WIDTH="11" VPOS="1204" HPOS="813"/>
							<String ID="string_324" HPOS="824" VPOS="1203" WIDTH="123" HEIGHT="22" WC="0.96" CONTENT="tillkommit"/><SP WIDTH="14" VPOS="1203" HPOS="947"/>
							<String ID="string_325" HPOS="961" VPOS="1208" WIDTH="76" HEIGHT="22" WC="0.96" CONTENT="genom"/>
						</TextLine>
						<TextLine ID="line_35" HPOS="220" VPOS="1232" WIDTH="820" HEIGHT="28">
							<String ID="string_326" HPOS="220" VPOS="1238" WIDTH="25" HEIGHT="15" WC="0.92" CONTENT="en"/><SP WIDTH="16" VPOS="1238" HPOS="245"/>
							<String ID="string_327" HPOS="261" VPOS="1232" WIDTH="145" HEIGHT="26" WC="0.92" CONTENT="kompromiss,"/><SP WIDTH="16" VPOS="1232" HPOS="406"/>
							<String ID="string_328" HPOS="422" VPOS="1233" WIDTH="40" HEIGHT="21" WC="0.95" CONTENT="och"/><SP WIDTH="16" VPOS="1233" HPOS="462"/>
							<String ID="string_329" HPOS="478" VPOS="1233" WIDTH="39" HEIGHT="21" WC="0.96" CONTENT="den"/><SP WIDTH="16" VPOS="1233" HPOS="517"/>
							<String ID="string_330" HPOS="533" VPOS="1234" WIDTH="23" HEIGHT="20" WC="0.93" CONTENT="är"/><SP WIDTH="16" VPOS="1234" HPOS="556"/>
							<String ID="string_331" HPOS="572" VPOS="1233" WIDTH="89" HEIGHT="26" WC="0.93" CONTENT="troligen"/><SP WIDTH="17" VPOS="1233" HPOS="661"/>
							<String ID="string_332" HPOS="678" VPOS="1232" WIDTH="40" HEIGHT="21" WC="0.93" CONTENT="den"/><SP WIDTH="19" VPOS="1232" HPOS="718"/>
							<String ID="string_333" HPOS="737" VPOS="1234" WIDTH="59" HEIGHT="26" WC="0.93" CONTENT="enda,"/><SP WIDTH="15" VPOS="1234" HPOS="796"/>
							<String ID="string_334" HPOS="811" VPOS="1239" WIDTH="44" HEIGHT="15" WC="0.96" CONTENT="som"/><SP WIDTH="17" VPOS="1239" HPOS="855"/>
							<String ID="string_335" HPOS="872" VPOS="1233" WIDTH="39" HEIGHT="21" WC="0.93" CONTENT="har"/><SP WIDTH="15" VPOS="1233" HPOS="911"/>
							<String ID="string_336" HPOS="926" VPOS="1232" WIDTH="64" HEIGHT="26" WC="0.93" CONTENT="utsigt"/><SP WIDTH="15" VPOS="1232" HPOS="990"/>
							<String ID="string_337" HPOS="1005" VPOS="1233" WIDTH="35" HEIGHT="19" WC="0.96" CONTENT="att"/>
						</TextLine>
						<TextLine ID="line_36" HPOS="218" VPOS="1259" WIDTH="822" HEIGHT="29">
							<String ID="string_338" HPOS="218" VPOS="1260" WIDTH="27" HEIGHT="27" WC="0.96" CONTENT="gå"/><SP WIDTH="15" VPOS="1260" HPOS="245"/>
							<String ID="string_339" HPOS="260" VPOS="1261" WIDTH="87" HEIGHT="27" WC="0.94" CONTENT="igenom."/><SP WIDTH="32" VPOS="1261" HPOS="347"/>
							<String ID="string_340" HPOS="379" VPOS="1260" WIDTH="31" HEIGHT="22" WC="0.91" CONTENT="En"/><SP WIDTH="17" VPOS="1260" HPOS="410"/>
							<String ID="string_341" HPOS="427" VPOS="1261" WIDTH="120" HEIGHT="21" WC="0.95" CONTENT="återremiss"/><SP WIDTH="15" VPOS="1261" HPOS="547"/>
							<String ID="string_342" HPOS="562" VPOS="1262" WIDTH="7" HEIGHT="20" WC="0.96" CONTENT="i"/><SP WIDTH="16" VPOS="1262" HPOS="569"/>
							<String ID="string_343" HPOS="585" VPOS="1261" WIDTH="38" HEIGHT="22" WC="0.97" CONTENT="och"/><SP WIDTH="16" VPOS="1261" HPOS="623"/>
							<String ID="string_344" HPOS="639" VPOS="1260" WIDTH="33" HEIGHT="22" WC="0.92" CONTENT="för"/><SP WIDTH="26" VPOS="1260" HPOS="672"/>
							<String ID="string_345" HPOS="698" VPOS="1262" WIDTH="147" HEIGHT="26" WC="0.86" CONTENT="omstilisering"/><SP WIDTH="22" VPOS="1262" HPOS="845"/>
							<String ID="string_346" HPOS="867" VPOS="1267" WIDTH="61" HEIGHT="15" WC="0.96" CONTENT="anser"/><SP WIDTH="19" VPOS="1267" HPOS="928"/>
							<String ID="string_347" HPOS="947" VPOS="1260" WIDTH="37" HEIGHT="27" WC="0.96" CONTENT="jag"/><SP WIDTH="21" VPOS="1260" HPOS="984"/>
							<String ID="string_348" HPOS="1005" VPOS="1259" WIDTH="35" HEIGHT="21" WC="0.96" CONTENT="för"/>
						</TextLine>
						<TextLine ID="line_37" HPOS="219" VPOS="1289" WIDTH="821" HEIGHT="28">
							<String ID="string_349" HPOS="219" VPOS="1289" WIDTH="43" HEIGHT="21" WC="0.96" CONTENT="min"/><SP WIDTH="20" VPOS="1289" HPOS="262"/>
							<String ID="string_350" HPOS="282" VPOS="1290" WIDTH="33" HEIGHT="20" WC="0.96" CONTENT="del"/><SP WIDTH="24" VPOS="1290" HPOS="315"/>
							<String ID="string_351" HPOS="339" VPOS="1296" WIDTH="50" HEIGHT="14" WC="0.93" CONTENT="vara"/><SP WIDTH="22" VPOS="1296" HPOS="389"/>
							<String ID="string_352" HPOS="411" VPOS="1290" WIDTH="87" HEIGHT="26" WC="0.92" CONTENT="gagnlös"/><SP WIDTH="15" VPOS="1290" HPOS="498"/>
							<String ID="string_353" HPOS="513" VPOS="1290" WIDTH="39" HEIGHT="21" WC="0.96" CONTENT="och"/><SP WIDTH="16" VPOS="1290" HPOS="552"/>
							<String ID="string_354" HPOS="568" VPOS="1290" WIDTH="35" HEIGHT="21" WC="0.93" CONTENT="vill"/><SP WIDTH="17" VPOS="1290" HPOS="603"/>
							<String ID="string_355" HPOS="620" VPOS="1289" WIDTH="70" HEIGHT="22" WC="0.93" CONTENT="derför"/><SP WIDTH="16" VPOS="1289" HPOS="690"/>
							<String ID="string_356" HPOS="706" VPOS="1292" WIDTH="75" HEIGHT="25" WC="0.93" CONTENT="antaga"/><SP WIDTH="16" VPOS="1292" HPOS="781"/>
							<String ID="string_357" HPOS="797" VPOS="1290" WIDTH="100" HEIGHT="27" WC="0.93" CONTENT="förslaget"/><SP WIDTH="15" VPOS="1290" HPOS="897"/>
							<String ID="string_358" HPOS="912" VPOS="1290" WIDTH="75" HEIGHT="20" WC="0.92" CONTENT="sädant"/><SP WIDTH="16" VPOS="1290" HPOS="987"/>
							<String ID="string_359" HPOS="1003" VPOS="1289" WIDTH="37" HEIGHT="20" WC="0.96" CONTENT="det"/>
						</TextLine>
						<TextLine ID="line_38" HPOS="218" VPOS="1318" WIDTH="162" HEIGHT="26">
							<String ID="string_360" HPOS="218" VPOS="1324" WIDTH="28" HEIGHT="14" WC="0.92" CONTENT="nu"/><SP WIDTH="15" VPOS="1324" HPOS="246"/>
							<String ID="string_361" HPOS="261" VPOS="1318" WIDTH="119" HEIGHT="26" WC="0.91" CONTENT="föreligger."/>
						</TextLine>
					</TextBlock>
				</ComposedBlock>
				<ComposedBlock ID="cblock_5" HPOS="217" VPOS="1372" WIDTH="824" HEIGHT="173">
					<TextBlock ID="block_4" HPOS="217" VPOS="1372" WIDTH="824" HEIGHT="173">
						<TextLine ID="line_39" HPOS="286" VPOS="1372" WIDTH="754" HEIGHT="29">
							<String ID="string_362" HPOS="286" VPOS="1373" WIDTH="55" HEIGHT="21" WC="0.96" CONTENT="Herr"/><SP WIDTH="14" VPOS="1373" HPOS="341"/>
							<String ID="string_363" HPOS="355" VPOS="1373" WIDTH="124" HEIGHT="21" WC="0.93" CONTENT="Berner:"/><SP WIDTH="24" VPOS="1373" HPOS="479"/>
							<String ID="string_364" HPOS="503" VPOS="1373" WIDTH="33" HEIGHT="21" WC="0.92" CONTENT="Dä"/><SP WIDTH="21" VPOS="1373" HPOS="536"/>
							<String ID="string_365" HPOS="557" VPOS="1374" WIDTH="237" HEIGHT="27" WC="0.92" CONTENT="expeditionsutskottet"/><SP WIDTH="15" VPOS="1374" HPOS="794"/>
							<String ID="string_366" HPOS="809" VPOS="1374" WIDTH="71" HEIGHT="27" WC="0.93" CONTENT="vidtog"/><SP WIDTH="16" VPOS="1374" HPOS="880"/>
							<String ID="string_367" HPOS="896" VPOS="1372" WIDTH="144" HEIGHT="28" WC="0.92" CONTENT="fullgörandet"/>
						</TextLine>
						<TextLine ID="line_40" HPOS="218" VPOS="1400" WIDTH="818" HEIGHT="29">
							<String ID="string_368" HPOS="218" VPOS="1400" WIDTH="23" HEIGHT="22" WC="0.96" CONTENT="af"/><SP WIDTH="15" VPOS="1400" HPOS="241"/>
							<String ID="string_369" HPOS="256" VPOS="1401" WIDTH="35" HEIGHT="21" WC="0.93" CONTENT="det"/><SP WIDTH="16" VPOS="1401" HPOS="291"/>
							<String ID="string_370" HPOS="307" VPOS="1402" WIDTH="95" HEIGHT="27" WC="0.96" CONTENT="uppdrag"/><SP WIDTH="16" VPOS="1402" HPOS="402"/>
							<String ID="string_371" HPOS="418" VPOS="1402" WIDTH="117" HEIGHT="21" WC="0.95" CONTENT="detsamma"/><SP WIDTH="15" VPOS="1402" HPOS="535"/>
							<String ID="string_372" HPOS="550" VPOS="1402" WIDTH="53" HEIGHT="22" WC="0.93" CONTENT="hade"/><SP WIDTH="16" VPOS="1402" HPOS="603"/>
							<String ID="string_373" HPOS="619" VPOS="1402" WIDTH="89" HEIGHT="22" WC="0.84" CONTENT="lemnats"/><SP WIDTH="15" VPOS="1402" HPOS="708"/>
							<String ID="string_374" HPOS="723" VPOS="1402" WIDTH="24" HEIGHT="22" WC="0.97" CONTENT="af"/><SP WIDTH="13" VPOS="1402" HPOS="747"/>
							<String ID="string_375" HPOS="760" VPOS="1403" WIDTH="98" HEIGHT="26" WC="0.93" CONTENT="samtliga"/><SP WIDTH="16" VPOS="1403" HPOS="858"/>
							<String ID="string_376" HPOS="874" VPOS="1403" WIDTH="95" HEIGHT="25" WC="0.93" CONTENT="stånden,"/><SP WIDTH="12" VPOS="1403" HPOS="969"/>
							<String ID="string_377" HPOS="981" VPOS="1403" WIDTH="55" HEIGHT="19" WC="0.92" CONTENT="näm-"/>
						</TextLine>
						<TextLine ID="line_41" HPOS="217" VPOS="1430" WIDTH="824" HEIGHT="28">
							<String ID="string_378" HPOS="217" VPOS="1430" WIDTH="55" HEIGHT="26" WC="0.93" CONTENT="ligen"/><SP WIDTH="19" VPOS="1430" HPOS="272"/>
							<String ID="string_379" HPOS="291" VPOS="1432" WIDTH="31" HEIGHT="19" WC="0.93" CONTENT="att"/><SP WIDTH="16" VPOS="1432" HPOS="322"/>
							<String ID="string_380" HPOS="338" VPOS="1430" WIDTH="113" HEIGHT="22" WC="0.91" CONTENT="formulera"/><SP WIDTH="16" VPOS="1430" HPOS="451"/>
							<String ID="string_381" HPOS="467" VPOS="1431" WIDTH="25" HEIGHT="21" WC="0.93" CONTENT="de"/><SP WIDTH="15" VPOS="1431" HPOS="492"/>
							<String ID="string_382" HPOS="507" VPOS="1430" WIDTH="120" HEIGHT="22" WC="0.92" CONTENT="skrifvelser"/><SP WIDTH="15" VPOS="1430" HPOS="627"/>
							<String ID="string_383" HPOS="642" VPOS="1431" WIDTH="6" HEIGHT="21" WC="0.93" CONTENT="i"/><SP WIDTH="16" VPOS="1431" HPOS="648"/>
							<String ID="string_384" HPOS="664" VPOS="1432" WIDTH="88" HEIGHT="21" WC="0.92" CONTENT="ärendet"/><SP WIDTH="15" VPOS="1432" HPOS="752"/>
							<String ID="string_385" HPOS="767" VPOS="1432" WIDTH="71" HEIGHT="26" WC="0.92" CONTENT="hvarje"/><SP WIDTH="16" VPOS="1432" HPOS="838"/>
							<String ID="string_386" HPOS="854" VPOS="1432" WIDTH="61" HEIGHT="21" WC="0.92" CONTENT="ständ"/><SP WIDTH="24" VPOS="1432" HPOS="915"/>
							<String ID="string_387" HPOS="939" VPOS="1430" WIDTH="102" HEIGHT="23" WC="0.88" CONTENT="särskildt"/>
						</TextLine>
						<TextLine ID="line_42" HPOS="217" VPOS="1458" WIDTH="823" HEIGHT="28">
							<String ID="string_388" HPOS="217" VPOS="1458" WIDTH="34" HEIGHT="22" WC="0.95" CONTENT="för"/><SP WIDTH="23" VPOS="1458" HPOS="251"/>
							<String ID="string_389" HPOS="274" VPOS="1459" WIDTH="30" HEIGHT="25" WC="0.95" CONTENT="sig"/><SP WIDTH="23" VPOS="1459" HPOS="304"/>
							<String ID="string_390" HPOS="327" VPOS="1459" WIDTH="55" HEIGHT="21" WC="0.93" CONTENT="hade"/><SP WIDTH="24" VPOS="1459" HPOS="382"/>
							<String ID="string_391" HPOS="406" VPOS="1459" WIDTH="92" HEIGHT="25" WC="0.91" CONTENT="beslutit,"/><SP WIDTH="18" VPOS="1459" HPOS="498"/>
							<String ID="string_392" HPOS="516" VPOS="1460" WIDTH="94" HEIGHT="26" WC="0.92" CONTENT="förelägo"/><SP WIDTH="17" VPOS="1460" HPOS="610"/>
							<String ID="string_393" HPOS="627" VPOS="1460" WIDTH="32" HEIGHT="21" WC="0.93" CONTENT="för"/><SP WIDTH="15" VPOS="1460" HPOS="659"/>
							<String ID="string_394" HPOS="674" VPOS="1460" WIDTH="104" HEIGHT="22" WC="0.92" CONTENT="utskottet"/><SP WIDTH="16" VPOS="1460" HPOS="778"/>
							<String ID="string_395" HPOS="794" VPOS="1461" WIDTH="87" HEIGHT="21" WC="0.93" CONTENT="faktiskt"/><SP WIDTH="16" VPOS="1461" HPOS="881"/>
							<String ID="string_396" HPOS="897" VPOS="1460" WIDTH="58" HEIGHT="22" WC="0.96" CONTENT="olika"/><SP WIDTH="15" VPOS="1460" HPOS="955"/>
							<String ID="string_397" HPOS="970" VPOS="1460" WIDTH="70" HEIGHT="21" WC="0.96" CONTENT="beslut"/>
						</TextLine>
						<TextLine ID="line_43" HPOS="218" VPOS="1487" WIDTH="822" HEIGHT="24">
							<String ID="string_398" HPOS="218" VPOS="1487" WIDTH="46" HEIGHT="22" WC="0.92" CONTENT="frän"/><SP WIDTH="24" VPOS="1487" HPOS="264"/>
							<String ID="string_399" HPOS="288" VPOS="1488" WIDTH="26" HEIGHT="21" WC="0.96" CONTENT="de"/><SP WIDTH="21" VPOS="1488" HPOS="314"/>
							<String ID="string_400" HPOS="335" VPOS="1488" WIDTH="104" HEIGHT="22" WC="0.93" CONTENT="särskilda"/><SP WIDTH="15" VPOS="1488" HPOS="439"/>
							<String ID="string_401" HPOS="454" VPOS="1489" WIDTH="95" HEIGHT="21" WC="0.92" CONTENT="ständen."/><SP WIDTH="30" VPOS="1489" HPOS="549"/>
							<String ID="string_402" HPOS="579" VPOS="1489" WIDTH="159" HEIGHT="22" WC="0.92" CONTENT="Presteständet"/><SP WIDTH="16" VPOS="1489" HPOS="738"/>
							<String ID="string_403" HPOS="754" VPOS="1489" WIDTH="53" HEIGHT="22" WC="0.93" CONTENT="hade"/><SP WIDTH="17" VPOS="1489" HPOS="807"/>
							<String ID="string_404" HPOS="824" VPOS="1490" WIDTH="86" HEIGHT="21" WC="0.92" CONTENT="beslutit"/><SP WIDTH="15" VPOS="1490" HPOS="910"/>
							<String ID="string_405" HPOS="925" VPOS="1496" WIDTH="26" HEIGHT="14" WC="0.97" CONTENT="en"/><SP WIDTH="17" VPOS="1496" HPOS="951"/>
							<String ID="string_406" HPOS="968" VPOS="1489" WIDTH="72" HEIGHT="21" WC="0.96" CONTENT="adress"/>
						</TextLine>
						<TextLine ID="line_44" HPOS="217" VPOS="1516" WIDTH="823" HEIGHT="29">
							<String ID="string_407" HPOS="217" VPOS="1516" WIDTH="33" HEIGHT="22" WC="0.96" CONTENT="till"/><SP WIDTH="25" VPOS="1516" HPOS="250"/>
							<String ID="string_408" HPOS="275" VPOS="1516" WIDTH="59" HEIGHT="23" WC="0.93" CONTENT="Hans"/><SP WIDTH="23" VPOS="1516" HPOS="334"/>
							<String ID="string_409" HPOS="357" VPOS="1516" WIDTH="101" HEIGHT="28" WC="0.91" CONTENT="Majestät"/><SP WIDTH="21" VPOS="1516" HPOS="458"/>
							<String ID="string_410" HPOS="479" VPOS="1517" WIDTH="109" HEIGHT="27" WC="0.90" CONTENT="Kejsaren,"/><SP WIDTH="25" VPOS="1517" HPOS="588"/>
							<String ID="string_411" HPOS="613" VPOS="1518" WIDTH="139" HEIGHT="27" WC="0.91" CONTENT="uttryckande"/><SP WIDTH="25" VPOS="1518" HPOS="752"/>
							<String ID="string_412" HPOS="777" VPOS="1518" WIDTH="95" HEIGHT="22" WC="0.92" CONTENT="ständets"/><SP WIDTH="25" VPOS="1518" HPOS="872"/>
							<String ID="string_413" HPOS="897" VPOS="1517" WIDTH="143" HEIGHT="27" WC="0.92" CONTENT="undersätliga"/>
						</TextLine>
					</TextBlock>
				</ComposedBlock>
			</PrintSpace>
		</Page>
	</Layout>
</alto>
