1120 1800
224 136 41 20 140
436 142 177 20 Borgareständet
625 142 57 17 1882.
707 143 11 16 7
730 142 97 16 februari.

224 209 65 21 mätte
304 209 98 27 indragas
418 209 38 21 och
472 211 90 19 ersättas
577 210 22 20 af
608 211 31 19 ett
648 208 122 28 fyrklassigt
781 209 81 27 lyceum
874 208 47 22 med
932 208 113 22 enahanda

224 237 230 27 undervisningsspräk.

293 300 131 26 Helsingfors
439 300 39 20 den
495 302 12 19 6
522 300 102 21 Februari
643 300 59 21 1882.

720 362 25 20 P.
763 362 25 20 E.
803 361 88 24 Ervast,

637 406 151 24 Landtdagsman
800 407 29 18 för
841 406 73 23 Kajana
927 407 47 18 stad.

293 507 40 20 Det
348 512 73 15 senare
436 507 109 26 upplästes
561 505 23 22 af
598 505 49 22 herr
662 505 125 27 Nysten:

456 603 38 21 Till
511 603 105 27 vällofliga
632 603 179 26 borgareständet.

291 667 11 21 I
317 672 81 16 samma
413 673 55 19 mon,
483 672 45 16 som
543 667 36 21 vär
593 666 40 22 tids
648 666 113 26 utvidgade
775 666 133 21 konkurrens
919 666 12 21 ä
941 666 102 22 idkarene

224 695 22 21 af
268 696 25 21 de
316 696 109 26 praktiska
447 695 79 28 yrkena
541 695 58 21 ställt
615 695 37 21 allt
667 697 68 19 större
751 695 38 21 och
805 697 68 19 större
889 695 98 27 anspråk,
1002 695 41 21 har

223 724 62 22 äfven
305 724 99 22 behofvet
422 724 21 21 af
457 724 261 27 undervisningsanstalter
734 724 32 21 för
781 724 159 27 yrkesbildning
955 723 86 22 allmän-

224 760 50 14 nare
297 753 117 21 framträdt.
445 752 80 23 Genom
546 755 83 19 senaste
650 754 177 25 omorganisation
850 752 21 22 af
893 752 151 28 Polytekniska

223 781 104 22 institutet
343 784 24 18 är
382 788 86 14 numera
483 782 82 20 tillfälle
581 782 32 21 till
629 781 63 26 högre
708 781 143 26 fackbildning
866 782 57 21 inom
936 782 104 21 särskilda

224 810 23 21 af
261 810 60 22 dessa
335 811 65 26 yrken
417 810 61 21 äfven
496 810 5 20 i
518 810 46 21 värt
579 810 49 21 land
644 810 80 26 beredt,
740 816 47 15 men
803 810 32 20 för
845 812 30 19 ett
888 810 22 20 af
929 810 113 25 desamma,

224 838 97 22 handels-
344 839 39 21 och
405 839 119 26 köpmanna
546 839 61 26 yrket
629 840 23 19 är
675 838 68 27 någon
763 838 149 26 undervisning
929 839 6 20 i
952 839 90 21 nämnde

224 868 84 21 institut
329 867 45 21 icke
400 867 109 22 anordnad
532 867 39 22 och
587 868 26 20 de
627 867 157 25 läroanstalter,
801 873 44 15 som
861 866 46 22 afse
922 867 69 21 direkt
1005 870 36 18 ut-

224 896 94 26 bildning
340 896 32 21 för
395 896 64 25 detta,
481 896 79 22 kanske
583 896 35 21 det
637 896 109 26 vigtigaste
762 896 24 21 af
799 896 26 20 de
841 896 108 26 praktiska
964 896 76 26 kallen,

223 924 114 22 inskränka
356 925 31 26 sig
410 924 31 21 till
464 927 75 19 tvenne
561 930 74 19 genom
657 924 71 27 privat
746 924 89 21 initiativ
854 924 111 21 tillkomna
982 925 60 27 lägre

224 953 161 21 handelsskolor
404 955 5 17 i
429 948 46 26 Åbo
491 953 39 21 och
551 953 111 26 Uleåborg.
694 953 38 21 Att
748 953 68 20 denna
832 952 51 22 brist
899 953 56 26 uppå
968 952 72 28 hvarje

223 982 65 26 högre
304 982 183 21 handelsläroverk
503 982 54 21 varit
572 981 57 22 säväl
644 982 32 20 för
691 980 174 22 handelsständet
879 980 62 27 sjelft,
952 987 22 15 som
1008 981 33 22 för

223 1010 73 22 landet
318 1011 5 20 i
340 1010 46 22 dess
409 1010 71 22 helhet
501 1010 31 22 till
552 1017 53 19 men,
629 1010 38 21 har
689 1010 65 21 redan
777 1010 60 26 länge
853 1010 74 20 insetts
943 1009 38 21 och
996 983 50 57 ofta

224 1039 89 21 uttalats
334 1042 55 18 samt
411 1039 100 21 behöfver
535 1039 121 21 aldraminst
679 1038 5 21 i
708 1038 59 22 detta
790 1038 69 24 stånd,
878 1044 44 15 som
939 1038 55 21 inom
1009 1039 33 27 sig

223 1068 79 21 räknar
316 1068 24 21 så
355 1068 76 27 många
446 1068 22 20 af
481 1068 101 21 handelns
598 1068 107 24 mälsmän,
721 1069 96 19 närmare
833 1067 102 27 utläggas.
961 1065 84 23 Deträr

224 1096 62 21 äfven
302 1096 88 26 insigten
408 1097 79 22 härom,
503 1102 44 15 som
563 1096 86 21 förmått
664 1102 25 14 en
705 1096 71 26 privat
792 1102 53 18 man,
862 1101 87 15 numera
961 1095 81 21 aflidna

224 1125 140 21 Handlanden
379 1126 7 19 i
401 1124 117 22 Brahestad
533 1124 68 22 Johan
618 1124 95 22 Fellman
728 1124 32 20 till
776 1130 25 14 en
817 1124 33 20 för
865 1124 52 21 våra
929 1124 111 20 förhållan-

225 1153 39 21 den
287 1153 87 27 sällsynt
389 1153 97 27 frikostig
501 1154 100 20 donation
616 1152 33 22 till
665 1152 81 22 förmon
762 1152 32 21 för
809 1155 31 19 ett
855 1152 186 22 handelsläroverk

224 1182 6 21 i
246 1182 65 26 sagda
326 1181 54 22 stad.

294 1210 31 21 Då
347 1211 25 20 de
396 1210 105 21 donerade
524 1210 81 21 medlen
627 1216 85 15 numera
731 1210 89 27 uppnått
835 1209 36 21 det
887 1209 76 27 belopp
980 1209 22 20 af
1015 1216 25 15 en

224 1239 72 26 miljon
319 1238 64 26 mark,
405 1245 44 15 som
473 1238 21 21 af
515 1238 90 21 donator
627 1238 33 21 för
682 1238 129 21 läroverkets
833 1237 99 22 sättande
947 1238 7 21 i
969 1237 73 22 verket

224 1267 108 23 bestämts,
353 1267 39 20 har
407 1267 109 21 utlåtande
532 1267 22 20 af
568 1267 96 26 samtlige
679 1267 209 25 handelsföreningar
903 1267 4 20 i
924 1266 72 21 landet
1011 1267 31 20 in-

224 1295 92 22 fordrats
331 1296 89 20 rörande
436 1296 39 20 den
492 1295 105 22 blifvande
614 1295 162 22 läroanstaltens
799 1295 143 26 organisation
960 1295 32 20 för
1009 1297 33 19 att

224 1327 106 18 motsvara
345 1324 17 25 ej
379 1323 54 22 blott
449 1324 39 21 den
504 1327 49 22 orts,
569 1324 84 21 hvarest
666 1324 121 21 densamma
803 1323 53 22 skall
867 1323 111 27 förläggas,
990 1326 51 19 utan

224 1351 62 21 äfven
308 1351 47 21 hela
377 1350 83 22 landets
478 1352 62 20 behof
555 1352 38 20 och
609 1352 108 20 intressen.
748 1352 77 20 Dervid
840 1351 39 21 har
895 1352 21 19 af
931 1352 58 20 desse
1005 1358 37 14 en-

225 1380 106 26 stämmigt
352 1380 94 24 uttalats,
470 1382 31 18 att
523 1379 104 21 anstalten
651 1379 65 21 borde
739 1380 88 20 inrättas
845 1380 69 20 såsom
931 1382 29 18 ett
976 1379 67 27 högre

224 1408 172 22 handelsinstitut
410 1408 54 20 efter
479 1408 109 20 utländskt
603 1409 98 19 mönster.
731 1408 74 20 Denna
821 1408 54 26 åsigt
891 1408 39 20 har
945 1408 60 20 äfven
1021 1408 24 20 af

224 1436 212 27 handelsföreningen
461 1437 6 20 i
494 1436 123 27 Brahestad,
640 1436 66 22 under
728 1436 63 22 hvars
814 1436 127 27 förvaltning
964 1436 77 21 fonden

224 1466 45 22 står
280 1466 38 21 och
329 1466 13 21 å
349 1466 85 20 hvilken
445 1466 84 21 skolans
538 1465 142 27 organisation
688 1467 94 20 närmast
789 1466 128 25 ankommer,
927 1465 24 22 så
959 1466 85 26 mycket

223 1495 67 22 hellre
307 1494 113 26 omfattats,
437 1501 44 15 som
498 1494 61 22 ofvan
574 1494 110 28 påpekade
699 1494 64 22 behof
777 1494 31 22 för
823 1494 48 22 hela
886 1494 72 22 landet
974 1494 22 21 af
1009 1496 34 20 ett

225 1524 65 27 högre
305 1524 184 21 handelsläroverk
505 1524 119 26 derigenom
641 1523 67 21 blefve
724 1523 93 27 afhjelpt.
