1109 1823
280 139 177 22 Borgareståndet
470 141 56 16 1882.
551 140 12 17 7
575 144 62 13 mars.
845 133 43 22 405

136 209 51 28 »De,
211 209 70 21 hvilka
304 209 69 22 såsom
391 209 218 28 kontra-proposition
625 211 44 20 mot
683 209 116 22 utskottets
814 208 75 22 betän-

68 238 69 21 kande
152 237 113 27 godkänna
280 237 49 22 herr
345 237 128 28 Malmgrens
489 238 136 25 reservation,
641 240 59 19 rösta
713 238 32 27 ja;

137 266 73 22 vinner
225 266 40 27 nej,
281 267 38 20 har
334 267 85 21 ståndet
433 266 7 21 i
455 266 77 22 sådant
547 266 98 22 afseende
661 266 98 22 omfattat
773 265 50 22 herr
838 265 52 22 Hei-

67 294 45 23 kels
127 295 97 27 förslag.”

137 363 161 28 Propositionen
314 363 126 22 besvarades
455 363 49 22 med
520 363 153 27 öfvervägande
688 363 40 27 nej.

84 431 123 34 Sedan
223 431 88 23 sålunda
327 432 32 22 till
375 433 208 26 kontraproposition
605 434 46 20 mot
674 432 143 22 betänkandet
832 434 62 19 anta-

68 463 42 26 gits
125 461 50 22 herr
189 461 88 22 Heikels
291 461 86 28 förslag,
393 462 108 27 upplästes
516 468 26 15 en
558 461 23 22 så
595 461 92 28 lydande
702 461 141 28 proposition:

137 530 50 26 »De,
202 529 72 22 hvilka
288 530 112 27 godkänna
415 531 115 21 utskottets
545 531 85 26 förslag,
647 531 58 20 rösta
718 530 32 27 ja;

137 559 74 21 vinner
230 559 40 27 nej,
286 559 39 21 har
340 559 49 21 herr
404 559 87 21 Heikels
508 559 171 26 omformulering
694 558 70 22 blifvit
779 560 112 24 antagen".

138 627 131 21 Besvarades
292 628 47 20 med
363 629 26 19 26
410 628 23 25 ja
455 627 40 22 och
510 629 27 20 24
552 628 43 26 nej;
611 627 94 22 återstod
721 629 32 19 att
768 627 75 26 afgöra
858 632 36 15 om

70 656 26 21 de
111 655 23 21 af
147 656 75 21 herrar
238 655 55 22 Göös
309 656 39 21 och
364 656 103 26 Federley
482 656 124 21 framstälda
621 655 197 27 tilläggsförslagen,
831 655 61 22 hvar-

70 684 36 21 vid
128 684 49 22 herr
200 684 76 21 Göös
295 685 96 26 yttrade:
421 684 94 21 Emedan
531 685 62 27 ingen
609 683 126 23 understödt
750 684 49 21 mitt
813 683 82 28 förslag

71 713 38 21 ber
122 712 36 28 jag
174 715 32 19 att
221 713 21 22 få
258 713 97 28 återtaga
371 713 124 22 detsamma.

140 782 49 22 Med
205 782 99 22 afseende
320 783 13 21 &
345 782 49 22 herr
409 781 114 29 Federleys
538 781 80 28 förslag
633 781 124 23 framstälde
771 781 50 22 herr
833 780 60 22 Tal-

71 818 128 16 mannen
215 812 97 21 deremot
328 812 68 21 denna
411 812 142 26 proposition:

141 881 52 27 »De,
208 881 72 21 hvilka
295 880 112 28 godkänna
422 880 50 22 herr
487 880 115 27 Federleys
614 878 169 29 tilläggsförslag,
795 881 58 19 rösta
861 878 33 27 ja;

72 910 74 21 vinner
161 910 41 27 nej,
218 909 94 22 förfaller
327 909 137 22 detsamma."

140 978 162 27 Propositionen
329 977 126 22 besvarades
483 977 46 21 med
556 979 74 19 nästan
654 976 101 27 enhälligt
777 976 40 27 nej.
848 975 45 22 Och

73 1007 55 22 hade
144 1007 85 22 ståndet
243 1006 83 22 således
342 1006 137 21 oförändradt
494 1005 95 28 godkänt
604 1005 115 22 utskottets
734 1004 141 22 betänkande.

144 1185 119 26 Föredrogs
279 1185 38 21 och
334 1184 111 22 bordiades
462 1183 31 22 till
509 1185 62 20 nästa
585 1183 156 22 sammanträde
756 1183 92 27 följande
864 1183 33 21 till

74 1214 86 22 ståndet
175 1214 100 21 inkomna
289 1213 155 26 betänkanden,
460 1213 115 26 nämligen:

144 1284 32 20 1:0
192 1282 150 27 lagutskottets
356 1281 135 22 betänkande
506 1281 39 22 N:o
562 1281 12 20 2
589 1281 7 21 i
612 1280 113 28 anledning
739 1281 24 20 af
776 1281 60 21 Hans
846 1279 50 28 Kej-

74 1311 78 27 serliga
173 1311 110 26 Majestäts
303 1311 77 26 nädiga
394 1309 131 28 proposition
542 1309 107 28 angäende
665 1309 121 26 inteckning
801 1309 6 20 i
823 1309 74 21 meka-

74 1340 60 22 niska
157 1339 40 22 och
212 1339 133 22 industriella
361 1339 50 21 verk
426 1340 55 20 samt
497 1339 47 21 med
561 1338 47 21 dem
623 1337 104 22 likartade
743 1337 154 27 inrättningar;

143 1411 33 19 2:0
198 1408 106 22 allmänna
324 1407 203 22 besvärsutskottets
548 1406 134 22 betänkande
702 1406 41 21 N:o
759 1407 13 20 4
787 1405 111 28 angående

75 1440 31 18 ett
128 1437 6 21 i
158 1437 159 21 Presteständet
339 1436 63 21 väckt
424 1435 80 27 förslag
526 1442 34 15 om
581 1435 88 26 ändring
685 1435 23 20 af
722 1435 13 26 $
751 1435 26 21 14
792 1435 7 20 i
814 1434 84 27 Nädiga

74 1465 161 26 Förordningen
251 1464 22 22 af
287 1464 40 21 den
345 1465 23 19 11
385 1463 43 27 Maj
447 1463 53 21 1866
517 1463 91 21 rörande
623 1463 173 27 organisationen
812 1463 24 20 af
844 1463 55 20 folk-

74 1493 162 23 skoleväsendet
251 1493 7 20 i
273 1492 100 25 Finland;
