1125 1809
285 126 178 21 Borgareståndet
476 127 56 17 1882.
557 128 11 16 7
581 126 96 18 februari.
854 120 42 20 227

75 196 47 21 från
137 195 24 22 år
175 195 33 21 till
224 195 29 21 år.
278 195 77 21 Medan
370 195 89 21 sålunda
474 196 6 20 i
496 202 25 15 en
537 195 34 21 del
586 198 58 18 orter
659 202 25 14 en
700 195 89 21 taxerad
805 195 92 21 inkomst

75 224 23 21 af
113 226 39 20 100
168 224 60 21 mark
244 224 116 27 berättigar
374 224 33 20 till
422 224 77 21 valrätt
515 224 39 21 och
569 224 115 26 valbarhet,
700 224 81 21 fordras
791 224 28 26 på
830 224 68 20 andra

76 258 25 16 en
122 252 130 27 uppskattad
266 252 93 21 inkomst
373 252 25 21 af
411 253 48 23 200,
475 254 47 23 300,
538 253 42 21 400
596 252 51 21 eller
663 253 41 21 500
720 252 59 21 mark
796 252 33 21 för
843 252 54 26 poli-

76 280 42 21 tisk
133 282 95 19 rösträtt.

143 309 49 21 Icke
215 309 77 26 fjärran
315 309 45 21 från
381 309 131 21 sistnämnda
531 309 59 27 fråga
604 309 45 20 står
664 309 123 26 tolkningen
803 308 22 21 af
839 308 35 21 det
890 309 7 20 i

75 343 80 16 samma
178 337 11 28 $
212 337 95 27 inrymda
329 337 117 26 stadgande
469 338 78 25 derom,
570 339 32 20 att
620 343 101 20 personer
735 343 56 21 ,som
807 339 36 19 äro
860 343 36 15 an-

74 365 69 22 stälde
166 367 7 20 i
196 372 80 15 annans
298 365 64 27 tjenst
379 365 50 22 eller
444 366 98 27 ständiga
558 366 73 21 arbete
647 365 52 22 eller
715 366 114 26 daglönare
845 365 53 22 eller

75 395 66 20 andra
165 394 77 27 dylika,
265 401 44 14 som
332 394 90 27 försörja
444 395 33 26 sig
499 395 46 21 med
561 394 102 26 tillfälligt
678 395 82 24 arbete;
777 394 51 21 eller
844 395 54 24 dem,

74 423 72 21 hvilka
164 423 75 21 endast
254 423 32 21 för
301 423 174 27 sjelfförsörjning
491 430 38 19 ega
544 423 72 22 utöfva
631 423 65 26 något
710 423 65 27 yrke"
791 423 47 21 icke
853 423 44 20 till-

74 453 96 20 kommer
192 452 88 27 politisk
302 454 94 19 rösträtt.
426 452 129 21 Obestämda
575 458 44 15 som
638 453 61 19 dessa
718 451 179 27 bestämningar
884 447 17 36 i

75 481 42 26 hög
138 481 54 26 grad
214 482 43 24 äro,
273 480 63 22 hafva
351 481 26 21 dé
393 480 121 21 framkallat
530 487 25 14 en
570 481 144 26 väsendtligen
730 480 55 21 olika
801 480 97 27 tolkning

75 510 27 25 på
118 509 56 21 olika
190 511 63 19 orter.

144 538 33 21 Då
200 539 35 20 det
256 538 45 21 icke
317 538 41 21 kan
374 543 61 16 anses
451 537 227 22 öfverensstämmande
695 538 46 20 med
757 537 141 27 landtdagens

76 566 101 21 karaktär
198 566 40 21 och
260 566 108 27 betydelse
391 566 23 21 af
435 573 25 14 en
479 566 80 27 verklig
576 566 271 27 national-representation
864 568 33 19 att

76 595 56 21 inom
155 595 69 21 skilda
246 595 117 21 valkretsar
386 595 56 21 olika
464 595 104 26 principer
591 595 33 20 för
639 594 77 22 valrätt
732 594 39 21 och
786 594 112 21 valbarhet

76 624 63 21 vinna
161 623 140 27 tillämpning,
324 629 62 22 synes
409 624 35 21 det
467 623 113 22 önskvärdt
596 626 37 22 att,
649 629 76 21 genom
741 623 156 27 förtydligande

76 652 39 21 och
138 652 183 27 kompletterande
344 652 23 21 af
388 652 136 21 förenämnda
547 653 11 26 8
582 653 31 24 12,
636 651 115 25 bestämda,
767 652 32 21 för
814 651 84 22 landets

76 681 98 26 samtliga
188 681 73 21 städer
274 681 99 26 gällande
387 681 69 26 regler
470 681 115 26 uppställas
596 681 90 20 rörande
697 681 202 26 landtdagsmanna-

77 709 60 21 valen
153 709 32 21 till
200 709 185 26 Borgareståndet.

145 738 41 21 För
202 740 32 19 att
248 738 6 20 i
270 738 217 21 öfverensstämmelse
502 738 47 21 med
564 737 241 27 landtdagsordningens
818 737 80 27 grund-

76 767 80 26 princip
172 767 52 21 söka
238 767 147 21 åstadkomma
401 767 39 21 den
456 769 78 19 största
549 766 86 27 möjliga
650 767 124 20 samverkan
790 767 26 20 de
829 766 69 21 skilda

76 795 89 22 stånden
188 795 96 27 emellan,
306 795 39 22 har
362 795 7 21 i
385 795 12 28 &
413 798 26 19 47
455 795 76 22 införts
546 795 116 26 stadgande
678 801 34 15 om
728 801 170 20 ,,gemensamma

76 825 184 20 sammanträden"
283 824 33 21 för
338 824 128 27 behandling
488 824 23 21 af
530 825 32 20 vid
580 823 128 28 landtdagen
724 823 173 22 förekommande

77 853 78 27 frågor.
186 853 74 21 Denna
275 853 140 26 bestämning,
430 853 35 21 vid
480 853 84 21 hvilken
581 853 54 20 1867
650 853 34 20 års
699 852 198 27 grundlagsstiftare

77 888 61 21 synas
154 882 64 21 fästat
233 882 90 21 särskild
339 882 50 27 vigt,
405 881 40 21 har
460 882 115 20 emellertid
592 881 46 21 icke
654 881 83 21 erhållit
753 881 40 21 den
803 881 94 21 använd-

77 911 55 26 ning,
156 917 45 14 som
223 911 54 21 varit
298 911 105 21 önskvärd
426 910 38 21 och
487 911 79 24 afsedd,
589 910 38 21 och
648 910 58 21 detta
727 909 108 22 sannolikt
849 911 48 19 när-

77 943 55 17 mast
146 939 28 27 på
189 939 67 27 grund
271 939 22 21 af
307 946 25 15 en
348 939 81 22 mindre
440 939 66 27 tydlig
517 939 110 26 affattning
640 939 22 20 af
671 939 127 20 densamma.
823 938 74 21 Redan

78 969 36 20 det
134 968 6 21 i
162 969 108 26 ingressen
285 968 104 27 ingående
404 968 106 27 uttrycket
526 985 10 8 ,
539 968 83 26 allmän,
638 967 35 21 vid
688 967 128 27 landtdagen
832 968 66 20 under

76 997 157 26 handläggniog
254 998 92 20 varande
367 997 70 27 fråga"
458 997 70 21 kunde
544 997 54 26 gifva
614 996 112 27 anledning
742 996 32 21 till
789 996 40 21 den
845 1002 51 21 upp:

77 1026 91 27 fattning
191 1029 32 18 att
246 1025 88 22 stånden
357 1025 34 21 för
413 1025 73 27 hvarje
501 1025 99 22 särskildt
616 1025 78 20 ärende
709 1031 50 14 vore
774 1025 123 20 nödsakade

77 1055 54 20 fatta
154 1055 69 20 beslut
245 1061 33 14 om
302 1054 47 21 dess
370 1054 155 27 hänskjutande
543 1054 32 21 till
590 1056 130 25 gemensamt
734 1053 163 24 sammanträde,

77 1085 50 19 utan
148 1085 32 19 att
195 1083 26 21 de
236 1084 28 25 på
278 1089 26 15 en
319 1084 55 26 gång
390 1083 70 21 kunde
476 1083 31 20 dit
521 1083 88 20 hänvisa
624 1082 55 21 vissa
694 1088 93 21 grupper
802 1081 21 21 af
837 1083 60 20 ären-

78 1112 40 20 den
133 1112 70 21 såsom
219 1114 15 18 t.
250 1119 31 14 ex.
298 1112 70 26 frågor
384 1118 33 14 om
433 1111 104 21 särskilda
552 1111 93 21 utskotts
661 1110 137 25 tillsättande,
813 1110 84 21 remiss-

77 1141 76 26 frågor,
169 1141 176 26 anslagsärenden
362 1147 27 14 m.
404 1147 27 14 m.

171 1169 45 27 $:en
232 1169 77 21 saknas
320 1169 72 21 vidare
404 1169 132 26 bestämning
547 1175 33 14 om
591 1168 104 21 huruvida
706 1167 191 27 propositionerna,

78 1204 44 15 som
145 1198 61 21 skola
221 1198 56 27 ligga
292 1198 31 21 till
339 1197 68 28 grund
423 1197 32 21 för
473 1198 99 21 ståndens
588 1197 75 26 beslut,
680 1197 51 20 böra
746 1197 116 26 uppställas
877 1196 23 21 af

78 1227 139 20 ordföranden
234 1227 33 20 vid
284 1227 34 20 det
335 1233 155 20 gemensamma
505 1225 171 25 sammanträdet,
692 1225 57 26 eller,
766 1225 64 21 sedan
841 1225 56 21 stän-

78 1255 40 20 den
133 1255 97 26 åtskiljts,
246 1255 22 21 af
282 1255 70 21 desses
368 1255 86 20 talmän.
480 1255 37 20 Ett
530 1254 154 27 förtydligande
694 1253 115 26 stadgande
820 1255 7 18 i
838 1254 60 20 först-

78 1283 90 22 nämnda
184 1284 103 26 ritktning
302 1290 61 20 synes
380 1283 83 22 derföre
477 1283 52 21 böra
544 1283 45 26 $:en
604 1282 88 26 bifogas.
720 1282 10 21 I
746 1281 152 26 sammanhang

77 1312 87 21 härmed
188 1318 60 20 synes
270 1311 186 28 uppmärksamhet
478 1312 60 20 äfven
554 1312 52 20 böra
620 1317 64 20 egnas
699 1310 80 27 frågan,
795 1311 103 20 huruvida

77 1340 46 21 icke
138 1340 69 26 någon
223 1341 119 26 förenkling
357 1341 7 20 i
380 1342 64 19 sättet
459 1340 33 21 för
507 1340 124 26 pröfningen
647 1339 23 21 af
685 1339 25 20 de
721 1339 118 26 föreslagna
849 1345 49 20 pro-

77 1369 144 26 positionerna
242 1369 70 21 kunde
333 1369 79 26 vinnas,
434 1369 24 20 så
480 1370 32 19 att
533 1368 68 21 skilda
618 1367 145 22 ståndsbeslut
778 1367 33 21 för
826 1367 71 26 hvarje

77 1397 76 22 sådant
168 1397 37 22 fall
220 1397 46 22 icke
282 1403 50 15 vore
348 1393 142 31 erforderliga.

147 1426 102 25 Slutligen
272 1426 42 20 kan
336 1426 40 20 den
392 1426 6 19 i
414 1414 56 45 g:ns
474 1426 51 20 sista
541 1426 93 19 moment
648 1424 102 26 ingående
765 1423 133 26 bestämning

79 1453 78 26 derom,
179 1456 32 18 att
234 1453 73 25 ,hvart
328 1453 63 21 stånd
412 1455 13 19 å
441 1453 36 21 sitt
493 1456 58 17 rum*
567 1452 54 21 skall
637 1441 55 32 fatta
708 1452 69 21 beslut
792 1452 6 20 i
814 1451 35 21 vid
863 1457 36 20 ge-

78 1484 103 19 mensamt
196 1482 156 21 sammanträde
366 1481 117 26 handlagdt
499 1481 76 20 ärende
588 1480 140 26 tilläfventyrs
743 1480 24 21 så
780 1480 75 25 tolkas,
866 1481 33 19 att

78 1511 89 21 stånden
190 1510 33 22 för
246 1510 72 28 hvarje
341 1510 76 21 sådant
439 1509 36 21 fall
493 1509 66 21 borde
574 1509 115 21 återvända
704 1508 32 21 till
752 1508 46 21 sina
813 1507 86 28 respek-
