1092 1745
201 129 42 21 936
499 137 84 16 "Yleisiä
595 137 127 17 kokouksia.
907 136 24 17 31
942 141 20 16 p.
975 135 55 18 elok.

270 205 10 20 1
297 205 53 24 S:stä
365 205 69 21 lausui

269 261 38 21 hra
329 261 152 22 Neovius:
512 262 11 21 I
546 263 68 21 andra
638 265 119 19 momentet
772 262 113 22 definieras
900 262 131 27 fullkomligt

198 289 75 27 riktigt
295 290 83 21 enskild
401 291 170 21 sammankomst
594 297 46 15 som
664 297 26 15 en
714 292 65 21 sådan
806 291 175 26 sammankomst,
997 291 31 21 till

198 318 87 21 hvilken
301 319 76 21 endast
391 319 137 27 personligen
544 320 104 27 inbjudna
663 320 109 27 deltagare
787 319 64 22 hafva
866 320 99 21 tillträde.
986 320 43 21 För

198 349 32 19 att
244 346 118 29 förebygga
377 354 25 15 en
418 347 71 22 alltför
500 349 64 26 trång
578 348 99 27 tolkning
692 349 23 21 af
729 349 70 22 denna
814 347 111 23 definition
940 349 39 21 har
995 350 32 19 ut-

198 375 82 22 skottet
303 375 68 28 tillagt
393 377 40 21 den
456 376 152 28 förklaringen,
631 380 37 23 att,
691 377 65 22 också
771 384 35 15 om
823 383 26 15 en
865 377 100 27 förening
981 383 46 16 som

198 404 66 22 sådan
288 404 69 22 blifvit
379 405 76 27 kallad,
479 406 209 22 sammankomstens
710 406 101 22 karaktär
835 406 22 21 af
874 406 83 22 enskild
973 406 55 22 däri-

198 439 77 20 genom
300 434 45 21 icke
368 434 117 21 förändras.
517 434 113 22 Utskottet
648 435 39 21 har
702 435 68 27 enligt
786 435 43 20 min
847 434 138 27 uppfattning
1000 434 27 27 på

199 461 53 22 sidd.
268 462 29 21 23
318 462 39 21 och
380 463 28 20 24
425 463 62 26 gifvit
501 463 131 27 fullkomligt
647 463 107 22 bindande
770 463 131 27 motivering
915 463 33 22 för
964 463 65 26 detta,

198 496 49 15 men
263 491 70 20 såvidt
345 491 38 27 jag
397 491 84 26 förstår,
493 491 66 27 gäller
575 498 80 15 samma
667 492 130 27 motivering
807 491 66 22 också
883 491 146 28 korporation.

197 519 42 26 Jag
261 519 69 21 skulle
346 519 70 22 därför
439 520 67 21 tillåta
529 521 44 26 mig
592 520 78 21 föreslå
684 521 125 21 återremiss
825 521 7 20 i
848 520 35 21 det
899 520 60 27 syfte,
975 523 31 18 att
1021 520 7 21 i

198 547 66 22 slutet
279 547 24 22 af
315 548 67 21 andra
402 551 117 19 momentet
534 552 30 18 ett
580 549 76 21 sådant
671 549 75 27 tillägg
761 549 71 22 skulle
848 550 69 25 göras,
933 551 32 19 att
979 549 49 21 kor-

197 576 100 27 poration
314 577 68 21 skulle
397 577 104 22 likställas
512 578 49 21 med
571 577 99 28 förening
680 578 6 21 i
698 578 37 21 där
746 577 165 28 ifrågavarande
921 577 106 22 afseende.

197 605 42 26 Jag
248 605 37 21 vill
299 605 93 27 tillägga,
407 608 32 19 att
453 607 50 20 mitt
517 606 81 27 förslag
614 607 61 20 står
667 601 12 37 i
688 607 44 21 viss
744 606 223 21 öfverensstämmelse
978 606 49 21 med

198 633 41 22 den
255 633 125 28 förändring
395 635 105 21 utskottet
516 635 57 27 gjort
587 635 7 21 i
609 635 13 21 9
638 637 10 24 $
665 635 28 27 på
707 635 69 27 fjärde
791 635 73 21 raden.

267 691 132 22 Keskustelu
406 692 123 27 julistettiin
540 693 153 26 päättyneeksi,
700 692 68 27 jonka
773 692 87 27 jälkeen
870 691 39 22 hra
916 692 111 27 puhemies

199 719 58 22 esitti
274 725 115 16 seuraavan
406 721 220 27 äänestysesityksen:

269 777 64 20 Jotka
356 777 136 28 hyväksyvät
512 778 153 21 valiokunnan
689 778 143 21 ehdottaman
855 778 171 20 sananmuodon

199 806 12 19 1
225 805 61 27 $:lle,
302 807 127 20 äänestävät
443 807 48 26 jaa;
504 807 64 27 jotka
580 807 47 20 sitä
642 807 58 20 eivät
716 809 36 24 tee,
768 808 131 19 äänestävät
913 807 28 24 ei;

265 863 34 26 jos
315 863 20 20 ei
350 863 89 27 voittaa,
459 871 28 14 on
502 865 64 26 sääty
582 864 109 21 sanotulle
704 864 112 27 pykälälle
833 863 140 28 hyväksynyt
987 870 39 14 sen

198 892 176 26 sananmuodon,
386 893 70 26 jonka
473 893 41 20 hra
529 892 98 21 Neovius
642 899 28 14 on
686 893 138 20 ehdottanut.

265 948 129 27 Esitykseen
411 952 143 19 vastattaessa
569 949 27 22 oli
610 949 36 27 jaa
656 949 93 25 voitolla,
757 949 63 27 joten
829 949 158 27 porvarissääty
995 949 30 21 oli

197 976 133 28 hyväksynyt
346 979 10 19 1
373 979 32 25 $:n
421 978 143 21 valiokunnan
580 978 133 21 ehdotuksen
730 978 133 21 mukaisesti.

263 1034 14 21 2
292 1033 53 29 S:stä
360 1034 70 21 lausui

262 1091 39 21 hra
315 1091 118 24 Heikel,
448 1092 128 21 Teodor:
593 1092 57 21 Sista
665 1092 107 27 uttrycket
788 1092 7 21 i
811 1093 14 25 $
841 1091 13 21 2
869 1091 59 27 lyder
937 1091 38 22 »sä
984 1091 40 22 ock

191 1119 24 22 af
229 1119 119 28 förening».
377 1121 42 26 Jag
441 1127 63 15 anser
520 1121 60 25 dock,
595 1124 31 18 att
646 1121 127 27 paragrafen
790 1120 69 21 borde
874 1126 62 15 anses
952 1120 71 27 riktig,

192 1155 34 14 om
251 1149 36 20 det
309 1149 69 20 heter:
404 1149 36 21 »så
463 1149 39 22 ock
525 1149 23 21 af
567 1149 7 21 i
596 1149 73 21 landet
692 1149 119 22 inskrifven
835 1148 119 27 förening».
980 1149 43 20 Det

190 1176 71 22 finnes
284 1177 55 21 visst
359 1184 26 14 en
409 1178 151 21 motsvarande
582 1178 151 21 bestämmelse
754 1178 8 20 i
778 1177 154 27 lagutskottets
949 1177 73 21 betän-

190 1205 71 21 kande
276 1212 34 15 n:o
325 1206 14 20 4
353 1207 111 26 angäende
486 1207 35 26 lag
536 1213 35 14 om
587 1206 127 27 föreningar,
731 1207 39 20 där
787 1205 142 28 lagutskottet
943 1206 7 21 i
966 1206 12 27 $
994 1206 25 21 31

189 1233 113 28 föreslagit
323 1236 31 19 ett
374 1237 101 24 moment,
491 1241 46 15 som
552 1235 64 27 lyder,
632 1238 31 18 att
682 1235 147 26 rättigheter,
845 1241 46 14 som
908 1234 27 27 pä
951 1234 70 27 grund

189 1261 23 22 af
225 1262 62 27 lagen
303 1269 34 15 om
354 1263 106 21 allmänna
483 1264 193 21 sammankomster
695 1265 37 20 äro
749 1263 130 21 tillerkända
893 1262 128 27 föreningar,

189 1291 120 21 tillkomma
324 1291 45 21 icke
384 1291 105 27 förening,
505 1292 85 21 hvilkeu
607 1292 45 21 icke
659 1287 78 36 blifvit
746 1292 6 20 i
761 1291 214 27 föreningsregistret
989 1291 32 21 in-

189 1318 115 22 skrifven».
334 1319 65 22 Detta
413 1320 119 27 stadgande
548 1327 62 20 synes
627 1320 35 22 det
678 1321 44 26 mig
737 1320 57 22 dock
810 1322 32 18 att
857 1319 114 27 lämpligen
983 1320 39 20 bör

187 1348 51 27 ingä
253 1348 8 21 i
276 1348 70 21 denna
361 1348 35 27 lag
411 1355 34 15 om
462 1349 193 22 sammankomster
671 1349 39 21 och
726 1348 109 22 uteslutas
851 1348 45 21 frän
913 1348 60 27 lagen
985 1355 35 14 om

187 1375 129 28 föreningar,
339 1379 22 25 ty
382 1383 43 21 nog
445 1377 38 22 hör
502 1378 36 21 det
552 1377 77 22 främst
644 1378 37 21 hit.
711 1377 81 22 Därför
809 1377 70 21 skulle
891 1377 38 26 jag
942 1376 80 21 föreslä

186 1405 125 21 återremiss
326 1406 8 20 i
349 1405 76 22 sådant
441 1406 54 27 syfte
510 1409 32 18 att
558 1407 63 20 dessa
636 1407 39 20 ord
692 1406 70 21 skulle
778 1405 82 22 införas
876 1405 7 21 i
898 1407 11 24 $
925 1405 18 24 2,
955 1405 24 21 sä
989 1407 32 19 att

186 1433 54 21 sista
257 1436 72 19 satsen
345 1433 85 22 komme
446 1437 32 18 att
493 1435 58 26 lyda:
569 1435 36 21 »sä
620 1435 40 21 ock
675 1435 91 21 ilandet
775 1433 118 22 inskrifven
902 1433 118 27 förening».

259 1491 46 20 Hra
319 1491 138 24 Castrén,
479 1491 129 21 Arthur:
624 1492 58 21 Minä
704 1491 110 28 pyytäisin
831 1493 110 19 vastustaa
956 1491 63 20 ehdo-

188 1520 70 19 tettua
281 1522 115 23 muutosta,
420 1520 46 21 sillä
489 1520 71 21 uuden
580 1520 131 27 yhdistyksiä
733 1520 112 21 koskevan
869 1519 42 21 lain
927 1519 92 22 mukaan
