1084 1739
48 125 24 16 14
84 129 20 16 p.
118 123 73 18 kesäk.
347 114 231 35 Kulkulaitosrahasto.
835 115 41 21 707

119 193 46 20 Hra
195 191 111 27 puhemies
336 191 49 27 jätti
416 191 80 21 ensiksi
523 191 79 26 säädyn
632 189 156 28 päätettäväksi
812 189 66 21 valio-

49 221 88 21 kunnan
153 221 118 20 lausunnot
285 220 84 21 sivuilla
385 219 62 22 1—3.

120 278 46 21 Hra
176 277 89 26 Hjelt
277 277 60 27 pyysi
347 276 167 27 puheenvuoroa
526 276 22 27 ja
559 276 81 21 lausui:
653 276 87 27 Pyydän
752 275 64 22 saada
826 275 52 21 huo-

50 308 96 20 mauttaa
165 306 96 27 pienestä
276 305 98 26 seikasta,
387 305 67 27 johon
470 305 48 21 olen
535 307 99 19 sattunut
649 304 161 21 kiinnittämään
826 304 53 21 huo-

51 335 88 22 miotani
147 335 23 26 ja
182 334 52 27 joka
249 336 78 19 tuntuu
343 334 54 25 siltä,
411 333 51 22 kuin
479 334 53 21 siinä
547 333 84 21 kohden
643 333 48 21 olisi
702 333 105 21 olemassa
823 333 57 26 pieni

52 363 101 22 ristiriita.
184 363 129 21 Valiokunta
328 363 111 20 mainitsee
455 362 76 21 sivulla
546 363 19 23 2,
577 364 43 19 että
636 368 23 15 se
675 368 27 15 on
718 364 76 19 saanut
805 361 75 21 valtio-

52 392 129 21 konttorista
205 391 79 27 tietoja,
296 391 61 27 jotka
372 391 104 21 kuuluvat
492 391 55 21 1905
562 391 85 20 vuoden
663 390 181 27 tilinpäätökseen,
857 389 24 27 ja

52 421 104 21 ilmoittaa
171 420 77 21 sivulla
258 420 19 24 3,
288 422 43 19 että
341 419 104 22 tullitulot
455 422 50 19 ovat
514 419 129 21 mainittuna
653 425 85 15 vuonna
752 421 127 18 »nousseet>

54 450 73 21 vissiin
143 451 99 19 määrään
258 449 35 27 (37
310 448 128 27 miljoonaan
451 448 16 27 j.
482 455 20 15 n.
518 449 32 26 e.).
575 448 70 21 Mutta
660 447 43 21 kun
720 454 58 15 sama
793 448 45 20 asia
853 454 27 14 on

55 478 60 22 esillä
137 478 110 21 mietintöä
269 484 139 14 seuraavassa
431 477 104 21 liitteessä
557 477 76 21 sivulla
650 477 32 23 19,
698 476 43 21 niin
758 476 124 22 valiokunta

54 507 84 25 lausuu,
161 508 44 20 että
234 506 56 21 koko
322 506 100 21 vuodelta
449 506 55 21 1905
532 506 110 20 »voitanee
667 505 104 21 tullitulot
795 505 85 21 laskea»

56 536 125 25 37,700,000
200 535 121 21 markkaan.
351 534 48 22 Ken
421 534 19 22 ei
456 534 33 22 ole
505 536 86 20 ottanut
606 540 51 15 osaa
673 534 209 21 valtiovaliokunnan

56 564 67 21 töihin
139 564 48 21 eikä
202 563 115 22 senvuoksi
333 563 33 21 ole
381 563 127 27 perehtynyt
523 563 71 21 näihin
605 562 95 28 laskujen
712 562 171 27 yksityiskohtiin

57 596 82 18 saattaa
153 592 93 28 helposti
263 592 86 27 erehtyä
364 592 127 21 tehdessään
508 592 141 21 muistutusta
664 592 110 20 mietintöä
789 593 94 23 vastaan,

57 624 69 18 mutta
141 621 47 21 olen
204 620 109 22 kuitenkin
329 620 102 22 katsonut
446 620 83 22 olevani
545 620 119 21 oikeutettu
680 622 56 19 tästä
748 620 136 21 ristiriidasta

58 650 194 25 huomauttamaan,
261 649 60 27 jotta,
331 649 34 27 jos
379 649 244 27 jommassakummassa
637 648 84 22 kohden
730 648 53 27 joku
794 648 90 27 erehdys

58 685 34 17 on,
107 680 58 20 tämä
179 678 106 21 voitaisiin
301 680 58 19 ottaa
374 678 116 21 huomioon
506 677 281 22 tarkastusvaliokunnassa.

128 736 47 21 Hra
190 735 230 27 Schybergson:
452 735 177 21 Statsutskottets
645 734 146 27 föreliggande
811 735 73 21 hetän-

59 764 69 21 kande
150 766 120 19 motsvarar
289 764 45 21 icke
351 764 55 21 blott
420 764 37 21 det
472 764 107 21 allmänna
595 763 227 27 anslagsbetänkande,
838 770 46 14 som

60 793 35 21 vid
118 793 154 26 landtdagarna
287 792 22 22 af
323 792 161 22 statsutskottet
503 792 95 27 afgifves,
614 795 51 18 utan
682 795 119 18 motsvarar
817 791 69 27 äfven,

61 822 71 21 säsom
147 821 6 21 i
169 821 144 21 betänkandet
327 821 129 26 framhälles,
479 822 36 20 det
530 821 141 23 betänkande,
687 827 45 15 som
748 821 36 21 vid
799 820 88 27 lagtima

60 850 126 26 landtdagar
208 850 89 26 afgifves
315 850 8 20 i
337 850 116 26 anledning
472 850 23 20 af
515 850 194 21 finansrelationen.
739 849 149 21 Betänkandet

61 881 23 19 är
100 878 71 21 därför
186 878 6 21 i
209 878 88 22 dubbelt
312 878 99 22 afseende
427 878 120 24 värdefullt,
558 878 72 22 säsom
643 878 25 27 ju
683 878 34 21 för
734 877 64 27 öfrigt
809 878 78 21 förhäl-

61 908 73 20 landet
149 907 59 21 alltid
224 907 55 21 varit
294 907 49 21 med
358 907 173 21 statsutskottets
547 907 148 21 betänkanden
712 907 34 21 vid
757 907 51 21 vära
819 906 68 22 landt-

62 936 71 26 dagar.
165 936 55 21 Utan
243 935 73 21 tvifvel
338 936 96 20 kommer
457 938 31 18 ett
510 936 23 20 af
554 936 26 20 de
598 936 162 21 intressantaste
776 935 75 21 bladen
867 934 23 22 af

62 965 38 20 vär
123 964 269 27 ständerrepresentations
407 964 90 21 historia
512 967 32 19 att
559 966 88 25 utgöras
659 964 47 26 just
721 964 22 21 af
756 964 132 26 skildringen

63 993 22 21 af
106 993 172 21 statsutskottets
297 993 35 21 vid
347 993 50 21 våra
414 993 202 26 ständslandtdagar
631 993 73 21 arbete
719 992 39 22 och
773 992 116 27 inflytande

63 1022 28 26 pä
108 1021 226 27 statshushällningen.
364 1022 42 20 Det
428 1024 24 18 är
470 1022 82 26 ganska
570 1021 150 27 märkvärdigt,
736 1024 30 18 att
782 1023 54 19 trots
853 1021 37 21 det

64 1053 30 18 att
117 1050 38 21 vär
177 1050 207 27 landtdagsordning
408 1050 120 27 uppställer
551 1052 90 25 gränsen
659 1050 76 21 mellan
750 1050 139 26 regeringens

64 1079 39 21 och
119 1079 126 21 ständernas
261 1079 126 27 penningar,
403 1081 55 19 trots
474 1079 36 21 det
521 1081 32 19 att
563 1079 138 26 regeringens
712 1079 119 26 penningar
842 1078 48 21 tack

64 1114 50 14 vare
130 1107 101 21 särskildt
245 1107 187 21 tullinkomsterna
446 1107 61 21 räckt
522 1108 31 20 till
569 1108 24 20 sä
607 1107 39 25 väl,
662 1109 30 19 att
703 1108 66 24 nägra
779 1107 111 21 bevillnin-

66 1142 36 21 gar
119 1136 120 26 egentligen
255 1136 46 21 icke
316 1136 54 21 hade
385 1137 55 20 varit
451 1136 48 21 frän
509 1136 105 21 finansiell
625 1136 109 26 synpunkt
746 1135 144 27 erforderliga,

65 1166 55 20 trots
142 1164 100 27 slutligen
259 1164 26 22 de
300 1164 63 27 länga
377 1164 152 22 intervallerna
545 1164 76 21 mellan
637 1164 160 27 landtdagarna,
814 1164 24 22 sä
852 1164 40 21 har

66 1193 36 21 det
123 1193 81 27 lyckats
228 1193 163 21 statsutskottet
412 1195 31 19 att
459 1195 98 25 uppgöra
573 1199 26 15 en
615 1192 133 28 öfversiktlig
763 1193 81 25 budget
858 1192 34 22 för

66 1222 36 20 vär
119 1221 198 27 statshushällning.
347 1222 27 20 Vi
394 1222 68 21 måste
474 1222 26 26 ju
515 1222 100 25 erkänna,
631 1224 31 18 att
677 1228 26 14 en
720 1222 32 21 del
768 1221 22 22 af
803 1221 89 27 förtjän-

66 1253 46 18 sten
135 1250 130 21 tillkommer
287 1250 41 21 den
351 1256 55 19 man,
425 1256 45 15 som
489 1251 68 21 under
573 1253 31 18 ett
619 1256 38 21 par
673 1250 117 26 decennier,
807 1256 34 15 om
854 1250 40 27 jag

66 1279 46 21 icke
127 1279 137 21 missminner
279 1279 49 26 mig,
343 1279 105 21 innehade
469 1278 250 28 finanschefsportföljen,
735 1279 105 27 nämligen
856 1278 36 22 fri-

66 1308 62 20 herre
143 1306 120 27 Molander,
275 1313 45 15 som
329 1307 24 27 ju
365 1308 47 20 med
424 1314 25 14 en
460 1308 175 20 erkännansvärd
648 1307 93 27 lojalitet,
752 1314 26 14 en
789 1308 105 26 hänsyns-

66 1336 81 25 fullhet,
163 1342 26 14 en
205 1336 125 21 korrekthet
348 1336 88 26 iakttog,
452 1336 56 21 hvad
525 1336 115 21 ständerna
655 1336 39 21 och
710 1336 162 21 statsutskottet
886 1336 9 20 i

67 1364 60 26 fräga
142 1370 34 15 om
194 1364 211 27 statsförvaltningen
422 1364 40 22 och
478 1364 220 27 statshushällningen
718 1365 95 27 päyrkat.
843 1364 50 21 Men

68 1392 209 28 hufvudförtjänsten
301 1393 38 21 har
362 1393 54 21 dock
439 1393 57 21 varit
518 1393 180 21 statsutskottets.
728 1394 42 26 Jag
792 1393 38 21 har
849 1393 47 21 icke

68 1422 69 26 nägon
161 1421 79 21 inblick
263 1421 31 21 uti
309 1422 83 20 arbetet
406 1422 58 20 inom
482 1422 59 20 detta
556 1421 84 21 utskott
655 1422 34 20 vid
705 1422 123 21 nuvarande
844 1421 52 21 eller

68 1450 129 26 föregäende
211 1450 132 26 landtdagar.
374 1450 45 21 Och
435 1450 36 21 det
486 1450 39 21 har
540 1449 100 22 förefallit
655 1450 49 26 mig,
720 1456 45 15 som
782 1456 35 16 om
831 1450 65 21 bland

68 1478 41 21 alla
132 1478 49 21 dess
205 1478 136 21 medlemmar
362 1478 39 22 och
416 1478 78 21 mellan
511 1479 26 21 de
554 1478 105 21 särskilda
674 1478 178 27 delegationerna,
868 1478 28 27 pä

68 1506 71 21 hvilka
153 1506 84 22 arbetet
251 1506 38 21 har
308 1506 108 27 fördelats,
432 1509 77 19 nästan
526 1513 26 15 en
569 1506 62 22 täflan
648 1507 38 21 har
702 1510 35 24 egt
751 1514 47 14 rum
815 1507 6 21 i
836 1506 61 27 fräga
