1095 1745
50 86 27 17 10
89 91 20 16 p.
122 85 72 21 syysk.
228 85 135 17 Laittomasti
376 86 51 16 erot.
439 85 21 20 ja
472 85 67 16 nimit.
552 84 148 17 virkamiehet.
823 77 56 21 1049

120 154 42 26 Jag
177 153 69 21 mäste
260 153 71 22 därför
346 153 74 22 förena
436 153 43 27 mig
494 160 34 14 om
545 153 117 22 utskottets
677 152 87 27 förslag,
780 158 47 15 men
840 151 40 27 jag

53 183 112 23 erkänner,
181 184 31 19 att
234 182 59 21 detta
313 182 53 21 lider
389 182 22 21 af
428 188 26 15 en
470 182 106 27 väsentlig
591 182 59 24 brist,
667 181 85 21 hvilken
768 181 37 21 har
822 180 58 27 gjort

53 211 44 27 mig
120 211 102 25 tveksam,
244 210 105 21 huruvida
363 210 38 27 jag
416 213 52 19 utan
484 210 72 21 vidare
572 210 71 21 kunde
659 209 89 22 omfatta
764 209 58 22 detta
836 209 43 20 för-

53 240 47 27 slag
115 239 51 22 eller
182 239 50 21 icke.
262 238 30 22 Af
312 239 117 21 utskottets
450 239 134 21 betänkande
599 239 31 20 fär
647 245 47 14 man
712 238 106 27 nämligen
833 237 48 21 icke

54 269 70 26 nägon
141 267 83 22 klarhet
239 267 50 21 eller
305 267 130 28 upplysning
450 274 41 19 om,
507 267 56 22 huru
579 267 117 21 vidsträckt
707 267 40 21 den
758 266 123 27 föreslagna

53 297 103 27 ätgärden
173 296 68 21 skulle
256 296 84 21 komma
355 298 32 19 att
401 296 71 21 värka.
502 297 56 20 Frän
575 299 48 18 rent
638 295 117 28 principiell
772 295 108 27 synpunkt

54 325 41 22 kan
119 325 58 21 detta
196 331 52 14 vara
262 325 100 26 tämligen
378 325 106 26 likgiltigt,
500 331 48 14 men
565 331 48 14 man
630 324 68 21 mäste
714 324 74 21 härvid
804 323 77 21 beakta

54 354 62 21 äfven
133 354 39 21 den
189 356 48 18 rent
252 353 108 27 praktiska
376 353 60 22 sidan
460 353 38 22 och
515 360 23 15 se
553 353 38 26 till,
607 353 55 21 huru
678 356 60 18 stora
748 352 132 27 rubbningar

54 383 58 20 inom
129 382 243 27 tjänstemannavärlden
389 383 70 20 denna
474 382 35 27 lag
524 382 41 21 kan
581 381 101 22 medföra.
707 382 41 26 Jag
764 381 53 21 hade
833 381 48 20 där-

54 411 34 21 för
104 413 66 25 gärna
182 412 48 24 sett,
246 413 30 18 att
292 410 104 21 utskottet
412 411 32 20 uti
460 411 37 21 sitt
513 411 134 21 betänkande
663 410 57 26 gjort
730 410 51 20 reda
791 409 33 21 för
835 415 46 15 om-

55 438 119 27 fattningen
191 438 46 22 utaf
251 439 40 20 den
306 438 121 27 föreslagna
442 439 109 26 ätgärden.
574 439 76 26 Nägon
666 438 67 21 sädan
744 437 138 27 redogörelse

54 467 69 22 finnes
147 467 53 21 dock
221 467 45 21 icke
289 467 38 21 och
350 467 37 21 har
407 467 35 21 väl
463 467 60 21 äfven
547 467 56 21 varit
617 467 33 21 för
664 467 108 21 utskottet
786 466 48 21 svär
850 468 32 19 att

56 498 102 25 uppgöra,
182 495 126 22 hvarför'vi
323 502 29 15 nu
367 496 69 21 mäste
452 495 73 28 afgöra
540 495 74 28 frägan
631 498 51 19 utan
698 495 58 21 detta
772 495 110 26 underlag.

55 525 42 26 Jag
112 525 39 21 har
165 524 49 21 hört
229 524 113 27 uppgifvas
357 524 22 21 af
393 531 109 20 personer,
523 531 45 15 som
585 524 63 21 hafva
663 525 54 20 varit
732 524 7 21 i
754 523 81 22 tillfälle
850 524 32 20 att

57 559 44 15 mer
117 555 27 19 än
157 553 38 27 jag
210 555 56 19 sätta
280 553 33 27 sig
328 553 20 21 in
364 553 6 21 i
387 553 71 21 denna
472 553 65 26 fräga,
553 556 31 18 att
599 553 37 21 det
645 553 107 27 praktiskt
762 554 58 25 taget
830 557 52 16 vore

57 581 101 28 tämligen
175 581 104 27 likgiltigt,
295 588 33 15 om
346 582 116 21 ständerna
477 582 68 21 skulle
561 584 77 25 antaga
654 588 26 14 en
691 581 35 27 lag
737 581 53 21 efter
799 580 82 21 utskot-

57 613 42 18 tets
110 610 80 27 förslag
202 610 50 21 eller
263 610 52 21 efter
327 611 109 26 protessor
449 611 150 20 Hermansons
617 610 131 21 reservation
757 610 50 21 eller
816 609 67 26 enligt

57 639 37 21 det
108 639 84 27 förslag,
209 645 45 15 som
271 639 37 21 här
322 639 126 21 framställts
464 639 22 21 af
499 639 25 21 hr
541 639 131 22 Söderholm.
696 638 129 27 Uppgiftens
840 637 43 22 rik-

57 667 68 27 tighet
140 667 40 22 kan
193 667 38 27 jag
246 667 53 22 dock
313 667 46 22 icke
381 667 76 28 pröfva
479 668 39 21 och
534 668 68 21 mäste
617 667 71 22 därför
704 667 90 22 bedöma
808 666 74 27 frägan

58 696 136 21 uteslutande
218 696 46 21 frän
288 696 40 21 den
351 697 132 26 principiella
507 696 142 27 synpunkten,
667 696 40 21 och
723 696 27 21 dä
764 695 69 22 mäste
845 695 39 27 jag

58 724 89 22 omfatta
169 725 116 21 utskottets
308 725 85 26 förslag,
416 727 51 19 enär
491 725 36 22 det
550 731 64 21 synes
630 725 49 27 mig,
702 726 32 19 att
748 724 93 21 hvarken
857 723 26 22 hr

59 753 149 22 Hermansons
223 753 51 22 eller
289 753 24 21 hr
333 753 137 22 Söderholms
493 753 81 28 förslag
589 756 33 19 tar
638 755 70 25 steget
722 753 48 21 fullt
785 755 29 21 ut,
831 754 51 19 utan

59 784 87 19 stannar
162 782 24 21 sä
201 785 31 18 att
248 784 51 25 säga
317 782 28 27 pä
365 782 70 21 halfva
459 784 67 25 vägen
542 785 52 18 utan
609 785 32 18 att
656 781 71 22 därför
742 781 54 22 dock
811 781 73 21 kunna

58 810 122 27 framdraga
201 811 66 26 nägra
281 810 123 27 fulltgiltiga
420 811 52 21 skäl.
502 811 43 21 Det
564 813 23 19 är
605 811 55 21 visst
675 812 69 24 sannt,
759 813 32 18 att
806 816 77 21 genom

59 839 116 21 utskottets
190 839 80 26 förslag
285 839 22 21 ät
321 840 127 26 regeringen
464 839 81 22 lämnas
561 846 27 14 en
604 839 142 22 diskretionär
761 838 124 28 myndighet

59 870 32 18 att
113 868 96 24 bedöma,
228 868 72 20 hvilka
322 868 151 26 utnämningar
489 868 45 21 icke
551 868 57 21 skett
622 869 7 19 i
645 867 174 27 grundlagsenlig
835 867 49 21 ord-

59 896 57 26 ning,
133 896 38 21 och
187 896 91 22 därefter
294 896 85 26 vidtaga
395 896 47 21 sina
458 896 105 27 ätgärder.
594 896 42 21 Det
651 898 23 19 är
690 896 54 21 dock
759 895 126 27 uppenbart,

59 927 32 18 att
105 925 128 26 regeringen
248 925 7 21 i
271 925 57 21 detta
351 924 36 22 fall
408 925 71 21 mäste
499 925 56 21 hälla
571 925 33 27 sig
619 925 77 21 endast
710 924 32 22 till
757 924 80 22 sädana
851 926 33 18 ut-

59 953 133 27 nämningar,
215 960 46 14 som
284 954 118 26 otvetydigt
425 954 35 20 stä
482 954 6 20 i
511 954 54 21 strid
589 957 44 18 mot
655 954 41 21 den
715 953 23 21 af
752 952 132 28 grundlagen

60 982 102 26 stadgade
185 982 118 26 ordningen
325 981 33 22 för
380 982 143 27 tjänstemans
546 982 150 26 utnämnande,
718 982 38 21 och
772 982 63 26 hyser
848 981 38 27 jag

59 1010 34 21 för
109 1011 43 20 min
168 1010 34 22 del
218 1010 60 22 äfven
294 1010 49 22 fullt
364 1010 126 22 förtroende
508 1011 31 21 till
555 1012 133 26 regeringen,
703 1013 31 19 att
750 1010 40 22 den
805 1010 7 21 i
827 1010 58 21 detta

60 1038 36 22 fall
119 1039 53 21 skall
195 1039 79 21 förfara
292 1040 48 20 med
356 1039 27 21 all
399 1040 66 26 nödig
480 1040 89 26 hänsyn.
599 1040 49 20 Men
661 1040 38 26 jag
714 1039 41 26 kan
771 1038 54 22 dock
840 1038 47 21 icke

61 1067 60 25 neka,
136 1070 31 19 att
195 1070 31 19 ett
262 1068 53 21 visst
338 1068 149 27 berättigande
516 1068 69 22 finnes
610 1068 7 21 i
642 1068 36 21 det
701 1068 114 25 uttalande,
839 1073 47 15 som

61 1096 69 27 gjorts
147 1096 57 21 säväl
220 1096 38 22 här
275 1097 7 20 i
298 1096 89 26 ständet,
403 1103 47 15 som
466 1097 7 21 i
489 1097 40 21 den
545 1096 68 28 fjärde
628 1096 165 25 reservationen,
809 1098 32 19 att
851 1096 36 20 det

59 1124 107 28 nämligen
190 1125 70 21 kunde
276 1125 65 27 tydas,
358 1132 45 14 som
420 1132 35 14 om
473 1126 115 20 ständerna
604 1125 67 21 skulle
687 1125 70 21 lämna
772 1125 21 21 ät
809 1131 25 14 en
850 1124 37 21 ad-

61 1154 128 20 ministrativ
205 1154 128 26 myndighet,
345 1154 135 26 regeringen,
496 1160 25 15 en
538 1154 71 21 alltför
624 1154 117 21 vidsträckt
752 1152 135 28 befogenhet,

61 1188 34 15 om
112 1182 41 21 den
169 1182 53 27 egde
238 1182 57 21 tolka
311 1182 131 27 grundlagen
459 1183 7 20 i
483 1183 63 21 dessa
561 1189 48 15 som
624 1183 105 21 svärlösta
744 1182 93 21 erkända
845 1180 41 22 frä-

61 1217 39 20 gor
116 1210 39 22 och
171 1211 123 25 bestämma,
310 1211 69 21 hvilka
395 1212 154 26 utnämningar
564 1213 37 19 äro
613 1211 192 27 grundlagsenliga,
816 1210 71 21 hvilka

61 1239 52 21 icke.
143 1240 42 26 Jag
206 1239 54 21 hade
278 1239 71 21 därför
364 1240 62 20 tänkt
441 1240 119 21 framställa
575 1242 31 19 ett
620 1240 80 26 förslag
714 1240 7 20 i
737 1245 81 15 samma
833 1238 55 28 syfte

61 1274 47 15 som
125 1268 24 21 hr
166 1268 96 24 Caströn,
285 1274 46 15 men
355 1268 31 21 uti
402 1268 68 27 nägot
485 1275 70 15 annan
571 1268 61 26 form,
648 1268 19 22 d.
684 1275 18 14 v.
720 1274 16 15 s.
752 1268 90 21 sälunda
856 1269 33 19 att

61 1298 32 19 ett
114 1296 74 27 tillägg
212 1297 68 20 skulle
303 1298 62 25 göras
385 1297 33 20 till
434 1300 97 18 moment
546 1297 13 20 2
575 1296 22 21 af
611 1297 40 20 den
667 1299 39 22 art,
721 1299 32 18 att
768 1297 35 20 det
819 1295 70 22 skulle

61 1324 143 22 öfverlämnas
220 1325 22 21 ät
262 1328 99 18 senatens
380 1325 235 27 justitiedepartement
630 1327 31 19 att
676 1325 78 26 afgöra,
768 1324 72 21 hvilka
855 1326 32 19 ut-

61 1353 127 27 nämningar
211 1354 120 26 uppenbart
354 1353 57 22 skett
426 1354 7 21 i
450 1354 54 21 strid
520 1356 45 19 mot
580 1354 41 21 den
637 1353 188 28 grundlagsenliga
840 1352 48 21 ord-

62 1382 86 26 ningen.
176 1382 43 27 Jag
234 1384 50 22 tror,
300 1384 31 19 att
346 1385 58 18 emot
420 1383 60 20 detta
495 1382 80 27 förslag
590 1382 45 21 icke
650 1382 71 21 kunde
737 1383 62 26 göras
816 1381 26 21 de
857 1381 31 21 in-

62 1411 138 26 vändningar,
217 1417 46 14 som
279 1411 25 20 hr
319 1410 126 22 Söderholm
463 1410 115 22 framställt
593 1413 45 19 mot
653 1411 25 20 hr
690 1410 101 21 Caströns
802 1409 87 26 förslag.

61 1439 260 27 Justitiedepartementet
347 1439 68 21 skulle
439 1439 125 27 därigenom
587 1439 46 22 icke
655 1439 86 21 komma
762 1441 31 18 att
816 1437 73 22 ställas

62 1467 60 21 öfver
138 1467 288 27 ekonomiedepartementet,
442 1474 51 15 man
509 1468 69 21 skulle
593 1468 45 21 icke
654 1474 38 20 ega
703 1469 43 19 rätt
754 1469 30 19 att
794 1466 60 22 öfver
863 1472 26 15 en
