1092 1734
74 106 13 17 3
98 100 20 26 p.
132 105 71 20 syysk.
374 104 56 16 Laki
441 104 162 20 yhdistyksistä.
845 96 52 21 1001

75 175 107 21 närmaste
198 172 144 28 tryckfärdigt,
358 172 80 21 hvilket
453 174 23 19 är
492 172 90 21 orsaken
599 172 36 26 till,
651 174 32 19 att
695 170 207 28 ändringsförslaget

75 203 47 21 icke
137 203 87 21 beröres
240 202 5 20 i
262 201 148 21 betänkandet.

145 259 47 21 Hra
208 258 137 26 Castr6n,
361 258 124 21 Arthur:
502 258 188 21 Minärohkenisin
699 258 48 22 olla,
758 257 81 21 samoin
850 256 51 22 kuin

77 287 209 25 valiokunnassakin,
301 287 90 27 pykälän
408 287 88 21 suhteen
514 287 30 21 eri
559 287 72 20 mieltä
643 287 23 26 ja
678 286 82 26 katson,
773 288 43 19 että
825 285 76 22 säädös

78 318 58 20 tässä
150 316 85 20 kohden
251 322 28 14 on
301 316 68 26 täysin
386 316 91 20 riittävä.
507 315 124 27 Lainlaatija
647 322 26 14 on
690 317 59 19 tässä
763 314 138 21 nimenomai-

78 345 52 21 sesti
146 344 100 22 tahtonut
261 344 119 21 kosketella
394 344 13 21 3
420 344 24 26 ja
458 344 14 21 5
487 344 49 27 &:ää,
555 344 62 26 jotka
640 344 110 21 sisältävät
762 343 140 27 julkisoikeu-

78 374 83 20 dellista
184 372 72 22 laatua
278 373 68 21 olevia
367 373 133 21 säännöksiä.
530 372 159 22 Ensimäisessä
711 372 106 21 kohdassa
833 371 70 21 olevat

79 404 70 19 sanat:
167 402 51 21 »Jos
233 402 96 26 yhdistys
345 401 113 27 harjoittaa
474 402 115 24 toimintaa,
602 401 52 27 joka
669 407 28 15 on
713 401 83 21 vastoin
812 400 55 21 lakia
879 400 24 26 ja

79 430 61 27 hyviä
156 430 71 27 tapoja
242 430 72 21 taikka
334 430 138 27 yhdistyksen
489 430 124 21 säännöissä
629 431 115 25 määrättyä
759 429 141 21 tarkoitusta»

79 459 139 21 kohdistuvat
240 458 73 21 minun
336 458 178 27 ymmärtääkseni
533 458 58 27 juuri
614 458 13 21 3
639 458 24 27 ja
684 457 14 22 5
721 457 52 28 &iin.
804 457 98 22 Samaten

80 487 72 21 toinen
168 487 99 26 kappale:
285 487 45 26 »jos
347 487 107 21 sellaisten
470 487 145 20 henkilöitten.
627 487 62 26 jotka
705 487 55 20 eivät
773 486 47 21 olisi
831 485 73 22 oikeu-

80 515 77 27 tettuja
172 515 95 22 olemaan
283 515 137 27 yhdistyksen
434 515 104 27 jäseninä,
554 515 96 21 sallitaan
667 515 66 21 siihen
745 515 92 20 kuulua»
852 513 51 22 koh-

81 545 73 20 distuu
170 546 46 19 taas
240 544 138 27 yksinomaan
395 544 13 21 5
432 544 65 27 &ään.
527 544 46 21 Hra
586 543 165 27 Heimbiirgerin
770 543 134 21 ehdotuksen

80 573 91 20 mukaan
195 573 58 20 tulisi
276 573 112 26 pykälässä
410 573 85 20 erittäin
511 573 87 20 mainita
613 573 13 20 3
639 573 23 26 ja
677 572 13 21 5
706 573 13 26 $
732 572 23 27 ja
770 578 44 21 syy,
832 571 73 21 minkä

83 601 78 27 nojalla
180 607 27 15 ne
227 601 106 21 voitaisiin
349 601 95 21 kumota.
474 601 69 21 Mutta
559 601 93 21 minusta
668 607 26 15 on
711 603 59 18 tässä
785 600 119 27 pykälässä,

82 630 169 21 semmoisenaan
267 630 52 21 kuin
336 636 22 15 se
374 633 36 24 nyt
427 636 26 15 on
470 630 153 25 muodostettu,
639 630 61 21 aivan
717 629 113 21 riittävästi
843 630 60 19 sään-

81 659 49 26 töjä,
142 658 62 27 jotka
218 658 90 21 voidaan
320 659 127 20 sovelluttaa
460 659 13 20 3
481 658 22 27 ja
516 658 13 21 5
546 659 55 26 8iin.
630 658 134 21 Ehdottaisin
784 657 120 25 senvuoksi,

82 689 43 19 että
140 687 76 27 pykälä
231 687 50 21 saisi
296 687 42 21 olla
354 687 118 25 sellaisena,
482 687 50 21 kuin
549 693 23 15 se
587 693 27 15 on
631 689 58 19 tässä
704 687 139 20 mietinnössä
854 685 51 22 sekä

81 715 144 22 armollisessa
240 715 136 28 esityksessä.

152 773 46 21 Hra
214 773 191 26 Cederberg:
424 769 70 25 Äfven
509 773 37 26 jag
561 772 63 27 hyser
640 772 146 21 sammatanke
793 771 111 28 angående

81 801 138 27 paragrafens
235 801 116 28 stilisering
366 808 46 15 som
428 801 25 21 hr
469 801 82 22 Arthur
562 801 96 22 Castrén.
688 801 43 21 Det
740 800 105 21 förefaller
856 800 49 26 mig,

82 836 46 15 som
144 837 34 14 om
195 830 36 21 det
246 837 52 15 vore
313 837 43 20 nog
372 830 23 21 sä
411 830 82 27 viktigt,
508 832 32 19 att
555 830 37 21 här
605 830 46 27 just
663 830 92 26 stadgas,
766 832 31 19 att
807 829 98 26 förening

82 859 41 21 kan
145 858 23 22 af
182 859 92 21 domstol
298 859 106 28 upplösas,
428 865 34 15 om
485 859 49 21 dess
554 858 135 22 värksamhet
712 858 77 22 strider
811 859 44 20 mot
870 857 36 27 lag

82 887 51 21 eller
149 888 42 26 god
207 888 43 25 sed,
266 888 20 21 d.
301 894 19 14 v.
338 894 16 15 s.
369 890 31 18 att
416 894 48 14 man
480 888 38 20 här
533 888 108 20 använder
655 887 45 26 just
711 894 80 14 samma
802 886 45 26 ord,
858 892 46 15 som

82 916 132 21 förekomma
236 916 6 21 i
260 917 10 20 1
288 918 18 25 8,
324 916 47 27 »lag
393 916 51 21 eller
467 917 42 25 god
531 916 57 21 sed».
617 916 39 21 Att
677 916 40 21 den
739 916 103 25 lokution,
859 921 46 15 som

83 944 125 27 paragrafen
224 945 7 21 i
246 944 65 28 öfrigt
325 945 44 25 har,
385 945 64 21 ocksä
464 945 67 21 riktar
546 945 33 26 sig
594 946 45 20 mot
654 945 26 21 de
695 944 23 21 af
726 944 25 21 hr
761 944 144 26 Heimbärger

83 973 121 27 åberopade
219 974 27 26 88
262 974 12 20 3
291 974 39 21 och
346 974 90 25 5,anser
448 973 39 27 jag
502 973 61 21 äfven
579 980 50 14 vara
644 973 129 27 fullkomligt
787 973 61 21 klart.
879 971 30 21 Af

82 1002 64 21 sädan
170 1002 116 27 anledning
308 1002 39 22 och
362 1002 27 21 dä
404 1002 126 27 paragrafen
546 1002 7 20 i
569 1002 32 21 sin
623 1002 132 21 närvarande
773 1001 80 27 lydelse
868 1000 38 21 har

82 1032 69 19 större
163 1030 129 27 omfattning
307 1031 40 21 och
362 1031 6 21 i
384 1030 64 27 öfrigt
463 1030 46 22 icke
524 1030 41 21 kan
584 1030 56 28 gifva
660 1030 115 26 anledning
791 1030 29 21 till
845 1030 61 20 miss-

81 1059 104 49 folkning,
201 1059 69 21 skulle
282 1060 39 26 jag
336 1059 132 21 understöda
484 1060 49 20 dess
549 1059 148 21 bibehållande
712 1060 7 20 i
734 1059 32 21 sin
783 1058 123 21 nuvarande

88 1088 79 26 lydelse.

151 1145 47 21 Hra
244 1145 191 27 Heimbärger:
451 1145 43 27 Jag
501 1145 94 27 föreslog
603 1144 176 28 omformulering
789 1144 22 22 af
821 1145 10 20 1
843 1150 64 15 mom.

82 1174 6 20 i
104 1174 12 26 $
132 1174 25 20 21
174 1174 47 21 icke
236 1173 77 26 därför,
328 1176 32 19 att
372 1174 38 26 jag
426 1174 70 21 skulle
510 1173 57 22 finna
582 1173 137 27 paragrafens
731 1173 123 21 nuvarande
864 1172 43 21 for-

82 1202 107 27 mulering
204 1209 50 14 vara
269 1202 33 21 för
318 1202 68 27 träng,
402 1205 51 18 utan
467 1204 92 20 tvärtom
576 1202 88 21 emedan
677 1202 38 27 jag
732 1208 63 15 anser
806 1202 40 21 den
857 1207 51 15 vara

82 1230 32 22 för
127 1231 41 21 vid.
188 1231 43 27 Jag
245 1237 64 15 anser
320 1231 106 27 nämligen
438 1232 31 20 att
479 1231 46 21 icke
536 1231 72 27 hvarje
618 1230 141 26 värksamhet,
771 1237 47 15 som
830 1230 77 21 strider

82 1261 46 19 mot
142 1259 41 27 lag,
200 1260 38 20 bör
255 1259 73 21 kunna
342 1259 110 21 föranleda
462 1259 110 28 förenings
584 1260 135 26 upplösning,
728 1261 50 19 utan
787 1260 39 20 bör
842 1258 65 22 sädan

83 1288 130 27 upplösning
228 1288 73 21 kunna
314 1288 38 21 ske
367 1288 76 21 endast
454 1288 28 21 dä
496 1288 135 27 föreningens
647 1288 136 21 värksamhet
797 1290 23 18 är
833 1286 77 21 rentaf

82 1316 108 27 brottslig.
219 1316 42 27 Jag
276 1316 67 21 håller
358 1316 72 21 vidare
445 1317 52 24 före,
513 1318 30 19 att
559 1317 46 20 icke
619 1316 74 27 hvarje
708 1315 141 25 värksamhet,
861 1321 46 15 som

83 1345 78 20 strider
184 1347 46 18 mot
254 1344 137 27 föreningens
407 1345 7 20 i
430 1345 115 26 stadgarna
559 1344 86 28 angifna
661 1344 59 28 syfte,
735 1345 39 20 bör
789 1343 62 22 hafva
867 1343 41 22 den

83 1373 86 26 värkan,
192 1376 32 18 att
245 1373 99 27 förening
366 1373 26 27 pä
409 1373 70 27 grund
496 1373 60 21 däraf
569 1373 40 21 kan
625 1373 104 21 förklaras
745 1373 93 27 upplöst.
867 1372 42 27 Jag

83 1404 45 18 tror
144 1401 77 24 därför,
237 1404 32 19 att
284 1402 48 21 mitt
346 1401 82 28 förslag
440 1401 57 22 afser
508 1408 87 15 snarare
605 1401 213 28 föreningsfrihetens
829 1401 80 21 bätnad

82 1431 27 20 än
125 1432 125 19 motsatsen.
