1092 1745
171 79 42 21 892
435 86 106 17 Mellskat
552 87 14 16 4
578 91 20 16 p.
611 86 54 18 elok.
677 87 60 16 1908.
889 85 14 17 4
915 90 20 16 p.
948 85 55 18 elok.

247 228 180 28 Lauantaina
445 228 127 28 elokuun
591 229 19 27 4
628 231 66 32 p:nä
712 229 56 27 k:lo
787 228 63 28 10.5
868 228 18 28 i.
904 237 26 26 p.

245 297 121 23 Sittenkuin
389 298 146 28 pöytäkirjaan
559 298 29 22 oli
607 298 106 28 merkitty,
736 300 44 20 että
795 300 60 26 sääty
870 298 41 22 k:lo
927 298 13 22 5
955 298 13 22 i.
983 304 20 21 p.

174 326 30 21 oli
218 326 153 22 kokoontunut
385 327 129 27 yksityiseen
531 327 162 26 neuvotteluun,
706 327 52 27 joka
767 326 69 28 yhden
848 327 77 22 tunnin
937 327 66 21 loma-

174 354 63 28 ajalla
260 355 28 21 oli
311 355 99 28 kestänyt
432 356 42 21 k:lo
491 356 53 21 10.15
563 356 13 21 i.
591 362 27 21 p.,
640 356 131 21 toimitettiin
786 355 218 22 viimeksimainitulla

173 383 173 28 kellonlyömällä
370 384 155 27 nimienhuuto,
549 384 76 28 jolloin
650 384 110 22 havaittiin
784 384 163 27 poissaoleviksi
969 384 35 21 hrt

173 412 122 27 August
309 413 157 26 Jusö6lius,
481 413 184 26 Tötterman,
680 412 152 27 Pietinen,
847 412 156 26 Rosendal,

174 440 177 28 Björkstön,
370 441 95 28 Hjelt,
491 441 175 25 Kokkonen,
691 441 163 27 Reijonen,
880 441 123 27 Elving,

173 469 200 27 Parviainen,
404 470 206 26 Kanniainen,
641 470 157 22 Helander
825 470 24 27 ja
873 469 130 27 Jämsön,

173 497 72 22 kaikki
261 504 113 16 saamansa
388 499 64 21 luvan
467 499 85 26 nojalla,
562 499 36 22 hrt
613 499 163 25 Zilliacus,
791 499 89 21 Felix
895 498 109 22 Heikel

170 526 24 27 ja
244 527 119 26 Åkesson,
386 527 113 22 sairauden
522 528 64 26 takia,
602 527 51 22 sekä
668 527 36 22 hrt
718 527 120 22 Arthur
854 527 149 25 Jus&lius,

173 555 160 27 Lojander,
348 556 87 23 Kalm,
451 556 183 26 Carlström,
650 556 157 26 Backman,
826 556 115 21 Kaarlo
957 555 46 22 Ca-

174 583 92 27 stren,
297 584 94 26 Sikio,
423 585 155 26 Brofeldt,
608 585 148 26 Killinen,
784 584 219 28 Wiljakainen,

174 612 138 22 Oivanen
325 613 23 27 ja
363 614 136 27 Ingman.

242 756 47 20 Hra
305 756 146 22 Sundvall
467 757 60 27 pyysi
542 757 169 26 puheenvuoroa
718 757 24 27 ja
752 757 80 21 lausui:
848 757 48 25 Det,
908 762 46 16 som
965 756 38 21 har

172 784 101 26 upptagit
287 784 51 22 vära
355 785 75 21 tankar
445 785 40 21 och
501 786 76 20 sinnen
593 785 69 21 under
677 786 64 20 dessa
756 785 72 27 dagar,
840 787 23 19 är
874 785 26 21 de
910 785 94 27 sorgliga

174 812 115 22 händelser
305 819 46 15 som
367 820 30 14 nu
413 816 104 24 passerat.
538 814 43 26 Jag
595 814 37 21 vill
646 814 46 21 icke
708 814 58 27 gifva
780 814 46 26 mig
840 814 21 20 in
877 814 27 26 pä
914 816 32 19 att
955 813 49 21 fälla

173 842 32 20 ett
219 841 101 21 omdöme
335 848 34 15 om
389 842 63 21 dessa
467 842 120 22 händelser.
612 842 43 22 Det
669 842 72 22 kunde
753 842 25 28 ju
795 842 75 25 hända,
886 844 32 19 att
933 842 70 27 nägon

174 869 47 21 icke
245 870 69 21 skulle
336 870 150 21 underskrifva
509 871 49 21 mitt
581 871 99 21 omdöme
702 877 34 15 om
760 871 56 25 dem,
832 877 47 14 men
898 871 55 20 hvad
966 871 38 26 jag

173 900 46 19 tror
241 898 47 21 icke
309 899 42 21 kan
374 899 70 21 hända
467 901 22 19 är
512 899 42 26 det,
569 901 32 19 att
622 899 46 21 icke
683 899 80 22 ephvar
778 899 24 21 af
814 899 190 27 borgareständets

174 926 140 22 medlemmar
330 927 68 22 skulle
413 928 49 21 med
477 928 41 21 den
535 928 98 27 djupaste
648 928 134 27 högaktning
797 927 65 22 tänka
874 928 28 27 pä
912 928 27 21 de
949 929 56 24 män,

174 954 72 22 hvilka
261 955 81 22 offrade
357 956 38 21 sitt
409 956 26 21 lif
447 957 33 20 tör
496 957 32 20 sin
544 956 187 27 pliktuppfyllelse.
752 957 45 20 Det
807 958 24 19 är
841 956 34 21 väl
886 957 24 20 sä
921 956 83 27 mycket

173 989 46 16 mer
235 984 59 21 detta
309 985 74 21 ständs
399 985 54 26 plikt
468 987 32 19 att
514 985 50 21 med
574 985 74 21 känsla
660 985 24 21 af
693 985 134 27 högaktning
836 985 65 21 tänka
910 985 29 27 pä
949 985 54 26 dem,

173 1012 28 21 dä
216 1012 27 21 de
255 1012 48 27 just
318 1013 53 21 fallit
382 1013 33 21 för
426 1013 26 22 de
462 1013 108 22 bestämdt
581 1013 94 22 uttalade
687 1014 115 27 principer,
812 1020 47 15 som
875 1013 38 22 här
928 1014 7 21 i
946 1013 57 22 stän-

174 1041 37 20 det
227 1041 61 26 gifvit
311 1042 33 27 sig
366 1042 91 27 uttryck,
473 1042 106 27 nämligen
603 1045 32 18 att
657 1042 52 21 hvar
728 1042 40 21 och
784 1048 26 15 en
826 1042 39 21 bör
880 1044 67 19 värna
962 1043 41 20 den

174 1069 99 27 ordning,
289 1076 46 15 som
358 1071 7 20 i
388 1071 58 20 detta
467 1070 49 21 land
538 1071 39 20 bör
599 1070 137 22 förekomma.
766 1071 43 27 Jag
823 1077 34 14 ser
872 1072 31 19 att
919 1071 85 21 ständet

174 1103 78 21 genom
276 1101 32 18 att
330 1099 55 27 stiga
409 1105 42 21 upp
474 1099 39 21 har
531 1099 89 26 bevisat,
636 1101 32 20 att
682 1099 36 22 det
733 1099 39 22 har
788 1099 58 21 velat
860 1099 66 21 hedra
941 1099 62 21 deras

174 1127 79 25 minne,
269 1127 39 21 och
321 1127 47 27 just
383 1127 58 22 detta
457 1134 37 15 var
509 1127 91 22 afsikten
616 1128 49 21 med
680 1128 49 21 mitt
744 1128 118 21 uttalande.

239 1183 48 22 Hra
303 1184 124 21 Sundvallin
443 1184 116 22 lausuntoa
574 1185 181 22 kuunnellessaan
771 1185 67 21 olivat
853 1185 80 27 säädyn
945 1185 57 27 jäse-

169 1213 38 20 net
221 1215 105 19 nousseet
340 1213 147 27 paikoiltansa.

241 1269 48 21 Hra
304 1269 105 22 Idman
425 1270 70 21 lausui
511 1272 71 19 tämän
595 1271 97 26 jälkeen:
708 1271 72 22 Viime
795 1271 84 27 päivien
891 1270 112 27 jokaiselle

172 1297 139 27 tunnettujen
334 1301 113 23 tapausten
468 1299 103 26 johdosta
593 1299 105 27 pyytäisin
721 1300 59 20 minä
802 1301 45 19 että
862 1301 61 25 sääty
937 1299 66 21 mieli-

172 1326 127 26 piteenänsä
314 1326 71 22 ottaisi
401 1327 173 27 pöytäkirjaansa
590 1334 116 15 seuraavan
720 1328 134 21 lausunnon:

242 1354 65 28 Sääty
329 1355 78 21 lausuu
430 1357 65 25 syvän
520 1362 94 15 surunsa
629 1362 38 15 sen
680 1356 108 27 johdosta,
804 1358 44 19 että
860 1356 54 27 joku
931 1357 72 20 määrä

170 1388 107 16 maamme
292 1383 117 27 asukkaita,
425 1384 107 21 unohtaen
546 1384 190 22 velvollisuutensa
748 1384 94 22 Suomen
854 1384 149 25 kansalaisina,

171 1417 29 14 on
226 1411 146 22 sekaantunut
396 1412 66 21 niihin
488 1412 198 27 levottomuuksiin,
709 1413 63 27 jotka
798 1415 50 19 ovat
872 1413 131 27 puhjenneet

170 1441 67 19 tänne
253 1439 111 27 sijoitetun
380 1441 122 21 venäläisen
518 1443 102 19 sotaväen
636 1441 155 26 keskuudessa,
807 1441 52 22 sekä
874 1447 38 16 sen
925 1441 78 21 ohessa

171 1467 111 22 tuhonnut
297 1468 143 22 ihmishenkiä
452 1469 24 27 ja
490 1469 74 22 muilla
579 1469 118 22 väkivallan
713 1470 74 21 teoilla
801 1469 108 28 häirinnyt
923 1469 79 28 yhteis-
