1086 1739
66 89 24 17 14
103 93 20 16 p.
136 88 73 17 kesäk.
364 78 231 32 Kulkulaitosrahasto.
851 77 43 22 709

139 157 46 21 Hra
200 156 119 23 Heikel
335 156 100 21 Felix:
462 155 48 21 Den
526 154 22 22 af
561 154 25 21 hr
602 154 60 27 Hjelt
672 154 113 21 anmärkta
795 153 100 21 inkonse-

69 186 95 20 kvensen
187 184 131 22 beträffande
340 184 137 27 uppgifterna
492 190 35 14 om
542 182 188 22 tullinkomsterna
744 182 65 21 beror
824 181 27 27 pä
866 182 31 20 ett

69 214 137 21 förbiseende
220 213 23 21 af
257 214 40 20 den
313 213 64 21 ärade
392 212 85 22 talaren.
509 212 31 21 Af
559 211 146 22 betänkandet
720 211 61 21 torde
797 211 100 25 nogsamt

69 242 90 27 framgå,
169 244 31 19 att
215 242 36 21 det
267 244 22 18 är
305 242 76 20 endast
396 241 26 21 de
437 240 66 22 första
520 241 86 21 sidorna
623 239 76 26 1—15,
713 246 46 14 som
775 240 76 25 utgöra
865 240 31 18 ut-

71 272 92 20 skottets
185 270 140 26 betänkande,
341 276 47 14 men
405 269 93 22 därefter
513 269 61 27 följer
590 275 25 15 en
632 268 70 27 kalkyl
719 268 58 21 öfver
794 266 103 22 statsfon-

71 300 41 21 den
128 300 48 20 med
192 299 91 21 särskild
298 299 126 27 paginering
438 298 47 21 från
502 298 75 22 1—36.
593 304 46 14 som
655 297 45 21 helt
715 296 39 22 och
769 296 64 21 hållet
844 302 54 21 upp-

72 328 69 28 gjorts
157 328 27 26 på
198 327 176 21 finanskontoret.
400 327 65 21 Detta
480 326 80 22 skedde
575 326 65 21 redan
657 326 65 20 innan
735 325 54 21 1905
800 325 35 21 års
845 324 54 32 bok-

71 357 44 21 slut
131 363 37 15 var
183 356 80 26 färdigt
277 356 123 26 beräknadt,
411 355 40 22 och
467 355 30 22 till
512 355 52 27 följd
580 354 61 23 däraf
652 354 143 22 förekommer
809 359 25 16 en
846 352 54 23 olik=

71 386 36 20 het
122 386 7 20 i
147 384 199 28 sifferuppgifterna.

141 414 42 21 För
203 414 36 20 det
261 420 72 15 varma
355 414 137 21 erkännande
506 414 26 21 hr
548 414 149 28 Schybergson
714 413 81 23 lämnat
810 413 90 23 statsuf-

72 443 82 21 skottet
168 442 41 21 kan
222 442 39 27 jag
275 442 70 22 såsom
364 443 91 26 gammal
471 443 90 21 medlem
577 442 22 22 af
613 444 59 20 detta
684 444 84 20 utskott
777 443 46 21 icke
834 444 65 20 annat

72 473 27 19 än
115 471 70 21 känna
204 471 45 27 mig
263 471 62 27 djupt
339 471 94 21 tacksam
450 472 39 21 och
504 472 56 25 rörd,
576 478 49 14 men
640 472 32 21 får
684 472 39 26 jag
738 472 67 21 tillika
821 472 77 26 intyga,

72 502 37 19 att.
121 506 33 15 om
171 500 65 21 också
251 500 47 20 mitt
313 506 63 14 namn
392 500 24 21 af
428 500 26 21 hr
470 500 149 28 Schybergson
635 500 102 22 särskildt
748 501 95 22 nämdes,
856 500 43 27 mig

72 528 47 22 icke
141 528 128 21 tillkommer
285 530 70 20 större
369 528 101 28 förtjänst
486 531 25 19 än
528 529 67 27 öfriga
611 529 139 21 medlemmar
766 530 7 20 i
789 529 110 21 utskottet.

143 586 45 21 Hra
204 586 97 26 Hjelt:
333 586 83 27 Selitys.
432 586 72 21 minkä
518 586 39 21 hra
571 586 59 22 Felix
646 586 77 21 Heikel
739 586 59 21 antoi
807 586 90 21 muistu-

73 614 86 22 tukseni
171 614 107 27 johdosta,
294 617 89 23 osottaa,
399 617 44 19 että
459 615 43 21 olin
518 615 98 21 oikeassa
631 615 132 26 sanoessani,
779 616 43 20 että
835 614 64 22 sivul-

73 643 64 21 listen
154 650 27 14 on
192 643 120 21 vaarallista
323 643 64 21 tehdä
397 644 154 21 muistutuksia
561 643 210 21 valtiovaliokunnan
782 643 118 27 mietintöjä

73 674 94 19 vastaan.
191 672 114 21 Huomaan
317 672 141 27 erehtyneeni.
476 672 54 22 Olen
546 674 49 19 näet
611 672 54 21 ollut
680 672 55 21 siinä
749 672 150 27 käsityksessä,

75 702 44 20 että
141 701 117 21 mietinnön
274 700 97 22 liiteosan
388 701 26 21 18
431 701 47 21 sivu
494 708 27 14 on
538 701 142 21 valiokunnan
696 701 90 21 tekemä.
816 700 84 21 Mietin-

74 731 43 19 nön
125 725 15 35 2
163 729 76 21 sivulla
254 732 108 23 sanotaan,
378 732 44 18 että
436 730 94 20 liitetään
547 730 125 20 mietintöön
685 729 118 21 muutamia
814 729 86 27 tauluja,

74 759 71 20 mutta
160 758 19 21 ei
194 758 148 21 nimenomaan
359 760 81 24 sanota,
456 760 44 20 että
515 758 65 21 niihin
597 758 95 21 kuuluva
708 758 100 21 tekstikin
820 764 27 15 on
858 758 42 21 laa-

75 787 55 20 dittu
153 787 137 21 valtiovarain
307 787 213 22 toimituskunnassa.
549 787 55 21 Näin
621 787 56 21 ollen
693 793 28 15 on
739 787 162 21 huomauttama

74 815 98 21 ristiriita
196 815 151 22 selitettävissä
369 815 23 27 ja
416 817 104 26 peräytän
545 816 37 21 siis
607 822 38 15 sen
671 815 140 26 ehdotuksen,
834 815 67 27 jonka

74 844 82 21 asiassa.
171 844 49 21 tein.

145 901 120 21 Sittenkuin
276 901 124 22 keskustelu
412 903 71 20 tämän
493 902 84 27 jälkeen
589 902 28 21 oli
625 902 110 27 julistettu
745 901 149 28 päättyneeksi

74 929 143 28 hyväksyttiin
233 930 141 21 valiokunnan
391 930 119 22 lausunnot
525 931 38 21 siv.
579 931 61 21 1—3.

146 995 9 11 »
163 985 90 22 Yleinen
269 987 171 21 valtiorahasto»
457 988 91 21 nimisen
565 990 88 19 osaston
666 988 103 27 johdosta
784 987 70 22 lausui

144 1043 38 22 hra
220 1044 208 28 Schybergson:
452 1045 32 20 Pä
500 1045 45 21 sida
561 1045 12 21 6
589 1045 143 21 förekommer
748 1047 31 19 ett
791 1044 110 22 uttalande

75 1079 34 14 om
130 1073 82 26 polisen
236 1073 39 21 och
298 1073 116 27 utgifterna
436 1073 33 21 för
493 1074 130 25 densamma,
645 1073 81 22 hvilket
741 1073 110 22 uttalande
863 1073 38 26 jag

74 1101 125 27 visserligen
216 1102 7 20 i
238 1101 121 22 hufvudsak
379 1101 131 27 godkänner,
526 1109 47 14 men
590 1109 45 14 som
653 1102 54 21 dock
722 1108 63 21 synes
800 1102 44 26 mig
859 1101 43 22 tåla

75 1130 71 25 någon
161 1130 152 21 modifikation.
336 1131 42 20 Det
392 1137 38 14 var
447 1130 112 27 själffallet,
569 1133 31 18 att
616 1131 67 21 under
699 1134 85 18 senaste
794 1131 107 26 landtdag,

74 1159 7 20 i
97 1159 78 20 sådant
196 1159 59 21 skick
278 1159 82 26 polisen
384 1159 26 21 dä
431 1159 79 21 befann
526 1160 38 25 sig,
580 1166 70 14 annan
667 1160 86 26 mening
768 1159 46 22 icke
829 1159 72 20 kunde

75 1187 64 26 hysas
155 1189 26 19 än
196 1190 32 18 att
240 1187 25 27 ju
280 1187 110 27 fätaligare
413 1188 70 21 denna
506 1188 54 27 polis
583 1195 44 18 var,
643 1188 61 21 desto
719 1188 76 22 bättre,
808 1188 29 27 ja,
853 1194 48 14 man

75 1215 72 21 kunde
164 1217 65 25 gärna
244 1216 44 21 helt
303 1216 40 21 och
358 1216 64 21 hället
438 1217 97 20 undvara
550 1223 25 14 en
593 1217 164 26 ordningsmakt
773 1216 22 21 af
809 1217 36 20 det
861 1216 40 21 sla-

75 1247 40 23 get.
146 1244 35 21 Nu
197 1244 62 21 hafva
275 1245 135 26 naturligtvis
425 1244 161 22 förhällandena
600 1245 7 21 i
623 1245 58 21 detta
696 1245 101 21 afseende
817 1247 85 19 väsent-

74 1272 56 27 ligen
154 1273 76 21 ändrat
245 1273 38 26 sig,
306 1273 82 26 polisen
405 1275 23 19 är
444 1280 90 15 numera
549 1274 24 21 sä
588 1273 140 26 kvalificerad,
744 1276 31 19 att
791 1273 112 22 samhället

75 1301 22 21 af
111 1301 124 22 densamma
250 1301 40 21 kan
307 1301 61 22 hafva
384 1304 66 25 nyttä,
461 1308 49 15 men
526 1309 48 14 man
590 1302 40 21 kan
644 1302 25 27 ju
685 1302 54 21 dock
752 1305 57 24 säga,
820 1305 31 18 att
866 1302 37 20 det

75 1329 195 22 missförhällandet
284 1330 104 26 kvarstär,
403 1333 32 18 att
450 1331 42 20 den
508 1333 24 18 är
547 1331 120 26 onödigtvis
683 1331 68 25 talrik,
764 1331 69 21 sävidt
843 1333 59 18 näm-

74 1358 57 27 ligen
147 1358 159 22 förhällandena
321 1359 7 20 i
343 1359 73 21 landet
430 1365 54 15 vore
499 1359 102 21 normala.
625 1359 104 22 Särskildt
744 1359 38 21 här
793 1359 7 21 i
811 1359 90 21 hufvud-

75 1387 74 20 staden
174 1387 38 20 har
227 1393 48 15 man
289 1388 25 26 ju
331 1388 91 26 uppnätt
437 1394 29 14 nu
484 1395 26 14 en
526 1390 105 24 numerär,
648 1394 47 15 som
710 1388 49 21 vida
774 1387 128 26 öfverstiger

74 1415 55 21 hvad
148 1415 66 22 andra
230 1416 71 21 städer
317 1416 48 21 med
380 1416 43 21 lika
438 1418 47 19 stor
500 1416 125 27 befolkning
639 1417 7 21 i
662 1417 35 21 det
713 1416 110 22 afseendet
838 1422 63 15 anses

74 1444 98 21 behöfva.
202 1444 26 21 Vi
251 1445 68 21 måste
342 1444 77 26 därför,
439 1447 39 19 när
502 1445 65 27 lugna
588 1445 146 21 förhållanden
750 1445 153 21 äterinträda
889 1440 18 36 i

74 1472 49 21 värt
138 1472 107 26 samhälle,
261 1473 64 21 tänka
345 1480 41 19 oss,
402 1475 32 19 att
448 1474 146 26 polisstyrkan
611 1474 53 21 skall
679 1474 72 21 kunna
767 1474 135 20 förminskas.
