1084 1739
196 94 42 22 648
480 94 244 32 Eduskunta-uudistus.
866 103 27 16 29
906 107 20 16 p.
938 102 88 17 toukok.

196 169 56 22 varit
275 171 30 20 ett
326 170 75 27 nödigt
421 170 163 28 förtydligande,
599 171 46 22 icke
660 177 26 15 en
703 171 69 27 saklig
786 171 131 28 förändring.
948 171 77 22 Denna

196 197 93 28 ändring
307 199 6 21 i
332 199 97 27 vallagen
444 201 24 20 är
486 200 68 27 enligt
569 200 43 21 min
629 200 64 21 tanke
708 200 24 21 sä
746 200 58 25 liten,
820 201 32 20 att
866 200 41 21 den
924 199 45 22 icke
984 199 41 22 bör

197 227 44 25 ske,
257 227 43 21 ifall
323 227 123 28 därigenom
469 229 70 26 nägon
562 228 46 22 fara
629 228 34 21 för
685 229 109 27 vallagens
817 228 119 27 antagande
955 227 70 22 skulle

197 256 84 26 uppstå.
312 250 19 27 Å
347 257 87 21 sidorna
448 257 28 21 53
492 257 39 22 och
547 257 28 21 54
590 257 23 22 af
626 257 116 22 utskottets
758 257 134 21 betänkande
908 256 67 27 gifves
990 256 34 22 för

197 284 70 21 denna
282 285 133 27 uteslutning
430 286 72 25 motiv,
512 286 108 21 beroende
635 285 178 27 hufvudsakligen
824 286 32 27 på,
866 285 34 22 för
910 286 37 21 det
955 285 70 22 första

196 315 32 18 att
251 313 36 21 det
309 313 73 22 arbete
403 314 35 21 vid
450 314 146 27 jämförandet
610 315 78 20 mellan
704 315 26 21 de
745 314 57 21 olika
817 314 133 21 valsedlarna
964 314 7 21 i
987 314 36 21 det

197 340 55 28 syfte
275 347 46 16 som
345 348 63 15 mom.
424 343 12 20 2
452 343 57 21 afser
530 345 50 25 toge
599 349 26 15 en
641 343 138 22 öfverhöfvan
795 343 50 27 lång
860 343 30 21 tid
905 343 7 21 i
924 343 100 27 anspråk,

196 369 87 22 hvarför
299 371 70 21 denna
383 371 108 22 föreskrift
506 372 69 21 måste
590 378 64 15 anses
669 371 108 28 olämplig.
796 372 42 26 Jag
853 371 123 28 medgifver,
991 373 34 20 att

197 399 36 20 det
255 400 24 19 är
301 399 111 22 teoretiskt
434 400 80 27 riktigt,
530 407 48 14 men
598 400 39 27 jag
659 403 45 18 tror
726 401 52 25 icke,
793 403 32 18 att
840 401 35 20 det
889 401 7 20 i
912 400 111 27 praktiken

197 427 70 21 skulle
282 427 61 22 ställa
358 429 33 26 sig
406 429 30 26 så,
451 434 46 16 som
514 429 36 21 det
565 429 66 27 enligt
647 429 135 21 matematisk
797 429 118 26 beräkning
929 429 7 20 i
951 431 72 19 värsta

196 455 37 22 fall
248 455 72 22 kunde
335 457 44 21 ske.
410 457 39 21 Om
472 457 36 22 det
522 457 79 22 funnes
617 464 26 15 en
660 458 65 21 sådan
740 457 126 27 anhopning
880 457 63 27 kring
958 457 13 21 3
987 457 36 22 be-

197 485 84 20 stämda
303 491 64 16 namn
385 486 25 25 A,
427 486 17 21 B
460 486 39 21 och
516 486 22 26 C,
554 487 24 20 så
594 486 69 21 skulle
677 493 48 14 man
742 486 35 21 vid
793 486 67 21 första
875 486 147 26 fördelningen

196 512 23 22 af
232 513 134 22 valsedlarna
380 514 72 21 kunna
468 515 67 21 ordna
550 515 47 21 dem
614 515 53 21 efter
682 515 113 21 alfabetisk
810 515 98 26 ordning.
930 514 40 22 Om
987 515 37 21 det

197 541 56 22 visat
274 542 33 27 sig
326 543 148 27 anhopningar
486 544 28 26 på
529 544 63 21 dessa
607 550 105 21 personer
727 544 26 25 A,
768 543 18 21 B
800 543 39 22 och
855 543 23 25 C,
894 549 46 16 som
956 543 66 21 redan

196 570 76 27 tydligt
283 571 135 28 ådagalägga,
427 574 31 19 att
469 572 63 21 dessa
542 578 104 21 personer
656 571 63 22 hafva
729 572 66 27 något
802 574 138 25 gemensamt,
950 571 73 22 kunde

196 605 49 15 man
269 599 35 22 vid
326 601 106 20 successiv
452 601 86 26 delning
553 601 23 21 af
589 601 62 21 dessa
666 601 84 27 mycket
765 601 39 20 lätt
818 601 86 21 komma
920 601 30 20 till
965 601 58 21 vissa

197 633 100 22 grupper,
313 635 45 14 som
380 635 48 15 man
450 630 48 21 med
521 630 57 21 vissa
596 630 171 21 kombinationer
788 629 56 27 finge
859 632 31 19 att
906 629 51 21 höra
971 629 52 27 ihop

197 656 38 21 och
261 657 55 21 bilda
337 663 26 15 en
387 664 121 20 gemensam
531 665 75 20 grupp.
638 658 82 21 Genom
736 660 32 19 att
783 658 76 27 plocka
874 661 24 18 ut
913 664 26 15 en
955 658 66 21 sådan

197 687 46 19 stor
267 691 68 22 grupp
357 686 71 21 kunde
451 687 33 20 väl
500 689 96 19 resterna
611 687 40 21 lätt
663 687 103 27 jämföras
783 687 48 20 med
847 687 119 21 hvarandra
981 686 40 21 och

196 713 85 22 arbetet
303 714 89 22 sålunda
414 715 112 22 reduceras
542 715 109 28 betydligt.
682 715 47 21 Den
745 715 132 27 principiella
892 715 66 25 sidan,
974 721 47 15 som

197 742 106 22 utskottet
317 743 39 21 här
371 743 70 22 anfört
456 743 32 22 för
504 747 128 18 momentets
648 744 140 27 uteslutning,
804 744 66 21 måste
878 743 38 28 jag
926 744 97 21 däremot

197 770 57 27 gifva
277 772 48 21 mitt
347 772 141 21 erkännande.
519 773 42 20 Det
579 775 63 24 säges
658 773 106 26 nämligen
780 773 27 26 på
824 773 59 20 sidan
899 772 34 26 54,
948 774 31 19 att
995 779 25 14 en

197 799 66 21 sådan
285 802 43 19 rätt
347 801 31 20 till
400 801 82 21 sentida
498 801 168 27 gruppbildning
687 807 46 15 som
750 801 41 21 den
807 801 121 27 föreslagna
949 801 73 21 säker-

195 827 57 28 ligen
269 828 68 22 skulle
352 829 88 27 bidraga
455 829 31 22 till
496 832 32 19 att
537 830 84 21 minska
631 830 80 21 antalet
722 829 96 22 officiella
828 829 62 22 listor
901 829 39 22 och
951 831 71 25 öppna

196 859 31 18 ett
248 856 39 22 fält
309 857 33 22 för
364 858 111 27 intrigspel
498 858 38 21 och
559 859 102 26 agitation
684 859 6 20 i
712 859 36 20 det
763 857 103 22 fördolda.
896 859 42 20 Det
953 858 70 21 skulle

196 885 72 22 säkert
284 885 57 27 gifva
356 893 25 14 en
398 887 44 20 viss
457 886 67 22 fördel
540 887 21 21 åt
577 893 25 15 en
619 887 65 21 sådan
701 887 85 21 sentida
801 887 168 26 gruppbildning
982 887 39 20 och

195 913 70 22 skulle
280 915 130 26 möjliggöra,
426 918 36 23 att,
472 915 33 22 för
520 918 32 19 att
567 916 97 26 begagna
679 918 31 19 ett
720 915 108 27 slangord,
838 921 104 21 personer
952 915 70 21 skulle

197 942 123 27 »lurpassa»
343 943 33 22 för
394 946 31 19 att
440 944 6 21 i
462 944 52 21 sista
530 945 96 20 minuten
642 944 57 21 bilda
714 951 26 14 en
758 945 123 26 röstgrupp.
912 944 110 21 Sätillvida

195 970 38 21 har
257 971 106 22 utskottet
384 974 48 19 rätt.
462 973 48 20 Men
534 973 38 20 här
593 975 24 19 är
640 979 25 14 en
686 972 164 27 omständighet,
867 979 53 15 som,
936 979 33 14 om
983 972 39 27 jag

193 999 64 22 fattat
271 1000 152 27 paragraferna
437 1003 47 24 rätt,
500 1001 47 22 icke
562 1003 23 19 är
600 1001 96 27 påpekad
712 1001 40 21 och
768 1007 46 15 som
831 1001 38 21 bör
884 1001 73 21 kunna
967 1001 56 21 vålla

195 1028 132 27 svårigheter
346 1029 39 21 och
401 1030 107 21 orättvisa.
538 1030 49 21 Man
604 1030 40 21 kan
660 1030 64 21 tänka
740 1030 39 26 sig,
794 1032 32 18 att
840 1035 26 15 en
883 1029 138 22 valmansför-

194 1057 57 25 ning,
268 1063 46 15 som
330 1057 38 22 har
383 1064 26 15 en
424 1058 151 21 kandidatlista
595 1059 28 26 på
638 1059 114 24 valsedeln,
763 1058 69 21 skulle
848 1058 91 21 drabbas
949 1058 21 21 af
979 1058 42 21 den

194 1084 95 28 olyckan,
304 1088 32 18 att
351 1092 26 15 en
393 1086 22 21 af
428 1086 153 22 kandidaterna
596 1086 73 22 aflede.
693 1086 53 22 Sker
763 1086 58 21 detta
837 1086 67 27 tidigt,
920 1086 24 21 så
959 1086 63 27 länge

193 1114 58 20 ännu
274 1114 98 21 vallistan
395 1115 40 21 kan
458 1115 77 21 ändras
551 1121 77 20 genom
645 1114 235 26 valmansföreningens
896 1114 85 26 ombud,
997 1115 25 21 så

193 1143 39 25 gör
248 1142 36 21 det
299 1142 117 28 ingenting,
433 1146 20 24 ty
469 1144 66 26 enligt
550 1145 13 25 $
578 1144 27 20 22
621 1144 141 20 tillförsäkras
778 1144 107 20 ombuden
896 1143 33 21 för
940 1150 26 14 en
977 1143 44 21 val-

193 1170 162 28 mansförening
369 1174 32 18 att
416 1174 79 19 ersätta
510 1178 26 15 en
552 1172 76 21 afliden
645 1172 101 21 kandidat
756 1172 50 20 med
817 1178 26 14 en
854 1172 119 26 suppleant,
985 1178 35 14 om

193 1199 66 21 sådan
281 1198 75 23 finnes.
385 1200 50 21 Men
451 1207 34 14 om
502 1207 26 14 en
544 1201 101 21 kandidat
660 1200 73 22 aflider
750 1200 53 21 efter
819 1200 40 21 den
875 1200 36 26 tid,
928 1200 25 21 då
969 1200 51 21 kan-

193 1227 100 21 datlistan
309 1228 66 22 redan
392 1230 22 19 är
431 1229 74 27 tryckt,
516 1229 82 21 således
610 1230 68 20 under
690 1229 41 21 den
743 1229 30 21 tid
785 1235 46 15 som
842 1228 90 22 förflutit
943 1228 77 22 mellan

193 1256 26 20 15
243 1256 66 27 dagar
331 1256 46 22 före
392 1257 56 21 valet
463 1258 39 21 och
518 1258 74 26 själfva
608 1258 130 25 valtillfället,
755 1258 25 20 så
795 1258 73 20 kunna
883 1257 137 27 naturligtvis

191 1284 46 26 icke
261 1285 185 22 ombudsmännen
470 1288 51 25 göra
544 1286 69 26 någon
634 1286 89 27 ändring
740 1286 41 21 och
796 1285 223 27 valmansföreningen

190 1312 33 22 får
239 1313 28 21 då
282 1314 33 20 stå
331 1314 38 21 sitt
383 1314 54 22 kast.
462 1315 49 21 Man
527 1315 71 21 kunde
614 1315 27 21 då
656 1315 64 21 tänka
736 1315 34 26 sig
786 1315 36 21 det
836 1314 136 25 förfarandet,
988 1317 33 18 att

191 1341 196 29 valmansförening
402 1343 39 21 och
457 1344 31 25 de,
499 1350 46 14 som
561 1344 68 20 önska
643 1345 59 19 rösta
712 1344 28 26 på
751 1344 50 20 dess
812 1343 54 25 lista,
882 1342 69 22 skulle
961 1344 59 20 rösta

191 1370 27 26 på
233 1370 72 26 listan,
320 1371 88 21 oaktadt
423 1372 40 20 den
478 1371 89 22 aflidnas
579 1378 64 15 namn
653 1372 68 21 finnes
732 1372 45 25 där,
788 1371 39 21 och
838 1373 32 19 att
879 1371 140 21 centralnäm-

191 1398 41 21 den
249 1399 65 21 sedan
327 1399 68 21 skulle
405 1400 93 21 förklara
509 1400 40 21 den
562 1401 55 21 döda
627 1400 46 21 icke
686 1400 80 21 valbar.
782 1400 32 21 De
826 1400 36 21 två
872 1399 68 27 öfriga
950 1400 70 20 skulle

190 1427 67 21 sedan
273 1427 87 22 kvarstå
375 1428 71 22 såsom
463 1428 171 28 valföreningens
650 1429 132 21 kandidater.
807 1428 49 22 Man
872 1428 73 21 kunde
955 1428 64 21 tänka

190 1455 34 27 sig
247 1456 64 25 detta,
327 1462 49 16 men
392 1457 65 21 redan
474 1458 45 20 däri
534 1458 67 26 ligger
621 1458 41 20 den
678 1458 126 24 orättvisan,
820 1459 32 19 att
867 1456 152 22 valmansföre-

189 1484 80 27 ningen
282 1484 39 22 har
339 1485 77 21 endast
431 1486 35 21 två
481 1486 125 22 kandidater
621 1486 7 21 i
644 1486 72 21 stället
730 1486 34 21 för
780 1488 39 19 tre.
849 1486 49 20 Men
912 1485 39 27 jag
967 1487 51 24 tror,
