<?xml version="1.0" encoding="UTF-8"?>
<alto xmlns="http://www.loc.gov/standards/alto/ns-v3#" xmlns:xlink="http://www.w3.org/1999/xlink" xmlns:xsi="http://www.w3.org/2001/XMLSchema-instance" xsi:schemaLocation="http://www.loc.gov/standards/alto/ns-v3# http://www.loc.gov/alto/v3/alto-3-0.xsd">
	<Description>
		<MeasurementUnit>pixel</MeasurementUnit>
		<sourceImageInformation>
			<fileName>/tmp/tess_8nbilq16_input.PNG</fileName>
		</sourceImageInformation>
		<OCRProcessing ID="OCR_0">
			<ocrProcessingStep>
				<processingSoftware>
					<softwareName>tesseract 5.3.4</softwareName>
				</processingSoftware>
			</ocrProcessingStep>
		</OCRProcessing>
	</Description>
	<Layout>
		<Page WIDTH="1089" HEIGHT="1742" PHYSICAL_IMG_NR="0" ID="page_0">
			<PrintSpace HPOS="0" VPOS="0" WIDTH="1089" HEIGHT="1742">
				<ComposedBlock ID="cblock_0" HPOS="66" VPOS="68" WIDTH="828" HEIGHT="28">
					<TextBlock ID="block_0" HPOS="66" VPOS="68" WIDTH="828" HEIGHT="28">
						<TextLine ID="line_0" HPOS="66" VPOS="68" WIDTH="828" HEIGHT="28">
							<String ID="string_0" HPOS="66" VPOS="76" WIDTH="24" HEIGHT="17" WC="0.91" CONTENT="31"/><SP WIDTH="11" VPOS="76" HPOS="90"/>
							<String ID="string_1" HPOS="101" VPOS="80" WIDTH="20" HEIGHT="16" WC="0.91" CONTENT="p."/><SP WIDTH="14" VPOS="80" HPOS="121"/>
							<String ID="string_2" HPOS="135" VPOS="75" WIDTH="54" HEIGHT="17" WC="0.91" CONTENT="elok."/><SP WIDTH="178" VPOS="75" HPOS="189"/>
							<String ID="string_3" HPOS="367" VPOS="75" WIDTH="84" HEIGHT="17" WC="0.87" CONTENT="Yleisiä"/><SP WIDTH="11" VPOS="75" HPOS="451"/>
							<String ID="string_4" HPOS="462" VPOS="75" WIDTH="125" HEIGHT="17" WC="0.92" CONTENT="kokouksia."/><SP WIDTH="265" VPOS="75" HPOS="587"/>
							<String ID="string_5" HPOS="852" VPOS="68" WIDTH="42" HEIGHT="22" WC="0.94" CONTENT="915"/>
						</TextLine>
					</TextBlock>
				</ComposedBlock>
				<GraphicalElement ID="cblock_1" HPOS="67" VPOS="99" WIDTH="826" HEIGHT="13"></GraphicalElement >
				<ComposedBlock ID="cblock_2" HPOS="65" VPOS="143" WIDTH="829" HEIGHT="143">
					<TextBlock ID="block_1" HPOS="65" VPOS="143" WIDTH="829" HEIGHT="143">
						<TextLine ID="line_1" HPOS="136" VPOS="143" WIDTH="757" HEIGHT="27">
							<String ID="string_6" HPOS="136" VPOS="144" WIDTH="50" HEIGHT="21" WC="0.91" CONTENT="Kun"/><SP WIDTH="23" VPOS="144" HPOS="186"/>
							<String ID="string_7" HPOS="209" VPOS="144" WIDTH="58" HEIGHT="21" WC="0.91" CONTENT="näitä"/><SP WIDTH="21" VPOS="144" HPOS="267"/>
							<String ID="string_8" HPOS="288" VPOS="143" WIDTH="111" HEIGHT="27" WC="0.92" CONTENT="ajatuksia,"/><SP WIDTH="20" VPOS="143" HPOS="399"/>
							<String ID="string_9" HPOS="419" VPOS="143" WIDTH="61" HEIGHT="27" WC="0.92" CONTENT="jotka"/><SP WIDTH="15" VPOS="143" HPOS="480"/>
							<String ID="string_10" HPOS="495" VPOS="144" WIDTH="63" HEIGHT="20" WC="0.92" CONTENT="täällä"/><SP WIDTH="15" VPOS="144" HPOS="558"/>
							<String ID="string_11" HPOS="573" VPOS="144" WIDTH="47" HEIGHT="21" WC="0.93" CONTENT="olen"/><SP WIDTH="17" VPOS="144" HPOS="620"/>
							<String ID="string_12" HPOS="637" VPOS="144" WIDTH="116" HEIGHT="26" WC="0.91" CONTENT="rohjennut"/><SP WIDTH="15" VPOS="144" HPOS="753"/>
							<String ID="string_13" HPOS="768" VPOS="144" WIDTH="82" HEIGHT="25" WC="0.91" CONTENT="esittää,"/><SP WIDTH="16" VPOS="144" HPOS="850"/>
							<String ID="string_14" HPOS="866" VPOS="149" WIDTH="27" HEIGHT="15" WC="0.96" CONTENT="on"/>
						</TextLine>
						<TextLine ID="line_2" HPOS="67" VPOS="172" WIDTH="827" HEIGHT="27">
							<String ID="string_15" HPOS="67" VPOS="174" WIDTH="63" HEIGHT="20" WC="0.95" CONTENT="tuotu"/><SP WIDTH="19" VPOS="174" HPOS="130"/>
							<String ID="string_16" HPOS="149" VPOS="172" WIDTH="55" HEIGHT="27" WC="0.96" CONTENT="julki"/><SP WIDTH="23" VPOS="172" HPOS="204"/>
							<String ID="string_17" HPOS="227" VPOS="172" WIDTH="144" HEIGHT="21" WC="0.93" CONTENT="valiokunnan"/><SP WIDTH="21" VPOS="172" HPOS="371"/>
							<String ID="string_18" HPOS="392" VPOS="173" WIDTH="125" HEIGHT="20" WC="0.91" CONTENT="mietintöön"/><SP WIDTH="22" VPOS="173" HPOS="517"/>
							<String ID="string_19" HPOS="539" VPOS="172" WIDTH="105" HEIGHT="27" WC="0.93" CONTENT="liitetyssä"/><SP WIDTH="15" VPOS="172" HPOS="644"/>
							<String ID="string_20" HPOS="659" VPOS="172" WIDTH="151" HEIGHT="22" WC="0.92" CONTENT="ensimäisessä"/><SP WIDTH="15" VPOS="172" HPOS="810"/>
							<String ID="string_21" HPOS="825" VPOS="174" WIDTH="69" HEIGHT="19" WC="0.92" CONTENT="vasta-"/>
						</TextLine>
						<TextLine ID="line_3" HPOS="67" VPOS="200" WIDTH="827" HEIGHT="28">
							<String ID="string_22" HPOS="67" VPOS="202" WIDTH="115" HEIGHT="23" WC="0.96" CONTENT="lauseessa,"/><SP WIDTH="5" VPOS="202" HPOS="182"/>
							<String ID="string_23" HPOS="187" VPOS="201" WIDTH="82" HEIGHT="27" WC="0.93" CONTENT="pyydän"/><SP WIDTH="8" VPOS="201" HPOS="269"/>
							<String ID="string_24" HPOS="277" VPOS="200" WIDTH="214" HEIGHT="27" WC="0.92" CONTENT="kunnioittavimmin,"/><SP WIDTH="5" VPOS="200" HPOS="491"/>
							<String ID="string_25" HPOS="496" VPOS="203" WIDTH="43" HEIGHT="19" WC="0.97" CONTENT="että"/><SP WIDTH="5" VPOS="203" HPOS="539"/>
							<String ID="string_26" HPOS="544" VPOS="201" WIDTH="181" HEIGHT="21" WC="0.93" CONTENT="kunnianarvoisa"/><SP WIDTH="5" VPOS="201" HPOS="725"/>
							<String ID="string_27" HPOS="730" VPOS="201" WIDTH="164" HEIGHT="27" WC="0.92" CONTENT="porvarissääty,"/>
						</TextLine>
						<TextLine ID="line_4" HPOS="67" VPOS="229" WIDTH="827" HEIGHT="28">
							<String ID="string_28" HPOS="67" VPOS="229" WIDTH="139" HEIGHT="28" WC="0.92" CONTENT="ryhtyessään"/><SP WIDTH="26" VPOS="229" HPOS="206"/>
							<String ID="string_29" HPOS="232" VPOS="229" WIDTH="185" HEIGHT="27" WC="0.87" CONTENT="seikkaperäiseen"/><SP WIDTH="23" VPOS="229" HPOS="417"/>
							<String ID="string_30" HPOS="440" VPOS="229" WIDTH="161" HEIGHT="27" WC="0.95" CONTENT="keskusteluun,"/><SP WIDTH="23" VPOS="229" HPOS="601"/>
							<String ID="string_31" HPOS="624" VPOS="230" WIDTH="121" HEIGHT="27" WC="0.96" CONTENT="hyväksyisi"/><SP WIDTH="21" VPOS="230" HPOS="745"/>
							<String ID="string_32" HPOS="766" VPOS="236" WIDTH="26" HEIGHT="14" WC="0.93" CONTENT="ne"/><SP WIDTH="15" VPOS="236" HPOS="792"/>
							<String ID="string_33" HPOS="807" VPOS="232" WIDTH="87" HEIGHT="24" WC="0.92" CONTENT="ponnet,"/>
						</TextLine>
						<TextLine ID="line_5" HPOS="65" VPOS="258" WIDTH="452" HEIGHT="28">
							<String ID="string_34" HPOS="65" VPOS="258" WIDTH="62" HEIGHT="28" WC="0.96" CONTENT="jotka"/><SP WIDTH="15" VPOS="258" HPOS="127"/>
							<String ID="string_35" HPOS="142" VPOS="258" WIDTH="130" HEIGHT="21" WC="0.96" CONTENT="ensimäinen"/><SP WIDTH="17" VPOS="258" HPOS="272"/>
							<String ID="string_36" HPOS="289" VPOS="258" WIDTH="121" HEIGHT="21" WC="0.96" CONTENT="vastalause"/><SP WIDTH="16" VPOS="258" HPOS="410"/>
							<String ID="string_37" HPOS="426" VPOS="258" WIDTH="91" HEIGHT="21" WC="0.96" CONTENT="sisältää."/>
						</TextLine>
					</TextBlock>
				</ComposedBlock>
				<ComposedBlock ID="cblock_3" HPOS="68" VPOS="315" WIDTH="830" HEIGHT="507">
					<TextBlock ID="block_2" HPOS="68" VPOS="315" WIDTH="830" HEIGHT="507">
						<TextLine ID="line_6" HPOS="138" VPOS="315" WIDTH="756" HEIGHT="27">
							<String ID="string_38" HPOS="138" VPOS="315" WIDTH="46" HEIGHT="20" WC="0.93" CONTENT="Hra"/><SP WIDTH="22" VPOS="315" HPOS="184"/>
							<String ID="string_39" HPOS="206" VPOS="315" WIDTH="167" HEIGHT="26" WC="0.90" CONTENT="Lojander:"/><SP WIDTH="16" VPOS="315" HPOS="373"/>
							<String ID="string_40" HPOS="389" VPOS="315" WIDTH="58" HEIGHT="20" WC="0.96" CONTENT="Minä"/><SP WIDTH="11" VPOS="315" HPOS="447"/>
							<String ID="string_41" HPOS="458" VPOS="315" WIDTH="82" HEIGHT="27" WC="0.96" CONTENT="pyydän"/><SP WIDTH="11" VPOS="315" HPOS="540"/>
							<String ID="string_42" HPOS="551" VPOS="316" WIDTH="60" HEIGHT="26" WC="0.96" CONTENT="myös"/><SP WIDTH="12" VPOS="316" HPOS="611"/>
							<String ID="string_43" HPOS="623" VPOS="315" WIDTH="65" HEIGHT="21" WC="0.96" CONTENT="saada"/><SP WIDTH="15" VPOS="315" HPOS="688"/>
							<String ID="string_44" HPOS="703" VPOS="315" WIDTH="81" HEIGHT="25" WC="0.96" CONTENT="lausua,"/><SP WIDTH="16" VPOS="315" HPOS="784"/>
							<String ID="string_45" HPOS="800" VPOS="317" WIDTH="44" HEIGHT="19" WC="0.93" CONTENT="että"/><SP WIDTH="15" VPOS="317" HPOS="844"/>
							<String ID="string_46" HPOS="859" VPOS="321" WIDTH="35" HEIGHT="14" WC="0.92" CONTENT="va-"/>
						</TextLine>
						<TextLine ID="line_7" HPOS="68" VPOS="343" WIDTH="827" HEIGHT="28">
							<String ID="string_47" HPOS="68" VPOS="343" WIDTH="117" HEIGHT="22" WC="0.91" CONTENT="liokunnan"/><SP WIDTH="21" VPOS="343" HPOS="185"/>
							<String ID="string_48" HPOS="206" VPOS="343" WIDTH="217" HEIGHT="22" WC="0.92" CONTENT="muutosehdotukset"/><SP WIDTH="16" VPOS="343" HPOS="423"/>
							<String ID="string_49" HPOS="439" VPOS="344" WIDTH="93" HEIGHT="21" WC="0.93" CONTENT="minusta"/><SP WIDTH="14" VPOS="344" HPOS="532"/>
							<String ID="string_50" HPOS="546" VPOS="343" WIDTH="127" HEIGHT="28" WC="0.92" CONTENT="ylimalkaan"/><SP WIDTH="16" VPOS="343" HPOS="673"/>
							<String ID="string_51" HPOS="689" VPOS="346" WIDTH="50" HEIGHT="19" WC="0.96" CONTENT="ovat"/><SP WIDTH="14" VPOS="346" HPOS="739"/>
							<String ID="string_52" HPOS="753" VPOS="343" WIDTH="91" HEIGHT="22" WC="0.93" CONTENT="tärkeitä"/><SP WIDTH="14" VPOS="343" HPOS="844"/>
							<String ID="string_53" HPOS="858" VPOS="349" WIDTH="37" HEIGHT="21" WC="0.93" CONTENT="pa-"/>
						</TextLine>
						<TextLine ID="line_8" HPOS="69" VPOS="371" WIDTH="825" HEIGHT="28">
							<String ID="string_54" HPOS="69" VPOS="371" WIDTH="116" HEIGHT="22" WC="0.92" CONTENT="rannuksia"/><SP WIDTH="23" VPOS="371" HPOS="185"/>
							<String ID="string_55" HPOS="208" VPOS="372" WIDTH="61" HEIGHT="21" WC="0.93" CONTENT="tähän"/><SP WIDTH="25" VPOS="372" HPOS="269"/>
							<String ID="string_56" HPOS="294" VPOS="372" WIDTH="134" HEIGHT="21" WC="0.92" CONTENT="armolliseen"/><SP WIDTH="17" VPOS="372" HPOS="428"/>
							<String ID="string_57" HPOS="445" VPOS="373" WIDTH="125" HEIGHT="26" WC="0.96" CONTENT="esitykseen."/><SP WIDTH="31" VPOS="373" HPOS="570"/>
							<String ID="string_58" HPOS="601" VPOS="372" WIDTH="129" HEIGHT="21" WC="0.96" CONTENT="Valiokunta"/><SP WIDTH="15" VPOS="372" HPOS="730"/>
							<String ID="string_59" HPOS="745" VPOS="379" WIDTH="28" HEIGHT="14" WC="0.96" CONTENT="on"/><SP WIDTH="16" VPOS="379" HPOS="773"/>
							<String ID="string_60" HPOS="789" VPOS="372" WIDTH="105" HEIGHT="21" WC="0.96" CONTENT="nimittäin"/>
						</TextLine>
						<TextLine ID="line_9" HPOS="68" VPOS="401" WIDTH="827" HEIGHT="26">
							<String ID="string_61" HPOS="68" VPOS="401" WIDTH="98" HEIGHT="21" WC="0.96" CONTENT="karsinut"/><SP WIDTH="26" VPOS="401" HPOS="166"/>
							<String ID="string_62" HPOS="192" VPOS="401" WIDTH="48" HEIGHT="20" WC="0.95" CONTENT="siitä"/><SP WIDTH="22" VPOS="401" HPOS="240"/>
							<String ID="string_63" HPOS="262" VPOS="401" WIDTH="47" HEIGHT="26" WC="0.96" CONTENT="pois"/><SP WIDTH="21" VPOS="401" HPOS="309"/>
							<String ID="string_64" HPOS="330" VPOS="401" WIDTH="90" HEIGHT="20" WC="0.96" CONTENT="melkein"/><SP WIDTH="23" VPOS="401" HPOS="420"/>
							<String ID="string_65" HPOS="443" VPOS="401" WIDTH="70" HEIGHT="21" WC="0.96" CONTENT="kaikki"/><SP WIDTH="23" VPOS="401" HPOS="513"/>
							<String ID="string_66" HPOS="536" VPOS="407" WIDTH="27" HEIGHT="14" WC="0.96" CONTENT="ne"/><SP WIDTH="22" VPOS="407" HPOS="563"/>
							<String ID="string_67" HPOS="585" VPOS="401" WIDTH="86" HEIGHT="25" WC="0.96" CONTENT="kohdat,"/><SP WIDTH="20" VPOS="401" HPOS="671"/>
							<String ID="string_68" HPOS="691" VPOS="401" WIDTH="61" HEIGHT="26" WC="0.95" CONTENT="jotka"/><SP WIDTH="23" VPOS="401" HPOS="752"/>
							<String ID="string_69" HPOS="775" VPOS="401" WIDTH="120" HEIGHT="20" WC="0.95" CONTENT="mielestäni"/>
						</TextLine>
						<TextLine ID="line_10" HPOS="69" VPOS="429" WIDTH="826" HEIGHT="27">
							<String ID="string_70" HPOS="69" VPOS="431" WIDTH="50" HEIGHT="20" WC="0.96" CONTENT="ovat"/><SP WIDTH="10" VPOS="431" HPOS="119"/>
							<String ID="string_71" HPOS="129" VPOS="429" WIDTH="118" HEIGHT="27" WC="0.93" CONTENT="pidettävät"/><SP WIDTH="10" VPOS="429" HPOS="247"/>
							<String ID="string_72" HPOS="257" VPOS="429" WIDTH="264" HEIGHT="27" WC="0.91" CONTENT="kokoontumisvapauden"/><SP WIDTH="11" VPOS="429" HPOS="521"/>
							<String ID="string_73" HPOS="532" VPOS="429" WIDTH="141" HEIGHT="27" WC="0.93" CONTENT="rajoituksina"/><SP WIDTH="7" VPOS="429" HPOS="673"/>
							<String ID="string_74" HPOS="680" VPOS="429" WIDTH="24" HEIGHT="27" WC="0.96" CONTENT="ja"/><SP WIDTH="10" VPOS="429" HPOS="704"/>
							<String ID="string_75" HPOS="714" VPOS="430" WIDTH="87" HEIGHT="20" WC="0.93" CONTENT="esteinä."/><SP WIDTH="22" VPOS="430" HPOS="801"/>
							<String ID="string_76" HPOS="823" VPOS="429" WIDTH="72" HEIGHT="21" WC="0.93" CONTENT="Ilmoi-"/>
						</TextLine>
						<TextLine ID="line_11" HPOS="69" VPOS="457" WIDTH="826" HEIGHT="27">
							<String ID="string_77" HPOS="69" VPOS="458" WIDTH="180" HEIGHT="21" WC="0.92" CONTENT="tusvelvollisuus"/><SP WIDTH="22" VPOS="458" HPOS="249"/>
							<String ID="string_78" HPOS="271" VPOS="464" WIDTH="28" HEIGHT="15" WC="0.95" CONTENT="on"/><SP WIDTH="24" VPOS="464" HPOS="299"/>
							<String ID="string_79" HPOS="323" VPOS="458" WIDTH="116" HEIGHT="26" WC="0.95" CONTENT="supistettu"/><SP WIDTH="20" VPOS="458" HPOS="439"/>
							<String ID="string_80" HPOS="459" VPOS="459" WIDTH="123" HEIGHT="20" WC="0.93" CONTENT="ainoastaan"/><SP WIDTH="17" VPOS="459" HPOS="582"/>
							<String ID="string_81" HPOS="599" VPOS="458" WIDTH="229" HEIGHT="21" WC="0.93" CONTENT="ulkoilmakokouksiin"/><SP WIDTH="16" VPOS="458" HPOS="828"/>
							<String ID="string_82" HPOS="844" VPOS="457" WIDTH="51" HEIGHT="21" WC="0.93" CONTENT="kau-"/>
						</TextLine>
						<TextLine ID="line_12" HPOS="69" VPOS="486" WIDTH="825" HEIGHT="27">
							<String ID="string_83" HPOS="69" VPOS="486" WIDTH="117" HEIGHT="27" WC="0.92" CONTENT="pungeissa"/><SP WIDTH="21" VPOS="486" HPOS="186"/>
							<String ID="string_84" HPOS="207" VPOS="486" WIDTH="22" HEIGHT="27" WC="0.96" CONTENT="ja"/><SP WIDTH="23" VPOS="486" HPOS="229"/>
							<String ID="string_85" HPOS="252" VPOS="487" WIDTH="104" HEIGHT="26" WC="0.95" CONTENT="poistettu"/><SP WIDTH="21" VPOS="487" HPOS="356"/>
							<String ID="string_86" HPOS="377" VPOS="493" WIDTH="27" HEIGHT="14" WC="0.96" CONTENT="on"/><SP WIDTH="16" VPOS="493" HPOS="404"/>
							<String ID="string_87" HPOS="420" VPOS="487" WIDTH="81" HEIGHT="20" WC="0.96" CONTENT="samoin"/><SP WIDTH="17" VPOS="487" HPOS="501"/>
							<String ID="string_88" HPOS="518" VPOS="489" WIDTH="97" HEIGHT="24" WC="0.96" CONTENT="määräys"/><SP WIDTH="16" VPOS="489" HPOS="615"/>
							<String ID="string_89" HPOS="631" VPOS="487" WIDTH="52" HEIGHT="25" WC="0.96" CONTENT="siitä,"/><SP WIDTH="16" VPOS="487" HPOS="683"/>
							<String ID="string_90" HPOS="699" VPOS="489" WIDTH="44" HEIGHT="18" WC="0.96" CONTENT="että"/><SP WIDTH="15" VPOS="489" HPOS="743"/>
							<String ID="string_91" HPOS="758" VPOS="487" WIDTH="136" HEIGHT="20" WC="0.96" CONTENT="ilmoituksen"/>
						</TextLine>
						<TextLine ID="line_13" HPOS="69" VPOS="514" WIDTH="828" HEIGHT="28">
							<String ID="string_92" HPOS="69" VPOS="515" WIDTH="79" HEIGHT="26" WC="0.96" CONTENT="tekijän"/><SP WIDTH="26" VPOS="515" HPOS="148"/>
							<String ID="string_93" HPOS="174" VPOS="515" WIDTH="57" HEIGHT="21" WC="0.94" CONTENT="tulee"/><SP WIDTH="22" VPOS="515" HPOS="231"/>
							<String ID="string_94" HPOS="253" VPOS="515" WIDTH="42" HEIGHT="21" WC="0.96" CONTENT="olla"/><SP WIDTH="22" VPOS="515" HPOS="295"/>
							<String ID="string_95" HPOS="317" VPOS="514" WIDTH="178" HEIGHT="27" WC="0.96" CONTENT="paikkakunnalla"/><SP WIDTH="22" VPOS="514" HPOS="495"/>
							<String ID="string_96" HPOS="517" VPOS="521" WIDTH="72" HEIGHT="15" WC="0.94" CONTENT="asuva."/><SP WIDTH="37" VPOS="521" HPOS="589"/>
							<String ID="string_97" HPOS="626" VPOS="515" WIDTH="26" HEIGHT="21" WC="0.95" CONTENT="Ei"/><SP WIDTH="23" VPOS="515" HPOS="652"/>
							<String ID="string_98" HPOS="675" VPOS="515" WIDTH="114" HEIGHT="27" WC="0.96" CONTENT="myöskään"/><SP WIDTH="24" VPOS="515" HPOS="789"/>
							<String ID="string_99" HPOS="813" VPOS="515" WIDTH="84" HEIGHT="21" WC="0.96" CONTENT="vaadita"/>
						</TextLine>
						<TextLine ID="line_14" HPOS="71" VPOS="543" WIDTH="825" HEIGHT="22">
							<String ID="string_100" HPOS="71" VPOS="543" WIDTH="147" HEIGHT="22" WC="0.96" CONTENT="valiokunnan"/><SP WIDTH="31" VPOS="543" HPOS="218"/>
							<String ID="string_101" HPOS="249" VPOS="543" WIDTH="133" HEIGHT="22" WC="0.93" CONTENT="ehdotuksen"/><SP WIDTH="31" VPOS="543" HPOS="382"/>
							<String ID="string_102" HPOS="413" VPOS="544" WIDTH="91" HEIGHT="21" WC="0.95" CONTENT="mukaan"/><SP WIDTH="27" VPOS="544" HPOS="504"/>
							<String ID="string_103" HPOS="531" VPOS="544" WIDTH="119" HEIGHT="21" WC="0.95" CONTENT="ilmoitusta"/><SP WIDTH="22" VPOS="544" HPOS="650"/>
							<String ID="string_104" HPOS="672" VPOS="544" WIDTH="124" HEIGHT="21" WC="0.93" CONTENT="kokouksen"/><SP WIDTH="21" VPOS="544" HPOS="796"/>
							<String ID="string_105" HPOS="817" VPOS="543" WIDTH="79" HEIGHT="22" WC="0.92" CONTENT="tarkoi-"/>
						</TextLine>
						<TextLine ID="line_15" HPOS="71" VPOS="572" WIDTH="825" HEIGHT="23">
							<String ID="string_106" HPOS="71" VPOS="572" WIDTH="102" HEIGHT="21" WC="0.95" CONTENT="tuksesta."/><SP WIDTH="23" VPOS="572" HPOS="173"/>
							<String ID="string_107" HPOS="196" VPOS="572" WIDTH="130" HEIGHT="21" WC="0.96" CONTENT="Sitävastoin"/><SP WIDTH="23" VPOS="572" HPOS="326"/>
							<String ID="string_108" HPOS="349" VPOS="578" WIDTH="25" HEIGHT="15" WC="0.96" CONTENT="en"/><SP WIDTH="26" VPOS="578" HPOS="374"/>
							<String ID="string_109" HPOS="400" VPOS="573" WIDTH="34" HEIGHT="20" WC="0.96" CONTENT="voi"/><SP WIDTH="21" VPOS="573" HPOS="434"/>
							<String ID="string_110" HPOS="455" VPOS="572" WIDTH="115" HEIGHT="21" WC="0.96" CONTENT="kannattaa"/><SP WIDTH="15" VPOS="572" HPOS="570"/>
							<String ID="string_111" HPOS="585" VPOS="572" WIDTH="137" HEIGHT="21" WC="0.96" CONTENT="valiokuntaa"/><SP WIDTH="15" VPOS="572" HPOS="722"/>
							<String ID="string_112" HPOS="737" VPOS="573" WIDTH="60" HEIGHT="22" WC="0.77" CONTENT="siinä."/><SP WIDTH="16" VPOS="573" HPOS="797"/>
							<String ID="string_113" HPOS="813" VPOS="574" WIDTH="44" HEIGHT="19" WC="0.97" CONTENT="että"/><SP WIDTH="15" VPOS="574" HPOS="857"/>
							<String ID="string_114" HPOS="872" VPOS="578" WIDTH="24" HEIGHT="15" WC="0.96" CONTENT="se"/>
						</TextLine>
						<TextLine ID="line_16" HPOS="71" VPOS="601" WIDTH="826" HEIGHT="28">
							<String ID="string_115" HPOS="71" VPOS="607" WIDTH="27" HEIGHT="16" WC="0.95" CONTENT="on"/><SP WIDTH="27" VPOS="607" HPOS="98"/>
							<String ID="string_116" HPOS="125" VPOS="601" WIDTH="110" HEIGHT="26" WC="0.95" CONTENT="poistanut"/><SP WIDTH="25" VPOS="601" HPOS="235"/>
							<String ID="string_117" HPOS="260" VPOS="601" WIDTH="107" HEIGHT="27" WC="0.95" CONTENT="esityksen"/><SP WIDTH="24" VPOS="601" HPOS="367"/>
							<String ID="string_118" HPOS="391" VPOS="601" WIDTH="11" HEIGHT="21" WC="0.93" CONTENT="7"/><SP WIDTH="25" VPOS="601" HPOS="402"/>
							<String ID="string_119" HPOS="427" VPOS="601" WIDTH="38" HEIGHT="28" WC="0.68" CONTENT="$:n."/><SP WIDTH="35" VPOS="601" HPOS="465"/>
							<String ID="string_120" HPOS="500" VPOS="601" WIDTH="135" HEIGHT="21" WC="0.96" CONTENT="Tietääkseni"/><SP WIDTH="22" VPOS="601" HPOS="635"/>
							<String ID="string_121" HPOS="657" VPOS="601" WIDTH="19" HEIGHT="21" WC="0.96" CONTENT="ei"/><SP WIDTH="23" VPOS="601" HPOS="676"/>
							<String ID="string_122" HPOS="699" VPOS="601" WIDTH="95" HEIGHT="22" WC="0.96" CONTENT="kansalla"/><SP WIDTH="23" VPOS="601" HPOS="794"/>
							<String ID="string_123" HPOS="817" VPOS="601" WIDTH="33" HEIGHT="21" WC="0.96" CONTENT="ole"/><SP WIDTH="23" VPOS="601" HPOS="850"/>
							<String ID="string_124" HPOS="873" VPOS="607" WIDTH="24" HEIGHT="14" WC="0.96" CONTENT="se"/>
						</TextLine>
						<TextLine ID="line_17" HPOS="70" VPOS="629" WIDTH="826" HEIGHT="28">
							<String ID="string_125" HPOS="70" VPOS="629" WIDTH="87" HEIGHT="27" WC="0.96" CONTENT="käsitys,"/><SP WIDTH="23" VPOS="629" HPOS="157"/>
							<String ID="string_126" HPOS="180" VPOS="631" WIDTH="45" HEIGHT="20" WC="0.96" CONTENT="että"/><SP WIDTH="22" VPOS="631" HPOS="225"/>
							<String ID="string_127" HPOS="247" VPOS="629" WIDTH="47" HEIGHT="22" WC="0.96" CONTENT="olisi"/><SP WIDTH="23" VPOS="629" HPOS="294"/>
							<String ID="string_128" HPOS="317" VPOS="629" WIDTH="107" HEIGHT="22" WC="0.96" CONTENT="luvallista"/><SP WIDTH="18" VPOS="629" HPOS="424"/>
							<String ID="string_129" HPOS="442" VPOS="630" WIDTH="90" HEIGHT="27" WC="0.96" CONTENT="esiintyä"/><SP WIDTH="15" VPOS="630" HPOS="532"/>
							<String ID="string_130" HPOS="547" VPOS="629" WIDTH="102" HEIGHT="28" WC="0.96" CONTENT="yleisessä"/><SP WIDTH="17" VPOS="629" HPOS="649"/>
							<String ID="string_131" HPOS="666" VPOS="630" WIDTH="148" HEIGHT="21" WC="0.93" CONTENT="kokouksessa"/><SP WIDTH="16" VPOS="630" HPOS="814"/>
							<String ID="string_132" HPOS="830" VPOS="629" WIDTH="66" HEIGHT="22" WC="0.93" CONTENT="aseel-"/>
						</TextLine>
						<TextLine ID="line_18" HPOS="70" VPOS="658" WIDTH="828" HEIGHT="27">
							<String ID="string_133" HPOS="70" VPOS="658" WIDTH="73" HEIGHT="21" WC="0.90" CONTENT="lisena."/><SP WIDTH="32" VPOS="658" HPOS="143"/>
							<String ID="string_134" HPOS="175" VPOS="658" WIDTH="171" HEIGHT="21" WC="0.90" CONTENT="Puheenalainen"/><SP WIDTH="20" VPOS="658" HPOS="346"/>
							<String ID="string_135" HPOS="366" VPOS="658" WIDTH="65" HEIGHT="21" WC="0.96" CONTENT="kielto"/><SP WIDTH="15" VPOS="658" HPOS="431"/>
							<String ID="string_136" HPOS="446" VPOS="658" WIDTH="138" HEIGHT="21" WC="0.96" CONTENT="kokoukseen"/><SP WIDTH="17" VPOS="658" HPOS="584"/>
							<String ID="string_137" HPOS="601" VPOS="659" WIDTH="156" HEIGHT="26" WC="0.93" CONTENT="saapumisesta"/><SP WIDTH="15" VPOS="659" HPOS="757"/>
							<String ID="string_138" HPOS="772" VPOS="658" WIDTH="126" HEIGHT="21" WC="0.91" CONTENT="aseellisena"/>
						</TextLine>
						<TextLine ID="line_19" HPOS="71" VPOS="687" WIDTH="825" HEIGHT="26">
							<String ID="string_139" HPOS="71" VPOS="687" WIDTH="20" HEIGHT="20" WC="0.97" CONTENT="ei"/><SP WIDTH="15" VPOS="687" HPOS="91"/>
							<String ID="string_140" HPOS="106" VPOS="687" WIDTH="37" HEIGHT="21" WC="0.96" CONTENT="siis"/><SP WIDTH="17" VPOS="687" HPOS="143"/>
							<String ID="string_141" HPOS="160" VPOS="687" WIDTH="34" HEIGHT="21" WC="0.97" CONTENT="voi"/><SP WIDTH="15" VPOS="687" HPOS="194"/>
							<String ID="string_142" HPOS="209" VPOS="687" WIDTH="42" HEIGHT="20" WC="0.96" CONTENT="olla"/><SP WIDTH="14" VPOS="687" HPOS="251"/>
							<String ID="string_143" HPOS="265" VPOS="687" WIDTH="164" HEIGHT="26" WC="0.96" CONTENT="persoonallista"/><SP WIDTH="16" VPOS="687" HPOS="429"/>
							<String ID="string_144" HPOS="445" VPOS="690" WIDTH="103" HEIGHT="23" WC="0.96" CONTENT="vapautta"/><SP WIDTH="10" VPOS="690" HPOS="548"/>
							<String ID="string_145" HPOS="558" VPOS="687" WIDTH="137" HEIGHT="21" WC="0.96" CONTENT="loukkaavaa."/><SP WIDTH="22" VPOS="687" HPOS="695"/>
							<String ID="string_146" HPOS="717" VPOS="687" WIDTH="27" HEIGHT="22" WC="0.96" CONTENT="Ja"/><SP WIDTH="9" VPOS="687" HPOS="744"/>
							<String ID="string_147" HPOS="753" VPOS="687" WIDTH="69" HEIGHT="21" WC="0.93" CONTENT="koska"/><SP WIDTH="10" VPOS="687" HPOS="822"/>
							<String ID="string_148" HPOS="832" VPOS="687" WIDTH="64" HEIGHT="20" WC="0.93" CONTENT="valio-"/>
						</TextLine>
						<TextLine ID="line_20" HPOS="71" VPOS="715" WIDTH="826" HEIGHT="28">
							<String ID="string_149" HPOS="71" VPOS="715" WIDTH="68" HEIGHT="21" WC="0.95" CONTENT="kunta"/><SP WIDTH="15" VPOS="715" HPOS="139"/>
							<String ID="string_150" HPOS="154" VPOS="715" WIDTH="118" HEIGHT="21" WC="0.96" CONTENT="mielestäni"/><SP WIDTH="16" VPOS="715" HPOS="272"/>
							<String ID="string_151" HPOS="288" VPOS="715" WIDTH="19" HEIGHT="21" WC="0.96" CONTENT="ei"/><SP WIDTH="16" VPOS="715" HPOS="307"/>
							<String ID="string_152" HPOS="323" VPOS="715" WIDTH="144" HEIGHT="21" WC="0.96" CONTENT="muutenkaan"/><SP WIDTH="16" VPOS="715" HPOS="467"/>
							<String ID="string_153" HPOS="483" VPOS="716" WIDTH="33" HEIGHT="21" WC="0.93" CONTENT="ole"/><SP WIDTH="15" VPOS="716" HPOS="516"/>
							<String ID="string_154" HPOS="531" VPOS="716" WIDTH="132" HEIGHT="21" WC="0.92" CONTENT="esiintuonut"/><SP WIDTH="16" VPOS="716" HPOS="663"/>
							<String ID="string_155" HPOS="679" VPOS="716" WIDTH="84" HEIGHT="27" WC="0.97" CONTENT="päteviä"/><SP WIDTH="15" VPOS="716" HPOS="763"/>
							<String ID="string_156" HPOS="778" VPOS="716" WIDTH="54" HEIGHT="27" WC="0.93" CONTENT="syitä"/><SP WIDTH="14" VPOS="716" HPOS="832"/>
							<String ID="string_157" HPOS="846" VPOS="715" WIDTH="51" HEIGHT="21" WC="0.93" CONTENT="kiel-"/>
						</TextLine>
						<TextLine ID="line_21" HPOS="71" VPOS="744" WIDTH="826" HEIGHT="27">
							<String ID="string_158" HPOS="71" VPOS="744" WIDTH="35" HEIGHT="21" WC="0.86" CONTENT="lon"/><SP WIDTH="23" VPOS="744" HPOS="106"/>
							<String ID="string_159" HPOS="129" VPOS="744" WIDTH="159" HEIGHT="27" WC="0.86" CONTENT="poistamiselle,"/><SP WIDTH="24" VPOS="744" HPOS="288"/>
							<String ID="string_160" HPOS="312" VPOS="744" WIDTH="43" HEIGHT="21" WC="0.96" CONTENT="niin"/><SP WIDTH="23" VPOS="744" HPOS="355"/>
							<String ID="string_161" HPOS="378" VPOS="744" WIDTH="84" HEIGHT="27" WC="0.96" CONTENT="pyydän"/><SP WIDTH="24" VPOS="744" HPOS="462"/>
							<String ID="string_162" HPOS="486" VPOS="744" WIDTH="64" HEIGHT="21" WC="0.96" CONTENT="saada"/><SP WIDTH="16" VPOS="744" HPOS="550"/>
							<String ID="string_163" HPOS="566" VPOS="744" WIDTH="53" HEIGHT="21" WC="0.96" CONTENT="siinä"/><SP WIDTH="16" VPOS="744" HPOS="619"/>
							<String ID="string_164" HPOS="635" VPOS="744" WIDTH="112" HEIGHT="21" WC="0.96" CONTENT="suhteessa"/><SP WIDTH="14" VPOS="744" HPOS="747"/>
							<String ID="string_165" HPOS="761" VPOS="744" WIDTH="65" HEIGHT="27" WC="0.93" CONTENT="yhtyä"/><SP WIDTH="15" VPOS="744" HPOS="826"/>
							<String ID="string_166" HPOS="841" VPOS="744" WIDTH="56" HEIGHT="21" WC="0.93" CONTENT="ensi-"/>
						</TextLine>
						<TextLine ID="line_22" HPOS="72" VPOS="773" WIDTH="826" HEIGHT="21">
							<String ID="string_167" HPOS="72" VPOS="773" WIDTH="92" HEIGHT="20" WC="0.93" CONTENT="mäiseen"/><SP WIDTH="17" VPOS="773" HPOS="164"/>
							<String ID="string_168" HPOS="181" VPOS="773" WIDTH="191" HEIGHT="20" WC="0.91" CONTENT="vastalauseeseen."/><SP WIDTH="28" VPOS="773" HPOS="372"/>
							<String ID="string_169" HPOS="400" VPOS="773" WIDTH="83" HEIGHT="21" WC="0.96" CONTENT="Muissa"/><SP WIDTH="15" VPOS="773" HPOS="483"/>
							<String ID="string_170" HPOS="498" VPOS="773" WIDTH="78" HEIGHT="20" WC="0.96" CONTENT="kohdin"/><SP WIDTH="17" VPOS="773" HPOS="576"/>
							<String ID="string_171" HPOS="593" VPOS="773" WIDTH="56" HEIGHT="20" WC="0.96" CONTENT="minä"/><SP WIDTH="16" VPOS="773" HPOS="649"/>
							<String ID="string_172" HPOS="665" VPOS="773" WIDTH="106" HEIGHT="21" WC="0.93" CONTENT="kannatan"/><SP WIDTH="16" VPOS="773" HPOS="771"/>
							<String ID="string_173" HPOS="787" VPOS="773" WIDTH="111" HEIGHT="21" WC="0.92" CONTENT="valiokun-"/>
						</TextLine>
						<TextLine ID="line_23" HPOS="71" VPOS="801" WIDTH="173" HEIGHT="21">
							<String ID="string_174" HPOS="71" VPOS="807" WIDTH="41" HEIGHT="15" WC="0.96" CONTENT="nan"/><SP WIDTH="17" VPOS="807" HPOS="112"/>
							<String ID="string_175" HPOS="129" VPOS="801" WIDTH="115" HEIGHT="21" WC="0.96" CONTENT="mietintöä."/>
						</TextLine>
					</TextBlock>
				</ComposedBlock>
				<ComposedBlock ID="cblock_4" HPOS="72" VPOS="858" WIDTH="830" HEIGHT="627">
					<TextBlock ID="block_3" HPOS="72" VPOS="858" WIDTH="830" HEIGHT="570">
						<TextLine ID="line_24" HPOS="142" VPOS="858" WIDTH="756" HEIGHT="27">
							<String ID="string_176" HPOS="142" VPOS="858" WIDTH="46" HEIGHT="21" WC="0.96" CONTENT="Hra"/><SP WIDTH="15" VPOS="858" HPOS="188"/>
							<String ID="string_177" HPOS="203" VPOS="858" WIDTH="122" HEIGHT="26" WC="0.95" CONTENT="Heikel,"/><SP WIDTH="16" VPOS="858" HPOS="325"/>
							<String ID="string_178" HPOS="341" VPOS="858" WIDTH="128" HEIGHT="21" WC="0.93" CONTENT="Teodor:"/><SP WIDTH="16" VPOS="858" HPOS="469"/>
							<String ID="string_179" HPOS="485" VPOS="859" WIDTH="31" HEIGHT="20" WC="0.93" CONTENT="Pä"/><SP WIDTH="15" VPOS="859" HPOS="516"/>
							<String ID="string_180" HPOS="531" VPOS="859" WIDTH="46" HEIGHT="21" WC="0.96" CONTENT="sida"/><SP WIDTH="16" VPOS="859" HPOS="577"/>
							<String ID="string_181" HPOS="593" VPOS="859" WIDTH="26" HEIGHT="20" WC="0.93" CONTENT="28"/><SP WIDTH="16" VPOS="859" HPOS="619"/>
							<String ID="string_182" HPOS="635" VPOS="859" WIDTH="116" HEIGHT="26" WC="0.92" CONTENT="redogöres"/><SP WIDTH="14" VPOS="859" HPOS="751"/>
							<String ID="string_183" HPOS="765" VPOS="859" WIDTH="33" HEIGHT="21" WC="0.96" CONTENT="för"/><SP WIDTH="11" VPOS="859" HPOS="798"/>
							<String ID="string_184" HPOS="809" VPOS="859" WIDTH="27" HEIGHT="21" WC="0.96" CONTENT="de"/><SP WIDTH="10" VPOS="859" HPOS="836"/>
							<String ID="string_185" HPOS="846" VPOS="858" WIDTH="52" HEIGHT="25" WC="0.96" CONTENT="skäl,"/>
						</TextLine>
						<TextLine ID="line_25" HPOS="73" VPOS="886" WIDTH="825" HEIGHT="27">
							<String ID="string_186" HPOS="73" VPOS="892" WIDTH="46" HEIGHT="16" WC="0.93" CONTENT="som"/><SP WIDTH="15" VPOS="892" HPOS="119"/>
							<String ID="string_187" HPOS="134" VPOS="886" WIDTH="107" HEIGHT="22" WC="0.90" CONTENT="föranledt"/><SP WIDTH="15" VPOS="886" HPOS="241"/>
							<String ID="string_188" HPOS="256" VPOS="886" WIDTH="105" HEIGHT="22" WC="0.92" CONTENT="utskottet"/><SP WIDTH="14" VPOS="886" HPOS="361"/>
							<String ID="string_189" HPOS="375" VPOS="889" WIDTH="31" HEIGHT="19" WC="0.93" CONTENT="att"/><SP WIDTH="16" VPOS="889" HPOS="406"/>
							<String ID="string_190" HPOS="422" VPOS="887" WIDTH="93" HEIGHT="21" WC="0.92" CONTENT="utesluta"/><SP WIDTH="23" VPOS="887" HPOS="515"/>
							<String ID="string_191" HPOS="538" VPOS="888" WIDTH="5" HEIGHT="25" WC="0.90" CONTENT="$"/><SP WIDTH="16" VPOS="888" HPOS="543"/>
							<String ID="string_192" HPOS="559" VPOS="887" WIDTH="18" HEIGHT="21" WC="0.92" CONTENT="6."/><SP WIDTH="24" VPOS="887" HPOS="577"/>
							<String ID="string_193" HPOS="601" VPOS="887" WIDTH="33" HEIGHT="21" WC="0.92" CONTENT="Dä"/><SP WIDTH="15" VPOS="887" HPOS="634"/>
							<String ID="string_194" HPOS="649" VPOS="894" WIDTH="48" HEIGHT="14" WC="0.93" CONTENT="man"/><SP WIDTH="17" VPOS="894" HPOS="697"/>
							<String ID="string_195" HPOS="714" VPOS="887" WIDTH="118" HEIGHT="21" WC="0.91" CONTENT="emellertid"/><SP WIDTH="10" VPOS="887" HPOS="832"/>
							<String ID="string_196" HPOS="842" VPOS="886" WIDTH="56" HEIGHT="22" WC="0.92" CONTENT="läser"/>
						</TextLine>
						<TextLine ID="line_26" HPOS="72" VPOS="915" WIDTH="827" HEIGHT="27">
							<String ID="string_197" HPOS="72" VPOS="915" WIDTH="85" HEIGHT="27" WC="0.96" CONTENT="igenom"/><SP WIDTH="24" VPOS="915" HPOS="157"/>
							<String ID="string_198" HPOS="181" VPOS="915" WIDTH="144" HEIGHT="21" WC="0.96" CONTENT="betänkandet"/><SP WIDTH="22" VPOS="915" HPOS="325"/>
							<String ID="string_199" HPOS="347" VPOS="915" WIDTH="39" HEIGHT="21" WC="0.96" CONTENT="och"/><SP WIDTH="22" VPOS="915" HPOS="386"/>
							<String ID="string_200" HPOS="408" VPOS="915" WIDTH="97" HEIGHT="21" WC="0.95" CONTENT="kommer"/><SP WIDTH="23" VPOS="915" HPOS="505"/>
							<String ID="string_201" HPOS="528" VPOS="916" WIDTH="31" HEIGHT="20" WC="0.93" CONTENT="till"/><SP WIDTH="23" VPOS="916" HPOS="559"/>
							<String ID="string_202" HPOS="582" VPOS="916" WIDTH="13" HEIGHT="26" WC="0.49" CONTENT="$"/><SP WIDTH="22" VPOS="916" HPOS="595"/>
							<String ID="string_203" HPOS="617" VPOS="916" WIDTH="17" HEIGHT="25" WC="0.93" CONTENT="8,"/><SP WIDTH="23" VPOS="916" HPOS="634"/>
							<String ID="string_204" HPOS="657" VPOS="915" WIDTH="69" HEIGHT="21" WC="0.96" CONTENT="finner"/><SP WIDTH="23" VPOS="915" HPOS="726"/>
							<String ID="string_205" HPOS="749" VPOS="922" WIDTH="48" HEIGHT="15" WC="0.96" CONTENT="man"/><SP WIDTH="17" VPOS="922" HPOS="797"/>
							<String ID="string_206" HPOS="814" VPOS="916" WIDTH="38" HEIGHT="20" WC="0.96" CONTENT="där"/><SP WIDTH="16" VPOS="916" HPOS="852"/>
							<String ID="string_207" HPOS="868" VPOS="917" WIDTH="31" HEIGHT="19" WC="0.96" CONTENT="ett"/>
						</TextLine>
						<TextLine ID="line_27" HPOS="73" VPOS="943" WIDTH="825" HEIGHT="28">
							<String ID="string_208" HPOS="73" VPOS="944" WIDTH="118" HEIGHT="26" WC="0.92" CONTENT="stadgande"/><SP WIDTH="22" VPOS="944" HPOS="191"/>
							<String ID="string_209" HPOS="213" VPOS="943" WIDTH="22" HEIGHT="21" WC="0.96" CONTENT="af"/><SP WIDTH="22" VPOS="943" HPOS="235"/>
							<String ID="string_210" HPOS="257" VPOS="950" WIDTH="82" HEIGHT="14" WC="0.93" CONTENT="samma"/><SP WIDTH="14" VPOS="950" HPOS="339"/>
							<String ID="string_211" HPOS="353" VPOS="944" WIDTH="99" HEIGHT="24" WC="0.92" CONTENT="innehäll,"/><SP WIDTH="17" VPOS="944" HPOS="452"/>
							<String ID="string_212" HPOS="469" VPOS="950" WIDTH="45" HEIGHT="15" WC="0.93" CONTENT="som"/><SP WIDTH="17" VPOS="950" HPOS="514"/>
							<String ID="string_213" HPOS="531" VPOS="945" WIDTH="12" HEIGHT="26" WC="0.90" CONTENT="$"/><SP WIDTH="16" VPOS="945" HPOS="543"/>
							<String ID="string_214" HPOS="559" VPOS="944" WIDTH="13" HEIGHT="21" WC="0.96" CONTENT="6"/><SP WIDTH="16" VPOS="944" HPOS="572"/>
							<String ID="string_215" HPOS="588" VPOS="944" WIDTH="89" HEIGHT="27" WC="0.93" CONTENT="tidigare"/><SP WIDTH="15" VPOS="944" HPOS="677"/>
							<String ID="string_216" HPOS="692" VPOS="944" WIDTH="116" HEIGHT="25" WC="0.92" CONTENT="innehällit,"/><SP WIDTH="16" VPOS="944" HPOS="808"/>
							<String ID="string_217" HPOS="824" VPOS="944" WIDTH="74" HEIGHT="21" WC="0.93" CONTENT="nämli-"/>
						</TextLine>
						<TextLine ID="line_28" HPOS="74" VPOS="972" WIDTH="824" HEIGHT="27">
							<String ID="string_218" HPOS="74" VPOS="978" WIDTH="39" HEIGHT="21" WC="0.95" CONTENT="gen"/><SP WIDTH="28" VPOS="978" HPOS="113"/>
							<String ID="string_219" HPOS="141" VPOS="975" WIDTH="32" HEIGHT="18" WC="0.91" CONTENT="att"/><SP WIDTH="26" VPOS="975" HPOS="173"/>
							<String ID="string_220" HPOS="199" VPOS="972" WIDTH="180" HEIGHT="27" WC="0.91" CONTENT="polismyndighet"/><SP WIDTH="27" VPOS="972" HPOS="379"/>
							<String ID="string_221" HPOS="406" VPOS="972" WIDTH="69" HEIGHT="22" WC="0.93" CONTENT="skulle"/><SP WIDTH="25" VPOS="972" HPOS="475"/>
							<String ID="string_222" HPOS="500" VPOS="973" WIDTH="62" HEIGHT="21" WC="0.92" CONTENT="hafva"/><SP WIDTH="27" VPOS="973" HPOS="562"/>
							<String ID="string_223" HPOS="589" VPOS="975" WIDTH="43" HEIGHT="19" WC="0.96" CONTENT="rätt"/><SP WIDTH="29" VPOS="975" HPOS="632"/>
							<String ID="string_224" HPOS="661" VPOS="975" WIDTH="32" HEIGHT="19" WC="0.92" CONTENT="att"/><SP WIDTH="25" VPOS="975" HPOS="693"/>
							<String ID="string_225" HPOS="718" VPOS="973" WIDTH="97" HEIGHT="21" WC="0.89" CONTENT="meddela"/><SP WIDTH="29" VPOS="973" HPOS="815"/>
							<String ID="string_226" HPOS="844" VPOS="972" WIDTH="54" HEIGHT="21" WC="0.90" CONTENT="före-"/>
						</TextLine>
						<TextLine ID="line_29" HPOS="74" VPOS="1000" WIDTH="826" HEIGHT="28">
							<String ID="string_227" HPOS="74" VPOS="1000" WIDTH="85" HEIGHT="22" WC="0.93" CONTENT="skrifter"/><SP WIDTH="23" VPOS="1000" HPOS="159"/>
							<String ID="string_228" HPOS="182" VPOS="1000" WIDTH="131" HEIGHT="22" WC="0.93" CONTENT="beträffande"/><SP WIDTH="23" VPOS="1000" HPOS="313"/>
							<String ID="string_229" HPOS="336" VPOS="1001" WIDTH="199" HEIGHT="21" WC="0.92" CONTENT="sammankomster."/><SP WIDTH="30" VPOS="1001" HPOS="535"/>
							<String ID="string_230" HPOS="565" VPOS="1002" WIDTH="46" HEIGHT="20" WC="0.93" CONTENT="Här"/><SP WIDTH="22" VPOS="1002" HPOS="611"/>
							<String ID="string_231" HPOS="633" VPOS="1002" WIDTH="61" HEIGHT="26" WC="0.92" CONTENT="ingär"/><SP WIDTH="19" VPOS="1002" HPOS="694"/>
							<String ID="string_232" HPOS="713" VPOS="1002" WIDTH="127" HEIGHT="26" WC="0.92" CONTENT="stadgandet"/><SP WIDTH="16" VPOS="1002" HPOS="840"/>
							<String ID="string_233" HPOS="856" VPOS="1001" WIDTH="44" HEIGHT="21" WC="0.96" CONTENT="helt"/>
						</TextLine>
						<TextLine ID="line_30" HPOS="73" VPOS="1029" WIDTH="827" HEIGHT="28">
							<String ID="string_234" HPOS="73" VPOS="1029" WIDTH="102" HEIGHT="27" WC="0.92" CONTENT="plötsligt."/><SP WIDTH="36" VPOS="1029" HPOS="175"/>
							<String ID="string_235" HPOS="211" VPOS="1030" WIDTH="43" HEIGHT="20" WC="0.93" CONTENT="Det"/><SP WIDTH="22" VPOS="1030" HPOS="254"/>
							<String ID="string_236" HPOS="276" VPOS="1031" WIDTH="68" HEIGHT="19" WC="0.96" CONTENT="möter"/><SP WIDTH="27" VPOS="1031" HPOS="344"/>
							<String ID="string_237" HPOS="371" VPOS="1036" WIDTH="26" HEIGHT="14" WC="0.95" CONTENT="en"/><SP WIDTH="24" VPOS="1036" HPOS="397"/>
							<String ID="string_238" HPOS="421" VPOS="1036" WIDTH="47" HEIGHT="14" WC="0.96" CONTENT="som"/><SP WIDTH="23" VPOS="1036" HPOS="468"/>
							<String ID="string_239" HPOS="491" VPOS="1036" WIDTH="25" HEIGHT="15" WC="0.93" CONTENT="en"/><SP WIDTH="23" VPOS="1036" HPOS="516"/>
							<String ID="string_240" HPOS="539" VPOS="1030" WIDTH="167" HEIGHT="27" WC="0.91" CONTENT="öfverraskning,"/><SP WIDTH="19" VPOS="1030" HPOS="706"/>
							<String ID="string_241" HPOS="725" VPOS="1032" WIDTH="31" HEIGHT="19" WC="0.93" CONTENT="att"/><SP WIDTH="18" VPOS="1032" HPOS="756"/>
							<String ID="string_242" HPOS="774" VPOS="1030" WIDTH="126" HEIGHT="27" WC="0.96" CONTENT="myndighet"/>
						</TextLine>
						<TextLine ID="line_31" HPOS="73" VPOS="1058" WIDTH="826" HEIGHT="27">
							<String ID="string_243" HPOS="73" VPOS="1058" WIDTH="38" HEIGHT="21" WC="0.96" CONTENT="har"/><SP WIDTH="22" VPOS="1058" HPOS="111"/>
							<String ID="string_244" HPOS="133" VPOS="1060" WIDTH="44" HEIGHT="19" WC="0.96" CONTENT="rätt"/><SP WIDTH="20" VPOS="1060" HPOS="177"/>
							<String ID="string_245" HPOS="197" VPOS="1060" WIDTH="32" HEIGHT="19" WC="0.93" CONTENT="att"/><SP WIDTH="22" VPOS="1060" HPOS="229"/>
							<String ID="string_246" HPOS="251" VPOS="1058" WIDTH="90" HEIGHT="27" WC="0.91" CONTENT="upplösa"/><SP WIDTH="15" VPOS="1058" HPOS="341"/>
							<String ID="string_247" HPOS="356" VPOS="1058" WIDTH="174" HEIGHT="26" WC="0.92" CONTENT="sammankomst,"/><SP WIDTH="15" VPOS="1058" HPOS="530"/>
							<String ID="string_248" HPOS="545" VPOS="1065" WIDTH="34" HEIGHT="15" WC="0.92" CONTENT="om"/><SP WIDTH="17" VPOS="1065" HPOS="579"/>
							<String ID="string_249" HPOS="596" VPOS="1059" WIDTH="45" HEIGHT="21" WC="0.91" CONTENT="icke"/><SP WIDTH="16" VPOS="1059" HPOS="641"/>
							<String ID="string_250" HPOS="657" VPOS="1059" WIDTH="26" HEIGHT="21" WC="0.93" CONTENT="de"/><SP WIDTH="14" VPOS="1059" HPOS="683"/>
							<String ID="string_251" HPOS="697" VPOS="1058" WIDTH="139" HEIGHT="26" WC="0.92" CONTENT="föreskrifter,"/><SP WIDTH="16" VPOS="1058" HPOS="836"/>
							<String ID="string_252" HPOS="852" VPOS="1064" WIDTH="47" HEIGHT="15" WC="0.96" CONTENT="som"/>
						</TextLine>
						<TextLine ID="line_32" HPOS="74" VPOS="1086" WIDTH="826" HEIGHT="28">
							<String ID="string_253" HPOS="74" VPOS="1086" WIDTH="181" HEIGHT="28" WC="0.91" CONTENT="polismyndighet"/><SP WIDTH="14" VPOS="1086" HPOS="255"/>
							<String ID="string_254" HPOS="269" VPOS="1086" WIDTH="110" HEIGHT="26" WC="0.92" CONTENT="meddelat,"/><SP WIDTH="16" VPOS="1086" HPOS="379"/>
							<String ID="string_255" HPOS="395" VPOS="1087" WIDTH="112" HEIGHT="27" WC="0.89" CONTENT="iakttagas."/><SP WIDTH="22" VPOS="1087" HPOS="507"/>
							<String ID="string_256" HPOS="529" VPOS="1088" WIDTH="50" HEIGHT="20" WC="0.93" CONTENT="Man"/><SP WIDTH="17" VPOS="1088" HPOS="579"/>
							<String ID="string_257" HPOS="596" VPOS="1088" WIDTH="67" HEIGHT="20" WC="0.92" CONTENT="mäste"/><SP WIDTH="15" VPOS="1088" HPOS="663"/>
							<String ID="string_258" HPOS="678" VPOS="1088" WIDTH="146" HEIGHT="26" WC="0.92" CONTENT="ovillkorligen"/><SP WIDTH="16" VPOS="1088" HPOS="824"/>
							<String ID="string_259" HPOS="840" VPOS="1086" WIDTH="60" HEIGHT="27" WC="0.92" CONTENT="fräga"/>
						</TextLine>
						<TextLine ID="line_33" HPOS="75" VPOS="1115" WIDTH="826" HEIGHT="27">
							<String ID="string_260" HPOS="75" VPOS="1116" WIDTH="41" HEIGHT="26" WC="0.96" CONTENT="sig:"/><SP WIDTH="23" VPOS="1116" HPOS="116"/>
							<String ID="string_261" HPOS="139" VPOS="1115" WIDTH="38" HEIGHT="21" WC="0.96" CONTENT="har"/><SP WIDTH="23" VPOS="1115" HPOS="177"/>
							<String ID="string_262" HPOS="200" VPOS="1115" WIDTH="27" HEIGHT="21" WC="0.93" CONTENT="dä"/><SP WIDTH="22" VPOS="1115" HPOS="227"/>
							<String ID="string_263" HPOS="249" VPOS="1115" WIDTH="180" HEIGHT="27" WC="0.91" CONTENT="polismyndighet"/><SP WIDTH="22" VPOS="1115" HPOS="429"/>
							<String ID="string_264" HPOS="451" VPOS="1118" WIDTH="43" HEIGHT="19" WC="0.96" CONTENT="rätt"/><SP WIDTH="15" VPOS="1118" HPOS="494"/>
							<String ID="string_265" HPOS="509" VPOS="1118" WIDTH="30" HEIGHT="19" WC="0.93" CONTENT="att"/><SP WIDTH="17" VPOS="1118" HPOS="539"/>
							<String ID="string_266" HPOS="556" VPOS="1116" WIDTH="96" HEIGHT="21" WC="0.92" CONTENT="meddela"/><SP WIDTH="15" VPOS="1116" HPOS="652"/>
							<String ID="string_267" HPOS="667" VPOS="1116" WIDTH="80" HEIGHT="21" WC="0.92" CONTENT="sädana"/><SP WIDTH="13" VPOS="1116" HPOS="747"/>
							<String ID="string_268" HPOS="760" VPOS="1115" WIDTH="141" HEIGHT="25" WC="0.92" CONTENT="föreskrifter,"/>
						</TextLine>
						<TextLine ID="line_34" HPOS="75" VPOS="1139" WIDTH="825" HEIGHT="32">
							<String ID="string_269" HPOS="75" VPOS="1144" WIDTH="27" HEIGHT="21" WC="0.93" CONTENT="dä"/><SP WIDTH="14" VPOS="1144" HPOS="102"/>
							<String ID="string_270" HPOS="116" VPOS="1144" WIDTH="74" HEIGHT="20" WC="0.96" CONTENT="därom"/><SP WIDTH="17" VPOS="1144" HPOS="190"/>
							<String ID="string_271" HPOS="207" VPOS="1144" WIDTH="45" HEIGHT="21" WC="0.96" CONTENT="icke"/><SP WIDTH="14" VPOS="1144" HPOS="252"/>
							<String ID="string_272" HPOS="266" VPOS="1143" WIDTH="69" HEIGHT="22" WC="0.95" CONTENT="finnes"/><SP WIDTH="16" VPOS="1143" HPOS="335"/>
							<String ID="string_273" HPOS="351" VPOS="1144" WIDTH="89" HEIGHT="26" WC="0.93" CONTENT="tidigare"/><SP WIDTH="16" VPOS="1144" HPOS="440"/>
							<String ID="string_274" HPOS="456" VPOS="1145" WIDTH="114" HEIGHT="26" WC="0.92" CONTENT="stadgadt?"/><SP WIDTH="23" VPOS="1145" HPOS="570"/>
							<String ID="string_275" HPOS="593" VPOS="1139" WIDTH="20" HEIGHT="27" WC="0.93" CONTENT="Ä"/><SP WIDTH="17" VPOS="1139" HPOS="613"/>
							<String ID="string_276" HPOS="630" VPOS="1145" WIDTH="46" HEIGHT="21" WC="0.96" CONTENT="sida"/><SP WIDTH="16" VPOS="1145" HPOS="676"/>
							<String ID="string_277" HPOS="692" VPOS="1145" WIDTH="33" HEIGHT="25" WC="0.96" CONTENT="30,"/><SP WIDTH="17" VPOS="1145" HPOS="725"/>
							<String ID="string_278" HPOS="742" VPOS="1145" WIDTH="37" HEIGHT="21" WC="0.93" CONTENT="där"/><SP WIDTH="15" VPOS="1145" HPOS="779"/>
							<String ID="string_279" HPOS="794" VPOS="1144" WIDTH="106" HEIGHT="21" WC="0.96" CONTENT="utskottet"/>
						</TextLine>
						<TextLine ID="line_35" HPOS="74" VPOS="1172" WIDTH="826" HEIGHT="28">
							<String ID="string_280" HPOS="74" VPOS="1172" WIDTH="92" HEIGHT="27" WC="0.96" CONTENT="redogör"/><SP WIDTH="21" VPOS="1172" HPOS="166"/>
							<String ID="string_281" HPOS="187" VPOS="1172" WIDTH="33" HEIGHT="21" WC="0.95" CONTENT="för"/><SP WIDTH="19" VPOS="1172" HPOS="220"/>
							<String ID="string_282" HPOS="239" VPOS="1172" WIDTH="47" HEIGHT="21" WC="0.93" CONTENT="sina"/><SP WIDTH="15" VPOS="1172" HPOS="286"/>
							<String ID="string_283" HPOS="301" VPOS="1172" WIDTH="71" HEIGHT="24" WC="0.95" CONTENT="motiv,"/><SP WIDTH="16" VPOS="1172" HPOS="372"/>
							<String ID="string_284" HPOS="388" VPOS="1174" WIDTH="62" HEIGHT="25" WC="0.96" CONTENT="säges"/><SP WIDTH="17" VPOS="1174" HPOS="450"/>
							<String ID="string_285" HPOS="467" VPOS="1173" WIDTH="132" HEIGHT="27" WC="0.96" CONTENT="visserligen,"/><SP WIDTH="16" VPOS="1173" HPOS="599"/>
							<String ID="string_286" HPOS="615" VPOS="1175" WIDTH="30" HEIGHT="19" WC="0.96" CONTENT="att"/><SP WIDTH="16" VPOS="1175" HPOS="645"/>
							<String ID="string_287" HPOS="661" VPOS="1174" WIDTH="36" HEIGHT="20" WC="0.96" CONTENT="det"/><SP WIDTH="15" VPOS="1174" HPOS="697"/>
							<String ID="string_288" HPOS="712" VPOS="1175" WIDTH="23" HEIGHT="19" WC="0.96" CONTENT="är"/><SP WIDTH="16" VPOS="1175" HPOS="735"/>
							<String ID="string_289" HPOS="751" VPOS="1180" WIDTH="24" HEIGHT="14" WC="0.93" CONTENT="en"/><SP WIDTH="17" VPOS="1180" HPOS="775"/>
							<String ID="string_290" HPOS="792" VPOS="1172" WIDTH="108" HEIGHT="28" WC="0.95" CONTENT="rättighet,"/>
						</TextLine>
						<TextLine ID="line_36" HPOS="75" VPOS="1201" WIDTH="825" HEIGHT="27">
							<String ID="string_291" HPOS="75" VPOS="1207" WIDTH="46" HEIGHT="15" WC="0.96" CONTENT="som"/><SP WIDTH="16" VPOS="1207" HPOS="121"/>
							<String ID="string_292" HPOS="137" VPOS="1201" WIDTH="60" HEIGHT="21" WC="0.93" CONTENT="alltid"/><SP WIDTH="15" VPOS="1201" HPOS="197"/>
							<String ID="string_293" HPOS="212" VPOS="1201" WIDTH="68" HEIGHT="21" WC="0.96" CONTENT="måste"/><SP WIDTH="16" VPOS="1201" HPOS="280"/>
							<String ID="string_294" HPOS="296" VPOS="1201" WIDTH="117" HEIGHT="21" WC="0.91" CONTENT="tillkomma"/><SP WIDTH="14" VPOS="1201" HPOS="413"/>
							<String ID="string_295" HPOS="427" VPOS="1202" WIDTH="180" HEIGHT="26" WC="0.96" CONTENT="polismyndighet"/><SP WIDTH="11" VPOS="1202" HPOS="607"/>
							<String ID="string_296" HPOS="618" VPOS="1202" WIDTH="39" HEIGHT="21" WC="0.93" CONTENT="och"/><SP WIDTH="11" VPOS="1202" HPOS="657"/>
							<String ID="string_297" HPOS="668" VPOS="1202" WIDTH="45" HEIGHT="20" WC="0.96" CONTENT="icke"/><SP WIDTH="11" VPOS="1202" HPOS="713"/>
							<String ID="string_298" HPOS="724" VPOS="1202" WIDTH="40" HEIGHT="20" WC="0.92" CONTENT="kan"/><SP WIDTH="13" VPOS="1202" HPOS="764"/>
							<String ID="string_299" HPOS="777" VPOS="1202" WIDTH="123" HEIGHT="21" WC="0.95" CONTENT="densamma"/>
						</TextLine>
						<TextLine ID="line_37" HPOS="74" VPOS="1229" WIDTH="826" HEIGHT="27">
							<String ID="string_300" HPOS="74" VPOS="1229" WIDTH="110" HEIGHT="27" WC="0.91" CONTENT="fråntagas"/><SP WIDTH="23" VPOS="1229" HPOS="184"/>
							<String ID="string_301" HPOS="207" VPOS="1230" WIDTH="39" HEIGHT="20" WC="0.96" CONTENT="och"/><SP WIDTH="23" VPOS="1230" HPOS="246"/>
							<String ID="string_302" HPOS="269" VPOS="1229" WIDTH="82" HEIGHT="21" WC="0.96" CONTENT="således"/><SP WIDTH="22" VPOS="1229" HPOS="351"/>
							<String ID="string_303" HPOS="373" VPOS="1232" WIDTH="24" HEIGHT="18" WC="0.93" CONTENT="är"/><SP WIDTH="22" VPOS="1232" HPOS="397"/>
							<String ID="string_304" HPOS="419" VPOS="1230" WIDTH="116" HEIGHT="26" WC="0.91" CONTENT="själffallen."/><SP WIDTH="31" VPOS="1230" HPOS="535"/>
							<String ID="string_305" HPOS="566" VPOS="1231" WIDTH="48" HEIGHT="20" WC="0.95" CONTENT="Men"/><SP WIDTH="24" VPOS="1231" HPOS="614"/>
							<String ID="string_306" HPOS="638" VPOS="1230" WIDTH="7" HEIGHT="21" WC="0.96" CONTENT="i"/><SP WIDTH="22" VPOS="1230" HPOS="645"/>
							<String ID="string_307" HPOS="667" VPOS="1230" WIDTH="58" HEIGHT="21" WC="0.96" CONTENT="detta"/><SP WIDTH="15" VPOS="1230" HPOS="725"/>
							<String ID="string_308" HPOS="740" VPOS="1230" WIDTH="160" HEIGHT="26" WC="0.96" CONTENT="sammanhang,"/>
						</TextLine>
						<TextLine ID="line_38" HPOS="75" VPOS="1258" WIDTH="825" HEIGHT="28">
							<String ID="string_309" HPOS="75" VPOS="1258" WIDTH="38" HEIGHT="21" WC="0.96" CONTENT="där"/><SP WIDTH="22" VPOS="1258" HPOS="113"/>
							<String ID="string_310" HPOS="135" VPOS="1258" WIDTH="36" HEIGHT="21" WC="0.96" CONTENT="det"/><SP WIDTH="23" VPOS="1258" HPOS="171"/>
							<String ID="string_311" HPOS="194" VPOS="1258" WIDTH="93" HEIGHT="26" WC="0.95" CONTENT="stadgas,"/><SP WIDTH="22" VPOS="1258" HPOS="287"/>
							<String ID="string_312" HPOS="309" VPOS="1260" WIDTH="32" HEIGHT="19" WC="0.96" CONTENT="att"/><SP WIDTH="22" VPOS="1260" HPOS="341"/>
							<String ID="string_313" HPOS="363" VPOS="1258" WIDTH="82" HEIGHT="26" WC="0.96" CONTENT="polisen"/><SP WIDTH="24" VPOS="1258" HPOS="445"/>
							<String ID="string_314" HPOS="469" VPOS="1260" WIDTH="24" HEIGHT="20" WC="0.97" CONTENT="är"/><SP WIDTH="16" VPOS="1260" HPOS="493"/>
							<String ID="string_315" HPOS="509" VPOS="1259" WIDTH="118" HEIGHT="27" WC="0.96" CONTENT="berättigad"/><SP WIDTH="16" VPOS="1259" HPOS="627"/>
							<String ID="string_316" HPOS="643" VPOS="1261" WIDTH="31" HEIGHT="19" WC="0.96" CONTENT="att"/><SP WIDTH="15" VPOS="1261" HPOS="674"/>
							<String ID="string_317" HPOS="689" VPOS="1259" WIDTH="90" HEIGHT="27" WC="0.93" CONTENT="upplösa"/><SP WIDTH="16" VPOS="1259" HPOS="779"/>
							<String ID="string_318" HPOS="795" VPOS="1265" WIDTH="105" HEIGHT="15" WC="0.91" CONTENT="samman-"/>
						</TextLine>
						<TextLine ID="line_39" HPOS="75" VPOS="1286" WIDTH="827" HEIGHT="31">
							<String ID="string_319" HPOS="75" VPOS="1287" WIDTH="77" HEIGHT="24" WC="0.96" CONTENT="komst,"/><SP WIDTH="22" VPOS="1287" HPOS="152"/>
							<String ID="string_320" HPOS="174" VPOS="1293" WIDTH="35" HEIGHT="15" WC="0.96" CONTENT="om"/><SP WIDTH="20" VPOS="1293" HPOS="209"/>
							<String ID="string_321" HPOS="229" VPOS="1287" WIDTH="50" HEIGHT="21" WC="0.96" CONTENT="dess"/><SP WIDTH="15" VPOS="1287" HPOS="279"/>
							<String ID="string_322" HPOS="294" VPOS="1286" WIDTH="132" HEIGHT="22" WC="0.96" CONTENT="föreskrifter"/><SP WIDTH="16" VPOS="1286" HPOS="426"/>
							<String ID="string_323" HPOS="442" VPOS="1287" WIDTH="46" HEIGHT="21" WC="0.96" CONTENT="icke"/><SP WIDTH="15" VPOS="1287" HPOS="488"/>
							<String ID="string_324" HPOS="503" VPOS="1288" WIDTH="111" HEIGHT="29" WC="0.96" CONTENT="iakttagas,"/><SP WIDTH="16" VPOS="1288" HPOS="614"/>
							<String ID="string_325" HPOS="630" VPOS="1288" WIDTH="76" HEIGHT="20" WC="0.96" CONTENT="värkar"/><SP WIDTH="16" VPOS="1288" HPOS="706"/>
							<String ID="string_326" HPOS="722" VPOS="1288" WIDTH="40" HEIGHT="25" WC="0.95" CONTENT="det,"/><SP WIDTH="17" VPOS="1288" HPOS="762"/>
							<String ID="string_327" HPOS="779" VPOS="1288" WIDTH="70" HEIGHT="20" WC="0.96" CONTENT="såsom"/><SP WIDTH="14" VPOS="1288" HPOS="849"/>
							<String ID="string_328" HPOS="863" VPOS="1287" WIDTH="39" HEIGHT="27" WC="0.96" CONTENT="jag"/>
						</TextLine>
						<TextLine ID="line_40" HPOS="75" VPOS="1315" WIDTH="826" HEIGHT="28">
							<String ID="string_329" HPOS="75" VPOS="1315" WIDTH="94" HEIGHT="26" WC="0.96" CONTENT="anförde,"/><SP WIDTH="23" VPOS="1315" HPOS="169"/>
							<String ID="string_330" HPOS="192" VPOS="1321" WIDTH="46" HEIGHT="15" WC="0.96" CONTENT="som"/><SP WIDTH="24" VPOS="1321" HPOS="238"/>
							<String ID="string_331" HPOS="262" VPOS="1321" WIDTH="25" HEIGHT="15" WC="0.93" CONTENT="en"/><SP WIDTH="24" VPOS="1321" HPOS="287"/>
							<String ID="string_332" HPOS="311" VPOS="1315" WIDTH="168" HEIGHT="27" WC="0.91" CONTENT="öfverraskning."/><SP WIDTH="29" VPOS="1315" HPOS="479"/>
							<String ID="string_333" HPOS="508" VPOS="1317" WIDTH="42" HEIGHT="26" WC="0.96" CONTENT="Jag"/><SP WIDTH="19" VPOS="1317" HPOS="550"/>
							<String ID="string_334" HPOS="569" VPOS="1316" WIDTH="69" HEIGHT="21" WC="0.96" CONTENT="skulle"/><SP WIDTH="15" VPOS="1316" HPOS="638"/>
							<String ID="string_335" HPOS="653" VPOS="1316" WIDTH="71" HEIGHT="21" WC="0.96" CONTENT="därför"/><SP WIDTH="15" VPOS="1316" HPOS="724"/>
							<String ID="string_336" HPOS="739" VPOS="1322" WIDTH="58" HEIGHT="19" WC="0.96" CONTENT="anse,"/><SP WIDTH="16" VPOS="1322" HPOS="797"/>
							<String ID="string_337" HPOS="813" VPOS="1318" WIDTH="32" HEIGHT="19" WC="0.93" CONTENT="att"/><SP WIDTH="15" VPOS="1318" HPOS="845"/>
							<String ID="string_338" HPOS="860" VPOS="1317" WIDTH="12" HEIGHT="25" WC="0.61" CONTENT="&amp;"/><SP WIDTH="16" VPOS="1317" HPOS="872"/>
							<String ID="string_339" HPOS="888" VPOS="1316" WIDTH="13" HEIGHT="20" WC="0.97" CONTENT="6"/>
						</TextLine>
						<TextLine ID="line_41" HPOS="75" VPOS="1343" WIDTH="827" HEIGHT="29">
							<String ID="string_340" HPOS="75" VPOS="1344" WIDTH="38" HEIGHT="21" WC="0.96" CONTENT="bör"/><SP WIDTH="16" VPOS="1344" HPOS="113"/>
							<String ID="string_341" HPOS="129" VPOS="1344" WIDTH="117" HEIGHT="20" WC="0.96" CONTENT="bibehållas"/><SP WIDTH="15" VPOS="1344" HPOS="246"/>
							<String ID="string_342" HPOS="261" VPOS="1343" WIDTH="34" HEIGHT="21" WC="0.96" CONTENT="för"/><SP WIDTH="14" VPOS="1343" HPOS="295"/>
							<String ID="string_343" HPOS="309" VPOS="1346" WIDTH="32" HEIGHT="18" WC="0.96" CONTENT="att"/><SP WIDTH="14" VPOS="1346" HPOS="341"/>
							<String ID="string_344" HPOS="355" VPOS="1344" WIDTH="50" HEIGHT="26" WC="0.96" CONTENT="inga"/><SP WIDTH="15" VPOS="1344" HPOS="405"/>
							<String ID="string_345" HPOS="420" VPOS="1344" WIDTH="150" HEIGHT="22" WC="0.96" CONTENT="missförstånd"/><SP WIDTH="16" VPOS="1344" HPOS="570"/>
							<String ID="string_346" HPOS="586" VPOS="1345" WIDTH="65" HEIGHT="21" WC="0.96" CONTENT="måtte"/><SP WIDTH="16" VPOS="1345" HPOS="651"/>
							<String ID="string_347" HPOS="667" VPOS="1345" WIDTH="84" HEIGHT="26" WC="0.96" CONTENT="uppstå."/><SP WIDTH="23" VPOS="1345" HPOS="751"/>
							<String ID="string_348" HPOS="774" VPOS="1345" WIDTH="43" HEIGHT="27" WC="0.96" CONTENT="Jag"/><SP WIDTH="15" VPOS="1345" HPOS="817"/>
							<String ID="string_349" HPOS="832" VPOS="1344" WIDTH="70" HEIGHT="22" WC="0.96" CONTENT="skulle"/>
						</TextLine>
						<TextLine ID="line_42" HPOS="76" VPOS="1372" WIDTH="825" HEIGHT="28">
							<String ID="string_350" HPOS="76" VPOS="1372" WIDTH="53" HEIGHT="22" WC="0.95" CONTENT="dock"/><SP WIDTH="22" VPOS="1372" HPOS="129"/>
							<String ID="string_351" HPOS="151" VPOS="1372" WIDTH="84" HEIGHT="26" WC="0.96" CONTENT="föreslå,"/><SP WIDTH="20" VPOS="1372" HPOS="235"/>
							<String ID="string_352" HPOS="255" VPOS="1374" WIDTH="31" HEIGHT="19" WC="0.93" CONTENT="att"/><SP WIDTH="22" VPOS="1374" HPOS="286"/>
							<String ID="string_353" HPOS="308" VPOS="1373" WIDTH="5" HEIGHT="25" WC="0.92" CONTENT="$"/><SP WIDTH="16" VPOS="1373" HPOS="313"/>
							<String ID="string_354" HPOS="329" VPOS="1372" WIDTH="13" HEIGHT="21" WC="0.96" CONTENT="6"/><SP WIDTH="16" VPOS="1372" HPOS="342"/>
							<String ID="string_355" HPOS="358" VPOS="1372" WIDTH="164" HEIGHT="22" WC="0.96" CONTENT="omformuleras"/><SP WIDTH="15" VPOS="1372" HPOS="522"/>
							<String ID="string_356" HPOS="537" VPOS="1374" WIDTH="28" HEIGHT="26" WC="0.97" CONTENT="på"/><SP WIDTH="15" VPOS="1374" HPOS="565"/>
							<String ID="string_357" HPOS="580" VPOS="1374" WIDTH="36" HEIGHT="20" WC="0.96" CONTENT="det"/><SP WIDTH="15" VPOS="1374" HPOS="616"/>
							<String ID="string_358" HPOS="631" VPOS="1375" WIDTH="48" HEIGHT="23" WC="0.96" CONTENT="sätt,"/><SP WIDTH="16" VPOS="1375" HPOS="679"/>
							<String ID="string_359" HPOS="695" VPOS="1379" WIDTH="46" HEIGHT="15" WC="0.96" CONTENT="som"/><SP WIDTH="16" VPOS="1379" HPOS="741"/>
							<String ID="string_360" HPOS="757" VPOS="1373" WIDTH="144" HEIGHT="26" WC="0.96" CONTENT="minoriteten,"/>
						</TextLine>
						<TextLine ID="line_43" HPOS="75" VPOS="1401" WIDTH="516" HEIGHT="27">
							<String ID="string_361" HPOS="75" VPOS="1401" WIDTH="67" HEIGHT="27" WC="0.96" CONTENT="enligt"/><SP WIDTH="14" VPOS="1401" HPOS="142"/>
							<String ID="string_362" HPOS="156" VPOS="1401" WIDTH="153" HEIGHT="26" WC="0.93" CONTENT="redogörelsen"/><SP WIDTH="16" VPOS="1401" HPOS="309"/>
							<String ID="string_363" HPOS="325" VPOS="1401" WIDTH="12" HEIGHT="21" WC="0.91" CONTENT="å"/><SP WIDTH="15" VPOS="1401" HPOS="337"/>
							<String ID="string_364" HPOS="352" VPOS="1401" WIDTH="45" HEIGHT="21" WC="0.96" CONTENT="sida"/><SP WIDTH="16" VPOS="1401" HPOS="397"/>
							<String ID="string_365" HPOS="413" VPOS="1401" WIDTH="33" HEIGHT="26" WC="0.96" CONTENT="28,"/><SP WIDTH="16" VPOS="1401" HPOS="446"/>
							<String ID="string_366" HPOS="462" VPOS="1402" WIDTH="57" HEIGHT="21" WC="0.96" CONTENT="velat"/><SP WIDTH="15" VPOS="1402" HPOS="519"/>
							<String ID="string_367" HPOS="534" VPOS="1404" WIDTH="57" HEIGHT="24" WC="0.96" CONTENT="göra."/>
						</TextLine>
					</TextBlock>
					<TextBlock ID="block_4" HPOS="76" VPOS="1430" WIDTH="826" HEIGHT="55">
						<TextLine ID="line_44" HPOS="144" VPOS="1430" WIDTH="758" HEIGHT="27">
							<String ID="string_368" HPOS="144" VPOS="1430" WIDTH="42" HEIGHT="25" WC="0.96" CONTENT="Jag"/><SP WIDTH="23" VPOS="1430" HPOS="186"/>
							<String ID="string_369" HPOS="209" VPOS="1436" WIDTH="62" HEIGHT="14" WC="0.96" CONTENT="anser"/><SP WIDTH="22" VPOS="1436" HPOS="271"/>
							<String ID="string_370" HPOS="293" VPOS="1430" WIDTH="43" HEIGHT="25" WC="0.96" CONTENT="mig"/><SP WIDTH="22" VPOS="1430" HPOS="336"/>
							<String ID="string_371" HPOS="358" VPOS="1430" WIDTH="51" HEIGHT="20" WC="0.91" CONTENT="böra"/><SP WIDTH="16" VPOS="1430" HPOS="409"/>
							<String ID="string_372" HPOS="425" VPOS="1433" WIDTH="95" HEIGHT="24" WC="0.91" CONTENT="upptaga"/><SP WIDTH="15" VPOS="1433" HPOS="520"/>
							<String ID="string_373" HPOS="535" VPOS="1430" WIDTH="74" HEIGHT="26" WC="0.96" CONTENT="frågan"/><SP WIDTH="16" VPOS="1430" HPOS="609"/>
							<String ID="string_374" HPOS="625" VPOS="1430" WIDTH="6" HEIGHT="21" WC="0.97" CONTENT="i"/><SP WIDTH="16" VPOS="1430" HPOS="631"/>
							<String ID="string_375" HPOS="647" VPOS="1430" WIDTH="58" HEIGHT="21" WC="0.96" CONTENT="detta"/><SP WIDTH="15" VPOS="1430" HPOS="705"/>
							<String ID="string_376" HPOS="720" VPOS="1430" WIDTH="160" HEIGHT="25" WC="0.96" CONTENT="sammanhang,"/><SP WIDTH="14" VPOS="1430" HPOS="880"/>
							<String ID="string_377" HPOS="894" VPOS="1430" WIDTH="8" HEIGHT="20" WC="0.96" CONTENT="i"/>
						</TextLine>
						<TextLine ID="line_45" HPOS="76" VPOS="1457" WIDTH="826" HEIGHT="28">
							<String ID="string_378" HPOS="76" VPOS="1458" WIDTH="40" HEIGHT="21" WC="0.96" CONTENT="den"/><SP WIDTH="25" VPOS="1458" HPOS="116"/>
							<String ID="string_379" HPOS="141" VPOS="1457" WIDTH="108" HEIGHT="22" WC="0.93" CONTENT="allmänna"/><SP WIDTH="26" VPOS="1457" HPOS="249"/>
							<String ID="string_380" HPOS="275" VPOS="1457" WIDTH="156" HEIGHT="26" WC="0.93" CONTENT="diskussionen,"/><SP WIDTH="24" VPOS="1457" HPOS="431"/>
							<String ID="string_381" HPOS="455" VPOS="1459" WIDTH="89" HEIGHT="20" WC="0.96" CONTENT="emedan"/><SP WIDTH="24" VPOS="1459" HPOS="544"/>
							<String ID="string_382" HPOS="568" VPOS="1458" WIDTH="125" HEIGHT="27" WC="0.93" CONTENT="paragrafen"/><SP WIDTH="23" VPOS="1458" HPOS="693"/>
							<String ID="string_383" HPOS="716" VPOS="1459" WIDTH="116" HEIGHT="21" WC="0.90" CONTENT="utlämnats"/><SP WIDTH="23" VPOS="1459" HPOS="832"/>
							<String ID="string_384" HPOS="855" VPOS="1457" WIDTH="47" HEIGHT="22" WC="0.96" CONTENT="från"/>
						</TextLine>
					</TextBlock>
				</ComposedBlock>
			</PrintSpace>
		</Page>
	</Layout>
</alto>
