1084 1739
194 89 42 22 732
519 87 170 36 Elinkeinolaki.
876 95 27 17 26
915 99 20 17 p.
947 94 78 18 kesäk.

194 164 85 22 utfärde
294 166 133 26 guvernören
448 164 33 22 för
496 165 79 21 honom
592 166 70 26 öppen
684 164 137 28 förpassning
835 164 32 22 till
882 163 138 23 bedrifvande

194 192 23 22 af
230 193 66 22 sädan
312 193 169 27 gärdfarihandel
497 194 58 21 inom
571 194 58 20 länet
644 192 34 22 för
693 195 31 19 ett
738 193 24 21 är
776 193 7 21 i
798 193 84 21 sänder.

264 222 67 21 Innan
347 222 138 27 förpassning
499 222 32 22 till
547 222 95 22 sökande
657 221 97 28 utgifves,
778 221 53 22 skall
846 222 42 21 han
903 221 32 21 till
949 221 70 21 landt-

194 250 103 22 ränteriet
314 251 93 21 inbetala
425 257 25 15 en
471 250 23 22 af
511 252 135 26 guvernören
668 250 97 22 bestämd
788 250 101 27 ärsafgift,
910 250 65 21 minst
991 250 28 20 25

194 278 40 22 och
249 279 64 27 högst
329 280 41 21 100
385 280 66 21 mark.
480 280 43 21 För
537 280 95 20 inkomst
648 278 23 22 af
684 279 65 21 sådan
765 279 76 27 näring
853 279 54 21 skall
918 278 106 28 gärdfari--

194 307 103 22 handiare
315 308 87 27 erlägga
421 308 183 22 kommunalskatt
625 307 32 22 tili
678 308 40 21 den
738 307 102 22 kommun
861 314 58 15 inom
941 307 83 26 landet.

194 336 88 21 hvarest
296 336 41 22 han
353 336 38 22 har
407 337 37 21 sitt
459 337 27 21 bo
503 337 39 21 och
557 336 93 22 hemvist
665 336 57 26 eller,
740 336 72 22 därest
826 336 41 21 han
884 336 75 21 sädant
973 336 52 21 icke:

194 371 58 21 eger,
274 365 30 21 till
326 365 109 26 kommun,
460 366 85 21 hvilken
568 365 41 21 han
633 371 83 21 uppger
738 371 47 15 som
806 365 33 21 sin
857 364 169 27 hufvudsakliga.

194 393 154 27 uppehällsort.

266 422 174 22 Gärdfarihandel
456 423 34 21 mä
505 422 18 28 ej
540 422 24 22 af
574 429 82 15 samma
666 429 78 21 person
755 422 60 22 idkas
826 422 7 21 i
844 428 45 15 mer
900 424 25 18 än
937 423 31 19 ett
977 421 43 21 län.

265 450 102 22 Utöfvare
382 450 23 22 af
418 451 172 27 gärdfarihandel
612 451 53 21 skall
680 450 112 22 medhafva
807 451 39 21 och
861 451 28 27 pä
904 450 115 22 anfordran

194 478 24 22 af
230 479 179 28 polismyndighet
427 480 51 21 eller
493 480 94 21 ledamot
602 480 7 21 i
625 480 134 21 hälsovärds-
772 479 50 21 eller
832 478 191 22 kommunalnämd'

195 507 68 22 förete
283 508 136 27 förpassning
435 508 40 22 och
491 508 172 22 sundhetsbevis.
694 508 192 22 Sundhetsbeviset
901 508 38 21 bör
953 508 68 20 minst

195 536 53 21 hvar
266 536 61 27 sjätte
343 537 76 21 mänad
434 537 93 27 förnyas.

266 565 31 21 De
312 567 97 20 närmare
426 565 140 25 föreskrifter,
587 572 45 15 som
649 566 110 26 angäende
774 565 94 22 kontroll
884 565 59 21 öfver
959 565 65 27 gärd-

194 592 131 23 farihandeln
337 594 72 21 kunna
419 594 98 22 befinnas
527 594 145 27 erforderliga,
683 594 95 22 utfärdas
789 594 7 21 i
806 594 156 21 administrativ
973 595 48 25 väg.

264 622 110 22 Bedrifves
404 623 170 26 gärdfarihandel
605 626 50 18 utan
686 623 94 21 tillstånd
801 622 51 22 eller
873 625 51 19 utan
944 622 80 21 iaktta-.

195 651 71 27 gande
288 650 22 22 af
329 651 162 22 föreskrifterna
512 652 111 26 angående
645 651 93 22 kontroll
754 651 59 21 öfver
829 651 196 26 gärdfarihandeln,

194 686 52 15 vare
267 680 37 21 bot
322 687 45 14 som
384 681 6 20 i
405 681 28 20 40
448 681 12 27 &
476 681 135 21 bestämmes.
641 680 30 22 Af
684 681 46 26 den,
751 687 46 14 som
813 680 98 21 beträdes
927 680 48 21 med
990 686 30 15 nu

194 709 65 20 nämd
281 708 106 26 förseelse,
410 709 35 21 må
467 709 111 22 medförda
600 715 62 16 varor
685 709 71 22 såsom
779 709 120 21 vedermäle
927 709 39 21 och
989 708 32 21 till

194 737 100 21 säkerhet
310 737 33 22 för
366 738 60 21 böter
441 738 7 21 i
464 738 73 27 beslag
558 740 67 25 tagas.
655 738 147 27 Förpassning
816 737 40 22 kan
873 737 22 22 af
916 739 105 25 guvernö-

194 771 38 16 ren
258 766 119 24 återkallas,
399 766 38 21 där
460 766 62 21 ofven
539 767 89 26 stadgad
644 766 154 27 förutsättning
812 766 33 21 för
861 767 49 20 dess
926 765 93 22 meddel-

193 794 65 21 lande
279 795 17 26 ej
317 795 72 21 vidare
410 795 115 21 förefinnes
544 795 52 21 eller
607 795 141 21 innehatvare
764 795 56 27 gjort
841 795 34 26 sig
889 795 84 26 skyldig
987 794 36 21 till

195 822 154 23 öfverträdelse
371 823 23 21 af
414 824 69 21 denna
504 823 132 28 förordning.
666 818 142 27 Återkallelse
831 823 60 22 träde
909 823 54 21 dock
977 823 18 27 ej
1013 823 9 21 i

194 851 63 26 kraft,
272 851 70 22 förrän
358 851 175 28 förpassningens
549 852 137 21 innehafvare
696 852 21 21 af
727 852 147 21 återkallelsen
886 851 83 22 erhållit
979 851 42 22 del.

265 880 47 21 Med
334 880 137 27 iakttagande
493 880 23 22 af
536 881 55 21 hvad
607 881 7 21 i
630 881 70 21 denna
715 882 11 26 S
743 883 23 18 är
790 881 62 26 sagdt
871 881 34 20 må
925 880 95 21 tillstånd

194 909 32 20 till
241 909 91 21 idkande
347 909 23 21 af
383 909 170 26 gårdfarihandel
569 909 39 22 ock
624 909 107 22 meddelas
747 909 47 26 den,
810 915 45 15 som
872 909 46 21 icke
928 911 23 18 är
962 908 58 22 finsk

194 937 146 27 medborgare,
363 938 73 21 därest
455 938 108 21 sökanden
583 938 73 21 ställer
674 937 132 28 vederhäftig
821 938 79 26 borgen
917 937 50 22 eller
983 943 37 15 an-

194 972 42 15 nan
257 965 23 22 af
298 968 133 25 guvernören
455 967 99 26 godkänd
570 967 100 21 säkerhet
684 966 33 21 för
730 967 39 20 den
786 966 181 21 kommunalskatt
982 965 38 22 ho-

194 1000 50 15 nom
260 993 33 22 för
308 995 103 26 näringen
426 995 91 27 påföres.

265 1023 142 27 Uppsamling
426 1023 39 22 och
484 1024 86 27 uppköp
589 1023 23 22 af
629 1023 90 28 lumpor,
740 1023 63 27 tagel,
819 1023 66 25 borst,
900 1023 43 26 hår,
958 1023 63 21 krea-

194 1051 96 25 tursben,
306 1051 51 22 horn
375 1052 38 21 och
429 1055 65 18 annat
509 1052 67 27 dylikt
591 1051 57 22 affall
664 1054 22 19 är
702 1052 80 21 enhvar
798 1055 50 18 utan
859 1051 98 22 anmälan
968 1051 51 22 eller

194 1080 102 21 särskildt
311 1080 95 21 tillstånd
422 1080 136 27 medgifvet>.

264 1108 33 21 De
311 1109 120 26 ändringar,
453 1115 46 15 som
515 1109 7 21 i
537 1109 68 22 första
621 1111 117 19 momentet
752 1108 82 26 införts,
855 1109 113 21 inskränka
985 1109 35 26 sig

193 1137 38 26 till,
254 1139 32 19 att
309 1137 40 21 den
373 1137 117 28 otydlighet
513 1138 122 27 atlägsnats,
651 1144 46 15 som
716 1137 68 27 ligger
799 1137 49 26 däri,
864 1139 31 19 att
911 1137 108 21 ekonomi-

194 1165 106 22 utskottet
321 1166 46 21 icke
389 1166 115 27 behörigen
528 1166 86 21 beaktat
634 1166 109 21 skilnaden
760 1166 75 21 mellan
851 1168 32 19 att
898 1172 25 15 en
939 1171 79 22 person

193 1195 24 20 är
238 1193 116 29 välfrejdad
374 1194 39 21 och
431 1197 32 19 att
477 1195 41 21 han
534 1197 24 18 är
573 1195 113 26 oförvitlig.
716 1195 79 21 Vidare
810 1194 43 25 har,
869 1195 6 20 i
890 1194 66 21 likhet
970 1194 49 21 med

193 1222 56 21 hvad
272 1222 25 21 hr
319 1223 84 20 Öhman
424 1223 115 27 föreslagit,
562 1223 163 26 bestämningen
749 1229 35 15 om
806 1225 32 19 att
852 1222 165 27 förpassningen

193 1251 54 21 skall
263 1251 105 21 innehålla
383 1251 125 28 fullständig
523 1251 133 27 beskrifning
671 1251 59 22 öfver
740 1251 163 21 innehafvarens
914 1251 104 21 utseende

193 1279 39 21 och
248 1280 84 26 uppgift
347 1286 34 15 om
397 1280 54 22 hans
467 1280 58 22 ålder
540 1281 146 21 bortlämnats.
716 1280 11 21 I
742 1280 93 27 följande
849 1282 94 19 moment
955 1279 64 22 hafva

192 1308 54 21 efter
269 1308 61 21 ordet
353 1308 126 22 »kommun>
503 1309 80 27 tillagts
599 1310 66 20 orden
682 1309 71 21 »inom
768 1308 91 22 landet».
889 1308 76 21 Denna
981 1310 36 19 än-

193 1336 64 28 dring
278 1337 89 21 innebär
383 1338 124 26 visserligen
523 1338 28 26 pä
566 1340 43 19 sätt
624 1337 39 22 och
678 1338 32 21 vis
722 1344 25 14 en
764 1337 142 27 anticipation,
927 1343 48 15 men
991 1343 26 15 en

192 1365 143 27 anticipation,
356 1372 46 15 som
424 1366 47 21 icke
490 1366 62 21 torde
566 1366 96 22 medföra
682 1366 71 27 någon
768 1366 123 26 otydlighet.
921 1365 103 21 Bestäm--

192 1394 79 26 ningen
292 1394 79 26 därom,
393 1397 32 18 att
447 1394 195 28 gärdfarihandlare
664 1394 39 22 bör
726 1400 51 15 vara
799 1394 83 27 skyldig
897 1396 36 23 att,
953 1394 69 20 innan.

192 1422 42 21 han
254 1422 32 21 får
304 1422 49 22 idka
368 1422 127 28 försäljning
512 1423 58 21 inom
586 1429 26 15 en
628 1423 108 26 kommun,
752 1422 83 22 anmäla
850 1423 33 26 sig
898 1422 39 21 hos
953 1422 67 27 polis-

192 1450 150 27 myndigheten
363 1451 117 26 därstädes,
503 1452 38 20 har
556 1454 82 19 ansetts
654 1452 102 21 innebära
771 1458 25 14 en
812 1451 80 27 onödig
906 1450 115 22 inskränk-

192 1479 52 27 ning
260 1479 39 22 och
315 1479 71 22 därför
401 1480 116 22 uteslutits.
548 1480 131 27 Stadgandet
692 1480 8 21 i
715 1480 64 27 sjätte
794 1481 117 20 momentet
925 1478 24 22 af
958 1479 65 21 inne-
