1089 1739
195 96 42 21 582
459 100 244 29 Eduskunta-uudistus.
865 105 28 17 28
905 110 20 16 p.
938 105 88 18 toukok.

196 170 40 26 lek,
260 171 39 22 och
321 172 64 21 dessa
408 173 57 21 mina
487 173 129 22 tvifvelsmål
638 173 63 22 hafva
723 176 116 25 yttermera
854 173 69 22 blifvit
937 173 88 22 befästa.

196 199 44 22 Det
262 201 23 20 är
308 202 79 20 tvänne
409 201 190 28 omständigheter,
623 208 46 15 som
685 203 8 20 i
707 202 76 27 frågan
806 209 35 14 om
863 203 27 20 de
904 203 120 27 proportio-

195 228 57 21 nella
275 229 60 21 valen
359 231 36 20 äro
413 229 23 22 af
446 229 51 22 vikt.
528 225 19 26 Å
563 237 40 15 ena
618 231 61 21 sidan
695 233 24 19 är
734 231 36 21 det
785 231 23 21 af
822 231 50 24 vikt,
888 233 31 20 att
933 231 91 22 valkret-

195 263 39 14 sen
251 259 24 19 är
291 258 23 21 så
329 260 46 19 stor
391 265 46 15 som
454 259 83 27 möjligt
552 259 33 21 för
600 261 32 19 att
647 259 215 28 proportionaliteten
884 260 53 21 skall
951 260 73 21 kunna

195 287 53 25 göra
265 287 32 26 sig
313 287 102 26 gällande,
431 293 49 15 men
495 287 13 21 å
523 288 67 21 andra
605 288 60 21 sidan
681 288 24 21 af
712 289 51 22 vikt,
774 290 32 19 att
816 288 172 28 homogeniteten
1000 290 24 19 är

196 314 25 21 så
236 317 46 18 stor
298 321 46 15 som
360 316 83 27 möjligt
457 316 59 21 inom
531 316 122 21 valkretsen
664 316 32 22 för
707 319 32 19 att
749 317 103 21 särskildt
862 317 46 21 icke
918 318 26 21 de
956 319 68 19 tätare

196 342 99 22 bebodda
317 345 115 21 områdena
455 344 61 22 skola
531 344 21 22 få
567 347 32 19 ett
620 345 33 21 för
675 348 56 19 stort
745 345 117 28 inflytande
885 346 6 21 i
910 346 114 27 jämbredd

196 371 49 21 med
261 371 26 22 de
303 372 83 27 glesare
409 373 118 22 befolkade.
557 373 50 22 Med
629 377 60 18 stora
707 374 103 21 områden
826 374 76 21 vinner
917 381 48 14 man
981 375 41 21 vis-

196 399 99 28 serligen,
318 403 32 19 att
365 402 214 27 proportionaliteten
595 402 41 21 kan
654 404 51 25 göra
721 403 34 26 sig
771 403 98 26 gällande
884 403 74 26 bättre,
974 409 48 15 men

196 434 48 15 man
268 429 91 22 förlorar
373 431 7 20 i
395 429 60 28 fråga
478 437 35 14 om
529 430 179 28 homogeniteten,
725 431 40 22 och
777 431 39 27 jag
831 431 76 22 tänker
923 432 101 21 särskildt

196 457 164 22 vidkommande
386 459 133 22 Tavastehus
542 459 39 22 och
600 459 95 28 Nylands
719 461 40 24 län,
776 461 31 20 att
830 460 36 21 det
889 460 53 21 hade
968 461 55 20 varit

195 485 120 28 lyckligare,
325 493 34 15 om
375 487 26 22 de
417 490 59 19 stora
491 488 102 21 städerna
609 488 138 28 Helsingfors
758 488 41 21 och
815 489 144 21 Tammerfors
977 489 46 21 icke

197 514 69 21 skulle
281 515 62 22 hafva
358 516 90 21 kommit
463 519 31 18 att
510 517 71 21 såsom
593 517 67 27 enligt
670 517 140 21 kommitténs
822 517 80 27 förslag
909 517 21 22 få
938 520 30 18 ett
976 517 46 22 allt-

194 542 35 22 för
247 543 156 28 öfvervägande
418 544 117 28 inflytande
549 545 28 27 på
592 546 118 21 resultatet.
739 546 51 21 Men
815 545 65 22 också
895 547 6 20 i
917 546 57 21 detta
992 546 30 21 af-

195 572 79 21 seende
289 572 41 22 kan
343 573 25 27 ju
383 579 27 16 en
426 574 91 27 ändring
532 574 5 21 i
554 574 114 21 framtiden
684 581 39 20 ega
738 581 55 14 rum.

265 601 36 21 Må
323 602 20 21 vi
365 609 29 14 nu
418 603 26 26 gå
459 602 32 21 till
507 603 58 21 detta
581 605 48 24 steg
643 603 68 21 under
727 603 42 22 den
785 603 148 27 öfvertygelse,
948 606 32 19 att
995 604 27 21 de

194 628 35 26 fel,
245 635 47 16 som
308 633 51 18 utan
375 631 74 21 tvifvel
465 631 84 22 vidlåda
564 631 59 22 detta
638 631 121 28 lagförslag,
775 632 32 21 uti
822 638 26 15 en
864 631 86 22 framtid
962 632 61 21 skola

195 659 52 20 utan
264 659 122 27 synnerliga
401 660 133 27 svårigheter
549 660 73 21 kunna
637 661 85 21 ändras.

266 715 46 22 Hra
335 716 140 27 Ingman:
505 717 66 21 Tämä
586 717 65 26 hetki,
663 718 77 27 jolloin
757 717 70 22 vanha
842 717 181 27 säätyeduskunta

194 743 63 28 käypi
274 745 153 22 suorittamaan
443 752 79 15 suuren
536 746 131 26 tehtävänsä,
678 747 163 20 luovuttamaan
853 746 79 27 sijansa
942 747 80 20 uuden-

195 772 114 25 aikaiselle,
333 773 204 27 kansanvaltaiselle,
559 775 183 26 yksikamariselle
765 775 162 25 eduskunnalle,
950 775 18 20 ei
989 775 34 21 ole

194 801 68 26 pitkiä
284 802 87 26 puheita
386 805 81 19 varten.
496 803 35 21 Me
547 803 120 26 tiedämme,
683 804 52 21 mitä
750 803 85 22 meidän
852 810 28 15 on
896 803 91 26 tehtävä,
1000 803 23 28 ja

195 829 58 22 minä
275 829 130 28 puolestani'
418 831 55 28 käyn
490 831 67 22 siihen
573 832 120 26 tehtävään,
709 834 38 25 nyt
763 832 137 25 esilläolevan
916 832 107 21 lakiehdo-

194 858 78 21 tuksen
296 857 181 30 hyväksymiseen,
494 860 115 27 erityisellä
623 860 151 27 helpoituksen
791 861 103 20 tunteella
909 861 54 24 siitä,
979 863 44 19 että

195 886 123 23 vihdoinkin
342 889 89 20 voidaan
455 889 104 21 suorittaa
579 895 30 19 se,
621 889 52 26 joka
685 889 24 27 jo
725 889 85 21 kaavan
828 889 64 21 sitten
908 889 46 21 olisi
970 889 54 21 ollut

194 915 91 21 tehtävä.
315 917 67 20 Tässä
404 917 113 22 suhteessa
537 917 49 22 olen
609 918 37 21 siis
669 918 100 21 suureksi
785 918 73 21 osaksi
873 917 83 22 toisella
971 918 51 21 kan-

194 944 57 21 nalla
274 945 50 20 kuin
340 945 104 22 edellinen
461 946 85 27 puhuja.
576 947 80 20 Tämän
672 946 179 21 kokonaisuuden
868 946 90 21 rinnalla
973 949 50 18 ovat

194 972 149 23 vähäarvoiset
359 980 26 15 ne
400 974 197 27 yksityiskohtaiset
612 975 171 27 erimielisyydet,
797 975 52 20 mitä
859 975 93 21 kullakin
965 975 57 26 voipi

194 1001 43 21 olla
257 1001 177 22 lakiehdotuksen
457 1003 30 21 eri
507 1003 104 21 kohdista.
641 1003 70 22 Mutta
726 1010 29 14 ne
770 1003 166 27 erimielisyydet
952 1003 71 22 voivat

194 1029 110 22 kuitenkin
329 1031 41 21 olla
393 1031 51 22 siksi
468 1032 102 26 painavia,
592 1033 45 20 että
654 1032 109 21 edusmies
779 1032 93 21 käsittää
888 1032 134 21 velvollisuu-

194 1058 93 21 dekseen
311 1059 66 21 tuoda
400 1066 26 15 ne
444 1060 65 25 esille,
521 1060 23 26 ja
559 1060 70 21 silloin
646 1067 27 14 ne
688 1064 51 17 ovat
755 1061 123 20 esitettävät
890 1061 58 26 juuri
965 1062 58 19 tässä

194 1086 157 27 tilaisuudessa,
366 1088 143 26 myöhemmin
525 1094 23 15 se
564 1095 27 15 on
607 1089 49 21 liian
673 1089 125 27 myöhäistä.

265 1115 33 21 On
315 1116 121 21 oikeastaan
455 1123 52 15 vaan
524 1117 45 27 pari
585 1117 84 25 kohtaa,
681 1118 70 26 joissa
768 1117 58 21 minä
841 1117 49 21 olen
905 1117 30 21 eri
951 1117 71 21 mieltä

194 1143 177 23 lakiehdotuksen
392 1145 84 25 kanssa,
492 1146 44 26 pari
552 1146 84 25 kohtaa,
649 1146 98 26 joihinka
763 1146 65 20 täällä
840 1146 24 26 jo
880 1146 142 20 kosketeltiin.

194 1172 139 22 Ensimäinen
349 1174 64 20 niistä
427 1174 79 21 koskee
524 1174 99 27 ikärajaa.
653 1174 74 21 Minun
744 1174 130 21 luullakseni
890 1174 130 27 siirtyminen

194 1201 108 21 voimassa
317 1202 96 21 olevasta
428 1202 25 21 21
471 1203 84 21 vuoden
571 1203 114 27 ikärajasta
700 1203 28 21 24
745 1202 87 22 vuoden
843 1202 106 27 ikärajaan
962 1202 19 21 ei
989 1202 33 21 ole

193 1229 54 21 ollut
270 1233 88 23 tarpeen
378 1231 92 21 vaatima
492 1231 47 21 eikä
554 1231 33 21 ole
603 1232 60 20 oleva
679 1231 98 21 onneksi.
808 1231 89 26 Luulen,
913 1232 43 20 että
971 1231 51 21 kan-

193 1264 82 14 samme
300 1259 61 20 suuri
383 1260 127 20 enemmistö
533 1260 115 21 kannattaa
670 1260 98 27 alempaa
789 1259 101 27 ikärajaa,
905 1260 53 20 enkä
973 1260 51 26 pidä

193 1292 81 15 muuna
285 1287 50 21 kuin
346 1288 121 20 vahinkona
479 1288 83 21 uudelle
573 1288 161 26 eduskunnalle,
743 1290 46 19 että
797 1294 39 15 sen
844 1288 178 26 kokoonpanosta

193 1314 142 28 syrjäytetään
357 1316 44 20 niin
424 1317 60 21 suuri
496 1316 82 27 joukko
594 1317 129 27 lämpimästi
739 1317 135 21 harrastavia
889 1316 133 21 kansalaisia.

263 1344 82 21 Toinen
361 1344 71 26 kohta,
445 1345 61 27 jossa
521 1345 48 21 olen
585 1346 31 20 eri
631 1346 72 20 mieltä
717 1345 181 21 lakiehdotuksen
914 1345 78 21 kanssa
999 1345 24 27 ja

189 1371 62 27 jossa
274 1373 171 27 erimielisyyteni
469 1380 26 14 on
520 1374 53 20 vielä
595 1374 155 26 painavampaa
770 1373 77 26 laatua,
864 1374 79 20 koskee
958 1373 64 21 vaali-

192 1400 55 21 lakia
268 1401 23 26 ja
314 1402 115 26 erityisesti
451 1402 135 27 vaalipiirejä.
615 1402 32 21 En
665 1402 34 22 voi
715 1402 43 21 olla
773 1402 148 21 käsittämättä
942 1404 80 23 muuta,

192 1428 52 22 kuin
262 1431 44 19 että
321 1436 24 15 se
360 1430 95 27 hyppäys
471 1431 97 26 nykyisin
584 1431 139 21 vallitsevista
734 1430 140 26 vaalioloista,
886 1430 136 21 varallisuus-

192 1458 124 24 asteikosta,
331 1458 106 27 yht'äkkiä
453 1459 140 21 suhteellisiin
610 1459 104 21 vaaleihin
730 1459 112 21 sellaisilla
857 1458 89 22 suurilla
958 1459 62 21 vaali-

192 1486 97 26 piireillä,
309 1487 55 26 joita
385 1489 37 25 nyt
437 1494 28 14 on
481 1488 118 25 ehdotettu,
615 1494 26 15 on
658 1488 95 27 hyppäys
771 1487 181 21 tuntemattomiin
970 1487 51 21 oloi-
