1092 1742
178 94 47 37 542
470 102 254 29 Rautatierakennuksia.
852 106 27 16 22
892 110 20 16 p.
924 105 87 17 toukok.

184 173 147 27 ningsförslag
352 173 93 27 afgifvits
468 173 23 22 af
508 174 211 27 järnvägsutskottet
742 174 37 21 och
796 174 35 21 vid
847 176 62 19 nästa
924 173 87 27 plenum

184 202 98 21 kommer
305 204 30 19 att
355 202 7 21 i
383 202 98 28 samtliga
504 203 63 21 stånd
590 202 122 26 behandlas,
734 203 24 21 så
779 202 41 21 kan
832 202 39 28 jag
885 202 46 21 icke
946 204 66 19 annat

184 230 59 22 finna
259 232 25 20 än
300 232 36 24 att,
352 237 35 15 om
403 232 20 20 vi
439 231 67 21 sticka
520 232 22 20 in
558 232 6 20 i
580 231 156 27 behandlingen
752 237 26 15 en
795 231 66 21 sådan
884 230 128 28 inbjudning

186 265 47 15 som
249 259 26 21 hr
289 259 106 21 Mattsson
418 260 115 26 föreslagit,
552 260 41 21 den
617 260 54 21 sista
692 260 64 21 villan
782 259 38 21 blir
843 262 62 18 värre
927 261 26 19 än
969 258 41 21 den

185 287 75 22 första.
289 288 42 26 Jag
345 290 46 19 tror
406 288 35 22 det
456 290 24 20 är
495 288 79 28 riktigt,
586 291 31 19 att
633 288 19 21 vi
668 288 84 22 behålla
766 288 26 21 hr
802 288 119 21 Mattssons
931 287 81 26 förslag

187 322 46 15 som
257 322 26 15 en
306 316 53 22 sista
375 318 70 26 utväg,
460 318 7 20 i
482 317 102 21 händelse
606 317 41 21 den
668 317 208 27 sydösterbottniska
892 317 68 21 banan
975 316 36 20 vid

186 344 157 28 behandlingen
359 345 23 21 af
395 348 116 19 utskottets
521 345 301 27 sammanjämkningsförslag
832 345 70 21 skulle
911 345 28 27 på
946 344 66 27 något

186 375 43 19 sätt
251 373 53 22 köra
326 374 47 25 fast,
393 374 80 22 hvilket
485 374 38 27 jag
538 374 54 22 dock
607 374 83 27 hoppas
705 376 32 19 att
752 374 40 21 den
808 374 46 22 icke
869 374 96 21 kommer
980 375 32 19 att

186 404 58 25 göra,
267 408 48 15 men
336 403 241 27 sannolikhetskalkyler
592 403 7 21 i
612 402 176 28 järnvägsfrägor
807 404 37 20 äro
860 402 46 22 icke
921 402 23 22 så
959 402 53 21 lätta

185 433 32 19 att
239 432 52 25 göra
314 438 50 20 upp.
392 432 42 27 Jag
449 431 32 22 för
497 432 43 20 min
557 432 34 21 del
606 432 39 20 har
660 432 45 20 haft
720 438 26 14 en
762 432 84 26 mycket
861 430 104 27 bedröflig
979 436 33 16 er-

184 458 98 22 farenhet
297 460 6 20 i
316 460 58 21 detta
389 460 105 22 afseende.
521 460 44 21 Det
579 460 41 21 kan
634 460 24 27 ju
674 460 75 26 hända,
764 463 32 18 att
811 460 25 21 hr
846 460 107 21 Mattsson
964 459 48 21 räk-

185 494 39 15 nar
240 488 76 25 bättre,
331 489 99 27 möjligen
447 489 65 21 också
526 489 52 21 icke.

256 545 46 21 Hra
323 546 143 26 puhemies
500 546 90 25 ilmoitti,
606 548 44 19 että
665 546 69 20 hänen
750 545 154 27 mielipiteensä
920 544 91 22 mukaan

186 574 25 21 V.
227 574 35 22 J:n
285 574 27 21 56
335 574 54 28 $:ssä
411 574 97 28 löytyvää
523 576 120 26 määräystä
658 574 55 26 siitä,
730 576 48 24 että,
795 574 43 21 kun
854 574 79 28 yleisen
946 574 65 21 valio-

187 602 89 22 kunnan
299 603 108 21 mietintöä
431 604 71 20 toinen
528 604 61 20 kerta
611 603 130 25 käsitellään,
764 609 24 15 se
810 610 27 14 on
853 605 92 25 pantava
960 604 52 25 pöy-

187 631 55 21 dälle
265 631 83 21 kahden
371 632 30 21 tai
423 632 123 27 useampain
557 632 99 27 jäsenten
674 632 48 21 siitä
737 632 72 27 tehtyä
823 632 154 25 vaatimuksen,
993 631 19 21 ei

185 660 60 21 voitu
269 660 60 21 esillä
351 660 87 22 olevaan
455 660 131 28 tapaukseen
602 660 133 22 sovelluttaa.
765 661 44 27 Nyt
824 660 19 21 ei
859 660 53 22 ollut
926 660 85 21 käsitel-

188 690 79 20 tävänä
288 689 142 21 valiokunnan
447 690 103 25 mietintö,
566 696 53 14 vaan
636 689 91 21 ehdotus
742 689 183 25 kutsumukseksi,
940 688 72 21 minkä

186 717 79 21 tähden
286 717 39 21 hra
343 718 141 26 puhemiehen
500 718 98 21 aikomus
614 718 28 21 oli
656 718 76 21 alistaa
748 718 79 27 säädyn
843 717 169 25 ratkaistavaksi,

180 746 66 26 josko
263 748 59 25 sääty
337 746 67 22 tahtoi
419 753 71 21 panna
505 748 71 20 tämän
592 747 59 21 asian
667 747 96 27 pöydälle
779 746 33 22 vai
828 746 53 21 eikö.

255 803 46 21 Hra
316 803 172 22 Mattsson:
506 804 41 26 Mig
564 810 63 20 synes
643 804 162 20 konsekvensen
822 803 23 21 af
858 803 25 21 hr
895 802 116 28 Schyberg-

186 838 51 14 sons
265 832 138 27 uppfattning
424 839 51 14 vara
498 832 47 26 den,
568 835 32 18 att
614 832 102 27 förslaget
732 838 34 15 om
782 838 26 14 en
824 832 103 26 inbjudan
943 831 69 21 skulle

186 860 67 21 värka
269 861 68 26 precis
353 861 43 20 lika
411 861 83 26 mycket
509 861 101 21 störande
626 861 75 20 mellan
714 861 39 20 den
765 860 67 21 andra
842 860 40 21 och
893 860 40 21 den
945 860 68 26 tredje

186 889 235 27 sammanjämkningen
438 896 45 15 som
500 889 76 21 mellan
593 889 40 21 den
649 889 68 21 första
732 889 39 21 och
787 889 41 20 den
844 889 72 25 andra,
927 888 38 21 och
977 888 36 21 det

185 916 115 27 föreligger
315 917 50 27 inga
380 924 45 15 som
442 918 57 21 hälst
514 918 106 26 garantier
636 917 32 22 för
683 920 31 19 att
723 917 211 27 järnvägsutskottet
944 916 69 21 skulle

186 946 35 21 vid
245 951 26 16 en
295 946 105 21 eventuell
416 947 68 26 tredje
506 946 208 27 sammanjämkning
734 949 50 23 taga
799 947 69 20 större
884 945 81 27 hänsyn
981 945 31 20 till

185 973 109 28 förslaget.
320 974 89 22 Senaste
425 975 80 27 lördag,
516 975 27 21 dä
550 975 209 26 järnvägsutskottet
770 974 178 24 sammanträdde,
958 973 55 21 hade

185 1003 106 21 utskottet
305 1005 101 25 nogsamt
420 1004 52 21 reda
486 1004 33 27 pä,
531 1006 31 19 att
578 1006 30 19 ett
622 1003 81 27 förslag
718 1009 34 15 om
768 1003 103 26 inbjudan
887 1003 54 20 hade
949 1001 63 22 fram-

185 1031 77 23 ställts,
272 1031 39 22 och
323 1031 55 22 hade
388 1033 49 20 med
447 1032 81 27 hänsyn
540 1032 71 21 härtill
622 1032 51 27 godt
683 1032 82 21 kunnat
776 1031 66 27 nägra
852 1031 66 26 dagar
928 1030 84 22 afvakta

185 1059 228 28 inbjudningsfrägans
424 1061 128 26 utveckling.
577 1061 124 20 Emellertid
712 1060 163 27 presenterades
886 1059 33 21 för
929 1059 83 21 utskot-

185 1090 37 22 tet,
238 1088 39 21 har
289 1089 38 26 jag
342 1089 47 21 låtit
403 1090 45 26 mig
463 1089 99 25 berättas,
578 1091 30 19 ett
623 1089 138 27 tärdigtryckt
774 1088 80 27 förslag
864 1088 32 21 till
906 1094 105 15 samman-

181 1117 120 27 jämkning,
324 1123 47 15 som
394 1120 50 19 utan
461 1118 71 21 vidare
548 1117 45 22 blef
606 1120 90 24 antaget.
727 1117 50 21 Med
792 1117 71 21 denna
878 1116 80 21 snabba
973 1116 40 21 och

187 1145 99 27 eleganta
309 1145 130 28 behandling
453 1146 23 21 af
489 1146 73 27 frägan
578 1146 39 21 har
632 1153 49 14 man
694 1146 25 27 ju
734 1146 64 26 ingen
821 1145 100 21 säkerhet
934 1145 33 20 för
982 1147 31 18 att

186 1174 38 21 det
246 1176 63 19 nästa
327 1175 57 26 gång
399 1175 54 21 skall
469 1175 26 26 gå
509 1175 141 21 annorlunda.
680 1175 41 21 Vid
737 1175 77 20 sådant
828 1173 131 22 förhållande
975 1173 38 21 ber

183 1202 40 27 jag
244 1202 21 21 fä
286 1203 102 21 vidblifva
410 1204 49 21 mitt
480 1203 80 27 förslag
582 1203 40 21 och
640 1205 24 19 är
680 1203 93 21 tacksam
789 1202 33 21 för
838 1203 25 20 hr
879 1202 134 21 talmannens

185 1230 140 28 uppfattning
339 1231 23 21 af
375 1231 251 28 bordläggningsfrägan.

257 1288 46 21 Hra
327 1288 230 27 Schybergson:
588 1289 32 20 Hr
636 1289 134 20 talmannens
786 1287 139 28 uppfattning
951 1293 63 15 anser

185 1316 63 21 äfven
262 1317 38 26 jag
315 1323 52 15 vara
382 1318 40 20 den
439 1317 82 27 riktiga.
551 1317 42 26 Jag
607 1317 38 21 har
660 1317 33 21 för
708 1317 63 26 ingen
788 1317 34 20 del
838 1318 53 19 trott
905 1316 44 27 mig
964 1315 49 22 med

187 1345 50 21 mitt
259 1345 23 21 af
302 1345 25 21 hr
349 1346 96 21 Jusölius
469 1346 145 21 understödda
628 1345 80 27 förslag
722 1346 74 21 kunna
811 1345 102 27 pätvinga
927 1344 87 21 ståndet

185 1379 26 16 en
236 1373 162 28 bordläggning,
422 1377 50 18 utan
491 1374 37 21 har
543 1374 103 21 förutsatt
660 1376 32 19 att
706 1374 136 26 omröstning
857 1379 34 15 om
908 1373 48 21 mitt
971 1372 42 21 för-

184 1402 47 27 slag
247 1402 68 21 skulle
331 1404 40 25 äga
385 1409 55 15 rum.
462 1403 41 26 Jag
518 1403 38 20 har
571 1403 55 20 blott
641 1403 45 20 icke
697 1403 57 20 velat
764 1403 95 26 ätertaga
870 1402 47 20 mitt
927 1401 86 26 förslag,

185 1431 72 21 säsom
273 1431 25 20 hr
313 1431 108 21 Mattsson
436 1431 67 27 yrkat.

254 1459 63 21 Hvad
333 1459 25 21 hr
374 1460 119 21 Mattssons
514 1460 52 21 sista
582 1459 136 27 andragande
733 1459 107 25 beträffar,
856 1459 24 21 sä
895 1459 68 20 mäste
975 1458 39 27 jag

185 1489 58 25 säga,
267 1489 32 20 att
321 1494 34 15 om
376 1488 53 21 hans
445 1488 68 27 öfriga
528 1487 109 28 uppgifter
652 1488 6 21 i
674 1487 74 28 frägan
764 1489 37 20 äro
817 1487 43 22 lika
874 1486 139 27 tillförlitliga,
