1084 1739
213 86 43 37 704
509 86 231 37 Kulkulaitosrahasto.
898 98 25 17 14
934 103 20 16 p.
967 97 74 19 kesäk.

212 164 63 22 däraf
289 165 69 27 dragit
373 165 40 22 den
429 165 142 26 konsekvens,
582 169 32 19 att
630 173 34 15 om
680 167 126 27 regeringen
821 167 117 21 fastställer
949 167 92 21 beslutet

212 199 36 16 om
272 194 107 21 banornas
401 195 118 27 byggande,
535 201 48 16 inen
606 202 26 15 en
652 195 106 22 blifvande
774 195 102 28 landtdag
890 195 46 22 icke
952 195 88 27 beviljar

212 223 125 26 penningar,
353 223 24 21 sä
399 225 24 19 är
445 224 37 21 det
497 224 80 27 troligt,
592 227 32 18 att
638 224 128 27 landtdagen
783 227 60 24 tager
858 226 32 19 ett
905 224 52 27 godt
973 230 66 21 grepp

212 251 8 20 i
235 252 140 26 regeringens
390 257 87 22 pengar,
493 252 81 22 hvilket
586 253 25 26 ju
627 253 68 21 mäste
710 259 63 15 anses
789 259 50 15 vara
854 255 31 19 ett
895 253 93 21 lofvärdt
1000 253 39 20 och

213 279 53 27 godt
289 279 58 28 syfte.
377 281 34 21 Hr
433 281 91 21 Mauritz
548 281 104 27 Hallberg
672 282 76 27 drager
771 287 26 15 en
812 288 70 15 annan
899 281 140 23 konsekvens,

211 308 108 27 nämligen
341 309 47 26 den,
403 312 32 19 att
456 316 35 15 om
515 310 116 21 ständerna
653 310 114 27 tillväsagä
789 310 48 21 med
860 310 58 21 detta
933 309 60 28 syfte,
1008 312 32 19 att

212 336 92 22 sälunda
326 337 97 27 begagna
442 338 191 27 järnvägsfrägans
658 339 129 26 behandling
809 339 31 21 till
861 345 26 15 en
909 339 50 21 liten
975 340 64 19 stats-

212 365 86 27 rättslig
317 366 64 27 kupp,
397 367 24 21 sä
444 367 39 21 blir
499 367 127 26 regeringen
642 367 57 22 nödd
715 367 39 22 och
770 370 94 24 tvungen
880 370 32 19 att
926 367 45 22 icke
986 367 52 21 fast-

212 393 64 22 ställa
291 395 93 21 beslutet
399 401 34 15 om
447 395 128 28 järnvägars
591 396 118 27 byggande.
732 396 68 21 Saken
817 396 41 21 kan
875 403 34 14 ses
920 396 46 21 från
977 396 62 21 hvar-

212 423 53 20 dera
279 423 67 21 sidan.
375 424 42 26 Jag
431 423 32 22 för
480 425 42 20 min
539 425 33 20 del
588 425 70 21 älskar
673 425 7 21 i
695 425 115 21 allmänhet
825 427 31 19 att
871 427 50 25 taga
935 425 52 21 hvar
1000 425 39 21 sak

211 450 34 22 för
267 451 38 27 sig,
324 452 177 28 järnvägsfrägan
525 452 33 22 för
580 453 34 25 sig
636 453 38 21 och
696 452 75 28 frägan
794 460 35 14 om
845 454 138 26 regeringens
999 453 39 21 och

212 480 127 21 ständernas
355 481 119 26 penningar
489 481 32 21 för
538 482 39 26 sig.
606 482 42 26 Jag
662 484 23 18 är
701 482 123 27 öfvertygad
840 488 40 20 om,
891 484 32 19 att
937 482 41 21 den
992 482 46 20 blif-

211 508 71 21 vande
304 510 196 26 representationen
524 510 49 21 med
596 510 40 22 den
659 510 124 27 myndighet
804 511 40 20 den
861 510 96 22 kommer
972 513 31 18 att
1018 510 20 21 fä

211 539 111 24 gentemot
344 538 125 27 regeringen
486 539 53 21 skall
560 539 72 27 lyckas
654 539 28 21 nä
704 540 36 20 det
762 539 48 25 mäl,
833 545 46 15 som
902 540 25 20 hr
943 539 94 21 Neovius

211 565 68 27 syftar
294 566 31 21 till
341 567 48 21 med
405 567 37 21 sitt
452 567 85 27 förslag,
548 568 107 26 nämligen
666 570 32 19 att
708 570 92 24 gränsen
811 568 77 21 mellan
899 568 138 26 regeringens

210 594 41 21 och
268 594 139 28 landtdagens
423 596 118 27 penningar
556 596 53 21 skall
625 596 103 27 upphöra,
739 596 39 22 och
791 596 38 27 jag
844 596 73 26 finner,
929 599 31 18 att
975 596 63 21 dessa

212 622 36 22 tvä
271 623 67 26 saker,
353 624 94 22 beslutet
470 631 33 15 om
517 625 228 27 järnvägsbyggnader
761 625 39 21 och
815 625 97 27 anslaget
927 624 32 22 för
975 625 62 21 deras

211 650 119 28 utförande,
346 653 116 21 eventuellt
484 654 120 26 beviljande
618 653 23 22 af
661 654 69 21 kredit
752 653 33 21 för
806 654 125 25 ändamälet,
947 653 51 21 höra
1014 654 24 20 sä

209 680 131 22 tillsamman
365 687 45 15 som
429 682 64 22 debet
507 682 40 21 och
563 682 69 21 kredit
647 682 6 21 i
669 682 85 27 vanliga
769 682 150 27 räkenskaper.
948 682 42 27 Jag
1004 682 33 21 för

211 708 44 21 min
279 709 34 21 del
336 710 69 21 skulle
426 710 84 26 föreslä,
528 713 32 19 att
582 711 20 21 vi
618 711 55 21 hälla
688 718 36 14 oss
741 711 30 21 till
787 711 172 21 statsutskottets
975 711 62 25 kläm,

211 743 48 15 som
274 739 24 19 är
313 738 68 27 enligt
392 739 43 21 min
451 740 64 20 tanke
531 740 40 20 den
588 740 130 21 normalaste
728 740 39 21 och
778 740 98 21 klaraste.
898 740 32 20 Hr
941 740 96 20 Neovius

210 766 78 21 trodde
310 767 34 26 sig
366 767 70 22 kunna
453 768 87 25 förutse,
556 770 31 19 att
602 771 31 18 ett
648 768 89 22 statslän
753 768 45 21 icke
814 768 41 21 kan
870 768 32 21 fäs
918 768 27 27 pä
959 768 78 21 fördel-

210 794 73 27 aktiga
298 795 75 21 villkor
388 796 45 22 före
449 798 61 20 nästa
525 797 107 26 landtdag.
654 797 41 26 Jag
710 800 45 18 tror
773 797 41 21 han
831 796 36 26 gaf
881 797 33 26 sig
925 799 32 19 att
967 796 69 27 profe-

210 825 48 19 tera
280 830 44 14 mer
347 826 26 19 än
394 825 70 26 nägon
480 825 106 21 bankman
602 826 40 20 kan
660 827 56 25 göra,
732 828 22 24 ty
770 832 25 14 en
812 826 57 26 dälig
884 825 131 27 konjunktur
1031 826 5 20 i

210 851 44 27 dag
268 852 40 21 kan
324 852 62 27 följas
401 853 22 21 af
438 854 55 26 goda
508 860 34 15 om
560 854 65 26 nägra
640 854 106 26 mänader,
758 854 38 21 och
808 854 35 21 det
858 854 41 21 kan
915 854 75 23 hända,
1006 857 31 17 att

210 880 21 21 vi
246 880 8 21 i
269 882 61 20 nästa
345 882 38 20 vär
399 884 36 19 äro
451 882 56 21 inför
522 889 26 15 en
564 883 66 21 sädan
646 882 138 28 konjunktur,
795 885 31 19 att
841 889 49 15 man
906 882 48 22 med
969 882 68 22 fördel

210 908 42 22 kan
276 912 94 24 upptaga
392 911 130 21 ätminstone
544 911 70 27 nägon
638 912 34 20 del
694 912 23 20 af
737 912 63 22 länet,
816 911 38 21 och
867 911 38 27 jag
920 917 69 19 anser,
1005 913 31 19 att

210 936 149 23 hufvudsaken
382 939 7 20 i
411 940 69 20 denna
502 939 60 27 fråga
584 940 130 21 fortfarande
737 942 23 19 är
784 940 45 21 den,
850 943 31 17 att
903 940 132 20 statskassan

210 965 47 22 icke
279 966 54 21 skall
356 967 73 22 ställas
452 968 7 21 i
481 967 139 28 förlägenhet,
637 971 49 18 utan
710 968 180 27 kassatillgängen
907 967 65 22 hålles
989 968 47 26 god,

210 994 72 21 säsom
307 995 40 21 den
371 996 55 21 varit
449 997 68 20 under
539 997 27 20 de
588 999 84 19 senaste
696 997 146 24 decennierna,
859 996 39 21 och
921 996 46 21 tack
987 1003 50 14 vare

210 1022 82 22 hvilket
306 1023 132 23 förhällande
454 1025 21 21 vi
487 1025 63 21 hafva
566 1025 41 27 god
622 1025 70 22 kredit
707 1026 7 21 i
730 1025 97 22 utlandet
841 1025 40 21 och
892 1025 81 21 kunnat
984 1031 52 20 upp-

210 1052 112 25 negociera
345 1059 81 21 pengar
447 1053 32 22 till
498 1053 74 27 billiga
594 1054 73 21 vilkor.
696 1055 40 20 Lät
758 1060 37 15 oss
817 1054 46 21 icke
879 1053 76 22 blanda
971 1053 66 21 andra

206 1079 74 28 syften
296 1081 21 20 in
333 1081 7 20 i
355 1081 40 21 den
411 1081 66 28 fråga,
493 1089 46 14 som
555 1089 29 14 nu
600 1082 119 28 föreligger.

280 1137 46 22 Hra
342 1138 157 22 Pietinen:
523 1139 55 22 Olen
593 1139 142 28 mielihyvällä
754 1139 128 21 kuunnellut
897 1139 59 26 hrjen
973 1139 63 21 Aimo

210 1165 126 28 Hallbergin
358 1167 23 26 ja
401 1167 138 22 Neoviuksen
562 1168 128 27 lausuntoja,
706 1168 47 21 sillä
776 1168 83 21 useissa
874 1168 79 21 kohdin
969 1170 69 19 samat

210 1196 49 25 syyt
281 1195 65 21 olivat
367 1196 123 21 minullakin
514 1197 167 20 vaikuttamassa
697 1197 77 24 silloin,
789 1196 51 21 kuin
856 1196 181 21 lähetekeskuste-

209 1222 61 21 lussa
292 1223 119 22 armollista
433 1225 88 26 esitystä
543 1225 257 21 rautatierakennuksista
815 1225 149 21 valiokuntaan
981 1225 55 20 lähe-

209 1253 105 20 tettäessä
328 1253 89 26 toivoin,
433 1255 44 19 että
491 1253 143 27 käytettäisiin
651 1254 83 21 meidän
751 1253 125 26 kotimaisia,
887 1253 56 22 omia
959 1253 79 27 varoja,

202 1279 67 28 jotka
284 1282 38 25 nyt
337 1283 51 19 ovat
403 1281 105 27 sijoitetut
523 1282 141 21 ulkomaisille
679 1282 144 21 semmoisella
838 1282 82 25 tavalla,
933 1281 51 22 kuin
999 1281 38 21 hra

209 1308 65 21 Aimo
297 1309 106 28 Hallberg
421 1311 98 20 mainitsi.
550 1311 163 21 Puheenalaiset
728 1311 117 20 lausunnot
857 1311 72 20 voivat
944 1311 93 20 minusta

209 1336 44 21 olla
268 1337 83 27 hyvänä
366 1338 90 27 ohjeena
471 1339 143 21 hallitukselle
629 1339 76 25 silloin,
720 1339 45 21 kun
782 1339 73 27 varoja
870 1339 167 21 rautatieraken-

209 1365 87 21 nuksiin
312 1367 105 21 tarvitaan
433 1369 64 20 ottaa.
519 1368 71 21 Mutta
604 1368 86 21 toiselta
704 1367 80 28 puolen
795 1367 164 28 käytännölliset
970 1367 67 21 seikat

208 1393 96 22 minusta
327 1395 98 26 vaativat,
441 1396 97 21 niinkuin
563 1396 39 21 hra
618 1396 148 27 Schybergson
780 1396 23 27 jo
819 1396 99 25 mainitsi,
934 1397 44 20 että
993 1395 43 22 kun

205 1422 79 27 säädyt
307 1426 38 24 nyt
359 1423 76 22 kerran
452 1427 50 18 ovat
516 1427 123 24 päättäneet
654 1425 102 21 rakentaa
771 1425 43 21 niin
831 1425 71 26 paljon
918 1425 119 25 rautateitä,

208 1451 46 20 niin
277 1457 27 15 on
328 1454 59 24 myös
403 1453 128 22 osoitettava
546 1453 78 27 varoja,
640 1454 43 21 niin
699 1455 45 20 että
759 1459 27 15 ne
801 1453 100 22 riittävät.
931 1453 106 21 Hallituk-

209 1478 54 22 sella
285 1482 72 25 täytyy
377 1481 37 21 siis
430 1481 42 21 olla
487 1482 104 25 tilaisuus,
604 1482 36 26 jos
655 1482 77 21 kerran
749 1482 102 26 sopivalla
867 1481 77 21 tavalla
960 1481 77 27 lainoja
