1092 1748
205 108 57 21 1080
414 115 237 20 Hallituksenjäsenten
662 115 144 17 virkatoimet.
891 114 25 18 10
928 119 20 15 p.
961 114 73 21 syysk.

206 182 52 22 Sillä
270 183 36 27 jos
321 183 109 21 asiallisiin
453 184 79 21 oloihin
556 184 112 22 katsotaan
687 184 22 27 ja
726 184 113 26 tosiolojen
856 183 92 27 pohjalle
963 185 70 19 asetu-

205 214 57 23 taan,
284 212 43 21 niin
349 212 129 22 huomataan
500 212 93 26 selvästi,
612 214 43 20 että
671 214 59 20 tässä
745 219 27 15 on
788 212 100 27 kysymys
905 212 128 21 ensimäisen

206 240 152 22 valtiomahdin
374 241 191 27 prerogatiiveista,
577 242 23 26 ja
615 241 66 21 niihin
698 248 27 14 on
739 241 23 27 jo
771 242 59 20 tässä
845 241 131 27 esityksessä
989 240 44 21 niin

206 269 73 27 paljon
295 269 115 21 tinkimisiä
426 272 131 25 myönnetty,
573 272 44 19 että
632 270 84 21 meidän
731 269 204 22 vaatimuksissakin
946 270 34 20 voi
992 268 42 22 olla

205 297 69 21 vähän
291 298 120 21 tinkimisen
428 305 68 19 varaa,
512 298 44 22 kun
573 298 146 22 varmuudella
734 298 119 25 oletamme,
869 300 43 19 että
924 298 52 20 niitä
989 298 44 20 voi-

205 326 55 21 daan
276 326 50 27 pian
342 329 122 19 sattuvassa
486 327 152 21 tilaisuudessa
653 327 110 27 laajentaa.
794 326 71 22 Siihen
882 326 150 22 ilmoitukseen

205 354 92 26 nähden,
316 355 52 27 joka
390 356 148 21 nimenomaan
563 362 27 15 on
607 356 58 27 tehty
681 356 86 21 muiden
784 355 95 27 säätyjen
895 355 139 27 päätöksistä,

206 384 19 20 ei
248 383 93 22 kannata
361 386 44 19 tätä
428 390 38 15 sen
489 386 104 25 enempää
614 384 122 27 perustella.
767 384 82 21 Vaikka
872 384 98 26 pidetään
989 385 45 19 tätä

205 414 99 25 päätöstä
323 412 181 27 jonkunmoisena
526 413 141 26 uhrauksena,
690 413 97 21 niinkuin
810 418 23 15 se
857 412 70 26 onkin,
943 412 44 21 niin
1005 418 28 15 on

206 447 23 15 se
244 441 133 21 kumminkin
394 441 90 22 tehtävä.

276 498 46 21 Hra
343 498 118 26 Heikel,
477 499 99 21 Felix:
605 499 42 27 Jag
661 505 64 15 anser
740 499 45 27 mig
799 499 7 20 i
823 499 70 21 denna
907 498 60 27 fräga
982 498 53 21 böra

205 526 93 26 förorda,
314 529 30 19 att
370 527 176 27 borgareständet
565 528 68 20 skulle
648 528 113 26 godkänna
777 528 25 20 R.
818 534 19 14 o.
853 528 38 20 A:s
906 526 128 27 inbjudning

206 556 6 20 i
229 556 50 20 dess
302 556 76 25 helhet,
402 562 47 15 men
470 556 37 27 jag
530 558 38 25 gör
584 556 58 21 detta
657 556 71 21 säsom
744 556 25 21 hr
787 556 149 26 Schybergson
952 556 33 20 vid
1003 558 30 18 ett

205 583 130 28 föregående
358 584 80 21 tillfälle
461 585 83 27 yttrade
561 585 37 26 sig,
617 585 82 21 »därtill
715 585 57 21 nödd
789 584 40 22 och
845 587 115 23 tvungen».
991 584 42 20 Det

206 614 23 20 är
245 612 107 28 nämligen
368 612 58 22 fallet
441 614 7 20 i
464 613 195 27 grundlagsfrägor,
675 616 30 18 att
721 620 35 14 om
773 616 29 18 ett
819 613 62 21 ständ
893 614 84 25 strängt
989 612 45 21 häl-

205 641 33 21 ler
254 642 28 26 pä
296 642 161 26 propositionen
474 642 39 21 och
529 642 46 21 icke
590 642 35 21 vill
641 642 62 21 hafva
719 642 71 26 nägon
807 642 128 26 utvidgning
949 641 23 21 af
983 641 50 21 den-

206 676 89 20 samma,
311 670 23 21 sä
349 670 40 21 kan
407 671 57 21 detta
480 677 39 15 ena
532 671 63 21 ständ
611 671 72 27 tvinga
699 671 26 21 de
741 670 68 26 öfriga
825 670 89 22 ständen
931 672 30 19 att
977 670 56 26 gäin

207 698 27 27 pä
257 699 49 21 dess
323 698 141 28 uppfattning,
480 699 44 21 ifall
540 706 48 14 man
603 700 46 20 icke
665 699 41 25 vill,
722 702 31 18 att
769 699 48 21 hela
831 698 74 27 frägan
922 698 53 22 skall
990 698 43 21 för-

206 726 56 26 falla,
279 728 39 21 och
331 728 37 26 jag
384 734 62 15 anser
460 728 54 21 dock
525 728 121 27 betydelsen
658 728 22 21 af
689 728 70 21 denna
768 727 190 27 ansvarighetslag,
971 726 62 22 äfven

206 762 35 15 om
265 756 41 21 den
322 756 46 21 icke
386 756 100 22 omfattar
502 757 303 21 ministerstatssekreteraren
822 756 39 21 och
877 756 53 21 hans
945 756 89 26 adjoint,

205 791 52 15 vara
274 787 30 19 ett
319 785 24 21 sä
358 791 50 21 pass
424 785 159 27 betydelsefullt
597 785 108 27 framsteg,
722 788 32 18 att
766 785 38 27 jag
820 784 46 22 icke
883 784 40 26 vill,
939 787 32 18 att
986 784 47 21 heia

205 813 64 27 lagen
292 813 71 21 därför
379 813 53 21 skall
447 814 88 26 förfalla,
551 814 40 21 och
603 814 37 26 jag
656 814 35 21 vill
708 814 24 21 sä
747 814 85 26 mycket
847 813 82 21 mindre
945 816 31 18 att
991 813 42 21 den

206 842 55 21 skall
276 841 82 21 förfalla
373 842 27 26 pä
412 842 66 21 sädan
494 842 76 27 grund,
586 845 31 19 att
632 842 120 26 ständerna,
769 842 27 21 dä
812 844 31 19 ett
859 842 23 20 sä
897 842 77 26 viktigt
989 841 46 27 lag-

205 870 82 27 förslag
308 870 101 28 förelagts
432 871 54 25 dem,
509 871 46 21 icke
578 871 71 21 kunna
667 871 85 21 komma
768 870 31 26 till
815 870 66 27 något
897 870 137 25 enstämmigt
1051 883 2 3 -

205 899 98 21 resultat.
334 899 72 22 Skulle
429 900 115 21 ständerna
567 900 102 27 enhälligt
691 906 50 15 vara
760 899 23 22 af
803 899 40 21 den
863 899 172 26 uppfattningen,

206 934 47 15 som
274 928 100 21 omfattas
394 927 22 22 af
429 929 26 20 de
478 928 78 21 ofrälse
572 929 96 25 ständen,
690 932 32 17 att
744 927 108 27 nämligen
872 928 161 20 ministerstats-

206 956 147 21 sekreteraren
369 957 39 20 och
424 957 53 21 hans
492 957 81 27 adjoint
588 957 53 21 böra
651 957 122 27 inbegripas
785 957 68 20 under
862 956 169 26 ansvarigheten,

205 985 27 21 dä
248 985 69 21 skulle
337 985 38 27 jag
396 985 46 21 icke
464 985 92 22 hesitera
578 988 31 19 att
624 985 55 22 hälla
694 986 27 26 pä
737 986 70 21 denna
823 984 132 27 ständpunkt
970 984 62 21 äfven

205 1014 49 21 med
274 1013 46 22 fara
341 1016 31 19 att
395 1014 40 21 den
459 1014 100 27 möjligen
582 1015 27 26 pä
631 1014 76 27 högsta
730 1016 34 19 ort
779 1014 46 20 icke
841 1013 68 21 blefve
925 1013 109 26 godkänd.

204 1042 51 21 Men
268 1043 39 26 jag
321 1042 36 21 vill
373 1049 45 14 som
436 1043 62 26 sagdt
513 1043 51 25 icke,
580 1045 31 18 att
626 1049 48 14 man
691 1043 53 20 skall
760 1043 74 20 kunna
845 1043 56 25 säga,
917 1044 30 19 att
963 1044 31 18 ett
1009 1041 24 21 sä

204 1071 78 26 viktigt
303 1071 116 27 lagförslag
442 1077 46 15 som
512 1071 57 21 detta
584 1071 60 21 faller
659 1071 28 27 pä
703 1071 70 27 grund
789 1070 23 21 af
825 1070 101 27 oenighet
942 1070 90 21 ständen

204 1099 98 26 emellan,
326 1099 38 22 och
386 1099 72 22 därför
476 1100 97 21 förordar
588 1100 38 27 jag
640 1099 107 27 förslaget.
777 1099 43 26 Jag
835 1099 38 20 ber
888 1098 61 21 äfven
965 1101 32 18 att
1012 1098 21 21 fä

203 1127 89 22 förorda
307 1127 134 28 tillfogandet
456 1128 32 21 till
504 1129 125 20 ständernas
646 1135 49 14 svar
710 1128 23 21 af
746 1134 26 15 en
790 1128 66 21 sädan
873 1128 96 26 petition,
985 1133 47 15 som

203 1156 25 21 R.
244 1163 20 14 o.
280 1157 25 20 A.
322 1156 116 27 föreslagit.
467 1157 42 26 Jag
531 1159 39 24 gör
593 1157 35 21 det
643 1157 45 20 icke
704 1163 46 15 som
768 1156 67 27 något
851 1156 183 26 samvetspläster,

204 1191 47 15 som
274 1185 26 21 hr
322 1185 148 27 Schybergson
493 1186 84 26 yttrade
599 1186 38 26 sig,
660 1189 49 17 utan
733 1184 73 22 därför
822 1186 32 19 att
870 1184 115 21 ständerna
1001 1184 32 21 uti

204 1213 71 22 denna
290 1214 90 27 petition
396 1214 72 21 kunna
484 1214 105 27 allvarligt
605 1214 38 21 och
659 1213 88 28 kraftigt
762 1213 112 21 framhälla
890 1213 32 20 sin
939 1212 93 27 uppfatt-

204 1242 53 27 ning
272 1249 41 18 om,
328 1244 31 19 att
370 1242 80 27 jämväl
461 1243 299 20 ministerstatssekreteraren
773 1241 39 22 och
824 1241 53 21 hans
888 1241 82 26 adjoint
982 1241 52 21 böra

204 1272 64 25 göras
284 1271 113 27 ansvariga
412 1271 55 21 inför
483 1271 203 27 representationen.

274 1328 46 21 Hra
366 1328 187 27 Heimbärger:
578 1328 47 21 Med
641 1329 70 26 nägon
727 1328 78 21 tvekan
823 1327 76 27 bidrog
912 1327 38 26 jag
958 1327 30 20 till
997 1327 36 20 det

203 1357 73 20 beslut
292 1357 22 20 af
335 1357 182 26 borgareständet,
539 1357 137 26 hvarigenom
698 1356 164 27 ifrägavarande
878 1356 45 26 lags
940 1355 93 21 bestäm-

202 1385 77 26 ningar
295 1391 35 15 om
346 1385 247 27 styrelseledamöternas
616 1385 137 27 ansvarighet
776 1384 131 21 utsträcktes
923 1383 61 22 äfven
1001 1383 32 21 till

202 1413 303 22 ministerstatssekreteraren
538 1414 40 21 och
600 1414 53 21 hans
675 1414 88 26 adjoint.
801 1413 42 26 Jag
867 1413 110 24 erkänner,
1001 1415 33 18 att

202 1442 191 27 borgareständets
409 1443 71 20 beslut
502 1449 37 14 var
555 1442 126 27 principiellt
697 1442 81 27 riktigt,
795 1447 48 15 men
861 1441 11 21 ä
887 1441 68 21 andra
971 1441 60 20 sidan

202 1472 23 19 är
238 1471 38 26 jag
293 1471 145 21 motständare
460 1474 46 18 mot
520 1471 41 21 alla
577 1471 70 21 beslut
662 1471 39 21 och
717 1470 168 26 bestämningar,
902 1475 47 15 som
966 1469 67 21 sakna

200 1499 99 27 praktisk
323 1499 113 27 betydelse.
468 1499 46 22 Och
536 1499 96 27 praktisk
655 1499 108 27 betydelse
787 1499 70 20 mäste
877 1498 39 27 jag
933 1503 52 16 anse
1001 1500 32 19 att
