1089 1745
185 126 43 22 922
489 133 84 17 Yleisiä
585 133 126 17 kokouksia.
888 132 25 16 31
925 136 19 16 p.
958 131 52 17 elok.

184 202 41 21 den
254 202 106 21 allmänna
388 202 109 27 principen
521 202 132 21 beträffande
677 200 191 23 sammankomster
891 201 27 27 på
939 200 71 22 landet

184 230 47 22 icke
246 230 68 22 borde
329 237 39 20 ega
383 237 53 19 rum,
452 230 39 22 och
507 237 63 21 synes
586 231 50 26 mig,
651 232 32 20 att
699 230 106 22 utskottet
820 229 110 27 därvidlag
940 228 69 22 träffat

184 259 38 21 det
236 261 62 19 rätta.

255 288 63 21 Hvad
340 288 99 21 beträffar
458 288 26 21 de
499 288 172 26 anmärkningar,
687 294 45 15 som
749 289 37 19 äro
803 287 74 27 gjorda
893 289 45 19 mot
953 287 11 20 7
981 286 27 28 &s

185 316 139 27 uteslutning,
347 317 23 21 så
392 317 38 21 ber
446 316 38 28 jag
501 316 56 22 först
570 316 22 21 få
606 316 77 26 erinra,
698 318 31 19 att
744 315 106 21 utskottet
864 315 47 21 icke
926 315 38 21 har
978 316 30 20 in-

184 344 43 22 fört
245 345 66 27 något
326 346 118 26 stadgande
459 346 80 23 därom,
555 347 32 19 att
601 351 104 21 personer
719 344 57 27 finge
792 344 80 21 infinna
884 344 34 27 sig
933 344 75 26 beväp-

184 374 56 20 nade
262 374 32 20 till
309 374 179 26 sammankomst;
504 374 105 21 utskottet
624 373 39 22 har
679 374 75 20 endast
769 373 99 21 uteslutit
883 372 124 28 paragrafen

184 402 40 28 och
237 402 59 21 detta
311 403 27 26 på
354 403 70 26 grund
439 402 22 22 af
474 403 41 20 den
531 402 138 27 lagstiftning,
685 408 46 15 som
746 401 33 21 för
795 402 132 21 närvarande
939 401 69 27 gäller.

184 430 70 21 Äfven
271 431 37 20 här
324 437 62 15 anser
398 431 44 26 jag,
457 433 32 19 att
504 431 105 21 utskottet
625 430 44 22 haft
685 431 46 21 stöd
747 430 33 21 för
795 430 38 21 sitt
847 430 121 21 förfarande
979 430 29 20 uti

184 459 41 21 den
249 459 93 22 rådande
364 459 159 27 lagstiftningen
545 459 76 21 främst
643 459 39 21 och
705 459 72 21 vidare
797 459 6 20 i
826 459 26 20 de
866 458 81 27 följder,
963 464 45 15 som

184 487 70 22 skulle
270 488 89 25 inträffa,
378 489 3 20 i
396 488 101 21 händelse
512 487 77 22 förbud
605 488 69 21 skulle
690 488 6 21 i
711 488 62 27 lagen
789 487 93 27 stadgas.
904 487 42 26 Jag
958 489 50 23 tror,

184 518 32 19 att
241 523 49 14 man
313 517 37 20 har
373 517 65 21 målat
458 517 129 21 situationen
610 516 71 21 alltför
704 516 66 26 mörk,
789 516 27 21 då
830 522 49 15 man
895 515 60 21 tänkt
970 515 38 26 sig,

184 545 55 21 hvad
256 545 38 21 allt
309 545 67 21 skulle
389 545 65 22 blifva
461 545 84 27 följden,
561 552 35 14 om
612 545 46 22 icke
674 545 75 21 förbud
767 547 44 18 mot
827 544 123 27 beväpnade
961 550 46 20 per-

184 579 76 16 soners
284 573 121 22 infinnande
427 575 35 20 vid
485 574 192 21 sammankomster
700 573 68 22 skulle
790 572 143 22 föreskrifvas.
967 572 39 21 Om

184 608 49 15 man
258 603 74 21 tänker
354 603 34 26 sig
410 603 64 21 saken
497 603 112 26 praktiskt,
625 603 71 21 såsom
707 603 37 26 jag
760 602 72 27 tycker
848 602 43 26 mig
906 601 57 21 finna
978 602 30 19 att

184 630 26 21 hr
229 631 91 27 Ingman
341 631 55 22 velat
412 638 22 15 se
450 631 47 26 den,
513 631 24 22 så
552 631 68 22 måste
635 638 50 14 man
701 631 113 26 medgifva,
829 633 31 18 att
875 632 77 25 ytterst
967 629 40 22 säl-

184 659 34 22 lan
234 666 104 20 personer
354 660 68 21 skulle
438 659 79 22 infinna
533 660 33 27 sig
581 660 48 21 med
645 662 64 25 gevär
725 660 31 21 till
773 659 191 21 sammankomster
975 658 32 21 för

184 690 32 19 att
238 688 98 21 försvara
358 689 33 26 sig
406 689 50 21 eller
472 689 61 21 ställa
549 689 30 21 till
596 689 137 26 oordningar.
763 687 81 28 Regeln
860 693 51 15 vore
927 687 33 21 väl
976 687 31 26 dä,

183 719 32 18 att
237 717 178 27 mötesdeltagare
438 717 67 22 skulle
529 717 112 22 medhafva
662 723 73 21 vapen,
752 723 47 15 som
815 716 45 21 icke
876 722 68 21 synas,
960 715 6 21 i
982 715 26 22 de

183 745 63 21 flesta
268 745 35 21 fall
326 746 114 21 revolvrar.
470 746 124 21 Emellertid
617 746 69 20 skulle
708 748 31 19 ett
761 745 78 21 förbud
857 744 95 21 medföra
967 744 40 25 det,

183 776 33 18 att
238 774 180 27 polismyndighet
440 774 68 22 skulle
530 780 51 15 anse
600 774 34 27 sig
649 774 90 27 befogad
755 776 32 18 att
801 772 126 26 undersöka,
943 772 64 21 huru-

184 802 49 22 vida
256 803 76 21 sådant
353 803 46 21 icke
422 803 79 27 synligt
515 809 69 21 vapen
601 803 68 21 skulle
685 802 22 22 af
721 802 178 26 mötesdeltagare
914 800 94 22 innehaf-

184 837 45 15 vas.
260 831 64 21 Detta
340 831 68 21 skulle
422 831 110 21 framkalla
548 832 79 21 sådana
642 831 119 25 konflikter,
777 833 32 19 att
820 831 122 25 därigenom
953 829 54 22 utöf-

184 860 79 26 ningen
287 859 22 22 af
329 859 226 28 församlingsfriheten
579 860 68 21 skulle
669 860 65 21 blifva
755 860 28 26 på
802 859 36 21 det
854 858 154 27 betänkligaste

184 888 67 21 störd.
282 888 37 21 Uti
340 889 64 20 dessa
425 890 78 19 tvänne
525 888 78 27 frågor,
625 888 73 27 frågan
715 895 34 14 om
766 886 188 27 anmälningsplikt
970 886 38 21 och

185 916 123 27 beväpning
330 917 35 21 vid
381 917 173 26 sammankomst,
570 917 38 21 har
623 917 106 21 utskottet
744 916 77 21 främst
836 915 70 27 utgått
920 915 46 21 från
982 915 26 21 de

184 945 139 27 stadganden,
346 952 45 14 som
407 945 32 22 för
455 946 132 21 närvarande
603 945 60 28 gälla,
679 945 38 22 och
730 945 39 27 jag
783 945 42 20 kan
840 944 46 21 icke
900 943 62 25 finna,
978 946 31 19 att

183 973 108 22 utskottet
312 974 69 21 skulle
403 974 6 21 i
432 975 26 20 de
479 974 118 26 händelser,
619 981 48 14 som
682 974 61 21 timat
759 973 68 22 under
843 973 26 21 de
884 975 84 18 senaste
984 973 24 20 ti-

184 1002 72 25 derna,
272 1002 45 21 haft
332 1003 114 26 anledning
461 1005 30 19 att
506 1003 69 21 rubba
590 1003 41 21 den
647 1002 138 27 uppfattning
800 1008 34 15 om
850 1002 41 21 den
902 1001 106 22 blifvande

184 1030 174 28 lagstiftningens
374 1031 137 27 ståndpunkt,
527 1037 46 16 som
590 1032 36 21 det
640 1031 75 22 hittills
730 1030 52 22 haft.

254 1088 46 21 Hra
322 1088 144 26 Castrén,
489 1088 126 21 Arthur:
638 1088 82 21 Vaikka
741 1087 84 28 yleinen
841 1087 124 21 keskustelu
981 1093 27 14 on

183 1117 83 20 asiassa
288 1116 133 21 sukeutunut
433 1117 24 26 jo
472 1117 197 26 pitkänpuoliseksi,
685 1117 83 26 pyydän
786 1116 61 25 minä,
862 1115 44 22 kun
922 1115 87 21 minulla

184 1151 27 14 on
234 1145 160 26 puheenvuoro,
414 1145 141 27 lyhyimmästi
571 1145 83 21 selittää
669 1145 88 21 kantani
773 1145 70 20 niiden
859 1144 83 21 kahden
957 1144 51 21 koh-

183 1173 42 21 dan
242 1173 96 26 suhteen,
350 1173 60 27 jotka
426 1177 49 18 ovat
490 1174 74 21 tulleet
579 1173 246 22 keskustelunalaiseksi.

254 1202 58 21 Minä
327 1202 121 27 puolestani
464 1202 68 27 yhdyn
549 1202 186 21 lakivaliokunnan
751 1201 99 23 kantaan,
866 1201 72 21 mikäli
953 1200 56 21 tulee

183 1230 281 26 ilmoitusvelvollisuuteen,
476 1231 23 26 ja
514 1231 82 25 katson,
612 1233 44 18 että
671 1233 44 18 tätä
725 1230 159 21 velvollisuutta
896 1230 19 20 ei
924 1229 86 27 yleensä

183 1259 72 26 pitäisi
279 1259 80 21 ulottaa
382 1259 80 21 muihin
483 1259 126 27 tapauksiin,
624 1259 51 21 kuin
691 1259 67 21 missä
773 1259 79 26 yleisen
866 1258 142 27 järjestyksen

183 1287 89 27 ylläpito
296 1287 93 22 sellaista
412 1288 151 21 ehdottomasti
585 1288 69 21 vaatii.
691 1287 40 22 Sen
757 1287 146 21 kokemuksen
927 1286 82 26 nojalla,

184 1316 56 20 mikä
264 1316 88 20 minulla
375 1322 27 15 on
424 1316 94 27 yleisistä
533 1316 144 25 kokouksista,
693 1316 44 21 kun
753 1315 49 21 olen
818 1315 53 21 ollut
886 1315 123 26 toistakym-

184 1346 72 18 mentä
272 1347 74 18 vuotta
362 1345 155 26 pormestarina
530 1344 23 27 ja
569 1344 84 27 poliisin
669 1344 108 27 hoitajana
788 1344 152 26 kaupungissa,
949 1343 61 26 jossa

182 1372 89 27 yleensä
290 1372 63 27 hyvin
369 1373 102 21 hartaasti
486 1373 117 21 kokouksia
618 1373 105 27 pidetään,
739 1372 49 21 olen
805 1372 57 21 minä
877 1372 40 20 sitä
933 1371 76 25 mieltä,

184 1403 44 18 että
250 1401 101 26 yleisessä
374 1402 98 26 paikassa
495 1402 108 20 taivasalla
627 1402 122 25 pidettävän
774 1400 125 21 kokouksen
920 1400 90 21 suhteen

184 1429 48 21 olisi
255 1429 87 21 tärkeää
361 1429 155 28 järjestykseen
537 1429 90 26 nähden,
643 1431 44 19 että
701 1429 49 22 siitä
766 1429 124 21 tiedonanto
906 1428 103 21 annettai-

184 1457 40 21 siin
240 1457 105 27 poliisille.
374 1458 46 21 Tuo
436 1459 122 20 tiedonanto
574 1458 34 21 voi
624 1458 79 27 tietysti
719 1457 103 27 tapahtua
834 1457 52 27 joko
902 1456 108 21 suoranai-

184 1486 52 21 sesti
261 1487 28 20 tai
309 1486 123 21 välillisesti
464 1487 66 20 Missä
545 1493 27 14 on
587 1487 55 26 hyvä
657 1487 76 26 poliisi,
750 1486 67 21 missä
832 1492 23 15 se
870 1492 27 14 on
914 1485 97 21 oikeassa

184 1514 114 22 suhteessa
312 1515 101 27 yleisöön,
429 1515 64 21 tietää
506 1521 23 15 se
539 1515 64 21 ilman
615 1515 124 21 semmoista
749 1514 155 21 ilmoitustakin
915 1513 95 22 kokouk-
