1086 1742
200 95 43 22 784
510 98 201 31 Painovapauslaki.
884 102 24 16 14
919 106 21 16 p.
952 100 72 18 kesäk.

202 177 46 15 som
267 173 43 19 satt
320 172 31 20 uti
361 172 40 20 den
413 178 16 14 s.
440 171 19 21 k.
471 172 195 26 presskommitten,
679 173 100 22 omnämt,
790 172 32 20 att
832 171 40 21 den
884 170 38 22 och
934 170 40 22 den
986 170 39 20 tid-

203 200 80 26 ningen
306 200 46 21 äter
369 200 53 21 efter
438 200 71 27 nägon
525 200 65 22 vecka
605 200 69 22 skulle
690 200 64 21 blifva
768 199 109 27 indragen,
893 200 67 20 ehuru
976 204 49 15 man

202 228 46 22 icke
270 228 47 22 ville
337 230 51 25 göra
408 229 34 21 det
458 229 137 21 omedelbart.
625 229 42 21 Det
683 235 36 15 var
735 228 82 21 säledes
833 228 45 21 icke
894 228 30 21 till
939 227 51 27 följd
1006 226 22 22 af

202 257 72 27 nägon
283 257 91 21 förment
382 257 132 27 försyndelse
522 260 45 18 mot
577 257 229 27 presslagstiftningen,
816 263 47 15 som
871 256 154 26 indragningen

203 285 87 23 skedde,
306 288 50 19 utan
372 286 36 21 det
424 292 37 15 var
476 292 25 15 en
518 286 101 21 iscensatt
634 286 128 24 väldsregim
774 287 45 19 mot
830 286 135 26 tidningarna
974 284 52 21 lika-

203 320 47 15 som
268 314 119 21 sedermera
402 317 45 19 mot
462 315 182 21 ämbetsmännen.

274 343 25 21 Vi
315 342 62 22 hafva
392 343 83 27 nyligen
492 343 78 25 erfarit,
585 345 32 19 att
632 344 40 20 den
689 343 52 21 sista
756 342 23 21 af
792 342 50 21 vära
858 342 99 28 upplösta
967 344 59 24 trup-

202 377 46 21 per,
265 372 205 26 gardesbataljonen,
488 372 100 21 tilldelats
603 378 26 15 en
646 371 119 28 betydande
786 370 141 28 gratifikation
943 370 83 22 utöfver

203 400 27 20 de
253 399 112 27 förmäner,
388 407 46 15 som
458 400 50 27 eljes
529 400 68 22 blifvit
614 400 78 22 befälet
707 400 92 26 tillagda.
827 400 42 26 Jag
884 400 35 20 vill
935 399 32 21 för
983 400 43 20 min

203 428 33 21 del
261 429 45 21 icke
327 428 89 22 klandra
438 430 64 20 detta.
534 429 115 21 Samhället
671 429 38 21 har
732 428 54 27 plikt
801 428 38 21 och
855 430 43 19 rätt
912 430 32 19 att
959 428 67 21 under

203 457 81 21 sädana
306 457 144 21 förhällanden
472 458 85 21 försöka
578 458 109 26 godtgöra,
702 457 55 21 hvad
774 463 46 15 som
836 457 70 21 väldet
920 456 106 26 förbrutit,

202 486 40 20 och
256 486 38 26 jag
308 486 36 20 vill
359 486 87 27 hoppas,
460 488 31 19 att
506 493 82 15 samma
603 486 88 27 hänsyn,
704 492 46 15 som
762 486 66 20 visats
839 488 108 24 gentemot
958 486 69 20 denna

203 516 72 25 trupp,
291 514 52 22 skall
363 516 63 25 göras
442 515 96 27 gällande
553 514 62 22 äfven
630 516 7 20 i
652 514 60 27 fråga
727 520 35 15 om
778 514 40 21 den
834 514 68 27 öfriga
916 514 111 21 militären.

203 543 27 21 Vi
246 549 24 15 se
286 544 76 26 många
377 543 22 21 af
413 544 26 20 de
454 543 61 21 forna
530 543 137 21 officerarena
684 544 34 20 vid
731 543 51 21 våra
796 545 95 25 trupper,
907 549 52 20 som,
969 545 57 19 ännu

203 572 41 20 den
262 572 41 26 dag
318 578 45 15 som
380 574 27 23 är,
423 572 45 21 icke
483 572 90 21 kommit
587 572 7 21 i
606 572 91 27 jämvikt
715 572 51 20 eller
776 570 40 22 fått
826 578 26 14 en
864 572 164 26 sysselsättning

203 600 7 21 i
226 600 116 26 samhället,
359 607 45 15 som
423 601 81 27 lämpar
520 601 33 26 sig
567 600 33 22 för
615 601 48 21 dem
680 600 50 22 eller
746 602 62 24 utgör
824 600 69 27 någon
910 606 45 15 som
972 600 56 21 hälst

203 629 121 26 ersättning
346 629 32 21 för
401 629 55 21 hvad
479 636 47 14 som
545 630 45 26 gått
604 629 33 21 för
652 630 47 20 dem
716 628 108 22 förloradt.
854 629 49 21 Men
919 635 34 15 om
969 629 59 21 detta

204 657 66 27 gäller
286 657 129 22 beträffande
430 658 137 21 officerarena
581 658 39 21 och
636 664 34 15 om
687 658 21 20 vi
722 657 68 21 likaså
802 657 51 21 söka
864 657 56 27 gifva
931 658 26 20 de
970 657 56 27 olag-

203 686 58 26 ligen
276 686 114 21 afskedade
406 687 170 26 tjänstemännen
593 686 135 27 godtgörelse
744 686 32 21 för
793 686 54 21 hvad
863 686 26 21 de
899 686 93 23 förlorat,
1004 686 24 21 så

204 714 87 21 hvarför
307 714 60 22 skola
382 715 20 21 vi
418 715 44 21 helt
477 715 38 21 och
531 715 65 21 hållet
606 715 69 21 lämna
687 722 25 14 ur
722 715 116 26 räkningen
851 715 62 21 dessa
923 715 104 26 tidnings-

203 744 57 24 män,
276 750 45 14 som
337 743 62 21 hafva
414 744 47 21 lidit
476 750 44 15 mer
536 746 26 18 än
578 744 81 21 kanske
674 744 25 20 de
715 743 75 21 flesta?

273 772 41 26 Jag
328 772 88 27 hoppas,
432 775 32 18 att
478 773 131 26 regeringen.
625 774 38 19 när
679 772 26 21 de
721 775 54 18 mest
791 772 122 21 brännande
928 771 100 27 frågorna

204 799 70 22 blifvit
289 800 97 27 afgjorda
401 801 39 21 och
455 801 60 25 lösta,
532 801 52 21 skall
595 803 48 25 taga
655 800 61 22 äfven
728 801 69 21 denna
808 801 68 21 under
887 800 141 27 ompröfning.

203 828 43 27 Jag
267 828 87 28 hoppas,
369 831 31 19 att
423 830 125 26 regeringen
572 830 27 26 på
621 829 69 27 gifven
707 830 115 26 anledning
838 829 50 21 eller
904 828 61 22 äfven
981 829 47 21 där-

204 856 87 22 förutan
307 858 53 21 skall
376 864 23 15 se
414 858 38 26 till,
462 861 31 18 att
504 858 80 27 jämväl
599 858 28 27 på
641 858 58 21 detta
715 858 87 21 område
818 858 60 21 såren
894 858 64 21 läkas.
987 858 42 27 Jag

204 885 38 21 vill
258 888 56 19 ännu
329 886 115 26 framhålla,
460 889 31 19 att
506 887 36 21 det
555 887 46 21 icke
616 887 55 21 blott
686 889 23 18 är
724 893 26 14 en
767 887 53 26 plikt
834 887 33 20 för
877 886 111 21 samhället
998 889 32 18 att

204 914 75 21 härvid
303 915 59 21 träda
385 915 95 25 emellan,
503 916 35 21 det
561 917 23 19 är
607 915 61 21 äfven
691 922 26 14 en
737 917 48 23 rätt,
802 918 21 24 ty
838 915 63 21 innan
918 915 112 21 samhället

204 943 131 21 åtminstone
355 944 93 26 erbjudit
463 945 32 20 sin
515 944 154 25 mellankomst,
686 945 23 20 så
728 944 41 21 kan
786 944 109 21 samhället
911 943 45 21 icke
972 945 56 25 säga,

204 973 31 19 att
259 971 36 21 det
314 972 109 21 återinfört
438 979 26 14 en
480 973 65 26 laglig
559 973 74 26 regim.
664 973 42 20 Det
720 972 41 21 kan
778 972 46 21 icke
840 972 122 21 därförutan
981 972 48 21 med

204 999 108 27 högburet
326 1000 80 21 hufvud
423 1001 27 26 gå
464 1001 112 21 framtiden
593 1001 106 21 tillmötes.

275 1057 45 21 Hra
335 1057 169 22 Rosendal:
520 1058 52 21 Mitä
587 1058 161 27 lämpimimmin
764 1058 77 27 yhtyen
858 1057 67 22 siihen
941 1057 87 22 lausun-

205 1087 60 22 toon,
278 1086 53 26 jolla
353 1086 39 21 hra
414 1086 147 27 Schybergson
584 1087 68 20 aloitti
675 1089 70 18 tämän
762 1087 169 26 säätyistunnon,
946 1086 83 27 pyydän

204 1114 66 21 saada
285 1115 208 21 kunnioittavimmin
509 1115 104 25 ehdottaa,
629 1117 44 19 että
688 1117 59 24 sääty
762 1115 132 21 nousemalla
909 1115 120 21 seisomaan

204 1142 119 21 ilmoittaisi
344 1143 192 22 kunnioituksensa
557 1144 52 21 niitä
624 1143 218 22 sanomalehtimiehiä
858 1143 97 25 kohtaan,
968 1143 62 27 jotka

204 1171 107 21 vaikeissa
331 1171 79 21 oloissa
432 1172 77 21 kovina
524 1172 84 21 aikoina
623 1172 115 21 taistelivat
754 1172 92 25 vaikeaa,
862 1172 132 21 uhrautuvaa
1006 1172 24 26 ja

204 1199 127 22 urhoollista
346 1200 104 21 taistelua.

275 1257 45 20 Hra
360 1257 136 22 Sundvall:
513 1258 41 21 Det
576 1264 37 14 var
631 1258 48 21 med
695 1264 26 15 en
738 1257 92 22 särskild
846 1257 58 21 stark
918 1257 76 21 känsla
1008 1257 24 21 af

204 1284 105 27 befrielse,
325 1291 45 15 som
386 1286 130 21 ätminstone
529 1286 37 27 jag
581 1286 32 21 för
629 1287 42 20 min
683 1286 34 21 del
727 1288 85 25 mottog
822 1286 125 21 ständernas
959 1285 71 22 beslut

203 1313 7 20 i
233 1313 116 27 anledning
370 1314 23 21 af
411 1315 40 20 den
468 1315 77 26 nädiga
559 1315 140 26 proposition,
717 1315 32 20 uti
764 1314 84 21 hvilken
864 1314 70 27 ingick
950 1314 78 27 grund-

203 1341 180 28 lagsstadganden
400 1343 110 26 angäende
525 1343 72 21 ordets
613 1343 64 21 frihet
691 1343 32 21 för
734 1343 74 26 hvarje
818 1342 55 21 finsk
884 1343 144 26 medborgare,

204 1370 47 21 däri
267 1371 36 20 det
325 1371 68 25 sades,
409 1373 31 19 att
455 1372 63 26 ingen
534 1371 32 21 fär
581 1372 28 26 pä
623 1371 90 22 förhand
729 1373 56 19 sätta
800 1371 74 21 hinder
890 1371 7 20 i
910 1373 68 25 vägen
995 1370 34 21 för

204 1404 26 15 en
247 1398 56 22 finsk
322 1399 140 27 medborgare
483 1402 31 19 att
529 1402 56 25 yttra
600 1400 47 21 sina
661 1400 81 21 tankar.
773 1399 76 22 Denna
864 1399 74 22 känsla
953 1406 37 14 var
1006 1399 24 21 sä

204 1427 66 26 stark,
283 1429 31 19 att
333 1427 38 27 jag
393 1428 54 21 hade
468 1429 56 20 velat
545 1428 84 26 föreslä,
645 1431 31 18 att
698 1429 62 26 lagen
779 1428 69 21 skulle
863 1428 88 27 uppsläs
967 1428 7 21 i
989 1428 41 21 alla

204 1455 103 22 Finlands
322 1456 85 27 kyrkor.
438 1457 46 21 Den
502 1463 36 15 var
553 1457 24 21 sä
593 1457 58 21 stark
667 1457 77 25 därför,
760 1459 31 19 att
807 1463 48 14 man
870 1456 59 21 förut
943 1456 65 21 lefvat
1023 1457 7 20 i

204 1489 26 15 en
255 1484 36 23 tid,
306 1485 68 20 under
398 1485 85 21 hvilken
506 1492 48 14 man
577 1485 52 22 känt
651 1486 33 26 sig
706 1485 107 27 omgifven
829 1485 22 21 af
865 1491 25 15 en
906 1485 34 21 hel
955 1485 38 21 här
1008 1485 24 21 af
