1084 1739
46 104 24 17 12
82 108 20 16 p.
116 103 73 17 kesäk.
293 103 147 17 Laillisuuden
452 103 175 21 palauttaminen.
832 96 43 22 681

48 172 63 27 ryska
134 171 88 27 spräket
244 172 38 20 och
305 172 67 20 likasä
395 174 31 18 att
450 172 223 26 generalguvernören
696 171 41 21 kan
759 177 50 15 vara
824 170 51 28 rysk

50 207 54 15 man.
135 200 112 22 Utskottet
266 200 38 21 har
324 200 47 21 icke
392 200 67 21 häller
482 200 58 27 gjort
555 200 70 26 nägon
641 200 142 26 anmärkning
798 205 35 15 om
849 199 28 21 de

50 229 139 27 stadganden,
206 234 46 15 som
267 228 89 22 hänföra
371 229 33 25 sig
419 228 31 22 till
466 229 64 21 dessa
545 228 188 27 omständigheter,
745 228 70 21 hvilka
825 228 52 26 ingä

49 258 7 21 i
73 259 9 20 1
100 258 75 27 Siden
191 256 161 27 ifrågavarande
368 256 160 28 författningen.
559 257 43 21 Det
617 259 24 19 är
657 257 139 27 stadganden,
805 256 72 22 hvilka

50 287 50 26 ingå
114 287 8 21 i
135 286 26 21 de
177 292 75 14 senare
267 285 156 27 paragraferna,
439 286 71 21 hvilka
532 286 104 26 tilldragit
651 286 33 26 sig
699 285 116 21 utskottets
831 287 45 19 sär-

50 315 70 21 skilda
134 314 194 27 uppmärksamhet.
359 314 49 22 Med
424 314 82 27 hänsyn
522 314 31 21 till
569 314 232 27 stadgandena
721 310 9 36 i
739 314 62 27 dessa
815 320 62 20 para-

52 343 69 27 grafer
137 343 38 21 har
190 342 106 22 utskottet
310 346 72 18 ansett
398 343 32 27 sig
446 343 52 21 böra
512 343 64 21 häfda
594 343 40 21 den
651 342 227 28 rättsuppfattningen,

50 375 32 18 att
104 371 231 27 lagstiftningsmakten
352 372 27 26 på
394 372 58 20 detta
474 372 87 20 område
583 372 46 20 icke
647 372 129 20 tillkommer
791 377 86 15 monar-

51 400 41 22 ken
108 406 80 20 ensam,
204 402 49 19 utan
270 400 38 21 bör
324 400 38 21 ske
377 400 48 21 med
440 400 128 22 ständernas
591 400 134 21 samvärkan.
755 400 38 21 Att
808 400 69 26 lagut-

52 430 80 20 skottet
147 428 38 22 här
200 428 38 22 har
253 428 103 22 företrädt
372 429 40 21 den
428 428 79 28 riktiga
519 428 171 28 uppfattningen,
705 428 62 22 torde
782 428 34 21 väl
831 428 48 21 icke

52 458 22 20 af
88 458 70 26 någon
174 457 106 21 förnekas.

120 486 42 26 Jag
178 486 52 21 skall
246 486 61 21 äfven
325 486 25 21 be
366 488 30 19 att
411 486 21 21 få
447 486 73 21 vidare
535 486 76 21 beröra
633 486 68 27 några
719 485 159 27 omständighe-

52 518 33 18 ter
100 514 7 22 i
122 514 60 27 fråga
197 521 35 15 om
248 514 25 22 de
288 514 92 28 olagliga
394 514 179 28 tjänstemännen.

122 543 150 21 Betecknande
294 543 32 21 för
349 544 41 20 den
412 543 158 27 framställning
593 544 31 21 uti
639 542 240 28 tjänstemannafrågan,

54 578 47 15 som
117 572 67 26 enligt
198 572 104 21 kritikens
314 572 56 21 åsikt
385 574 23 19 är
424 572 41 21 den
482 572 77 27 riktiga
575 572 39 21 och
631 578 46 16 som
699 574 84 20 ensamt
797 572 33 20 för
845 572 35 26 sig

54 603 23 19 är
93 600 68 27 egnad
184 602 32 20 att
238 600 48 22 leda
307 600 31 22 till
354 607 26 15 en
396 600 65 28 riktig
484 600 138 28 uppfattning
635 601 8 21 i
659 600 71 27 saken,
745 602 24 20 är
785 603 30 19 ett
831 600 48 22 full-

53 629 91 27 komligt
165 629 127 21 frånseende
314 629 22 21 af
356 629 39 21 den
419 629 203 27 olaglighetsregim,
638 636 46 14 som
703 630 7 20 i
731 630 72 21 landet
823 629 57 21 varit

54 658 94 21 rådande
164 658 68 21 under
247 658 57 21 tiden
323 658 33 21 för
372 658 26 21 de
413 658 150 27 öfverklagade
585 658 225 22 missförhållandenas
825 664 54 20 upp-

54 686 78 22 komst.
162 686 112 22 Utskottet
296 686 38 22 har
358 686 118 22 emellertid
499 687 67 27 härpå
586 687 45 27 lagt
653 693 26 15 en
704 686 177 28 grundväsentlig

54 715 46 21 vikt
115 715 39 21 och
170 715 28 27 på
208 715 53 21 sidd.
273 715 84 21 11—14
369 715 81 21 lämnat
465 722 26 14 en
507 715 158 27 framställning
680 715 22 21 af
716 715 163 27 hufvuddragen

54 744 23 21 af
90 744 142 21 händelserna
254 744 68 21 under
344 744 162 27 våldsregimen,
522 744 71 21 såvidt
607 744 27 21 de
649 744 48 21 med
713 744 166 27 tjänstemanna-

56 773 179 26 utnämningarna
256 772 62 21 hafva
341 773 109 21 samband.
481 773 128 27 Uppenbart
624 775 29 24 är,
668 775 32 19 att
715 773 164 27 uppfattningen

55 801 23 21 af
90 801 74 26 frågan
181 801 67 21 måste
263 801 65 21 blifva
343 801 51 26 skef,
410 807 34 16 om
461 807 49 16 man
525 802 36 21 vid
576 801 97 22 försöket
687 804 31 19 att
733 803 43 20 rätt
791 801 91 21 bedöma

55 830 125 21 densamma
195 830 86 21 alldeles
297 830 83 21 frånser
396 830 40 21 den
452 829 93 22 faktiska
561 831 75 26 grund,
652 830 79 21 hvarur
749 829 131 22 missförhål-

55 859 91 20 landena
160 859 140 26 uppkommit.
330 859 65 20 Detta
410 859 38 20 har
464 859 119 21 emellertid
599 859 31 21 uti
645 859 41 21 den
699 859 70 25 kritik,
781 865 45 15 som
839 860 43 19 sett

56 887 74 27 dagen,
146 886 99 26 inträffat,
261 887 38 21 och
314 887 79 27 följden
409 889 29 21 är,
454 890 32 18 att
495 887 108 22 åsikterna
615 888 68 21 måste
693 888 116 26 divergera.
830 887 50 21 Man

55 916 39 21 har
109 915 40 22 fått
164 915 44 22 läsa
224 922 25 15 en
266 916 24 21 så
305 916 81 21 menlös
402 916 145 27 uppfattning,
563 923 45 14 som
625 919 15 18 t.
655 923 30 14 ex.
702 919 31 18 att
749 917 26 20 de
790 915 92 28 olagliga

55 945 338 26 tjänstemannautnämningarna
408 945 58 20 skett
481 945 55 21 blott
551 945 49 21 med
616 951 25 15 en
658 945 79 26 oriktig
747 945 136 26 tillämpning

56 973 22 20 af
92 972 259 27 befordringsgrunderna
374 973 38 21 och
435 975 31 19 att
483 973 104 22 utskottet
602 973 76 22 endast
692 973 23 22 af
728 973 66 22 sådan
809 973 72 21 anled-

56 1002 53 26 ning
129 1003 71 20 ansett
222 1002 180 27 utnämningarna
424 1008 52 15 vara
492 1002 97 27 olagliga.
619 1002 33 21 En
675 1002 130 27 granskning
820 1001 23 22 af
856 1001 27 21 de

56 1030 79 21 nämda
150 1030 86 21 sidorna
253 1031 84 20 11—14
351 1031 7 20 i
374 1030 240 21 utskottsbetänkandet
630 1031 53 21 skall
701 1030 84 22 frikalla
800 1030 83 21 utskot-

56 1061 32 19 tet
103 1058 46 21 från
165 1061 31 18 att
212 1061 88 24 antagas
316 1059 52 26 hysa
384 1065 26 14 en
426 1059 67 21 sådan
509 1059 143 27 uppfattning.

126 1087 42 21 För
185 1087 115 21 bevisande
315 1087 23 21 af
351 1088 27 21 de
393 1087 106 27 olagligen
521 1088 113 21 utnämdas
649 1089 44 20 rätt
707 1090 32 19 att
752 1087 22 22 få
789 1087 95 22 bibehål-

56 1115 32 22 las
104 1116 6 21 i
126 1116 93 27 tjänsten
236 1116 62 26 utgår
314 1122 48 15 man
378 1116 102 21 likaledes
491 1116 47 21 från
550 1116 137 27 synpunkter,
699 1123 46 14 som
756 1116 33 21 för
800 1117 83 20 utnäm-

57 1145 115 26 ningarnas
196 1145 104 21 tillkomst
322 1147 36 19 äro
381 1145 139 21 främmande.
549 1145 50 21 Man
623 1145 63 27 utgår
700 1145 47 21 från
763 1147 31 19 ett
809 1144 75 21 erkän-

57 1173 76 26 nande,
148 1176 32 18 att
196 1173 178 27 utnämningarna
389 1173 33 21 väl
439 1173 96 22 vidlådas
551 1173 23 22 af
586 1173 28 21 fel
629 1174 8 21 i
651 1174 95 27 rättsligt
756 1173 128 25 hänseende,

58 1208 48 15 men
131 1202 63 21 dessa
215 1201 28 22 fel
266 1202 138 27 undandraga
420 1202 32 27 sig
467 1202 155 21 allmänhetens
639 1202 137 26 bedömande,
791 1202 27 21 de
833 1203 52 25 göra

57 1230 46 21 icke
124 1231 180 26 utnämningarna
319 1231 6 20 i
341 1231 39 20 och
403 1230 33 21 för
458 1231 35 26 sig
515 1231 94 26 ogiltiga,
625 1231 39 21 och
680 1231 27 21 då
722 1231 40 21 den
782 1230 103 22 utnämda

58 1259 41 20 kan
115 1259 91 26 uppvisa
221 1259 103 26 fullmakt,
340 1265 45 15 som
402 1261 22 19 är
441 1259 99 21 utfärdad
555 1259 23 21 af
589 1259 88 27 behörig
687 1265 84 21 person,
782 1259 25 21 så
816 1259 71 21 måste

58 1287 40 21 den
113 1288 114 21 utnämdas
242 1289 43 20 rätt
300 1287 31 22 till
346 1288 94 26 tjänsten
456 1288 137 27 respekteras
610 1288 39 21 och
665 1288 40 21 alla
721 1288 53 21 hans
785 1287 100 28 åtgärder

58 1322 64 15 anses
138 1316 83 27 lagliga.
251 1316 151 26 Lagutskottet
416 1316 74 21 ställer
506 1317 34 26 sig
555 1323 29 14 nu
601 1317 202 26 grundväsentligen
820 1316 28 27 på
858 1322 27 15 en

58 1344 44 21 helt
125 1351 71 14 annan
219 1344 138 27 uppfattning
376 1345 22 20 af
419 1345 73 21 saken.
522 1345 42 21 För
586 1345 142 27 lagutskottet
749 1347 23 19 är
792 1345 36 21 det
849 1344 36 21 vid

59 1373 143 21 bedömandet
217 1373 23 21 af
254 1373 25 22 de
295 1373 105 27 olagligen
417 1373 114 22 utnämdas
547 1373 102 28 ställning
672 1373 167 26 bestämmande,
854 1375 33 18 att

60 1402 180 26 utnämningarna
262 1402 80 21 skedde
362 1401 34 22 för
418 1402 205 27 statshvälfningens
646 1401 171 28 genomförande.
853 1401 34 21 De

60 1430 102 22 utnämda
177 1431 91 21 insattes
283 1431 7 21 i
306 1431 46 21 sina
372 1430 99 22 ämbeten
493 1431 48 21 med
557 1434 32 18 ett
603 1430 49 22 fullt
667 1431 107 21 medvetet
788 1430 98 22 förtram-

59 1459 70 26 pande
144 1458 23 22 af
181 1459 144 27 grundlagens
341 1459 53 26 bud;
409 1460 48 20 med
474 1460 63 20 deras
548 1460 257 20 insättande
679 1454 12 36 i
700 1460 99 20 ämbetena
815 1458 72 27 afsägs

59 1489 33 19 att
106 1486 76 28 främja
198 1489 56 20 orätt
270 1488 38 20 och
325 1494 69 20 gagna
410 1488 35 21 det
460 1488 93 27 olagliga
575 1488 161 27 styrelsesättet.
767 1488 32 21 De
814 1487 71 21 blefvo
