1086 1739
186 83 46 38 590
458 84 243 37 Eduskunrta-uudistus.
852 95 28 16 28
892 99 19 14 p.
924 94 87 17 toukok.

187 164 43 19 että
253 164 63 20 nämä
337 163 171 22 lakiehdotukset
531 164 96 21 tulisivat
648 164 112 27 hylätyiksi
780 163 130 28 vaalipiirien
925 163 87 28 pienen-

187 191 90 22 tämisen
298 191 106 28 johdosta,
417 192 35 27 jos
468 192 129 27 hallitsijalle
615 192 125 27 lojaalisesti
754 192 139 26 ilmoitetaan,
908 194 43 19 että
966 193 46 20 sää-

187 219 42 28 dyt,
252 220 146 27 säilyttämällä
420 221 292 27 suhteellisuusperiaatteen,
728 223 49 19 ovat
799 221 105 21 lisänneet
918 220 94 27 vaalipii-

187 249 45 20 rien
249 248 70 27 lukua,
330 249 88 21 katsoen
434 249 148 22 olosuhteiden
599 249 70 22 meillä
684 250 97 21 vaativan
798 249 99 22 sellaisen
913 249 99 22 muutok-

187 283 37 15 sen
241 277 125 27 esitykseen.
395 278 39 21 Jos
450 278 100 21 sellainen
568 280 135 25 säätypäätös
719 278 108 21 saataisiin
844 278 79 25 aikaan,
939 277 71 22 luulen

186 305 82 22 kansan
284 306 70 27 paljon
377 307 151 21 suuremmalla
550 307 175 21 luottamuksella
744 309 86 19 ottavan
847 309 87 19 vastaan
950 308 63 19 nämä

187 334 67 21 uudet
269 335 43 20 lait.
341 335 80 21 Luulen
438 335 103 28 myöskin.
557 337 43 20 että
617 342 37 15 sen
670 335 74 22 kautta
760 341 26 15 ne
801 335 114 22 vaikeudet
924 335 23 27 ja
958 334 54 22 selk-

186 362 97 27 kaukset,
296 363 61 27 jotka
376 364 134 27 epäilemättä
526 367 50 18 ovat
596 364 146 21 seurauksena
757 364 92 21 uudesta
864 363 148 22 monimutkai-

187 394 58 19 sesta
261 392 223 27 vaalijärjestelmästä,
496 393 98 26 jossakin
610 393 81 20 määrin
708 393 138 21 vähenisivät.

256 448 46 22 Hra
318 449 157 21 Backman:
492 450 33 20 Dä
537 450 38 26 jag
590 456 28 14 nu
635 450 94 20 anhäller
744 456 34 14 om
796 450 66 23 ordet,
878 451 24 19 är
917 450 35 20 det
966 449 46 21 icke

186 476 32 22 för
234 479 32 19 att
289 478 128 21 underkasta
432 478 36 21 det
483 478 116 21 ständerna
613 478 109 27 förelagda
737 477 138 28 lagförslaget
891 478 68 26 nägon
976 478 36 21 de-

187 506 89 26 taljerad
292 506 69 26 kritik,
373 506 38 27 jag
426 506 126 22 förbehäller
568 507 44 27 mig
627 507 106 27 nämligen
750 512 76 16 senare
838 509 32 19 att
882 506 130 22 äterkomma

186 534 31 22 till
240 534 67 27 nägra
327 535 149 27 detaljförslag,
493 538 50 18 utan
567 537 24 19 är
607 536 36 21 det
664 535 33 21 för
713 538 31 18 att
759 536 6 20 i
781 535 85 21 korthet
890 534 72 22 anföra
985 535 26 21 de

186 563 73 26 motiv,
275 564 27 26 pä
324 564 69 26 grund
416 564 22 21 af
451 564 70 21 hvilka
541 564 38 27 jag
594 570 63 15 anser
680 565 44 26 mig
739 564 57 21 nödd
816 564 39 21 och
871 566 93 24 tvungen
980 566 32 18 att

187 592 89 21 omfatta
298 592 65 22 basen
387 593 30 21 uti
440 593 40 21 den
503 592 121 28 föreslagna
646 593 239 27 landtdagsordningen,
905 592 106 27 nämligen

186 620 233 28 enkammarsystemet.
448 622 42 26 Jag
506 622 36 20 ber
562 622 75 21 härvid
659 622 139 26 uttryckligen
815 624 31 18 att
861 621 20 21 fä
896 621 116 25 tramhälla,

186 652 32 18 att
234 649 36 21 det
292 650 45 20 icke
353 652 22 18 är
398 650 47 21 med
462 650 69 26 nägon
548 650 109 27 synnerlig
673 650 116 21 entusiasm
803 650 39 26 jag
857 650 37 26 gär
909 652 32 19 att
957 649 55 25 gifva

186 678 43 20 min
246 679 47 20 röst
307 678 32 21 för
362 678 57 21 detta
435 678 85 27 förslag.
551 679 41 21 Det
609 681 23 18 är
648 685 87 15 snarare
750 680 100 19 tvärtom.
879 679 41 26 Jag
935 678 77 21 räknar

188 706 43 27 mig
246 706 106 26 nämligen
368 707 32 21 till
416 708 54 24 dem,
486 707 70 21 hvilka
571 710 97 22 anse,att
683 710 31 18 ett
729 707 213 27 tvåkammarsystem
958 707 54 21 hade

187 735 55 21 varit
258 735 40 21 den
314 736 62 20 bästa
395 735 81 22 formen
493 736 33 21 för
541 736 40 21 den
598 742 41 21 nya
654 736 205 26 representationen,
874 736 39 21 och
925 736 25 26 ju
967 742 45 14 mer

184 763 38 27 jag
237 763 84 21 försökt
335 767 31 18 att
382 766 54 19 sätta
452 765 44 26 mig
510 765 21 20 in
547 765 6 20 i
569 764 302 28 representationsformernas
884 764 45 21 icke
940 764 22 21 sä
973 764 39 21 lätt

187 792 56 21 lösta
258 792 103 27 problem,
376 793 61 21 desto
453 792 78 22 fastare
547 793 37 21 har
599 794 44 20 min
659 793 56 21 åsikt
730 792 73 24 blifvit,
812 795 31 19 att
858 793 26 21 de
900 793 60 21 bästa
975 799 36 20 ga-

186 821 108 21 rantierna
316 821 33 21 för
364 828 25 14 en
410 822 66 26 jämn,
493 822 50 26 lugn
567 822 39 21 och
628 822 43 20 fast
694 822 122 26 utveckling
839 822 57 20 säväl
915 822 7 20 i
938 821 74 21 socialt

186 855 46 15 som
256 849 97 27 politiskt
376 850 121 21 hänseende
519 850 54 21 hade
596 856 76 21 genom
690 850 70 21 denna
775 850 235 27 representationsform

187 878 83 20 kunnat
286 878 164 22 åstadkommas.
477 878 45 22 Och
538 886 33 14 om
589 879 58 21 detta
663 886 28 14 nu
707 885 51 15 vore
773 878 65 25 fallet,
853 884 62 15 anser
928 878 44 27 jag,
980 881 31 18 att

186 907 6 19 i
208 912 25 15 en
257 906 92 26 framtid,
364 907 26 21 dä
413 908 47 21 med
476 907 27 21 all
524 907 135 21 sannolikhet
673 914 26 14 en
716 907 203 27 maktförskjutning
934 907 77 21 mellan

186 935 100 26 regering
301 935 39 21 och
355 936 101 26 landtdag
472 936 51 21 efter
540 936 161 27 utvecklingens
716 936 35 26 lag
767 936 68 20 mäste
850 942 40 20 ega
904 931 47 36 rum,
965 936 47 21 det-

187 969 82 15 samma
292 964 47 20 med
362 966 56 19 ännu
442 965 68 20 större
534 964 44 21 skäl
600 964 40 21 kan
662 965 95 20 betonas.
789 964 41 21 För
850 966 32 19 att
897 964 54 21 dock
966 963 46 21 icke

186 991 71 21 alltför
273 992 62 27 djupt
350 992 137 26 missförstäs,
503 993 37 20 ber
552 993 38 26 jag
605 996 32 17 att
651 993 20 21 fä
687 993 117 24 framhälla,
820 995 31 18 att
866 992 36 21 det
918 992 93 21 tyäkam-

186 1023 135 24 marsystem,
344 1027 45 15 som
406 1020 129 22 föresväfvat
557 1022 44 26 mig
622 1027 45 15 som
684 1021 95 26 förebild,
796 1021 37 21 har
849 1021 54 21 varit
918 1021 92 20 hvarken

187 1048 99 26 Sveriges
302 1049 211 27 tvåkammarsystem
530 1050 47 21 med
593 1050 50 21 dess
658 1050 27 27 pä
701 1049 230 28 penningearistokrati
947 1056 64 20 grun-

186 1077 54 21 dade
256 1077 67 21 första
337 1078 114 26 kammare,
468 1079 18 26 ej
503 1079 66 20 häller
585 1079 26 20 de
627 1077 256 28 samhällsförfattningar,
895 1078 36 21 där
944 1078 67 21 första

186 1105 124 22 kammaren
325 1106 68 21 hvilar
408 1107 27 26 pä
451 1107 98 23 bördens,
565 1107 219 26 själfskrifvenhetens
800 1107 51 20 eller
864 1107 35 21 det
909 1107 102 26 kungliga

186 1134 159 27 maktspräkets
368 1135 76 26 grund.
474 1135 42 21 Det
538 1137 23 19 är
577 1135 128 21 Frankrikes
728 1135 39 22 och
790 1136 92 20 Förenta
905 1137 105 19 staternas

185 1162 40 21 fria
241 1163 40 20 och
297 1163 157 21 demokratiska
469 1163 155 28 författningar,
634 1170 45 15 som
697 1164 73 21 därvid
786 1164 57 25 legat
858 1170 46 15 som
915 1163 95 26 förebild,

186 1191 38 20 och
242 1194 46 18 tror
307 1191 44 27 jag,
366 1194 30 19 att
419 1192 101 21 historien
537 1193 55 20 visat
614 1199 45 14 mer
675 1195 26 18 än
725 1199 49 20 nog,
790 1195 31 18 att
836 1193 6 20 i
859 1193 62 20 dessa
944 1195 66 18 stater

185 1219 67 21 första
274 1219 123 22 kammaren
413 1221 6 20 i
435 1221 42 20 lika
498 1221 43 27 hög
556 1221 57 26 grad,
629 1221 32 20 för
676 1224 31 18 att
722 1221 46 21 icke
784 1223 52 24 säga
850 1221 7 20 i
872 1221 57 20 ännu
944 1221 66 26 högre

186 1248 51 26 grad
254 1250 26 19 än
296 1249 67 20 andra
377 1249 122 21 kammaren
515 1250 108 26 uppbäres
637 1249 24 21 af
673 1249 77 22 folkets
767 1249 128 21 förtroende.

255 1277 41 20 Om
316 1277 38 27 jag
376 1277 54 22 dock
444 1278 8 20 i
468 1278 57 21 detta
547 1285 29 14 nu
598 1280 53 19 trots
674 1279 70 20 denna
760 1278 42 21 min
819 1278 55 21 äsikt
889 1284 62 15 anser
967 1277 43 27 mig

185 1307 95 24 tvungen
297 1308 31 18 att
343 1306 49 21 med
407 1307 43 20 min
466 1308 45 19 röst
526 1307 129 20 understöda
665 1307 232 26 enkammarsystemet,
908 1306 49 21 sker
968 1306 42 24 det,

184 1333 74 21 säsom
274 1334 65 21 redan
355 1334 23 21 af
390 1335 67 21 andra
474 1334 131 24 framhällits,
625 1335 28 27 pä
663 1335 70 27 grund
744 1335 24 21 af
775 1335 170 21 förhällandenas
957 1333 52 22 kraf.

185 1361 43 22 Det
244 1364 24 19 är
280 1363 25 26 ju
322 1363 83 24 bekant,
421 1366 32 18 att
468 1363 39 21 den
524 1363 106 21 allmänna
645 1364 115 26 opinionen
777 1364 6 20 i
799 1363 59 21 detta
872 1363 99 21 afseende
986 1365 24 18 är

186 1390 54 27 enig,
257 1393 39 18 och
312 1397 50 15 vore
378 1398 48 15 man
440 1392 25 27 ju
480 1398 45 15 mer
541 1394 26 19 än
583 1392 64 25 blind,
657 1399 34 14 om
709 1399 48 14 man
774 1392 46 21 icke
834 1392 80 26 insäge,
922 1394 36 21 att,
974 1397 34 15 om

184 1418 142 28 landtdagens
349 1420 70 21 beslut
440 1421 46 20 icke
508 1421 67 20 skulle
599 1421 26 26 gä
640 1421 6 20 i
662 1427 82 14 samma
766 1421 95 26 riktning
877 1427 45 14 som
939 1420 70 21 denna

184 1447 101 26 opinions
301 1448 51 26 kraf,
368 1448 61 21 däraf
442 1449 48 21 med
506 1451 79 19 största
600 1449 134 21 sannolikhet
750 1455 44 20 oro,
810 1449 51 26 split
876 1449 39 21 och
925 1448 83 21 förbitt-

184 1476 48 26 ring
247 1476 7 20 i
270 1476 72 21 landet
357 1476 68 22 skulle
442 1478 82 26 uppstä,
540 1477 79 21 hvilket
632 1477 46 27 just
693 1484 29 14 nu
738 1484 52 14 vore
805 1476 32 22 för
852 1477 48 21 värt
915 1476 49 22 land
977 1476 30 21 till
