1084 1739
67 89 26 18 12
105 93 21 16 p.
139 87 73 18 kesäk.
316 87 148 18 Laillisuuden
476 87 175 20 palauttaminen.
855 80 41 21 679

68 156 47 22 skäl
130 156 41 22 kan
191 158 62 26 sägas
272 164 50 14 vara
338 156 139 22 främmande.
507 156 164 28 Lagutskottets
682 156 134 22 betänkande
832 160 63 22 synes

68 186 46 27 mig
136 185 96 21 däremot
254 186 98 26 prägladt
366 185 23 21 af
402 185 139 27 objektivitet,
558 185 79 21 sansad
659 184 40 22 och
721 184 46 22 klar
783 183 112 22 framställ-

68 214 59 27 ning.
158 213 74 22 Säsom
249 214 133 21 sekreterare
397 214 31 21 uti
443 214 143 26 lagutskottet
601 214 41 20 kan
655 213 38 27 jag
702 213 33 21 för
748 213 43 21 min
800 212 96 22 enskilda

69 242 34 22 del
118 242 102 26 försäkra,
236 244 31 20 att
282 242 25 22 de
322 242 132 25 uttalanden,
470 242 71 21 hvilka
555 242 143 27 lagutskottet
708 242 63 26 gjort,
780 240 116 28 ingalunda

68 272 56 20 varit
146 270 142 22 förestafvade
304 271 22 21 af
339 271 71 27 nägon
433 277 47 15 som
503 271 57 21 hälst
575 270 82 22 önskan
673 272 32 20 att
720 270 66 22 skada
801 270 94 26 regerin-

70 306 40 21 gen
134 299 51 21 eller
206 299 99 27 försvaga
327 302 31 19 ett
375 299 133 27 fullföljande
522 299 24 21 af
559 300 50 21 dess
625 298 138 22 sträfvanden
779 300 32 20 att
825 298 70 21 ästad-

68 328 88 21 komma
177 328 78 27 lagliga
276 328 152 25 förhällanden,
450 330 51 19 utan
525 330 92 19 tvärtom
641 328 38 21 har
700 327 105 22 utskottet
820 326 76 22 önskat

68 356 123 22 underlätta
206 357 138 27 regeringens
360 356 94 22 sträfvan
470 356 31 22 till
516 357 65 21 detta.

138 385 42 27 Jag
194 385 38 21 ber
248 385 116 21 emellertid
380 387 31 19 att
425 385 62 21 äfven
502 385 22 21 fä
539 386 76 20 beröra
630 385 67 27 nägra
712 384 59 22 delar
781 383 23 22 af
813 383 82 21 utskot-

69 415 43 19 tets
135 414 139 25 betänkande,
289 420 46 15 som
359 420 63 21 synas
446 414 44 26 mig
504 414 57 21 varit
575 416 80 19 utsatta
670 413 33 21 för
718 419 27 15 en
761 412 54 22 dock
830 412 65 27 något

68 441 34 22 för
124 442 64 27 skarp
210 442 70 22 kritik.
310 442 111 22 Utskottet
443 442 38 22 har
504 442 28 28 pä
554 442 46 22 sida
623 442 26 21 18
665 442 120 25 framhällit,
805 444 31 18 att
851 442 44 20 sär-

69 470 69 22 skilda
153 471 7 21 i
175 471 143 21 betänkandet
333 470 89 22 anförda
436 471 161 27 bestämningar
611 471 7 21 i
634 471 41 21 den
692 477 41 21 nya
747 470 64 27 ryska
821 469 73 27 spräk-

67 498 153 28 förordningen
244 500 101 21 innebära
367 499 112 21 införande
494 500 22 21 af
530 500 64 27 ryska
611 499 88 27 språket
713 499 71 21 såsom
801 498 94 22 officiellt

68 528 66 27 spräk
150 528 35 21 vid
202 528 298 27 generalguvernörskansliet
515 531 56 19 samt
587 528 66 22 delvis
669 528 7 21 i
691 527 204 22 statssekreteriatet

68 556 40 22 och
132 556 68 22 finska
222 557 198 27 passexpeditionen
445 556 110 22 äfvensom
575 557 6 21 i
602 557 83 21 mindre
707 555 129 27 omfattning
858 555 36 21 vid

68 584 186 28 länestyrelserna.
284 586 82 21 Härom
388 586 39 20 har
449 586 93 20 kritiken
555 588 54 24 sagt,
625 587 32 19 att
671 584 184 27 framställningen
871 585 24 19 är

68 614 26 21 så
108 613 92 27 affattad,
216 620 47 15 som
279 620 34 15 om
329 620 77 21 genom
422 614 70 21 denna
507 614 127 26 författning
649 614 64 27 ryska
729 613 86 27 språket
825 612 69 22 skulle

67 642 78 22 införts
160 642 7 21 i
183 643 63 21 dessa
256 643 141 25 ämbetsvärk,
408 643 40 21 och
456 643 70 21 denna
533 642 158 27 framställning
699 642 114 21 betecknas
822 642 72 20 såsom

68 671 74 27 vrång.
172 671 113 22 Utskottet
299 672 43 25 har,
358 673 62 25 säger
437 678 54 19 man,
507 671 105 25 förbisett,
627 674 32 18 att
668 670 64 28 ryska
742 670 86 27 språket
840 670 55 20 varit

68 699 81 21 infördt
164 700 6 20 i
186 700 63 21 dessa
264 700 135 21 ämbetsvärk
414 700 62 21 äfven
492 700 46 21 före
554 700 122 21 manifestet
691 698 22 22 af
727 699 56 21 1900
798 698 39 22 och
852 698 41 21 för-

68 728 119 27 ordningen
210 728 23 22 af
253 728 23 22 år
300 729 54 21 1902
377 728 39 22 och
439 731 32 19 att
493 729 36 21 det
552 734 35 16 ser
610 732 29 22 ut,
657 734 46 16 som
726 728 105 21 utskottet
849 727 46 21 icke

68 756 70 22 skulle
153 756 45 22 haft
214 757 33 27 sig
262 757 58 22 detta
335 757 84 22 bekant.
448 758 42 26 Jag
505 764 63 15 anser
577 757 118 22 emellertid
703 756 117 22 utskottets
830 755 64 22 fram-

67 785 104 28 ställning
194 793 51 14 vara
266 786 48 21 fullt
329 786 67 25 exakt,
412 788 22 25 ty
449 786 47 21 före
511 787 23 20 år
552 786 55 21 1900
625 786 38 21 har
678 786 37 21 det
729 785 63 27 ryska
808 784 86 27 språket

68 813 8 22 i
90 813 196 28 författningsenlig
301 815 92 26 ordning
408 815 45 21 icke
469 815 55 20 varit
539 815 80 21 infördt
635 815 70 20 såsom
722 813 93 22 officiellt
830 813 65 27 språk

69 843 36 21 vid
127 842 65 22 finskt
214 843 141 21 ämbetsvärk.
385 843 65 21 Detta
466 843 64 27 språk
546 843 38 21 har
599 843 34 21 väl
649 843 90 27 tidigare
753 842 91 21 kommit
859 841 34 22 vid

68 871 81 22 sådana
171 872 136 21 ämbetsvärk
322 872 31 21 till
368 872 138 27 användning
522 872 38 21 och
577 872 105 21 utskottet
701 871 38 21 har
754 871 99 26 framlagt
869 870 25 21 de

68 900 189 27 omständigheter,
274 907 46 14 som
336 901 95 26 betingat
446 901 64 25 detta,
527 907 54 18 men,
597 901 71 21 såsom
685 900 79 25 nämdt,
775 899 66 27 några
853 898 41 21 för-

67 928 118 27 fattningar
201 929 63 21 hafva
278 928 46 22 före
339 929 77 21 nämda
432 929 30 21 tid
478 929 18 27 ej
513 931 114 23 emanerat,
639 935 34 15 om
685 928 70 21 hvilka
765 935 49 14 man
823 927 71 22 kunde

68 959 58 25 säga,
142 960 31 18 att
188 957 26 22 de
230 957 77 22 rubbat
322 957 41 22 den
379 957 107 22 allmänna
502 958 149 26 grundsatsen,
662 960 31 18 att
705 957 69 21 finska
783 957 38 21 och
833 962 61 15 sven-

70 985 40 22 ska
132 986 92 27 språken
248 986 82 27 utgjort
350 986 27 21 de
399 986 98 21 officiella
519 986 91 27 språken
632 986 7 21 i
655 986 82 21 landets
759 985 136 26 förvaltning.

68 1014 44 27 Jag
128 1014 37 21 ber
180 1017 32 18 att
228 1015 31 21 till
274 1015 114 27 styrkande
404 1015 22 21 af
440 1015 48 21 mitt
504 1015 38 21 här
553 1014 88 22 anförda
649 1014 116 27 påstående
773 1013 21 22 få
802 1014 93 26 åberopa

71 1043 67 26 några
153 1043 131 25 uttalanden,
300 1043 70 21 hvilka
385 1043 87 27 ingingo
489 1043 31 22 uti
536 1043 40 22 den
592 1043 23 21 af
628 1043 113 27 kejserliga
754 1045 88 19 senaten
854 1042 40 21 den

69 1071 30 22 30
110 1071 49 27 juni
176 1072 55 21 1900
247 1072 31 21 till
293 1072 116 21 monarken
430 1072 92 21 insända
539 1071 126 22 hemställan
681 1071 48 22 med
745 1071 116 26 anledning
875 1070 22 21 af

70 1101 153 20 emanerandet
246 1100 22 21 af
288 1100 187 27 språkmanifestet
497 1100 23 21 af
537 1101 41 20 den
594 1101 29 20 20
634 1101 49 26 juni
699 1100 61 21 1900.
789 1099 60 22 Efter
865 1101 31 19 att

70 1128 63 21 hafva
155 1129 105 26 klargjort
281 1129 100 21 Finlands
400 1129 98 26 rättsliga
513 1129 102 27 ställning
629 1129 7 21 i
650 1129 141 21 förhållandet
806 1128 31 21 till
853 1127 42 28 kej-

70 1157 128 26 saredömet,
214 1159 61 26 säges
291 1158 7 21 i
312 1157 126 22 hemställan
454 1157 52 27 (den
522 1157 38 22 har
575 1157 46 22 icke
641 1158 54 21 varit
710 1157 122 27 publicerad
848 1157 48 20 tidi-

70 1191 57 21 gare,
143 1186 89 21 emedan
256 1187 40 20 den
319 1186 35 21 vid
377 1186 58 21 tiden
454 1185 33 22 för
503 1186 50 21 dess
569 1185 104 22 tillkomst
688 1186 45 21 icke
747 1185 41 22 fick
803 1185 92 27 publice-

70 1215 53 25 ras):
142 1214 82 21 »Häraf
236 1214 61 27 följer
312 1214 108 27 själfklart,
436 1217 32 18 att
489 1215 84 21 landets
596 1214 129 27 förvaltning
740 1215 39 20 bör
794 1213 103 22 handhaf-

70 1249 38 15 vas
132 1243 28 26 på
183 1243 161 27 befolkningens
368 1245 48 25 eget
439 1243 40 21 och
500 1243 47 22 icke
569 1243 29 27 på
620 1245 31 19 ett
671 1243 132 21 främmande
827 1242 70 27 språk.

70 1271 78 21 Denna
164 1272 116 26 grundsats
296 1272 38 21 har
346 1271 80 28 jämväl
441 1271 47 22 icke
503 1272 56 21 blott
573 1271 103 22 alltsedan
702 1272 53 21 1809
772 1271 69 21 blifvit
856 1270 40 21 till-

70 1299 92 28 lämpad,
178 1303 51 18 utan
246 1300 45 26 ock,
307 1301 70 20 såsom
394 1300 103 21 nedanför
513 1300 72 21 vidare
601 1300 141 23 omförmäles,
758 1300 83 27 utgjort
856 1299 40 21 den

70 1328 90 21 ledande
180 1329 79 21 tanken
274 1329 7 21 i
297 1329 25 21 de
340 1328 24 22 af
381 1329 69 21 Eders
466 1329 122 26 Kejserliga
603 1329 111 26 Majestäts
734 1328 55 27 höga
804 1327 92 22 förfäder

71 1356 89 22 träffade
182 1357 140 27 förfoganden
345 1357 110 26 angående
478 1357 27 21 de
528 1357 92 21 svenska
642 1357 39 21 och
700 1357 68 21 finska
783 1356 114 27 språken
885 1352 15 37 i

70 1385 78 21 landet.
179 1385 33 22 De
234 1386 104 27 åtgärder,
362 1392 44 15 som
430 1386 50 21 med
501 1385 101 22 afseende
617 1385 13 22 å
644 1385 140 28 begagnande
802 1385 23 21 af
838 1384 60 28 ryskt

71 1413 65 28 språk
158 1414 7 21 i
188 1414 91 22 Finland
301 1415 107 26 vidtagits,
431 1414 64 22 hafva
517 1414 47 22 icke
585 1414 78 22 rubbat
685 1415 70 21 denna
775 1414 122 26 grundsats,

71 1445 51 19 utan
138 1442 46 22 haft
199 1449 26 15 en
240 1450 71 14 annan
327 1443 99 21 karaktär
441 1442 40 22 och
497 1445 31 19 ett
542 1442 129 28 fullkomligt
686 1445 65 19 annat
766 1442 64 27 syfte;
847 1442 50 21 läm-

71 1471 71 21 nande
158 1471 26 21 de
200 1471 110 21 inhemska
326 1472 103 26 språkens
446 1471 103 27 ställning
563 1472 8 20 i
585 1471 116 21 allmänhet
723 1471 98 25 oberörd,
837 1470 62 22 hafva
