<?xml version="1.0" encoding="UTF-8"?>
<alto xmlns="http://www.loc.gov/standards/alto/ns-v3#" xmlns:xlink="http://www.w3.org/1999/xlink" xmlns:xsi="http://www.w3.org/2001/XMLSchema-instance" xsi:schemaLocation="http://www.loc.gov/standards/alto/ns-v3# http://www.loc.gov/alto/v3/alto-3-0.xsd">
	<Description>
		<MeasurementUnit>pixel</MeasurementUnit>
		<sourceImageInformation>
			<fileName>/tmp/tess_7plj8qzo_input.PNG</fileName>
		</sourceImageInformation>
		<OCRProcessing ID="OCR_0">
			<ocrProcessingStep>
				<processingSoftware>
					<softwareName>tesseract 5.3.4</softwareName>
				</processingSoftware>
			</ocrProcessingStep>
		</OCRProcessing>
	</Description>
	<Layout>
		<Page WIDTH="1086" HEIGHT="1739" PHYSICAL_IMG_NR="0" ID="page_0">
			<PrintSpace HPOS="0" VPOS="0" WIDTH="1086" HEIGHT="1739">
				<ComposedBlock ID="cblock_0" HPOS="59" VPOS="122" WIDTH="830" HEIGHT="33">
					<TextBlock ID="block_0" HPOS="59" VPOS="122" WIDTH="830" HEIGHT="33">
						<TextLine ID="line_0" HPOS="59" VPOS="122" WIDTH="830" HEIGHT="33">
							<String ID="string_0" HPOS="59" VPOS="131" WIDTH="26" HEIGHT="16" WC="0.92" CONTENT="16"/><SP WIDTH="12" VPOS="131" HPOS="85"/>
							<String ID="string_1" HPOS="97" VPOS="134" WIDTH="20" HEIGHT="17" WC="0.88" CONTENT="p."/><SP WIDTH="14" VPOS="134" HPOS="117"/>
							<String ID="string_2" HPOS="131" VPOS="129" WIDTH="85" HEIGHT="17" WC="0.90" CONTENT="heinäk."/><SP WIDTH="161" VPOS="129" HPOS="216"/>
							<String ID="string_3" HPOS="377" VPOS="122" WIDTH="201" HEIGHT="33" WC="0.83" CONTENT="Painovapauslaki."/><SP WIDTH="270" VPOS="122" HPOS="578"/>
							<String ID="string_4" HPOS="848" VPOS="122" WIDTH="41" HEIGHT="22" WC="0.96" CONTENT="849"/>
						</TextLine>
					</TextBlock>
				</ComposedBlock>
				<GraphicalElement ID="cblock_1" HPOS="69" VPOS="153" WIDTH="820" HEIGHT="14"></GraphicalElement >
				<ComposedBlock ID="cblock_2" HPOS="61" VPOS="197" WIDTH="829" HEIGHT="142">
					<TextBlock ID="block_1" HPOS="61" VPOS="197" WIDTH="829" HEIGHT="142">
						<TextLine ID="line_1" HPOS="61" VPOS="197" WIDTH="828" HEIGHT="28">
							<String ID="string_5" HPOS="61" VPOS="198" WIDTH="95" HEIGHT="27" WC="0.92" CONTENT="tydande"/><SP WIDTH="15" VPOS="198" HPOS="156"/>
							<String ID="string_6" HPOS="171" VPOS="198" WIDTH="140" HEIGHT="21" WC="0.96" CONTENT="ekonomiska"/><SP WIDTH="22" VPOS="198" HPOS="311"/>
							<String ID="string_7" HPOS="333" VPOS="197" WIDTH="154" HEIGHT="28" WC="0.96" CONTENT="uppoffringar,"/><SP WIDTH="16" VPOS="197" HPOS="487"/>
							<String ID="string_8" HPOS="503" VPOS="198" WIDTH="38" HEIGHT="21" WC="0.96" CONTENT="ber"/><SP WIDTH="12" VPOS="198" HPOS="541"/>
							<String ID="string_9" HPOS="553" VPOS="198" WIDTH="39" HEIGHT="27" WC="0.93" CONTENT="jag"/><SP WIDTH="14" VPOS="198" HPOS="592"/>
							<String ID="string_10" HPOS="606" VPOS="198" WIDTH="112" HEIGHT="21" WC="0.92" CONTENT="vördsamt"/><SP WIDTH="14" VPOS="198" HPOS="718"/>
							<String ID="string_11" HPOS="732" VPOS="199" WIDTH="31" HEIGHT="20" WC="0.96" CONTENT="att"/><SP WIDTH="11" VPOS="199" HPOS="763"/>
							<String ID="string_12" HPOS="774" VPOS="197" WIDTH="21" HEIGHT="22" WC="0.96" CONTENT="få"/><SP WIDTH="9" VPOS="197" HPOS="795"/>
							<String ID="string_13" HPOS="804" VPOS="197" WIDTH="85" HEIGHT="26" WC="0.96" CONTENT="föreslå,"/>
						</TextLine>
						<TextLine ID="line_2" HPOS="61" VPOS="226" WIDTH="828" HEIGHT="27">
							<String ID="string_14" HPOS="61" VPOS="229" WIDTH="34" HEIGHT="19" WC="0.96" CONTENT="att"/><SP WIDTH="15" VPOS="229" HPOS="95"/>
							<String ID="string_15" HPOS="110" VPOS="227" WIDTH="31" HEIGHT="21" WC="0.96" CONTENT="uti"/><SP WIDTH="16" VPOS="227" HPOS="141"/>
							<String ID="string_16" HPOS="157" VPOS="226" WIDTH="126" HEIGHT="27" WC="0.95" CONTENT="paragrafen"/><SP WIDTH="24" VPOS="226" HPOS="283"/>
							<String ID="string_17" HPOS="307" VPOS="227" WIDTH="65" HEIGHT="21" WC="0.95" CONTENT="måtte"/><SP WIDTH="22" VPOS="227" HPOS="372"/>
							<String ID="string_18" HPOS="394" VPOS="226" WIDTH="80" HEIGHT="22" WC="0.96" CONTENT="införas"/><SP WIDTH="18" VPOS="226" HPOS="474"/>
							<String ID="string_19" HPOS="492" VPOS="233" WIDTH="26" HEIGHT="14" WC="0.93" CONTENT="en"/><SP WIDTH="17" VPOS="233" HPOS="518"/>
							<String ID="string_20" HPOS="535" VPOS="226" WIDTH="259" HEIGHT="27" WC="0.89" CONTENT="undantagsbestämning"/><SP WIDTH="15" VPOS="226" HPOS="794"/>
							<String ID="string_21" HPOS="809" VPOS="226" WIDTH="80" HEIGHT="25" WC="0.94" CONTENT="därom,"/>
						</TextLine>
						<TextLine ID="line_3" HPOS="62" VPOS="250" WIDTH="828" HEIGHT="32">
							<String ID="string_22" HPOS="62" VPOS="257" WIDTH="33" HEIGHT="20" WC="0.93" CONTENT="att"/><SP WIDTH="14" VPOS="257" HPOS="95"/>
							<String ID="string_23" HPOS="109" VPOS="255" WIDTH="175" HEIGHT="22" WC="0.92" CONTENT="häradsrätterna"/><SP WIDTH="15" VPOS="255" HPOS="284"/>
							<String ID="string_24" HPOS="299" VPOS="255" WIDTH="6" HEIGHT="21" WC="0.97" CONTENT="i"/><SP WIDTH="16" VPOS="255" HPOS="305"/>
							<String ID="string_25" HPOS="321" VPOS="250" WIDTH="81" HEIGHT="27" WC="0.96" CONTENT="Ålands"/><SP WIDTH="14" VPOS="250" HPOS="402"/>
							<String ID="string_26" HPOS="416" VPOS="255" WIDTH="107" HEIGHT="27" WC="0.96" CONTENT="domsaga,"/><SP WIDTH="11" VPOS="255" HPOS="523"/>
							<String ID="string_27" HPOS="534" VPOS="255" WIDTH="54" HEIGHT="21" WC="0.96" CONTENT="intill"/><SP WIDTH="13" VPOS="255" HPOS="588"/>
							<String ID="string_28" HPOS="601" VPOS="255" WIDTH="50" HEIGHT="21" WC="0.93" CONTENT="dess"/><SP WIDTH="10" VPOS="255" HPOS="651"/>
							<String ID="string_29" HPOS="661" VPOS="254" WIDTH="174" HEIGHT="22" WC="0.92" CONTENT="rådstufvurätt"/><SP WIDTH="-3" VPOS="254" HPOS="835"/>
							<String ID="string_30" HPOS="832" VPOS="250" WIDTH="12" HEIGHT="36" WC="0.93" CONTENT="i"/><SP WIDTH="2" VPOS="250" HPOS="844"/>
							<String ID="string_31" HPOS="846" VPOS="255" WIDTH="44" HEIGHT="20" WC="0.93" CONTENT="Ma-"/>
						</TextLine>
						<TextLine ID="line_4" HPOS="62" VPOS="283" WIDTH="827" HEIGHT="28">
							<String ID="string_32" HPOS="62" VPOS="284" WIDTH="96" HEIGHT="21" WC="0.91" CONTENT="riehamn"/><SP WIDTH="23" VPOS="284" HPOS="158"/>
							<String ID="string_33" HPOS="181" VPOS="284" WIDTH="97" HEIGHT="25" WC="0.96" CONTENT="inrättas,"/><SP WIDTH="22" VPOS="284" HPOS="278"/>
							<String ID="string_34" HPOS="300" VPOS="283" WIDTH="57" HEIGHT="28" WC="0.93" CONTENT="finge"/><SP WIDTH="23" VPOS="283" HPOS="357"/>
							<String ID="string_35" HPOS="380" VPOS="286" WIDTH="96" HEIGHT="25" WC="0.92" CONTENT="upptaga"/><SP WIDTH="14" VPOS="286" HPOS="476"/>
							<String ID="string_36" HPOS="490" VPOS="283" WIDTH="184" HEIGHT="28" WC="0.91" CONTENT="tryckfrihetsmål,"/><SP WIDTH="19" VPOS="283" HPOS="674"/>
							<String ID="string_37" HPOS="693" VPOS="283" WIDTH="39" HEIGHT="21" WC="0.96" CONTENT="och"/><SP WIDTH="15" VPOS="283" HPOS="732"/>
							<String ID="string_38" HPOS="747" VPOS="283" WIDTH="38" HEIGHT="21" WC="0.96" CONTENT="ber"/><SP WIDTH="14" VPOS="283" HPOS="785"/>
							<String ID="string_39" HPOS="799" VPOS="283" WIDTH="43" HEIGHT="27" WC="0.96" CONTENT="jag,"/><SP WIDTH="16" VPOS="283" HPOS="842"/>
							<String ID="string_40" HPOS="858" VPOS="285" WIDTH="31" HEIGHT="19" WC="0.96" CONTENT="att"/>
						</TextLine>
						<TextLine ID="line_5" HPOS="63" VPOS="311" WIDTH="764" HEIGHT="28">
							<String ID="string_41" HPOS="63" VPOS="312" WIDTH="145" HEIGHT="22" WC="0.96" CONTENT="betänkandet"/><SP WIDTH="15" VPOS="312" HPOS="208"/>
							<String ID="string_42" HPOS="223" VPOS="312" WIDTH="6" HEIGHT="21" WC="0.93" CONTENT="i"/><SP WIDTH="16" VPOS="312" HPOS="229"/>
							<String ID="string_43" HPOS="245" VPOS="313" WIDTH="75" HEIGHT="26" WC="0.92" CONTENT="antydt"/><SP WIDTH="14" VPOS="313" HPOS="320"/>
							<String ID="string_44" HPOS="334" VPOS="311" WIDTH="100" HEIGHT="22" WC="0.93" CONTENT="afseende"/><SP WIDTH="16" VPOS="311" HPOS="434"/>
							<String ID="string_45" HPOS="450" VPOS="313" WIDTH="168" HEIGHT="20" WC="0.91" CONTENT="återremitteras"/><SP WIDTH="15" VPOS="313" HPOS="618"/>
							<String ID="string_46" HPOS="633" VPOS="312" WIDTH="31" HEIGHT="21" WC="0.95" CONTENT="till"/><SP WIDTH="16" VPOS="312" HPOS="664"/>
							<String ID="string_47" HPOS="680" VPOS="311" WIDTH="147" HEIGHT="28" WC="0.96" CONTENT="lagutskottet."/>
						</TextLine>
					</TextBlock>
				</ComposedBlock>
				<ComposedBlock ID="cblock_3" HPOS="63" VPOS="369" WIDTH="830" HEIGHT="341">
					<TextBlock ID="block_2" HPOS="63" VPOS="369" WIDTH="830" HEIGHT="341">
						<TextLine ID="line_6" HPOS="135" VPOS="369" WIDTH="755" HEIGHT="26">
							<String ID="string_48" HPOS="135" VPOS="369" WIDTH="47" HEIGHT="21" WC="0.89" CONTENT="Hra"/><SP WIDTH="39" VPOS="369" HPOS="182"/>
							<String ID="string_49" HPOS="221" VPOS="369" WIDTH="170" HEIGHT="21" WC="0.95" CONTENT="Söderholm:"/><SP WIDTH="16" VPOS="369" HPOS="391"/>
							<String ID="string_50" HPOS="407" VPOS="369" WIDTH="47" HEIGHT="22" WC="0.96" CONTENT="Mot"/><SP WIDTH="22" VPOS="369" HPOS="454"/>
							<String ID="string_51" HPOS="476" VPOS="376" WIDTH="26" HEIGHT="15" WC="0.96" CONTENT="en"/><SP WIDTH="16" VPOS="376" HPOS="502"/>
							<String ID="string_52" HPOS="518" VPOS="369" WIDTH="65" HEIGHT="22" WC="0.96" CONTENT="sådan"/><SP WIDTH="17" VPOS="369" HPOS="583"/>
							<String ID="string_53" HPOS="600" VPOS="369" WIDTH="141" HEIGHT="26" WC="0.96" CONTENT="bestämning,"/><SP WIDTH="16" VPOS="369" HPOS="741"/>
							<String ID="string_54" HPOS="757" VPOS="371" WIDTH="31" HEIGHT="19" WC="0.92" CONTENT="att"/><SP WIDTH="15" VPOS="371" HPOS="788"/>
							<String ID="string_55" HPOS="803" VPOS="369" WIDTH="87" HEIGHT="21" WC="0.91" CONTENT="härads-"/>
						</TextLine>
						<TextLine ID="line_7" HPOS="64" VPOS="397" WIDTH="827" HEIGHT="28">
							<String ID="string_56" HPOS="64" VPOS="400" WIDTH="97" HEIGHT="19" WC="0.95" CONTENT="rätterna"/><SP WIDTH="15" VPOS="400" HPOS="161"/>
							<String ID="string_57" HPOS="176" VPOS="397" WIDTH="72" HEIGHT="22" WC="0.96" CONTENT="kunde"/><SP WIDTH="15" VPOS="397" HPOS="248"/>
							<String ID="string_58" HPOS="263" VPOS="404" WIDTH="50" HEIGHT="15" WC="0.96" CONTENT="vara"/><SP WIDTH="14" VPOS="404" HPOS="313"/>
							<String ID="string_59" HPOS="327" VPOS="397" WIDTH="70" HEIGHT="22" WC="0.95" CONTENT="forum"/><SP WIDTH="16" VPOS="397" HPOS="397"/>
							<String ID="string_60" HPOS="413" VPOS="398" WIDTH="7" HEIGHT="21" WC="0.93" CONTENT="i"/><SP WIDTH="15" VPOS="398" HPOS="420"/>
							<String ID="string_61" HPOS="435" VPOS="397" WIDTH="185" HEIGHT="28" WC="0.91" CONTENT="tryckfrihetsmål,"/><SP WIDTH="16" VPOS="397" HPOS="620"/>
							<String ID="string_62" HPOS="636" VPOS="404" WIDTH="58" HEIGHT="15" WC="0.96" CONTENT="reser"/><SP WIDTH="17" VPOS="404" HPOS="694"/>
							<String ID="string_63" HPOS="711" VPOS="399" WIDTH="32" HEIGHT="25" WC="0.96" CONTENT="sig"/><SP WIDTH="15" VPOS="399" HPOS="743"/>
							<String ID="string_64" HPOS="758" VPOS="398" WIDTH="5" HEIGHT="21" WC="0.96" CONTENT="i"/><SP WIDTH="12" VPOS="398" HPOS="763"/>
							<String ID="string_65" HPOS="775" VPOS="397" WIDTH="116" HEIGHT="22" WC="0.96" CONTENT="allmänhet"/>
						</TextLine>
						<TextLine ID="line_8" HPOS="64" VPOS="426" WIDTH="826" HEIGHT="26">
							<String ID="string_66" HPOS="64" VPOS="426" WIDTH="38" HEIGHT="21" WC="0.96" CONTENT="det"/><SP WIDTH="20" VPOS="426" HPOS="102"/>
							<String ID="string_67" HPOS="122" VPOS="426" WIDTH="90" HEIGHT="25" WC="0.96" CONTENT="hindret,"/><SP WIDTH="16" VPOS="426" HPOS="212"/>
							<String ID="string_68" HPOS="228" VPOS="428" WIDTH="31" HEIGHT="19" WC="0.96" CONTENT="att"/><SP WIDTH="16" VPOS="428" HPOS="259"/>
							<String ID="string_69" HPOS="275" VPOS="427" WIDTH="25" HEIGHT="20" WC="0.96" CONTENT="de"/><SP WIDTH="16" VPOS="427" HPOS="300"/>
							<String ID="string_70" HPOS="316" VPOS="427" WIDTH="158" HEIGHT="20" WC="0.95" CONTENT="sammanträda"/><SP WIDTH="15" VPOS="427" HPOS="474"/>
							<String ID="string_71" HPOS="489" VPOS="427" WIDTH="24" HEIGHT="21" WC="0.96" CONTENT="så"/><SP WIDTH="15" VPOS="427" HPOS="513"/>
							<String ID="string_72" HPOS="528" VPOS="427" WIDTH="72" HEIGHT="25" WC="0.96" CONTENT="sällan,"/><SP WIDTH="16" VPOS="427" HPOS="600"/>
							<String ID="string_73" HPOS="616" VPOS="428" WIDTH="32" HEIGHT="19" WC="0.96" CONTENT="att"/><SP WIDTH="15" VPOS="428" HPOS="648"/>
							<String ID="string_74" HPOS="663" VPOS="426" WIDTH="72" HEIGHT="21" WC="0.96" CONTENT="därför"/><SP WIDTH="11" VPOS="426" HPOS="735"/>
							<String ID="string_75" HPOS="746" VPOS="427" WIDTH="77" HEIGHT="20" WC="0.93" CONTENT="urtima"/><SP WIDTH="12" VPOS="427" HPOS="823"/>
							<String ID="string_76" HPOS="835" VPOS="432" WIDTH="55" HEIGHT="14" WC="0.92" CONTENT="sam-"/>
						</TextLine>
						<TextLine ID="line_9" HPOS="66" VPOS="454" WIDTH="827" HEIGHT="28">
							<String ID="string_77" HPOS="66" VPOS="454" WIDTH="125" HEIGHT="22" WC="0.92" CONTENT="manträden"/><SP WIDTH="17" VPOS="454" HPOS="191"/>
							<String ID="string_78" HPOS="208" VPOS="454" WIDTH="23" HEIGHT="21" WC="0.96" CONTENT="af"/><SP WIDTH="14" VPOS="454" HPOS="231"/>
							<String ID="string_79" HPOS="245" VPOS="454" WIDTH="148" HEIGHT="22" WC="0.96" CONTENT="häradsrätten"/><SP WIDTH="24" VPOS="454" HPOS="393"/>
							<String ID="string_80" HPOS="417" VPOS="455" WIDTH="69" HEIGHT="21" WC="0.95" CONTENT="skulle"/><SP WIDTH="22" VPOS="455" HPOS="486"/>
							<String ID="string_81" HPOS="508" VPOS="454" WIDTH="44" HEIGHT="22" WC="0.96" CONTENT="ofta"/><SP WIDTH="15" VPOS="454" HPOS="552"/>
							<String ID="string_82" HPOS="567" VPOS="454" WIDTH="95" HEIGHT="28" WC="0.96" CONTENT="påkallas"/><SP WIDTH="15" VPOS="454" HPOS="662"/>
							<String ID="string_83" HPOS="677" VPOS="454" WIDTH="33" HEIGHT="22" WC="0.96" CONTENT="för"/><SP WIDTH="15" VPOS="454" HPOS="710"/>
							<String ID="string_84" HPOS="725" VPOS="454" WIDTH="131" HEIGHT="27" WC="0.96" CONTENT="behandling"/><SP WIDTH="15" VPOS="454" HPOS="856"/>
							<String ID="string_85" HPOS="871" VPOS="454" WIDTH="22" HEIGHT="21" WC="0.96" CONTENT="af"/>
						</TextLine>
						<TextLine ID="line_10" HPOS="64" VPOS="482" WIDTH="827" HEIGHT="28">
							<String ID="string_86" HPOS="64" VPOS="483" WIDTH="49" HEIGHT="26" WC="0.96" CONTENT="mål,"/><SP WIDTH="23" VPOS="483" HPOS="113"/>
							<String ID="string_87" HPOS="136" VPOS="489" WIDTH="46" HEIGHT="15" WC="0.96" CONTENT="som"/><SP WIDTH="24" VPOS="489" HPOS="182"/>
							<String ID="string_88" HPOS="206" VPOS="483" WIDTH="55" HEIGHT="21" WC="0.96" CONTENT="ändå"/><SP WIDTH="29" VPOS="483" HPOS="261"/>
							<String ID="string_89" HPOS="290" VPOS="483" WIDTH="72" HEIGHT="21" WC="0.96" CONTENT="kunna"/><SP WIDTH="29" VPOS="483" HPOS="362"/>
							<String ID="string_90" HPOS="391" VPOS="490" WIDTH="51" HEIGHT="14" WC="0.96" CONTENT="vara"/><SP WIDTH="31" VPOS="490" HPOS="442"/>
							<String ID="string_91" HPOS="473" VPOS="484" WIDTH="80" HEIGHT="26" WC="0.95" CONTENT="ganska"/><SP WIDTH="28" VPOS="484" HPOS="553"/>
							<String ID="string_92" HPOS="581" VPOS="483" WIDTH="127" HEIGHT="27" WC="0.95" CONTENT="obetydliga,"/><SP WIDTH="23" VPOS="483" HPOS="708"/>
							<String ID="string_93" HPOS="731" VPOS="482" WIDTH="110" HEIGHT="22" WC="0.96" CONTENT="äfvensom"/><SP WIDTH="18" VPOS="482" HPOS="841"/>
							<String ID="string_94" HPOS="859" VPOS="482" WIDTH="32" HEIGHT="22" WC="0.96" CONTENT="för"/>
						</TextLine>
						<TextLine ID="line_11" HPOS="64" VPOS="512" WIDTH="828" HEIGHT="27">
							<String ID="string_95" HPOS="64" VPOS="512" WIDTH="215" HEIGHT="25" WC="0.91" CONTENT="kvarstadsärenden,"/><SP WIDTH="23" VPOS="512" HPOS="279"/>
							<String ID="string_96" HPOS="302" VPOS="518" WIDTH="47" HEIGHT="15" WC="0.96" CONTENT="som"/><SP WIDTH="23" VPOS="518" HPOS="349"/>
							<String ID="string_97" HPOS="372" VPOS="512" WIDTH="67" HEIGHT="21" WC="0.93" CONTENT="måste"/><SP WIDTH="22" VPOS="512" HPOS="439"/>
							<String ID="string_98" HPOS="461" VPOS="512" WIDTH="85" HEIGHT="27" WC="0.91" CONTENT="afgöras"/><SP WIDTH="21" VPOS="512" HPOS="546"/>
							<String ID="string_99" HPOS="567" VPOS="512" WIDTH="131" HEIGHT="27" WC="0.94" CONTENT="skyndsamt."/><SP WIDTH="29" VPOS="512" HPOS="698"/>
							<String ID="string_100" HPOS="727" VPOS="512" WIDTH="42" HEIGHT="26" WC="0.96" CONTENT="Jag"/><SP WIDTH="16" VPOS="512" HPOS="769"/>
							<String ID="string_101" HPOS="785" VPOS="514" WIDTH="45" HEIGHT="18" WC="0.93" CONTENT="tror"/><SP WIDTH="16" VPOS="514" HPOS="830"/>
							<String ID="string_102" HPOS="846" VPOS="512" WIDTH="46" HEIGHT="20" WC="0.90" CONTENT="där-"/>
						</TextLine>
						<TextLine ID="line_12" HPOS="63" VPOS="534" WIDTH="829" HEIGHT="33">
							<String ID="string_103" HPOS="63" VPOS="540" WIDTH="40" HEIGHT="26" WC="0.96" CONTENT="för,"/><SP WIDTH="16" VPOS="540" HPOS="103"/>
							<String ID="string_104" HPOS="119" VPOS="542" WIDTH="31" HEIGHT="19" WC="0.96" CONTENT="att"/><SP WIDTH="15" VPOS="542" HPOS="150"/>
							<String ID="string_105" HPOS="165" VPOS="540" WIDTH="33" HEIGHT="20" WC="0.96" CONTENT="för"/><SP WIDTH="11" VPOS="540" HPOS="198"/>
							<String ID="string_106" HPOS="209" VPOS="534" WIDTH="82" HEIGHT="27" WC="0.96" CONTENT="Ålands"/><SP WIDTH="15" VPOS="534" HPOS="291"/>
							<String ID="string_107" HPOS="306" VPOS="540" WIDTH="164" HEIGHT="21" WC="0.95" CONTENT="vidkommande"/><SP WIDTH="18" VPOS="540" HPOS="470"/>
							<String ID="string_108" HPOS="488" VPOS="547" WIDTH="48" HEIGHT="15" WC="0.96" CONTENT="man"/><SP WIDTH="15" VPOS="547" HPOS="536"/>
							<String ID="string_109" HPOS="551" VPOS="541" WIDTH="83" HEIGHT="26" WC="0.96" CONTENT="knappt"/><SP WIDTH="16" VPOS="541" HPOS="634"/>
							<String ID="string_110" HPOS="650" VPOS="540" WIDTH="68" HEIGHT="21" WC="0.93" CONTENT="skulle"/><SP WIDTH="15" VPOS="540" HPOS="718"/>
							<String ID="string_111" HPOS="733" VPOS="540" WIDTH="92" HEIGHT="21" WC="0.92" CONTENT="behöfva"/><SP WIDTH="15" VPOS="540" HPOS="825"/>
							<String ID="string_112" HPOS="840" VPOS="541" WIDTH="52" HEIGHT="25" WC="0.96" CONTENT="göra"/>
						</TextLine>
						<TextLine ID="line_13" HPOS="64" VPOS="568" WIDTH="828" HEIGHT="27">
							<String ID="string_113" HPOS="64" VPOS="569" WIDTH="113" HEIGHT="26" WC="0.96" CONTENT="undantag"/><SP WIDTH="17" VPOS="569" HPOS="177"/>
							<String ID="string_114" HPOS="194" VPOS="569" WIDTH="7" HEIGHT="20" WC="0.96" CONTENT="i"/><SP WIDTH="20" VPOS="569" HPOS="201"/>
							<String ID="string_115" HPOS="221" VPOS="569" WIDTH="58" HEIGHT="21" WC="0.96" CONTENT="detta"/><SP WIDTH="22" VPOS="569" HPOS="279"/>
							<String ID="string_116" HPOS="301" VPOS="568" WIDTH="106" HEIGHT="22" WC="0.93" CONTENT="afseende."/><SP WIDTH="30" VPOS="568" HPOS="407"/>
							<String ID="string_117" HPOS="437" VPOS="569" WIDTH="109" HEIGHT="21" WC="0.92" CONTENT="Växelmål"/><SP WIDTH="23" VPOS="569" HPOS="546"/>
							<String ID="string_118" HPOS="569" VPOS="569" WIDTH="61" HEIGHT="21" WC="0.96" CONTENT="skola"/><SP WIDTH="22" VPOS="569" HPOS="630"/>
							<String ID="string_119" HPOS="652" VPOS="569" WIDTH="65" HEIGHT="21" WC="0.96" CONTENT="också"/><SP WIDTH="15" VPOS="569" HPOS="717"/>
							<String ID="string_120" HPOS="732" VPOS="569" WIDTH="116" HEIGHT="21" WC="0.96" CONTENT="behandlas"/><SP WIDTH="17" VPOS="569" HPOS="848"/>
							<String ID="string_121" HPOS="865" VPOS="568" WIDTH="27" HEIGHT="27" WC="0.96" CONTENT="på"/>
						</TextLine>
						<TextLine ID="line_14" HPOS="65" VPOS="597" WIDTH="826" HEIGHT="22">
							<String ID="string_122" HPOS="65" VPOS="604" WIDTH="82" HEIGHT="14" WC="0.95" CONTENT="samma"/><SP WIDTH="24" VPOS="604" HPOS="147"/>
							<String ID="string_123" HPOS="171" VPOS="599" WIDTH="42" HEIGHT="19" WC="0.96" CONTENT="sätt"/><SP WIDTH="21" VPOS="599" HPOS="213"/>
							<String ID="string_124" HPOS="234" VPOS="598" WIDTH="35" HEIGHT="20" WC="0.93" CONTENT="vid"/><SP WIDTH="22" VPOS="598" HPOS="269"/>
							<String ID="string_125" HPOS="291" VPOS="597" WIDTH="155" HEIGHT="22" WC="0.91" CONTENT="rådstufvurätt"/><SP WIDTH="21" VPOS="597" HPOS="446"/>
							<String ID="string_126" HPOS="467" VPOS="598" WIDTH="39" HEIGHT="21" WC="0.96" CONTENT="och"/><SP WIDTH="23" VPOS="598" HPOS="506"/>
							<String ID="string_127" HPOS="529" VPOS="598" WIDTH="62" HEIGHT="21" WC="0.95" CONTENT="torde"/><SP WIDTH="23" VPOS="598" HPOS="591"/>
							<String ID="string_128" HPOS="614" VPOS="598" WIDTH="54" HEIGHT="21" WC="0.96" CONTENT="dock"/><SP WIDTH="15" VPOS="598" HPOS="668"/>
							<String ID="string_129" HPOS="683" VPOS="604" WIDTH="51" HEIGHT="15" WC="0.93" CONTENT="vara"/><SP WIDTH="15" VPOS="604" HPOS="734"/>
							<String ID="string_130" HPOS="749" VPOS="597" WIDTH="100" HEIGHT="22" WC="0.91" CONTENT="talrikare"/><SP WIDTH="16" VPOS="597" HPOS="849"/>
							<String ID="string_131" HPOS="865" VPOS="598" WIDTH="26" HEIGHT="20" WC="0.96" CONTENT="än"/>
						</TextLine>
						<TextLine ID="line_15" HPOS="65" VPOS="625" WIDTH="827" HEIGHT="27">
							<String ID="string_132" HPOS="65" VPOS="625" WIDTH="214" HEIGHT="27" WC="0.91" CONTENT="tryckfrihetsmålen."/><SP WIDTH="28" VPOS="625" HPOS="279"/>
							<String ID="string_133" HPOS="307" VPOS="626" WIDTH="42" HEIGHT="26" WC="0.96" CONTENT="Jag"/><SP WIDTH="22" VPOS="626" HPOS="349"/>
							<String ID="string_134" HPOS="371" VPOS="628" WIDTH="23" HEIGHT="19" WC="0.96" CONTENT="är"/><SP WIDTH="23" VPOS="628" HPOS="394"/>
							<String ID="string_135" HPOS="417" VPOS="626" WIDTH="35" HEIGHT="21" WC="0.96" CONTENT="vid"/><SP WIDTH="18" VPOS="626" HPOS="452"/>
							<String ID="string_136" HPOS="470" VPOS="626" WIDTH="76" HEIGHT="22" WC="0.96" CONTENT="sådant"/><SP WIDTH="14" VPOS="626" HPOS="546"/>
							<String ID="string_137" HPOS="560" VPOS="626" WIDTH="132" HEIGHT="21" WC="0.96" CONTENT="förhållande"/><SP WIDTH="16" VPOS="626" HPOS="692"/>
							<String ID="string_138" HPOS="708" VPOS="626" WIDTH="103" HEIGHT="26" WC="0.93" CONTENT="tveksam,"/><SP WIDTH="15" VPOS="626" HPOS="811"/>
							<String ID="string_139" HPOS="826" VPOS="626" WIDTH="66" HEIGHT="21" WC="0.92" CONTENT="huru-"/>
						</TextLine>
						<TextLine ID="line_16" HPOS="66" VPOS="654" WIDTH="826" HEIGHT="28">
							<String ID="string_140" HPOS="66" VPOS="654" WIDTH="49" HEIGHT="22" WC="0.96" CONTENT="vida"/><SP WIDTH="16" VPOS="654" HPOS="115"/>
							<String ID="string_141" HPOS="131" VPOS="654" WIDTH="45" HEIGHT="21" WC="0.96" CONTENT="skäl"/><SP WIDTH="16" VPOS="654" HPOS="176"/>
							<String ID="string_142" HPOS="192" VPOS="654" WIDTH="69" HEIGHT="22" WC="0.96" CONTENT="finnas"/><SP WIDTH="15" VPOS="654" HPOS="261"/>
							<String ID="string_143" HPOS="276" VPOS="656" WIDTH="31" HEIGHT="20" WC="0.95" CONTENT="att"/><SP WIDTH="16" VPOS="656" HPOS="307"/>
							<String ID="string_144" HPOS="323" VPOS="656" WIDTH="51" HEIGHT="25" WC="0.96" CONTENT="göra"/><SP WIDTH="15" VPOS="656" HPOS="374"/>
							<String ID="string_145" HPOS="389" VPOS="655" WIDTH="36" HEIGHT="21" WC="0.96" CONTENT="det"/><SP WIDTH="17" VPOS="655" HPOS="425"/>
							<String ID="string_146" HPOS="442" VPOS="654" WIDTH="24" HEIGHT="22" WC="0.96" CONTENT="af"/><SP WIDTH="13" VPOS="654" HPOS="466"/>
							<String ID="string_147" HPOS="479" VPOS="655" WIDTH="25" HEIGHT="21" WC="0.96" CONTENT="hr"/><SP WIDTH="14" VPOS="655" HPOS="504"/>
							<String ID="string_148" HPOS="518" VPOS="655" WIDTH="95" HEIGHT="22" WC="0.96" CONTENT="Jansson"/><SP WIDTH="15" VPOS="655" HPOS="613"/>
							<String ID="string_149" HPOS="628" VPOS="654" WIDTH="111" HEIGHT="28" WC="0.96" CONTENT="påkallade"/><SP WIDTH="14" VPOS="654" HPOS="739"/>
							<String ID="string_150" HPOS="753" VPOS="655" WIDTH="98" HEIGHT="27" WC="0.96" CONTENT="tillägget"/><SP WIDTH="9" VPOS="655" HPOS="851"/>
							<String ID="string_151" HPOS="860" VPOS="654" WIDTH="32" HEIGHT="21" WC="0.96" CONTENT="till"/>
						</TextLine>
						<TextLine ID="line_17" HPOS="64" VPOS="682" WIDTH="111" HEIGHT="28">
							<String ID="string_152" HPOS="64" VPOS="682" WIDTH="111" HEIGHT="28" WC="0.96" CONTENT="förslaget."/>
						</TextLine>
					</TextBlock>
				</ComposedBlock>
				<ComposedBlock ID="cblock_4" HPOS="66" VPOS="734" WIDTH="827" HEIGHT="114">
					<TextBlock ID="block_3" HPOS="66" VPOS="734" WIDTH="827" HEIGHT="114">
						<TextLine ID="line_18" HPOS="136" VPOS="734" WIDTH="757" HEIGHT="22">
							<String ID="string_153" HPOS="136" VPOS="735" WIDTH="46" HEIGHT="21" WC="0.90" CONTENT="Hra"/><SP WIDTH="41" VPOS="735" HPOS="182"/>
							<String ID="string_154" HPOS="223" VPOS="735" WIDTH="132" HEIGHT="21" WC="0.91" CONTENT="Lundson:"/><SP WIDTH="15" VPOS="735" HPOS="355"/>
							<String ID="string_155" HPOS="370" VPOS="735" WIDTH="54" HEIGHT="21" WC="0.90" CONTENT="Mitä"/><SP WIDTH="14" VPOS="735" HPOS="424"/>
							<String ID="string_156" HPOS="438" VPOS="734" WIDTH="39" HEIGHT="22" WC="0.90" CONTENT="hra"/><SP WIDTH="14" VPOS="734" HPOS="477"/>
							<String ID="string_157" HPOS="491" VPOS="735" WIDTH="117" HEIGHT="21" WC="0.92" CONTENT="Janssonin"/><SP WIDTH="10" VPOS="735" HPOS="608"/>
							<String ID="string_158" HPOS="618" VPOS="735" WIDTH="111" HEIGHT="21" WC="0.91" CONTENT="tekemään"/><SP WIDTH="10" VPOS="735" HPOS="729"/>
							<String ID="string_159" HPOS="739" VPOS="734" WIDTH="154" HEIGHT="22" WC="0.91" CONTENT="muutosehdo-"/>
						</TextLine>
						<TextLine ID="line_19" HPOS="66" VPOS="763" WIDTH="827" HEIGHT="27">
							<String ID="string_160" HPOS="66" VPOS="763" WIDTH="92" HEIGHT="21" WC="0.91" CONTENT="tukseen"/><SP WIDTH="24" VPOS="763" HPOS="158"/>
							<String ID="string_161" HPOS="182" VPOS="764" WIDTH="62" HEIGHT="25" WC="0.96" CONTENT="tulee,"/><SP WIDTH="19" VPOS="764" HPOS="244"/>
							<String ID="string_162" HPOS="263" VPOS="764" WIDTH="48" HEIGHT="20" WC="0.96" CONTENT="olen"/><SP WIDTH="23" VPOS="764" HPOS="311"/>
							<String ID="string_163" HPOS="334" VPOS="764" WIDTH="57" HEIGHT="20" WC="0.96" CONTENT="minä"/><SP WIDTH="15" VPOS="764" HPOS="391"/>
							<String ID="string_164" HPOS="406" VPOS="764" WIDTH="41" HEIGHT="20" WC="0.93" CONTENT="sitä"/><SP WIDTH="15" VPOS="764" HPOS="447"/>
							<String ID="string_165" HPOS="462" VPOS="764" WIDTH="72" HEIGHT="20" WC="0.92" CONTENT="mieltä"/><SP WIDTH="14" VPOS="764" HPOS="534"/>
							<String ID="string_166" HPOS="548" VPOS="763" WIDTH="52" HEIGHT="21" WC="0.93" CONTENT="kuin"/><SP WIDTH="16" VPOS="763" HPOS="600"/>
							<String ID="string_167" HPOS="616" VPOS="764" WIDTH="38" HEIGHT="20" WC="0.92" CONTENT="hra"/><SP WIDTH="16" VPOS="764" HPOS="654"/>
							<String ID="string_168" HPOS="670" VPOS="763" WIDTH="125" HEIGHT="22" WC="0.96" CONTENT="Söderholm"/><SP WIDTH="14" VPOS="763" HPOS="795"/>
							<String ID="string_169" HPOS="809" VPOS="763" WIDTH="23" HEIGHT="27" WC="0.92" CONTENT="ja"/><SP WIDTH="15" VPOS="763" HPOS="832"/>
							<String ID="string_170" HPOS="847" VPOS="763" WIDTH="46" HEIGHT="21" WC="0.92" CONTENT="tah-"/>
						</TextLine>
						<TextLine ID="line_20" HPOS="67" VPOS="792" WIDTH="826" HEIGHT="27">
							<String ID="string_171" HPOS="67" VPOS="792" WIDTH="42" HEIGHT="21" WC="0.92" CONTENT="don"/><SP WIDTH="17" VPOS="792" HPOS="109"/>
							<String ID="string_172" HPOS="126" VPOS="792" WIDTH="72" HEIGHT="21" WC="0.91" CONTENT="lisäksi"/><SP WIDTH="17" VPOS="792" HPOS="198"/>
							<String ID="string_173" HPOS="215" VPOS="792" WIDTH="92" HEIGHT="25" WC="0.91" CONTENT="mainita,"/><SP WIDTH="16" VPOS="792" HPOS="307"/>
							<String ID="string_174" HPOS="323" VPOS="794" WIDTH="44" HEIGHT="19" WC="0.93" CONTENT="että"/><SP WIDTH="9" VPOS="794" HPOS="367"/>
							<String ID="string_175" HPOS="376" VPOS="792" WIDTH="95" HEIGHT="21" WC="0.90" CONTENT="minusta"/><SP WIDTH="10" VPOS="792" HPOS="471"/>
							<String ID="string_176" HPOS="481" VPOS="794" WIDTH="85" HEIGHT="25" WC="0.92" CONTENT="näyttää"/><SP WIDTH="11" VPOS="794" HPOS="566"/>
							<String ID="string_177" HPOS="577" VPOS="792" WIDTH="53" HEIGHT="26" WC="0.92" CONTENT="siltä,"/><SP WIDTH="11" VPOS="792" HPOS="630"/>
							<String ID="string_178" HPOS="641" VPOS="792" WIDTH="51" HEIGHT="21" WC="0.93" CONTENT="kuin"/><SP WIDTH="11" VPOS="792" HPOS="692"/>
							<String ID="string_179" HPOS="703" VPOS="792" WIDTH="190" HEIGHT="22" WC="0.91" CONTENT="lainsäädännössä"/>
						</TextLine>
						<TextLine ID="line_21" HPOS="67" VPOS="820" WIDTH="826" HEIGHT="28">
							<String ID="string_180" HPOS="67" VPOS="820" WIDTH="48" HEIGHT="22" WC="0.91" CONTENT="olisi"/><SP WIDTH="23" VPOS="820" HPOS="115"/>
							<String ID="string_181" HPOS="138" VPOS="821" WIDTH="43" HEIGHT="21" WC="0.96" CONTENT="niin"/><SP WIDTH="23" VPOS="821" HPOS="181"/>
							<String ID="string_182" HPOS="204" VPOS="821" WIDTH="72" HEIGHT="27" WC="0.96" CONTENT="paljon"/><SP WIDTH="18" VPOS="821" HPOS="276"/>
							<String ID="string_183" HPOS="294" VPOS="821" WIDTH="51" HEIGHT="20" WC="0.93" CONTENT="kuin"/><SP WIDTH="16" VPOS="821" HPOS="345"/>
							<String ID="string_184" HPOS="361" VPOS="820" WIDTH="136" HEIGHT="22" WC="0.91" CONTENT="mahdollista"/><SP WIDTH="14" VPOS="820" HPOS="497"/>
							<String ID="string_185" HPOS="511" VPOS="821" WIDTH="115" HEIGHT="21" WC="0.92" CONTENT="vältettävä"/><SP WIDTH="15" VPOS="821" HPOS="626"/>
							<String ID="string_186" HPOS="641" VPOS="821" WIDTH="90" HEIGHT="21" WC="0.91" CONTENT="tällaisia"/><SP WIDTH="14" VPOS="821" HPOS="731"/>
							<String ID="string_187" HPOS="745" VPOS="820" WIDTH="148" HEIGHT="28" WC="0.91" CONTENT="poikkeuksia."/>
						</TextLine>
					</TextBlock>
				</ComposedBlock>
				<ComposedBlock ID="cblock_5" HPOS="67" VPOS="872" WIDTH="831" HEIGHT="312">
					<TextBlock ID="block_4" HPOS="67" VPOS="872" WIDTH="831" HEIGHT="312">
						<TextLine ID="line_22" HPOS="140" VPOS="872" WIDTH="754" HEIGHT="27">
							<String ID="string_188" HPOS="140" VPOS="872" WIDTH="46" HEIGHT="21" WC="0.91" CONTENT="Hra"/><SP WIDTH="44" VPOS="872" HPOS="186"/>
							<String ID="string_189" HPOS="230" VPOS="872" WIDTH="97" HEIGHT="21" WC="0.93" CONTENT="Öhman:"/><SP WIDTH="21" VPOS="872" HPOS="327"/>
							<String ID="string_190" HPOS="348" VPOS="872" WIDTH="42" HEIGHT="21" WC="0.96" CONTENT="För"/><SP WIDTH="18" VPOS="872" HPOS="390"/>
							<String ID="string_191" HPOS="408" VPOS="872" WIDTH="42" HEIGHT="21" WC="0.96" CONTENT="min"/><SP WIDTH="18" VPOS="872" HPOS="450"/>
							<String ID="string_192" HPOS="468" VPOS="872" WIDTH="33" HEIGHT="21" WC="0.96" CONTENT="del"/><SP WIDTH="15" VPOS="872" HPOS="501"/>
							<String ID="string_193" HPOS="516" VPOS="878" WIDTH="63" HEIGHT="15" WC="0.96" CONTENT="anser"/><SP WIDTH="12" VPOS="878" HPOS="579"/>
							<String ID="string_194" HPOS="591" VPOS="872" WIDTH="43" HEIGHT="27" WC="0.95" CONTENT="jag,"/><SP WIDTH="16" VPOS="872" HPOS="634"/>
							<String ID="string_195" HPOS="650" VPOS="874" WIDTH="32" HEIGHT="19" WC="0.96" CONTENT="att"/><SP WIDTH="15" VPOS="874" HPOS="682"/>
							<String ID="string_196" HPOS="697" VPOS="872" WIDTH="26" HEIGHT="21" WC="0.93" CONTENT="de"/><SP WIDTH="15" VPOS="872" HPOS="723"/>
							<String ID="string_197" HPOS="738" VPOS="872" WIDTH="156" HEIGHT="27" WC="0.92" CONTENT="billighetsskäl"/>
						</TextLine>
						<TextLine ID="line_23" HPOS="69" VPOS="900" WIDTH="825" HEIGHT="28">
							<String ID="string_198" HPOS="69" VPOS="900" WIDTH="27" HEIGHT="21" WC="0.96" CONTENT="hr"/><SP WIDTH="15" VPOS="900" HPOS="96"/>
							<String ID="string_199" HPOS="111" VPOS="900" WIDTH="96" HEIGHT="22" WC="0.96" CONTENT="Jansson"/><SP WIDTH="16" VPOS="900" HPOS="207"/>
							<String ID="string_200" HPOS="223" VPOS="900" WIDTH="114" HEIGHT="22" WC="0.95" CONTENT="framhållit"/><SP WIDTH="19" VPOS="900" HPOS="337"/>
							<String ID="string_201" HPOS="356" VPOS="902" WIDTH="36" HEIGHT="20" WC="0.96" CONTENT="äro"/><SP WIDTH="16" VPOS="902" HPOS="392"/>
							<String ID="string_202" HPOS="408" VPOS="900" WIDTH="22" HEIGHT="22" WC="0.96" CONTENT="af"/><SP WIDTH="14" VPOS="900" HPOS="430"/>
							<String ID="string_203" HPOS="444" VPOS="901" WIDTH="81" HEIGHT="27" WC="0.96" CONTENT="ganska"/><SP WIDTH="15" VPOS="901" HPOS="525"/>
							<String ID="string_204" HPOS="540" VPOS="903" WIDTH="45" HEIGHT="19" WC="0.96" CONTENT="stor"/><SP WIDTH="16" VPOS="903" HPOS="585"/>
							<String ID="string_205" HPOS="601" VPOS="901" WIDTH="134" HEIGHT="27" WC="0.96" CONTENT="betydenhet."/><SP WIDTH="30" VPOS="901" HPOS="735"/>
							<String ID="string_206" HPOS="765" VPOS="901" WIDTH="43" HEIGHT="21" WC="0.96" CONTENT="Det"/><SP WIDTH="15" VPOS="901" HPOS="808"/>
							<String ID="string_207" HPOS="823" VPOS="902" WIDTH="23" HEIGHT="20" WC="0.97" CONTENT="är"/><SP WIDTH="15" VPOS="902" HPOS="846"/>
							<String ID="string_208" HPOS="861" VPOS="900" WIDTH="33" HEIGHT="22" WC="0.96" CONTENT="för"/>
						</TextLine>
						<TextLine ID="line_24" HPOS="69" VPOS="928" WIDTH="825" HEIGHT="27">
							<String ID="string_209" HPOS="69" VPOS="928" WIDTH="66" HEIGHT="27" WC="0.96" CONTENT="öfrigt"/><SP WIDTH="22" VPOS="928" HPOS="135"/>
							<String ID="string_210" HPOS="157" VPOS="929" WIDTH="109" HEIGHT="26" WC="0.96" CONTENT="antagligt,"/><SP WIDTH="24" VPOS="929" HPOS="266"/>
							<String ID="string_211" HPOS="290" VPOS="931" WIDTH="32" HEIGHT="19" WC="0.96" CONTENT="att"/><SP WIDTH="21" VPOS="931" HPOS="322"/>
							<String ID="string_212" HPOS="343" VPOS="929" WIDTH="118" HEIGHT="21" WC="0.96" CONTENT="kostnaden"/><SP WIDTH="23" VPOS="929" HPOS="461"/>
							<String ID="string_213" HPOS="484" VPOS="929" WIDTH="33" HEIGHT="21" WC="0.96" CONTENT="för"/><SP WIDTH="23" VPOS="929" HPOS="517"/>
							<String ID="string_214" HPOS="540" VPOS="931" WIDTH="30" HEIGHT="19" WC="0.96" CONTENT="ett"/><SP WIDTH="21" VPOS="931" HPOS="570"/>
							<String ID="string_215" HPOS="591" VPOS="930" WIDTH="79" HEIGHT="20" WC="0.95" CONTENT="urtima"/><SP WIDTH="16" VPOS="930" HPOS="670"/>
							<String ID="string_216" HPOS="686" VPOS="930" WIDTH="157" HEIGHT="20" WC="0.96" CONTENT="sammanträde"/><SP WIDTH="16" VPOS="930" HPOS="843"/>
							<String ID="string_217" HPOS="859" VPOS="929" WIDTH="35" HEIGHT="21" WC="0.96" CONTENT="vid"/>
						</TextLine>
						<TextLine ID="line_25" HPOS="69" VPOS="957" WIDTH="826" HEIGHT="27">
							<String ID="string_218" HPOS="69" VPOS="957" WIDTH="150" HEIGHT="21" WC="0.96" CONTENT="häradsrätten"/><SP WIDTH="16" VPOS="957" HPOS="219"/>
							<String ID="string_219" HPOS="235" VPOS="957" WIDTH="28" HEIGHT="27" WC="0.97" CONTENT="på"/><SP WIDTH="14" VPOS="957" HPOS="263"/>
							<String ID="string_220" HPOS="277" VPOS="960" WIDTH="62" HEIGHT="18" WC="0.96" CONTENT="orten"/><SP WIDTH="16" VPOS="960" HPOS="339"/>
							<String ID="string_221" HPOS="355" VPOS="957" WIDTH="129" HEIGHT="22" WC="0.96" CONTENT="åtminstone"/><SP WIDTH="16" VPOS="957" HPOS="484"/>
							<String ID="string_222" HPOS="500" VPOS="958" WIDTH="57" HEIGHT="21" WC="0.96" CONTENT="vissa"/><SP WIDTH="14" VPOS="958" HPOS="557"/>
							<String ID="string_223" HPOS="571" VPOS="958" WIDTH="55" HEIGHT="21" WC="0.96" CONTENT="tider"/><SP WIDTH="16" VPOS="958" HPOS="626"/>
							<String ID="string_224" HPOS="642" VPOS="957" WIDTH="22" HEIGHT="22" WC="0.96" CONTENT="af"/><SP WIDTH="12" VPOS="957" HPOS="664"/>
							<String ID="string_225" HPOS="676" VPOS="957" WIDTH="46" HEIGHT="22" WC="0.93" CONTENT="året"/><SP WIDTH="10" VPOS="957" HPOS="722"/>
							<String ID="string_226" HPOS="732" VPOS="957" WIDTH="69" HEIGHT="22" WC="0.92" CONTENT="blefve"/><SP WIDTH="10" VPOS="957" HPOS="801"/>
							<String ID="string_227" HPOS="811" VPOS="957" WIDTH="84" HEIGHT="21" WC="0.94" CONTENT="mindre"/>
						</TextLine>
						<TextLine ID="line_26" HPOS="71" VPOS="985" WIDTH="825" HEIGHT="28">
							<String ID="string_228" HPOS="71" VPOS="986" WIDTH="136" HEIGHT="26" WC="0.96" CONTENT="betungande"/><SP WIDTH="22" VPOS="986" HPOS="207"/>
							<String ID="string_229" HPOS="229" VPOS="987" WIDTH="26" HEIGHT="20" WC="0.96" CONTENT="än"/><SP WIDTH="15" VPOS="987" HPOS="255"/>
							<String ID="string_230" HPOS="270" VPOS="985" WIDTH="148" HEIGHT="28" WC="0.96" CONTENT="företagandet"/><SP WIDTH="14" VPOS="985" HPOS="418"/>
							<String ID="string_231" HPOS="432" VPOS="986" WIDTH="22" HEIGHT="21" WC="0.96" CONTENT="af"/><SP WIDTH="14" VPOS="986" HPOS="454"/>
							<String ID="string_232" HPOS="468" VPOS="992" WIDTH="60" HEIGHT="15" WC="0.95" CONTENT="resor"/><SP WIDTH="15" VPOS="992" HPOS="528"/>
							<String ID="string_233" HPOS="543" VPOS="986" WIDTH="31" HEIGHT="21" WC="0.95" CONTENT="till"/><SP WIDTH="15" VPOS="986" HPOS="574"/>
							<String ID="string_234" HPOS="589" VPOS="986" WIDTH="56" HEIGHT="21" WC="0.96" CONTENT="fasta"/><SP WIDTH="15" VPOS="986" HPOS="645"/>
							<String ID="string_235" HPOS="660" VPOS="986" WIDTH="77" HEIGHT="21" WC="0.93" CONTENT="landet."/><SP WIDTH="26" VPOS="986" HPOS="737"/>
							<String ID="string_236" HPOS="763" VPOS="986" WIDTH="133" HEIGHT="27" WC="0.89" CONTENT="Stadgandet"/>
						</TextLine>
						<TextLine ID="line_27" HPOS="69" VPOS="1014" WIDTH="827" HEIGHT="22">
							<String ID="string_237" HPOS="69" VPOS="1016" WIDTH="33" HEIGHT="19" WC="0.93" CONTENT="att"/><SP WIDTH="23" VPOS="1016" HPOS="102"/>
							<String ID="string_238" HPOS="125" VPOS="1014" WIDTH="104" HEIGHT="21" WC="0.92" CONTENT="växelmål"/><SP WIDTH="22" VPOS="1014" HPOS="229"/>
							<String ID="string_239" HPOS="251" VPOS="1015" WIDTH="45" HEIGHT="20" WC="0.96" CONTENT="icke"/><SP WIDTH="22" VPOS="1015" HPOS="296"/>
							<String ID="string_240" HPOS="318" VPOS="1014" WIDTH="22" HEIGHT="21" WC="0.96" CONTENT="få"/><SP WIDTH="21" VPOS="1014" HPOS="340"/>
							<String ID="string_241" HPOS="361" VPOS="1015" WIDTH="115" HEIGHT="21" WC="0.96" CONTENT="behandlas"/><SP WIDTH="24" VPOS="1015" HPOS="476"/>
							<String ID="string_242" HPOS="500" VPOS="1015" WIDTH="35" HEIGHT="21" WC="0.96" CONTENT="vid"/><SP WIDTH="15" VPOS="1015" HPOS="535"/>
							<String ID="string_243" HPOS="550" VPOS="1015" WIDTH="122" HEIGHT="21" WC="0.96" CONTENT="häradsrätt"/><SP WIDTH="14" VPOS="1015" HPOS="672"/>
							<String ID="string_244" HPOS="686" VPOS="1014" WIDTH="83" HEIGHT="22" WC="0.96" CONTENT="fordrar"/><SP WIDTH="16" VPOS="1014" HPOS="769"/>
							<String ID="string_245" HPOS="785" VPOS="1015" WIDTH="47" HEIGHT="21" WC="0.96" CONTENT="icke"/><SP WIDTH="16" VPOS="1015" HPOS="832"/>
							<String ID="string_246" HPOS="848" VPOS="1014" WIDTH="48" HEIGHT="21" WC="0.96" CONTENT="med"/>
						</TextLine>
						<TextLine ID="line_28" HPOS="69" VPOS="1042" WIDTH="826" HEIGHT="28">
							<String ID="string_247" HPOS="69" VPOS="1042" WIDTH="162" HEIGHT="27" WC="0.96" CONTENT="nödvändighet"/><SP WIDTH="22" VPOS="1042" HPOS="231"/>
							<String ID="string_248" HPOS="253" VPOS="1049" WIDTH="26" HEIGHT="15" WC="0.96" CONTENT="en"/><SP WIDTH="24" VPOS="1049" HPOS="279"/>
							<String ID="string_249" HPOS="303" VPOS="1043" WIDTH="110" HEIGHT="21" WC="0.96" CONTENT="enahanda"/><SP WIDTH="23" VPOS="1043" HPOS="413"/>
							<String ID="string_250" HPOS="436" VPOS="1043" WIDTH="135" HEIGHT="27" WC="0.96" CONTENT="bestämning"/><SP WIDTH="22" VPOS="1043" HPOS="571"/>
							<String ID="string_251" HPOS="593" VPOS="1043" WIDTH="116" HEIGHT="26" WC="0.95" CONTENT="härvidlag."/><SP WIDTH="30" VPOS="1043" HPOS="709"/>
							<String ID="string_252" HPOS="739" VPOS="1043" WIDTH="74" HEIGHT="21" WC="0.96" CONTENT="Ehuru"/><SP WIDTH="20" VPOS="1043" HPOS="813"/>
							<String ID="string_253" HPOS="833" VPOS="1043" WIDTH="62" HEIGHT="21" WC="0.96" CONTENT="äfven"/>
						</TextLine>
						<TextLine ID="line_29" HPOS="67" VPOS="1071" WIDTH="830" HEIGHT="28">
							<String ID="string_254" HPOS="67" VPOS="1071" WIDTH="40" HEIGHT="27" WC="0.96" CONTENT="jag"/><SP WIDTH="21" VPOS="1071" HPOS="107"/>
							<String ID="string_255" HPOS="128" VPOS="1071" WIDTH="47" HEIGHT="21" WC="0.96" CONTENT="icke"/><SP WIDTH="22" VPOS="1071" HPOS="175"/>
							<String ID="string_256" HPOS="197" VPOS="1077" WIDTH="63" HEIGHT="16" WC="0.93" CONTENT="anser"/><SP WIDTH="22" VPOS="1077" HPOS="260"/>
							<String ID="string_257" HPOS="282" VPOS="1072" WIDTH="255" HEIGHT="27" WC="0.92" CONTENT="undantagsstadganden"/><SP WIDTH="21" VPOS="1072" HPOS="537"/>
							<String ID="string_258" HPOS="558" VPOS="1071" WIDTH="131" HEIGHT="22" WC="0.95" CONTENT="beträffande"/><SP WIDTH="21" VPOS="1071" HPOS="689"/>
							<String ID="string_259" HPOS="710" VPOS="1071" WIDTH="70" HEIGHT="22" WC="0.96" CONTENT="forum"/><SP WIDTH="19" VPOS="1071" HPOS="780"/>
							<String ID="string_260" HPOS="799" VPOS="1078" WIDTH="52" HEIGHT="15" WC="0.96" CONTENT="vara"/><SP WIDTH="14" VPOS="1078" HPOS="851"/>
							<String ID="string_261" HPOS="865" VPOS="1073" WIDTH="32" HEIGHT="20" WC="0.96" CONTENT="att"/>
						</TextLine>
						<TextLine ID="line_30" HPOS="71" VPOS="1099" WIDTH="827" HEIGHT="28">
							<String ID="string_262" HPOS="71" VPOS="1099" WIDTH="88" HEIGHT="22" WC="0.96" CONTENT="förorda"/><SP WIDTH="14" VPOS="1099" HPOS="159"/>
							<String ID="string_263" HPOS="173" VPOS="1100" WIDTH="7" HEIGHT="21" WC="0.96" CONTENT="i"/><SP WIDTH="15" VPOS="1100" HPOS="180"/>
							<String ID="string_264" HPOS="195" VPOS="1100" WIDTH="121" HEIGHT="26" WC="0.96" CONTENT="allmänhet,"/><SP WIDTH="23" VPOS="1100" HPOS="316"/>
							<String ID="string_265" HPOS="339" VPOS="1100" WIDTH="23" HEIGHT="21" WC="0.96" CONTENT="så"/><SP WIDTH="23" VPOS="1100" HPOS="362"/>
							<String ID="string_266" HPOS="385" VPOS="1107" WIDTH="62" HEIGHT="20" WC="0.96" CONTENT="synes"/><SP WIDTH="24" VPOS="1107" HPOS="447"/>
							<String ID="string_267" HPOS="471" VPOS="1101" WIDTH="49" HEIGHT="26" WC="0.96" CONTENT="mig,"/><SP WIDTH="16" VPOS="1101" HPOS="520"/>
							<String ID="string_268" HPOS="536" VPOS="1107" WIDTH="45" HEIGHT="14" WC="0.95" CONTENT="som"/><SP WIDTH="16" VPOS="1107" HPOS="581"/>
							<String ID="string_269" HPOS="597" VPOS="1107" WIDTH="36" HEIGHT="14" WC="0.95" CONTENT="om"/><SP WIDTH="15" VPOS="1107" HPOS="633"/>
							<String ID="string_270" HPOS="648" VPOS="1100" WIDTH="75" HEIGHT="21" WC="0.96" CONTENT="härvid"/><SP WIDTH="16" VPOS="1100" HPOS="723"/>
							<String ID="string_271" HPOS="739" VPOS="1101" WIDTH="53" HEIGHT="21" WC="0.96" CONTENT="dock"/><SP WIDTH="16" VPOS="1101" HPOS="792"/>
							<String ID="string_272" HPOS="808" VPOS="1103" WIDTH="31" HEIGHT="18" WC="0.96" CONTENT="ett"/><SP WIDTH="15" VPOS="1103" HPOS="839"/>
							<String ID="string_273" HPOS="854" VPOS="1101" WIDTH="44" HEIGHT="20" WC="0.96" CONTENT="rätt"/>
						</TextLine>
						<TextLine ID="line_31" HPOS="71" VPOS="1128" WIDTH="826" HEIGHT="28">
							<String ID="string_274" HPOS="71" VPOS="1128" WIDTH="78" HEIGHT="27" WC="0.96" CONTENT="viktigt"/><SP WIDTH="22" VPOS="1128" HPOS="149"/>
							<String ID="string_275" HPOS="171" VPOS="1129" WIDTH="93" HEIGHT="21" WC="0.96" CONTENT="intresse"/><SP WIDTH="22" VPOS="1129" HPOS="264"/>
							<String ID="string_276" HPOS="286" VPOS="1128" WIDTH="99" HEIGHT="22" WC="0.96" CONTENT="fordrade"/><SP WIDTH="15" VPOS="1128" HPOS="385"/>
							<String ID="string_277" HPOS="400" VPOS="1131" WIDTH="32" HEIGHT="19" WC="0.96" CONTENT="ett"/><SP WIDTH="14" VPOS="1131" HPOS="432"/>
							<String ID="string_278" HPOS="446" VPOS="1129" WIDTH="77" HEIGHT="21" WC="0.96" CONTENT="sådant"/><SP WIDTH="18" VPOS="1129" HPOS="523"/>
							<String ID="string_279" HPOS="541" VPOS="1129" WIDTH="127" HEIGHT="21" WC="0.96" CONTENT="förfarande."/><SP WIDTH="28" VPOS="1129" HPOS="668"/>
							<String ID="string_280" HPOS="696" VPOS="1129" WIDTH="42" HEIGHT="27" WC="0.92" CONTENT="Jag"/><SP WIDTH="15" VPOS="1129" HPOS="738"/>
							<String ID="string_281" HPOS="753" VPOS="1129" WIDTH="144" HEIGHT="22" WC="0.89" CONTENT="understöder"/>
						</TextLine>
						<TextLine ID="line_32" HPOS="70" VPOS="1156" WIDTH="336" HEIGHT="28">
							<String ID="string_282" HPOS="70" VPOS="1156" WIDTH="74" HEIGHT="22" WC="0.96" CONTENT="därför"/><SP WIDTH="15" VPOS="1156" HPOS="144"/>
							<String ID="string_283" HPOS="159" VPOS="1157" WIDTH="25" HEIGHT="21" WC="0.96" CONTENT="hr"/><SP WIDTH="15" VPOS="1157" HPOS="184"/>
							<String ID="string_284" HPOS="199" VPOS="1157" WIDTH="107" HEIGHT="22" WC="0.95" CONTENT="Janssons"/><SP WIDTH="15" VPOS="1157" HPOS="306"/>
							<String ID="string_285" HPOS="321" VPOS="1157" WIDTH="85" HEIGHT="27" WC="0.96" CONTENT="förslag."/>
						</TextLine>
					</TextBlock>
				</ComposedBlock>
				<ComposedBlock ID="cblock_6" HPOS="72" VPOS="1213" WIDTH="829" HEIGHT="57">
					<TextBlock ID="block_5" HPOS="72" VPOS="1213" WIDTH="829" HEIGHT="57">
						<TextLine ID="line_33" HPOS="143" VPOS="1213" WIDTH="758" HEIGHT="28">
							<String ID="string_286" HPOS="143" VPOS="1213" WIDTH="122" HEIGHT="22" WC="0.90" CONTENT="Sittenkuin"/><SP WIDTH="15" VPOS="1213" HPOS="265"/>
							<String ID="string_287" HPOS="280" VPOS="1214" WIDTH="124" HEIGHT="21" WC="0.91" CONTENT="keskustelu"/><SP WIDTH="16" VPOS="1214" HPOS="404"/>
							<String ID="string_288" HPOS="420" VPOS="1214" WIDTH="28" HEIGHT="21" WC="0.93" CONTENT="oli"/><SP WIDTH="13" VPOS="1214" HPOS="448"/>
							<String ID="string_289" HPOS="461" VPOS="1214" WIDTH="108" HEIGHT="27" WC="0.92" CONTENT="julistettu"/><SP WIDTH="15" VPOS="1214" HPOS="569"/>
							<String ID="string_290" HPOS="584" VPOS="1215" WIDTH="146" HEIGHT="26" WC="0.90" CONTENT="loppuneeksi,"/><SP WIDTH="17" VPOS="1215" HPOS="730"/>
							<String ID="string_291" HPOS="747" VPOS="1215" WIDTH="57" HEIGHT="21" WC="0.90" CONTENT="esitti"/><SP WIDTH="8" VPOS="1215" HPOS="804"/>
							<String ID="string_292" HPOS="812" VPOS="1214" WIDTH="39" HEIGHT="21" WC="0.90" CONTENT="hra"/><SP WIDTH="10" VPOS="1214" HPOS="851"/>
							<String ID="string_293" HPOS="861" VPOS="1220" WIDTH="40" HEIGHT="21" WC="0.92" CONTENT="pu-"/>
						</TextLine>
						<TextLine ID="line_34" HPOS="72" VPOS="1242" WIDTH="449" HEIGHT="28">
							<String ID="string_294" HPOS="72" VPOS="1242" WIDTH="82" HEIGHT="21" WC="0.93" CONTENT="hemies"/><SP WIDTH="17" VPOS="1242" HPOS="154"/>
							<String ID="string_295" HPOS="171" VPOS="1248" WIDTH="117" HEIGHT="16" WC="0.91" CONTENT="seuraavan"/><SP WIDTH="16" VPOS="1248" HPOS="288"/>
							<String ID="string_296" HPOS="304" VPOS="1243" WIDTH="217" HEIGHT="27" WC="0.91" CONTENT="äänestysesityksen:"/>
						</TextLine>
					</TextBlock>
				</ComposedBlock>
				<ComposedBlock ID="cblock_7" HPOS="72" VPOS="1293" WIDTH="827" HEIGHT="57">
					<TextBlock ID="block_6" HPOS="72" VPOS="1293" WIDTH="827" HEIGHT="57">
						<TextLine ID="line_35" HPOS="143" VPOS="1293" WIDTH="756" HEIGHT="28">
							<String ID="string_297" HPOS="143" VPOS="1293" WIDTH="66" HEIGHT="22" WC="0.90" CONTENT="Jotka"/><SP WIDTH="15" VPOS="1293" HPOS="209"/>
							<String ID="string_298" HPOS="224" VPOS="1294" WIDTH="135" HEIGHT="27" WC="0.91" CONTENT="hyväksyvät"/><SP WIDTH="14" VPOS="1294" HPOS="359"/>
							<String ID="string_299" HPOS="373" VPOS="1294" WIDTH="154" HEIGHT="21" WC="0.91" CONTENT="valiokunnan"/><SP WIDTH="16" VPOS="1294" HPOS="527"/>
							<String ID="string_300" HPOS="543" VPOS="1295" WIDTH="130" HEIGHT="20" WC="0.89" CONTENT="ehdotuksen"/><SP WIDTH="12" VPOS="1295" HPOS="673"/>
							<String ID="string_301" HPOS="685" VPOS="1295" WIDTH="31" HEIGHT="20" WC="0.92" CONTENT="50"/><SP WIDTH="10" VPOS="1295" HPOS="716"/>
							<String ID="string_302" HPOS="726" VPOS="1295" WIDTH="41" HEIGHT="26" WC="0.92" CONTENT="$:n"/><SP WIDTH="10" VPOS="1295" HPOS="767"/>
							<String ID="string_303" HPOS="777" VPOS="1300" WIDTH="122" HEIGHT="15" WC="0.90" CONTENT="sanamuo-"/>
						</TextLine>
						<TextLine ID="line_36" HPOS="72" VPOS="1322" WIDTH="727" HEIGHT="28">
							<String ID="string_304" HPOS="72" VPOS="1322" WIDTH="69" HEIGHT="27" WC="0.94" CONTENT="doksi,"/><SP WIDTH="16" VPOS="1322" HPOS="141"/>
							<String ID="string_305" HPOS="157" VPOS="1324" WIDTH="130" HEIGHT="19" WC="0.96" CONTENT="äänestävät"/><SP WIDTH="8" VPOS="1324" HPOS="287"/>
							<String ID="string_306" HPOS="295" VPOS="1323" WIDTH="57" HEIGHT="27" WC="0.94" CONTENT="jaa;"/><SP WIDTH="14" VPOS="1323" HPOS="352"/>
							<String ID="string_307" HPOS="366" VPOS="1323" WIDTH="60" HEIGHT="27" WC="0.96" CONTENT="jotka"/><SP WIDTH="14" VPOS="1323" HPOS="426"/>
							<String ID="string_308" HPOS="440" VPOS="1323" WIDTH="46" HEIGHT="20" WC="0.97" CONTENT="sitä"/><SP WIDTH="14" VPOS="1323" HPOS="486"/>
							<String ID="string_309" HPOS="500" VPOS="1323" WIDTH="58" HEIGHT="21" WC="0.97" CONTENT="eivät"/><SP WIDTH="16" VPOS="1323" HPOS="558"/>
							<String ID="string_310" HPOS="574" VPOS="1325" WIDTH="35" HEIGHT="24" WC="0.96" CONTENT="tee,"/><SP WIDTH="15" VPOS="1325" HPOS="609"/>
							<String ID="string_311" HPOS="624" VPOS="1325" WIDTH="129" HEIGHT="19" WC="0.96" CONTENT="äänestävät"/><SP WIDTH="15" VPOS="1325" HPOS="753"/>
							<String ID="string_312" HPOS="768" VPOS="1323" WIDTH="31" HEIGHT="26" WC="0.95" CONTENT="ei;"/>
						</TextLine>
					</TextBlock>
				</ComposedBlock>
				<ComposedBlock ID="cblock_8" HPOS="73" VPOS="1373" WIDTH="830" HEIGHT="78">
					<TextBlock ID="block_7" HPOS="73" VPOS="1373" WIDTH="830" HEIGHT="78">
						<TextLine ID="line_37" HPOS="139" VPOS="1373" WIDTH="764" HEIGHT="29">
							<String ID="string_313" HPOS="139" VPOS="1373" WIDTH="38" HEIGHT="28" WC="0.76" CONTENT="jos"/><SP WIDTH="15" VPOS="1373" HPOS="177"/>
							<String ID="string_314" HPOS="192" VPOS="1373" WIDTH="21" HEIGHT="21" WC="0.94" CONTENT="ei"/><SP WIDTH="14" VPOS="1373" HPOS="213"/>
							<String ID="string_315" HPOS="227" VPOS="1373" WIDTH="90" HEIGHT="25" WC="0.96" CONTENT="voittaa,"/><SP WIDTH="16" VPOS="1373" HPOS="317"/>
							<String ID="string_316" HPOS="333" VPOS="1381" WIDTH="29" HEIGHT="14" WC="0.93" CONTENT="on"/><SP WIDTH="15" VPOS="1381" HPOS="362"/>
							<String ID="string_317" HPOS="377" VPOS="1374" WIDTH="165" HEIGHT="27" WC="0.92" CONTENT="porvarissääty"/><SP WIDTH="7" VPOS="1374" HPOS="542"/>
							<String ID="string_318" HPOS="549" VPOS="1376" WIDTH="121" HEIGHT="26" WC="0.96" CONTENT="päättänyt"/><SP WIDTH="7" VPOS="1376" HPOS="670"/>
							<String ID="string_319" HPOS="677" VPOS="1375" WIDTH="120" HEIGHT="27" WC="0.97" CONTENT="palauttaa"/><SP WIDTH="6" VPOS="1375" HPOS="797"/>
							<String ID="string_320" HPOS="803" VPOS="1373" WIDTH="100" HEIGHT="28" WC="0.96" CONTENT="pykälän"/>
						</TextLine>
						<TextLine ID="line_38" HPOS="74" VPOS="1401" WIDTH="829" HEIGHT="23">
							<String ID="string_321" HPOS="74" VPOS="1401" WIDTH="211" HEIGHT="22" WC="0.81" CONTENT="lakivaliokuntaan"/><SP WIDTH="22" VPOS="1401" HPOS="285"/>
							<String ID="string_322" HPOS="307" VPOS="1403" WIDTH="208" HEIGHT="20" WC="0.94" CONTENT="muodostettavaksi"/><SP WIDTH="22" VPOS="1403" HPOS="515"/>
							<String ID="string_323" HPOS="537" VPOS="1403" WIDTH="40" HEIGHT="21" WC="0.96" CONTENT="hra"/><SP WIDTH="22" VPOS="1403" HPOS="577"/>
							<String ID="string_324" HPOS="599" VPOS="1403" WIDTH="124" HEIGHT="21" WC="0.96" CONTENT="Janssonin"/><SP WIDTH="23" VPOS="1403" HPOS="723"/>
							<String ID="string_325" HPOS="746" VPOS="1403" WIDTH="157" HEIGHT="21" WC="0.96" CONTENT="ehdottamaan"/>
						</TextLine>
						<TextLine ID="line_39" HPOS="73" VPOS="1432" WIDTH="125" HEIGHT="19">
							<String ID="string_326" HPOS="73" VPOS="1432" WIDTH="125" HEIGHT="19" WC="0.96" CONTENT="suuntaan."/>
						</TextLine>
					</TextBlock>
				</ComposedBlock>
				<ComposedBlock ID="cblock_9" HPOS="77" VPOS="1481" WIDTH="829" HEIGHT="87">
					<TextBlock ID="block_8" HPOS="77" VPOS="1481" WIDTH="829" HEIGHT="87">
						<TextLine ID="line_40" HPOS="148" VPOS="1481" WIDTH="757" HEIGHT="28">
							<String ID="string_327" HPOS="148" VPOS="1481" WIDTH="50" HEIGHT="21" WC="0.96" CONTENT="Kun"/><SP WIDTH="25" VPOS="1481" HPOS="198"/>
							<String ID="string_328" HPOS="223" VPOS="1482" WIDTH="118" HEIGHT="26" WC="0.95" CONTENT="esitykseen"/><SP WIDTH="19" VPOS="1482" HPOS="341"/>
							<String ID="string_329" HPOS="360" VPOS="1484" WIDTH="142" HEIGHT="20" WC="0.96" CONTENT="vastattaessa"/><SP WIDTH="15" VPOS="1484" HPOS="502"/>
							<String ID="string_330" HPOS="517" VPOS="1482" WIDTH="19" HEIGHT="22" WC="0.96" CONTENT="ei"/><SP WIDTH="15" VPOS="1482" HPOS="536"/>
							<String ID="string_331" HPOS="551" VPOS="1482" WIDTH="28" HEIGHT="22" WC="0.96" CONTENT="oli"/><SP WIDTH="15" VPOS="1482" HPOS="579"/>
							<String ID="string_332" HPOS="594" VPOS="1482" WIDTH="92" HEIGHT="26" WC="0.96" CONTENT="voitolla,"/><SP WIDTH="16" VPOS="1482" HPOS="686"/>
							<String ID="string_333" HPOS="702" VPOS="1482" WIDTH="28" HEIGHT="22" WC="0.93" CONTENT="oli"/><SP WIDTH="16" VPOS="1482" HPOS="730"/>
							<String ID="string_334" HPOS="746" VPOS="1482" WIDTH="159" HEIGHT="27" WC="0.92" CONTENT="porvarissääty"/>
						</TextLine>
						<TextLine ID="line_41" HPOS="77" VPOS="1510" WIDTH="829" HEIGHT="28">
							<String ID="string_335" HPOS="77" VPOS="1511" WIDTH="113" HEIGHT="25" WC="0.96" CONTENT="päättänyt"/><SP WIDTH="23" VPOS="1511" HPOS="190"/>
							<String ID="string_336" HPOS="213" VPOS="1510" WIDTH="108" HEIGHT="27" WC="0.96" CONTENT="palauttaa"/><SP WIDTH="22" VPOS="1510" HPOS="321"/>
							<String ID="string_337" HPOS="343" VPOS="1510" WIDTH="27" HEIGHT="22" WC="0.93" CONTENT="50"/><SP WIDTH="23" VPOS="1510" HPOS="370"/>
							<String ID="string_338" HPOS="393" VPOS="1510" WIDTH="39" HEIGHT="28" WC="0.87" CONTENT="&amp;:n,"/><SP WIDTH="18" VPOS="1510" HPOS="432"/>
							<String ID="string_339" HPOS="450" VPOS="1511" WIDTH="57" HEIGHT="27" WC="0.96" CONTENT="jotta"/><SP WIDTH="15" VPOS="1511" HPOS="507"/>
							<String ID="string_340" HPOS="522" VPOS="1511" WIDTH="67" HEIGHT="21" WC="0.96" CONTENT="siihen"/><SP WIDTH="16" VPOS="1511" HPOS="589"/>
							<String ID="string_341" HPOS="605" VPOS="1511" WIDTH="117" HEIGHT="21" WC="0.96" CONTENT="otettaisiin"/><SP WIDTH="15" VPOS="1511" HPOS="722"/>
							<String ID="string_342" HPOS="737" VPOS="1512" WIDTH="97" HEIGHT="26" WC="0.96" CONTENT="määräys"/><SP WIDTH="16" VPOS="1512" HPOS="834"/>
							<String ID="string_343" HPOS="850" VPOS="1510" WIDTH="56" HEIGHT="26" WC="0.96" CONTENT="siitä,"/>
						</TextLine>
						<TextLine ID="line_42" HPOS="837" VPOS="1550" WIDTH="23" HEIGHT="18">
							<String ID="string_344" HPOS="837" VPOS="1550" WIDTH="23" HEIGHT="18" WC="0.95" CONTENT="54"/>
						</TextLine>
					</TextBlock>
				</ComposedBlock>
			</PrintSpace>
		</Page>
	</Layout>
</alto>
