1086 1739
183 109 43 22 742
505 105 169 40 Elinkeinolaki.
860 118 27 18 26
899 123 21 15 p.
932 117 74 18 kesäk.

184 184 72 24 heten,
272 187 31 19 att
325 185 72 22 utöfva
420 186 110 26 näringen,
552 186 92 26 hvarför,
660 187 71 21 därest
753 192 50 15 man
825 185 47 22 icke
895 187 115 26 begränsar

185 213 129 27 rättigheten
338 213 30 22 till
389 214 64 25 länet,
476 216 70 20 större
568 215 68 21 utsikt
656 214 114 22 förefinnes
789 213 33 22 för
837 216 32 20 att
883 221 26 15 en
925 220 85 21 person,

184 248 48 15 som
256 241 24 22 af
300 241 134 23 förbiseende
456 243 84 21 erhållit
562 243 66 22 sådan
645 243 106 27 rättighet,
766 243 41 21 kan
823 243 86 22 komma
924 245 31 19 att
969 242 41 22 för-

185 270 71 21 klaras
279 271 123 22 densamma
423 271 106 28 förlustig.
559 271 109 28 Själffallet
691 273 43 24 bör,
749 272 73 21 därest
837 272 69 21 denna
918 272 92 21 bestäm-

185 299 52 27 ning
259 305 35 15 om
316 302 32 19 att
363 299 170 28 gårdfarihandel
554 300 32 22 får
600 301 61 21 idkas
677 301 76 21 endast
767 300 58 21 inom
841 303 32 19 ett
887 301 34 20 län
943 300 68 21 skulle

185 327 113 26 uteslutas,
314 328 64 21 också
399 329 7 20 i
429 329 13 21 6
457 332 118 19 momentet
597 329 62 22 ordet
676 330 159 26 »guvernören>
852 329 112 21 förändras
979 328 31 22 till

187 358 140 25 »guvernör».
341 357 42 27 Jag
397 363 64 16 anser
477 357 76 26 därför,
564 360 32 19 att
610 358 45 21 skäl
666 357 114 22 förefinnes
791 357 32 22 för
834 357 177 28 borgareståndet

184 387 32 18 att
232 385 100 21 vidblifva
348 386 40 21 den
404 386 111 21 liberalare
531 387 39 21 och
585 387 49 21 med
651 385 180 28 näringsfriheten
848 393 45 14 mer
903 386 107 21 öfverens-

184 414 135 21 stämmande
334 414 103 25 lokution,
453 421 45 15 som
511 415 39 27 jag
564 415 128 21 härutinnan
708 415 94 27 påyrkat.

255 442 168 22 Vidkommande
437 443 14 21 4
467 450 63 14 mom.
546 444 37 21 ber
596 443 38 27 jag
648 446 32 18 att
695 444 47 20 med
758 443 116 27 anledning
888 443 22 21 af
921 443 25 21 hr
957 443 53 21 Bro-

184 470 66 22 feldts
266 472 98 26 yttrande
379 471 20 21 få
415 472 89 25 anmäla,
519 475 32 18 att
562 472 38 27 jag
615 473 7 20 i
637 472 41 21 allo
694 472 125 21 instämmer
834 472 7 22 i
853 472 53 21 hans
916 472 94 27 yrkande

184 499 82 23 därom,
281 502 31 18 att
327 500 65 21 orden
411 501 76 21 »innan
503 501 66 21 sådan
585 503 37 25 egt
636 507 60 15 rum»
714 500 45 22 icke
774 500 53 22 böra
842 501 50 27 ingå
906 500 6 21 i
927 499 82 23 författ-

184 528 86 26 ningen,
290 528 38 21 och
351 528 41 22 kan
405 529 38 27 jag
460 528 74 22 förena
550 530 43 26 mig
608 529 128 21 därutinnan
751 530 7 20 i
774 529 41 21 den
831 530 116 24 redaktion,
963 535 46 15 som

184 556 26 21 hr
225 557 144 27 Heimbärger
385 557 115 27 föreslagit.
524 558 33 21 Då
572 558 125 27 uttryckligt
706 558 95 27 yrkande
811 558 23 21 af
842 558 25 21 hr
877 558 60 27 Hjelt
946 557 64 21 fram-

184 585 77 25 ställts,
276 588 30 18 att
321 586 66 21 orden
411 586 63 22 >»eller
493 586 23 22 af
536 586 93 22 ledamot
644 587 6 21 i
666 586 219 22 hälsovårdsnämden
901 586 58 26 eller,
974 592 35 15 om

185 614 67 21 sådan
268 614 18 27 ej
309 614 75 26 finnes,
400 615 93 21 ledamot
507 615 7 21 i
529 615 228 21 kommunalnämden»
775 615 52 21 böra
843 615 114 27 utstrykas,
972 614 38 22 ber

183 642 37 27 jag
234 645 34 19 att
282 643 7 21 i
304 642 221 23 öfverensstämmelse
541 644 47 21 med
601 644 55 21 hvad
664 644 38 26 jag
712 644 90 26 tidigare
815 644 77 21 nämde
902 644 20 20 få
933 644 77 21 under-

184 671 62 21 stöda
257 671 52 21 hans
324 671 86 27 förslag.
433 672 70 22 Också
518 673 142 21 understöder
672 672 39 28 jag
725 672 24 22 hr
761 672 71 27 Hjelts
843 672 79 27 förslag
932 671 78 22 beträf-

184 699 64 21 fande
264 700 153 28 motiveringen
433 701 12 21 å
461 701 85 21 sidorna
561 702 29 20 24
604 701 39 21 och
658 701 28 21 25
702 702 30 20 uti
745 701 144 21 betänkandet
901 701 109 27 angående

184 728 117 22 innehållet
322 729 7 21 i
352 730 26 20 de
401 730 277 26 brottmålsförteckningar,
694 736 45 15 som
761 731 159 25 guvernörerna
942 729 68 21 skulle

183 756 89 28 åläggas
295 760 31 18 att
348 758 45 21 föra
416 758 59 21 öfver
499 758 199 27 gårdfarihandlare.
729 758 170 22 Vidkommande
914 758 95 26 återigen

184 792 64 14 mom.
265 786 13 21 6
298 786 41 21 kan
359 786 38 27 jag
419 787 6 21 i
447 787 42 21 allo
511 786 74 22 förena
604 787 44 27 mig
663 793 35 15 om
713 787 25 21 hr
755 787 155 27 Heimbärgers
925 786 85 27 förslag,

184 813 88 22 hvarför
294 815 48 21 mitt
362 814 81 28 förslag
458 815 127 21 härutinnan
604 816 46 21 icke
665 815 102 22 behöfver
782 816 86 20 komma
883 815 67 21 under
966 821 44 15 om-

183 843 109 27 röstning;
304 843 38 27 jag
361 846 24 18 är
406 844 106 26 nämligen
535 850 51 15 ense
608 844 49 21 med
672 844 79 21 honom
767 844 80 26 därom,
863 846 30 19 att
908 844 66 21 orden
992 844 19 20 »i

183 871 79 21 allmän
279 872 45 26 lag»
342 872 60 21 äfven
419 872 52 22 böra
486 872 111 22 uteslutas.

254 928 46 22 Hra
312 929 54 21 Sch
374 930 49 20 vin
433 930 38 21 dt:
487 930 54 21 4:stä
550 930 105 21 kohdasta
668 932 50 19 ovat
728 930 65 21 toiset
803 929 109 21 tahtoneet
922 930 88 26 poistet-

184 957 84 20 tavaksi
291 957 143 28 määräyksen,
450 960 43 19 että
515 958 186 27 kulkukauppiaan
724 965 28 14 on
775 959 123 26 näytettävä
912 958 99 26 passinsa

184 985 237 26 poliisiviranomaisille
436 986 120 21 ennenkuin
568 987 41 20 hän
620 987 74 27 ryhtyy
705 986 180 27 kulkukauppaan
895 986 115 25 kunnassa,

184 1013 65 22 toiset
264 1014 96 22 tahtovat
375 1015 162 26 poistettavaksi
546 1015 144 27 määräyksen,
701 1017 44 19 että
755 1015 187 26 kulkukauppiaan
953 1014 57 21 tulee

184 1043 87 26 näyttää
287 1043 140 22 vaadittaessa
440 1044 245 27 terveystodistuksensa
692 1044 24 27 ja
725 1044 100 27 passinsa
836 1043 173 21 kunnallislauta-

184 1070 88 22 kunnan
292 1071 103 27 jäsenille.
425 1072 61 21 Vielä
508 1073 64 20 toiset
594 1072 97 21 tahtovat
713 1072 114 27 molempia
843 1071 167 28 poistettavaksi.

184 1098 77 22 Minun
277 1100 117 21 mielestäni
410 1107 27 14 on
454 1101 128 26 poistettava
596 1101 161 21 ensinmainittu
773 1102 96 25 määräys
885 1100 124 25 sentähden,

183 1129 46 19 että
252 1134 24 15 se
299 1129 55 20 tulee
370 1135 101 16 monessa
485 1129 140 27 tapauksessa
640 1129 197 27 kulkukauppiaille
852 1129 63 26 hyvin
930 1128 79 21 hanka-

184 1155 54 22 laksi
254 1159 111 24 toteuttaa,
381 1157 44 22 kun
441 1158 185 27 kulkukauppiaan
645 1158 58 21 usein
715 1158 87 21 kunnan
813 1157 89 21 alueelle
912 1157 97 21 tultuaan

183 1185 87 26 täytyisi
282 1185 77 22 kulkea
373 1186 68 27 pitkät
453 1186 81 21 matkat
544 1187 120 20 ennenkuin
675 1186 41 21 hän
728 1186 55 21 voisi
793 1186 64 21 saada
869 1185 141 27 poliisiviran-

183 1213 97 21 omaisen
303 1214 99 21 käsiinsä.
433 1215 97 21 Samasta
552 1217 71 25 syystä
646 1215 100 21 tahtoisin
769 1215 94 26 pidättää
875 1214 135 27 jälkimäisen

184 1242 146 27 määräyksen.
350 1243 258 22 Kunnallislautakunnan
621 1243 84 27 jäseniä
720 1249 28 15 on
764 1245 50 19 näet
827 1243 82 27 ympäri
925 1242 84 27 pitäjää.

182 1270 41 21 Jos
239 1270 172 28 kulkukauppias
427 1278 27 15 on
471 1272 125 21 velvollinen
611 1272 144 21 vaadittaessa
770 1273 135 25 näyttämään
921 1270 89 22 kunnal-

184 1298 172 23 lislautakunnan
375 1300 104 26 jäsenelle
493 1301 103 26 passinsa,
611 1301 90 20 voidaan
717 1300 65 21 häntä
804 1300 58 27 pitää
877 1299 73 22 olevan
967 1299 43 21 val-

184 1333 86 15 vonnan
293 1328 93 21 alaisena
408 1329 91 21 melkein
521 1329 48 21 siitä
591 1329 83 25 saakka,
690 1329 43 21 kun
757 1328 41 21 hän
819 1328 87 21 kunnan
921 1327 89 22 alueelle

182 1361 91 22 saapuu.

252 1385 70 26 Hyvin
339 1388 73 19 monet
427 1388 49 19 ovat
491 1386 93 27 pitäneet
600 1386 40 21 sitä
654 1385 131 22 ihmisarvoa
799 1385 152 23 loukkaavana,
967 1386 43 20 että

183 1413 160 27 passituksessa
363 1414 144 21 mainittaisiin
523 1414 154 22 asianomaisen
694 1414 132 21 ulkomuoto.
855 1414 27 21 Ei
897 1414 41 21 sitä
953 1413 57 21 aina-

182 1441 55 22 kaan
254 1441 94 22 Suomen
368 1443 79 21 valtion
464 1443 118 21 rautateillä
596 1443 109 27 pidettäne
720 1442 166 25 loukkauksena,
902 1441 43 22 kun
961 1443 49 20 näet

182 1470 146 27 vuosipilettiä
350 1471 184 27 rautatiematkoja
556 1474 73 18 varten
651 1471 113 27 myydessä
778 1471 111 21 vaaditaan
905 1469 106 22 valokuva

182 1498 92 27 pilettiin
291 1498 27 22 eli
332 1499 157 27 passitukseen.
518 1498 70 23 Sehän
604 1506 28 14 on
648 1499 55 21 vielä
718 1499 105 27 tarkempi
839 1500 95 26 määräys
950 1498 60 22 ulko-
