1086 1742
59 94 24 18 17
94 99 20 16 p.
127 94 85 18 heinäk.
374 86 206 35 Painovapauslaki.
844 86 43 22 873

131 162 120 23 Sittenkuin
262 164 39 21 hra
318 162 189 28 Wiljakainen
524 162 144 28 oliluopunut
676 162 181 21 ehdotuksestaan
863 161 24 27 ja

61 191 124 22 keskustelu
200 193 71 20 tämän
285 192 84 27 jälkeen
386 191 28 21 oli
426 191 108 27 julistettu
551 190 148 28 loppuneeksi,
711 190 50 27 jätti
771 190 39 21 hra
820 190 67 27 puhe-

61 220 54 21 mies
131 220 78 27 säädyn
225 220 154 22 vastattavaksi
395 226 117 15 seuraavan
528 219 218 28 äänestysesityksen:

131 282 64 22 Jotka
217 282 137 29 hyväksyvät
374 282 154 21 valiokunnan
547 283 30 20 24
590 282 55 27 $:ää
660 282 106 20 koskevan
781 281 104 21 ehdotuk-

61 318 45 18 sen,
121 312 128 20 äänestävät
259 312 54 27 jaa;
324 311 64 27 jotka
402 311 45 21 sitä
462 311 58 21 eivät
536 312 36 25 tee,
588 312 129 19 äänestävät
731 310 32 26 ei;

125 373 38 27 jos
186 373 20 21 ei
224 373 90 27 voittaa,
333 380 28 14 on
376 375 64 26 sääty
452 374 122 26 päättänyt
586 374 74 26 pysyä
675 372 140 22 varhemmin
830 374 58 20 tästä

63 402 149 21 tekemässään
225 402 146 28 päätöksessä.

132 464 153 22 Toimitetussa
299 464 225 28 lippuäänestyksessä
538 464 104 22 annettiin
658 464 121 27 esitykseen
789 464 100 21 vastauk-

62 493 58 21 seksi
137 493 27 21 26
177 493 36 27 jaa
225 493 23 27 ja
263 493 28 21 29
306 493 25 25 ei,
343 493 23 27 ja
382 495 59 25 sääty
457 493 28 21 oli
501 494 37 20 siis
553 495 112 25 päättänyt
675 494 66 26 pysyä
749 498 70 16 ennen
830 492 58 22 teke-

64 523 98 19 mässään
178 522 139 26 päätöksessä
333 521 71 21 mikäli
419 522 80 21 koskee
515 523 120 26 määräystä
646 522 49 21 siitä
706 521 97 27 paikasta
816 521 73 27 paino-

64 550 170 27 kirjoituksessa,
249 550 65 21 mihin
331 550 82 21 vastine
428 556 28 16 on
473 552 99 20 otettava.

133 619 28 21 53
177 620 33 26 S:n
224 618 102 28 johdosta
341 618 69 22 lausui

133 681 40 21 hra
188 681 186 27 Cederberg:
395 682 43 26 Jag
453 681 69 21 skulle
538 682 25 20 be
579 683 30 20 att
624 681 22 21 fä
661 683 51 25 göra
722 682 121 21 enrättelse
858 681 31 21 till

43 708 7 7 *
64 710 117 21 utskottets
200 709 300 28 sammanjämkningsförslag
517 710 6 21 i
538 710 56 21 hvad
609 710 67 27 angär
691 710 26 21 de
731 710 159 27 anteckningar,

65 744 46 16 som
135 738 131 22 förekomma
289 738 68 21 under
378 738 12 27 &
413 738 34 21 26.
477 738 70 22 Dessa
561 738 153 27 anteckningar
729 740 37 20 äro
782 738 108 28 nämligen

64 766 106 28 felaktiga,
185 767 109 21 beroende
316 767 28 27 pä
366 767 40 21 den
422 767 64 21 korta
500 768 37 25 tid,
553 774 46 14 som
615 767 33 21 för
663 767 227 27 korrekturläsningen

66 796 52 20 stätt
133 795 105 21 utskottet
253 796 32 20 till
301 796 60 20 buds.
392 795 183 27 Borgareständet
589 796 39 21 har
643 796 71 21 säsom
725 796 66 21 kändt
803 796 88 26 vidtagit

66 824 91 26 ändring
178 824 58 21 såväl
251 825 6 20 i
273 824 28 21 26
317 824 12 26 $
345 830 45 15 som
407 824 65 21 också
486 824 7 21 i
508 824 28 22 28
551 825 20 26 &.
600 824 135 22 Beträffande
751 826 11 23 &
779 824 27 21 26
821 824 70 22 beslöt

65 852 180 27 borgareständet
259 855 32 19 att
305 852 156 22 äterremittera
476 853 124 21 densamma
615 853 31 21 till
661 853 141 27 lagutskottet
816 853 33 21 för
859 853 32 21 in-

65 881 88 22 förande
169 881 22 21 af
204 882 118 26 stadgande
338 881 79 26 därom,
428 884 32 19 att
475 881 279 28 landtdagsförhandlingar,
765 882 27 21 dä
807 882 26 21 de
851 888 40 21 ega

66 916 48 15 rum
134 909 55 22 inför
208 910 71 21 slutna
302 910 80 25 dörrar,
397 910 45 21 icke
465 909 21 22 fä
501 910 160 27 offentliggöras
676 912 50 20 utan
743 910 100 22 särskildt
859 912 32 19 ut-

67 938 90 21 värkadt
171 939 101 25 tillstånd,
288 939 39 20 och
342 938 132 22 beträffande
490 939 12 26 $
517 939 28 21 28
560 941 31 19 att
606 941 78 25 antaga
695 939 40 21 den
747 939 86 28 lydelse,
844 945 47 15 som

67 967 121 26 föreslagits
204 968 6 20 i
221 967 40 21 den
277 967 77 27 nådiga
369 968 168 26 propositionen.
557 967 59 22 Båda
631 967 150 28 paragraferna
796 967 63 22 hafva
871 967 22 21 af

67 995 40 22 alla
123 995 68 27 öfriga
206 996 62 21 stånd
285 995 68 22 blifvit
368 996 118 26 godkända.
507 996 167 27 Anteckningen,
686 1003 45 14 som
744 996 68 21 finnes
824 996 68 21 under

67 1025 12 26 $
96 1024 33 25 26,
145 1024 90 21 omtalar
250 1024 123 25 emellertid,
388 1026 32 19 att
435 1027 33 18 tre
484 1025 73 21 stånds
573 1025 71 21 beslut
656 1024 113 28 föreligger
781 1025 111 26 angående

68 1054 12 25 &
96 1053 33 25 26,
145 1059 49 14 men
209 1053 39 21 bör
268 1053 155 26 anteckningen
439 1053 65 21 också
519 1053 55 27 gälla
588 1054 13 26 8
617 1053 33 21 28.
679 1053 42 27 Jag
735 1053 69 22 skulle
819 1052 73 22 därför

67 1081 27 21 be
109 1087 34 15 om
160 1083 31 19 att
205 1081 22 22 fä
242 1081 89 27 uppläsa
351 1081 40 21 den
412 1081 78 27 riktiga
504 1081 100 28 lydelsen,
620 1088 47 15 som
682 1082 155 27 anteckningen
853 1081 39 22 bör

67 1109 68 26 hafva,
157 1110 19 21 d.
191 1117 19 14 v.
226 1117 16 14 s.
259 1110 68 21 under
343 1111 10 25 8
369 1110 38 21 26:
432 1110 169 27 »Ridderskapet
617 1110 39 21 och
672 1110 67 26 adeln,
754 1113 82 24 präste-
852 1110 40 21 och

67 1138 162 21 bondeständen
245 1138 62 21 hafva
323 1139 82 26 antagit
422 1138 126 27 paragrafen
564 1139 135 26 oförändrad,
714 1139 179 27 borgareständet

67 1167 38 21 har
125 1167 166 21 äterremitterat
313 1167 126 26 paragrafen
462 1167 33 21 för
517 1167 111 22 införande
646 1168 7 21 i
669 1168 126 27 stadgandet
811 1167 81 25 därom,

66 1197 32 20 att
112 1195 280 28 landtdagsförhandlingar,
406 1196 26 21 dä
448 1196 26 21 de
490 1202 39 21 ega
544 1203 47 14 rum
606 1195 56 22 inför
674 1196 70 21 slutna
755 1197 80 24 dörrar,
846 1195 47 22 icke

65 1223 22 22 fä
103 1223 160 28 offentliggöras
278 1226 51 19 utan
346 1224 70 21 därtill
432 1225 114 20 utvärkadt
561 1225 101 21 tillständ.
688 1225 58 20 Enär
762 1223 131 22 beträffande

67 1253 11 27 8
93 1253 28 20 26
143 1255 34 18 tre
196 1253 75 21 ständs
293 1253 71 21 beslut
379 1253 120 26 föreligger,
514 1252 94 22 förfaller
624 1253 40 21 den
680 1253 23 21 af
717 1253 176 27 borgareständet

66 1281 101 27 vidtagna
182 1281 163 27 förändringen;
361 1281 38 21 och
416 1282 68 21 under
502 1282 12 26 $
530 1281 37 22 28:
584 1281 169 27 »Ridderskapet
768 1281 39 22 och
823 1281 69 26 adeln,

66 1311 82 25 präste-
163 1310 40 21 och
218 1310 161 21 bondeständen
394 1309 64 22 hafva
473 1311 81 26 antagit
564 1309 124 28 paragrafen
700 1310 133 26 oförändrad,
843 1315 50 16 men

67 1338 178 27 borgareständet
266 1339 93 25 beslutit,
374 1341 32 18 att
426 1338 127 27 paragrafen
571 1339 69 20 skulle
655 1338 79 22 erhålla
749 1339 40 21 den
812 1338 81 27 lydelse

67 1373 47 14 som
130 1367 40 20 den
186 1367 77 27 nådiga
279 1367 168 26 propositionen.
477 1367 59 21 Enär
551 1367 131 21 beträffande
697 1368 12 26 &
725 1367 26 21 28
766 1369 34 19 tre
816 1367 76 21 ständs

67 1395 71 21 beslut
160 1395 120 27 föreligger,
295 1395 93 21 förfaller
411 1395 40 21 den
475 1395 23 21 af
516 1396 178 26 borgareständet
708 1396 101 26 vidtagna
823 1395 71 21 förän-

67 1423 108 27 dringen.>
208 1424 10 21 I
235 1424 37 21 sak
293 1424 61 21 torde
370 1424 58 21 detta
443 1424 47 21 icke
505 1424 88 21 invärka
608 1425 72 26 något,
696 1431 47 14 men
759 1425 64 20 dessa
839 1429 54 21 upp-

67 1451 110 28 lysningar
199 1453 62 20 torde
282 1459 50 14 vara
353 1453 134 26 nödvändiga
502 1452 34 21 för
559 1455 32 18 att
605 1459 49 14 man
670 1453 53 21 skall
738 1453 73 20 kunna
825 1451 69 22 förstä

67 1481 182 26 anteckningarna
264 1481 68 20 under
348 1481 11 26 $
374 1481 34 20 26.
