1078 1720
438 110 43 18 Den
494 111 20 16 19
527 109 43 24 Maj.
833 113 53 21 1023

95 176 81 28 tydligt
196 175 71 28 gifver
281 176 44 22 vid:
335 176 92 22 handen.
456 176 39 21 Att
509 176 132 28 svårigheter
655 176 62 22 skola
731 178 58 20 möta
803 177 36 21 vid
854 177 61 21 verk-

93 202 143 31 ställighbten
256 204 24 22 af
299 202 27 26 V.
335 204 42 30 L:s
399 204 124 28 paragrafer
543 210 35 17 om
596 210 114 17 reservens
724 207 73 20 möten
813 207 24 20 är
851 206 64 21 klart.

92 227 72 39 Dessa
179 227 137 39 svårigheter
324 233 68 21 skola
406 233 60 21 alltid
480 232 74 26 finnas,
570 233 41 22 och
627 240 34 15 om
678 239 49 16 man
741 234 68 27 gifver
823 233 95 28 uppskof

93 262 32 27 pä
139 261 42 22 fem
197 261 51 22 eller
262 262 32 21 tio
309 260 31 27 är,
355 261 62 22 torde
432 261 64 22 dessa
511 262 133 27 svårigheter
662 268 89 16 snarare
765 262 66 22 blifva
845 264 70 19 större

94 292 30 20 än
139 290 82 21 mindre
234 289 9 21 i
256 290 53 21 flere
322 289 145 26 hänseenden,
483 296 47 16 som
543 296 30 16 nu
588 290 20 27 ej
623 290 55 22 varit
692 290 7 22 i
713 290 68 27 fråga.
796 290 42 27 Jag
845 290 70 22 skulle

95 318 49 22 icke
159 317 63 22 hafva
235 318 79 27 begärt
328 318 62 22 ordet
404 318 8 21 i
427 318 69 22 denna
510 318 67 27 fråga,
593 318 29 22 dä
638 318 27 22 de
679 318 82 28 äsigter
773 319 38 27 jag
825 318 34 22 för
872 318 43 22 min

95 347 37 22 del
154 346 75 28 hyllar,
245 347 25 21 sä
284 346 34 22 till
332 346 52 22 fullo
399 346 66 22 redan
480 347 7 21 i
501 347 120 21 utskottets
636 348 137 21 betänkande
788 347 40 22 och
843 347 22 22 af
878 346 36 22 fri-

95 376 64 22 herre
180 375 86 27 Wrede,
288 375 83 27 Rabbe,
394 375 40 22 och
451 376 51 22 herr
516 376 106 22 Mechelin
636 376 67 22 blifvit
717 376 137 26 utvecklade,
866 381 49 17 men

93 405 38 27 jag
143 404 42 26 har
197 404 55 22 icke
260 404 82 22 kunnat
356 404 113 22 underlåta
483 406 34 20 att
531 404 55 22 dock
600 404 64 22 hafva
679 410 26 16 en
720 410 95 22 gensaga
824 405 31 21 till
865 411 50 21 pro-

92 432 95 23 tokollet
205 432 121 22 antecknad
345 432 49 22 med
410 433 114 27 anledning
538 432 23 22 af
574 434 32 21 ett
620 433 99 27 yttrande
735 433 22 22 af
771 439 25 16 en
812 433 52 22 ärad
881 435 33 20 ta-

94 461 53 27 lare,
163 461 50 22 herr
234 461 85 26 Munck,
343 461 25 22 sä
390 461 86 28 mycket
496 461 88 26 mindre,
602 461 28 22 dä
644 462 66 21 redan
724 461 36 22 vid
774 462 103 21 remissen
894 461 22 22 af

95 490 71 22 denna
188 490 133 27 proposition
342 489 41 22 N:o
405 492 28 19 42
449 492 32 19 ett
495 489 99 28 yttrande
609 490 8 21 i
632 496 81 16 samma
728 490 43 27 stil,
787 491 56 21 dock
858 492 57 20 ännu

94 525 61 15 mera
169 518 60 27 långt
244 518 83 27 gående
341 517 103 28 förekom,
460 520 32 20 ett
505 518 101 27 yttrande
622 525 46 15 som
683 524 34 16 om
729 520 39 26 jag
781 519 81 21 minnes
870 521 46 19 rätt

93 547 104 27 innehöll,
219 548 33 20 att
274 547 66 26 något
362 547 195 22 sammankallande
578 546 24 22 af
621 553 101 16 reserven
744 547 69 27 aldrig
828 547 88 22 borde
903 542 17 36 i

94 575 64 28 fråga
172 576 91 21 komma.
293 575 44 22 Det
352 577 24 19 är
389 575 50 22 med
455 575 100 22 afseende
571 575 13 21 å
599 575 64 22 dessa
677 576 114 27 yttranden
804 576 38 27 jag
853 582 63 15 anser

97 604 38 22 det
149 611 52 15 vara
216 603 23 22 af
251 604 43 21 viss
312 603 46 27 vigt
372 606 33 20 att
420 604 32 21 till
470 603 130 28 protokollet
615 605 80 21 uttalas
711 611 26 14 en
753 604 99 22 bestämd
865 610 50 22 pro-

93 634 47 21 test
155 634 59 21 emot
229 634 32 19 ett
275 644 28 3 —
316 632 38 27 jag
368 633 43 21 kan
425 633 49 21 icke
488 633 98 26 begagna
601 635 32 20 ett
647 633 89 21 mildare
752 633 38 21 ord
802 645 25 4 —
836 633 26 22 så
871 633 44 22 lös-

93 661 42 28 ligt
149 661 184 22 betraktelsesätt.
364 661 40 22 Om
419 661 25 22 V.
458 661 23 22 L.
498 664 24 19 är
535 661 89 28 lämplig
638 662 52 21 eller
705 661 106 28 olämplig,
822 662 92 21 tillkom-

92 697 49 16 mer
155 696 36 17 oss
205 690 48 21 icke
268 696 29 15 nu
312 691 33 20 att
360 689 80 28 pröfva,
456 691 23 26 ty
494 691 40 21 den
543 692 24 20 är
576 697 46 15 mer
630 692 26 20 än
667 691 41 26 lag,
720 691 41 21 den
769 692 24 19 är
801 697 26 15 en
836 691 78 26 grund-

95 719 37 28 lag
153 718 41 23 och
216 718 25 21 så
259 718 137 28 lättsinningt
410 718 72 22 stiftas
497 719 47 21 icke
559 719 42 27 lag,
616 721 28 19 än
658 719 82 21 mindre
755 719 111 26 grundlag,
882 720 34 20 att

89 742 71 37 hvad:
169 752 44 17 man
232 746 24 22 är
272 749 53 20 1877
341 747 8 22 i
363 747 47 28 fyra
424 747 64 22 stånd
502 748 84 27 antagit
600 747 56 22 skall
670 747 35 22 vid
719 747 69 22 första
795 747 120 26 betänklig-

95 777 39 21 het
148 775 112 28 uppgifvas
276 775 24 22 är
316 777 62 20 1882.
406 776 42 26 Jag
463 776 117 27 tillstyrker
594 776 7 21 i
616 776 43 21 alla
673 776 60 21 delar
747 775 59 22 bifall
821 776 34 21 till
867 777 48 20 vär-

95 804 214 28 nepligtsutskottets
323 804 143 22 betänkande.

164 833 56 21 Herr
242 838 41 15 von
304 833 123 21 Kramer:
449 833 57 27 Herr
520 833 106 21 Mechelin
638 833 97 26 nämnde,
752 834 33 20 att
800 833 114 25 utskottet,

94 862 67 21 innan
177 860 38 22 det
229 860 117 28 föreslagit,
362 862 33 20 att
411 862 53 20 1883
481 861 35 21 ärs
530 862 73 20 möten
617 861 49 21 med
679 866 100 16 reserven
795 861 68 21 skulle
873 860 43 22 för-

96 890 67 27 siggä,
179 888 57 22 hade
250 889 171 22 kommunicerat
436 889 32 26 sig
483 889 48 22 med
546 889 107 26 fackmän;
668 889 65 22 bland
749 890 48 21 dem
807 896 38 14 var
855 888 61 22 äfven

93 918 45 28 jag.
168 918 71 21 Dessa
254 918 74 27 gjorde
343 918 42 21 alla
399 917 153 28 invändningar
562 924 34 16 om
604 918 27 21 de
642 918 139 26 svärigheter,
792 924 46 15 som
847 917 69 21 skulle

94 946 117 23 förefinnas
232 948 33 20 att
283 953 30 15 nu
332 946 68 22 redan
415 946 25 21 är
456 947 53 21 1883
526 946 153 22 sammankalla
693 952 110 21 reserven;
823 952 50 16 men
888 946 28 20 dä

96 975 98 28 yttrades
210 975 42 26 det,
273 977 33 19 att
327 980 47 21 ,om
389 974 48 28 krig
452 976 62 21 stode
529 975 33 22 för
577 975 77 22 dörren
669 975 41 21 och
725 975 27 21 Ni
767 975 69 21 skulle
852 974 64 22 anbe-

94 1004 65 22 allas
181 1005 34 21 att
228 1004 28 27 gå
274 1006 31 24 ut,
326 1004 28 22 dä
372 1003 69 22 skulle
456 1004 28 21 Ni
498 1010 42 20 nog
554 1004 23 21 få
590 1010 101 16 reserven
706 1004 61 22 öfvad
783 1003 40 22 och
838 1002 23 22 få
875 1003 42 21 den

94 1032 79 28 färdig.
203 1032 69 22 Anser
294 1032 37 22 det
352 1038 30 16 nu
402 1032 29 27 pä
454 1038 81 16 samma
549 1033 51 25 sätt,
616 1034 33 20 att
663 1032 38 22 det
715 1035 25 18 är
753 1038 27 16 en
795 1031 121 27 befallning,

94 1061 44 22 och
154 1061 41 22 den
210 1061 55 21 skall
279 1060 103 28 ätlydas.*
406 1060 35 22 Då
455 1061 135 21 framstäldes
606 1061 27 21 de
643 1061 140 27 möjligheter,
793 1066 47 16 som
849 1060 68 22 skulle

97 1090 74 22 kunna
185 1090 53 26 göra
253 1089 43 27 det,
312 1095 48 15 men
376 1089 37 21 det
428 1090 90 20 oaktadt
532 1091 67 20 mötte
610 1088 27 23 de
647 1089 24 21 af
678 1090 109 20 utskottet
796 1088 122 28 föreslagna

96 1118 130 26 åtgärderna
241 1118 40 21 bra
299 1116 78 28 mänga
396 1116 139 28 svårigheter.
566 1118 65 21 Först
646 1118 40 21 och
700 1118 77 21 främst
792 1117 34 22 om
841 1124 29 14 nu
885 1119 33 20 ett

95 1147 37 21 val
155 1146 23 22 af
197 1147 127 27 manskapet
338 1146 33 21 till
386 1147 33 21 ett
432 1146 125 27 beständigt
570 1146 58 22 befäl
642 1146 55 22 skall
711 1148 70 25 göras,
797 1145 67 22 finnes
880 1146 38 21 det

96 1176 71 25 någon
183 1175 90 26 garanti,
288 1175 35 21 för
337 1176 33 20 att
384 1175 58 21 valet
456 1175 42 21 blir
512 1175 26 21 sä
552 1174 88 28 lyckligt
654 1176 33 20 att
701 1175 48 21 icke
765 1181 26 15 en
807 1176 45 20 stor
867 1180 50 21 pro-

95 1205 52 20 cent
161 1203 85 22 komme
261 1205 33 20 att
308 1202 101 23 afskedas
425 1203 69 22 under
503 1203 158 27 öfningstiden?
677 1203 64 21 Skola
757 1203 27 21 dä
797 1203 26 21 de
833 1202 84 28 yppade

95 1232 136 22 vakanserna
246 1232 159 21 äterbesättas?
420 1231 79 22 Vidare
513 1232 43 21 kan
570 1231 28 28 pä
613 1231 71 22 denna
698 1231 63 22 korta
776 1231 32 22 tid
823 1231 94 22 visserli-

97 1266 42 21 gen
154 1261 70 21 lärare
240 1260 159 22 ästadkommas
414 1266 49 16 men
478 1260 68 27 aldrig
560 1259 89 28 förmän,
664 1260 29 27 pä
707 1260 73 21 hvilka
795 1259 121 27 skyldighe-

94 1291 41 19 ten
149 1289 68 21 hvilar
232 1290 33 20 att
278 1289 51 21 leda
344 1288 27 22 de
385 1294 57 22 unge
456 1288 154 28 värnepligtige
626 1289 40 21 och
681 1290 34 20 att
721 1289 48 20 med
780 1287 57 28 goda
847 1294 70 15 exem-

94 1317 39 27 pel
153 1318 50 21 leda
226 1318 47 20 dem
295 1317 29 27 pä
345 1317 41 22 den
408 1323 41 21 nya
470 1317 69 21 banan
558 1317 40 21 och
612 1317 49 22 icke
675 1316 114 28 möjligtvis
804 1316 114 22 framkalla

95 1346 80 26 många
189 1346 58 21 brott
262 1347 59 19 emot
336 1345 132 27 disciplinen,
484 1352 47 14 som
546 1345 84 21 straffas
646 1346 67 25 enligt
720 1345 101 26 krigslag.
838 1345 79 21 Dervid

96 1374 38 21 vill
146 1374 38 27 jag
197 1374 86 27 päpeka
298 1374 36 20 det
348 1373 139 25 förhällande,
503 1379 47 15 som
565 1373 69 21 skulle
642 1373 79 27 uppstä
731 1372 91 22 emellan
832 1373 38 21 det
878 1373 38 20 be-

97 1402 101 28 ständiga
219 1401 81 22 befälet
322 1402 41 21 och
385 1401 27 22 de
430 1401 150 27 instruktörer,
600 1407 46 16 som
661 1401 86 21 skickas
762 1400 46 22 från
824 1400 92 27 bataljo-

95 1437 75 16 nerna.
200 1431 33 22 De
247 1430 149 27 instruktörer,
417 1436 46 16 som
481 1430 87 22 komma
581 1431 33 21 att
629 1430 80 21 sändas
723 1428 63 23 hafva
801 1430 56 22 varit
871 1435 46 15 mer

95 1460 55 22 eller
171 1460 82 22 mindre
274 1459 70 22 lärare
363 1458 33 23 för
419 1459 37 21 det
470 1464 17 16 s.
502 1458 21 22 k.
539 1458 100 28 ständiga
652 1458 81 22 befälet
749 1458 39 22 och
804 1459 69 21 mäste
888 1458 28 21 de

96 1495 53 16 vara
164 1488 70 22 dertill
254 1494 75 16 vuxna.
359 1488 45 22 När
423 1487 27 22 de
464 1487 86 23 komma
564 1488 32 21 till
610 1488 87 21 mötena
711 1486 63 23 skola
789 1487 65 22 dessa
868 1486 48 22 från

96 1518 40 22 det
151 1517 99 28 ständiga
268 1517 81 22 befälet
368 1522 51 17 vara
436 1516 82 22 förmän
533 1516 33 23 för
580 1516 55 27 dem,
651 1522 46 16 som
711 1517 56 21 varit
782 1516 64 23 deras
859 1516 58 22 lära-
