1070 1711
421 101 42 18 Den
476 102 21 17 23
510 101 44 24 Maj.
810 104 57 20 1123

72 166 48 21 med
136 166 36 21 det
187 166 46 21 inre
247 166 74 22 landet
330 167 86 27 mycket
422 166 82 28 hastigt
512 168 110 21 utvecklat
630 168 49 21 dess
690 168 137 26 sägindustri.
844 167 50 22 Men

71 194 7 21 i
93 193 78 27 Kotka,
188 194 72 22 såsom
275 195 6 21 i
297 196 138 26 Björneborg,
454 196 39 21 har
508 196 47 22 icke
571 196 89 27 aflagrat
674 196 34 26 sig
723 197 65 26 något
803 196 55 21 mått
873 196 23 21 af

71 222 155 27 förmögenhet,
242 228 46 16 som
303 224 74 21 kunde
391 224 155 26 tillgodogöras
562 224 34 22 för
606 225 66 21 andra
682 224 106 22 ändamål.
807 225 7 21 I
821 224 74 22 Kotka

72 252 39 20 här
125 258 49 14 man
190 252 80 26 begynt
284 252 70 27 bygga
369 256 26 18 em
409 248 53 35 stad
476 253 40 21 och
531 253 38 21 der
583 252 39 22 har
637 253 80 26 begynt
726 253 78 21 samlas
813 253 82 26 ganska

72 280 86 26 mycket
173 280 129 21 menniskor,
319 286 49 15 men
382 280 55 21 talet
452 282 55 19 3000
523 283 25 18 är
563 280 55 22 dock
636 281 67 26 något
718 281 61 21 raskt
792 281 102 26 tilltaget.

71 307 179 28 Myndigheterna
264 308 89 21 förliden
369 312 92 17 sommar
476 309 36 21 vid
528 311 86 19 senaste
629 308 196 27 mantalsskrifning
839 314 55 21 upp-

71 339 52 24 taga
138 337 42 20 900
194 343 110 20 personer,
318 341 50 17 man
382 337 68 21 visste
465 339 33 20 att
513 337 37 22 det
564 337 94 22 fattades
673 338 69 26 nägra
756 339 70 24 tusen,
844 343 51 16 men

71 365 28 21 de
112 365 68 22 hörde
195 365 48 22 icke
258 365 32 22 till
305 366 83 25 staden,
405 366 27 21 de
446 366 86 21 kommo
546 366 29 21 in.
606 365 72 22 Skulle
693 366 70 21 denna
773 367 45 20 orts
829 366 65 26 skap-

70 394 65 26 lynne
147 393 90 22 framför
251 394 39 21 allt
304 400 52 15 vara
370 393 23 22 af
406 394 66 22 behof
485 395 23 20 af
518 393 165 28 jernvägstrafik
698 394 33 22 för
746 396 33 19 att
793 394 102 21 utveckla

71 422 39 27 sig,
134 421 70 23 skulle
220 422 71 21 denna
310 424 45 19 orts
374 423 35 20 väl
424 424 26 20 sä
463 423 61 26 långt
538 423 53 21 böra
606 423 97 21 beaktas.
720 435 25 3 —
762 423 49 21 Men
826 429 29 14 nu
870 424 25 20 är

71 451 38 21 det
122 451 118 26 Kymmene
260 451 35 26 elf,
310 457 47 15 som
376 451 68 26 gifver
456 452 73 21 Kotka
544 452 50 20 dess
608 451 111 27 betydelse
735 451 40 21 och
790 457 47 15 som
852 451 43 22 den

70 479 102 21 behöfver
193 479 34 22 för
249 481 33 19 att
303 479 72 21 kunna
397 479 90 22 fortfara
509 480 49 21 med
579 479 33 22 sin
627 479 139 27 sägindustri,
782 479 40 22 och
839 479 55 22 efter

70 507 67 27 några
152 507 113 22 decennier
280 509 25 20 är
319 508 72 21 Kotka
407 514 26 15 en
449 508 49 21 stad
509 509 44 20 lika
563 507 122 27 betydande
694 514 46 15 som
750 507 143 28 Björneborg;

70 542 50 15 men
141 535 33 22 för
196 536 134 21 närvarande
348 538 25 19 är
388 536 38 22 det
439 537 48 21 icke
502 536 67 22 fallet.
600 536 62 22 Hvad
677 537 65 26 linjen
757 536 139 27 Uleäborg—

72 564 75 21 Waala
161 565 134 21 vidkommer
313 565 71 21 skulle
400 565 39 27 jag
454 565 83 21 kanske
552 565 64 21 ställa
632 565 41 21 den
687 565 77 21 främst
779 565 74 21 derest
868 565 25 21 R.

70 598 20 16 0.
106 593 25 21 A.
147 592 41 22 fätt
203 593 94 21 medhäll
311 592 49 22 frän
375 594 26 21 de
417 594 66 20 andra
499 593 91 21 ständen
605 594 7 20 i
628 594 38 20 sitt
680 592 69 22 första
763 593 72 21 beslut
845 593 50 21 med

69 621 65 27 linjen
156 621 47 21 frän
226 622 119 20 Davidstad
367 622 32 20 till
422 622 90 27 Kuopio.
542 622 34 21 Dä
591 622 37 21 det
643 628 35 15 ser
695 623 24 19 ut
734 623 33 19 att
780 621 66 22 blifva
861 623 34 20 ett

72 650 163 22 ständerbeslut
258 652 34 19 att
312 650 76 21 förena
408 650 109 26 Uleäborg
535 650 50 22 med
601 650 37 21 det
652 650 65 21 södra
731 650 164 26 jernbansnätet

72 678 82 22 medels
178 684 26 16 en
227 679 156 21 österbottnisk
404 679 114 25 kustbana,
541 679 42 21 kan
599 678 37 27 jag
650 678 48 21 icke
713 678 74 21 förena
802 678 43 27 mig
860 684 34 16 om

71 707 105 26 förslaget
191 708 33 20 att
238 707 49 21 med
303 713 32 20 en,
351 708 31 20 lät
396 713 52 15 vara
462 708 84 26 måttlig
562 707 128 21 subvention
707 706 148 22 åstadkomma
866 712 27 15 en

71 736 133 25 privatbana,
228 735 42 20 den
289 735 35 20 mä
338 736 66 20 sedan
419 736 62 20 lända
500 736 109 25 Uleäborg
623 735 49 20 stad
688 735 39 20 och
743 735 85 21 trakten
845 734 48 21 der-

71 763 98 27 omkring
184 763 32 21 till
231 763 89 21 förmån.
336 764 42 26 Jag
391 763 92 21 förbiser
497 763 53 26 icke,
561 765 33 20 att
603 764 68 20 banan
680 763 214 26 Uleäborg—Waala

71 792 49 21 icke
135 791 77 22 endast
228 791 58 22 afser
301 793 33 20 att
343 793 77 20 beröra
430 791 108 28 Uleäborg
549 792 60 21 stads
620 791 108 21 intressen
738 793 51 19 utan
798 791 41 21 den
847 790 47 22 vid-

71 820 98 21 sträckta
190 819 88 22 trakten
300 821 62 26 kring
380 820 100 27 Uleäsjös
499 821 162 25 vattensystem,
680 825 49 15 men
746 819 27 21 dä
788 819 43 22 alla
845 819 49 22 icke

70 849 74 21 kunna
158 848 143 27 lyckliggöras
315 849 29 26 pä
359 855 26 15 en
401 849 62 26 gäng,
479 849 68 21 mäste
563 848 102 26 gäfvorna
679 847 101 22 utskiftas
788 848 56 26 jämt
852 847 41 21 och

71 877 88 21 rättvist
174 876 40 21 och
229 877 48 21 icke
293 877 33 21 för
340 877 85 27 mycket
439 877 28 26 pä
483 878 32 20 ett
529 877 49 21 häll.
595 876 43 21 Det
654 878 24 19 är
693 876 39 21 allt
746 876 57 21 hvad
812 876 38 27 jag
860 875 34 22 för

71 905 43 21 min
130 905 33 21 del
179 905 29 27 pä
222 905 71 21 denna
306 906 104 26 landtdag
425 905 68 21 skulle
501 906 72 21 kunna
583 905 92 25 förorda,
686 905 107 26 nämligen
802 904 92 22 subven-

70 934 45 21 tion
137 933 33 21 för
185 934 70 20 banan
276 934 275 27 Loimijoki—Björneborg
571 934 40 21 och
626 933 51 21 sker
693 933 36 21 det
744 933 68 21 under
826 933 68 21 förut-

69 962 97 27 sättning
182 964 32 19 att
232 962 214 27 jernvägsutskottet
463 962 41 22 fätt
519 962 82 22 visshet
616 968 34 15 om
667 963 33 19 att
715 962 41 21 den
771 963 69 19 större
856 961 37 21 de-

68 991 37 21 len
127 990 23 22 af
162 990 88 27 kapital,
271 996 46 16 som
336 991 68 21 borde
419 991 92 21 beredas
527 991 28 27 pä
570 990 85 22 enskild
670 992 41 24 väg
726 990 41 21 kan
782 990 111 26 verkligen

70 1020 86 21 komma
170 1021 34 19 att
218 1018 33 22 för
266 1019 122 21 ändamälet
402 1019 100 26 erhällas,
519 1020 40 21 och
571 1020 33 20 att
611 1019 147 27 Björneborgs
766 1018 49 22 stad
824 1018 69 21 skulle

71 1048 64 21 hafva
149 1048 72 26 energi
238 1054 41 21 nog
295 1050 32 19 att
342 1048 58 27 sörja
414 1048 34 21 för
461 1050 80 19 resten.

138 1076 58 22 Herr
211 1076 173 27 Gripenberg,
400 1076 103 22 Lennart:
526 1076 41 26 Jag
581 1076 39 21 ber
634 1075 22 21 fä
673 1076 102 21 anmärka
790 1076 33 20 att
835 1075 39 27 jag
889 1074 7 22 i

71 1105 116 21 allmänhet
209 1105 58 21 icke-
280 1104 46 22 haft
348 1104 83 22 tillfälle
451 1106 32 20 att
499 1105 86 25 deltaga
599 1104 7 21 i
621 1104 158 26 behandlingen
794 1103 24 21 af
831 1104 65 21 dessa

72 1134 126 27 petitioner.
235 1132 139 22 Beträffande
396 1133 50 22 herr
459 1133 116 21 Mechelins
591 1132 81 27 förslag
686 1132 33 21 för
733 1132 130 25 behandling
878 1131 24 22 af

70 1161 82 27 frägan
168 1162 26 21 sä
208 1167 51 16 vore
275 1161 61 22 detta
350 1161 82 22 kanske
448 1162 37 20 det
499 1161 193 26 konsegventaste;
708 1161 37 20 det
759 1161 39 20 har
808 1160 55 21 dock
873 1167 27 15 en

71 1190 117 26 olägenhet
208 1191 49 20 med
272 1190 34 27 sig
321 1189 40 22 och
381 1190 37 21 det
433 1192 24 19 är
474 1190 47 25 den,
538 1192 33 18 att
586 1189 60 21 äfven
662 1189 68 21 under
743 1189 155 26 förutsättning

73 1219 34 20 att
129 1219 117 21 ständerna
265 1218 115 22 förordade
400 1225 26 15 en
440 1218 236 27 jernvägssubvention,
693 1218 38 20 det
745 1217 47 22 icke
806 1217 40 21 fins
862 1219 35 19 sä-

72 1246 78 22 kerhet
165 1247 53 21 eller
233 1253 39 15 ens
287 1247 71 26 nägon
372 1247 50 21 män
439 1247 23 20 af
474 1245 153 28 trovärdighet,
639 1248 33 19 att
682 1246 41 21 den
735 1245 69 22 skulle
812 1245 86 22 komma

71 1277 35 19 att
118 1275 84 21 anlitas.
234 1275 73 21 Skulle
322 1281 49 15 man
391 1275 116 21 inskränka
523 1275 32 26 sig
570 1274 32 21 till
618 1276 33 19 att
665 1274 87 21 förorda
767 1274 129 21 subvention

70 1303 35 22 för
119 1304 78 21 endast
212 1310 26 15 en
253 1303 23 22 af
289 1304 27 21 de
331 1303 123 27 föreslagna
467 1303 171 27 privatbanorna,
655 1303 25 20 sä
694 1303 72 20 kunde
777 1302 38 21 det
824 1303 72 20 hända

71 1334 35 19 att
127 1333 70 20 denna
218 1332 56 21 bana
297 1332 49 21 icke
367 1332 70 21 skulle
458 1331 65 21 hafva
537 1331 68 26 utsigt
620 1333 33 18 att
668 1331 120 25 realiseras,
803 1337 49 14 men
868 1330 28 21 de

73 1359 68 22 andra
160 1360 49 21 icke
231 1359 69 22 häller
321 1359 73 22 kunna
414 1359 81 22 erhälla
510 1359 127 22 subvention
654 1359 68 20 ehuru
738 1359 26 20 de
780 1358 116 27 möjligtvis

71 1388 50 22 med
137 1388 124 21 densamma
275 1388 71 21 skulle
360 1388 73 21 kunna
447 1388 86 20 komma
551 1387 33 21 till
599 1386 120 21 utförande.
749 1386 61 21 Hvad
826 1387 70 20 banan

75 1410 155 38 Björneborg—
237 1410 116 38 Loimijoki
365 1415 108 27 beträffar,
489 1415 40 22 har
540 1415 39 28 jag
593 1415 48 21 icke
656 1414 108 27 deltagit
758 1410 13 38 i
775 1414 124 22 diskussion

75 1451 36 16 om
126 1445 131 26 densamma,
273 1451 49 15 men
338 1447 46 19 tror
400 1445 55 26 icke,
471 1446 33 20 att
517 1443 210 28 jernvägsutskottet
741 1443 39 22 har
794 1443 47 22 haft
855 1442 43 22 till-

74 1475 57 26 gång
145 1474 33 21 till
191 1474 68 26 några
278 1473 96 28 detaljer,
395 1479 46 16 som
457 1473 69 22 skulle
541 1473 55 27 gifva
610 1472 34 22 för
659 1472 92 26 handen,
768 1474 32 20 att
816 1471 82 22 företa-

75 1505 38 25 get
135 1503 42 22 kan
200 1503 114 22 realiseras
338 1503 130 23 åtminstone
487 1503 7 20 i
514 1503 107 21 närmaste
636 1501 93 22 framtid.
759 1500 139 23 Beträffanda
