1084 1720
203 113 54 20 1446
522 110 42 17 Den
577 111 10 16 3
599 110 50 18 Juni.

174 176 58 21 finna
246 175 33 22 för
293 177 96 20 läseåret
406 178 147 23 1870—1871,
570 178 33 19 att
618 177 63 20 dessa
696 176 70 21 elever
780 181 52 16 voro
846 175 110 22 fördelade
970 175 30 26 på

174 205 69 21 första
259 204 32 21 till
307 205 67 26 fjerde
390 204 111 22 klasserna
516 205 6 20 i
538 205 80 21 dubbla
633 203 132 28 afdelningar
773 204 40 21 och
822 204 60 21 detta
889 203 38 22 allt
934 203 63 21 fram-

174 235 57 24 gent.
262 233 34 21 Då
311 233 133 21 läroverkets
460 232 124 27 förändring
597 233 90 25 beslöts,
703 233 118 20 inrättades
836 232 48 21 icke
899 232 99 27 parallel-

173 261 86 22 klasser
272 262 50 21 med
336 261 84 22 finskan
436 267 46 16 som
499 261 236 26 undervisningsspråk,
747 261 68 21 ehuru
829 260 81 27 förslag
924 261 75 20 derom

173 290 96 23 väcktes,
293 292 51 19 utan
367 296 40 15 ena
430 289 225 28 parallelafdelningen
677 290 94 26 indrogs.
801 289 39 22 Att
859 289 93 27 jämföra
966 291 33 19 ett

174 319 89 21 dubbelt
277 318 99 22 läroverk
391 319 49 21 med
456 321 31 19 ett
502 319 73 21 enkelt
590 321 23 19 är
635 319 7 20 i
664 318 72 27 hvarje
751 318 38 21 fall
802 318 49 21 icke
867 317 66 28 något
948 317 49 22 vitt-

173 347 94 22 nesbörd
282 353 35 15 om
331 347 108 21 statistisk
453 347 140 26 noggranhet.
868 363 1 3 .

242 375 99 22 Friherre
356 376 104 26 Wrede,
477 376 75 21 Rabbe
567 375 64 22 Axel:
657 376 42 27 Jag
713 375 43 22 kan
773 375 49 30 icke
837 375 114 21 underlåta
966 375 33 20 att

173 404 86 27 påpeka
273 404 116 22 huruledes
404 405 26 20 de
450 405 54 24 skäl,
520 411 46 15 som
582 403 22 22 af
619 404 108 26 åtskilliga
743 404 68 21 talare
826 403 70 22 blifvit
910 403 89 22 anförda

173 432 34 21 för
221 432 169 26 förfinskningen
405 432 22 22 af
441 432 31 22 St.
488 433 90 21 Michels
594 433 92 21 svenska
704 432 90 28 lyceum,
806 432 120 26 egentligen
935 437 65 21 synes

174 462 44 25 mig
234 462 77 21 utreda
326 461 53 21 eller
393 462 54 21 söka
462 462 77 20 utreda
554 461 157 27 behöfligheten
728 460 23 22 af
765 463 33 19 ett
807 460 65 22 finskt
880 460 82 27 lyceum
970 460 29 26 på

175 490 70 20 denna
261 493 40 23 ort;
316 496 49 15 men
380 490 115 26 ingalunda
510 490 80 22 bevisa,
607 492 33 18 att
655 492 32 19 ett
702 490 88 22 svenskt
804 489 100 22 läroverk
914 489 83 21 derstä-

175 518 37 20 des
236 518 69 21 skulle
327 524 52 15 vara
401 518 122 26 obehöfligt.
558 518 71 22 Saken
645 518 67 26 gäller
724 518 47 27 just
786 518 67 25 detta,
869 518 106 20 huruvida
990 517 7 21 i

175 546 32 21 St.
222 546 79 22 Michel
317 546 109 22 erfordras
443 548 31 20 ett
490 547 89 21 svenskt
593 546 98 22 läroverk
708 546 52 22 eller
774 546 54 22 icke.
845 546 57 22 Herr
911 545 86 21 Palmén

173 575 40 21 har
226 575 55 21 talat
297 581 34 15 om
347 575 189 27 öfverproduktion
551 576 28 26 på
595 575 37 21 det
647 576 85 26 andliga
742 575 104 21 området.
876 574 42 26 Jag
929 574 71 21 måste

175 603 106 27 bekänna,
297 605 33 20 att
345 604 38 21 det
400 604 108 21 förefaller
522 604 44 27 mig
580 604 67 26 något
662 604 145 27 egendomligt
822 605 33 20 att
869 602 54 23 höra
938 603 61 21 detta

173 633 67 20 motiv
255 632 46 21 från
317 633 32 21 ett
364 632 49 27 håll,
430 633 38 21 der
482 639 50 15 man
547 633 48 22 icke
611 633 77 26 drager
702 633 7 21 i
725 633 135 21 betänkande
872 633 32 20 att
912 632 86 26 petitio-

173 667 52 15 nera
241 667 34 15 om
291 663 32 19 ett
345 663 60 19 snart
420 661 65 26 sagdt
500 662 96 26 oändligt
611 661 59 20 antal
685 661 66 27 högre
766 660 169 22 lärdomsskolor
949 661 49 20 med

172 689 67 21 finskt
254 689 239 27 undervisningsspråk,
509 690 73 21 hvilka
597 689 123 27 antagligen
736 689 32 22 till
784 691 82 20 största
881 689 62 21 delen
953 689 46 20 må-

173 720 34 19 ste
223 717 86 22 komma
324 720 33 19 att
371 717 147 28 freqventeras
534 718 23 21 af
570 719 77 25 elever,
664 724 45 15 som
723 719 48 20 icke
787 718 63 21 hafva
864 717 74 27 utgått
951 717 48 21 från

173 747 86 20 bildade
273 747 50 21 hem
343 746 40 21 och
403 747 33 21 för
455 747 73 21 hvilka
542 747 142 21 fortkomsten
698 747 8 21 i
721 747 66 25 lifvet,
803 753 50 14 vare
869 747 33 26 sig
918 746 26 21 de
959 752 37 19 ge-

172 775 78 26 nomgå
265 775 122 21 läroverket
402 775 39 22 och
457 777 56 20 ännu
528 775 33 22 för
577 776 37 21 det
629 777 69 20 större
714 775 99 26 flertalet,
826 781 46 15 som
880 774 61 27 afgår
951 773 45 22 före

173 803 94 22 afslutad
288 804 59 25 kurs,
372 803 40 21 blir
434 805 82 26 ganska
536 804 83 21 osäker.
655 804 82 27 Frågan
753 810 34 15 om
802 803 157 27 behöfligheten
975 802 24 21 af

172 831 89 22 svenskt
275 832 100 21 läroverk
390 832 7 21 i
412 832 31 21 St.
459 832 78 21 Michel
553 833 39 20 bör
607 832 55 21 dock
677 833 47 20 icke
740 832 102 22 bedömas
858 831 139 22 uteslutande

172 860 48 20 med
236 859 82 27 hänsyn
333 860 32 20 till
381 860 184 26 elevfreqvensen;
582 861 36 20 det
633 860 67 26 gäller
715 860 7 21 i
738 860 75 27 sjelfva
827 860 77 21 verket
913 860 40 20 här
964 860 33 20 att

171 887 94 22 förstöra
287 888 53 21 eller
362 888 107 22 bibehålla
492 889 36 21 det
544 889 55 21 enda
613 888 49 22 utaf
675 891 71 19 staten
763 888 161 27 upprätthållna
939 888 57 20 läro-

171 916 52 21 verk
238 916 49 22 med
303 917 89 21 svenskt
405 917 230 27 undervisningsspråk
650 918 7 20 i
673 916 48 22 hela
736 917 38 27 det
789 918 45 20 inre
849 916 96 25 Finland,
960 916 37 20 det

172 945 55 21 enda
243 950 46 16 som
303 945 48 21 icke
367 946 69 26 ligger
451 946 35 20 vid
501 946 85 21 kusten.
604 946 45 21 Gör
663 952 49 15 man
728 946 66 26 detta,
806 945 24 21 så
841 944 99 23 beröfvar
948 950 48 15 man

171 974 88 21 dermed
283 974 41 21 den
347 974 92 21 svenska
459 974 150 27 befolkningen
629 974 29 27 på
673 976 31 19 ett
720 975 83 26 ganska
818 974 120 21 vidsträckt
953 979 44 15 om-

171 1002 52 20 råde
238 1002 107 22 måhända
360 1002 27 21 all
403 1002 111 27 möjlighet
530 1005 33 19 att
577 1002 100 22 fortlefva
692 1003 71 21 såsom
774 1002 86 22 svensk.
876 1002 43 21 Det
928 1002 70 21 finnes

170 1030 126 27 visserligen
319 1031 84 26 många,
424 1036 46 16 som
487 1032 69 21 önska
571 1033 33 19 att
619 1032 42 20 den
676 1032 86 21 bildade
777 1032 99 20 klassens
892 1031 65 26 språk
972 1030 25 20 så

171 1062 60 18 snart
247 1065 45 15 som
308 1059 83 27 möjligt
405 1060 67 20 måtte
488 1060 96 26 förbytas
600 1060 33 20 till
646 1059 66 22 finskt
727 1060 40 21 och
782 1060 21 20 vi
818 1059 63 21 hafva
894 1058 103 22 särskildt

169 1088 7 19 i
193 1088 41 26 dag
257 1087 69 22 blifvit
349 1088 98 21 erinrade
469 1088 73 22 derom
557 1089 46 20 utat
619 1090 32 19 ett
666 1089 105 26 yttrande,
788 1094 45 15 som
849 1088 39 21 har
902 1087 51 22 fälts
968 1086 29 27 på

171 1115 64 21 detta
249 1122 54 18 rum,
320 1116 27 20 då
363 1116 60 21 detta
437 1116 141 26 förhållande,
595 1118 32 19 att
643 1116 41 21 den
698 1116 87 22 bildade
793 1117 86 20 klassen
888 1116 33 20 till
930 1116 67 20 öfver-

172 1144 97 26 vägande
285 1144 34 22 del
335 1144 56 21 talar
410 1145 98 25 svenska,
530 1144 45 22 blef
588 1144 82 22 kalladt
685 1146 32 20 ett
731 1144 194 22 missförhållande.
954 1144 43 20 Det

171 1172 62 21 torde
249 1172 48 22 icke
312 1178 52 15 vara
379 1173 131 25 nödvändigt
526 1175 33 19 att
573 1172 40 22 här
627 1173 55 21 inför
700 1173 61 21 detta
776 1173 64 21 stånd
855 1172 89 26 utlägga
958 1172 38 21 be-

169 1200 60 21 visen
245 1200 33 22 för
294 1201 41 20 den
351 1201 92 21 svenska
458 1201 112 22 kulturens
586 1201 110 27 betydelse
712 1202 7 21 i
734 1202 43 20 alla
793 1202 59 20 delar
867 1200 23 22 af
897 1200 98 22 Finland.

169 1229 42 26 Jag
226 1231 51 24 tror,
294 1231 33 19 att
342 1230 41 20 den
399 1229 136 28 uppfattning
547 1230 39 27 jag
600 1236 51 21 nyss
667 1230 55 22 hade
730 1232 51 19 äran
790 1230 85 27 antyda,
884 1229 48 21 icke
941 1229 55 21 skall

168 1258 71 20 räkna
253 1258 118 26 synnerligt
389 1258 78 26 många
486 1259 123 25 anhängare
627 1258 7 20 i
650 1258 60 21 detta
726 1258 70 26 stånd,
812 1265 48 14 men
875 1264 50 14 man
939 1258 36 20 må
988 1258 8 19 i

170 1286 71 20 denna
255 1286 61 26 fråga
331 1286 64 20 hafva
409 1286 86 21 hvilken
511 1286 56 27 åsigt
583 1291 47 16 som
644 1286 65 26 hälst,
724 1292 50 15 man
788 1286 36 21 må
836 1286 68 21 önska
912 1286 36 21 det
956 1291 40 15 ena

170 1313 52 22 eller
238 1313 37 22 det
290 1314 73 26 andra,
379 1320 48 15 man
442 1314 36 21 må
492 1314 85 27 hoppas
591 1314 29 27 på
636 1315 37 20 det
688 1321 40 15 ena
744 1315 52 20 eller
810 1315 74 25 andra,
899 1313 25 22 så
932 1319 63 22 synes

169 1342 56 22 dock
240 1343 105 21 rättvisan
368 1343 39 21 och
430 1343 129 27 billigheten
581 1343 80 26 fordra,
683 1345 33 20 att
730 1349 50 16 man
796 1343 48 22 icke
860 1342 78 22 drifver
953 1343 42 21 den

168 1371 88 23 bildade
271 1372 99 22 klassens
386 1372 141 27 förfinskning
541 1373 50 21 med
607 1372 81 22 sådana
702 1372 77 26 medel,
796 1374 34 20 att
838 1379 49 15 man
895 1372 100 21 beröfvar

169 1401 70 21 denna
253 1400 60 23 klass
329 1401 28 21 all
371 1401 112 27 möjlighet
499 1403 33 19 att
547 1402 99 21 meddela
661 1402 47 21 sina
723 1402 53 21 barn
785 1401 127 28 uppfostran
921 1401 28 27 på
958 1401 36 21 de-

168 1436 35 15 ras
226 1430 135 22 modersmål.
391 1430 34 21 Då
442 1430 39 28 jag
501 1430 47 21 från
568 1430 70 22 denna
653 1431 108 27 synpunkt
776 1436 64 16 anser
856 1430 36 22 det
907 1436 52 15 vara
974 1429 23 21 af

168 1458 108 28 synnerlig
290 1459 51 27 vigt,
358 1460 33 20 att
405 1460 107 20 svenskan
529 1459 120 22 bibehålles
665 1459 71 22 såsom
746 1458 248 28 undervisningsspråk
982 1454 15 37 i

168 1487 32 21 St.
223 1487 90 22 Michels
336 1488 92 27 lyceum,
443 1488 40 22 ber
496 1488 39 27 jag
550 1489 67 21 också
631 1489 8 20 i
654 1488 70 22 denna
738 1488 70 27 punkt
822 1488 22 21 få
858 1488 86 21 biträda
957 1487 37 21 fri-

166 1516 63 22 herre
244 1516 23 21 af
283 1516 111 22 Schultén.
