1700 1875
521 192 55 20 1080
827 188 42 18 Den
881 189 22 17 22
915 188 44 22 Maj.

559 254 74 28 Derpå
647 254 126 26 godkändes
785 254 87 26 jämväl,
886 254 54 21 hvar
955 253 54 21 efter
1027 259 77 20 annan,
1119 252 29 22 de
1162 252 70 27 begge
1246 252 14 21 å
1276 258 39 20 pa-

491 283 49 28 gina
564 285 25 19 17
608 282 175 23 förekommande
802 282 172 22 resolutionerna
993 282 56 21 samt
1065 280 72 23 likaså
1152 281 42 22 den
1208 280 14 22 å
1236 280 80 28 pagina

493 313 26 21 18
533 311 99 27 intagne;

560 339 29 22 Af
602 339 148 22 resolutionen
764 339 13 23 å
791 338 79 28 pagina
886 340 25 21 19
928 337 90 28 gillades
1034 338 27 21 de
1072 339 33 20 tre
1115 337 68 22 första
1193 339 123 20 momenten

492 369 149 26 oförändrade,
656 368 112 22 hvaremot
783 368 87 21 ståndet
885 367 104 27 enhälligt
1002 367 126 22 förkastade
1137 367 50 21 dess
1205 367 6 20 4
1221 368 96 21 moment

491 396 135 24 beträffande
642 397 38 22 der
694 397 121 26 föreslagen
830 396 99 22 eventuel
944 395 120 28 fördelning
1073 395 79 22 mellan
1162 395 124 27 länstingen
1295 395 23 21 af

492 428 92 25 400,000
600 425 61 23 mark
675 432 27 16 ur
715 425 196 26 bränvinsskatten,
926 425 86 22 hvilken
1027 430 84 16 summa
1125 423 89 23 ståndet
1228 424 68 28 ansåg
1309 424 8 21 i

491 455 75 28 hvarje
579 454 38 22 fall
632 455 53 21 böra
699 453 94 23 fördelas
808 454 78 22 mellan
901 453 101 27 samtliga
1015 452 74 23 lands-
1104 453 42 22 och
1155 453 161 22 stadskommu-

492 490 46 21 ner,
552 483 68 27 enligt
635 489 81 16 samma
730 483 69 26 grund
815 488 46 16 som
876 482 117 26 härintills;

560 511 156 22 Resolutionen
739 511 13 21 å
774 511 78 28 pagina
875 513 34 24 22,
927 510 151 23 innehållande
1092 509 82 28 förslag
1189 516 35 16 om
1239 511 77 26 uppta-

492 540 81 27 gandet
595 540 23 21 af
638 542 33 19 ett
691 540 37 21 lån
749 540 57 21 ända
824 540 31 21 till
871 541 114 25 4,500,000
999 539 61 22 mark
1074 539 34 22 för
1121 538 157 23 fortsättandet
1296 538 23 23 af

492 571 84 21 statens
589 569 121 27 jernvägar,
726 567 45 23 blef
785 568 88 22 äfvensä
888 568 23 22 af
924 568 87 21 ständet
1025 567 120 26 förkastad,
1161 567 41 22 och
1217 569 77 25 antogs
1310 568 8 21 i

492 598 50 22 dess
558 597 64 22 ställe
638 596 42 23 den
695 597 23 22 af
729 597 111 27 professor
855 597 25 22 G.
895 597 24 22 Z.
929 597 103 21 Forsman
1042 598 47 20 mot
1099 597 124 22 densamma
1231 595 87 28 afgifna,

492 626 14 22 å
520 626 79 27 pagina
614 628 27 20 32
661 626 89 28 intagna
768 626 139 26 reservation,
924 625 67 27 enligt
1005 625 87 22 hvilken
1106 625 36 22 län
1157 624 33 23 för
1204 632 43 21 nya
1258 625 59 27 jern-

491 657 67 25 vägar
573 655 48 22 icke
640 655 67 21 borde
725 656 114 26 upptagas,
856 657 52 19 utan
922 654 34 22 för
971 654 123 22 ändamålet
1109 654 73 21 anslås
1198 654 78 22 endast
1290 654 27 22 de

491 684 121 27 tillgångar,
632 683 73 22 hvilka
718 683 56 21 intill
790 684 107 26 utgången
913 682 23 22 af
949 683 25 21 är
990 684 55 20 1885
1061 683 74 21 kunna
1149 682 69 22 finnas
1233 682 9 22 i
1256 682 61 22 kom-

491 711 226 23 munikationsfonden
739 712 122 27 disponibla
884 712 84 22 utöfver
989 711 58 23 hvad
1062 718 47 15 som
1125 711 63 27 ätgär
1203 711 33 22 till
1250 711 67 23 Wasa

490 742 101 27 jernvägs
606 740 146 22 fulländande.

560 770 11 21 I
592 769 53 28 följd
660 769 23 22 af
700 770 61 21 detta
779 769 99 22 ständets
894 769 72 22 beslut
981 769 78 27 ansågs
1073 769 86 27 jämväl,
1174 768 30 28 pä
1218 770 45 20 sätt
1279 768 37 22 da-

492 804 52 22 gens
560 798 109 28 protokoll
684 798 63 22 ofvan
765 800 98 20 närmare
879 797 102 27 angifver,
997 798 177 22 statsutskottets
1190 798 7 21 i
1213 798 51 22 dess
1279 798 37 22 be-

492 826 109 23 tänkande
624 826 39 23 N:o
681 828 25 21 13
726 826 127 23 framstälda
869 826 80 28 förslag
964 826 111 28 angäende
1089 827 104 27 beloppet
1205 826 25 22 af
1242 826 75 28 anslag

492 855 33 22 för
538 856 75 21 vidare
625 855 229 28 jernvägsbyggnader
869 855 22 22 af
905 855 87 22 ständet
1006 855 69 22 tillika
1085 855 128 23 förkastadt.

561 884 154 22 Resolutionen
734 885 11 20 ä
766 885 78 26 pagina
863 886 26 20 25
905 884 132 27 godkändes,
1054 884 71 22 sävidt
1141 884 41 21 den
1197 884 69 27 angär
1280 884 38 21 det

492 912 129 28 länebelopp
637 912 24 22 af
675 914 26 20 10
716 913 98 27 miljoner
829 913 67 26 mark,
913 919 46 15 som
975 913 116 21 ständerna
1106 913 110 21 allaredan
1226 912 91 23 beslutit

492 943 96 26 upptaga
602 942 33 21 för
651 941 158 28 äterbetalning
824 941 23 22 af
861 942 37 22 det
911 942 48 21 frän
969 941 64 28 ryska
1043 941 231 22 riksskattkammaren
1285 943 33 20 ut-

492 970 58 27 gifna
565 970 77 27 bidrag
657 970 31 21 till
705 970 32 22 S:t
756 966 147 35 Petersburg—
910 966 115 35 Riihimäki
1034 970 208 27 jernvägsbyggnad,
1254 970 64 22 hvar-

492 1001 59 20 emot
573 999 41 21 den
637 998 68 27 öfriga
727 999 63 22 delen
813 999 22 22 af
855 999 153 26 resolutionen,
1024 1005 47 15 som
1086 998 102 23 beträffar
1203 999 38 22 det
1256 1005 61 21 nyss-

492 1027 93 23 nämnda
607 1027 102 28 beloppet
731 1028 23 21 af
775 1029 112 26 4,500,000
903 1027 60 22 mark
977 1028 29 27 pä
1021 1027 69 28 grund
1105 1027 23 22 af
1140 1028 99 22 ständets
1254 1027 64 23 ofvan

493 1055 142 24 omförmälda
648 1056 74 21 beslut
736 1057 70 21 mäste
822 1063 63 16 anses
900 1057 118 21 förkastad.

561 1085 59 21 Derä
632 1085 127 26 godkändes
774 1086 52 20 utan
840 1085 181 26 meningsolikhet
1035 1085 119 22 utskottets
1170 1085 13 21 ä
1197 1084 79 28 pagina
1289 1086 27 21 26

494 1113 90 27 intagna
597 1113 55 21 sista
667 1113 217 28 resolutionsförslag.

506 1160 2 2 2
561 1142 41 27 att
615 1141 201 27 presteständet
834 1142 35 22 vid
884 1141 152 28 föredragning
1050 1141 23 22 af
1086 1141 178 23 statsutskottets
1279 1141 38 22 be-

492 1169 109 22 tänkande
616 1170 41 21 N:o
673 1171 26 20 13
715 1176 35 15 om
765 1171 75 27 anslag
855 1171 32 21 till
902 1170 73 22 vidare
988 1170 202 27 jernvägsbyggnad
1200 1170 7 21 i
1217 1170 81 26 landet,
1311 1170 7 21 i

494 1198 95 27 enlighet
610 1198 50 22 med
675 1199 38 20 sitt
730 1199 69 21 under
814 1200 49 20 näst
877 1199 131 26 föregäende
1024 1199 91 22 ärendes
1130 1199 131 26 behandling
1276 1198 41 21 fat-

493 1227 51 21 tade
558 1227 80 26 beslut,
653 1228 73 20 ansett
740 1227 148 22 betänkandet
903 1233 51 16 vara
968 1227 128 22 förkastadt.

561 1256 58 21 Frän
633 1256 221 27 borgareständet
868 1256 49 22 med
932 1255 214 28 tillkännagifvande:

562 1286 33 21 att
610 1284 89 22 ständet
712 1284 96 27 godkänt
823 1285 219 22 ekonomiutskottets
1058 1284 259 28 sammanjämkningsför-

494 1312 46 28 slag
556 1313 111 27 angående
681 1312 124 28 förordning
821 1320 34 16 om
870 1313 125 28 försäljning
1010 1313 41 22 och
1066 1313 146 27 utskänkning
1227 1313 23 21 af
1255 1313 62 22 malt-

494 1341 91 26 drycker
599 1341 49 21 med
663 1342 109 26 undantag
787 1342 23 21 af
823 1342 26 27 $&
865 1344 19 23 4,
901 1344 19 24 7,
936 1344 20 24 8,
969 1344 26 19 10
1006 1342 40 21 och
1059 1344 32 23 12,
1100 1342 8 20 i
1116 1342 202 21 afseende
1225 1337 12 36 å
1248 1342 70 25 hvilka

493 1368 181 28 borgareständet
688 1369 105 22 vidblifvit
808 1370 39 21 sitt
861 1370 91 26 tidigare
966 1369 83 23 fattade
1063 1370 79 22 beslut.

561 1397 48 22 frän
624 1398 196 22 bondeständet
835 1398 151 22 meddelande:

562 1427 34 21 att
610 1426 88 23 ständet
717 1427 96 27 godkänt
832 1428 252 27 värnepligtsutskottets
1099 1427 138 23 betänkande
1251 1428 66 27 angä-

494 1455 54 22 ende
562 1455 97 28 uppskof
670 1455 50 23 med
734 1462 112 17 reservens
861 1456 167 28 öfningsmöten;

561 1486 34 20 att
610 1484 88 23 ständet
712 1485 97 27 godkänt
823 1485 219 22 ekonomiutskottets
1057 1485 260 29 sammanjämkningsför-

493 1513 47 27 slag
562 1513 113 28 angäende
696 1513 151 28 förordningen
870 1521 35 16 om
919 1514 126 29 försäljning
1060 1515 25 22 af
1095 1515 151 28 maltdrycker,
1261 1515 57 22 dock

492 1542 50 51 ii
564 1543 85 22 erinran
665 1544 32 21 att
718 1545 9 19 1
749 1542 57 28 &ens
821 1543 69 23 finska
905 1545 46 21 text
965 1544 69 23 borde
1043 1544 14 22 i
1071 1544 107 28 språkligt
1193 1544 124 23 hänseende

492 1577 79 21 rättas;

561 1602 33 21 att
609 1600 87 23 ständet
711 1601 96 28 godkänt
823 1603 156 22 sammansatta
988 1601 47 29 lag-
1046 1602 40 23 och
1097 1601 220 24 ekonomiutskottets
