1064 1723
214 104 54 20 1190
529 101 42 18 Den
584 102 21 17 25
618 100 46 24 Maj.

217 192 3 4 >
252 168 175 25 statsutskottets
443 167 136 22 betänkande
589 167 41 22 N:o
642 168 26 20 16
678 167 6 21 i
695 167 116 26 anledning
821 165 22 22 af
851 165 153 28 borgarestän-

185 196 48 22 dets
255 194 157 28 framställning
428 202 34 15 om
476 195 112 28 tryckning
603 196 23 22 af
640 195 104 23 ständens
763 194 241 28 diskussionsprotokoll

184 225 29 27 pä
228 224 78 22 allmän
321 224 127 22 bekostnad.
646 247 2 2 N

252 252 250 22 ständerhusutskottets
517 252 137 22 betänkande
668 258 35 16 n:o
719 254 13 20 2
743 252 49 22 med
803 251 114 28 anledning
929 250 22 23 af
957 250 47 29 sär-

184 281 70 23 skilda
276 281 22 22 af
318 281 92 23 ständen
432 280 122 23 infordrade
572 281 152 28 upplysningar
744 280 91 23 rörande
850 280 58 22 vissa
921 280 8 22 i
943 279 63 28 fräga

184 310 80 22 komna
278 310 138 28 tomtplatser
430 309 33 22 för
478 312 32 19 ett
525 310 135 22 ständerhus.
1003 329 2 2 :

252 339 154 27 lagutskottets
418 338 137 22 betänkande
570 345 34 16 n:o
621 340 11 20 9
648 339 7 21 i
670 338 115 28 anledning
795 338 23 22 af
830 338 79 28 nådiga
925 343 78 23 propo-

184 368 98 26 sitionen,
306 368 110 26 angående
439 368 92 21 svenska
550 368 41 21 och
610 367 70 22 finska
695 367 104 27 språkens
814 367 140 27 begagnande
969 366 35 22 vid

185 396 107 22 särskilda
306 396 117 22 domstolar
439 396 40 21 och
494 396 148 28 myndigheter
656 397 8 21 i
678 396 80 22 landet.

251 425 156 27 lagutskottets
422 424 136 23 betänkande
573 430 35 16 n:o
626 426 25 20 10
666 425 7 21 i
688 425 115 26 anledning
812 423 47 23 utaf
873 426 80 20 tvänne
964 424 42 21 hos

183 453 101 22 Finlands
300 454 88 21 ständer
402 453 79 21 väckta
495 453 87 27 förslag,
598 454 110 26 angående
723 453 135 27 underdånig
867 453 92 27 petition
969 458 36 17 om

185 481 103 23 stiftande
303 482 23 21 af
340 482 142 27 dissenterlag
496 482 33 22 för
544 482 95 22 Finland.

252 511 31 21 På
304 510 50 22 herr
372 511 222 22 Landtmarskalkens
612 510 158 28 framställning
784 511 71 21 beslöt
869 510 88 22 ståndet
971 511 35 20 att

183 539 119 27 bordlägga
324 539 101 27 samtliga
448 540 64 21 dessa.
533 539 150 22 betänkanden
706 539 33 21 till
753 539 94 28 följande
863 538 80 28 dagens
958 539 46 27 ple-

183 574 61 19 num;
268 569 32 21 ett
314 567 82 27 förslag
411 568 23 21 af
446 568 90 22 friherre
551 568 102 26 Wrede,
668 569 81 25 Rabbe,
766 570 33 20 att
814 568 21 22 af
850 568 65 21 dessa
929 568 75 21 betän-

185 596 85 22 kanden
293 596 129 22 åtminstone
444 597 155 26 lagutskottets
618 597 136 22 betänkande
769 603 36 15 n:o
821 598 11 20 9
849 596 69 22 skulle
934 596 72 22 såsom

184 625 120 22 berörande
320 627 32 19 ett
366 626 135 26 synnerligen
516 626 77 26 vigtigt
608 627 63 20 ämne
685 626 129 27 bordläggas
830 626 32 21 till
877 625 68 21 första
959 625 45 27 ple-

185 660 50 15 num
257 654 7 21 i
278 656 64 19 nästa
360 654 68 21 vecka
448 654 85 27 ansågs,
549 654 7 22 i
572 654 106 22 anseende
693 654 33 22 till
741 654 41 22 den
797 654 64 22 korta
875 654 32 21 tid
922 660 46 15 som
983 653 24 22 af

184 682 130 27 landtdagen
330 683 103 25 återstod,
450 683 47 21 icke
511 683 72 21 kunna
597 682 90 27 bifallas,
703 683 7 21 i
726 682 115 28 synnerhet
857 688 45 16 som
906 678 44 36 till
963 682 41 28 föl-

183 710 65 26 jande
263 711 86 27 plenum
365 711 77 21 endast
456 711 21 22 fä
493 711 93 22 ärenden
601 716 51 17 voro
668 712 112 21 bestämda
799 711 32 21 till
846 710 158 28 föredragning.

253 818 89 23 Plenum
358 818 74 23 afslöts
448 820 53 21 härä
516 820 92 22 klockan
622 822 34 19 tre
672 819 53 22 efter
740 819 119 27 middagen.

300 949 90 25 Samma
406 949 42 29 dag
465 950 95 23 klockan
579 951 51 24 half
642 957 41 18 sex
699 951 62 23 efter
772 951 125 28 middagen.

252 995 121 27 Föredrogs
388 995 190 28 borgareständets
594 996 118 27 bordlagda
727 996 126 28 inbjudning
868 998 33 20 att
916 995 89 23 omfatta

186 1024 60 21 detta
261 1024 75 21 ständs
351 1024 73 21 beslut
438 1024 6 21 i
460 1024 59 28 fråga
538 1031 34 16 om
589 1027 25 19 16
630 1025 34 28 &:n
680 1025 21 22 af
713 1025 242 27 författningsförslaget
969 1030 36 16 om

183 1052 116 27 bevillning
312 1052 33 22 för
360 1052 136 28 tillverkning
511 1053 23 22 af
546 1053 150 28 maltdrycker,
713 1054 66 27 enligt
792 1054 86 21 hvilken
888 1053 116 22 fördelnin-

183 1087 42 21 gen
240 1080 22 22 af
276 1081 26 21 de
316 1081 8 21 i
339 1080 153 28 författningen
508 1082 127 22 omnämnda
649 1082 91 22 böterna
756 1082 69 23 skulle
840 1082 39 22 ske
891 1082 66 28 enligt
967 1082 37 21 all-

183 1111 49 19 män
242 1110 44 26 lag.

251 1138 60 21 Herr:
321 1137 180 29 Montgomery
516 1139 67 21 utbad
598 1139 33 27 sig
646 1139 62 21 ordet
723 1139 40 21 och
778 1139 97 28 yttrade:
898 1139 47 21 Den
959 1139 43 21 för-

184 1166 86 28 delning
285 1165 23 24 af
325 1166 69 28 böter,
412 1173 47 15 som
474 1168 13 26 &
504 1169 25 20 16
544 1168 8 21 i
568 1167 59 22 det
615 1161 14 39 i
641 1167 62 28 fråga
717 1169 94 21 varande
824 1167 180 27 författningsför-

184 1195 70 27 slaget
274 1194 144 28 föreskrifver,
441 1198 24 19 är
487 1202 29 15 nu
539 1196 123 22 densamma
684 1202 47 16 som
752 1196 136 22 förekommit
909 1196 41 22 och
964 1196 41 22 har

183 1224 63 26 länge
261 1222 137 23 förekommit
410 1224 8 21 i
432 1224 259 28 bränvinsförfattningen.
710 1225 43 21 Det
768 1228 25 18 är
807 1232 29 15 nu
851 1225 48 22 icke
910 1225 94 21 obekant

183 1251 56 22 huru
260 1252 50 22 med
332 1252 160 27 tillämpningen
514 1253 24 21 af
550 1253 70 22 denna
634 1254 77 26 stadga
726 1253 101 22 förhåller
842 1254 39 26 sig,
897 1253 108 27 nämligen

172 1281 45 27 att
232 1279 123 27 derigenom
370 1282 149 25 uppmuntrats
536 1283 32 19 ett
583 1280 197 28 angifvaresystem,
796 1287 46 16 som
857 1282 6 21 i
878 1282 77 26 många
967 1281 38 22 fall

183 1307 29 27 pä
234 1310 32 19 ett
287 1309 137 26 upprörande
446 1310 44 20 sätt
504 1309 93 21 kränker
612 1310 155 21 rättskänsian.
796 1310 41 26 Jag
851 1310 44 21 kan
909 1310 49 21 icke
971 1309 34 22 för

183 1336 43 22 min
240 1336 36 22 del
290 1338 34 20 tro
340 1338 32 20 att
387 1336 115 22 samhället
516 1337 42 22 kan
573 1344 52 15 vara
640 1337 111 29 betjenadt
761 1338 22 22 af
793 1338 71 28 dylika
873 1338 131 27 lagbestäm-

182 1366 82 26 ningar,
286 1372 50 16 men
358 1365 38 22 det
409 1366 43 22 kan
472 1366 100 28 möjligen
587 1366 35 22 vid
638 1366 41 22 den
695 1367 154 28 exceptionella
863 1366 142 29 lagstiftning,

184 1400 46 16 som
252 1400 51 22 eger
324 1394 100 28 gällande
446 1394 56 23 kraft
517 1395 7 21 i
539 1395 101 23 afseende
656 1396 13 21 &
683 1396 266 28 bränvinstillverkningen
964 1396 41 22 och

184 1429 46 16 som
252 1423 67 27 enligt
333 1423 44 24 min
398 1424 137 27 uppfattning
554 1424 8 22 i
576 1425 78 27 mänga
668 1424 117 24 afseenden
800 1427 81 21 trotsar
895 1425 57 23 hvad
967 1425 38 22 det

183 1452 119 27 menskliga
317 1452 104 22 förpuftet
436 1453 69 22 skulle
521 1453 202 28 öfverhufvudtaget
737 1454 78 26 fordra,
831 1461 64 16 anses
910 1454 54 22 höra
972 1454 32 22 till

184 1482 109 26 systemet,
317 1481 41 22 och
380 1487 34 16 om
436 1488 50 16 man
500 1482 35 22 vill
551 1482 37 23 det
603 1488 46 21 ena,
665 1482 69 23 mäste
749 1489 50 16 man
813 1484 51 27 vilja
879 1484 40 22 det
931 1483 73 21 andra;

184 1509 40 22 Om
246 1516 49 15 man
317 1510 37 22 vill
373 1509 85 23 behålla
477 1511 40 22 den
534 1511 148 28 egendomliga
696 1511 162 29 lagstiftningen
873 1512 8 22 i
895 1512 61 27 fråga.
970 1517 35 16 om
