1078 1717
211 118 63 36 1002
523 120 42 19 Den
578 122 21 18 19
611 120 44 24 Maj.

184 188 68 26 mark,
268 188 26 21 så
308 189 33 22 att
352 186 10 23 i
376 178 64 40 dessa
455 178 76 40 länder
545 186 130 22 åtminstone
688 186 105 22 bar'män
801 186 49 22 icke
859 187 74 21 ansett
939 187 68 21 stats-

184 216 112 23 bankerna
310 215 94 24 behöiva
417 220 52 21 vara
483 214 102 23 försedda
599 216 49 20 med
664 215 69 21 större
748 215 73 21 valuta
835 216 27 20 än
877 215 28 21 de
914 214 90 28 privata.

185 245 11 22 I
211 243 88 29 Sverige
315 243 48 26 åtér
377 246 25 20 är
410 243 157 23 Riksbankens
577 243 81 28 kapital
666 244 134 26 35,000,000,
809 244 110 21 dessutom
927 243 80 22 funnos

186 274 43 22 den
251 275 25 21 31
300 274 59 22 Mars
379 273 28 21 82
420 272 9 22 i
443 272 85 22 banken
543 271 77 23 hvaraf
633 273 114 25 5,000,000
762 278 79 20 reserv,
857 272 41 22 och
913 272 93 27 disposi-

184 301 130 23 tionsmedel
337 301 48 27 82/;
405 300 104 28 miljoner,
529 306 82 16 summa
625 300 82 28 kapital
722 300 28 22 43
759 302 26 26 1/,
802 300 106 28 miljoner;
924 300 81 28 privat-

185 331 112 22 bankerna
314 330 41 22 och
369 329 224 27 kreditaktiebolagen
608 329 64 22 hafva
686 329 91 27 ungefär
793 330 41 20 100
848 329 104 27 miljoner,
968 329 40 21 det

185 362 26 20 är
225 360 48 26 21/,
288 359 83 27 gånger
384 358 26 22 sä
423 358 92 28 mycket.
546 358 41 22 Om
601 358 21 21 vi
635 358 97 27 återigen
748 364 51 16 anse
814 358 104 27 kapitalet
933 358 74 22 såsom

184 388 122 27 utgörande
324 393 27 16 en
364 393 74 16 reserv
453 386 34 22 för
501 388 34 20 att
547 386 131 22 säkerställa
693 386 200 28 sedelutgifningen,
909 386 25 23 sä
948 385 59 23 finna

184 417 23 20 vi
223 418 37 21 att
270 415 104 22 Finlands
388 414 74 23 Banks
477 415 82 27 kapital
575 417 24 19 är
615 416 128 25 15,000,000
758 414 40 22 och
815 415 49 21 dess
879 414 126 27 sedelutgif-

184 445 63 27 nings
261 444 7 22 i
284 443 208 23 durchschnittsiffra
505 443 35 22 för
554 443 27 22 de
596 444 88 21 senaste
699 444 25 21 15
741 443 52 21 åren
803 443 57 22 circa
870 444 135 25 43,000,000.

185 472 199 27 Sedelutgifningen
397 472 41 29 har
451 472 48 21 icke
515 472 60 27 stigit
589 471 105 26 någonsin
709 471 67 28 högre
791 473 27 20 än
828 471 90 22 emellan
930 473 27 20 60
965 472 41 21 och

185 503 136 26 70,000,000,
343 500 41 22 och
404 500 61 22 detta
480 506 38 15 var
531 499 129 27 fullkomligt
675 500 108 26 abnormt;
800 500 55 21 dock
870 500 136 21 cirkulerade

185 537 28 15 en
234 532 47 19 stor
299 529 35 22 del
354 528 21 22 af
390 529 65 22 dessa
469 529 72 21 sedlar
554 529 55 26 icke,
624 530 52 20 utan
692 528 49 27 lågo
756 528 7 21 i
778 528 58 22 vissa
849 529 84 21 kassor.
964 528 42 22 Om

184 559 22 22 vi
224 558 66 23 också
305 559 80 25 antaga
400 559 127 24 60,000,000
541 563 46 16 som
603 563 66 21 norm,
685 557 25 21 så
725 557 64 22 hafva
802 557 21 21 vi
839 563 26 16 en
879 557 125 27 kapitaltill-

183 587 58 28 gång
255 587 24 21 af
292 587 27 26 !/,
334 585 23 23 af
369 586 50 21 hela
433 585 220 23 sedelcirkulationen.
683 585 39 22 Om
737 585 22 22 vi
770 585 92 28 jämföra
876 585 42 22 den
934 586 70 21 cirku-

183 615 88 28 lerande
280 610 10 37 .
294 614 151 23 sedelstocken
467 614 8 21 i
497 614 124 27 Frankrike,
641 614 26 22 så
683 614 65 22 hafva
761 615 22 20 vi
796 614 98 21 Franska
908 614 98 21 bankens

185 646 50 26 eget
250 643 83 28 kapital
347 643 49 22 icke
409 642 50 23 fullt
474 644 149 25 200,000,000,
639 643 41 21 den
695 642 148 23 cirkulerande
853 643 152 22 sedelstocken

184 673 177 26 2,600,000,000;
384 671 41 22 den
442 671 9 22 i
463 671 109 28 Tyskland
588 671 148 22 cirkulerande
751 671 151 22 sedelstocken
918 673 24 20 är
957 671 49 22 åter

184 702 143 25 700,000,000
342 700 121 22 Riksmark.
488 699 109 28 Engelska
610 700 85 21 banken
711 699 39 23 har
763 700 49 22 icke
826 700 67 27 något
908 700 25 21 så
948 702 56 20 stort

184 729 141 27 förhållande,
341 729 90 21 emedan
447 729 50 21 dess
511 729 120 21 banknoter
646 729 78 21 endast
738 729 78 27 utgöra
831 734 26 16 en
872 728 82 23 mindre
969 729 36 21 del

184 758 24 23 af
220 759 27 21 de
262 760 63 20 noter
339 758 41 21 och
396 757 67 23 andra
477 763 81 22 papper
568 757 68 27 dylikt
646 757 46 26 slag
702 759 57 20 samt
768 757 97 26 checker,
874 763 47 16 som
929 759 75 26 egent-

182 787 57 28 ligen
253 787 68 28 jämte
335 786 134 27 metallmynt
482 787 78 26 utgöra
574 785 147 28 bytesmedlen
736 786 8 21 i
759 785 107 28 England;
882 786 51 21 dess
949 791 57 21 egna

183 817 64 21 noter
260 817 79 25 utgöra
353 815 48 21 icke
415 821 46 15 mer
477 817 25 18 än
519 815 97 26 omkring
631 815 127 26 15,000,000
768 814 62 22 Pund
838 814 99 27 Sterling.
960 815 46 21 Det

182 845 69 22 finnes
265 844 56 22 intet
336 843 48 22 skäl
399 845 32 20 att
445 843 65 21 hafva
524 843 67 27 högre
605 849 79 20 reserv,
700 849 48 16 men
765 843 65 22 också
845 842 22 22 af
879 843 67 22 andra
956 843 48 22 skäl

184 879 63 22 synes
268 872 38 23 det
323 871 44 28 mig
383 873 32 20 att
428 871 172 23 Bankutskottet
614 871 47 22 icke
676 871 89 22 handlat
779 872 127 27 lättsinnigt,
923 871 28 22 dä
964 872 39 25 det

183 901 98 26 föreslår,
306 902 33 21 att
364 900 95 22 bankens
481 901 58 21 vinst
560 900 70 22 skulle
652 900 109 22 användas
784 900 33 22 till
839 901 164 21 statsändamål.

184 930 171 23 Bankutskottet
368 929 41 21 har
423 929 70 22 funnit
507 929 35 22 vid
557 929 171 28 genomgåendet
742 929 24 22 af
777 929 97 22 bankens
884 929 120 22 räkenska-

182 965 40 22 per
237 959 40 21 och
293 958 41 22 den
348 958 70 21 bilans
433 958 85 21 banken
532 957 106 27 framlagt,
653 959 33 20 att
702 958 50 21 dess
766 957 102 28 ställning
882 957 70 28 aldrig
966 964 39 16 va-

182 988 30 22 rit
233 987 24 22 så
279 988 64 26 trygg
362 985 40 23 och
417 985 65 23 säker
497 992 46 16 som
558 993 29 15 nu
603 985 40 22 och
658 987 33 20 att
705 986 122 22 Ständerna
841 986 64 22 hafva
919 987 85 21 mindre

182 1016 47 23 skäl
248 1018 28 19 än
294 1015 22 22 vi
330 1015 104 26 någonsin
449 1014 46 22 haft
510 1017 33 20 att
556 1014 86 23 betvifla
656 1014 130 23 säkerheten
802 1014 23 23 af
837 1015 27 22 de
879 1015 123 22 säkerhets-

181 1045 135 26 handlingar,
337 1049 48 16 som
402 1043 65 22 hafva
484 1043 87 22 tillförts
587 1043 85 22 banken
686 1049 77 22 genom
778 1043 50 22 dess
843 1043 112 22 inhemska
969 1044 34 21 lä-

181 1073 116 23 nerörelse.
319 1072 88 28 Mycket
415 1072 42 22 lätt
464 1072 42 21 kan
514 1078 49 16 man
571 1071 111 29 öfvertyga
688 1072 34 27 sig
728 1072 134 22 beträffande
869 1072 132 27 hypotheks-

182 1103 69 24 länen,
277 1101 73 22 hvilka
371 1100 73 28 uppgä
465 1101 34 20 till
518 1102 120 25 5,000,000.
667 1101 50 21 Men
730 1101 131 22 ätminstone
876 1101 25 21 sä
916 1101 86 27 mycket

181 1130 109 23 utskottet
311 1129 40 22 har
369 1129 83 22 kunnat
471 1135 30 19 se,
517 1129 40 22 har
571 1128 96 22 bankens
683 1129 107 22 direktion
805 1129 66 22 ocksä
885 1129 57 22 hvad
958 1130 42 20 dis-

180 1159 143 27 konteringen
337 1157 103 22 beträffar
453 1157 85 22 förfarit
552 1157 83 28 ganska
648 1157 109 28 försigtigt
771 1157 41 22 och
825 1157 81 28 jämväl
916 1157 35 22 vid
961 1158 41 21 sitt

180 1187 95 27 bokslut,
291 1186 121 27 egentligen
426 1185 35 23 för
469 1185 68 23 första
547 1187 84 26 gången
641 1186 7 21 i
657 1192 25 15 en
691 1186 25 21 sä
722 1186 162 27 genomgående
891 1187 111 21 utsträek-

180 1216 57 27 ning,
257 1215 94 22 minskat
368 1214 121 22 bokvärdet
505 1213 34 23 för
553 1215 112 21 inhemska
679 1214 126 27 fordringar.
835 1214 78 23 Derför
927 1215 75 21 kunde

179 1245 170 21 Bankutskottet
370 1243 49 22 icke
436 1242 59 22 finna
513 1243 68 26 några
595 1243 47 22 skäl
657 1245 34 20 att
704 1243 89 22 betvifla
808 1243 128 22 säkerheten
950 1244 8 21 i
973 1243 29 22 de

179 1272 134 26 handlingar,
329 1276 46 16 som
389 1271 58 26 ligga
460 1271 34 20 till
508 1271 69 26 grund
591 1271 34 21 för
638 1271 96 21 bankens
751 1271 102 27 utläning,
869 1272 41 21 och
926 1272 74 26 ejhäl-

178 1300 35 22 ler
233 1300 63 21 torde
316 1298 27 22 de
358 1298 80 27 herrar,
455 1304 46 16 som
516 1300 122 20 reserverat
652 1299 39 27 sig,
707 1298 28 22 dä
751 1298 27 23 de
792 1300 84 20 utöfvat
890 1300 34 21 sin
938 1299 64 21 fank-

180 1329 45 22 tion
239 1332 48 18 som
303 1326 199 27 bankfullmäktige,
517 1325 70 23 funnit
601 1327 67 27 några
682 1326 48 22 skäl
746 1329 33 20 att
793 1327 88 23 betvifla
896 1327 105 23 dettä:dä

180 1358 27 22 de
229 1357 24 28 ju
275 1356 76 28 sjelfva
371 1356 16 21 i
399 1355 203 27 bankfullmäktiges
614 1355 124 23 berättelse
753 1356 80 22 uttalat
848 1362 80 16 samma
943 1356 57 27 äsigt

180 1392 47 16 som
241 1385 185 26 bankutskottets,
442 1384 41 22 och
498 1384 37 22 det
551 1384 62 22 torde
626 1384 108 28 knappast
748 1385 29 27 pä
793 1384 64 23 dessa
871 1384 69 24 första
954 1386 45 20 mä-

180 1416 67 22 nader
261 1414 23 22 af
297 1414 48 22 äret
357 1413 65 22 hafva
436 1413 123 22 tillkommit
574 1413 67 28 några
655 1414 81 21 sådana
751 1413 247 28 förändringar
905 1409 12 36 i
929 1413 69 28 säker-

179 1444 66 23 heten
267 1443 24 22 af
310 1442 101 23 Bankens
432 1441 121 28 fordringar
572 1444 32 20 att
619 1442 27 22 de
660 1442 8 22 i
682 1443 117 22 nämnvärd
815 1443 52 28 grad
880 1443 73 22 kunde
966 1444 32 20 in-

179 1473 66 23 verka
263 1472 29 28 pä
306 1471 101 23 Bankens
423 1471 108 27 ställning.
561 1471 49 22 Men
625 1471 37 23 det
675 1470 69 23 finnes
757 1474 60 22 ännu
833 1473 31 21 ett
879 1474 66 20 annat
960 1472 40 22 all-

178 1504 60 20 mänt
257 1500 48 24 skäl
323 1502 34 20 att
366 1502 45 24 tro,
427 1501 34 21 att
475 1500 64 22 dessa
553 1506 82 22 papper
649 1500 8 22 i
670 1500 102 23 Finlands
787 1500 62 22 Bank
864 1502 37 20 äro
916 1501 85 27 ganska

180 1530 63 29 goda.
273 1529 28 22 Vi
314 1528 65 23 hafva
392 1528 107 28 nemligen
513 1528 48 23 icke
575 1535 30 16 nu
620 1529 78 23 bakom
713 1535 44 21 oss,
773 1529 70 23 såsom
859 1529 28 22 dä
901 1529 99 23 Bankut-
