<?xml version="1.0" encoding="UTF-8"?>
<alto xmlns="http://www.loc.gov/standards/alto/ns-v3#" xmlns:xlink="http://www.w3.org/1999/xlink" xmlns:xsi="http://www.w3.org/2001/XMLSchema-instance" xsi:schemaLocation="http://www.loc.gov/standards/alto/ns-v3# http://www.loc.gov/alto/v3/alto-3-0.xsd">
	<Description>
		<MeasurementUnit>pixel</MeasurementUnit>
		<sourceImageInformation>
			<fileName>/tmp/tess_yn3rh57e_input.PNG</fileName>
		</sourceImageInformation>
		<OCRProcessing ID="OCR_0">
			<ocrProcessingStep>
				<processingSoftware>
					<softwareName>tesseract 5.3.4</softwareName>
				</processingSoftware>
			</ocrProcessingStep>
		</OCRProcessing>
	</Description>
	<Layout>
		<Page WIDTH="1092" HEIGHT="1720" PHYSICAL_IMG_NR="0" ID="page_0">
			<PrintSpace HPOS="0" VPOS="0" WIDTH="1092" HEIGHT="1720">
				<ComposedBlock ID="cblock_0" HPOS="197" VPOS="116" WIDTH="447" HEIGHT="24">
					<TextBlock ID="block_0" HPOS="197" VPOS="116" WIDTH="447" HEIGHT="24">
						<TextLine ID="line_0" HPOS="197" VPOS="116" WIDTH="447" HEIGHT="24">
							<String ID="string_0" HPOS="197" VPOS="119" WIDTH="42" HEIGHT="21" WC="0.95" CONTENT="958"/><SP WIDTH="268" VPOS="119" HPOS="239"/>
							<String ID="string_1" HPOS="507" VPOS="116" WIDTH="43" HEIGHT="18" WC="0.96" CONTENT="Den"/><SP WIDTH="13" VPOS="116" HPOS="550"/>
							<String ID="string_2" HPOS="563" VPOS="117" WIDTH="21" HEIGHT="17" WC="0.96" CONTENT="16"/><SP WIDTH="12" VPOS="117" HPOS="584"/>
							<String ID="string_3" HPOS="596" VPOS="116" WIDTH="48" HEIGHT="22" WC="0.96" CONTENT="Maj."/>
						</TextLine>
					</TextBlock>
				</ComposedBlock>
				<ComposedBlock ID="cblock_1" HPOS="141" VPOS="180" WIDTH="854" HEIGHT="1371">
					<TextBlock ID="block_1" HPOS="167" VPOS="180" WIDTH="826" HEIGHT="173">
						<TextLine ID="line_1" HPOS="170" VPOS="180" WIDTH="823" HEIGHT="30">
							<String ID="string_4" HPOS="170" VPOS="183" WIDTH="66" HEIGHT="26" WC="0.92" CONTENT="reslå,"/><SP WIDTH="16" VPOS="183" HPOS="236"/>
							<String ID="string_5" HPOS="252" VPOS="184" WIDTH="33" HEIGHT="20" WC="0.93" CONTENT="att"/><SP WIDTH="12" VPOS="184" HPOS="285"/>
							<String ID="string_6" HPOS="297" VPOS="182" WIDTH="222" HEIGHT="28" WC="0.92" CONTENT="jernvägsutskottets"/><SP WIDTH="20" VPOS="182" HPOS="519"/>
							<String ID="string_7" HPOS="539" VPOS="181" WIDTH="113" HEIGHT="23" WC="0.96" CONTENT="skrifvelse"/><SP WIDTH="14" VPOS="181" HPOS="652"/>
							<String ID="string_8" HPOS="666" VPOS="181" WIDTH="48" HEIGHT="22" WC="0.96" CONTENT="icke"/><SP WIDTH="14" VPOS="181" HPOS="714"/>
							<String ID="string_9" HPOS="728" VPOS="182" WIDTH="68" HEIGHT="21" WC="0.96" CONTENT="måtte"/><SP WIDTH="15" VPOS="182" HPOS="796"/>
							<String ID="string_10" HPOS="811" VPOS="181" WIDTH="33" HEIGHT="22" WC="0.96" CONTENT="till"/><SP WIDTH="14" VPOS="181" HPOS="844"/>
							<String ID="string_11" HPOS="858" VPOS="181" WIDTH="78" HEIGHT="27" WC="0.93" CONTENT="åtgärd"/><SP WIDTH="15" VPOS="181" HPOS="936"/>
							<String ID="string_12" HPOS="951" VPOS="180" WIDTH="42" HEIGHT="23" WC="0.93" CONTENT="för-"/>
						</TextLine>
						<TextLine ID="line_2" HPOS="168" VPOS="209" WIDTH="825" HEIGHT="28">
							<String ID="string_13" HPOS="168" VPOS="211" WIDTH="84" HEIGHT="22" WC="0.91" CONTENT="anleda."/><SP WIDTH="29" VPOS="211" HPOS="252"/>
							<String ID="string_14" HPOS="281" VPOS="211" WIDTH="140" HEIGHT="22" WC="0.93" CONTENT="Beträffande"/><SP WIDTH="15" VPOS="211" HPOS="421"/>
							<String ID="string_15" HPOS="436" VPOS="211" WIDTH="190" HEIGHT="26" WC="0.91" CONTENT="borgareständets"/><SP WIDTH="14" VPOS="211" HPOS="626"/>
							<String ID="string_16" HPOS="640" VPOS="210" WIDTH="127" HEIGHT="27" WC="0.91" CONTENT="inbjudning"/><SP WIDTH="14" VPOS="210" HPOS="767"/>
							<String ID="string_17" HPOS="781" VPOS="210" WIDTH="39" HEIGHT="21" WC="0.96" CONTENT="ber"/><SP WIDTH="7" VPOS="210" HPOS="820"/>
							<String ID="string_18" HPOS="827" VPOS="210" WIDTH="38" HEIGHT="27" WC="0.96" CONTENT="jag"/><SP WIDTH="10" VPOS="210" HPOS="865"/>
							<String ID="string_19" HPOS="875" VPOS="211" WIDTH="33" HEIGHT="20" WC="0.96" CONTENT="att"/><SP WIDTH="10" VPOS="211" HPOS="908"/>
							<String ID="string_20" HPOS="918" VPOS="209" WIDTH="7" HEIGHT="22" WC="0.92" CONTENT="i"/><SP WIDTH="7" VPOS="209" HPOS="925"/>
							<String ID="string_21" HPOS="932" VPOS="209" WIDTH="61" HEIGHT="22" WC="0.92" CONTENT="kort-"/>
						</TextLine>
						<TextLine ID="line_3" HPOS="167" VPOS="238" WIDTH="824" HEIGHT="29">
							<String ID="string_22" HPOS="167" VPOS="240" WIDTH="40" HEIGHT="22" WC="0.93" CONTENT="het"/><SP WIDTH="20" VPOS="240" HPOS="207"/>
							<String ID="string_23" HPOS="227" VPOS="239" WIDTH="23" HEIGHT="22" WC="0.93" CONTENT="fä"/><SP WIDTH="21" VPOS="239" HPOS="250"/>
							<String ID="string_24" HPOS="271" VPOS="240" WIDTH="105" HEIGHT="26" WC="0.92" CONTENT="meddela,"/><SP WIDTH="24" VPOS="240" HPOS="376"/>
							<String ID="string_25" HPOS="400" VPOS="241" WIDTH="33" HEIGHT="20" WC="0.93" CONTENT="att"/><SP WIDTH="21" VPOS="241" HPOS="433"/>
							<String ID="string_26" HPOS="454" VPOS="239" WIDTH="103" HEIGHT="22" WC="0.92" CONTENT="ehuruväl"/><SP WIDTH="17" VPOS="239" HPOS="557"/>
							<String ID="string_27" HPOS="574" VPOS="239" WIDTH="36" HEIGHT="28" WC="0.93" CONTENT="jag"/><SP WIDTH="14" VPOS="239" HPOS="610"/>
							<String ID="string_28" HPOS="624" VPOS="238" WIDTH="95" HEIGHT="27" WC="0.92" CONTENT="bidragit"/><SP WIDTH="15" VPOS="238" HPOS="719"/>
							<String ID="string_29" HPOS="734" VPOS="239" WIDTH="32" HEIGHT="21" WC="0.96" CONTENT="till"/><SP WIDTH="15" VPOS="239" HPOS="766"/>
							<String ID="string_30" HPOS="781" VPOS="239" WIDTH="26" HEIGHT="21" WC="0.96" CONTENT="R."/><SP WIDTH="15" VPOS="239" HPOS="807"/>
							<String ID="string_31" HPOS="822" VPOS="245" WIDTH="19" HEIGHT="15" WC="0.93" CONTENT="o."/><SP WIDTH="16" VPOS="245" HPOS="841"/>
							<String ID="string_32" HPOS="857" VPOS="238" WIDTH="38" HEIGHT="21" WC="0.93" CONTENT="A:s"/><SP WIDTH="16" VPOS="238" HPOS="895"/>
							<String ID="string_33" HPOS="911" VPOS="238" WIDTH="80" HEIGHT="26" WC="0.96" CONTENT="beslut,"/>
						</TextLine>
						<TextLine ID="line_4" HPOS="167" VPOS="267" WIDTH="824" HEIGHT="28">
							<String ID="string_34" HPOS="167" VPOS="267" WIDTH="134" HEIGHT="24" WC="0.93" CONTENT="beträffande"/><SP WIDTH="18" VPOS="267" HPOS="301"/>
							<String ID="string_35" HPOS="319" VPOS="263" WIDTH="141" HEIGHT="36" WC="0.79" CONTENT="Davidstad—"/><SP WIDTH="9" VPOS="263" HPOS="460"/>
							<String ID="string_36" HPOS="469" VPOS="267" WIDTH="81" HEIGHT="28" WC="0.93" CONTENT="Kuopio"/><SP WIDTH="16" VPOS="267" HPOS="550"/>
							<String ID="string_37" HPOS="566" VPOS="267" WIDTH="76" HEIGHT="27" WC="0.96" CONTENT="banan,"/><SP WIDTH="14" VPOS="267" HPOS="642"/>
							<String ID="string_38" HPOS="656" VPOS="267" WIDTH="39" HEIGHT="28" WC="0.96" CONTENT="jag"/><SP WIDTH="14" VPOS="267" HPOS="695"/>
							<String ID="string_39" HPOS="709" VPOS="268" WIDTH="28" HEIGHT="27" WC="0.96" CONTENT="pä"/><SP WIDTH="15" VPOS="268" HPOS="737"/>
							<String ID="string_40" HPOS="752" VPOS="267" WIDTH="43" HEIGHT="22" WC="0.93" CONTENT="den"/><SP WIDTH="7" VPOS="267" HPOS="795"/>
							<String ID="string_41" HPOS="802" VPOS="267" WIDTH="70" HEIGHT="27" WC="0.93" CONTENT="punkt"/><SP WIDTH="7" VPOS="267" HPOS="872"/>
							<String ID="string_42" HPOS="879" VPOS="267" WIDTH="112" HEIGHT="27" WC="0.92" CONTENT="jernvägs-"/>
						</TextLine>
						<TextLine ID="line_5" HPOS="167" VPOS="295" WIDTH="826" HEIGHT="29">
							<String ID="string_43" HPOS="167" VPOS="297" WIDTH="76" HEIGHT="26" WC="0.92" CONTENT="frägan"/><SP WIDTH="22" VPOS="297" HPOS="243"/>
							<String ID="string_44" HPOS="265" VPOS="303" WIDTH="28" HEIGHT="16" WC="0.96" CONTENT="nu"/><SP WIDTH="22" VPOS="303" HPOS="293"/>
							<String ID="string_45" HPOS="315" VPOS="297" WIDTH="96" HEIGHT="22" WC="0.96" CONTENT="befinner"/><SP WIDTH="20" VPOS="297" HPOS="411"/>
							<String ID="string_46" HPOS="431" VPOS="296" WIDTH="38" HEIGHT="28" WC="0.93" CONTENT="sig,"/><SP WIDTH="21" VPOS="296" HPOS="469"/>
							<String ID="string_47" HPOS="490" VPOS="297" WIDTH="48" HEIGHT="21" WC="0.92" CONTENT="icke"/><SP WIDTH="16" VPOS="297" HPOS="538"/>
							<String ID="string_48" HPOS="554" VPOS="296" WIDTH="42" HEIGHT="22" WC="0.96" CONTENT="kan"/><SP WIDTH="16" VPOS="296" HPOS="596"/>
							<String ID="string_49" HPOS="612" VPOS="295" WIDTH="58" HEIGHT="22" WC="0.96" CONTENT="finna"/><SP WIDTH="13" VPOS="295" HPOS="670"/>
							<String ID="string_50" HPOS="683" VPOS="297" WIDTH="44" HEIGHT="26" WC="0.93" CONTENT="mig"/><SP WIDTH="14" VPOS="297" HPOS="727"/>
							<String ID="string_51" HPOS="741" VPOS="296" WIDTH="52" HEIGHT="27" WC="0.92" CONTENT="böjd"/><SP WIDTH="14" VPOS="296" HPOS="793"/>
							<String ID="string_52" HPOS="807" VPOS="297" WIDTH="34" HEIGHT="20" WC="0.93" CONTENT="att"/><SP WIDTH="13" VPOS="297" HPOS="841"/>
							<String ID="string_53" HPOS="854" VPOS="295" WIDTH="91" HEIGHT="27" WC="0.93" CONTENT="bidraga"/><SP WIDTH="15" VPOS="295" HPOS="945"/>
							<String ID="string_54" HPOS="960" VPOS="295" WIDTH="33" HEIGHT="22" WC="0.96" CONTENT="till"/>
						</TextLine>
						<TextLine ID="line_6" HPOS="168" VPOS="324" WIDTH="823" HEIGHT="29">
							<String ID="string_55" HPOS="168" VPOS="326" WIDTH="67" HEIGHT="27" WC="0.92" CONTENT="nägot"/><SP WIDTH="14" VPOS="326" HPOS="235"/>
							<String ID="string_56" HPOS="249" VPOS="327" WIDTH="65" HEIGHT="20" WC="0.96" CONTENT="annat"/><SP WIDTH="19" VPOS="327" HPOS="314"/>
							<String ID="string_57" HPOS="333" VPOS="325" WIDTH="74" HEIGHT="22" WC="0.96" CONTENT="beslut"/><SP WIDTH="20" VPOS="325" HPOS="407"/>
							<String ID="string_58" HPOS="427" VPOS="327" WIDTH="28" HEIGHT="19" WC="0.93" CONTENT="än"/><SP WIDTH="15" VPOS="327" HPOS="455"/>
							<String ID="string_59" HPOS="470" VPOS="325" WIDTH="132" HEIGHT="26" WC="0.91" CONTENT="antagandet"/><SP WIDTH="15" VPOS="325" HPOS="602"/>
							<String ID="string_60" HPOS="617" VPOS="324" WIDTH="23" HEIGHT="22" WC="0.93" CONTENT="af"/><SP WIDTH="13" VPOS="324" HPOS="640"/>
							<String ID="string_61" HPOS="653" VPOS="324" WIDTH="191" HEIGHT="27" WC="0.92" CONTENT="borgareständets"/><SP WIDTH="15" VPOS="324" HPOS="844"/>
							<String ID="string_62" HPOS="859" VPOS="324" WIDTH="132" HEIGHT="27" WC="0.89" CONTENT="inbjudning."/>
						</TextLine>
					</TextBlock>
					<TextBlock ID="block_2" HPOS="165" VPOS="352" WIDTH="828" HEIGHT="514">
						<TextLine ID="line_7" HPOS="237" VPOS="352" WIDTH="755" HEIGHT="27">
							<String ID="string_63" HPOS="237" VPOS="355" WIDTH="56" HEIGHT="21" WC="0.96" CONTENT="Herr"/><SP WIDTH="14" VPOS="355" HPOS="293"/>
							<String ID="string_64" HPOS="307" VPOS="354" WIDTH="106" HEIGHT="25" WC="0.96" CONTENT="Munck,"/><SP WIDTH="16" VPOS="354" HPOS="413"/>
							<String ID="string_65" HPOS="429" VPOS="353" WIDTH="25" HEIGHT="22" WC="0.93" CONTENT="K."/><SP WIDTH="16" VPOS="353" HPOS="454"/>
							<String ID="string_66" HPOS="470" VPOS="354" WIDTH="34" HEIGHT="21" WC="0.91" CONTENT="F.:"/><SP WIDTH="16" VPOS="354" HPOS="504"/>
							<String ID="string_67" HPOS="520" VPOS="353" WIDTH="62" HEIGHT="22" WC="0.92" CONTENT="Hvad"/><SP WIDTH="16" VPOS="353" HPOS="582"/>
							<String ID="string_68" HPOS="598" VPOS="352" WIDTH="102" HEIGHT="23" WC="0.93" CONTENT="beträffar"/><SP WIDTH="14" VPOS="352" HPOS="700"/>
							<String ID="string_69" HPOS="714" VPOS="353" WIDTH="155" HEIGHT="26" WC="0.92" CONTENT="behörigheten"/><SP WIDTH="15" VPOS="353" HPOS="869"/>
							<String ID="string_70" HPOS="884" VPOS="352" WIDTH="22" HEIGHT="22" WC="0.93" CONTENT="af"/><SP WIDTH="9" VPOS="352" HPOS="906"/>
							<String ID="string_71" HPOS="915" VPOS="353" WIDTH="77" HEIGHT="26" WC="0.92" CONTENT="borga-"/>
						</TextLine>
						<TextLine ID="line_8" HPOS="168" VPOS="381" WIDTH="824" HEIGHT="28">
							<String ID="string_72" HPOS="168" VPOS="382" WIDTH="123" HEIGHT="22" WC="0.91" CONTENT="reständets"/><SP WIDTH="16" VPOS="382" HPOS="291"/>
							<String ID="string_73" HPOS="307" VPOS="382" WIDTH="133" HEIGHT="27" WC="0.91" CONTENT="inbjudning,"/><SP WIDTH="16" VPOS="382" HPOS="440"/>
							<String ID="string_74" HPOS="456" VPOS="388" WIDTH="64" HEIGHT="15" WC="0.96" CONTENT="anser"/><SP WIDTH="12" VPOS="388" HPOS="520"/>
							<String ID="string_75" HPOS="532" VPOS="382" WIDTH="38" HEIGHT="27" WC="0.96" CONTENT="jag"/><SP WIDTH="16" VPOS="382" HPOS="570"/>
							<String ID="string_76" HPOS="586" VPOS="382" WIDTH="41" HEIGHT="21" WC="0.96" CONTENT="den"/><SP WIDTH="11" VPOS="382" HPOS="627"/>
							<String ID="string_77" HPOS="638" VPOS="387" WIDTH="51" HEIGHT="16" WC="0.93" CONTENT="vara"/><SP WIDTH="11" VPOS="387" HPOS="689"/>
							<String ID="string_78" HPOS="700" VPOS="381" WIDTH="92" HEIGHT="27" WC="0.92" CONTENT="befogad"/><SP WIDTH="8" VPOS="381" HPOS="792"/>
							<String ID="string_79" HPOS="800" VPOS="381" WIDTH="26" HEIGHT="22" WC="0.96" CONTENT="sä"/><SP WIDTH="7" VPOS="381" HPOS="826"/>
							<String ID="string_80" HPOS="833" VPOS="381" WIDTH="86" HEIGHT="27" WC="0.96" CONTENT="mycket"/><SP WIDTH="8" VPOS="381" HPOS="919"/>
							<String ID="string_81" HPOS="927" VPOS="387" WIDTH="65" HEIGHT="20" WC="0.96" CONTENT="mera,"/>
						</TextLine>
						<TextLine ID="line_9" HPOS="168" VPOS="409" WIDTH="823" HEIGHT="23">
							<String ID="string_82" HPOS="168" VPOS="417" WIDTH="47" HEIGHT="15" WC="0.96" CONTENT="som"/><SP WIDTH="16" VPOS="417" HPOS="215"/>
							<String ID="string_83" HPOS="231" VPOS="413" WIDTH="14" HEIGHT="19" WC="0.93" CONTENT="2"/><SP WIDTH="15" VPOS="413" HPOS="245"/>
							<String ID="string_84" HPOS="260" VPOS="411" WIDTH="64" HEIGHT="21" WC="0.96" CONTENT="stånd"/><SP WIDTH="15" VPOS="411" HPOS="324"/>
							<String ID="string_85" HPOS="339" VPOS="410" WIDTH="64" HEIGHT="21" WC="0.96" CONTENT="hafva"/><SP WIDTH="14" VPOS="410" HPOS="403"/>
							<String ID="string_86" HPOS="417" VPOS="410" WIDTH="65" HEIGHT="22" WC="0.96" CONTENT="fattat"/><SP WIDTH="15" VPOS="410" HPOS="482"/>
							<String ID="string_87" HPOS="497" VPOS="411" WIDTH="32" HEIGHT="21" WC="0.96" CONTENT="ett"/><SP WIDTH="16" VPOS="411" HPOS="529"/>
							<String ID="string_88" HPOS="545" VPOS="410" WIDTH="40" HEIGHT="21" WC="0.96" CONTENT="och"/><SP WIDTH="15" VPOS="410" HPOS="585"/>
							<String ID="string_89" HPOS="600" VPOS="411" WIDTH="14" HEIGHT="20" WC="0.93" CONTENT="2"/><SP WIDTH="15" VPOS="411" HPOS="614"/>
							<String ID="string_90" HPOS="629" VPOS="409" WIDTH="64" HEIGHT="22" WC="0.96" CONTENT="stånd"/><SP WIDTH="15" VPOS="409" HPOS="693"/>
							<String ID="string_91" HPOS="708" VPOS="411" WIDTH="88" HEIGHT="20" WC="0.96" CONTENT="stannat"/><SP WIDTH="14" VPOS="411" HPOS="796"/>
							<String ID="string_92" HPOS="810" VPOS="410" WIDTH="7" HEIGHT="21" WC="0.93" CONTENT="i"/><SP WIDTH="16" VPOS="410" HPOS="817"/>
							<String ID="string_93" HPOS="833" VPOS="409" WIDTH="70" HEIGHT="22" WC="0.96" CONTENT="skilda"/><SP WIDTH="10" VPOS="409" HPOS="903"/>
							<String ID="string_94" HPOS="913" VPOS="409" WIDTH="78" HEIGHT="22" WC="0.96" CONTENT="beslut."/>
						</TextLine>
						<TextLine ID="line_10" HPOS="168" VPOS="437" WIDTH="824" HEIGHT="28">
							<String ID="string_95" HPOS="168" VPOS="438" WIDTH="41" HEIGHT="22" WC="0.96" CONTENT="Vid"/><SP WIDTH="16" VPOS="438" HPOS="209"/>
							<String ID="string_96" HPOS="225" VPOS="439" WIDTH="37" HEIGHT="22" WC="0.93" CONTENT="det"/><SP WIDTH="14" VPOS="439" HPOS="262"/>
							<String ID="string_97" HPOS="276" VPOS="438" WIDTH="144" HEIGHT="22" WC="0.92" CONTENT="förhällandet"/><SP WIDTH="14" VPOS="438" HPOS="420"/>
							<String ID="string_98" HPOS="434" VPOS="438" WIDTH="71" HEIGHT="22" WC="0.96" CONTENT="skulle"/><SP WIDTH="15" VPOS="438" HPOS="505"/>
							<String ID="string_99" HPOS="520" VPOS="444" WIDTH="27" HEIGHT="15" WC="0.93" CONTENT="en"/><SP WIDTH="15" VPOS="444" HPOS="547"/>
							<String ID="string_100" HPOS="562" VPOS="438" WIDTH="206" HEIGHT="27" WC="0.92" CONTENT="sammanjämkning"/><SP WIDTH="15" VPOS="438" HPOS="768"/>
							<String ID="string_101" HPOS="783" VPOS="444" WIDTH="50" HEIGHT="16" WC="0.93" CONTENT="vara"/><SP WIDTH="15" VPOS="444" HPOS="833"/>
							<String ID="string_102" HPOS="848" VPOS="438" WIDTH="55" HEIGHT="26" WC="0.92" CONTENT="svär,"/><SP WIDTH="16" VPOS="438" HPOS="903"/>
							<String ID="string_103" HPOS="919" VPOS="437" WIDTH="73" HEIGHT="22" WC="0.92" CONTENT="förrän"/>
						</TextLine>
						<TextLine ID="line_11" HPOS="168" VPOS="465" WIDTH="824" HEIGHT="29">
							<String ID="string_104" HPOS="168" VPOS="468" WIDTH="109" HEIGHT="21" WC="0.92" CONTENT="utskottet"/><SP WIDTH="14" VPOS="468" HPOS="277"/>
							<String ID="string_105" HPOS="291" VPOS="466" WIDTH="41" HEIGHT="22" WC="0.93" CONTENT="fätt"/><SP WIDTH="19" VPOS="466" HPOS="332"/>
							<String ID="string_106" HPOS="351" VPOS="466" WIDTH="91" HEIGHT="28" WC="0.93" CONTENT="ungefär"/><SP WIDTH="18" VPOS="466" HPOS="442"/>
							<String ID="string_107" HPOS="460" VPOS="468" WIDTH="51" HEIGHT="20" WC="0.92" CONTENT="veta"/><SP WIDTH="19" VPOS="468" HPOS="511"/>
							<String ID="string_108" HPOS="530" VPOS="466" WIDTH="56" HEIGHT="22" WC="0.96" CONTENT="huru"/><SP WIDTH="20" VPOS="466" HPOS="586"/>
							<String ID="string_109" HPOS="606" VPOS="472" WIDTH="26" HEIGHT="16" WC="0.96" CONTENT="en"/><SP WIDTH="15" VPOS="472" HPOS="632"/>
							<String ID="string_110" HPOS="647" VPOS="466" WIDTH="74" HEIGHT="28" WC="0.93" CONTENT="möjlig"/><SP WIDTH="14" VPOS="466" HPOS="721"/>
							<String ID="string_111" HPOS="735" VPOS="466" WIDTH="126" HEIGHT="28" WC="0.93" CONTENT="inbjudning"/><SP WIDTH="15" VPOS="466" HPOS="861"/>
							<String ID="string_112" HPOS="876" VPOS="466" WIDTH="71" HEIGHT="22" WC="0.93" CONTENT="skulle"/><SP WIDTH="14" VPOS="466" HPOS="947"/>
							<String ID="string_113" HPOS="961" VPOS="465" WIDTH="31" HEIGHT="22" WC="0.92" CONTENT="af-"/>
						</TextLine>
						<TextLine ID="line_12" HPOS="168" VPOS="494" WIDTH="824" HEIGHT="29">
							<String ID="string_114" HPOS="168" VPOS="496" WIDTH="57" HEIGHT="27" WC="0.93" CONTENT="löpa,"/><SP WIDTH="16" VPOS="496" HPOS="225"/>
							<String ID="string_115" HPOS="241" VPOS="496" WIDTH="7" HEIGHT="21" WC="0.96" CONTENT="i"/><SP WIDTH="15" VPOS="496" HPOS="248"/>
							<String ID="string_116" HPOS="263" VPOS="496" WIDTH="117" HEIGHT="27" WC="0.95" CONTENT="synnerhet"/><SP WIDTH="18" VPOS="496" HPOS="380"/>
							<String ID="string_117" HPOS="398" VPOS="495" WIDTH="33" HEIGHT="27" WC="0.91" CONTENT="dä,"/><SP WIDTH="17" VPOS="495" HPOS="431"/>
							<String ID="string_118" HPOS="448" VPOS="495" WIDTH="68" HEIGHT="22" WC="0.93" CONTENT="sedan"/><SP WIDTH="15" VPOS="495" HPOS="516"/>
							<String ID="string_119" HPOS="531" VPOS="495" WIDTH="234" HEIGHT="28" WC="0.91" CONTENT="sammanjämkningen"/><SP WIDTH="15" VPOS="495" HPOS="765"/>
							<String ID="string_120" HPOS="780" VPOS="495" WIDTH="123" HEIGHT="26" WC="0.92" CONTENT="verkstälts,"/><SP WIDTH="17" VPOS="495" HPOS="903"/>
							<String ID="string_121" HPOS="920" VPOS="494" WIDTH="72" HEIGHT="27" WC="0.93" CONTENT="nägon"/>
						</TextLine>
						<TextLine ID="line_13" HPOS="168" VPOS="523" WIDTH="824" HEIGHT="27">
							<String ID="string_122" HPOS="168" VPOS="525" WIDTH="74" HEIGHT="21" WC="0.93" CONTENT="vidare"/><SP WIDTH="16" VPOS="525" HPOS="242"/>
							<String ID="string_123" HPOS="258" VPOS="524" WIDTH="124" HEIGHT="22" WC="0.92" CONTENT="äterremiss"/><SP WIDTH="16" VPOS="524" HPOS="382"/>
							<String ID="string_124" HPOS="398" VPOS="524" WIDTH="67" HEIGHT="26" WC="0.96" CONTENT="enligt"/><SP WIDTH="15" VPOS="524" HPOS="465"/>
							<String ID="string_125" HPOS="480" VPOS="526" WIDTH="26" HEIGHT="20" WC="0.92" CONTENT="57"/><SP WIDTH="17" VPOS="526" HPOS="506"/>
							<String ID="string_126" HPOS="523" VPOS="524" WIDTH="12" HEIGHT="26" WC="0.88" CONTENT="$"/><SP WIDTH="15" VPOS="524" HPOS="535"/>
							<String ID="string_127" HPOS="550" VPOS="524" WIDTH="7" HEIGHT="21" WC="0.96" CONTENT="i"/><SP WIDTH="15" VPOS="524" HPOS="557"/>
							<String ID="string_128" HPOS="572" VPOS="523" WIDTH="24" HEIGHT="22" WC="0.96" CONTENT="L."/><SP WIDTH="16" VPOS="523" HPOS="596"/>
							<String ID="string_129" HPOS="612" VPOS="523" WIDTH="26" HEIGHT="23" WC="0.93" CONTENT="O."/><SP WIDTH="15" VPOS="523" HPOS="638"/>
							<String ID="string_130" HPOS="653" VPOS="524" WIDTH="49" HEIGHT="21" WC="0.92" CONTENT="icke"/><SP WIDTH="14" VPOS="524" HPOS="702"/>
							<String ID="string_131" HPOS="716" VPOS="524" WIDTH="33" HEIGHT="21" WC="0.92" CONTENT="fär"/><SP WIDTH="15" VPOS="524" HPOS="749"/>
							<String ID="string_132" HPOS="764" VPOS="526" WIDTH="41" HEIGHT="24" WC="0.92" CONTENT="äga"/><SP WIDTH="10" VPOS="526" HPOS="805"/>
							<String ID="string_133" HPOS="815" VPOS="530" WIDTH="53" HEIGHT="15" WC="0.93" CONTENT="rum."/><SP WIDTH="16" VPOS="530" HPOS="868"/>
							<String ID="string_134" HPOS="884" VPOS="524" WIDTH="63" HEIGHT="21" WC="0.92" CONTENT="Hvad"/><SP WIDTH="10" VPOS="524" HPOS="947"/>
							<String ID="string_135" HPOS="957" VPOS="529" WIDTH="35" HEIGHT="15" WC="0.93" CONTENT="se-"/>
						</TextLine>
						<TextLine ID="line_14" HPOS="168" VPOS="551" WIDTH="824" HEIGHT="29">
							<String ID="string_136" HPOS="168" VPOS="554" WIDTH="43" HEIGHT="20" WC="0.93" CONTENT="dan"/><SP WIDTH="15" VPOS="554" HPOS="211"/>
							<String ID="string_137" HPOS="226" VPOS="552" WIDTH="76" HEIGHT="28" WC="0.90" CONTENT="själfva"/><SP WIDTH="15" VPOS="552" HPOS="302"/>
							<String ID="string_138" HPOS="317" VPOS="553" WIDTH="68" HEIGHT="21" WC="0.93" CONTENT="saken"/><SP WIDTH="15" VPOS="553" HPOS="385"/>
							<String ID="string_139" HPOS="400" VPOS="552" WIDTH="72" HEIGHT="27" WC="0.93" CONTENT="angär,"/><SP WIDTH="15" VPOS="552" HPOS="472"/>
							<String ID="string_140" HPOS="487" VPOS="552" WIDTH="26" HEIGHT="22" WC="0.93" CONTENT="sä"/><SP WIDTH="15" VPOS="552" HPOS="513"/>
							<String ID="string_141" HPOS="528" VPOS="558" WIDTH="64" HEIGHT="22" WC="0.92" CONTENT="synes"/><SP WIDTH="15" VPOS="558" HPOS="592"/>
							<String ID="string_142" HPOS="607" VPOS="552" WIDTH="44" HEIGHT="27" WC="0.96" CONTENT="mig"/><SP WIDTH="15" VPOS="552" HPOS="651"/>
							<String ID="string_143" HPOS="666" VPOS="552" WIDTH="26" HEIGHT="22" WC="0.93" CONTENT="sä"/><SP WIDTH="14" VPOS="552" HPOS="692"/>
							<String ID="string_144" HPOS="706" VPOS="552" WIDTH="87" HEIGHT="22" WC="0.91" CONTENT="talande"/><SP WIDTH="15" VPOS="552" HPOS="793"/>
							<String ID="string_145" HPOS="808" VPOS="552" WIDTH="47" HEIGHT="22" WC="0.93" CONTENT="skäl"/><SP WIDTH="9" VPOS="552" HPOS="855"/>
							<String ID="string_146" HPOS="864" VPOS="552" WIDTH="64" HEIGHT="22" WC="0.92" CONTENT="hafva"/><SP WIDTH="7" VPOS="552" HPOS="928"/>
							<String ID="string_147" HPOS="935" VPOS="551" WIDTH="57" HEIGHT="23" WC="0.93" CONTENT="före-"/>
						</TextLine>
						<TextLine ID="line_15" HPOS="167" VPOS="580" WIDTH="826" HEIGHT="29">
							<String ID="string_148" HPOS="167" VPOS="582" WIDTH="76" HEIGHT="27" WC="0.92" CONTENT="bragts"/><SP WIDTH="16" VPOS="582" HPOS="243"/>
							<String ID="string_149" HPOS="259" VPOS="581" WIDTH="8" HEIGHT="22" WC="0.96" CONTENT="i"/><SP WIDTH="15" VPOS="581" HPOS="267"/>
							<String ID="string_150" HPOS="282" VPOS="581" WIDTH="117" HEIGHT="27" WC="0.95" CONTENT="synnerhet"/><SP WIDTH="14" VPOS="581" HPOS="399"/>
							<String ID="string_151" HPOS="413" VPOS="582" WIDTH="7" HEIGHT="20" WC="0.93" CONTENT="i"/><SP WIDTH="15" VPOS="582" HPOS="420"/>
							<String ID="string_152" HPOS="435" VPOS="581" WIDTH="162" HEIGHT="27" WC="0.93" CONTENT="presteständet"/><SP WIDTH="14" VPOS="581" HPOS="597"/>
							<String ID="string_153" HPOS="611" VPOS="580" WIDTH="48" HEIGHT="22" WC="0.96" CONTENT="utaf"/><SP WIDTH="12" VPOS="580" HPOS="659"/>
							<String ID="string_154" HPOS="671" VPOS="581" WIDTH="139" HEIGHT="21" WC="0.96" CONTENT="minoriteten"/><SP WIDTH="14" VPOS="581" HPOS="810"/>
							<String ID="string_155" HPOS="824" VPOS="581" WIDTH="33" HEIGHT="21" WC="0.93" CONTENT="till"/><SP WIDTH="9" VPOS="581" HPOS="857"/>
							<String ID="string_156" HPOS="866" VPOS="580" WIDTH="83" HEIGHT="22" WC="0.96" CONTENT="förmån"/><SP WIDTH="10" VPOS="580" HPOS="949"/>
							<String ID="string_157" HPOS="959" VPOS="580" WIDTH="34" HEIGHT="22" WC="0.96" CONTENT="för"/>
						</TextLine>
						<TextLine ID="line_16" HPOS="168" VPOS="608" WIDTH="824" HEIGHT="29">
							<String ID="string_158" HPOS="168" VPOS="611" WIDTH="43" HEIGHT="21" WC="0.93" CONTENT="den"/><SP WIDTH="14" VPOS="611" HPOS="211"/>
							<String ID="string_159" HPOS="225" VPOS="610" WIDTH="49" HEIGHT="21" WC="0.91" CONTENT="utaf"/><SP WIDTH="16" VPOS="610" HPOS="274"/>
							<String ID="string_160" HPOS="290" VPOS="610" WIDTH="167" HEIGHT="26" WC="0.92" CONTENT="borgarständet"/><SP WIDTH="22" VPOS="610" HPOS="457"/>
							<String ID="string_161" HPOS="479" VPOS="609" WIDTH="117" HEIGHT="22" WC="0.93" CONTENT="omfattade"/><SP WIDTH="16" VPOS="609" HPOS="596"/>
							<String ID="string_162" HPOS="612" VPOS="610" WIDTH="119" HEIGHT="26" WC="0.91" CONTENT="meningen,"/><SP WIDTH="17" VPOS="610" HPOS="731"/>
							<String ID="string_163" HPOS="748" VPOS="611" WIDTH="33" HEIGHT="20" WC="0.93" CONTENT="att"/><SP WIDTH="14" VPOS="611" HPOS="781"/>
							<String ID="string_164" HPOS="795" VPOS="610" WIDTH="72" HEIGHT="27" WC="0.92" CONTENT="nägon"/><SP WIDTH="15" VPOS="610" HPOS="867"/>
							<String ID="string_165" HPOS="882" VPOS="608" WIDTH="110" HEIGHT="28" WC="0.92" CONTENT="villrädig-"/>
						</TextLine>
						<TextLine ID="line_17" HPOS="167" VPOS="638" WIDTH="825" HEIGHT="28">
							<String ID="string_166" HPOS="167" VPOS="639" WIDTH="39" HEIGHT="22" WC="0.93" CONTENT="het"/><SP WIDTH="14" VPOS="639" HPOS="206"/>
							<String ID="string_167" HPOS="220" VPOS="638" WIDTH="178" HEIGHT="24" WC="0.77" CONTENT="ickeeförefinnes"/><SP WIDTH="15" VPOS="638" HPOS="398"/>
							<String ID="string_168" HPOS="413" VPOS="639" WIDTH="33" HEIGHT="21" WC="0.96" CONTENT="för"/><SP WIDTH="14" VPOS="639" HPOS="446"/>
							<String ID="string_169" HPOS="460" VPOS="639" WIDTH="44" HEIGHT="26" WC="0.96" CONTENT="mig"/><SP WIDTH="15" VPOS="639" HPOS="504"/>
							<String ID="string_170" HPOS="519" VPOS="640" WIDTH="33" HEIGHT="19" WC="0.93" CONTENT="att"/><SP WIDTH="14" VPOS="640" HPOS="552"/>
							<String ID="string_171" HPOS="566" VPOS="638" WIDTH="86" HEIGHT="22" WC="0.93" CONTENT="förorda"/><SP WIDTH="14" VPOS="638" HPOS="652"/>
							<String ID="string_172" HPOS="666" VPOS="638" WIDTH="178" HEIGHT="27" WC="0.92" CONTENT="borgarständets"/><SP WIDTH="14" VPOS="638" HPOS="844"/>
							<String ID="string_173" HPOS="858" VPOS="638" WIDTH="134" HEIGHT="28" WC="0.92" CONTENT="inbjudning."/>
						</TextLine>
						<TextLine ID="line_18" HPOS="167" VPOS="667" WIDTH="825" HEIGHT="26">
							<String ID="string_174" HPOS="167" VPOS="667" WIDTH="44" HEIGHT="22" WC="0.96" CONTENT="Det"/><SP WIDTH="15" VPOS="667" HPOS="211"/>
							<String ID="string_175" HPOS="226" VPOS="669" WIDTH="24" HEIGHT="20" WC="0.96" CONTENT="är"/><SP WIDTH="15" VPOS="669" HPOS="250"/>
							<String ID="string_176" HPOS="265" VPOS="667" WIDTH="55" HEIGHT="22" WC="0.96" CONTENT="visst"/><SP WIDTH="15" VPOS="667" HPOS="320"/>
							<String ID="string_177" HPOS="335" VPOS="669" WIDTH="55" HEIGHT="24" WC="0.96" CONTENT="sant,"/><SP WIDTH="17" VPOS="669" HPOS="390"/>
							<String ID="string_178" HPOS="407" VPOS="669" WIDTH="32" HEIGHT="19" WC="0.96" CONTENT="att"/><SP WIDTH="20" VPOS="669" HPOS="439"/>
							<String ID="string_179" HPOS="459" VPOS="667" WIDTH="37" HEIGHT="21" WC="0.93" CONTENT="det"/><SP WIDTH="15" VPOS="667" HPOS="496"/>
							<String ID="string_180" HPOS="511" VPOS="673" WIDTH="50" HEIGHT="15" WC="0.91" CONTENT="vore"/><SP WIDTH="15" VPOS="673" HPOS="561"/>
							<String ID="string_181" HPOS="576" VPOS="667" WIDTH="79" HEIGHT="22" WC="0.96" CONTENT="lättare"/><SP WIDTH="15" VPOS="667" HPOS="655"/>
							<String ID="string_182" HPOS="670" VPOS="668" WIDTH="33" HEIGHT="20" WC="0.93" CONTENT="att"/><SP WIDTH="14" VPOS="668" HPOS="703"/>
							<String ID="string_183" HPOS="717" VPOS="667" WIDTH="21" HEIGHT="21" WC="0.93" CONTENT="fä"/><SP WIDTH="16" VPOS="667" HPOS="738"/>
							<String ID="string_184" HPOS="754" VPOS="669" WIDTH="84" HEIGHT="24" WC="0.92" CONTENT="preste-"/><SP WIDTH="15" VPOS="669" HPOS="838"/>
							<String ID="string_185" HPOS="853" VPOS="667" WIDTH="40" HEIGHT="22" WC="0.93" CONTENT="och"/><SP WIDTH="16" VPOS="667" HPOS="893"/>
							<String ID="string_186" HPOS="909" VPOS="667" WIDTH="83" HEIGHT="21" WC="0.91" CONTENT="bonde-"/>
						</TextLine>
						<TextLine ID="line_19" HPOS="168" VPOS="695" WIDTH="823" HEIGHT="27">
							<String ID="string_187" HPOS="168" VPOS="696" WIDTH="93" HEIGHT="21" WC="0.92" CONTENT="ständen"/><SP WIDTH="14" VPOS="696" HPOS="261"/>
							<String ID="string_188" HPOS="275" VPOS="696" WIDTH="33" HEIGHT="21" WC="0.97" CONTENT="till"/><SP WIDTH="16" VPOS="696" HPOS="308"/>
							<String ID="string_189" HPOS="324" VPOS="697" WIDTH="33" HEIGHT="20" WC="0.93" CONTENT="att"/><SP WIDTH="14" VPOS="697" HPOS="357"/>
							<String ID="string_190" HPOS="371" VPOS="695" WIDTH="76" HEIGHT="22" WC="0.91" CONTENT="förena"/><SP WIDTH="14" VPOS="695" HPOS="447"/>
							<String ID="string_191" HPOS="461" VPOS="695" WIDTH="34" HEIGHT="27" WC="0.96" CONTENT="sig"/><SP WIDTH="14" VPOS="695" HPOS="495"/>
							<String ID="string_192" HPOS="509" VPOS="701" WIDTH="35" HEIGHT="16" WC="0.96" CONTENT="om"/><SP WIDTH="15" VPOS="701" HPOS="544"/>
							<String ID="string_193" HPOS="559" VPOS="701" WIDTH="27" HEIGHT="16" WC="0.93" CONTENT="en"/><SP WIDTH="15" VPOS="701" HPOS="586"/>
							<String ID="string_194" HPOS="601" VPOS="695" WIDTH="162" HEIGHT="27" WC="0.91" CONTENT="utgängspunkt"/><SP WIDTH="15" VPOS="695" HPOS="763"/>
							<String ID="string_195" HPOS="778" VPOS="695" WIDTH="46" HEIGHT="22" WC="0.93" CONTENT="frän"/><SP WIDTH="15" VPOS="695" HPOS="824"/>
							<String ID="string_196" HPOS="839" VPOS="695" WIDTH="87" HEIGHT="26" WC="0.96" CONTENT="Nurmo,"/><SP WIDTH="16" VPOS="695" HPOS="926"/>
							<String ID="string_197" HPOS="942" VPOS="701" WIDTH="49" HEIGHT="16" WC="0.96" CONTENT="men"/>
						</TextLine>
						<TextLine ID="line_20" HPOS="165" VPOS="723" WIDTH="826" HEIGHT="29">
							<String ID="string_198" HPOS="165" VPOS="725" WIDTH="39" HEIGHT="27" WC="0.93" CONTENT="jag"/><SP WIDTH="21" VPOS="725" HPOS="204"/>
							<String ID="string_199" HPOS="225" VPOS="724" WIDTH="122" HEIGHT="22" WC="0.89" CONTENT="föreställer"/><SP WIDTH="14" VPOS="724" HPOS="347"/>
							<String ID="string_200" HPOS="361" VPOS="725" WIDTH="44" HEIGHT="26" WC="0.92" CONTENT="mig"/><SP WIDTH="18" VPOS="725" HPOS="405"/>
							<String ID="string_201" HPOS="423" VPOS="724" WIDTH="86" HEIGHT="21" WC="0.92" CONTENT="ändock"/><SP WIDTH="16" VPOS="724" HPOS="509"/>
							<String ID="string_202" HPOS="525" VPOS="726" WIDTH="32" HEIGHT="19" WC="0.96" CONTENT="att"/><SP WIDTH="16" VPOS="726" HPOS="557"/>
							<String ID="string_203" HPOS="573" VPOS="725" WIDTH="41" HEIGHT="20" WC="0.96" CONTENT="den"/><SP WIDTH="15" VPOS="725" HPOS="614"/>
							<String ID="string_204" HPOS="629" VPOS="723" WIDTH="71" HEIGHT="22" WC="0.93" CONTENT="finska"/><SP WIDTH="15" VPOS="723" HPOS="700"/>
							<String ID="string_205" HPOS="715" VPOS="724" WIDTH="163" HEIGHT="22" WC="0.92" CONTENT="nationaliteten"/><SP WIDTH="15" VPOS="724" HPOS="878"/>
							<String ID="string_206" HPOS="893" VPOS="724" WIDTH="49" HEIGHT="21" WC="0.91" CONTENT="icke"/><SP WIDTH="15" VPOS="724" HPOS="942"/>
							<String ID="string_207" HPOS="957" VPOS="725" WIDTH="34" HEIGHT="20" WC="0.93" CONTENT="ut-"/>
						</TextLine>
						<TextLine ID="line_21" HPOS="167" VPOS="752" WIDTH="825" HEIGHT="28">
							<String ID="string_208" HPOS="167" VPOS="753" WIDTH="88" HEIGHT="22" WC="0.91" CONTENT="vecklar"/><SP WIDTH="15" VPOS="753" HPOS="255"/>
							<String ID="string_209" HPOS="270" VPOS="753" WIDTH="33" HEIGHT="26" WC="0.96" CONTENT="sig"/><SP WIDTH="16" VPOS="753" HPOS="303"/>
							<String ID="string_210" HPOS="319" VPOS="753" WIDTH="7" HEIGHT="22" WC="0.96" CONTENT="i"/><SP WIDTH="16" VPOS="753" HPOS="326"/>
							<String ID="string_211" HPOS="342" VPOS="753" WIDTH="37" HEIGHT="22" WC="0.96" CONTENT="det"/><SP WIDTH="15" VPOS="753" HPOS="379"/>
							<String ID="string_212" HPOS="394" VPOS="752" WIDTH="61" HEIGHT="28" WC="0.96" CONTENT="syfte,"/><SP WIDTH="20" VPOS="752" HPOS="455"/>
							<String ID="string_213" HPOS="475" VPOS="754" WIDTH="32" HEIGHT="20" WC="0.95" CONTENT="att"/><SP WIDTH="16" VPOS="754" HPOS="507"/>
							<String ID="string_214" HPOS="523" VPOS="753" WIDTH="41" HEIGHT="22" WC="0.97" CONTENT="den"/><SP WIDTH="14" VPOS="753" HPOS="564"/>
							<String ID="string_215" HPOS="578" VPOS="753" WIDTH="70" HEIGHT="22" WC="0.93" CONTENT="skulle"/><SP WIDTH="15" VPOS="753" HPOS="648"/>
							<String ID="string_216" HPOS="663" VPOS="753" WIDTH="83" HEIGHT="21" WC="0.93" CONTENT="utbilda"/><SP WIDTH="15" VPOS="753" HPOS="746"/>
							<String ID="string_217" HPOS="761" VPOS="752" WIDTH="39" HEIGHT="22" WC="0.96" CONTENT="allt"/><SP WIDTH="13" VPOS="752" HPOS="800"/>
							<String ID="string_218" HPOS="813" VPOS="753" WIDTH="72" HEIGHT="21" WC="0.96" CONTENT="vidare"/><SP WIDTH="15" VPOS="753" HPOS="885"/>
							<String ID="string_219" HPOS="900" VPOS="753" WIDTH="38" HEIGHT="21" WC="0.96" CONTENT="vär"/><SP WIDTH="15" VPOS="753" HPOS="938"/>
							<String ID="string_220" HPOS="953" VPOS="758" WIDTH="39" HEIGHT="16" WC="0.96" CONTENT="sen"/>
						</TextLine>
						<TextLine ID="line_22" HPOS="168" VPOS="781" WIDTH="825" HEIGHT="28">
							<String ID="string_221" HPOS="168" VPOS="782" WIDTH="103" HEIGHT="27" WC="0.92" CONTENT="gammalt"/><SP WIDTH="14" VPOS="782" HPOS="271"/>
							<String ID="string_222" HPOS="285" VPOS="782" WIDTH="73" HEIGHT="21" WC="0.93" CONTENT="kända"/><SP WIDTH="16" VPOS="782" HPOS="358"/>
							<String ID="string_223" HPOS="374" VPOS="781" WIDTH="104" HEIGHT="27" WC="0.92" CONTENT="envishet,"/><SP WIDTH="16" VPOS="781" HPOS="478"/>
							<String ID="string_224" HPOS="494" VPOS="781" WIDTH="25" HEIGHT="21" WC="0.96" CONTENT="sä"/><SP WIDTH="15" VPOS="781" HPOS="519"/>
							<String ID="string_225" HPOS="534" VPOS="783" WIDTH="33" HEIGHT="20" WC="0.96" CONTENT="att"/><SP WIDTH="7" VPOS="783" HPOS="567"/>
							<String ID="string_226" HPOS="574" VPOS="781" WIDTH="38" HEIGHT="28" WC="0.93" CONTENT="jag"/><SP WIDTH="10" VPOS="781" HPOS="612"/>
							<String ID="string_227" HPOS="622" VPOS="781" WIDTH="82" HEIGHT="28" WC="0.92" CONTENT="hoppas"/><SP WIDTH="12" VPOS="781" HPOS="704"/>
							<String ID="string_228" HPOS="716" VPOS="783" WIDTH="32" HEIGHT="19" WC="0.97" CONTENT="att"/><SP WIDTH="10" VPOS="783" HPOS="748"/>
							<String ID="string_229" HPOS="758" VPOS="781" WIDTH="28" HEIGHT="22" WC="0.96" CONTENT="dä"/><SP WIDTH="9" VPOS="781" HPOS="786"/>
							<String ID="string_230" HPOS="795" VPOS="782" WIDTH="57" HEIGHT="21" WC="0.93" CONTENT="inom"/><SP WIDTH="8" VPOS="782" HPOS="852"/>
							<String ID="string_231" HPOS="860" VPOS="781" WIDTH="133" HEIGHT="28" WC="0.92" CONTENT="prestestän-"/>
						</TextLine>
						<TextLine ID="line_23" HPOS="169" VPOS="809" WIDTH="823" HEIGHT="28">
							<String ID="string_232" HPOS="169" VPOS="811" WIDTH="38" HEIGHT="21" WC="0.95" CONTENT="det"/><SP WIDTH="14" VPOS="811" HPOS="207"/>
							<String ID="string_233" HPOS="221" VPOS="811" WIDTH="26" HEIGHT="21" WC="0.93" CONTENT="sä"/><SP WIDTH="19" VPOS="811" HPOS="247"/>
							<String ID="string_234" HPOS="266" VPOS="810" WIDTH="87" HEIGHT="22" WC="0.92" CONTENT="talande"/><SP WIDTH="19" VPOS="810" HPOS="353"/>
							<String ID="string_235" HPOS="372" VPOS="810" WIDTH="47" HEIGHT="22" WC="0.93" CONTENT="skäl"/><SP WIDTH="20" VPOS="810" HPOS="419"/>
							<String ID="string_236" HPOS="439" VPOS="809" WIDTH="129" HEIGHT="28" WC="0.92" CONTENT="frambragts"/><SP WIDTH="18" VPOS="809" HPOS="568"/>
							<String ID="string_237" HPOS="586" VPOS="810" WIDTH="33" HEIGHT="22" WC="0.93" CONTENT="för"/><SP WIDTH="14" VPOS="810" HPOS="619"/>
							<String ID="string_238" HPOS="633" VPOS="810" WIDTH="123" HEIGHT="21" WC="0.92" CONTENT="kustbanan"/><SP WIDTH="14" VPOS="810" HPOS="756"/>
							<String ID="string_239" HPOS="770" VPOS="810" WIDTH="55" HEIGHT="22" WC="0.90" CONTENT="ifrän"/><SP WIDTH="14" VPOS="810" HPOS="825"/>
							<String ID="string_240" HPOS="839" VPOS="810" WIDTH="153" HEIGHT="27" WC="0.92" CONTENT="Wasa-banan,"/>
						</TextLine>
						<TextLine ID="line_24" HPOS="168" VPOS="839" WIDTH="394" HEIGHT="27">
							<String ID="string_241" HPOS="168" VPOS="839" WIDTH="43" HEIGHT="22" WC="0.96" CONTENT="den"/><SP WIDTH="14" VPOS="839" HPOS="211"/>
							<String ID="string_242" HPOS="225" VPOS="839" WIDTH="96" HEIGHT="22" WC="0.96" CONTENT="kommer"/><SP WIDTH="15" VPOS="839" HPOS="321"/>
							<String ID="string_243" HPOS="336" VPOS="841" WIDTH="33" HEIGHT="20" WC="0.93" CONTENT="att"/><SP WIDTH="14" VPOS="841" HPOS="369"/>
							<String ID="string_244" HPOS="383" VPOS="839" WIDTH="66" HEIGHT="21" WC="0.92" CONTENT="blifva"/><SP WIDTH="15" VPOS="839" HPOS="449"/>
							<String ID="string_245" HPOS="464" VPOS="840" WIDTH="98" HEIGHT="26" WC="0.92" CONTENT="antagen."/>
						</TextLine>
					</TextBlock>
					<TextBlock ID="block_3" HPOS="167" VPOS="866" WIDTH="827" HEIGHT="86">
						<TextLine ID="line_25" HPOS="238" VPOS="866" WIDTH="755" HEIGHT="28">
							<String ID="string_246" HPOS="238" VPOS="867" WIDTH="71" HEIGHT="22" WC="0.93" CONTENT="Sedan"/><SP WIDTH="16" VPOS="867" HPOS="309"/>
							<String ID="string_247" HPOS="325" VPOS="867" WIDTH="188" HEIGHT="27" WC="0.39" CONTENT="öfverlägeningen"/><SP WIDTH="16" VPOS="867" HPOS="513"/>
							<String ID="string_248" HPOS="529" VPOS="868" WIDTH="7" HEIGHT="20" WC="0.93" CONTENT="i"/><SP WIDTH="16" VPOS="868" HPOS="536"/>
							<String ID="string_249" HPOS="552" VPOS="868" WIDTH="72" HEIGHT="20" WC="0.93" CONTENT="ämnet"/><SP WIDTH="14" VPOS="868" HPOS="624"/>
							<String ID="string_250" HPOS="638" VPOS="867" WIDTH="89" HEIGHT="21" WC="0.93" CONTENT="härmed"/><SP WIDTH="9" VPOS="867" HPOS="727"/>
							<String ID="string_251" HPOS="736" VPOS="867" WIDTH="107" HEIGHT="26" WC="0.92" CONTENT="afslutats,"/><SP WIDTH="11" VPOS="867" HPOS="843"/>
							<String ID="string_252" HPOS="854" VPOS="866" WIDTH="139" HEIGHT="22" WC="0.92" CONTENT="framstäldes"/>
						</TextLine>
						<TextLine ID="line_26" HPOS="167" VPOS="896" WIDTH="827" HEIGHT="27">
							<String ID="string_253" HPOS="167" VPOS="896" WIDTH="77" HEIGHT="22" WC="0.95" CONTENT="främst"/><SP WIDTH="22" VPOS="896" HPOS="244"/>
							<String ID="string_254" HPOS="266" VPOS="896" WIDTH="7" HEIGHT="22" WC="0.93" CONTENT="i"/><SP WIDTH="22" VPOS="896" HPOS="273"/>
							<String ID="string_255" HPOS="295" VPOS="896" WIDTH="103" HEIGHT="22" WC="0.92" CONTENT="afseende"/><SP WIDTH="23" VPOS="896" HPOS="398"/>
							<String ID="string_256" HPOS="421" VPOS="896" WIDTH="13" HEIGHT="21" WC="0.89" CONTENT="&amp;"/><SP WIDTH="22" VPOS="896" HPOS="434"/>
							<String ID="string_257" HPOS="456" VPOS="896" WIDTH="190" HEIGHT="27" WC="0.87" CONTENT="borgareständets"/><SP WIDTH="20" VPOS="896" HPOS="646"/>
							<String ID="string_258" HPOS="666" VPOS="896" WIDTH="125" HEIGHT="27" WC="0.92" CONTENT="inbjudning"/><SP WIDTH="14" VPOS="896" HPOS="791"/>
							<String ID="string_259" HPOS="805" VPOS="896" WIDTH="94" HEIGHT="27" WC="0.93" CONTENT="följande"/><SP WIDTH="16" VPOS="896" HPOS="899"/>
							<String ID="string_260" HPOS="915" VPOS="898" WIDTH="79" HEIGHT="20" WC="0.96" CONTENT="tvänne"/>
						</TextLine>
						<TextLine ID="line_27" HPOS="167" VPOS="924" WIDTH="607" HEIGHT="28">
							<String ID="string_261" HPOS="167" VPOS="924" WIDTH="159" HEIGHT="28" WC="0.92" CONTENT="propositioner"/><SP WIDTH="15" VPOS="924" HPOS="326"/>
							<String ID="string_262" HPOS="341" VPOS="925" WIDTH="33" HEIGHT="21" WC="0.92" CONTENT="till"/><SP WIDTH="15" VPOS="925" HPOS="374"/>
							<String ID="string_263" HPOS="389" VPOS="924" WIDTH="100" HEIGHT="22" WC="0.92" CONTENT="ständets"/><SP WIDTH="15" VPOS="924" HPOS="489"/>
							<String ID="string_264" HPOS="504" VPOS="924" WIDTH="139" HEIGHT="26" WC="0.92" CONTENT="besvarande,"/><SP WIDTH="16" VPOS="924" HPOS="643"/>
							<String ID="string_265" HPOS="659" VPOS="924" WIDTH="115" HEIGHT="27" WC="0.96" CONTENT="nämligen:"/>
						</TextLine>
					</TextBlock>
					<TextBlock ID="block_4" HPOS="141" VPOS="953" WIDTH="854" HEIGHT="119">
						<TextLine ID="line_28" HPOS="238" VPOS="953" WIDTH="757" HEIGHT="28">
							<String ID="string_266" HPOS="238" VPOS="953" WIDTH="43" HEIGHT="28" WC="0.90" CONTENT="1:0)"/><SP WIDTH="16" VPOS="953" HPOS="281"/>
							<String ID="string_267" HPOS="297" VPOS="954" WIDTH="42" HEIGHT="20" WC="0.90" CONTENT="Vill"/><SP WIDTH="15" VPOS="954" HPOS="339"/>
							<String ID="string_268" HPOS="354" VPOS="954" WIDTH="25" HEIGHT="20" WC="0.96" CONTENT="R."/><SP WIDTH="17" VPOS="954" HPOS="379"/>
							<String ID="string_269" HPOS="396" VPOS="959" WIDTH="19" HEIGHT="15" WC="0.96" CONTENT="o."/><SP WIDTH="15" VPOS="959" HPOS="415"/>
							<String ID="string_270" HPOS="430" VPOS="954" WIDTH="26" HEIGHT="20" WC="0.96" CONTENT="A."/><SP WIDTH="15" VPOS="954" HPOS="456"/>
							<String ID="string_271" HPOS="471" VPOS="953" WIDTH="32" HEIGHT="21" WC="0.93" CONTENT="till"/><SP WIDTH="13" VPOS="953" HPOS="503"/>
							<String ID="string_272" HPOS="516" VPOS="953" WIDTH="212" HEIGHT="27" WC="0.92" CONTENT="kontraproposition"/><SP WIDTH="10" VPOS="953" HPOS="728"/>
							<String ID="string_273" HPOS="738" VPOS="955" WIDTH="57" HEIGHT="19" WC="0.93" CONTENT="emot"/><SP WIDTH="12" VPOS="955" HPOS="795"/>
							<String ID="string_274" HPOS="807" VPOS="953" WIDTH="157" HEIGHT="27" WC="0.92" CONTENT="godkännande"/><SP WIDTH="8" VPOS="953" HPOS="964"/>
							<String ID="string_275" HPOS="972" VPOS="953" WIDTH="23" HEIGHT="22" WC="0.97" CONTENT="af"/>
						</TextLine>
						<TextLine ID="line_29" HPOS="168" VPOS="981" WIDTH="825" HEIGHT="27">
							<String ID="string_276" HPOS="168" VPOS="982" WIDTH="192" HEIGHT="26" WC="0.89" CONTENT="borgareständets"/><SP WIDTH="23" VPOS="982" HPOS="360"/>
							<String ID="string_277" HPOS="383" VPOS="981" WIDTH="126" HEIGHT="27" WC="0.90" CONTENT="inbjudning"/><SP WIDTH="22" VPOS="981" HPOS="509"/>
							<String ID="string_278" HPOS="531" VPOS="984" WIDTH="80" HEIGHT="24" WC="0.92" CONTENT="antaga"/><SP WIDTH="22" VPOS="984" HPOS="611"/>
							<String ID="string_279" HPOS="633" VPOS="982" WIDTH="74" HEIGHT="20" WC="0.92" CONTENT="herrar"/><SP WIDTH="21" VPOS="982" HPOS="707"/>
							<String ID="string_280" HPOS="728" VPOS="982" WIDTH="117" HEIGHT="25" WC="0.93" CONTENT="Järnefelts"/><SP WIDTH="24" VPOS="982" HPOS="845"/>
							<String ID="string_281" HPOS="869" VPOS="982" WIDTH="41" HEIGHT="21" WC="0.93" CONTENT="och"/><SP WIDTH="19" VPOS="982" HPOS="910"/>
							<String ID="string_282" HPOS="929" VPOS="982" WIDTH="64" HEIGHT="21" WC="0.93" CONTENT="Stan-"/>
						</TextLine>
						<TextLine ID="line_30" HPOS="168" VPOS="1010" WIDTH="824" HEIGHT="28">
							<String ID="string_283" HPOS="168" VPOS="1010" WIDTH="131" HEIGHT="28" WC="0.92" CONTENT="dertskjölds"/><SP WIDTH="14" VPOS="1010" HPOS="299"/>
							<String ID="string_284" HPOS="313" VPOS="1010" WIDTH="81" HEIGHT="26" WC="0.96" CONTENT="förslag"/><SP WIDTH="15" VPOS="1010" HPOS="394"/>
							<String ID="string_285" HPOS="409" VPOS="1011" WIDTH="32" HEIGHT="19" WC="0.93" CONTENT="att"/><SP WIDTH="15" VPOS="1011" HPOS="441"/>
							<String ID="string_286" HPOS="456" VPOS="1010" WIDTH="54" HEIGHT="21" WC="0.93" CONTENT="afslä"/><SP WIDTH="14" VPOS="1010" HPOS="510"/>
							<String ID="string_287" HPOS="524" VPOS="1010" WIDTH="166" HEIGHT="27" WC="0.92" CONTENT="inbjudningen;"/><SP WIDTH="23" VPOS="1010" HPOS="690"/>
							<String ID="string_288" HPOS="713" VPOS="1010" WIDTH="42" HEIGHT="22" WC="0.96" CONTENT="den"/><SP WIDTH="16" VPOS="1010" HPOS="755"/>
							<String ID="string_289" HPOS="771" VPOS="1010" WIDTH="37" HEIGHT="21" WC="0.96" CONTENT="det"/><SP WIDTH="14" VPOS="1010" HPOS="808"/>
							<String ID="string_290" HPOS="822" VPOS="1010" WIDTH="36" HEIGHT="21" WC="0.93" CONTENT="vill"/><SP WIDTH="16" VPOS="1010" HPOS="858"/>
							<String ID="string_291" HPOS="874" VPOS="1011" WIDTH="73" HEIGHT="20" WC="0.93" CONTENT="röstar"/><SP WIDTH="11" VPOS="1011" HPOS="947"/>
							<String ID="string_292" HPOS="958" VPOS="1010" WIDTH="34" HEIGHT="27" WC="0.96" CONTENT="ja;"/>
						</TextLine>
						<TextLine ID="line_31" HPOS="141" VPOS="1038" WIDTH="852" HEIGHT="34">
							<String ID="string_293" HPOS="141" VPOS="1060" WIDTH="11" HEIGHT="12" WC="0.60" CONTENT="."/><SP WIDTH="85" VPOS="1060" HPOS="152"/>
							<String ID="string_294" HPOS="237" VPOS="1040" WIDTH="74" HEIGHT="20" WC="0.91" CONTENT="vinner"/><SP WIDTH="15" VPOS="1040" HPOS="311"/>
							<String ID="string_295" HPOS="326" VPOS="1039" WIDTH="41" HEIGHT="27" WC="0.93" CONTENT="nej,"/><SP WIDTH="17" VPOS="1039" HPOS="367"/>
							<String ID="string_296" HPOS="384" VPOS="1040" WIDTH="90" HEIGHT="24" WC="0.92" CONTENT="antages"/><SP WIDTH="15" VPOS="1040" HPOS="474"/>
							<String ID="string_297" HPOS="489" VPOS="1038" WIDTH="31" HEIGHT="21" WC="0.93" CONTENT="till"/><SP WIDTH="17" VPOS="1038" HPOS="520"/>
							<String ID="string_298" HPOS="537" VPOS="1039" WIDTH="211" HEIGHT="26" WC="0.92" CONTENT="kontraproposition"/><SP WIDTH="16" VPOS="1039" HPOS="748"/>
							<String ID="string_299" HPOS="764" VPOS="1038" WIDTH="50" HEIGHT="22" WC="0.92" CONTENT="herr"/><SP WIDTH="9" VPOS="1038" HPOS="814"/>
							<String ID="string_300" HPOS="823" VPOS="1038" WIDTH="118" HEIGHT="22" WC="0.92" CONTENT="Mechelins"/><SP WIDTH="9" VPOS="1038" HPOS="941"/>
							<String ID="string_301" HPOS="950" VPOS="1038" WIDTH="43" HEIGHT="22" WC="0.92" CONTENT="för-"/>
						</TextLine>
					</TextBlock>
					<TextBlock ID="block_5" HPOS="163" VPOS="1066" WIDTH="830" HEIGHT="109">
						<TextLine ID="line_32" HPOS="166" VPOS="1066" WIDTH="826" HEIGHT="28">
							<String ID="string_302" HPOS="166" VPOS="1067" WIDTH="49" HEIGHT="27" WC="0.96" CONTENT="slag"/><SP WIDTH="22" VPOS="1067" HPOS="215"/>
							<String ID="string_303" HPOS="237" VPOS="1069" WIDTH="33" HEIGHT="20" WC="0.96" CONTENT="att"/><SP WIDTH="22" VPOS="1069" HPOS="270"/>
							<String ID="string_304" HPOS="292" VPOS="1068" WIDTH="25" HEIGHT="20" WC="0.96" CONTENT="R."/><SP WIDTH="17" VPOS="1068" HPOS="317"/>
							<String ID="string_305" HPOS="334" VPOS="1074" WIDTH="19" HEIGHT="14" WC="0.93" CONTENT="o."/><SP WIDTH="18" VPOS="1074" HPOS="353"/>
							<String ID="string_306" HPOS="371" VPOS="1067" WIDTH="33" HEIGHT="26" WC="0.90" CONTENT="A.,"/><SP WIDTH="19" VPOS="1067" HPOS="404"/>
							<String ID="string_307" HPOS="423" VPOS="1068" WIDTH="49" HEIGHT="20" WC="0.92" CONTENT="med"/><SP WIDTH="16" VPOS="1068" HPOS="472"/>
							<String ID="string_308" HPOS="488" VPOS="1066" WIDTH="114" HEIGHT="28" WC="0.91" CONTENT="afböjande"/><SP WIDTH="15" VPOS="1066" HPOS="602"/>
							<String ID="string_309" HPOS="617" VPOS="1068" WIDTH="21" HEIGHT="20" WC="0.93" CONTENT="at"/><SP WIDTH="14" VPOS="1068" HPOS="638"/>
							<String ID="string_310" HPOS="652" VPOS="1067" WIDTH="191" HEIGHT="27" WC="0.92" CONTENT="borgareständets"/><SP WIDTH="16" VPOS="1067" HPOS="843"/>
							<String ID="string_311" HPOS="859" VPOS="1067" WIDTH="133" HEIGHT="27" WC="0.87" CONTENT="inbjudning,"/>
						</TextLine>
						<TextLine ID="line_33" HPOS="164" VPOS="1095" WIDTH="829" HEIGHT="27">
							<String ID="string_312" HPOS="164" VPOS="1095" WIDTH="105" HEIGHT="23" WC="0.96" CONTENT="förklarat"/><SP WIDTH="23" VPOS="1095" HPOS="269"/>
							<String ID="string_313" HPOS="292" VPOS="1096" WIDTH="33" HEIGHT="26" WC="0.93" CONTENT="sig"/><SP WIDTH="22" VPOS="1096" HPOS="325"/>
							<String ID="string_314" HPOS="347" VPOS="1096" WIDTH="57" HEIGHT="26" WC="0.95" CONTENT="gifva"/><SP WIDTH="18" VPOS="1096" HPOS="404"/>
							<String ID="string_315" HPOS="422" VPOS="1095" WIDTH="109" HEIGHT="22" WC="0.96" CONTENT="företräde"/><SP WIDTH="16" VPOS="1095" HPOS="531"/>
							<String ID="string_316" HPOS="547" VPOS="1096" WIDTH="22" HEIGHT="21" WC="0.96" CONTENT="åt"/><SP WIDTH="17" VPOS="1096" HPOS="569"/>
							<String ID="string_317" HPOS="586" VPOS="1101" WIDTH="26" HEIGHT="15" WC="0.93" CONTENT="en"/><SP WIDTH="16" VPOS="1101" HPOS="612"/>
							<String ID="string_318" HPOS="628" VPOS="1095" WIDTH="55" HEIGHT="22" WC="0.93" CONTENT="bana"/><SP WIDTH="15" VPOS="1095" HPOS="683"/>
							<String ID="string_319" HPOS="698" VPOS="1096" WIDTH="295" HEIGHT="26" WC="0.76" CONTENT="Nurmo--Jeppo—Lahna-"/>
						</TextLine>
						<TextLine ID="line_34" HPOS="163" VPOS="1124" WIDTH="830" HEIGHT="27">
							<String ID="string_320" HPOS="163" VPOS="1124" WIDTH="316" HEIGHT="27" WC="0.84" CONTENT="koski—Kopsa—Uleåborg,"/><SP WIDTH="23" VPOS="1124" HPOS="479"/>
							<String ID="string_321" HPOS="502" VPOS="1124" WIDTH="7" HEIGHT="21" WC="0.97" CONTENT="i"/><SP WIDTH="18" VPOS="1124" HPOS="509"/>
							<String ID="string_322" HPOS="527" VPOS="1124" WIDTH="103" HEIGHT="21" WC="0.96" CONTENT="händelse"/><SP WIDTH="16" VPOS="1124" HPOS="630"/>
							<String ID="string_323" HPOS="646" VPOS="1126" WIDTH="32" HEIGHT="19" WC="0.93" CONTENT="ett"/><SP WIDTH="16" VPOS="1126" HPOS="678"/>
							<String ID="string_324" HPOS="694" VPOS="1124" WIDTH="299" HEIGHT="27" WC="0.90" CONTENT="sammanjämkningsförslag"/>
						</TextLine>
						<TextLine ID="line_35" HPOS="164" VPOS="1152" WIDTH="827" HEIGHT="23">
							<String ID="string_325" HPOS="164" VPOS="1154" WIDTH="50" HEIGHT="21" WC="0.90" CONTENT="med"/><SP WIDTH="15" VPOS="1154" HPOS="214"/>
							<String ID="string_326" HPOS="229" VPOS="1153" WIDTH="129" HEIGHT="21" WC="0.90" CONTENT="förordande"/><SP WIDTH="19" VPOS="1153" HPOS="358"/>
							<String ID="string_327" HPOS="377" VPOS="1152" WIDTH="24" HEIGHT="22" WC="0.96" CONTENT="af"/><SP WIDTH="12" VPOS="1152" HPOS="401"/>
							<String ID="string_328" HPOS="413" VPOS="1159" WIDTH="26" HEIGHT="15" WC="0.96" CONTENT="en"/><SP WIDTH="16" VPOS="1159" HPOS="439"/>
							<String ID="string_329" HPOS="455" VPOS="1152" WIDTH="68" HEIGHT="22" WC="0.96" CONTENT="sådan"/><SP WIDTH="16" VPOS="1152" HPOS="523"/>
							<String ID="string_330" HPOS="539" VPOS="1153" WIDTH="55" HEIGHT="21" WC="0.96" CONTENT="bana"/><SP WIDTH="16" VPOS="1153" HPOS="594"/>
							<String ID="string_331" HPOS="610" VPOS="1152" WIDTH="22" HEIGHT="21" WC="0.96" CONTENT="af"/><SP WIDTH="13" VPOS="1152" HPOS="632"/>
							<String ID="string_332" HPOS="645" VPOS="1153" WIDTH="109" HEIGHT="21" WC="0.96" CONTENT="utskottet"/><SP WIDTH="15" VPOS="1153" HPOS="754"/>
							<String ID="string_333" HPOS="769" VPOS="1152" WIDTH="69" HEIGHT="22" WC="0.96" CONTENT="skulle"/><SP WIDTH="16" VPOS="1152" HPOS="838"/>
							<String ID="string_334" HPOS="854" VPOS="1152" WIDTH="137" HEIGHT="22" WC="0.96" CONTENT="framställas."/>
						</TextLine>
					</TextBlock>
					<TextBlock ID="block_6" HPOS="163" VPOS="1180" WIDTH="830" HEIGHT="57">
						<TextLine ID="line_36" HPOS="233" VPOS="1180" WIDTH="760" HEIGHT="28">
							<String ID="string_335" HPOS="233" VPOS="1182" WIDTH="41" HEIGHT="21" WC="0.96" CONTENT="Vid"/><SP WIDTH="16" VPOS="1182" HPOS="274"/>
							<String ID="string_336" HPOS="290" VPOS="1188" WIDTH="34" HEIGHT="14" WC="0.96" CONTENT="om"/><SP WIDTH="21" VPOS="1188" HPOS="324"/>
							<String ID="string_337" HPOS="345" VPOS="1181" WIDTH="70" HEIGHT="21" WC="0.95" CONTENT="denna"/><SP WIDTH="18" VPOS="1181" HPOS="415"/>
							<String ID="string_338" HPOS="433" VPOS="1181" WIDTH="135" HEIGHT="27" WC="0.93" CONTENT="proposition"/><SP WIDTH="18" VPOS="1181" HPOS="568"/>
							<String ID="string_339" HPOS="586" VPOS="1181" WIDTH="86" HEIGHT="21" WC="0.89" CONTENT="anstäld"/><SP WIDTH="15" VPOS="1181" HPOS="672"/>
							<String ID="string_340" HPOS="687" VPOS="1180" WIDTH="99" HEIGHT="28" WC="0.93" CONTENT="votering"/><SP WIDTH="14" VPOS="1180" HPOS="786"/>
							<String ID="string_341" HPOS="800" VPOS="1180" WIDTH="76" HEIGHT="22" WC="0.92" CONTENT="utföllo"/><SP WIDTH="16" VPOS="1180" HPOS="876"/>
							<String ID="string_342" HPOS="892" VPOS="1182" WIDTH="101" HEIGHT="20" WC="0.96" CONTENT="rösterna"/>
						</TextLine>
						<TextLine ID="line_37" HPOS="163" VPOS="1210" WIDTH="284" HEIGHT="27">
							<String ID="string_343" HPOS="163" VPOS="1210" WIDTH="51" HEIGHT="21" WC="0.96" CONTENT="med"/><SP WIDTH="15" VPOS="1210" HPOS="214"/>
							<String ID="string_344" HPOS="229" VPOS="1212" WIDTH="26" HEIGHT="19" WC="0.95" CONTENT="33"/><SP WIDTH="14" VPOS="1212" HPOS="255"/>
							<String ID="string_345" HPOS="269" VPOS="1210" WIDTH="23" HEIGHT="27" WC="0.95" CONTENT="ja"/><SP WIDTH="16" VPOS="1210" HPOS="292"/>
							<String ID="string_346" HPOS="308" VPOS="1210" WIDTH="40" HEIGHT="20" WC="0.96" CONTENT="och"/><SP WIDTH="15" VPOS="1210" HPOS="348"/>
							<String ID="string_347" HPOS="363" VPOS="1211" WIDTH="28" HEIGHT="19" WC="0.96" CONTENT="34"/><SP WIDTH="14" VPOS="1211" HPOS="391"/>
							<String ID="string_348" HPOS="405" VPOS="1210" WIDTH="42" HEIGHT="26" WC="0.96" CONTENT="nej."/>
						</TextLine>
					</TextBlock>
					<TextBlock ID="block_7" HPOS="164" VPOS="1237" WIDTH="829" HEIGHT="55">
						<TextLine ID="line_38" HPOS="233" VPOS="1237" WIDTH="760" HEIGHT="28">
							<String ID="string_349" HPOS="233" VPOS="1239" WIDTH="42" HEIGHT="25" WC="0.89" CONTENT="2:0)"/><SP WIDTH="17" VPOS="1239" HPOS="275"/>
							<String ID="string_350" HPOS="292" VPOS="1238" WIDTH="47" HEIGHT="21" WC="0.96" CONTENT="Den"/><SP WIDTH="16" VPOS="1238" HPOS="339"/>
							<String ID="string_351" HPOS="355" VPOS="1244" WIDTH="47" HEIGHT="15" WC="0.96" CONTENT="som"/><SP WIDTH="14" VPOS="1244" HPOS="402"/>
							<String ID="string_352" HPOS="416" VPOS="1238" WIDTH="126" HEIGHT="27" WC="0.93" CONTENT="godkänner"/><SP WIDTH="15" VPOS="1238" HPOS="542"/>
							<String ID="string_353" HPOS="557" VPOS="1237" WIDTH="191" HEIGHT="27" WC="0.92" CONTENT="borgareståndets"/><SP WIDTH="15" VPOS="1237" HPOS="748"/>
							<String ID="string_354" HPOS="763" VPOS="1237" WIDTH="8" HEIGHT="21" WC="0.96" CONTENT="i"/><SP WIDTH="15" VPOS="1237" HPOS="771"/>
							<String ID="string_355" HPOS="786" VPOS="1237" WIDTH="61" HEIGHT="27" WC="0.96" CONTENT="fråga"/><SP WIDTH="9" VPOS="1237" HPOS="847"/>
							<String ID="string_356" HPOS="856" VPOS="1238" WIDTH="95" HEIGHT="22" WC="0.93" CONTENT="varande"/><SP WIDTH="10" VPOS="1238" HPOS="951"/>
							<String ID="string_357" HPOS="961" VPOS="1237" WIDTH="32" HEIGHT="21" WC="0.92" CONTENT="in-"/>
						</TextLine>
						<TextLine ID="line_39" HPOS="164" VPOS="1266" WIDTH="236" HEIGHT="26">
							<String ID="string_358" HPOS="164" VPOS="1266" WIDTH="104" HEIGHT="26" WC="0.96" CONTENT="bjudning"/><SP WIDTH="15" VPOS="1266" HPOS="268"/>
							<String ID="string_359" HPOS="283" VPOS="1268" WIDTH="71" HEIGHT="18" WC="0.96" CONTENT="röstar"/><SP WIDTH="13" VPOS="1268" HPOS="354"/>
							<String ID="string_360" HPOS="367" VPOS="1266" WIDTH="33" HEIGHT="25" WC="0.96" CONTENT="ja;"/>
						</TextLine>
					</TextBlock>
					<TextBlock ID="block_8" HPOS="162" VPOS="1293" WIDTH="831" HEIGHT="115">
						<TextLine ID="line_40" HPOS="232" VPOS="1293" WIDTH="761" HEIGHT="27">
							<String ID="string_361" HPOS="232" VPOS="1294" WIDTH="75" HEIGHT="20" WC="0.59" CONTENT="vinner"/><SP WIDTH="19" VPOS="1294" HPOS="307"/>
							<String ID="string_362" HPOS="326" VPOS="1293" WIDTH="41" HEIGHT="26" WC="0.93" CONTENT="nej,"/><SP WIDTH="17" VPOS="1293" HPOS="367"/>
							<String ID="string_363" HPOS="384" VPOS="1293" WIDTH="83" HEIGHT="27" WC="0.92" CONTENT="afböjer"/><SP WIDTH="15" VPOS="1293" HPOS="467"/>
							<String ID="string_364" HPOS="482" VPOS="1294" WIDTH="25" HEIGHT="20" WC="0.96" CONTENT="R."/><SP WIDTH="16" VPOS="1294" HPOS="507"/>
							<String ID="string_365" HPOS="523" VPOS="1299" WIDTH="20" HEIGHT="15" WC="0.86" CONTENT="o."/><SP WIDTH="17" VPOS="1299" HPOS="543"/>
							<String ID="string_366" HPOS="560" VPOS="1293" WIDTH="23" HEIGHT="20" WC="0.93" CONTENT="A."/><SP WIDTH="16" VPOS="1293" HPOS="583"/>
							<String ID="string_367" HPOS="599" VPOS="1293" WIDTH="159" HEIGHT="27" WC="0.91" CONTENT="inbjudningen,"/><SP WIDTH="16" VPOS="1293" HPOS="758"/>
							<String ID="string_368" HPOS="774" VPOS="1299" WIDTH="49" HEIGHT="14" WC="0.96" CONTENT="men"/><SP WIDTH="16" VPOS="1299" HPOS="823"/>
							<String ID="string_369" HPOS="839" VPOS="1293" WIDTH="106" HEIGHT="21" WC="0.96" CONTENT="förklarar"/><SP WIDTH="15" VPOS="1293" HPOS="945"/>
							<String ID="string_370" HPOS="960" VPOS="1293" WIDTH="33" HEIGHT="26" WC="0.96" CONTENT="sig"/>
						</TextLine>
						<TextLine ID="line_41" HPOS="162" VPOS="1321" WIDTH="830" HEIGHT="27">
							<String ID="string_371" HPOS="162" VPOS="1321" WIDTH="59" HEIGHT="27" WC="0.96" CONTENT="gifva"/><SP WIDTH="14" VPOS="1321" HPOS="221"/>
							<String ID="string_372" HPOS="235" VPOS="1321" WIDTH="110" HEIGHT="22" WC="0.96" CONTENT="företräde"/><SP WIDTH="15" VPOS="1321" HPOS="345"/>
							<String ID="string_373" HPOS="360" VPOS="1321" WIDTH="23" HEIGHT="21" WC="0.96" CONTENT="ät"/><SP WIDTH="15" VPOS="1321" HPOS="383"/>
							<String ID="string_374" HPOS="398" VPOS="1327" WIDTH="27" HEIGHT="16" WC="0.93" CONTENT="en"/><SP WIDTH="15" VPOS="1327" HPOS="425"/>
							<String ID="string_375" HPOS="440" VPOS="1321" WIDTH="56" HEIGHT="22" WC="0.93" CONTENT="bana"/><SP WIDTH="15" VPOS="1321" HPOS="496"/>
							<String ID="string_376" HPOS="511" VPOS="1321" WIDTH="481" HEIGHT="27" WC="0.58" CONTENT="Nurmo—Jeppo—Lahnakoski—Kopsa—"/>
						</TextLine>
						<TextLine ID="line_42" HPOS="162" VPOS="1349" WIDTH="831" HEIGHT="29">
							<String ID="string_377" HPOS="162" VPOS="1350" WIDTH="117" HEIGHT="27" WC="0.96" CONTENT="Uleåborg,"/><SP WIDTH="16" VPOS="1350" HPOS="279"/>
							<String ID="string_378" HPOS="295" VPOS="1349" WIDTH="9" HEIGHT="22" WC="0.93" CONTENT="i"/><SP WIDTH="15" VPOS="1349" HPOS="304"/>
							<String ID="string_379" HPOS="319" VPOS="1349" WIDTH="104" HEIGHT="23" WC="0.96" CONTENT="händelse"/><SP WIDTH="16" VPOS="1349" HPOS="423"/>
							<String ID="string_380" HPOS="439" VPOS="1352" WIDTH="32" HEIGHT="20" WC="0.93" CONTENT="ett"/><SP WIDTH="15" VPOS="1352" HPOS="471"/>
							<String ID="string_381" HPOS="486" VPOS="1349" WIDTH="299" HEIGHT="29" WC="0.92" CONTENT="sammanjämkningsförslag"/><SP WIDTH="14" VPOS="1349" HPOS="785"/>
							<String ID="string_382" HPOS="799" VPOS="1350" WIDTH="49" HEIGHT="22" WC="0.93" CONTENT="med"/><SP WIDTH="15" VPOS="1350" HPOS="848"/>
							<String ID="string_383" HPOS="863" VPOS="1349" WIDTH="130" HEIGHT="23" WC="0.92" CONTENT="förordande"/>
						</TextLine>
						<TextLine ID="line_43" HPOS="163" VPOS="1378" WIDTH="614" HEIGHT="30">
							<String ID="string_384" HPOS="163" VPOS="1379" WIDTH="22" HEIGHT="22" WC="0.96" CONTENT="af"/><SP WIDTH="15" VPOS="1379" HPOS="185"/>
							<String ID="string_385" HPOS="200" VPOS="1386" WIDTH="26" HEIGHT="16" WC="0.93" CONTENT="en"/><SP WIDTH="12" VPOS="1386" HPOS="226"/>
							<String ID="string_386" HPOS="238" VPOS="1380" WIDTH="72" HEIGHT="28" WC="0.92" CONTENT="sädan"/><SP WIDTH="15" VPOS="1380" HPOS="310"/>
							<String ID="string_387" HPOS="325" VPOS="1379" WIDTH="57" HEIGHT="21" WC="0.92" CONTENT="bana"/><SP WIDTH="15" VPOS="1379" HPOS="382"/>
							<String ID="string_388" HPOS="397" VPOS="1378" WIDTH="22" HEIGHT="22" WC="0.93" CONTENT="af"/><SP WIDTH="14" VPOS="1378" HPOS="419"/>
							<String ID="string_389" HPOS="433" VPOS="1379" WIDTH="108" HEIGHT="21" WC="0.92" CONTENT="utskottet"/><SP WIDTH="15" VPOS="1379" HPOS="541"/>
							<String ID="string_390" HPOS="556" VPOS="1379" WIDTH="69" HEIGHT="22" WC="0.93" CONTENT="skulle"/><SP WIDTH="15" VPOS="1379" HPOS="625"/>
							<String ID="string_391" HPOS="640" VPOS="1378" WIDTH="137" HEIGHT="22" WC="0.91" CONTENT="framställas."/>
						</TextLine>
					</TextBlock>
					<TextBlock ID="block_9" HPOS="162" VPOS="1408" WIDTH="830" HEIGHT="143">
						<TextLine ID="line_44" HPOS="234" VPOS="1408" WIDTH="757" HEIGHT="27">
							<String ID="string_392" HPOS="234" VPOS="1408" WIDTH="68" HEIGHT="22" WC="0.44" CONTENT="Äfven"/><SP WIDTH="21" VPOS="1408" HPOS="302"/>
							<String ID="string_393" HPOS="323" VPOS="1414" WIDTH="34" HEIGHT="16" WC="0.96" CONTENT="om"/><SP WIDTH="21" VPOS="1414" HPOS="357"/>
							<String ID="string_394" HPOS="378" VPOS="1408" WIDTH="69" HEIGHT="22" WC="0.96" CONTENT="denna"/><SP WIDTH="20" VPOS="1408" HPOS="447"/>
							<String ID="string_395" HPOS="467" VPOS="1408" WIDTH="135" HEIGHT="27" WC="0.93" CONTENT="proposition"/><SP WIDTH="18" VPOS="1408" HPOS="602"/>
							<String ID="string_396" HPOS="620" VPOS="1408" WIDTH="111" HEIGHT="22" WC="0.92" CONTENT="anstäldes"/><SP WIDTH="15" VPOS="1408" HPOS="731"/>
							<String ID="string_397" HPOS="746" VPOS="1408" WIDTH="29" HEIGHT="27" WC="0.93" CONTENT="pä"/><SP WIDTH="14" VPOS="1408" HPOS="775"/>
							<String ID="string_398" HPOS="789" VPOS="1408" WIDTH="95" HEIGHT="27" WC="0.93" CONTENT="begäran"/><SP WIDTH="16" VPOS="1408" HPOS="884"/>
							<String ID="string_399" HPOS="900" VPOS="1409" WIDTH="91" HEIGHT="21" WC="0.92" CONTENT="omröst-"/>
						</TextLine>
						<TextLine ID="line_45" HPOS="162" VPOS="1436" WIDTH="830" HEIGHT="28">
							<String ID="string_400" HPOS="162" VPOS="1437" WIDTH="59" HEIGHT="27" WC="0.93" CONTENT="ning,"/><SP WIDTH="22" VPOS="1437" HPOS="221"/>
							<String ID="string_401" HPOS="243" VPOS="1437" WIDTH="89" HEIGHT="22" WC="0.96" CONTENT="hvilken"/><SP WIDTH="15" VPOS="1437" HPOS="332"/>
							<String ID="string_402" HPOS="347" VPOS="1437" WIDTH="62" HEIGHT="22" WC="0.96" CONTENT="utföll"/><SP WIDTH="20" VPOS="1437" HPOS="409"/>
							<String ID="string_403" HPOS="429" VPOS="1437" WIDTH="48" HEIGHT="21" WC="0.96" CONTENT="med"/><SP WIDTH="16" VPOS="1437" HPOS="477"/>
							<String ID="string_404" HPOS="493" VPOS="1438" WIDTH="26" HEIGHT="20" WC="0.96" CONTENT="32"/><SP WIDTH="17" VPOS="1438" HPOS="519"/>
							<String ID="string_405" HPOS="536" VPOS="1436" WIDTH="24" HEIGHT="28" WC="0.96" CONTENT="ja"/><SP WIDTH="15" VPOS="1436" HPOS="560"/>
							<String ID="string_406" HPOS="575" VPOS="1439" WIDTH="59" HEIGHT="20" WC="0.96" CONTENT="emot"/><SP WIDTH="15" VPOS="1439" HPOS="634"/>
							<String ID="string_407" HPOS="649" VPOS="1439" WIDTH="27" HEIGHT="19" WC="0.96" CONTENT="34"/><SP WIDTH="15" VPOS="1439" HPOS="676"/>
							<String ID="string_408" HPOS="691" VPOS="1436" WIDTH="41" HEIGHT="28" WC="0.96" CONTENT="nej,"/><SP WIDTH="16" VPOS="1436" HPOS="732"/>
							<String ID="string_409" HPOS="748" VPOS="1436" WIDTH="33" HEIGHT="22" WC="0.96" CONTENT="till"/><SP WIDTH="14" VPOS="1436" HPOS="781"/>
							<String ID="string_410" HPOS="795" VPOS="1437" WIDTH="53" HEIGHT="27" WC="0.96" CONTENT="följd"/><SP WIDTH="15" VPOS="1437" HPOS="848"/>
							<String ID="string_411" HPOS="863" VPOS="1437" WIDTH="76" HEIGHT="22" WC="0.96" CONTENT="hvaraf"/><SP WIDTH="12" VPOS="1437" HPOS="939"/>
							<String ID="string_412" HPOS="951" VPOS="1437" WIDTH="41" HEIGHT="22" WC="0.96" CONTENT="och"/>
						</TextLine>
						<TextLine ID="line_46" HPOS="164" VPOS="1466" WIDTH="827" HEIGHT="27">
							<String ID="string_413" HPOS="164" VPOS="1466" WIDTH="68" HEIGHT="22" WC="0.92" CONTENT="sedan"/><SP WIDTH="15" VPOS="1466" HPOS="232"/>
							<String ID="string_414" HPOS="247" VPOS="1466" WIDTH="88" HEIGHT="22" WC="0.96" CONTENT="ståndet"/><SP WIDTH="18" VPOS="1466" HPOS="335"/>
							<String ID="string_415" HPOS="353" VPOS="1466" WIDTH="90" HEIGHT="22" WC="0.96" CONTENT="sålunda"/><SP WIDTH="15" VPOS="1466" HPOS="443"/>
							<String ID="string_416" HPOS="458" VPOS="1466" WIDTH="81" HEIGHT="22" WC="0.96" CONTENT="uttalat"/><SP WIDTH="15" VPOS="1466" HPOS="539"/>
							<String ID="string_417" HPOS="554" VPOS="1466" WIDTH="34" HEIGHT="27" WC="0.97" CONTENT="sig"/><SP WIDTH="14" VPOS="1466" HPOS="588"/>
							<String ID="string_418" HPOS="602" VPOS="1466" WIDTH="34" HEIGHT="22" WC="0.93" CONTENT="till"/><SP WIDTH="13" VPOS="1466" HPOS="636"/>
							<String ID="string_419" HPOS="649" VPOS="1466" WIDTH="83" HEIGHT="22" WC="0.96" CONTENT="förmån"/><SP WIDTH="15" VPOS="1466" HPOS="732"/>
							<String ID="string_420" HPOS="747" VPOS="1466" WIDTH="33" HEIGHT="22" WC="0.96" CONTENT="för"/><SP WIDTH="15" VPOS="1466" HPOS="780"/>
							<String ID="string_421" HPOS="795" VPOS="1467" WIDTH="41" HEIGHT="21" WC="0.93" CONTENT="den"/><SP WIDTH="15" VPOS="1467" HPOS="836"/>
							<String ID="string_422" HPOS="851" VPOS="1466" WIDTH="140" HEIGHT="22" WC="0.92" CONTENT="österbottni-"/>
						</TextLine>
						<TextLine ID="line_47" HPOS="162" VPOS="1494" WIDTH="829" HEIGHT="28">
							<String ID="string_423" HPOS="162" VPOS="1495" WIDTH="42" HEIGHT="21" WC="0.92" CONTENT="ska"/><SP WIDTH="21" VPOS="1495" HPOS="204"/>
							<String ID="string_424" HPOS="225" VPOS="1495" WIDTH="83" HEIGHT="21" WC="0.96" CONTENT="banans"/><SP WIDTH="23" VPOS="1495" HPOS="308"/>
							<String ID="string_425" HPOS="331" VPOS="1496" WIDTH="110" HEIGHT="26" WC="0.96" CONTENT="dragande"/><SP WIDTH="25" VPOS="1496" HPOS="441"/>
							<String ID="string_426" HPOS="466" VPOS="1494" WIDTH="8" HEIGHT="22" WC="0.91" CONTENT="i"/><SP WIDTH="22" VPOS="1494" HPOS="474"/>
							<String ID="string_427" HPOS="496" VPOS="1495" WIDTH="96" HEIGHT="27" WC="0.92" CONTENT="riktning"/><SP WIDTH="22" VPOS="1495" HPOS="592"/>
							<String ID="string_428" HPOS="614" VPOS="1495" WIDTH="377" HEIGHT="27" WC="0.68" CONTENT="Nurmo—Jeppo—Lahnakoski—"/>
						</TextLine>
						<TextLine ID="line_48" HPOS="162" VPOS="1523" WIDTH="829" HEIGHT="28">
							<String ID="string_429" HPOS="162" VPOS="1523" WIDTH="214" HEIGHT="28" WC="0.76" CONTENT="Kopsa—Uleäborg"/><SP WIDTH="21" VPOS="1523" HPOS="376"/>
							<String ID="string_430" HPOS="397" VPOS="1524" WIDTH="66" HEIGHT="27" WC="0.96" CONTENT="något"/><SP WIDTH="21" VPOS="1524" HPOS="463"/>
							<String ID="string_431" HPOS="484" VPOS="1523" WIDTH="73" HEIGHT="23" WC="0.96" CONTENT="vidare"/><SP WIDTH="20" VPOS="1523" HPOS="557"/>
							<String ID="string_432" HPOS="577" VPOS="1524" WIDTH="73" HEIGHT="21" WC="0.96" CONTENT="beslut"/><SP WIDTH="18" VPOS="1524" HPOS="650"/>
							<String ID="string_433" HPOS="668" VPOS="1524" WIDTH="7" HEIGHT="20" WC="0.93" CONTENT="i"/><SP WIDTH="17" VPOS="1524" HPOS="675"/>
							<String ID="string_434" HPOS="692" VPOS="1523" WIDTH="115" HEIGHT="28" WC="0.96" CONTENT="anledning"/><SP WIDTH="13" VPOS="1523" HPOS="807"/>
							<String ID="string_435" HPOS="820" VPOS="1523" WIDTH="24" HEIGHT="22" WC="0.93" CONTENT="af"/><SP WIDTH="10" VPOS="1523" HPOS="844"/>
							<String ID="string_436" HPOS="854" VPOS="1524" WIDTH="137" HEIGHT="27" WC="0.91" CONTENT="jernvägsut-"/>
						</TextLine>
					</TextBlock>
				</ComposedBlock>
			</PrintSpace>
		</Page>
	</Layout>
</alto>
