1084 1723
452 100 41 18 Den
505 100 10 18 3
528 98 48 20 Juni.
836 102 54 21 1427

98 166 55 21 enda
169 165 107 27 egentliga
295 165 195 22 fackauktoriteten
508 166 8 22 i
539 167 73 21 saken.
641 167 43 26 Jag
697 166 118 23 förestälde
833 168 44 26 mig
892 168 28 21 då

96 196 34 19 att
144 194 108 21 måhända
271 194 49 22 icke
339 195 57 21 blott
410 194 89 22 friherre
514 194 24 23 af
551 195 108 27 Schultén,
676 198 52 18 utan
744 196 66 21 också
825 197 40 20 den
881 196 38 22 be-

96 222 82 28 tydliga
193 222 93 22 fraktion
302 222 22 22 af
338 223 94 27 ståndet,
448 230 46 14 som
504 224 102 21 voterade
614 224 33 21 för
657 224 149 22 bibehållande
816 224 48 22 utaf
870 230 48 16 nor-

95 251 115 27 mallyceet
230 251 8 20 i
259 251 134 21 Tavastehus
413 252 31 26 på
460 252 32 21 sin
508 252 122 21 nuvarande
645 252 63 27 plats,
725 253 62 21 äfven
802 253 69 21 skulle
887 253 32 21 uti

96 279 74 27 frågan
186 285 34 15 om
235 280 198 26 reorganisationen
449 280 24 21 af
485 280 85 22 landets
586 280 141 22 skolväsende
743 283 52 19 ärna
809 281 57 21 fästa
881 281 37 21 nå-

96 314 42 20 gon
153 308 45 26 vigt
211 307 35 22 vid
261 308 56 21 hvad
331 308 140 22 fackmännen
486 312 58 24 säga.
561 309 80 27 Tyvärr
656 308 67 22 finner
735 310 39 26 jag
788 316 35 19 nu,
835 311 32 19 att
875 309 43 21 min

95 336 143 28 förhoppning
252 337 48 21 icke
315 336 105 22 besannat
436 338 38 26 sig.
490 332 135 27 Åtminstone
640 337 75 27 tyckes
733 338 40 21 den
784 338 23 21 af
815 338 44 26 mig
867 338 51 21 åbe-

95 366 81 26 ropade
191 366 64 21 ärade
270 366 89 25 talaren,
376 366 85 21 hvilken
476 367 7 20 i
499 367 41 21 den
548 365 155 29 jämförelsevis
712 366 41 22 lätt
770 361 84 37 bedömda
872 366 46 22 frå-

93 400 43 20 gan
159 400 35 15 om
207 394 163 28 normallyceets
390 394 56 27 plats
467 395 68 27 ansåg
550 395 33 27 sig
598 395 53 21 böra
666 396 133 26 suspendera
814 396 39 20 sitt
869 398 50 24 eget

95 422 105 27 omdöme,
216 423 97 21 deremot
332 423 7 20 i
355 424 40 20 den
411 424 95 26 oändligt
521 423 160 27 månggrenade
697 424 39 21 och
753 424 106 21 svårlösta
874 424 43 21 frå-

94 457 42 20 gan
158 457 34 16 om
214 451 144 22 förhållandet
377 452 90 21 emellan
486 452 41 22 den
542 452 59 22 reala
616 452 40 21 och
671 453 108 20 klassiska
793 452 123 27 bildningen

94 486 51 15 vara
159 480 83 21 beredd
256 482 33 19 att
303 480 63 21 kasta
382 479 58 22 öfver
455 481 54 21 bord
524 481 28 21 all
568 481 82 25 hänsyn
665 481 32 21 till
713 480 202 27 fackmyndigheter,

93 508 33 21 för
142 510 32 19 att
190 509 60 26 segla
264 509 49 21 med
329 514 55 20 egen
398 509 101 26 kompass
510 509 29 27 pä
549 509 26 22 de
586 509 147 27 pedagogiska
741 509 118 22 teoriernas
867 509 50 22 vida

93 537 42 21 haf.
166 537 97 21 Friherre
279 537 21 21 af
316 537 101 21 Schultén
432 538 40 20 har
487 538 126 25 visserligen
628 538 105 26 åberopat
747 538 33 26 sig
795 538 28 25 på
831 537 85 22 utländ-

93 565 41 21 ska
148 565 205 28 fackmyndigheter,
369 571 49 16 men
434 566 65 21 dessa
514 565 149 28 myndigheter
677 566 72 21 känna
764 565 89 22 alldeles
869 566 47 21 icke

93 593 161 22 förhållandena
270 594 46 21 här.
346 594 43 22 Det
404 596 25 19 är
444 595 121 27 egentligen
581 596 32 20 ett
628 594 22 22 af
665 595 39 21 den
713 596 89 20 senaste
810 595 65 21 ärade
883 597 33 19 ta-

92 623 60 22 laren
176 623 124 21 omnämndt
319 623 53 26 skäl,
393 629 46 15 som
455 625 24 19 är
494 623 22 22 af
530 625 46 20 stor
591 624 50 27 vigt,
658 623 107 26 nämligen
780 623 88 22 fordran
883 625 33 20 att

93 652 27 21 de
135 651 113 22 inhemska
263 651 92 27 språken
370 652 53 21 böra
438 651 87 22 framför
540 652 39 21 allt
591 653 79 20 inläras
686 652 28 27 pä
730 653 32 20 ett
769 651 145 22 tillfredsstäl-

92 680 63 22 lande
171 682 51 20 sätt.
253 681 42 21 För
310 681 42 21 min
373 681 35 21 del
426 687 64 15 anser
502 681 37 27 jag
554 681 61 25 dock,
632 683 33 19 att
680 681 60 21 detta
755 681 80 26 vigtiga
850 681 64 21 önsk-

92 709 112 27 ningsmål,
227 709 64 22 hvars
314 709 150 26 berättigande
482 710 36 26 jag
538 709 33 22 till
586 709 52 22 fullo
655 711 102 24 senterar,
773 709 43 22 kan
831 709 83 27 uppnås

92 739 28 26 på
143 740 64 19 annat
222 739 50 20 sätt.
302 737 134 22 Derutinnan
456 738 40 21 har
508 739 38 26 jag
560 739 110 21 förmånen
685 740 32 19 att
731 738 73 21 kunna
820 738 94 26 åberopa

92 767 56 21 hvad
164 767 42 21 alla
220 766 197 28 fackmyndigheter
432 767 7 20 i
454 767 60 21 detta
529 767 50 22 land
595 767 49 21 med
652 773 25 15 en
687 767 170 26 enstämmighet,
867 772 47 16 som

91 795 65 22 söker
179 795 32 22 sin
233 795 43 21 like
298 795 6 21 i
320 796 47 21 vårt
388 795 152 22 skolväsendes
562 795 94 26 annaler,
677 794 62 22 hafva
754 794 117 22 framhållit
887 807 25 3 —

91 831 87 14 massan
194 823 22 22 af
230 823 124 27 skollärare,
370 824 50 21 hela
435 824 40 21 den
490 824 144 27 pedagogiskt
649 823 85 22 bildade
750 824 62 21 delen
827 823 86 22 afskol-

90 853 102 26 komitén,
209 853 154 27 skolstyrelsen
378 854 57 20 samt
450 853 99 27 slutligen
565 852 169 26 töredraganden
745 853 108 21 äfvensom
863 852 48 22 che-

90 882 35 21 fen
148 882 7 21 i
178 882 300 26 ecklesiastik-expeditionen
501 883 31 21 uti
553 882 116 28 kejserliga
684 884 95 19 senaten.
809 882 65 26 Ingen
890 881 24 21 af

91 911 64 21 dessa
176 910 150 28 myndigheter
348 910 40 21 bar
402 912 52 20 utan
474 911 173 27 betänkligheter
661 910 59 21 velat
734 910 59 28 yrka,
810 912 32 19 att
857 910 55 21 real-

90 940 76 21 skolan
188 939 113 22 framdeles
324 939 70 21 skulle
414 940 64 25 göras
494 940 32 21 till
542 939 163 22 skolväsendets
721 940 68 25 basis;
815 939 98 20 deremot

90 967 63 22 hafva
176 968 65 21 dessa
262 967 148 28 myndigheter
432 968 56 21 visat
507 971 66 24 utväg
588 969 32 20 att
635 967 63 22 vinna
713 967 126 26 tillräckligt
854 967 58 21 antal

90 997 86 21 timmar
190 997 33 21 för
237 997 36 22 det
288 997 67 21 andra
374 997 111 21 inhemska
505 997 94 28 språket,
616 997 67 26 något
697 1003 46 15 som
758 1003 49 14 man
822 996 33 21 för
869 995 43 22 fem

90 1026 24 21 år
129 1025 67 22 sedan
212 1026 27 26 på
255 1026 57 27 goda
326 1025 47 22 skäl
389 1025 67 26 ansåg
472 1033 51 14 vara
539 1033 25 14 en
576 1025 101 22 'särdeles
688 1025 93 22 svårlöst
788 1025 67 26 fråga.
871 1024 41 22 Vid

88 1054 81 21 sådant
190 1053 134 22 förhållande
344 1054 42 21 kan
404 1054 38 27 jag
457 1055 47 20 icke
519 1054 57 21 finna
591 1055 71 23 annat,
679 1056 26 19 än
721 1053 107 28 yrkandet
842 1053 28 27 på
886 1053 26 21 de

88 1083 113 21 inhemska
216 1083 104 27 språkens
336 1083 116 26 tillbörliga
470 1083 110 21 inlärande
595 1083 48 20 icke
657 1082 69 21 håller
740 1081 85 28 profvet
839 1081 73 22 såsom

88 1111 47 21 skäl
152 1111 32 22 för
200 1112 41 21 den
254 1111 123 26 föreslagna
393 1112 175 25 omstörtningen.
598 1111 44 21 Det
656 1111 67 21 finnes
738 1117 26 14 en
775 1110 86 26 otroligt
870 1110 42 21 lätt

88 1141 66 24 utväg
176 1142 34 19 att
231 1140 45 22 lära
291 1140 33 26 sig
344 1139 84 22 landets
443 1140 112 21 inhemska
570 1139 71 28 språk,
658 1139 67 22 ehuru
741 1145 49 15 man
805 1139 47 20 icke
868 1139 43 20 till-

87 1169 92 26 räckligt
194 1169 78 21 anlitar
287 1169 130 21 densamma.
448 1169 47 21 Den
510 1169 7 21 i
533 1169 88 21 svenskt
639 1168 49 21 hem
704 1167 139 28 uppfostrade
857 1173 53 22 yng-

87 1197 72 26 lingen
175 1204 60 15 reser
249 1197 33 21 för
297 1203 26 15 en
338 1203 94 15 sommar
446 1197 33 21 till
494 1197 38 21 det
546 1198 46 20 inre
608 1195 22 22 af
643 1197 74 20 landet
732 1196 40 21 och
783 1196 42 21 han
835 1196 76 21 hinner

87 1225 29 27 på
132 1227 32 20 tre
179 1225 103 22 månader
296 1225 47 22 lära
357 1225 33 27 sig
404 1225 70 21 finska
489 1225 95 27 språket,
601 1231 34 15 om
650 1225 42 21 han
707 1225 39 20 har
761 1231 27 14 en
796 1224 66 21 sådan
872 1231 37 14 un-

88 1253 144 28 derbyggnad,
248 1260 46 15 som
309 1253 34 22 för
357 1254 133 21 närvarande
505 1253 68 27 gifves
588 1253 7 21 i
604 1254 50 21 våra
663 1253 79 21 skolor.
758 1253 42 26 Jag
808 1252 56 21 talar
872 1253 39 20 här

86 1282 30 27 pä
130 1282 70 27 grund
215 1281 23 23 af
251 1288 54 21 egen
320 1281 128 23 erfarenhet.
473 1283 46 20 Den
538 1283 7 20 i
561 1281 65 22 finskt
641 1282 49 21 hem
705 1281 140 27 uppfostrade
859 1287 52 21 yng-

87 1311 72 26 lingen
168 1311 40 21 har
215 1311 125 26 tillräckiigt
347 1311 82 21 tillfälle
439 1313 32 19 att
482 1311 67 21 under
554 1310 252 22 universitetsstudierna
815 1308 96 23 förkofra

87 1339 34 25 sig
135 1340 7 20 i
158 1339 93 21 svenska
266 1339 96 26 spräket.
393 1339 48 21 Men
457 1339 61 21 detta
532 1339 39 20 allt
585 1339 85 21 kräfver
684 1339 48 20 icke
747 1338 71 25 nägon
825 1338 85 21 revolu-

87 1367 45 20 tion
147 1367 7 20 i
169 1367 48 21 värt
232 1366 252 27 undervisningssystem.
514 1367 39 20 Ett
567 1368 66 19 annat
648 1366 53 24 skäl,
718 1371 47 15 som
779 1365 33 21 för
827 1365 41 20 den
877 1371 34 20 yr-

87 1395 57 21 kade
158 1395 150 26 förändringen
324 1395 111 26 äberopas,
452 1397 24 18 är
491 1396 33 19 att
539 1401 48 14 man
602 1394 69 21 mäste
687 1393 56 22 fästa
758 1393 101 21 afseende
875 1393 36 20 vid

88 1423 27 22 de
133 1423 49 22 med
205 1422 122 23 oafslutade
350 1423 76 22 kurser
447 1423 105 26 afgäende
567 1422 104 22 eleverna.
702 1421 75 26 Nåväl,
792 1421 60 22 detta
867 1421 43 21 kan

69 1466 4 4 +
87 1458 52 15 vara
154 1454 32 19 ett
201 1452 53 26 skäl,
270 1458 48 16 men
334 1452 82 27 ganska
431 1453 67 25 svagt,
514 1453 23 25 ty
551 1451 29 28 pä
596 1453 33 21 tre
644 1451 84 21 klasser
743 1450 43 22 kan
795 1450 56 21 intet
861 1449 49 21 full-

88 1481 97 27 ständigt
206 1480 92 22 vetande
320 1481 110 21 meddelas
451 1481 65 21 dessa
531 1480 76 22 elever.
638 1480 67 21 Detta
720 1480 25 20 är
760 1485 26 16 en
801 1479 45 26 sak,
863 1484 47 16 som

89 1510 48 22 icke
153 1512 24 20 är
192 1509 50 23 svär
257 1511 33 21 att
304 1510 80 22 bevisa.
414 1510 32 21 De
462 1509 127 28 fyrklassiga
606 1508 146 22 realskolorna
767 1510 38 20 äro
821 1508 37 21 det
872 1507 37 22 bä-
