1078 1717
437 105 42 18 Den
491 106 22 17 27
525 105 45 23 Maj.
829 108 54 21 1249

163 171 33 20 att
210 170 41 22 alla
266 170 32 22 uti
313 170 54 22 hans
383 170 152 23 efterlemnade
551 172 27 21 bo
593 171 110 28 befintliga
712 172 138 26 konstalster,
860 178 53 16 vare

94 198 32 27 sig
135 206 2 2 '
151 194 167 42 oljemålningar,
344 200 140 33 kopparstick
510 200 53 22 eller
584 200 196 28 skulpturarbeten,
803 189 110 33 äfvensom

93 228 103 20 testators
212 228 7 20 i
233 228 167 27 Brunnsparken
414 228 58 22 invid
486 228 133 28 Helsingfors
632 229 48 21 stad
690 229 83 26 egande
783 229 49 21 villa
842 229 72 21 skulle

94 255 55 22 efter
163 256 53 20 hans
230 255 99 23 frånfälle
344 256 84 22 tillfalla
442 257 100 21 Finlands
558 257 45 21 folk
618 257 40 21 och
673 257 140 21 öfverlemnäs
823 257 33 21 till
866 257 47 21 Ma-

93 284 105 27 gistraten
213 284 7 21 i
234 284 92 22 nämnde
342 286 49 20 stad
414 285 67 21 under
496 285 156 26 nedanangifna
667 286 68 20 vilkor
746 286 41 20 och
796 285 118 26 förbehåll;

163 314 33 19 att
218 312 42 22 alla
278 312 64 22 dessa
361 313 133 21 konstalster
508 315 77 25 genast
600 313 54 22 efter
668 315 104 20 testators
788 314 42 20 död
846 302 68 32 borde

93 340 73 28 flyttas
186 340 31 22 till
234 340 39 22 och
288 342 29 26 pä
330 341 97 27 lämpligt
441 343 45 20 sätt
500 342 121 27 uppställas
637 342 31 21 uti
683 342 93 22 nämnda
791 342 50 21 villa
856 344 57 19 samt

94 370 69 21 under
183 376 64 15 namn
267 369 22 22 af
304 370 107 27 ,Cygnaei
426 370 87 27 galleri"
529 372 45 20 mot
588 370 93 28 lindring
696 370 60 28 afgift
769 370 29 27 pä
811 370 105 28 lämpliga

93 398 58 22 tider
165 404 53 15 vara
232 398 135 27 tillgängliga
380 398 34 22 för
429 399 152 26 allmänheten;

163 428 39 24 att,
225 427 25 20 sä
272 429 60 19 snart
354 433 26 15 en
402 427 105 26 högskola
522 427 33 22 för
571 427 26 21 de
613 427 67 21 sköna
695 427 118 21 konsterna
828 427 86 21 komme

95 456 33 20 att
142 454 7 21 i
164 455 90 21 Finland
268 455 98 26 inrättas,
383 455 139 22 omförmälda
536 455 131 22 konstalster
682 455 40 22 och
737 455 51 22 villa
802 455 68 21 borde
881 455 33 21 till

96 483 69 21 denna
187 483 104 26 högskola
314 468 148 46 öfverlemnas,
478 485 49 20 med
541 483 111 25 förbehäll,
668 485 32 20 att
716 484 41 21 den
772 485 141 20 testämente-

94 511 53 22 rade
170 512 132 26 egendomen
324 510 47 23 icke
393 511 55 28 finge
471 513 79 21 rubbas
569 512 52 21 eller
640 512 138 26 förskingras,
794 512 121 27 hvarjämte

95 541 99 25 testator,
215 540 29 27 pä
266 540 69 27 grund
357 540 24 21 af
401 528 41 34 den
465 542 142 26 uppmuntran
630 541 41 20 han
688 541 74 21 städse
778 543 64 24 egnat
857 546 59 21 unga

94 569 130 20 konstnärer
239 569 7 20 i
260 569 81 26 landet,
356 569 81 21 uttalat
452 569 41 21 den
507 569 148 27 förhoppning,
666 571 33 19 att
710 569 63 22 desse
783 569 7 21 i
800 568 114 22 framtiden

95 597 49 21 ville
159 597 136 27 ihägkomma
309 597 79 22 honom
403 603 76 21 genom
495 600 32 19 att
541 599 49 20 med
606 597 66 22 alster
687 597 23 22 af
719 597 63 22 deras
793 603 54 21 egen
856 597 59 22 hand

95 625 68 28 pryda
186 626 40 21 och
246 625 76 22 föröka
337 626 116 27 samlingen
469 626 5 21 i
490 627 77 21 nämda
583 627 84 26 galleri;
684 625 109 23 äfvensom
809 625 106 22 särskilda

95 660 104 21 personer
214 653 22 22 af
249 656 93 20 testator
354 657 80 19 utsetts
450 655 31 20 till
497 656 150 21 testamentets
662 655 126 22 bevakande
803 655 40 21 och
852 654 62 22 verk-

96 683 106 21 ställande
217 685 56 19 samt
288 683 196 26 konstsamlingens
499 683 118 25 värdande;

165 711 26 22 sä
213 711 39 22 har
273 712 121 27 Kejserliga
417 711 103 22 Senatens
542 712 33 22 för
593 712 90 21 Finland
698 711 218 28 Ekonomiedeparte-

96 742 59 19 ment
177 740 32 21 uti
230 740 134 27 underdänig
386 741 111 21 skrifvelse
520 741 22 21 af
560 741 41 21 den
623 743 11 18 5
650 741 60 26 April
724 740 144 22 innevarande
884 740 32 25 är,

94 769 68 27 jämte
178 769 98 21 anmälan
292 775 34 15 om
342 769 155 21 ofvannämnda
513 769 100 22 donation
629 772 56 18 samt
700 771 32 20 att
748 769 40 22 den
799 771 116 19 testamen-

97 797 75 22 terade
195 797 133 27 egendomen
343 797 23 22 af
378 797 133 28 Helsingfors
528 798 59 22 stads
603 795 114 29 Magistrat
732 797 185 33 omhändertagits

96 826 7 21 i
119 826 37 21 det
172 814 100 34 afseende
288 828 140 20 testamentet
442 827 125 26 innehäller,
583 827 40 21 hos
638 816 59 42 Hans
713 822 121 41 Kejserliga
849 824 67 29 Maje-

98 856 45 20 stät
157 855 109 26 hemstält,
281 855 106 21 huruvida
401 855 48 22 icke
464 855 59 22 Hans
538 855 104 27 Majestät
656 855 85 22 täcktes
756 855 8 21 i
778 855 67 21 nåder
859 854 59 21 finna

98 883 53 26 godt
165 871 101 34 meddela
278 883 84 22 landets
378 883 93 22 Ständer
485 884 158 21 underrättelse
658 890 34 15 om
707 883 161 28 ifrågavarande
883 883 35 21 till

97 911 101 22 Finlands
214 911 43 22 folk
273 912 75 27 gjorda
361 913 188 21 testamentariska
565 913 132 27 disposition.

165 940 42 22 Vid
221 941 68 21 skedd
304 940 133 28 underdånig
447 941 150 27 föredragning
609 941 22 21 af
641 941 61 21 detta
712 941 86 26 ärende,
808 940 39 21 har
856 939 61 22 Hans

97 969 121 28 Kejserliga
239 969 108 28 Majestät,
370 969 50 22 med
441 969 75 27 nådigt
534 969 60 22 bifall
609 969 33 22 till
658 970 105 21 Senatens
778 969 140 25 hemställan,

97 998 58 21 velat
167 997 63 22 hafva
246 997 93 22 Senaten
355 997 109 22 anbefaldt
479 1001 33 18 att
527 999 27 26 gå
569 999 7 20 i
591 997 125 28 författning
732 998 80 25 derom,
828 999 33 20 att
870 997 47 21 lan-

98 1027 47 21 dets
168 1033 29 14 nu
215 1026 129 22 församlade
358 1027 93 21 Ständer
466 1027 65 21 blifva
547 1033 34 15 om
596 1027 118 21 änberörde
730 1025 190 23 testamentariska

98 1055 127 27 disposition
247 1055 164 26 underrättade;
434 1055 81 21 hvilket
535 1056 51 21 eder
601 1055 106 22 excellens
723 1055 111 26 behagade
851 1054 66 21 Sena-

99 1086 48 19 tens
163 1083 268 28 Ekonomiedepartement
445 1083 33 22 till
493 1084 119 21 kännedom
628 1083 104 22 meddela.

449 1129 22 21 T.
487 1129 84 22 Bruun.

603 1168 36 23 Ch.
654 1168 48 22 Em.
719 1169 27 26 af
756 1167 118 23 Frosterus.

166 1213 129 22 Afskriftens
309 1214 104 27 riktighet
428 1214 120 27 bestyrker:
563 1213 141 28 Helsingfors,
720 1213 14 22 å
748 1213 121 27 Kejserliga
880 1211 40 22 Se-

98 1243 77 21 nåtens
191 1242 33 47 för
238 1242 90 22 Finland
343 1243 112 21 Allmänna
469 1242 76 27 kansli,
561 1242 41 22 den
619 1243 26 20 26
660 1242 43 26 Maj
721 1243 61 20 1882.

606 1281 56 21 Karl
677 1281 173 27 Standertskjöld.

169 1327 71 23 Dessa
262 1327 123 23 skrifvelser
407 1328 92 26 ansägos
514 1328 48 21 icke
577 1327 32 22 till
624 1327 72 27 nägon
711 1326 77 28 ätgärd
801 1325 119 23 föranleda.

168 1444 59 30 Herr
247 1451 207 24 Landtmarskalken
477 1450 158 29 tiliskännagaf,
658 1453 33 20 att
705 1450 160 23 Ridderskapet
879 1449 41 23 och

101 1480 69 22 Adeln
184 1481 36 21 vid
235 1480 61 22 detta
310 1480 86 28 plenum
410 1480 57 22 hade
481 1482 33 20 att
529 1482 82 20 emotse
627 1482 32 20 ett
671 1480 67 22 besök
754 1480 23 22 af
790 1486 27 16 en
835 1479 89 22 ledamot

101 1509 48 22 utaf
161 1509 121 28 Kejserliga
297 1509 94 23 Senaten
405 1509 7 22 i
428 1508 101 24 afseende
545 1510 12 21 &
571 1509 141 22 meddelande
728 1508 22 23 af
763 1507 159 23 underrättelse
