1067 1725
426 98 42 18 Den
479 98 23 18 26
512 98 45 24 Maj.
819 100 55 22 1223

84 163 141 28 finskvänliga
239 164 8 22 i
261 164 74 23 landet
349 164 111 28 angående
477 164 141 29 hänsynslösa
633 164 134 28 agitationer.
781 166 77 22 Denna
865 165 38 23 be-

85 192 106 28 skyllning
205 193 43 21 kan
265 193 55 23 dock
334 194 49 21 med
397 193 86 28 mycket
498 195 69 21 större
582 194 47 22 skäl
644 194 77 22 riktats
732 196 58 20 emot
800 200 26 16 en
836 194 66 27 parti-

83 220 100 28 fraktion,
206 221 85 23 hvilken
306 222 90 22 friherre
418 222 78 22 Wrede
517 223 51 21 icke
587 222 63 22 torde
669 222 36 22 stå
719 222 60 28 långt
793 222 53 23 ifrån
861 222 41 22 och

83 250 86 22 hvilken
191 252 160 24 representeras
365 250 24 22 af
402 252 33 20 ett
448 250 166 26 landsortsblad,
630 250 22 22 af
664 250 83 23 hvilket
760 252 9 20 i
778 252 69 21 dessa
864 252 38 20 da-

84 284 39 21 gar
136 278 116 22 cirkulerat
267 281 32 20 ett
313 285 96 16 nummer
423 280 97 21 utmärkt
533 280 33 21 för
580 280 34 20 sin
630 279 97 28 ovanliga
741 279 162 23 oförskämdhet

84 307 41 21 och
139 306 90 28 grofhet.
263 308 42 26 Jag
323 314 64 15 anser
406 309 32 20 att
452 307 89 23 friherre
555 307 79 23 Wrede
649 308 49 22 med
711 308 39 22 sitt
765 308 137 26 andragande

83 335 84 22 bevisat
181 335 118 28 ingenting,
317 336 40 22 och
371 336 99 22 förvånar
484 336 44 28 mig
542 335 77 23 endast
634 336 59 22 öfver
707 338 34 20 att
754 336 43 22 han
805 336 48 22 icke
863 336 40 22 har

84 365 89 21 motsatt
188 364 33 27 sig
236 366 32 21 att
285 366 53 21 1863
355 365 34 21 års
404 364 130 28 förordning,
542 365 72 22 såsom
629 365 41 27 den
683 365 50 27 sjelf
746 360 95 36 stadgar,
851 360 52 36 skall

84 394 69 21 sättas
163 393 13 21 i
190 394 76 22 verket
284 394 25 22 år
329 395 61 20 1884.
419 394 44 22 Det
477 394 55 22 hade
546 394 56 22 varit
617 394 130 27 naturligare
762 400 35 16 om
811 393 91 24 friherre

83 422 78 22 Wrede
176 422 8 21 i
199 423 74 22 stället
287 422 117 27 föreslagit,
420 423 72 22 såsom
505 423 29 27 på
548 429 41 16 ena
603 422 68 23 hållet
680 424 75 27 gjorts,
765 423 31 21 tio
807 423 24 21 år
838 424 63 26 ännu,

84 450 52 51 sie
157 446 75 59 alana
247 452 48 22 frän
314 454 67 20 annat
399 451 43 23 häll
456 452 70 28 yrkas,
542 452 111 22 hundrade
667 452 25 22 är
705 452 34 22 till
754 452 72 22 säsom
839 451 62 23 bere-

99 480 84 22 elsetid.

151 508 56 22 Herr
227 509 176 27 Godenhjelm:
428 509 34 22 Dä
480 510 28 22 de
522 510 57 21 bäda
592 508 129 28 föregäende
736 509 83 22 talarne
833 510 68 26 yttrat

84 536 33 28 sig
133 538 50 21 med
198 538 114 26 anledning
331 537 23 22 af
367 538 89 22 friherre
471 538 90 22 Wredes
577 540 85 20 senaste
675 538 118 25 utlätande,
809 538 42 21 kan
863 538 39 27 jag

84 565 55 22 fatta
154 566 43 27 mig
211 566 56 22 kort.
297 567 44 22 Det
354 572 38 17 var
406 567 43 22 min
465 566 65 28 afsigt
544 568 33 21 att
591 567 49 22 med
655 566 115 28 anledning
778 566 61 23 deraf
845 568 57 27 yttra

83 594 67 27 några
165 595 45 22 ord.
227 596 42 21 Det
283 595 40 22 har
337 595 8 22 i
359 596 115 27 synnerhet
488 596 98 22 förvånat
600 596 44 27 mig
659 597 32 20 att
701 602 26 15 ur
734 602 27 15 en
766 595 77 28 jurists
851 602 51 16 mun

82 623 55 22 höra
151 624 82 21 sädana
249 624 45 26 ord,
309 630 47 15 som
371 626 32 20 att
418 625 37 21 det
470 631 50 16 vore
534 624 108 27 likgiltigt,
658 624 82 22 hvilket
754 624 147 27 spräk-egent-

83 651 57 28 ligen
155 653 109 26 begagnas
284 653 35 22 vid
339 653 296 26 domstolsförhandlingarne,
651 653 28 22 dä
693 653 34 26 de,
742 659 47 15 som
803 653 99 29 begagna

83 681 34 26 sig
131 681 23 22 af
166 682 236 27 rättegängsväsendet,
418 682 53 22 höra
487 682 33 22 till
535 681 27 22 de
576 684 57 20 mest
646 681 126 27 förkastliga
786 681 8 22 i
809 681 92 22 samhäl-

83 709 37 22 let.
135 722 28 3 —
177 710 42 27 Jag
233 716 64 16 anser
312 711 61 22 detta
387 710 111 22 uttalande
512 711 49 21 icke
575 711 92 27 förtjena
681 710 72 22 vidare
765 710 136 25 bemötande,

82 737 46 23 lika
142 739 48 22 litet
205 745 46 16 som
267 739 26 22 de
307 739 165 28 beskyllningar,
488 745 47 16 som
549 739 90 22 friherre
653 739 79 21 Wrede
747 739 102 22 utkastat.
867 738 34 22 Då

82 773 49 16 man
146 767 40 22 hör
204 767 91 22 friherre
313 767 79 22 Wrede
407 769 39 21 och
462 768 67 22 andra
540 768 96 28 jurister,
652 773 47 16 som
713 767 67 22 tänka
794 767 43 22 lika
851 767 50 22 med

82 796 79 21 honom
175 802 34 15 om
223 795 70 23 finska
312 797 88 27 spräket
420 803 47 16 som
480 796 143 28 kurialspräk,
639 796 41 22 kan
696 802 49 16 man
760 796 42 21 lätt
815 796 86 21 komma

82 825 33 21 till
130 825 41 21 den
186 825 176 27 föreställningen
377 827 33 20 att
425 826 37 21 det
474 825 107 28 juridiska
596 825 97 21 omrädet
707 827 25 18 är
746 824 89 23 alldeles
847 824 54 22 olikt

82 853 42 21 alla
139 853 68 21 andra
221 853 108 26 omräden,
346 856 33 19 att
394 860 26 15 en
435 860 85 21 person,
536 860 46 16 som
597 855 25 19 är
636 853 128 27 fullkomligt
778 853 123 21 inkommen

81 882 7 20 i
104 883 31 20 ett
151 882 66 26 språk
231 882 40 22 och
287 883 82 21 känner
384 882 37 22 det
436 882 32 22 till
484 882 42 22 alla
541 882 65 26 delar,
620 882 49 22 icke
681 882 42 21 kan
733 882 58 21 klart
799 882 102 27 uttrycka

82 910 32 27 sig
135 910 29 27 pä
184 910 60 22 detta
263 910 46 28 fält,
325 911 29 22 dä
367 911 85 22 likvisst
467 911 7 22 i
489 912 42 21 alla
545 910 150 27 vetenskaper,
711 910 62 23 äfven
787 910 8 22 i
810 910 27 22 de
853 910 46 27 dju-

80 940 63 26 paste
165 939 41 21 och
229 940 48 22 dem
292 946 46 16 som
360 942 56 19 mest
430 939 73 23 fordra
518 939 126 27 eftertanke,
659 938 143 24 förhällandet
817 940 23 20 är
854 938 46 22 helt

81 968 140 26 annorlunda,
236 968 8 22 i
258 969 37 22 det
310 970 33 20 att
356 969 53 21 hvar
428 968 40 22 och
484 976 26 14 en
525 969 42 21 kan
581 968 58 22 klart
654 968 40 21 och
708 968 78 27 tydligt
800 967 101 27 uttrycka

81 996 33 22 sin
136 997 72 26 tanke,
224 1002 35 17 om
278 998 43 21 han
339 997 57 22 blott
410 997 82 23 känner
506 998 32 21 sin
554 997 41 22 sak
610 998 56 20 samt
680 996 37 22 det
732 996 71 27 spräk,
819 995 82 23 hvilket

80 1025 44 22 han
139 1026 114 22 använder.
283 1026 67 22 Detta
365 1026 39 22 har
416 1026 58 22 visat
488 1026 33 27 sig
535 1026 8 22 i
558 1026 42 22 den
619 1024 70 23 finska
707 1025 133 22 literaturen.
869 1024 32 22 Pä

81 1054 27 22 de
124 1054 57 22 olika
194 1055 183 27 vetenskapernas
393 1055 101 22 omräden
508 1054 64 22 hafva
586 1054 79 27 mänga
679 1054 90 22 arbeten
779 1053 120 26 utkommit,

80 1082 40 22 och
135 1083 56 21 intet
205 1083 150 23 missförständ
370 1083 38 22 har
418 1084 104 27 uppstätt.
539 1084 32 21 En
579 1082 135 28 terminologi
721 1082 39 22 har
767 1082 133 27 smäningom

80 1111 93 22 utbildat
188 1112 33 26 sig
236 1112 41 22 och
293 1112 26 22 de
334 1112 89 22 läsande
438 1112 64 22 hafva
516 1113 100 26 nogsamt
630 1110 89 23 förstätt
733 1111 120 22 böckernas
867 1110 32 22 in-

79 1140 78 22 nehäll.
188 1140 42 23 Det
244 1140 71 23 finska
335 1141 89 27 språket
443 1141 39 22 har
495 1141 48 22 icke
558 1140 69 22 häller
641 1140 28 28 pä
685 1140 37 22 det
733 1139 108 28 juridiska
855 1145 44 16 om-

78 1169 62 22 rädet
154 1169 69 22 blifvit
239 1170 25 21 sä
277 1170 50 22 litet
340 1170 129 27 begagnadt,
486 1172 32 20 att
526 1171 37 22 det
570 1169 48 22 icke
626 1169 85 22 erhällit
719 1169 129 21 ätminstone
855 1168 45 22 lika

78 1199 47 20 stor
141 1199 122 26 utveckling
277 1199 29 27 pä
321 1198 61 22 detta
400 1199 86 22 omräde
500 1205 48 16 som
563 1198 28 27 pä
606 1198 78 27 mänga
699 1198 73 21 andra.
802 1197 97 22 Friherre

77 1226 79 22 Wrede
171 1227 118 22 hänvisade
303 1229 117 26 yttermera
436 1227 66 28 derpä
517 1229 33 20 att
565 1226 38 22 det
617 1226 68 22 finnes
701 1226 70 21 skilda
785 1225 113 26 dialekter,

78 1255 41 21 och
133 1257 33 20 att
181 1256 70 21 denna
266 1255 163 24 dialektolikhet
440 1256 70 21 skulle
521 1257 53 26 göra
588 1255 132 27 svärigheter
729 1255 35 20 vid
773 1253 127 23 affattandet

77 1283 24 22 af
110 1283 108 28 juridiska
233 1284 130 22 skrifvelser.
397 1285 76 22 Säsom
491 1285 81 21 bekant
587 1285 37 21 äro
640 1284 26 21 de
681 1283 70 22 finska
766 1282 134 22 dialekterna

77 1312 86 28 mycket
184 1313 49 22 litet
255 1313 132 28 skiljaktliga
406 1313 48 22 frän
475 1313 127 26 hvarandra,
623 1318 34 16 om
675 1318 48 15 man
737 1311 78 27 jämför
829 1310 70 33 finska

78 1341 90 26 spräket
190 1342 49 21 med
260 1342 27 21 de
303 1341 63 22 flesta
381 1343 66 20 andra
462 1342 71 26 spräk,
550 1341 40 22 och
605 1341 119 22 allraminst
738 1339 99 22 inverkar
853 1339 46 22 dia-

77 1368 75 22 lekten
166 1369 30 27 pä
211 1369 41 22 den
266 1369 164 28 vetenskapliga
444 1369 155 26 terminologin.
629 1369 38 20 Ett
682 1368 40 21 och
737 1369 66 20 annat
812 1368 87 31 uttryck

77 1397 43 22 kan
134 1403 52 16 vara
201 1398 58 21 olika
273 1397 33 22 till
320 1397 53 28 följd
388 1398 24 21 af
425 1397 260 27 dialektskiljaktigheter,
700 1402 49 15 men
764 1395 65 33 dessa
838 1395 60 27 skilj-

78 1425 121 28 aktigheter
214 1428 37 20 äro
267 1426 83 27 ganska
365 1426 132 29 obetydliga;
513 1426 130 22 åtminstone
658 1425 69 22 skulle
743 1424 27 22 de
777 1424 48 23 icke
832 1424 67 22 verka

78 1455 123 27 någonting,
217 1461 35 16 om
267 1461 26 16 en
309 1455 111 22 skrifvelse
435 1455 85 22 komme
525 1448 43 39 till
576 1461 32 15 -en
617 1454 121 26 öfverrätt;
753 1455 23 26 ty
792 1459 27 18 om
831 1452 68 23 också

78 1484 116 27 möjligtvis
210 1484 144 28 allmänheten
369 1485 47 22 icke
431 1484 29 28 pä
474 1483 44 23 alla
532 1483 83 23 trakter
630 1483 69 22 skulle
709 1482 69 22 förstå
785 1482 68 33 några
860 1488 38 26 en-

78 1513 69 22 skilda
162 1513 92 28 uttryck,
270 1513 26 22 så
310 1513 80 23 förstår
404 1513 56 23 dock
474 1513 73 28 hvarje
559 1512 67 29 jurist
640 1512 53 22 dem.
723 1511 43 28 Jag
780 1511 39 22 har
831 1517 8 16 i
849 1512 50 21 mitt
