1073 1720
426 100 42 18 Den
479 100 23 18 30
513 100 45 23 Maj.
813 103 54 21 1313

76 164 44 22 min
146 164 35 22 del
201 164 71 22 skulle
289 165 38 28 jag
348 166 89 27 mycket
452 172 67 21 gerna
533 166 63 22 hafva
610 167 58 22 velat
682 167 98 21 använda
794 173 59 15 mera
867 167 32 22 tid

76 193 34 22 för
124 194 33 21 att
171 193 66 22 tänka
250 194 45 26 mig
307 194 22 22 in
343 195 8 21 i
366 194 28 22 de
408 201 42 21 nya
457 194 93 28 förslag,
565 195 74 22 hvilka
647 196 78 27 nådiga
734 196 161 27 propositionen

77 221 40 22 och
140 222 120 22 utskottets
281 222 136 23 betänkande
431 223 114 22 inmehälla.
575 224 43 22 Det
633 226 25 19 är
671 224 48 22 icke
733 226 52 19 utan
801 226 32 20 att
847 230 50 16 man

76 250 84 22 känner
174 256 27 16 en
216 251 44 21 viss
275 251 82 28 böjelse
371 251 34 22 för
419 254 33 20 att
465 252 62 22 äfven
537 252 7 21 i
555 252 124 22 afseende-å
687 252 60 22 detta
756 252 81 28 förslag
844 253 54 21 söka

77 280 33 21 ett
130 278 96 28 uppskof
243 284 78 22 genom
340 282 33 20 att
387 280 48 22 läta
450 280 67 22 saken
531 281 52 21 bero
599 281 33 21 till
645 281 127 21 kommande
787 280 110 28 landtdag.

76 308 42 27 Jag
132 308 40 21 har
186 307 65 22 likväl
266 308 55 22 efter
335 309 38 21 det
386 309 56 21 mått
454 308 25 22 af
491 309 32 21 tid
536 309 38 27 jag
589 309 82 22 kunnat
681 316 55 20 egna
746 309 23 21 ät
776 308 121 23 författnin-

77 342 41 21 gen
139 336 90 22 kommit
248 336 32 22 till
301 337 41 21 den
362 337 57 27 äsigt
437 339 33 20 att
484 336 153 29 författningen
652 338 7 20 i
674 338 76 28 sjelfva
765 338 81 25 verket,
862 344 35 15 om

76 370 50 17 man
140 370 28 16 en
190 365 57 27 gäng
266 365 119 22 bibehäller
404 366 37 22 det
455 366 133 22 närvarande
603 369 109 25 systemet,
727 366 120 22 innehäller
861 369 37 19 vä-

77 394 93 26 sentliga
184 393 160 27 förbättringar,
361 394 40 22 och
417 394 41 22 den
473 397 87 19 senaste
574 396 65 20 ärade
655 396 39 20 och
704 395 135 27 synnerligen
848 395 49 21 sak-

76 422 95 26 kunnige
193 422 82 21 talaren
298 423 40 21 har
356 424 79 20 uttalat
455 424 103 26 ätskilligt
576 423 49 22 utaf
638 424 55 21 hvad
705 424 38 27 jag
757 423 33 22 för
804 424 43 20 min
863 424 35 21 del

78 457 64 16 anser
157 450 71 22 såsom
243 451 153 27 förbättringar
410 451 40 22 och
458 451 115 22 framhållit
581 452 82 21 sådana
672 452 99 27 punkter,
783 446 71 37 hvilka
860 452 38 27 jag

78 479 67 22 också
159 479 33 22 för
206 479 42 22 min
264 479 35 22 del
315 481 75 20 ansett
401 480 172 21 beaktansvärda
583 480 186 27 hufvudsakligast
779 481 7 21 i
797 480 100 22 afseende

79 509 13 20 å
106 507 56 22 hvad
177 508 104 27 förslaget
294 508 119 22 innehåller
423 509 32 21 till
466 509 171 22 säkerställande
646 509 47 21 utaf
697 509 140 27 jordegarens
846 511 52 19 rätt.

78 537 33 21 De
127 537 58 21 äldre
199 536 187 28 författningarnes
401 537 56 21 anda
470 537 46 21 från
532 538 24 20 år
571 539 62 25 1723,
643 543 45 15 som
697 537 117 21 innefattar
824 544 26 14 en
860 540 37 18 vä-

79 565 79 26 sentlig
172 565 125 27 vändpunkt
310 566 7 20 i
333 566 64 21 dessa
413 565 156 27 författningar,
585 566 106 21 behandla
706 566 70 21 denna
790 567 45 20 rätt
848 566 50 21 med

79 594 83 27 ganska
176 596 47 19 stor
236 594 157 27 lättvindighet.
423 593 56 23 Hela
493 594 202 27 inmutningsrätten
711 594 46 22 står
771 601 28 15 nu
810 594 89 27 egentli-

79 628 41 21 gen
134 622 8 21 i
157 622 55 22 strid
227 623 48 21 med
291 623 40 21 den
347 623 70 27 gamla
431 623 127 21 odalmanna
572 625 83 19 rättens
671 623 138 27 tillämpande
820 623 27 26 pä
855 623 43 27 jor-

78 652 48 20 den.
157 651 43 21 Det
216 652 24 20 är
254 651 80 21 bekant
349 654 31 18 att
397 652 36 20 det
447 658 38 14 var
501 651 78 22 Gustaf
598 652 4 20 I
617 651 75 21 Wasas
707 651 156 22 framhällande
878 650 23 22 af

79 681 83 20 statens
177 680 45 20 rätt
235 680 29 26 pä
279 680 42 20 alla
337 680 107 25 omräden,
461 680 37 21 der
514 680 40 21 den
569 680 100 27 möjligen
684 680 56 21 blott
754 680 73 21 kunde
834 680 64 21 fram-

79 708 64 21 ställa
158 708 39 26 sig,
213 714 47 15 som
275 708 78 27 skapat
367 708 38 22 det
418 708 133 22 närvarande
566 710 105 26 systemet
680 708 52 21 eller
742 708 37 27 gaf
785 708 114 26 anledning

80 736 71 22 dertill
169 736 4 22 i
188 736 25 21 sä
228 737 74 25 mätto,
318 739 33 19 att
367 736 78 22 Gustaf
458 737 11 21 I
483 736 121 22 förklarade
612 737 115 21 malmerne
735 738 78 26 utgöra
823 738 32 20 ett
865 742 34 16 re-

79 765 48 27 gale
149 765 41 21 och
209 764 114 22 faststälde
342 766 93 21 kronans
454 768 45 18 rätt
514 766 77 21 dertill.
621 765 68 22 Häraf
701 765 40 22 har
754 765 97 21 härflutit
866 767 33 19 att

79 794 84 21 kronan
179 795 72 20 ansett
265 794 33 26 sig
312 794 72 21 kunna
403 794 86 22 utfärda
504 794 80 22 sådana
598 793 157 28 författningar,
771 794 40 21 och
826 795 73 21 ansett

80 822 32 26 sig
128 822 72 22 kunna
214 822 107 22 fastställa
337 829 26 15 en
378 823 24 21 sä
416 822 71 23 kallad
502 822 243 28 inmutningsrättighet.
775 823 74 21 Sävidt
861 823 39 27 jag

79 851 40 21 har
140 851 83 21 kunnat
244 851 64 26 finna,
328 852 25 20 så
367 851 69 22 hvilar
451 852 60 21 detta
526 851 78 27 regale,
621 852 72 21 såsom
708 852 89 21 allmänt
811 852 88 21 erkänts

80 879 23 22 af
116 879 43 22 alla
174 879 47 22 dem
238 886 45 15 som
299 882 65 25 egnat
379 880 47 21 sina
440 879 135 28 forskningar
585 880 23 21 åt
619 882 76 23 ämnet,
703 881 29 26 på
743 879 82 27 ganska
833 885 66 21 svaga

81 909 99 26 grunder,
196 908 40 22 och
251 909 7 20 i
272 909 48 21 vårt
335 909 104 26 granland
453 909 89 26 Sverige
557 909 40 21 har
612 915 29 15 nu
655 909 65 21 redan
735 909 54 20 ifrån
804 908 95 27 regerin-

80 943 53 20 gens
156 937 133 27 ståndpunkt
311 937 66 26 tagits
399 939 72 25 steget
492 937 49 22 fullt
559 939 31 24 ut,
606 937 33 22 för
654 939 33 19 att
701 936 90 23 afskaffa
805 937 49 21 hela
868 937 32 20 in-

80 965 214 28 mutningssysiemet
316 966 41 21 och
379 966 128 21 tillerkänna
523 967 130 26 jordegarne
669 966 125 21 oinskränkt
808 967 45 20 rätt
867 965 33 21 till

80 994 121 21 mineralier
222 994 77 22 liksom
321 995 32 20 till
375 995 39 21 alit
436 997 66 19 annat
519 1001 46 15 som
580 994 67 22 finnes
663 994 28 26 pä
705 995 54 20 hans
775 993 69 27 grund
859 994 41 20 och

82 1022 123 27 derigenom
219 1022 89 22 kommit
323 1022 32 22 till
369 1028 25 16 en
410 1023 66 27 enligt
490 1024 42 20 min
541 1023 109 27 synpunkt
659 1023 83 26 ganska
751 1022 88 28 lämplig
847 1028 53 21 upp-

81 1051 103 27 ställning
198 1051 24 21 af
234 1051 160 27 lagstiftningen
409 1052 8 21 i
432 1052 37 21 det
483 1052 140 21 förevarande
639 1053 76 20 ämnet.
732 1051 43 21 Det
789 1054 24 18 är
827 1050 75 22 nämli-

81 1086 41 20 gen
136 1080 62 20 fallet
217 1082 32 19 att
267 1080 236 27 inmutningssystemet
521 1080 39 21 har
574 1080 93 21 medfört
681 1080 82 27 ganska
775 1079 126 22 invecklade

82 1108 41 22 och
143 1108 83 27 ganska
240 1108 114 28 olämpliga
372 1108 159 27 bestämningar
546 1108 112 28 angående
673 1108 49 22 hela
737 1108 60 22 detta
811 1108 90 22 föremål

80 1136 35 22 för
136 1137 201 27 besittningsrätten
359 1143 46 16 som
423 1144 49 14 man
492 1138 68 21 kallar
581 1137 80 28 grufva.
691 1138 50 20 Man
756 1137 40 22 hari
831 1137 71 21 teorin

81 1165 93 27 nödgats
189 1166 109 27 uppställa
313 1166 42 22 den
371 1166 131 27 grundsaten
518 1168 32 20 att
560 1166 114 28 grufvorna
683 1166 48 22 icke
739 1168 37 20 äro
787 1165 43 22 fast
837 1172 64 20 egen-

83 1194 48 22 dom
147 1196 52 20 utan
214 1196 33 20 att
261 1195 38 21 det
313 1197 24 19 är
351 1195 146 26 lösegendom,
513 1195 41 21 och
568 1195 50 21 med
637 1194 101 22 afseende
754 1194 52 22 derä
820 1194 39 21 har
875 1200 26 15 en

82 1223 79 25 mängd
175 1222 202 22 rättsförhällanden
393 1223 103 26 gestaltat
511 1223 33 27 sig
559 1223 57 21 olika
630 1223 7 21 i
652 1222 102 22 afseende
769 1223 14 21 &
798 1223 64 21 dessa
869 1222 32 22 fö-

81 1251 68 22 remäl
164 1253 27 19 än
207 1252 67 21 andra
289 1252 84 21 enskild
387 1252 127 26 eganderätt
529 1252 158 21 underkastade
698 1251 61 21 delar
766 1250 21 27 af
795 1251 107 27 jordytan.

81 1280 51 21 Man
147 1280 41 21 har
201 1280 56 21 varit
271 1280 90 21 hindrad
377 1282 33 19 att
425 1280 31 21 till
473 1280 63 21 dessa
550 1280 89 21 föremäl
653 1280 112 21 utsträcka
773 1280 129 26 tillämpnin-

83 1313 43 21 gen
141 1307 23 22 af
176 1308 159 21 kreditinstitut
349 1314 46 15 som
411 1308 52 27 eljes
477 1314 51 16 vore
543 1308 102 27 lämpliga
660 1308 72 21 såsom
746 1310 16 19 t.
778 1313 31 16 ex.
820 1307 83 22 inteek-

82 1336 173 26 ningsinstitutet
269 1337 41 21 och
325 1337 48 21 med
386 1338 33 20 ett
433 1337 39 20 ord
487 1337 107 21 invecklat
608 1336 50 21 hela
673 1336 36 21 det
724 1336 179 26 privat-rättsliga

83 1365 104 25 systemet
201 1365 111 25 angående
328 1364 115 27 desamma,
456 1365 67 26 jämte
540 1365 36 20 det
590 1369 56 21 man,
662 1369 47 16 som
724 1364 70 26 Sagdt,
805 1363 8 21 i
825 1364 78 25 många

84 1392 115 22 afseenden
215 1392 71 22 hvilka
300 1392 67 21 redan
383 1392 42 21 den
439 1392 68 21 första
522 1393 65 20 ärade
602 1391 83 22 talaren
699 1391 117 22 framhällit
826 1391 77 22 skridit

83 1421 22 21 in
120 1422 59 21 emot
190 1419 141 29 jordegarens
346 1422 51 20 rätt.
425 1420 43 27 Jag
487 1420 39 21 har
540 1420 33 22 för
586 1420 44 22 min
645 1420 35 22 del
694 1419 71 23 funnit
778 1420 45 27 mig
836 1420 68 21 redan

84 1449 72 22 derför
170 1449 78 22 manad
263 1451 33 20 att
315 1449 107 28 tillstyrka
440 1449 156 28 godkännande
609 1449 23 21 af
645 1449 160 27 författningen,
820 1450 33 21 att
865 1449 39 26 jag

83 1477 69 23 finner
166 1479 42 21 den
224 1484 41 20 ega
279 1479 120 26 väsentliga
413 1477 93 23 fördelar
521 1479 130 26 derigenom,
667 1480 33 19 att
712 1478 139 27 jordegarens
859 1478 45 20 rätt

84 1506 34 22 till
133 1506 119 28 ersättning
265 1506 34 23 för
313 1507 38 23 det
364 1506 86 28 intrång
465 1512 45 16 som
525 1508 63 26 göres
603 1506 30 27 pä
646 1506 54 22 hans
716 1506 87 22 område
818 1508 24 20 är
856 1506 47 28 tyd-
