1089 1717
203 119 40 21 966
501 116 41 18 Den
555 117 20 17 16
588 116 45 24 Maj.

156 192 2 2 *
173 183 96 26 väskade
284 183 207 28 anslagsbeloppen''
511 182 57 22 afses
583 183 78 21 endast
675 183 27 21 de
716 182 47 28 fyra
777 183 168 27 anslagsposter,
961 182 37 23 för

163 212 104 21 hvilka
258 207 15 36 i
282 212 41 21 den
337 212 79 26 nådiga
431 212 161 26 propositionen
608 211 115 26 bevillning
738 211 71 21 äskas.
835 211 29 21 Af
873 212 37 21 det
920 212 76 27 stycke

173 239 29 28 pä
217 240 61 21 sidan
295 241 33 22 10,
345 245 45 16 som
405 240 73 27 börjas
494 239 42 27 ,,pä
551 241 45 20 sätt
610 239 8 21 i
632 239 79 27 nådiga
725 239 175 28 propositionen"
916 245 20 16 o.
946 246 18 15 s.
974 246 23 15 v.

172 268 63 22 torde
257 268 83 27 framgä
362 269 56 21 hvad
437 269 38 27 jag
490 267 121 27 framhällit,
628 269 33 20 att
675 274 49 20 man
739 268 48 21 icke
802 269 68 21 under
886 269 60 21 detta
960 271 35 19 ut-

172 297 62 27 tryck
249 297 83 21 förstod
348 297 26 22 de
389 297 86 27 belopp,
493 302 46 16 som
555 297 104 26 styrelsen
672 296 104 22 förklarat
791 297 33 26 sig
839 297 59 26 villig
912 297 29 26 pä
956 297 38 22 all-

171 327 79 19 männa
264 325 135 22 statsfonden
414 325 117 26 öfvertaga.
560 325 63 21 Hvad
639 325 66 22 sedan
715 325 133 21 vidkommer
858 325 136 22 anmärknin-

172 359 42 21 gen
229 354 73 21 derom
318 355 32 20 att
364 354 8 21 i
387 353 148 22 betänkandet
549 353 28 27 pä
592 353 53 21 sidd.
662 355 26 20 10
707 353 40 22 och
763 355 24 19 11
805 353 23 22 af
841 353 40 22 den
897 354 98 27 approxi-

172 382 82 21 mativa
268 382 78 27 kalkyl,
362 388 46 15 som
422 381 219 28 finansexpeditionen
657 381 86 22 tillstält
753 383 165 20 statsutskottet
925 383 72 27 gjorts

173 410 90 27 oriktigt
283 410 87 27 referat,
387 410 69 22 finner
472 411 38 26 jag
532 411 49 20 herr
600 410 121 22 Molanders
737 411 140 26 anmärkning
892 417 41 21 ega
947 411 47 22 skäl

171 438 34 22 för
220 439 40 27 sig,
275 439 31 27 ity
321 441 33 19 att
369 439 116 27 ordalagen
499 439 7 21 i
522 439 75 26 själfva
612 439 75 21 verket
701 439 64 21 bordt
780 445 52 15 vara
844 440 66 25 nägot
918 445 76 16 annor-

171 467 66 22 lunda
251 468 70 21 valda.
351 468 44 21 Det
408 468 40 21 har
462 467 47 22 icke
524 467 115 22 förklarats
654 467 6 22 i
675 467 230 28 finansexpeditionens
916 468 80 27 kalkyl,

173 498 32 19 att
221 498 91 25 331,000
331 497 61 21 mark
410 503 51 15 vore
477 496 134 27 tillräckliga,
627 502 48 16 men
691 497 119 21 utskottets
826 497 65 22 tanke
906 499 24 19 är
944 497 48 22 icke

172 531 70 15 annan
265 527 27 19 än
315 527 32 19 att
368 524 219 27 finansexpeditionen
611 527 72 20 ansett
705 527 32 19 ett
759 525 65 26 årligt
838 525 120 22 öfverskott
972 525 23 22 af

173 555 92 24 331,000
280 553 60 22 mark
355 559 51 16 vara
422 553 130 27 tillräckligt,
568 553 102 21 eftersom
685 553 36 22 det
731 553 33 21 till
774 554 139 21 bestridande
922 553 22 22 af
950 554 42 21 till-

171 581 73 28 fälliga
259 581 123 22 statsbehof
395 582 42 21 kan
453 582 97 21 använda
565 582 70 26 nägon
651 581 34 22 del
701 581 23 22 af
732 582 150 27 behällningen
891 583 35 21 vid
933 583 60 21 detta

172 610 35 21 ärs
222 610 79 27 ingäng
316 612 113 24 6,600,000
443 611 67 20 mark.
539 610 76 26 Nägon
631 617 69 14 annan
717 611 64 20 tanke
792 611 40 21 har
841 611 109 22 utskottet
958 611 35 22 väl

170 638 49 22 icke
233 639 58 21 velat
305 639 86 25 inlägga
405 639 72 20 häruti
493 641 26 18 än
535 639 66 20 detta.
631 639 43 21 Det
689 639 46 20 stär
749 641 33 19 att
797 641 33 19 ett
844 639 65 26 ärligt
924 639 68 21 öfver-

171 666 60 22 skott
253 666 22 21 af
291 668 92 24 331,000
403 667 60 21 mark
478 672 51 16 vore
545 666 125 27 tillräckligt
685 667 38 26 ,,sä
738 667 87 27 mycket
839 674 45 14 mer
900 674 45 14 som
960 668 33 20 till

169 695 120 26 nästsagda
305 695 99 21 ändamål
422 694 62 22 äfven
504 695 71 21 kunde
591 696 108 20 användas
715 696 67 26 något
797 696 77 26 belopp
890 696 24 21 af
926 698 66 20 stats-

170 722 90 22 fondens
275 724 106 20 kontanta
399 723 123 27 behällning
536 724 35 20 vid
586 724 109 26 utgängen
710 723 23 21 af
747 724 24 20 är
787 726 61 24 1881,
864 724 129 27 uppgäende

171 752 67 26 enligt
253 752 122 26 åberopade
390 752 72 27 kalkyl
477 752 33 21 till
526 752 98 27 omkring
639 754 114 24 6,600,000
768 753 81 21 mark."
878 753 10 21 1
904 753 42 21 alla
956 752 38 22 fall

170 786 65 21 synes
251 780 37 22 det
302 780 49 22 med
366 780 36 27 fog
416 780 72 22 kunna
503 783 70 25 sägas,
590 783 33 19 att
637 787 34 15 om
680 781 37 21 det
725 781 66 27 ärliga
799 781 143 22 öfverskottet
952 782 42 21 blir

171 810 92 25 537,000
278 809 61 21 mark
354 809 7 21 i
377 809 74 21 stället
465 809 33 22 för
513 811 91 25 331,000
619 810 67 23 mark,
697 810 26 21 sä
733 810 66 21 borde
811 810 105 22 allmänna
927 812 65 20 stats-

170 837 78 22 fonden
263 838 49 21 med
333 838 24 21 sä
376 838 85 27 mycket
478 845 59 15 mera
553 838 102 22 säkerhet
669 839 72 21 kunna
756 839 35 21 stä
805 838 33 22 för
853 838 140 23 oförutsedda

170 866 95 27 utgifter.
295 866 56 22 Herr
366 866 112 22 Molander
493 867 110 21 anmärkte
618 866 59 22 öfver
692 869 32 19 att
735 867 37 21 det
782 874 38 14 var
830 874 25 14 en
868 868 123 26 oriktighet,

171 896 33 20 att
218 895 109 21 utskottet
341 895 29 26 pä
384 901 48 21 pag.
450 896 24 20 11
491 895 122 26 framhällit,
630 897 33 19 att
678 895 41 21 den
730 895 102 27 uppgifna
842 896 152 27 behällningen

171 922 23 22 af
208 923 113 26 6,600,000
336 924 61 20 mark
412 924 67 26 enligt
493 924 58 21 ärets
567 924 136 27 statsförslag
717 924 97 22 kommer
830 926 32 20 att
877 925 52 21 ökas
944 925 50 21 med

170 958 60 15 mera
252 954 27 18 än
295 958 26 14 en
343 952 72 27 miljon
434 952 66 21 mark.
529 953 44 21 Det
587 955 25 18 är
626 952 55 22 visst
693 954 32 20 ett
740 953 67 26 nägot
822 954 172 26 sammandraget

171 980 150 27 uttryckssätt,
337 980 38 22 det
389 980 56 22 hade
461 981 63 21 bordt
539 984 70 24 sägas,
625 983 33 19 att
673 980 28 22 dä
716 981 161 27 statsförslaget
891 982 33 21 för
934 982 60 22 inne-

170 1009 94 21 varande
279 1008 25 22 är
318 1008 58 22 visar
391 1011 32 20 ett
437 1009 120 22 öfverskott
572 1009 23 22 af
607 1016 46 15 mer
667 1012 27 19 än
710 1016 25 15 en
751 1010 73 27 miljon
840 1010 61 22 mark
915 1010 39 22 och
966 1010 29 22 då

172 1037 110 22 dessutom
305 1038 105 26 antagligt
432 1040 25 19 är
479 1040 32 20 att
533 1038 186 22 tullinkomsterna
741 1038 33 22 för
791 1041 54 19 1882
860 1039 87 22 komma
961 1041 35 20 att

171 1066 65 21 ställa
252 1066 33 26 sig
299 1066 67 27 högre
381 1068 27 19 än
423 1066 7 21 i
446 1067 165 26 statsförslaget,
627 1067 70 21 mäste
712 1069 32 19 ett
759 1068 127 21 nämnvärdt
901 1068 93 21 tillskott

171 1095 7 20 i
193 1094 151 27 behällningen
364 1095 136 27 uppkomma,
521 1102 34 15 om
571 1095 67 22 ocksä
652 1095 107 27 tillfälliga
774 1095 140 22 oförutsedda
928 1096 65 27 utgif-

171 1125 40 24 ter,
235 1129 47 15 som
301 1123 48 21 icke
369 1123 50 27 ingå
434 1124 7 21 i
457 1123 166 28 statsförslaget,
639 1123 70 22 skulle
723 1124 139 22 förekomma.
892 1125 11 21 1
918 1125 76 27 själfva

171 1151 68 22 saken
259 1151 67 28 borde
341 1152 119 21 utskottets
476 1153 114 26 yttranden
605 1153 28 26 pä
648 1153 60 21 detta
723 1153 63 21 ställe
801 1153 48 22 icke
864 1159 51 16 vara
929 1153 66 22 vilse-

171 1179 98 22 ledande.
289 1180 116 27 Åtskilliga
419 1180 72 26 frågor
506 1181 23 21 af
541 1181 106 27 betydligt
662 1181 91 21 intresse
768 1181 64 22 hafva
847 1181 23 21 af
882 1182 50 21 herr
947 1182 47 21 Mo-

171 1208 75 21 lander
261 1208 84 21 berörts
361 1209 49 21 med
424 1209 153 22 föranledande
593 1209 22 22 af
628 1210 176 21 statsutskottets
819 1211 100 26 yttrande
935 1210 61 22 öfver

170 1236 233 27 finansexpeditionens
422 1237 72 28 kalkyl
514 1238 40 21 och
570 1238 27 21 de
612 1237 67 28 nägra
693 1238 122 27 ändringar,
832 1245 45 14 som
894 1238 45 22 deri
954 1239 42 21 har

170 1264 129 26 föreslagits.
329 1265 63 20 Hvad
406 1265 133 21 vidkommer
554 1266 73 21 deficit
641 1266 28 26 pä
679 1266 155 26 Hangöbanan,
845 1267 25 20 sä
880 1267 40 20 har
926 1268 68 20 stats-

169 1292 110 21 utskottet
293 1292 46 21 haft
354 1293 67 26 nägot
435 1293 60 21 svärt
510 1295 31 19 att
555 1296 99 19 närmare
669 1293 110 28 kalkylera
795 1295 125 26 detsamma,
936 1301 57 15 eme-

171 1321 42 21 dan
236 1321 37 21 det
292 1321 57 21 varit
367 1321 85 27 mycket
471 1322 86 27 ojämnt.
587 1322 35 21 Då
636 1322 65 21 likväl
716 1323 28 26 pä
759 1328 77 16 senare
851 1323 57 22 tider
922 1323 74 22 deficit

170 1349 53 22 stält
245 1349 33 27 sig
293 1349 82 22 mindre
395 1352 26 19 än
437 1349 59 22 förut
511 1351 40 21 och
567 1350 100 28 ätgärder
682 1351 55 22 varit
752 1351 97 27 pätänka
863 1353 33 20 att
910 1352 82 27 ytterli-

170 1384 52 21 gare
236 1378 84 22 minska
335 1377 203 29 driftkostnaderna,
554 1381 48 25 togs
614 1379 60 22 detta
688 1380 68 22 runda
770 1381 79 27 belopp
865 1380 23 23 af
902 1382 93 26 100,000

169 1407 61 22 mark
253 1408 72 21 säsom
347 1407 74 28 afdrag
443 1408 28 27 pä
489 1409 37 21 det
542 1409 77 27 belopp
635 1409 107 22 allmänna
757 1409 134 23 statsfonden
906 1410 40 22 har
961 1411 32 21 att

168 1436 97 27 päräkna
282 1437 8 20 i
309 1437 257 27 jernvägsinkomsterna.
600 1439 40 20 Att
653 1438 110 28 kalkylera
778 1439 70 22 denna
863 1439 131 28 behållning,

169 1465 73 22 säsom
261 1465 109 22 utskottet
389 1465 37 22 det
441 1466 64 27 gjort,
524 1473 38 15 var
579 1467 130 22 motiveradt
724 1467 46 22 dels
785 1467 63 22 deraf
860 1469 34 20 att
908 1468 84 21 utskot-

168 1495 34 19 tet
216 1493 56 21 hade
287 1493 42 21 fått
344 1494 35 21 del
394 1494 23 21 af
430 1495 111 21 bokslutet
556 1495 61 21 äfven
633 1495 34 21 för
681 1497 52 19 1881
745 1496 34 21 för
788 1496 204 26 Helsingfors-Pe-

168 1522 112 27 tersburgs
302 1522 77 27 banan,
402 1522 82 22 hvilket
501 1523 47 22 icke
563 1530 39 16 var
616 1522 86 29 färdigt,
719 1524 28 22 dä
761 1523 235 29 finansexpeditionens
