1073 1723
193 110 56 33 1049
522 111 43 19 Den
572 112 27 18 .20
611 111 46 23 Maj.

161 177 89 27 gärder,
267 183 49 19 som
333 176 51 23 med
400 178 114 26 desamma
530 177 103 23 dörafses.
663 177 62 24 Dock
736 177 44 24 det
790 177 128 23 ankommer
927 176 56 23 icke

165 205 30 27 på
216 206 49 27 mig,
283 211 51 17 sem
345 205 71 25 redan
427 206 127 26 medverkat
569 206 32 23 till
611 206 67 22 detta
687 202 147 29 betänkande,
846 206 39 21 .att
894 201 45 26 här
952 204 31 22 vi-

166 234 52 22 dare
230 234 99 27 vutlägga
342 233 36 28 på
393 233 95 29 förhand
505 234 71 23 dessa
593 234 142 28 synpunkter.
761 234 68 23 :Hwad
844 234 43 28 jag
904 225 83 63 tilldter

166 262 44 27 mig
222 262 36 23 .för
272 262 47 23 min
330 262 42 23 .del
382 261 122 26 -framställa
514 263 75 23 såsom
599 264 38 20 -ott
648 262 95 24 resultat
753 261 51 23 utaf
817 262 63 23 detta
895 267 89 22 gransk-

165 291 146 27 ningsarbete,
332 293 32 25 är,
381 293 38 20 att
441 292 38 21 det
493 298 63 21 synes
567 292 46 27 mig
622 297 53 17 som
684 297 39 18 om
735 291 95 27 verkligt
844 297 56 21 gagn
915 288 72 24 skulle

166 320 75 22 vinnas
257 320 69 27 deraf,
346 321 33 21 att
393 320 118 25 revisionen
531 320 23 22 af
564 322 86 21 statens
662 320 92 23 bokslut
762 319 75 26 hlefve
845 319 139 28 annerlunda

168 349 57 21 stäld
240 351 27 19 än
283 348 141 23 härförinnan.
440 349 46 21 Den
501 349 99 25 revision,
611 354 46 17 som
666 348 35 22 vid
711 348 204 23 revisionskontoret
922 348 61 21 verk-

167 378 70 26 stälts,
260 380 25 19 är
305 377 88 22 framför
414 378 39 21 allt
468 378 68 26 egnad
551 377 23 22 åt
590 377 95 27 detäljer,
701 377 23 21 åt
739 377 27 21 de
781 377 106 21 särskilda
900 376 84 22 redovi-

167 411 75 17 sarnes
265 406 81 25 arbete,
364 406 85 21 :mindre
473 406 96 22 deremot
589 406 23 21 ät
623 405 182 22 konstaterandet
814 405 28 22 af
851 405 53 23 hela
918 406 68 20 stats-

166 434 123 24 bokslutets
301 433 106 28 riktighet
416 434 46 22 .och
471 434 64 23 reda.
563 434 44 21 Det
615 439 69 22 synes
693 440 52 17 som
758 439 37 17 om
807 431 119 25 .det.skulle
939 435 49 20 sär-

167 463 66 24 skildt
245 463 63 22 äfven
317 463 39 22 för
366 462 249 28 kammarexpeditionen
625 462 69 21 :ställa
702 462 37 28 sig
745 463 161 27 tryggare,-om,
918 461 68 23 sedan

165 491 109 22 böckerna
289 493 37 20 äro
342 491 106 22 afslutade
464 497 25 16 en
504 491 93 22 revision
613 490 22 22 af
648 490 75 28 sjelfva
739 486 109 37 bokslutet
857 486 61 37 :egde
930 497 54 20 rum,

166 519 113 24 hvaröfver
293 520 132 22 berättelsen
437 520 73 27 skulle
520 520 37 21 till
566 519 112 28 :styselsen
688 519 103 28 afgifvas;
804 519 47 23 .ooh
860 525 40 17 .om
916 519 70 22 denna

166 549 119 23 berättelse
299 549 70 22 blifvit
389 549 32 21 till
434 549 123 27 ständerna
569 548 104 27 afgifven,
689 548 69 23 skulle
773 546 121 29 säkerligen
903 554 33 20 en
945 548 41 22 del

167 577 23 23 af
202 577 179 24 -statsutskotteis
396 577 108 28 uppgifter
512 577 134 22 härutinnan
661 577 101 27 antingen
767 572 112 37 bortfalla,
891 572 49 37 eller
949 576 36 22 ät-

165 606 108 24 minstone
283 606 69 22 ställa
367 606 32 27 sig
415 606 86 23 enklare
516 606 32 21 till
560 612 59 21 gagn
629 605 37 22 för
681 606 27 22 de
723 605 68 28 öfriga
800 606 100 26 arbeten,
916 611 47 17 som
969 605 19 22 &

166 635 165 24 statsntskottet
345 635 120 22 ankomma.
494 635 51 21 Med
560 635 41 22 den
610 635 104 26 revision,
726 635 39 27 jag
777 634 208 28 -hade
846 630 50 37 äran
908 634 77 28 åsyfta,

166 664 40 22 bör
214 664 53 23 icke
279 663 82 23 förstås
376 664 125 25 detsamma,
518 669 46 16 som
575 669 31 16 en
621 663 147 22 statsrevision
778 663 7 21 i
800 663 89 27 politisk
898 663 86 28 mening,

166 692 86 22 hvilken
274 692 135 27 :naturligtvis
426 692 72 22 borde
520 692 84 22 utöfvas
619 691 23 22 af
655 692 111 27 revisorer,
778 692 97 22 utsedda
884 691 29 23 ;af
926 693 58 20 stän-

167 721 73 22 derna.
267 721 69 23 Detta
350 723 25 20 är
385 727 31 15 en
435 721 67 26 fråga,
522 727 47 16 som
578 728 3 14 i
601 720 37 22 sin
649 720 35 21 tid
700 721 61 22 torde
772 720 140 28 uppkomma,
937 720 49 24 Det

165 752 26 19 är
201 750 60 21 :dook
269 756 34 16 -en
313 749 92 28 politisk
420 749 155 27 :statsrevision,
588 755 49 16 som
653 749 13 21 &
679 749 165 22 statsutskottet
854 749 130 27 ankommer,

166 778 28 23 dä
217 779 36 22 det
270 777 51 25 hait
343 780 33 20 att
396 779 59 27 yttra
473 778 33 28 sig
521 784 34 16 om
569 777 219 28 finansrelationerma,
801 784 51 16 men
867 779 61 21 detta
937 779 49 26 ytt-

165 807 68 23 rande
243 807 74 24 skulle
332 807 64 22 winna
410 807 7 21 i
426 807 88 27 stadga,
534 813 34 16 om
583 807 33 21 till
634 807 105 26 grundval
750 806 37 23 för
801 807 121 22 detsamma
930 807 56 27 läge

165 836 68 28 ärliga
243 836 134 23 berättelser
391 835 24 23 af
428 837 85 21 statens
524 836 99 22 bokslut.
652 835 41 28 Jag
711 835 40 22 har
763 835 58 28 tagit
839 836 38 27 mig
892 835 93 23 friheten

166 868 33 20 att
215 866 75 24 uttala
312 865 69 22 denna
403 865 57 27 åsigt
474 864 33 22 för
527 872 54 20 egen
592 864 94 28 räkning
700 865 41 21 och
756 865 108 22 måhända
876 864 57 22 skall
948 864 38 22 det

165 894 110 23 föranleda
284 894 38 23 till
336 896 33 20 att
379 894 75 23 denna
469 894 56 27 äsigt
540 894 41 22 blir
595 893 89 23 föremål
696 893 37 22 för
739 894 75 23 vidare
824 894 162 27 begrundande,

165 930 48 16 men
227 924 38 26 jag
273 929 70 16 anser
358 923 43 27 mig
415 923 48 22 icke
473 929 45 20 .ega
528 922 41 27 fog
583 924 34 20 att
625 922 121 22 formulera
760 922 124 23 densamma
898 922 34 22 till
945 922 39 22 nä-

165 954 38 25 got
213 951 90 28 förslag.

227 980 62 24 Herr
300 980 187 27 Montgomery:
503 980 32 21 En
544 979 29 22 af
587 979 26 22 de
624 980 61 26 goda
694 979 112 22 frukterna
816 979 57 23 af-en
880 979 105 28 lojal.och

165 1009 29 28 pä
211 1008 118 25 :befordran
351 1008 22 22 af
393 1009 54 22 reda
466 1008 40 22 och
530 1008 169 27 öfversigtlighet
712 1008 9 21 i
731 1007 168 28 finansväsende
909 1008 78 26 riktad

165 1038 133 26 samverkan,
312 1043 47 16 som
375 1037 68 22 under
457 1037 130 27 landtdagen
598 1043 55 21 ;eger
664 1043 51 15 rum
734 1037 89 22 emellan
835 1036 149 28 dinansstyrel-

165 1073 38 17 sen
212 1067 47 23 «och
270 1066 131 22 :ständernas
417 1065 146 27 statsutskott,
575 1068 29 19 jär
613 1067 57 20 utan
681 1065 78 22 tvifvel
775 1065 26 22 .de
812 1065 108 27 framsteg
934 1065 6 21 i
952 1065 33 22 af-

164 1095 80 24 säende
261 1095 19 23 &
297 1094 156 27 bokföringens
475 1094 171 27 -Afversigtlighet
659 1093 44 22 .och
715 1094 55 22 dess
784 1094 151 27 begriplighet,
947 1095 40 20 att

162 1124 38 27 jag
215 1124 25 21 så
249 1123 40 25 mä
299 1125 58 25 säga
371 1123 33 21 för
413 1123 61 26 dem,
484 1128 52 16 som
549 1123 52 22 icke
616 1125 37 19 äro
669 1122 90 27 specielt
769 1122 115 24 initierade
895 1123 7 21 i
911 1123 73 21 .stats-

164 1152 179 27 räkenskaperna,
364 1158 48 15 som
429 1157 91 18 mumera
537 1153 42 26 egt
594 1157 57 16 rum.
682 1151 46 21 Det
740 1148 40 25 var
795 1151 7 21 i
812 1151 81 27 själfva
905 1151 78 22 verket

164 1181 48 22 icke
223 1181 74 27 mägon
308 1181 45 21 lätt
364 1181 49 25 sak,
423 1187 40 16 .om
473 1186 53 15 :man
541 1180 77 22 tänker
627 1179 39 27 .sig
676 1179 89 23 tillbaka
773 1179 33 22 till
813 1179 51 22 icke
874 1179 110 28 såmånga

163 1209 222 28 landtdagsperioder,
397 1208 37 23 för
449 1209 47 26 den,
510 1214 49 16 som
573 1209 56 21 hade
644 1210 33 19 att
687 1208 18 21 å
719 1208 127 22 ständernas
852 1208 130 27 vägnar:ini-

164 1239 55 22 tiera
237 1239 42 26 sig,
297 1239 37 20 att
351 1238 48 21 leta
417 1237 38 27 sig
467 1237 57 22 fram
534 1237 13 22 i
562 1237 27 22 de
601 1237 144 22 summariska
760 1237 40 21 och
811 1236 173 23 hufvndräknin-

163 1273 72 20 gerna.
262 1267 46 21 Det
319 1272 40 14 war
375 1271 26 15 en
413 1266 100 25 labyrint,
529 1265 87 22 hvilken
625 1265 77 20 såsom
711 1265 75 26 .sagdt,
800 1265 64 21 äfven
877 1265 34 22 för
920 1265 62 24 dem,

165 1299 46 18 som
227 1294 57 27 :eljes
301 1293 53 22 icke
375 1299 51 15 voro
446 1293 134 23 främmande
598 1292 37 24 för
644 1292 206 27 bokföringsfrågor,
862 1292 59 21 hade
931 1292 53 25 sing

164 1323 61 23 stora
239 1321 139 29 avänigheter,
389 1321 45 21 och
443 1320 67 24 detta
521 1327 41 15 var
570 1319 141 28 naturligtvis
727 1326 28 15 en
767 1322 49 20 stor
827 1318 158 29 olägenhet
950 1314 37 40 för

164 1351 74 27 hvarje
253 1350 182 27 representation,
458 1349 28 21 då
501 1349 46 22 deri
563 1349 77 23 endast
650 1349 53 27 ingå
718 1349 14 22 å
746 1348 78 23 folkets
833 1351 86 25 vägnar
927 1355 55 21 per-

163 1385 72 20 soner,
246 1384 51 18 som
308 1379 51 22 icke
371 1378 75 22 kunna
457 1377 66 23 hafva
534 1377 150 28 -specialinsigt
699 1378 49 22 i.en
761 1377 44 22 viss
812 1378 75 23 metod
895 1373 35 37 att
936 1377 48 23 föra

163 1408 152 27 räkenskaper.
345 1407 41 22 Till
397 1407 68 23 dessa
480 1407 138 28 olägenheter
628 1406 67 23 hörde
702 1406 70 23 också
783 1406 63 23 bland
855 1407 75 23 andra.
933 1402 50 37 den,

165 1439 34 21 att
212 1437 145 27 afslutningen
374 1436 23 24 af.
412 1436 175 28 räkenskaperna
599 1436 49 23 icke
658 1435 59 28 :egde
727 1442 52 16 rum
789 1435 37 23 för
835 1442 32 17 en
881 1435 39 27 tid,
934 1441 48 17 som

162 1467 53 23 stod
229 1466 130 27 granskarne
370 1467 63 22 nära.
461 1464 10 22 I
487 1464 60 23 detta
558 1464 105 24 afseende
674 1464 43 23 har
732 1466 33 20 ett
773 1466 62 21 stort
849 1460 49 37 steg
904 1460 78 37 framåt

163 1495 70 23 blifvit
248 1497 66 25 taget,
327 1494 62 22 öfver
397 1494 87 24 hvilket
495 1494 38 27 jag
547 1493 34 23 för
595 1494 43 22 min
653 1494 35 21 del
699 1494 42 21 ber
751 1493 22 23 få
776 1493 206 27 uttala
862 1489 37 37 min
910 1493 72 27 glädje

159 1516 43 38 och
219 1516 45 38 som
279 1523 138 23 konstateras
434 1522 71 22 under
520 1522 73 28 punkt
606 1524 12 20 1
634 1522 30 28 pä
678 1522 39 23 sid.
728 1523 19 20 '2
759 1522 93 22 sålunda
866 1522 115 27 nämligen,
