1073 1725
420 106 42 19 Den
474 108 22 17 30
501 107 52 23 Maj.
817 111 56 19 1319

84 170 108 29 färdande:
200 171 72 22 blifvit
285 172 81 22 sönade
385 172 53 22 eller
456 173 115 27 öfvergifna
586 174 69 22 skulle
669 173 84 23 tillfalla
765 174 136 28 jordegaren,

84 202 22 25 ty
116 201 91 26 -äästan
229 200 47 22 alla:
288 200 53 23 våra:
355 201 86 27 grufvor
455 204 40 20 äro:
507 202 81 22 sönade
603 202 53 22 eller
669 202 123 28 öfvergifna,
808 204 40 21 och
864 203 38 22 det

85 230 24 20 är
123 228 61 22 svårt
198 230 33 20 att
244 230 80 26 afgöra,
337 229 74 23 hvilka
425 236 45 16 som
485 231 49 22 icke
549 234 36 18 äro
602 232 42 20 det.
660 231 43 22 Det
717 234 25 19 är
755 232 103 26 riktigare
869 234 34 19 att

84 257 120 21 bestämma
225 259 34 20 att
273 258 60 22 detta
350 258 71 22 skulle
436 260 56 26 gälla
506 260 78 21 endast
598 260 27 20 de
640 259 92 28 grufvor,
747 260 72 21 hvilka
833 260 69 22 blifvit

85 285 140 22 ödelemnade
240 286 55 22 efter
309 286 70 22 denna
392 286 137 28 författnings
545 288 134 22 utfärdande.

152 314 67 27 Ingen
234 321 68 15 annan
318 315 24 21 af
354 316 97 21 ståndets
462 316 138 22 medlemmar
610 316 95 22 önskade
713 316 74 22 vidare
795 318 57 26 yttra
862 317 41 27 sig,

84 344 52 20 utan
152 343 125 27 godkändes
292 344 14 26 8
321 345 13 20 2
350 344 134 22 oförändrad.

152 372 65 21 Emot
231 372 61 22 detta
306 372 72 22 beslut
391 374 137 22 reserverade
545 374 32 26 sig
592 374 50 22 herr
656 374 156 27 Furuhjelm.

152 400 35 22 Då
202 401 93 21 derefter
309 401 11 27 &
335 403 11 19 3
362 401 118 28 föredrogs,
496 402 58 27 afgaf
743 426 10 4 W

152 429 89 22 friherre
256 430 98 22 Linder
372 430 93 28 följande
483 431 106 27 skriftliga
603 430 110 28 yttrande:
738 431 68 21 Äfven
820 431 8 21 i
842 430 62 28 fråga

84 464 35 16 om
141 458 66 22 uthus
229 458 49 27 läge
296 458 125 23 instämmer
432 460 38 27 jag
484 460 50 22 med
548 460 50 21 herr
612 460 135 27 Furuhjelms
762 460 142 22 reservation.

84 487 37 21 Uti
144 489 33 19 ett
190 486 80 28 förslag
285 487 32 22 till
332 487 124 28 förordning
471 495 34 15 om
520 488 92 28 grufvor,
629 489 6 21 i
651 488 24 22 är
689 489 7 21 i
711 489 81 26 Sverge
808 488 94 27 afgifvet,

84 516 46 21 stär
146 516 36 22 det
197 516 71 21 äfven:
289 516 52 22 eller
355 523 68 15 annan
439 517 35 21 vid
490 518 52 27 gärd
557 518 53 21 eller
624 518 78 21 bostad
717 517 91 27 uppförd
824 517 80 27 äbygg-

84 544 55 22 nad*
156 544 40 22 och
212 545 18 27 ej
248 545 59 25 ,frän
322 545 87 27 uthus*,
425 548 22 25 ty
462 549 32 19 ett
510 546 77 22 sädant
602 546 43 22 kan
661 546 44 22 ofta
719 552 44 21 nog
778 546 23 21 af
814 552 26 15 en
851 546 54 22 eller

85 580 69 15 annan
170 574 74 21 orsaks
260 574 56 21 skull
330 574 102 27 uppföras
448 577 77 20 nästan
540 576 52 21 hvar
607 581 46 16 som
667 575 58 22 hälst
739 575 29 27 pä
778 581 85 21 egorna,
873 574 31 22 af-

85 602 64 27 sides,
165 602 60 27 längt
238 602 47 22 frän
300 603 59 26 gärd.

160 631 56 22 Herr
237 631 161 28 Furuhjelm,
417 632 105 28 Hjaimar:
547 633 42 26 Jag
604 632 69 22 skulle
689 632 123 27 ödmjukast
828 632 76 22 endast

84 660 51 27 vilja
149 659 111 22 framhälla
274 660 44 21 min
334 660 56 27 äsigt
405 663 33 19 att
448 662 62 21 ordet
519 661 65 22 uthus
592 661 49 22 icke
651 661 115 22 innefattar
774 661 42 22 alla
824 661 80 28 äbygg-

84 689 67 22 nader
166 695 46 15 som
227 689 131 22 förekomma
372 689 28 27 pä
416 695 26 16 en
456 690 171 27 landtegendom.

152 717 56 22 Herr
222 717 136 27 Hisinger,
374 718 92 21 Robert:
482 719 42 26 Jag
538 719 36 20 vill
589 719 56 21 blott
660 718 85 21 anmäla
760 720 33 19 att
809 718 37 21 det
854 718 50 21 icke

83 746 57 21 varit
154 746 108 21 utskottet
277 747 94 20 obekant
386 748 31 20 att
436 747 7 20 i
458 747 92 21 svenska
564 747 162 27 lagstiftningen
741 745 68 23 finnes
825 753 26 14 en
867 753 37 14 an-

83 781 41 15 nan
147 775 82 26 lydelse
250 775 22 20 af
284 775 14 26 &
314 775 41 21 och
370 777 33 19 att
417 776 109 27 uttrycket
543 775 136 28 ,äbyggnad*
697 775 62 22 äfven
774 776 7 20 i
796 775 108 21 utskottet

84 809 37 15 var
136 803 156 22 underkastadt
307 804 129 25 diskussion,
452 811 48 14 men
515 805 20 21 vi
546 804 62 21 hafva
618 810 76 21 genom
703 804 132 25 omröstning
843 804 60 21 kom-

83 832 39 21 mit
137 832 32 21 till
184 834 33 19 att
232 833 60 20 detta
305 833 87 26 uttryck
407 833 55 20 dock
478 839 50 15 vore
544 833 37 21 det
595 835 102 24 rättaste;
713 833 20 20 vi
748 833 64 20 hafva
822 839 82 14 samma

83 861 86 27 uttryck
185 861 7 21 i
208 861 106 27 åtskilliga
332 861 66 21 andra
412 861 151 27 författningar
579 861 39 23 och
634 867 48 16 man
697 861 62 22 torde
775 861 72 21 kunna
861 861 43 21 för-

84 890 34 20 stä
132 890 113 26 meningen
264 890 49 20 med
333 890 100 26 bonings-
449 890 39 21 och
504 891 72 22 uthus,
592 890 25 21 sä
632 892 32 19 att
676 890 38 26 jag
729 890 69 21 skulle
813 889 33 22 för
860 890 44 20 min

84 918 34 21 del
140 917 80 22 föreslä
242 920 32 19 att
293 918 102 27 lydelsen,
412 918 68 22 sädan
496 919 40 21 den
553 921 23 19 är
590 918 121 28 föreslagen
726 919 7 21 i
749 918 155 26 betänkandet,

83 946 70 22 skulle
168 946 98 22 förblifva
280 947 155 22 beständande.

151 976 11 20 I
184 976 94 26 enlighet
292 976 49 21 med
361 982 25 15 en
402 976 23 21 af
438 976 50 21 herr
502 976 205 22 Landtmarskalken
723 976 32 21 till
771 976 87 21 ständet
873 975 31 21 af-

82 1004 59 22 låten
156 1004 134 27 proposition
304 1004 114 27 godkände
434 1004 88 22 ståndet
543 1008 5 19 1
565 1011 62 15 mom.
644 1004 23 22 af
679 1004 12 28 $
707 1007 11 19 3
735 1004 143 22 oförändradt.

150 1032 79 22 Likasä
244 1033 89 27 gillades
349 1033 27 22 de
391 1034 137 21 äterstäende
539 1040 84 16 momm.
634 1033 70 21 2—4
693 1028 11 38 i
711 1032 127 28 paragrafen
846 1032 56 22 oför-

82 1062 101 28 ändrade.

150 1090 67 21 Afven
234 1090 10 27 $
260 1092 13 19 4
289 1090 89 27 gillades
393 1092 53 20 utan
462 1091 146 27 anmärkning.

149 1119 168 21 Vidkommande
332 1120 14 25 $
361 1121 12 19 5
389 1120 99 26 uppläste
735 1143 10 4 W

156 1147 89 22 friherre
260 1147 96 22 Linder
370 1147 94 29 följande
480 1148 105 27 skriftliga
600 1148 106 27 yttrande:
731 1148 67 21 Afven
811 1147 37 28 jag
864 1147 37 22 de-

80 1176 33 21 lar
128 1176 50 21 herr
192 1176 134 27 Furuhjelms
341 1177 57 26 äsigt
414 1177 73 21 derom
502 1179 33 20 att
550 1177 280 26 bestämningarna
742 1172 12 36 i
766 1172 60 36 denna
838 1183 62 20 para-

80 1204 48 27 graf
148 1205 71 21 kunde
242 1205 52 26 utgä
316 1205 46 21 helt
381 1205 40 21 och
436 1205 74 27 hället,
526 1206 41 21 och
582 1206 53 21 böra
650 1207 53 25 göra
718 1205 42 26 det,
777 1205 33 20 till
825 1205 75 21 undvi-

80 1233 72 22 kande
167 1233 23 21 af
202 1233 156 28 förvecklingar
373 1234 40 21 och
428 1234 84 21 tvister.

155 1262 56 21 Herr
225 1262 133 27 Hisinger,
374 1263 93 21 Robert:
484 1263 41 26 Jag
540 1263 69 21 skulle
624 1263 61 21 rösta
699 1261 32 22 för
746 1263 54 25 att
789 1257 10 37 $
809 1264 11 19 5
830 1261 70 22 skulle

79 1290 23 22 få
116 1291 94 27 gvarstä.
240 1291 43 21 Det
296 1291 40 21 har
350 1291 126 22 framhållits
492 1293 33 20 att
539 1292 37 21 det
585 1291 68 22 finnes
664 1291 7 20 i
678 1291 48 22 vårt
733 1291 49 21 land
790 1290 26 21 sä
822 1290 78 27 många

80 1319 96 28 aflägsna
197 1319 82 28 bygder
298 1322 32 19 att
352 1320 42 21 den
414 1326 46 15 som
476 1321 83 21 kunnat
573 1320 56 21 hitta
643 1319 29 28 pä
687 1325 26 16 en
728 1319 172 27 mineralfyndig-

79 1348 39 21 het
132 1348 82 21 kanske
229 1348 47 21 icke
292 1355 50 14 vore
357 1349 7 20 i
380 1348 83 21 tillfälle
479 1351 33 18 att
526 1349 40 20 hos
581 1348 171 26 bergsstyrelsen
767 1354 76 19 genom
854 1347 49 20 bref

80 1376 52 21 eller
153 1376 171 27 korrespondens
347 1377 52 26 göra
414 1376 27 21 de
460 1377 134 26 rättigheter,
610 1375 85 22 hvartill
710 1376 70 21 denna
795 1375 105 26 upptäckt

80 1404 70 21 skulle
172 1404 107 27 berättiga
294 1404 78 21 honom
386 1404 106 27 gällande,
508 1404 86 21 hvarför
608 1410 50 15 man
673 1403 39 22 har
725 1402 60 23 velat
799 1403 8 21 i
822 1403 78 21 sädant

78 1432 38 23 fall
130 1433 85 22 bereda:
225 1433 79 22 honom
320 1433 41 22 den
376 1433 90 26 lättnad,
483 1435 33 19 att
530 1433 41 21 han
587 1433 72 21 kunde
667 1432 39 21 hos
714 1431 146 28 kronofogden
870 1431 30 22 el-

79 1462 32 22 ler
125 1462 140 22 Jänsmannen
280 1462 74 22 bevisa
369 1462 32 22 sin
416 1461 120 28 fyndighet;
560 1461 37 22 det
611 1463 25 20 är
651 1461 72 22 derför
737 1467 46 16 som
797 1467 103 21 paragra-

79 1490 35 23 fen
129 1491 7 22 i
152 1491 95 27 enlighet
261 1491 49 22 med
324 1491 78 28 nädiga
416 1491 173 28 propositionens
597 1490 82 28 lydelse
690 1492 83 20 ansetts
784 1489 23 22 af
815 1489 85 22 utskot-

79 1522 33 21 tet
125 1521 54 22 böra
194 1521 93 27 gvarstä.
