1084 1720
204 113 54 20 1432
534 111 43 18 Den
589 111 9 17 3
611 110 49 18 Juni.

174 177 48 20 åtta
237 176 65 27 språk
316 176 34 21 för
365 177 33 20 att
412 175 72 22 kunna
499 177 53 25 göra
567 176 93 27 anspråk
670 176 29 27 på
710 177 33 20 att
751 175 107 28 uppträda
866 176 72 21 såsom
947 175 49 21 fullt

174 205 85 21 bildadt
274 205 49 21 med
338 204 47 21 sina
400 203 90 22 främsta
504 206 182 25 representanter.
717 205 42 20 Det
770 206 23 19 är
803 204 85 21 således
897 203 99 26 ofantligt

175 236 60 18 stora
256 233 142 26 svårigheter,
421 239 47 14 som
490 239 50 14 man
559 233 39 20 har
620 234 32 19 att
667 232 124 22 öfvervinna
805 232 33 21 för
853 234 34 19 att
901 231 40 22 hos
960 238 35 15 oss

174 261 66 22 ställa
256 261 228 26 skolundervisningen
500 261 30 26 så,
547 263 32 20 att
590 267 52 15 man
658 263 59 19 utom
725 261 66 27 språk
800 261 33 21 lär
843 261 33 26 sig
885 261 66 26 något
960 267 37 14 an-

173 292 46 23 nat,
245 290 39 21 och
300 289 66 27 språk
386 290 36 21 äro
438 289 34 22 väl
489 289 55 22 dock
560 291 77 20 endast
652 290 70 21 medel
737 289 33 22 för
785 291 33 20 att
833 289 95 22 inhemta
943 289 54 22 kun-

173 319 86 26 skaper,
276 319 68 20 sedan
360 318 92 21 återstår
468 320 56 19 ännu
539 318 50 22 hela
605 319 36 20 det
656 320 59 19 stora
730 318 78 22 måttet
823 317 23 22 af
855 318 142 27 vetenskaper

174 354 48 15 som
239 347 61 21 skola
315 346 85 21 inläras.
416 347 38 20 Att
470 347 85 21 således
571 347 103 26 ofantliga
689 347 133 26 svårigheter
837 349 58 19 möta
911 347 87 21 attlösa

175 375 76 28 frågan
266 375 29 27 på
310 377 33 20 ett
358 375 198 22 tillfredsställande
572 378 50 25 sätt,
639 377 45 20 tror
696 376 38 27 jag
749 375 80 22 enhvar
843 376 67 21 borde
921 376 76 21 erkän-

176 411 34 15 na.
240 404 72 26 Några
327 403 64 22 hafva
405 403 85 22 försökt
506 406 32 19 att
553 406 53 25 göra
621 405 37 20 det
673 411 75 19 genom
765 410 25 15 en
807 404 131 27 småningom
946 403 52 22 fort-

174 432 84 27 gående
274 432 170 27 reorganisation
464 432 47 21 utaf
526 433 41 20 den
581 433 118 21 bestående
715 433 123 26 ordningen,
855 433 66 21 andra
935 432 64 21 hafva

176 461 113 26 föreslagit
304 467 26 14 en
346 460 82 27 ganska
443 461 82 21 radikal
541 461 90 27 lösning,
648 461 68 21 sådan
731 467 46 15 som
793 461 108 21 utskottet
915 467 29 15 nu
959 461 40 21 här

177 490 96 20 föreslår.
303 489 43 27 Jag
360 489 70 21 måste
446 491 58 25 säga,
522 491 33 19 att
567 490 37 26 jag
619 489 33 22 för
667 490 43 20 min
725 490 35 20 del
768 490 64 26 hyser
842 492 59 19 stora
908 489 90 22 betänk-

177 518 92 26 ligheter
284 520 34 18 att
333 520 52 18 utan
405 518 73 20 vidare
494 518 114 26 godkänna
624 520 31 19 ett
671 518 78 21 sådant
764 518 80 26 förslag
859 518 40 21 oöh
916 520 32 19 att
964 524 34 15 om

175 548 38 26 jag
229 547 66 21 också
310 546 116 27 ingalunda
442 546 35 21 vill
492 546 100 26 förklara,
613 549 33 19 att
661 547 41 21 den
717 547 132 21 närvarande
865 547 133 25 skolorgani-

178 575 96 21 sationen
299 577 23 19 är
344 574 120 27 förträfflig,
480 577 51 19 utan
548 582 66 19 gerna
629 575 116 26 medgifver
760 577 33 19 att
809 576 40 20 den
865 576 32 20 till
911 575 52 27 följd
978 575 22 21 af

178 604 28 21 de
222 604 99 27 anspråk,
338 609 46 15 som
399 604 73 21 ställas
488 604 29 26 på
531 603 122 22 inlärandet
668 604 23 21 af
708 604 36 21 det
759 603 69 22 finska
843 604 89 26 språket
947 604 50 21 tarf-

178 639 38 14 var
231 639 26 14 en
272 632 176 27 reorganisation,
466 633 24 20 så
505 633 80 21 tillåter
600 633 43 25 mig
659 633 41 21 min
717 633 141 27 öfvertygelse
873 633 48 21 icke
931 634 66 20 attnu

180 661 54 27 yrka
248 661 27 26 på
292 667 25 14 en
333 661 24 20 så
372 661 83 20 radikal
470 661 84 26 reform,
571 667 46 15 som
633 661 41 21 den
685 661 39 21 här
733 661 128 27 föreslagna.

246 689 55 22 Herr
311 689 195 27 Pippingsköld:
517 689 42 27 Jag
569 690 38 21 ber
615 690 20 21 få
644 690 89 27 tillägga
741 691 66 26 några
815 690 38 21 ord
859 689 49 22 med
917 690 81 27 hänsyn

177 718 33 21 till
222 718 44 21 desä
274 718 81 21 kallade
362 717 104 22 afslutade
477 718 104 22 kurserna
589 719 28 26 pä
626 719 25 20 de
659 720 32 19 tre
705 719 68 21 första
781 719 117 21 klasserna.
910 719 43 21 Det
960 719 39 20 har

177 747 40 21 här
232 746 68 21 blifvit
316 746 88 27 yttradt,
420 749 32 19 att
468 753 26 15 en
502 747 66 21 sådan
577 747 117 27 atslutning
701 753 51 16 vore
761 748 88 26 ogörlig.
864 748 44 21 Det
916 749 24 20 är
947 748 53 26 möj-

176 776 47 25 ligt,
235 777 32 19 att
282 775 41 21 den
339 775 39 21 har
393 775 33 21 sin
441 776 109 26 svärighet
565 776 40 21 och
617 778 32 19 att
659 782 27 15 en
696 775 68 22 fördel
772 782 50 15 vore
831 783 34 14 om
873 777 126 20 bottensko-

177 804 62 21 lorna
254 803 116 22 omfattade
386 803 46 28 fyra
446 804 84 22 klasser
544 805 6 21 i
560 805 73 21 stället
640 805 33 21 för
681 807 39 24 tre,
729 811 48 15 men
786 805 77 21 sådant
870 805 69 21 måste
948 805 51 21 lem-

177 839 39 15 nas
228 833 23 20 ät
266 832 113 22 framtiden
394 835 33 19 att
438 833 84 27 afgöra;
538 840 48 15 men
595 834 65 21 redan
669 840 28 15 nu
708 833 89 22 afslutas
809 834 28 27 pä
845 834 63 21 dessa
917 834 83 21 klasser

178 861 140 25 vissakurser,
324 862 25 20 sä
356 863 16 19 t.
382 867 30 15 ex.
422 862 295 26 elementarundervisningen
717 857 12 36 i
740 862 96 27 religion,
849 862 45 22 hela
903 857 97 36 arithme-

178 890 68 26 tiken,
263 890 72 21 vidare
351 890 105 26 geografi;
473 890 40 22 och
528 891 146 21 betänkandet
688 890 83 22 fordrar
779 891 48 21 icke
835 891 74 27 häller,
919 893 32 19 att
959 891 42 21 alla

179 919 77 21 kurser
278 918 62 21 skola
363 924 51 15 vara
436 918 136 28 fullständigt
591 919 112 26 afslutade,
720 921 51 20 utan
787 920 61 21 heter
864 920 37 22 det
917 920 84 26 ,sävidt

180 947 80 27 görligt
275 947 126 21 afslutade.*
434 948 113 26 Meningen
563 950 24 19 är
603 950 32 19 att
650 948 79 22 sträfva
741 948 77 26 dertill,
830 950 32 20 att
872 948 7 22 i
889 948 25 22 sä
924 948 78 27 mänga

178 975 121 27 riktningar
322 982 46 14 som
390 976 85 26 möjligt
493 976 21 22 fä
535 976 106 22 afslutade
657 977 76 21 kurser
748 977 28 27 pä
791 977 36 21 det
842 979 33 19 att
891 978 40 20 den
948 978 52 25 elev,

179 1010 48 15 som
243 1004 89 26 tidigare
348 1004 69 22 mäste
433 1004 63 27 skilja
514 1005 35 27 sig
561 1005 47 21 frän
624 1006 81 24 skolan,
721 1006 35 21 mä
771 1006 82 21 erhälla
869 1008 32 19 ett
916 1006 55 21 mätt
981 1006 22 21 af

179 1032 130 28 kunskaper,
326 1039 46 15 som
388 1035 24 19 är
425 1032 33 22 för
473 1033 59 22 lifvet
547 1034 134 21 användbart
697 1034 70 22 direkt
782 1034 40 22 och
837 1035 47 24 icke
900 1034 56 22 blott
969 1035 32 21 in-

180 1062 77 25 direkt,
281 1062 72 20 säsom
373 1063 32 19 ett
427 1062 48 21 litet
494 1062 55 21 mätt
565 1062 22 22 af
601 1063 58 25 latin,
676 1063 81 21 hvilket
772 1063 62 27 följer
849 1064 78 20 honom
943 1070 59 14 mera

180 1096 47 15 som
243 1096 25 15 en
284 1090 88 21 barlast.
404 1089 46 22 Och
465 1091 61 21 detta
541 1091 59 21 antal
615 1091 76 26 elever,
708 1098 46 15 som
770 1092 73 26 skiljer
854 1092 33 26 sig
897 1092 46 21 frän
952 1092 49 21 sko-

179 1118 37 21 lan
231 1120 30 24 är,
278 1118 72 21 säsom
365 1118 86 25 bekant,
468 1119 99 21 abnormt
582 1121 61 24 stort,
660 1122 52 19 nära
727 1126 42 20 nog
777 1120 81 21 hälften
870 1120 23 21 af
899 1120 48 21 dem
956 1126 46 16 som

179 1147 8 20 i
203 1146 76 22 skolan
294 1147 92 26 intagas,
403 1147 73 27 skiljer
492 1148 32 26 sig
540 1148 93 21 derifrän
648 1150 64 19 Innan
728 1149 41 21 den
780 1150 125 26 genomgått
915 1149 86 21 kursen.

181 1175 41 21 Om
245 1175 97 21 deremot
364 1175 34 25 de,
420 1175 72 21 hvilka
515 1175 23 22 af
551 1178 33 19 ett
599 1176 52 22 eller
666 1178 65 20 annat
745 1177 48 21 skäl
809 1179 36 19 äro
861 1180 94 24 tvungna
971 1179 32 19 att

180 1202 56 28 afgä,
252 1209 77 20 genom
350 1210 26 14 en
396 1204 138 21 bottenskola
553 1206 69 20 sättes
638 1205 7 20 i
661 1204 83 22 tillfälle
760 1207 33 19 att
807 1205 21 21 få
842 1206 70 26 någon
928 1206 75 21 afslut-

180 1232 51 26 ning
247 1230 22 22 af
284 1231 46 21 sina
346 1231 88 26 studier,
451 1232 25 21 sä
490 1232 70 22 skulle
577 1233 26 21 de
617 1232 64 22 flesta
695 1233 80 22 sträfva
784 1235 33 20 att
826 1240 90 20 passera
927 1234 76 21 ätmin-

180 1261 64 19 stone
266 1260 65 20 dessa
352 1261 34 19 tre
406 1260 89 26 klasser,
511 1261 138 26 hvarigenom
665 1262 84 21 således
766 1264 32 18 ett
813 1263 76 25 vigtigt
904 1262 99 21 ändamål

179 1293 83 14 vunnes
277 1286 34 21 för
326 1287 26 20 de
372 1287 82 21 mindre
474 1288 99 26 lyckliga,
593 1295 45 14 som
655 1290 79 20 endera
749 1290 108 25 misstagit
872 1290 33 26 sig
921 1296 34 15 om
971 1291 32 20 sin

179 1315 98 26 kallelse,
294 1315 52 21 eller
360 1314 23 22 af
396 1315 140 22 ekonomiska
551 1317 53 20 eller
619 1317 67 21 andra
701 1318 47 21 skäl
763 1318 83 27 tvingas
862 1320 33 19 att
909 1319 48 21 icke
972 1319 31 21 vi-

180 1344 52 21 dare
246 1343 102 23 fortsätta
362 1344 50 22 med
427 1344 27 22 de
464 1344 61 22 lärda
536 1345 116 27 studierna,
663 1352 46 16 som
717 1345 34 23 för
761 1347 133 23 närvarande
905 1347 98 28 begynna

180 1372 68 22 redan
263 1372 47 22 från
326 1372 68 22 första
408 1373 86 22 klassen
511 1374 50 22 med
575 1374 83 22 latinet.

248 1401 56 22 Herr
319 1402 138 22 Mechelin:
472 1402 42 28 Jag
530 1403 40 22 har
585 1404 76 26 begärt
669 1404 63 22 ordet
743 1405 76 21 endast
829 1405 49 22 med
889 1405 115 27 anledning

180 1430 23 22 af
217 1430 37 22 det
269 1430 118 28 uttalande,
403 1437 46 16 som
464 1438 26 15 en
507 1432 52 22 ärad
568 1432 74 28 talare,
653 1432 51 23 herr
711 1440 42 16 von
760 1433 93 28 Alfthan,
862 1434 34 22 för
903 1441 26 16 en
939 1435 65 21 stund

180 1460 67 21 sedan
262 1459 63 28 afgaf.
340 1460 42 28 Jag
397 1460 81 22 erinrar
492 1462 42 26 mig
551 1462 73 21 dervid
639 1462 67 27 några
721 1463 45 27 ord,
783 1469 46 16 som
843 1464 29 27 på
888 1464 61 22 detta
957 1470 46 15 rum

179 1489 25 20 år
220 1490 54 19 1877
289 1489 97 27 yttrades
408 1488 23 22 af
448 1496 27 14 en
494 1496 56 20 man,
567 1496 47 16 som
628 1491 67 22 borde
711 1498 51 15 vara
777 1492 127 27 kompetent
919 1495 33 19 att
967 1493 37 21 be-

180 1516 64 22 döma
260 1516 63 23 dessa
338 1517 72 28 frågor
425 1518 41 22 och
482 1518 103 22 särskildt
601 1521 65 25 egnat
680 1520 49 22 hela
745 1520 38 22 sitt
790 1520 116 28 lifigenom
917 1523 32 20 ett
959 1520 44 23 oaf-
