1092 1717
437 114 42 17 Den
491 115 10 16 5
513 112 49 18 Juni.
833 116 53 19 1465

93 180 37 26 jag
146 179 43 27 mig
205 186 34 14 om
255 181 32 19 att
301 179 48 21 icke
364 179 70 27 någon
450 179 92 23 särskild
558 181 54 19 tomt
627 180 66 21 måtte
705 182 95 23 nämnas,
808 179 58 21 hälst
875 180 40 20 den

96 208 128 26 diskussion,
242 214 44 16 som
303 214 87 16 numera
406 210 36 25 egt
456 215 53 19 rum,
518 208 62 21 torde
590 215 51 15 vara
651 208 124 27 tillräckligt
783 208 132 27 upplysande

94 236 34 22 för
143 236 39 22 den
199 237 121 26 delegation
335 243 46 15 som
396 238 67 20 utses.

164 265 56 21 Herr
234 264 96 27 Lagus:
346 266 41 26 Jag
402 265 143 21 understöder
559 271 66 20 gerna
641 266 6 20 i
662 264 121 22 hufvudsak
794 265 26 21 de
828 266 87 20 senaste

95 293 65 21 ärade
183 293 89 26 talarne,
295 300 49 14 men
367 300 63 15 anser
452 294 64 26 högst
535 293 116 27 olämpligt,
675 294 73 20 derest
769 294 26 20 R.
811 299 18 15 o.
846 293 25 21 A.
887 300 29 14 nu

95 322 70 21 skulle
180 322 86 21 komma
280 321 54 22 fram
349 322 48 21 med
412 322 66 26 något
493 324 47 25 nytt
554 322 91 26 projekt,
663 328 36 15 ens
711 322 167 27 antydningsvis.
892 333 22 3 —

96 350 42 21 Det
154 352 23 18 är
192 352 49 19 sant
256 352 32 20 att
303 350 7 21 i
324 350 156 22 betänkandets
498 353 10 19 1
520 356 62 16 mom.
593 350 122 27 föreslagits
727 351 188 27 mynthustomten,

96 385 49 15 men
162 378 61 22 deraf
236 379 61 27 följer
312 379 19 27 ej
348 381 32 19 att
396 379 61 21 äfven
473 379 24 21 R.
514 385 18 15 o.
548 379 25 21 A.
589 379 73 26 borde,
679 380 70 20 såsom
761 379 49 21 herr
817 379 99 26 Pipping-

95 407 63 22 sköld
178 407 37 21 det
234 408 62 26 gjort,
312 407 87 21 förorda
414 407 69 26 någon
499 408 43 21 viss
558 408 118 26 tomtplats,
693 408 25 21 så
733 408 85 26 mycket
835 408 81 20 mindre

96 442 47 15 som
159 441 27 15 en
201 436 57 27 dylik
274 435 48 22 icke
337 442 45 15 mer
396 436 42 21 kan
454 435 84 22 komma
548 436 68 21 under
626 436 145 26 vederbörligt
778 437 95 20 utskotts
881 435 36 22 be-

95 464 113 25 handling:
222 464 48 21 icke
285 464 69 21 häller
368 464 62 21 hafva
444 465 142 21 medstånden
600 466 67 25 yttrat
683 465 32 26 sig
730 464 103 22 deröfver.
863 464 53 21 Der-

96 493 33 21 för
151 493 68 21 håller
231 493 38 26 jag
287 493 37 21 det
341 492 33 22 för
389 493 115 26 olämpligt,
522 493 40 22 och
577 499 69 18 anser,
662 493 7 21 i
684 493 67 21 likhet
767 493 48 21 med
831 495 85 19 senaste

96 522 89 25 talaren,
202 523 32 19 att
256 521 124 26 fullständig
401 521 65 21 frihet
488 522 129 21 härutinnan
640 522 40 21 bör
697 522 80 21 lemnas
793 522 23 21 åt
831 521 85 26 delega-

96 550 79 21 tionen.

165 578 55 21 Herr
237 578 182 27 Godenhjelm:
435 579 42 26 Jag
492 579 69 21 skulle
576 585 51 15 anse
643 579 102 27 lämpligt,
762 579 71 21 såsom
849 579 27 21 de
887 578 30 21 fö-

97 607 107 26 regående
219 607 83 21 talarne
318 607 68 27 yrkat,
402 609 32 19 att
450 607 266 27 diskussionsprotokollet
724 607 69 22 skulle
803 608 81 21 lemnas
896 607 22 21 åt

97 636 287 26 ständerhusdelegationen.
419 636 43 21 Det
482 642 50 15 vore
547 636 34 21 väl
598 636 39 21 den
654 636 63 21 bästa
733 636 110 27 anvisning
859 636 57 21 dele-

98 664 100 25 gationen
221 664 69 21 skulle
312 664 28 25 få,
356 664 40 21 och
412 665 74 20 skulle
502 665 40 20 den
559 665 26 20 då
600 664 80 21 erhålla
696 665 40 20 den
752 665 95 20 klaraste
861 665 56 20 före-

97 692 101 27 ställning
214 699 35 14 om
264 692 26 21 de
306 693 81 26 åsigter
401 699 46 14 som
460 693 56 27 gjort
532 693 33 26 sig
579 693 98 26 gällande
690 693 57 21 inom
763 693 96 21 stånden.

168 721 98 21 Friherre
281 721 103 25 Wrede,
401 721 24 20 R.
441 721 37 21 A.:
494 721 32 21 Då
539 722 37 26 jag
591 722 68 20 under
675 722 40 21 den
731 722 134 21 allmännana
876 722 41 20 dis-

97 750 117 21 kussionen
229 751 67 25 yttrat
311 750 43 26 mig
368 750 91 21 rörande
480 750 26 21 de
521 751 84 25 tomter,
622 756 47 15 som
683 751 101 26 möjligen
799 750 66 21 borde
882 755 25 16 av

98 778 56 21 visas
170 779 23 20 åt
209 778 155 26 delegationen,
379 777 33 22 för
427 780 33 19 att
475 779 6 20 i
496 778 90 21 främsta
601 781 92 18 rummet
708 779 85 21 komma
807 779 5 20 i
825 778 60 27 fråga
894 778 24 21 så

98 807 76 21 trodde
186 807 39 27 jag
240 809 33 18 att
288 809 59 19 utom
363 807 157 22 bondeståndet
535 807 61 21 äfven
611 808 161 26 presteståndet
786 807 85 21 förenat
887 807 32 26 sig

98 841 34 15 om
148 837 32 19 att
194 835 87 22 förorda
296 835 189 28 mynthustomten,
502 835 38 22 och
557 842 36 15 var
609 836 36 21 det
660 836 119 27 anledning,
789 836 84 21 hvarför
883 836 36 27 jag

99 864 67 27 ansåg
188 867 32 18 att
242 864 25 21 R.
288 870 18 15 o.
323 865 24 20 A.
363 864 65 21 också
442 864 71 21 kunde
528 864 45 21 låta
588 865 70 20 denna
673 867 54 18 tomt
742 865 51 26 ingå
806 865 8 20 i
829 865 38 20 sitt
883 865 35 20 be-

99 893 49 22 slut,
164 892 32 21 för
211 895 32 19 att
258 893 63 21 vinna
336 894 70 20 större
422 893 68 26 utsigt
505 895 33 19 att
553 893 144 26 åvägabringa
713 895 32 19 ett
760 893 160 21 ständerbeslut

98 922 7 20 i
120 921 80 26 frågan.
232 921 69 21 Sedan
314 921 38 27 jag
368 920 68 23 blifvit
452 922 87 27 upplyst
554 927 33 15 om
603 923 32 19 att
650 922 215 26 presteständet
815 916 47 37 icke
875 924 44 19 sär-

99 949 66 22 skildt
186 952 68 25 yttrat
273 950 32 26 sig
320 950 32 21 till
371 950 82 21 förmån
469 949 32 22 för
516 951 189 26 mynthustomten,
721 951 36 20 vill
769 951 37 26 jag
822 950 97 26 återtaga

99 979 48 20 mitt
161 978 81 27 förslag
256 979 81 24 bärom,
358 978 40 21 och
418 978 84 21 biträda
520 979 26 20 de
562 979 74 23 talare,
653 985 45 15 som
715 981 72 18 ansett
801 980 33 20 att
849 979 71 25 någon

100 1007 110 26 anvisning
225 1007 91 21 rörande
332 1009 80 19 tomten
428 1007 47 20 icke
492 1007 64 21 borde
571 1007 50 26 ingå
636 1007 6 21 i
659 1007 69 21 denna
735 1007 130 21 instruktion
874 1013 45 15 som

101 1036 117 21 ständerna
232 1036 86 21 utfärda
332 1035 34 22 för
381 1035 155 27 delegationen.

171 1064 70 21 Sedan
258 1064 88 21 ståndet
365 1064 51 21 härå
437 1064 50 21 med
501 1064 138 21 förkastande
656 1064 21 21 af
691 1064 50 21 herr
756 1064 163 27 Pippingskölds

99 1093 80 26 förslag
195 1095 32 18 att
242 1093 72 21 ibland
330 1093 26 21 de
374 1093 137 26 uppräknade
527 1095 107 19 tomterna
649 1093 32 21 för
696 1093 153 22 ständerhuset
859 1093 61 20 äfven

100 1122 70 21 skulle
192 1121 86 27 intagas
301 1123 109 25 qvarteret
427 1121 132 27 Leoparden,
576 1121 31 21 till
623 1121 126 26 motförslag
764 1124 57 19 emot
835 1122 85 21 utskot-

101 1152 43 19 tets
160 1150 136 21 betänkande
309 1150 32 21 uti
356 1150 8 21 i
378 1149 60 28 fråga
452 1151 93 20 varande
559 1150 34 21 del
609 1150 96 27 godkänt
719 1151 105 26 yrkandet
835 1152 32 19 att
875 1150 46 21 icke

100 1179 70 26 någon
193 1181 54 19 tomt
270 1179 39 21 alls
332 1179 68 21 skulle
419 1178 119 28 uppgifvas,
554 1178 44 23 blef
613 1179 97 21 ståndets
727 1179 108 21 definitiva
850 1179 71 20 beslut

101 1209 34 20 att
158 1208 72 25 hvarje
254 1208 109 21 uttalande
383 1207 111 27 angående
513 1207 33 22 för
561 1207 152 22 ständerhuset
727 1207 101 27 lämpliga
843 1209 79 20 tomter

100 1236 70 21 skulle
185 1236 47 21 från
247 1236 157 21 instruktionen
421 1235 57 28 utgå,
494 1243 49 14 men
559 1238 32 19 att
605 1236 131 27 protokollet
752 1235 59 22 öfver
826 1235 95 22 den.hos

101 1264 25 22 R.
142 1271 20 15 o.
178 1264 25 21 A.
218 1265 74 20 härom
314 1264 62 21 förda
395 1264 149 22 diskussionen
561 1265 66 21 borde
641 1265 32 19 till
689 1265 149 25 delegationen
854 1263 67 23 öfver-

101 1293 87 28 lemnas.

172 1321 144 21 Återstående
338 1321 58 21 delar
416 1320 22 22 af
456 1326 61 16 mom.
540 1323 9 19 1
568 1321 108 21 äfvensom
692 1327 61 15 mom.
771 1322 11 20 2
798 1321 123 27 godkändes

102 1352 51 18 utan
169 1350 129 20 diskussion.

169 1377 51 21 Med
244 1377 116 26 anledning
382 1376 23 21 af
424 1377 119 21 utskottets
566 1376 67 22 första
648 1376 81 27 förslag
743 1376 28 28 på
786 1377 61 21 sidan
863 1379 12 18 5
891 1376 31 21 till

102 1406 128 21 ständernas
247 1405 146 27 underdåniga
408 1405 98 22 anmälan
521 1405 7 21 i
544 1406 71 20 ämnet
630 1405 84 27 yttrade
730 1406 33 25 sig

171 1435 50 21 herr
236 1434 104 27 Munck,
356 1434 25 21 K.
398 1434 32 21 F.:
446 1434 41 27 Jag
495 1436 68 19 sätter
571 1434 172 27 strängt
663 1430 10 35 i
681 1434 62 27 fråga,
753 1434 104 21 huruvida
865 1436 58 19 stän-

102 1464 66 21 derna
184 1466 37 19 äro
238 1463 103 28 behöriga
356 1464 32 20 att
403 1465 51 19 utan
470 1465 33 19 att
518 1462 89 28 ändring
623 1462 22 22 af
658 1462 23 22 L.
698 1463 25 21 O.
739 1465 36 24 egt
785 1469 46 15 rum
839 1463 84 21 komma

103 1492 31 22 till
150 1493 37 21 det
202 1492 74 22 beslut
291 1498 45 16 som
352 1492 39 21 här
406 1494 24 18 är
441 1492 98 28 åsyftadt,
548 1492 133 26 likasom
645 1488 33 36 jag
690 1492 40 21 ock
738 1492 36 21 vill
782 1493 33 20 tro
824 1494 31 19 att
863 1492 60 21 Hans

102 1522 114 27 Majestäts
232 1521 121 27 rådgifvare
369 1520 39 22 och
424 1521 59 21 Hans
498 1521 102 27 Majestät
614 1521 48 21 icke
677 1520 69 22 tillåta
762 1527 25 15 en
797 1521 66 21 sådan
872 1521 51 22 afvi-

835 1564 21 16 93
