1078 1717
212 115 55 34 1004
493 119 27 1 =
529 121 41 19 Den
580 120 24 19 19
616 121 43 23 Maj.

183 188 71 26 hänga
273 187 42 25 alla
329 187 49 27 icke
392 187 50 25 med
455 186 245 28 privatbanksrörelsens
715 186 157 27 utsträckning,
887 192 46 16 som
948 185 54 23 fast-

183 222 46 19 mer
242 209 89 38 skulle,
345 209 77 38 befria.
425 215 101 26 Finlands
544 215 62 24 Bank
621 213 46 25 från
683 214 74 28 hvarje
772 214 101 24 skenskäl
888 216 33 20 att
934 214 69 23 inläta

184 244 34 27 sig
227 244 38 27 pä
284 238 137 37 affärslifvets
432 238 129 37 slipprigare
576 242 62 23 strät.
666 243 44 23 Det
724 244 43 21 kan
782 244 84 22 således
881 249 52 16 vara
947 242 56 24 blott

185 272 44 25 den
246 272 194 27 omständigheten,
459 274 33 19 att
509 272 95 22 bankens
620 271 72 23 aktiva
705 278 51 16 vore
772 272 83 25 osäker,
870 278 47 16 som
931 271 72 26 föran-

183 301 47 22 ledt
248 303 145 22 reservanten
403 301 31 23 till
448 300 138 27 antagandet,
602 302 33 20 att
649 300 41 23 den
705 300 55 22 skall
775 300 134 28 öfverflyglas
924 299 23 22 af
960 300 43 27 pri-

183 329 154 25 vatbankerna,
359 334 49 17 men
419 329 43 27 jag
479 329 69 21 mäste
563 330 84 26 antaga,
664 330 33 20 att
712 329 60 21 detta
786 327 70 23 blifvit
870 328 65 23 sagdt
948 328 7 21 i
971 330 32 20 ett

183 358 114 28 ögonblick
311 357 24 26 af
349 358 50 27 djup
413 357 127 27 pessimism.
560 357 44 27 Jag
618 357 68 22 skulle
702 357 71 22 derför
788 357 32 21 för
834 357 44 22 min
909 357 20 21 del
943 362 60 20 anse,

184 389 35 22 att
234 386 64 23 dessa
312 386 87 26 aflagda
412 385 76 27 medel,
504 386 72 22 hvilka
591 386 54 21 stätt
660 385 120 28 disponibla
794 386 42 22 och
850 392 46 16 som
906 387 40 20 när
956 391 47 16 som

184 415 59 22 hälst
257 415 82 21 kunnat
353 417 63 24 tagas
431 414 8 21 i
453 414 93 27 anspråk
561 414 56 22 ända
632 414 32 21 till
676 414 53 23 sista
739 414 85 27 pennin,
833 414 106 27 nämligen
947 414 57 21 hvad

185 450 46 15 som
253 449 38 16 var
311 443 98 26 anvisadt
423 442 36 22 vid
474 443 130 26 föregäende
617 442 130 27 landtdagar
762 443 41 22 och
818 443 38 21 det
870 449 46 16 som
931 443 72 21 seder-

184 478 59 16 mera
257 471 129 27 tillkommit,
401 471 109 27 verkligen
526 471 72 22 kunde
611 473 62 24 tagas
689 471 49 22 bort
752 471 34 22 till
801 471 27 22 de
842 471 33 22 för
890 471 49 21 dem
950 477 54 21 upp-

183 500 58 27 gifna
255 499 162 23 statsändamäl.
446 499 43 27 Jag
504 499 79 22 förstär
597 499 47 23 icke
658 498 68 23 häller
738 499 114 27 meningen
867 500 49 21 med
931 499 70 22 farhä-

183 535 41 20 gan
247 528 32 22 för
303 530 46 24 att
370 528 23 21 af
411 528 26 21 de
456 528 155 27 odisponerade
626 527 142 22 vinstmedlen
783 528 69 22 skulle
867 528 134 27 gvarlemnas

183 557 57 24 blott
263 558 113 25 1,092,000
395 556 67 27 mark,
478 557 40 21 och
534 556 61 22 deraf
609 563 26 15 en
650 557 35 21 del
699 557 7 21 i
722 557 82 21 mindre
819 556 66 22 säkra
898 557 103 27 papper*.

182 586 72 22 Dessa
268 588 37 19 äro
321 585 76 25 medel,
414 591 46 15 som
474 585 85 22 banken
574 585 40 21 har
628 584 103 23 förutsatt
745 586 33 26 sig
793 585 85 22 komma
891 587 34 19 att
940 585 61 21 utbe-

183 614 44 22 tala
249 614 40 22 och
309 614 48 21 icke
372 614 67 25 nägra
454 613 77 22 osäkra
546 619 87 22 papper.
664 613 65 22 Detta
744 614 153 26 sammanhang
911 614 50 21 med
975 613 27 22 de

184 642 78 22 osäkra
276 642 147 27 fordringarna
438 641 42 22 kan
493 642 37 27 jag
544 642 48 21 icke
607 641 105 28 uppfatta,
728 642 33 26 dä,
778 642 63 21 äfven
856 648 34 16 om
905 642 96 21 bankens

182 671 167 27 sedelutgifning
364 671 130 26 utsträckes,
510 671 70 21 denna
594 671 148 27 utsträckning
751 671 48 21 icke
807 670 102 23 behöfver
917 671 39 21 ske
964 676 38 15 an-

184 700 105 21 norlunda
303 702 27 19 än
345 701 46 20 mot
405 699 119 27 tillgängar,
540 705 47 16 som
602 699 37 21 det
649 699 63 22 beror
722 700 28 26 pä
760 699 84 22 banken
855 699 50 28 sjelf
910 702 33 19 ait
951 700 52 27 göra

183 729 44 21 lika
241 729 64 20 säkra
321 734 46 15 som
381 728 58 26 guld.
463 728 42 25 Jag
520 728 70 21 skulle
605 727 71 22 derför
689 727 34 22 för
737 728 44 22 min
796 727 36 22 del
846 734 59 19 anse,
921 729 32 20 att
968 729 34 20 ut-

183 757 95 22 skottets
298 756 156 27 framställning
469 756 47 22 icke
531 757 42 21 kan
588 756 8 21 i
610 757 69 26 nägon
695 756 167 27 omständighet,
878 762 48 16 som
939 757 65 21 berör

183 785 100 22 Finlands
305 785 74 22 Banks
402 785 107 26 ställning,
529 787 59 19 möta
603 785 65 26 nägot
682 785 76 22 hinder
773 785 40 22 och
828 785 70 22 skulle
913 786 33 21 för
960 785 43 21 min

185 813 36 23 del
235 815 7 20 i
258 814 41 21 den
314 814 63 22 delen
392 813 50 28 vilja
456 813 86 22 biträda
556 813 118 22 utskottets
691 813 78 28 kalkyl.

251 843 57 21 Herr
326 841 139 23 Mechelin:
487 841 61 22 Efter
562 842 28 21 de
604 842 86 21 sakrika
704 842 121 27 yttranden,
842 848 46 15 som
903 841 99 28 afgifvits,

183 871 68 22 sedan
268 871 38 27 jag
325 870 95 27 begärde
435 870 68 26 ordet,
519 870 35 22 vill
567 870 38 27 jag
619 870 116 23 inskränka
749 871 43 26 mig
808 871 32 21 till
854 873 33 19 att
901 871 50 21 med
966 876 39 21 par

185 900 38 21 ord
237 899 112 22 framhälla
363 901 32 19 ett
409 899 67 23 motiv
490 901 58 19 emot
563 899 165 22 reservationen.
752 899 44 22 Det
810 899 67 22 borde
887 905 52 16 vara
945 899 58 21 klart

185 930 33 21 att
236 928 25 27 ju
279 929 70 20 större
364 927 82 28 kapital
460 927 181 28 privatbankerna
655 926 68 27 hafva,
740 928 63 21 desto
818 927 82 22 mindre
915 930 24 19 är
954 927 49 22 Fin-

184 957 62 21 lands
261 957 62 21 Bank
337 959 95 26 tvungen
446 957 34 20 att
494 957 42 21 öka
549 956 39 21 sitt
602 956 87 27 kapital.
712 957 43 21 Det
770 958 24 19 är
808 956 108 27 nämligen
931 956 26 21 sä
971 958 33 19 att

185 986 78 21 mättet
285 985 22 21 af
328 985 119 21 bankernas
468 985 136 26 operationer
617 985 64 21 beror
695 985 23 22 af
731 985 111 26 handelns,
855 985 147 28 jordbrukets,

185 1014 117 21 industrios
322 1013 143 22 verksamhet.
495 1014 70 21 Dessa
584 1015 37 20 äro
637 1013 163 25 bestämmande
813 1013 33 23 för
861 1013 37 22 det
916 1008 52 37 mått
979 1013 27 22 af

185 1043 196 22 bankverksamhet
402 1049 46 15 som
466 1041 103 23 behöfves
589 1042 8 21 i
610 1042 85 22 landets
711 1043 106 21 ekonomi.
848 1042 40 22 Om
902 1042 102 22 Finlands

185 1071 61 22 Bank
263 1071 63 23 stode
342 1077 80 20 ensam,
438 1070 72 22 säsom
525 1071 37 21 det
577 1071 56 21 enda
648 1076 66 22 organ
728 1071 33 21 för
775 1073 33 20 att
823 1071 86 26 betjena
924 1071 79 26 landet,

186 1100 69 21 skulle
270 1099 85 23 banken
369 1099 91 22 behöfva
475 1099 49 22 vida
540 1100 70 21 större
625 1099 87 27 kapital,
729 1101 27 19 än
772 1100 28 21 dä
809 1100 43 27 det
861 1099 68 22 finnes
938 1100 67 21 andra

186 1135 46 15 som
248 1128 87 26 deltaga
348 1128 9 21 i
371 1127 144 27 fullgörandet
530 1127 22 22 af
565 1127 214 23 bankfunktionerna.
805 1127 68 22 Äfven
889 1127 71 22 derför
970 1134 35 21 sy-

185 1163 39 15 nes
248 1157 42 26 mig
309 1156 50 22 herr
373 1156 71 27 Hjelts
459 1157 133 21 reservation
606 1162 51 15 vara
671 1156 57 27 bygd
742 1157 29 26 pä
786 1157 94 27 oriktiga
894 1156 111 22 kombina-

185 1186 76 20 tioner.

255 1213 34 22 Då
303 1213 41 21 den
360 1213 106 22 allmänna
481 1213 148 21 diskussionen
645 1218 34 16 om
690 1213 57 27 3:dje
758 1213 135 27 afdelningen
903 1213 8 21 i
921 1213 82 21 utskot-

186 1243 44 20 tets
252 1241 136 22 betänkande
407 1241 89 22 härmed
511 1241 124 26 afslutades,
650 1241 68 27 ansåg
733 1241 50 22 herr
797 1241 208 22 Landtmarskalken

186 1269 124 27 lämpligast
330 1270 34 20 att
385 1269 8 21 i
411 1269 108 21 anseende
534 1269 32 21 till
582 1269 41 21 den
635 1268 143 22 framskridna
792 1269 60 21 tiden
866 1269 40 21 här
921 1269 84 27 afbryta

186 1297 219 27 öfverläggningarna,
428 1302 46 16 som
493 1296 70 22 skulle
582 1296 112 22 fortsättas
710 1296 93 22 klockan
819 1296 25 28 1/,
854 1299 13 20 6
882 1296 55 22 efter
951 1297 54 22 mid-

187 1325 78 28 dagen;
288 1325 53 22 derä
358 1324 99 23 ständets
473 1324 138 22 medlemmar
626 1324 104 23 ätskildes
745 1325 93 23 klockan
854 1328 12 20 3
883 1325 55 23 efter
952 1325 54 23 mid-

187 1354 76 28 dagen.

295 1451 92 25 Samma
401 1451 43 29 dag
460 1450 97 26 klockan
575 1450 52 25 half
639 1457 42 18 sex
695 1451 190 31 eftermiddagen.

255 1498 92 23 Ständet
371 1497 102 23 fortsatte
496 1498 49 22 med
564 1498 158 28 granskningen
743 1498 23 23 af
779 1499 175 23 statsutskottets
969 1499 38 22 be-

187 1527 108 22 tänkande
317 1527 40 23 N:o
383 1529 25 19 14
429 1526 111 28 angäende
559 1527 99 27 samtliga
673 1527 28 22 de
715 1528 36 22 vid
766 1528 130 28 landtdagen
913 1528 23 22 är
952 1530 55 21 1882
