1084 1723
194 100 54 21 1436
507 98 42 19 Den
562 100 10 17 3
584 100 49 18 Juni.

163 167 25 22 L.
204 166 32 27 O.,
251 172 45 16 som
312 166 55 21 talar
382 171 33 15 om
431 165 56 21 huru
502 165 108 22 utskottet
625 165 55 22 skall
695 165 80 22 förfara
785 168 40 19 när
834 165 75 27 frågan
919 165 28 27 pä
955 166 32 21 ett

165 195 52 22 eller
232 197 67 19 annat
313 196 45 19 sätt
372 193 70 22 blifvit
457 193 89 27 afgjord.

232 223 56 22 Herr
303 223 184 26 Montgomery:
505 223 43 26 Jag
562 223 39 21 ber
617 223 56 20 blott
687 222 21 21 fä
724 223 89 25 anmäla,
830 224 32 19 att
874 222 38 27 jag
928 223 24 20 är
966 221 24 22 af

166 257 83 16 samma
264 251 65 22 tanke
344 257 46 14 som
405 251 50 20 herr
470 250 114 27 Mechelin,
600 252 34 20 att
648 251 38 21 det
699 251 48 22 icke
762 251 42 21 kan
819 251 7 20 i
841 250 147 27 frägakomma

164 281 34 21 för
213 280 116 22 ständerna
344 281 33 19 att
392 279 109 27 uppställa
516 279 82 22 sädana
612 279 120 22 eventuella
743 279 164 28 propositioner,
915 278 73 22 hvilka

165 309 139 26 ovilkorligen
327 308 70 21 mäste
419 309 87 20 inverka
527 308 29 27 pä
576 309 26 20 de
618 307 92 28 följande
726 308 192 27 propositionerna,
935 310 51 19 utan

164 338 41 21 bör
220 338 66 27 enligt
300 337 23 22 L.
340 337 37 21 O:s
393 336 81 27 tydliga
489 337 91 26 mening,
590 337 28 21 dä
626 343 26 15 en
661 337 40 22 sak
709 337 54 22 skall
773 337 125 27 hänskjutas
908 337 30 20 till
947 336 41 22 för-

165 366 71 22 stärkt
251 366 95 21 utskotts
362 366 139 26 omröstning,
518 365 127 27 afgörandet
660 371 40 22 ega
709 372 46 15 rum
767 365 81 22 medels
859 371 26 15 en
897 367 90 20 omröst-

164 395 52 27 ning
230 395 7 22 i
252 395 73 27 hvarje
340 393 67 27 fräga,
423 400 46 16 som
485 393 62 22 äfven
561 394 50 22 herr
626 394 106 22 Mechelin
747 395 91 26 yttrade.
865 394 41 27 Jag
921 394 67 21 föror-

165 425 39 20 dar
218 423 91 26 säledes,
326 425 33 19 att
373 423 56 21 blott
445 423 40 22 den
501 422 69 22 första
585 419 311 41 omröstningspropositionen,
908 429 47 15 som
965 425 24 19 är

165 453 42 21 den
224 453 54 20 enda
293 451 118 27 sakenliga,
427 452 131 26 godkännes,
575 453 22 26 ty
613 452 37 21 det
664 454 25 19 är
696 452 56 21 blott
760 452 61 26 fråga
829 458 34 15 om
871 452 117 21 ständerna

165 481 61 22 skola
240 481 115 27 godkänna
370 480 38 21 det
422 480 23 22 af
459 480 160 22 bondeståndet
629 481 93 26 ensidigt
732 481 116 26 uppstälda
858 481 92 21 vilkoret
958 480 29 22 el-

164 511 32 21 ler
212 510 26 27 ej.
253 509 48 22 Xan
317 509 60 21 detta
391 509 48 22 icke
455 509 126 27 godkännas
597 510 101 26 antingen
713 509 23 22 af
750 509 117 22 ständerna
881 510 5 21 i
899 509 32 22 sin
943 509 45 21 hel-

164 539 39 22 het
218 539 52 21 eller
285 544 76 20 genom
376 537 105 22 förstärkt
496 538 219 26 bevillningsutskott,
731 539 69 20 mäste
811 538 70 21 denna
890 538 97 28 proposi-

165 569 45 20 tion
225 567 90 22 förfalla.

234 596 55 21 Herr
302 595 129 27 Hisinger,
447 595 91 21 Robert:
554 595 42 26 Jag
611 595 38 22 ber
664 595 56 21 blott
736 595 101 21 att
775 591 13 35 i
795 595 42 21 allo
845 595 22 22 få
874 595 115 21 instämma

165 625 7 21 i
188 624 50 22 herr
253 623 117 22 Mechelins
386 624 106 27 yttrande.
582 647 9 4 N

234 653 55 21 Herr
311 652 118 26 Aminoff,
450 653 102 20 Torsten:
577 651 67 22 Äfven
658 652 38 27 jag
710 652 39 21 ber
764 651 21 22 få
800 652 89 26 anmäla,
906 653 33 20 att
951 651 38 28 jag

165 682 57 21 inom
237 681 108 21 utskottet
359 681 49 21 icke
423 681 126 21 medverkat
563 681 33 21 till
611 681 7 21 i
633 680 60 27 fräga
708 680 93 22 varande
817 681 77 21 beslut.

234 710 55 21 Herr
303 709 116 22 Palmén:
443 710 42 26 Jag
499 710 42 20 kan
557 710 33 21 till
609 709 51 22 fullo
677 709 94 21 erkänna
786 710 124 26 billigheten
926 709 21 21 af
962 709 27 21 de

166 738 178 27 betänkligheter,
368 745 45 15 som
428 738 69 22 blifvit
512 738 93 28 yttrade,
621 744 47 16 men
685 738 12 21 ä
713 738 67 22 andra
795 739 60 21 sidan
871 744 64 22 synes
950 737 38 28 pä-

166 768 80 27 följden
262 767 67 26 deraf,
346 774 35 14 om
396 768 24 20 R.
438 774 19 15 o.
473 768 24 20 A.
513 774 29 14 nu
557 767 109 21 förkastar
676 767 312 27 omröstningspropositioner-

166 803 34 19 na,
216 796 45 21 helt
276 796 73 21 enkelt
363 796 72 25 blifva,
452 797 33 19 att
505 796 70 26 nägon
592 796 205 26 sammanjämkning
811 796 48 21 icke
873 802 59 14 mera
947 796 41 20 kan

167 825 165 21 ästadkommas.
356 824 41 21 Vid
412 824 82 22 sädana
509 824 139 26 förhällande,
666 824 26 21 dä
707 824 59 22 tiden
782 827 24 18 är
821 825 24 21 sä
855 824 60 26 längt
925 824 64 21 fram-

166 854 88 21 skriden
269 854 39 21 och
325 853 28 21 dä
369 854 36 20 det
421 855 24 19 är
460 859 26 15 en
502 853 146 24 eventualitet,
665 858 45 16 som
718 853 84 22 medför
811 853 50 21 vida
869 854 69 21 större
947 852 42 23 för-

165 882 124 25 vecklingar
304 883 41 20 och
360 882 106 26 rubbning
481 882 7 20 i
503 882 132 21 ständernas
646 888 29 15 nu
690 881 82 22 fattade
786 882 79 26 beslut,
878 877 61 35 derest
957 882 32 21 in-

166 917 42 20 gen
230 911 310 26 stämpelpappersförordning
562 910 69 21 skulle
653 911 72 20 kunna
741 911 160 20 ästadkommas
916 910 33 21 för
963 911 26 20 de

166 941 109 20 närmaste
289 941 33 19 tre
342 939 57 25 ären,
416 939 70 21 mäste
499 940 38 25 jag
553 945 58 18 anse,
628 940 32 19 att
675 939 236 26 bevillningsutskottet
925 938 64 23 förfa-

166 969 35 25 rit,
218 973 34 16 om
267 967 67 22 ocksä
348 967 48 21 icke
416 967 129 26 formenligt,
562 967 55 21 dock
631 967 30 27 pä
676 967 36 21 det
728 968 56 21 enda
798 967 86 27 möjliga
899 969 45 19 sätt
959 969 32 20 att

166 996 86 22 förfara.
283 997 42 25 Jag
339 995 98 22 betviflar
451 996 113 27 högeligen
580 997 34 20 att
628 996 38 21 det
682 996 54 21 skall
752 996 65 21 blifva
831 996 83 27 möjligt
923 998 32 21 att
969 995 22 22 fä

167 1025 33 21 till
223 1025 63 21 ständ
309 1031 26 14 en
353 1024 311 28 stämpelpappersförordning
682 1024 34 22 för
734 1025 26 21 de
775 1027 34 18 tre
823 1024 93 27 följande
933 1025 56 25 ären,

169 1054 73 21 derest
257 1054 24 21 R.
298 1059 19 16 o.
333 1053 24 21 A.
374 1054 125 25 godkänner
517 1053 57 21 blott
590 1053 39 21 den
645 1053 68 21 första
727 1053 167 27 propositionen.

235 1082 56 21 Herr
306 1081 143 22 Mechelin:
465 1082 96 26 Utvägar
576 1081 71 22 dertill
662 1081 72 22 kunna
749 1084 98 25 nogsamt
857 1081 76 27 finnas,
942 1088 48 15 men

166 1111 8 20 i
188 1110 90 21 främsta
293 1112 92 19 rummet
400 1111 61 20 skola
476 1111 19 20 vi
511 1111 89 25 hoppas,
615 1111 32 20 att
662 1111 41 20 den
719 1110 67 21 första
797 1111 193 26 omröstningspro-

166 1139 122 26 positionen
304 1138 56 21 skall
377 1139 94 26 jakande
489 1139 102 20 besvaras
606 1138 7 21 i
629 1138 37 21 det
680 1138 118 21 förstärkta
813 1139 115 21 utskottet.
958 1138 32 21 En

168 1167 67 21 sådan
250 1167 163 21 konstitutione]
434 1166 147 27 otymplighet,
600 1171 46 16 som
662 1169 32 18 att
708 1166 50 27 foga
774 1167 75 26 tillägg
863 1167 33 21 till
912 1173 32 19 en
955 1167 36 20 be-

167 1194 224 27 villningsförordning
407 1201 34 15 om
456 1195 45 21 helt
517 1195 67 21 andra
599 1195 69 26 saker,
685 1195 62 21 skola
757 1195 21 21 vi
788 1195 82 26 hoppas
879 1195 48 22 icke
936 1195 55 21 skall

168 1230 64 21 segra
246 1223 56 21 inom
318 1225 32 19 ett
364 1223 106 21 förstärkt
485 1223 91 21 utskott.

236 1252 163 21 Godkännande
414 1252 119 21 utskottets
548 1251 69 22 första
631 1251 81 25 förslag
727 1251 33 21 till
768 1252 222 26 omröstningspropo-

167 1280 71 26 sition,
254 1279 71 22 beslöt
339 1279 87 22 ståndet
438 1279 49 21 med
502 1279 67 21 fästat
584 1278 101 23 afseende
701 1279 12 21 å
729 1281 27 19 72
772 1279 11 27 $
798 1279 8 21 i
820 1279 24 22 L.
860 1280 25 21 O.
901 1281 34 20 att
948 1279 44 22 för-

167 1309 61 20 klara
244 1307 32 26 sig
295 1307 33 21 för
347 1308 133 21 närvarande
500 1308 47 20 icke
563 1307 49 28 vilja
627 1309 96 25 upptaga
738 1308 27 21 de
781 1308 69 27 begge
866 1308 69 27 öfriga
949 1307 42 22 för-

169 1337 74 26 slagen
260 1336 33 21 till
307 1336 105 27 pröfning.

235 1365 11 22 I
260 1365 97 26 enlighet
371 1365 49 22 med
436 1365 37 21 det
488 1365 90 22 sålunda
592 1365 83 22 fattade
690 1365 96 22 beslutet
796 1366 65 21 skred
869 1365 87 22 ståndet
963 1365 29 28 pä

168 1395 50 22 herr
232 1395 218 21 Landtmarskalkens
467 1394 130 27 uppmaning
612 1394 32 22 till
658 1394 35 22 val
709 1394 23 22 af
744 1394 42 22 tolf
799 1395 137 22 medlemmar
951 1395 41 21 och

167 1424 47 28 fyra
230 1424 143 27 suppleanter,
388 1423 90 22 hvarvid
494 1423 89 28 utsägos
592 1424 32 21 till
633 1424 138 21 medlemmar
778 1424 130 22 friherrarne
918 1424 73 28 Boije

168 1453 41 22 och
224 1453 131 27 Hisinger,
376 1453 50 21 herr
440 1452 132 26 Hisinger,
588 1452 90 22 friherre
694 1453 100 27 Wrede,
811 1454 91 26 August,
919 1452 72 27 grefve

168 1482 121 25 Armfelt,
306 1483 90 25 August,
412 1481 90 21 friherre
518 1481 22 21 af
554 1480 139 26 Schulten,
709 1482 75 20 herrar
800 1482 139 26 Stjernvall
951 1482 41 21 och

168 1510 173 27 Gripenberg,
364 1510 79 26 Alexis,
467 1509 129 22 friherrarne
617 1510 97 21 Linder
737 1510 40 22 och
793 1510 200 27 Langenskiöld
