1073 1717
192 115 54 23 1326
503 113 43 18 Den
557 114 23 18 30
591 113 44 23 Maj.

162 179 201 24 Ofverensstämmer
370 179 49 23 med
426 179 137 22 uttalandet
554 174 9 36 i
573 181 53 20 1789
635 179 35 22 års
677 179 103 27 kungliga
792 174 131 36 kungörelse,
929 174 53 36 hvil-

162 208 42 21 ken
212 208 36 27 jag
255 208 67 21 redan
330 210 80 22 nämnt,
418 207 39 23 der
465 208 37 21 det
510 208 52 26 står,
571 210 33 19 att
611 208 178 23 kronohemmans
797 208 54 21 äbor
857 202 65 38 skola:
927 202 58 38 sitta

162 236 90 27 odrifna,
274 236 28 24 de
324 236 42 23 och
387 236 63 22 deras
469 235 53 22 barn
542 243 49 15 man
606 235 55 22 efter
675 242 56 15 man.
761 236 69 22 Detta
842 235 72 24 skulle
928 235 54 23 efter

162 265 43 22 min
225 265 68 28 äsigt.
302 265 42 23 och
357 265 155 26 lagutskottets
528 265 58 27 äsigt
600 264 109 23 innehålla
724 266 33 21 ett
771 264 79 28 tydligt
862 264 121 27 stadgande

162 294 74 21 derom
248 289 41 35 att
298 293 253 24 :kronohemmansäbors
571 293 53 22 barn
639 293 70 22 skulle
723 293 23 22 få
760 293 175 27 besittningsrätt
949 293 35 22 till

162 322 48 21 sina
228 321 117 22 föräldrars
364 322 175 26 kronohemman,
559 322 57 22 blott
631 322 27 21 de
673 322 34 21 väl
722 321 66 22 häfda
802 322 38 22 det
854 322 41 22 och
910 322 73 22 betala

162 351 48 21 sina
231 350 185 28 kronoutskylder.
448 351 33 21 De
500 351 55 26 skäl,
575 356 46 16 som
641 351 146 26 lagutskottet
806 351 123 22 sedermera
943 351 40 21 har

161 379 81 22 uttalat
261 379 103 26 deremot,
384 385 65 15 anser
464 379 38 27 jag
517 379 48 22 icke
579 385 50 16 vara
643 379 29 27 pä
686 379 67 26 nägot
768 381 45 19 sätt
827 379 108 22 bindande
950 379 33 22 till

161 409 34 20 att
209 407 98 23 försvara
322 407 41 24 den
378 407 132 26 motivering,
526 413 47 16 som
588 407 207 22 ekonomiutskottet
809 407 61 28 gifvit
884 408 8 21 i
909 407 73 23 saken.

161 436 43 21 För
219 436 43 22 min
278 436 34 21 del
327 435 71 22 skulle
410 436 38 27 jag
463 436 84 21 säledes
563 442 52 15 vara
629 435 22 22 af
665 436 41 21 den
722 436 62 27 äsigt,
801 438 33 19 att
848 436 135 27 ändringen
974 431 13 37 i

163 466 55 21 1789
234 465 36 22 ärs
284 465 72 26 kongl.
372 465 130 26 kungörelse
517 465 7 21 i
538 465 24 22 F.
578 465 40 21 och
629 464 22 22 S.
661 465 64 21 akten
737 465 69 22 skulle
816 466 78 24 utgöra
903 465 79 27 grund-

161 493 36 27 lag
216 493 41 22 och
276 495 34 23 att
328 493 57 22 hvad
402 499 46 16 som
463 493 7 21 i
486 493 64 22 dessa
565 493 134 27 stadganden
714 493 69 22 skulle
797 493 87 22 komma
898 495 34 20 att
946 495 36 20 än-

162 522 57 26 dras,
235 521 71 25 skuHe
321 522 39 21 ske
375 522 8 21 i
398 521 174 28 grundlagsenlig
587 524 47 25 väg.

230 550 99 23 Friherre
346 551 202 26 Langenskiöld
567 550 100 22 biträdde
681 550 50 22 herr
746 550 107 23 Grönviks
868 557 28 15 m.
912 550 20 22 fi.
948 557 34 16 re-

161 579 114 22 servation.

229 607 57 22 Herr
306 608 192 27 Montgomery:
521 607 154 28 Lagutskottet
691 607 40 22 har
749 607 60 28 gifvit
827 608 23 21 ät
869 607 39 22 sitt
926 607 56 22 utlä-

161 636 67 21 tande
247 638 33 19 ett
296 637 67 25 nägot
382 637 70 20 större
473 635 92 27 omfäng,
581 639 27 18 än
623 642 47 15 som
685 636 82 21 kanske
782 636 72 21 kunde
870 636 111 21 betraktas

162 664 72 22 säsom
248 664 104 27 lämpligt,
368 664 38 21 der
422 664 37 21 det
474 664 64 22 beror
551 664 30 28 pä
596 666 32 20 ett
642 666 65 20 annat
722 664 85 22 utskott
817 666 33 20 att
859 664 72 23 lemna
941 664 41 22 den

161 693 79 25 nödiga
255 693 149 26 utredningen,
420 699 49 15 men
484 692 62 22 detta
561 692 39 22 har
614 692 73 22 berott
701 693 73 27 derpä,
789 694 34 20 att
836 693 147 26 lagutskottet

160 721 58 21 velat
232 720 118 28 framlägga
365 720 33 22 för
412 721 54 21 hvar
480 721 41 21 och
537 728 26 14 en
579 724 33 18 1:0
625 721 27 21 de
663 721 134 27 stadganden
807 721 28 27 pä
844 721 73 22 hvilka
927 721 55 21 tolk-

160 750 79 27 ningen
254 750 64 21 beror
333 749 41 22 och
388 751 35 20 2:o
439 749 41 21 den
496 749 117 22 historiska
627 750 121 27 utredning,
765 756 46 16 som
828 752 72 19 ämnet
915 749 67 22 erfor-

161 779 50 21 drar
226 778 41 23 och
281 784 47 16 som
344 778 69 28 tjenar
428 778 32 21 till
474 778 113 28 belysning
602 778 23 22 af
637 778 146 27 lagstiftarens
799 778 63 28 syfte.
886 778 43 22 För
938 778 44 22 min

162 807 34 22 del
211 807 43 23 kan
265 807 39 27 jag
318 807 19 27 ej
353 806 58 22 finna
426 810 71 23 annat,
514 809 27 19 än
555 810 33 18 att
603 807 111 27 bevisning
729 809 25 19 är
768 807 163 22 ästadkommen
942 807 40 21 och

161 838 33 19 att
208 835 53 23 hvar
276 835 41 22 och
332 842 33 20 en,
382 842 46 15 som
443 836 49 21 med
508 836 120 21 eftertanke
644 836 117 26 genomgär
776 836 154 27 utläggningen
941 836 40 21 och

161 864 160 27 granskningen
336 864 23 22 af
372 864 26 22 de
413 864 165 26 ifrägavarande
593 864 155 26 stadgandena,
766 864 68 22 borde
848 864 86 22 komma
949 864 33 22 till

161 899 81 15 samma
256 892 101 23 resultat.
386 893 40 21 Att
440 893 72 21 vidare
528 899 30 15 nu
572 892 56 28 gifva
643 893 43 26 mig
700 893 22 21 in
737 893 28 27 pä
781 899 25 15 en
822 893 128 25 motivering
961 893 23 21 af

161 922 110 26 äsigterna
286 927 64 16 anser
362 921 38 27 jag
414 921 48 22 icke
477 928 51 14 vara
543 921 137 27 erforderligt
694 921 39 22 och
750 922 68 26 knapt
828 928 38 15 ens
877 922 104 26 lämpligt,

155 950 28 22 dä
197 950 110 27 yttrandet
323 950 89 21 alldeles
430 949 200 23 öfverensstämmer
644 950 49 22 med
707 950 43 21 min
765 950 143 27 uppfattning,
924 950 41 22 och
975 967 5 10 ,

156 979 25 20 sä
203 978 45 22 vidt
268 979 37 26 jag
322 978 44 22 kan
380 978 63 26 finna,
460 979 67 21 ocksä
542 981 25 19 är
580 978 142 27 fullständigt.
752 979 39 21 Att
806 985 26 15 en
847 979 64 26 träng
926 979 49 21 ord-

154 1007 104 26 tolkning,
275 1013 47 15 som
336 1006 49 22 icke
396 1006 58 22 afser
463 1007 174 27 lagstiftningens
647 1007 118 21 historiska
776 1007 129 27 utveckling,
916 1007 53 22 verk

154 1036 58 26 ligen
227 1036 43 20 kan
284 1036 85 20 komma
384 1036 33 20 till
433 1036 36 21 det
484 1036 97 26 resultat,
598 1038 33 18 att
645 1036 140 26 stadganden,
801 1036 74 21 hvilka
889 1035 46 22 afse
945 1037 33 21 att

155 1066 54 20 nära
223 1070 44 20 nog
282 1064 95 21 likställa
391 1064 178 21 kronohemmans
585 1064 64 21 äbors
665 1064 68 27 nyttjo
748 1064 40 22 och
804 1064 174 27 besittningsrätt

156 1092 49 22 med
222 1093 134 26 eganderätt,
372 1092 103 21 särskildt
489 1093 7 21 i
511 1092 134 22 förhällande
661 1093 32 21 till
709 1093 137 26 borgenärer,
866 1093 70 21 skulle
946 1093 32 22 in-

156 1121 48 22 föra
217 1127 27 16 en
260 1121 90 26 ändring
364 1121 8 21 i
387 1121 179 22 kronohemmans
583 1121 76 22 äboers
674 1121 185 28 grundlagsenligt
874 1121 102 28 tryggade

156 1149 108 28 ställning,
280 1150 43 22 kan
338 1149 101 28 möjligen
452 1149 91 27 förstås;
558 1156 48 15 men
622 1150 171 21 sammanställer
801 1156 48 15 man
861 1151 43 20 6:te
914 1151 11 25 &
936 1149 40 22 och

156 1179 41 20 den
212 1179 96 21 bekanta
321 1178 152 27 förordningen
488 1178 24 22 af
525 1179 24 20 är
564 1180 54 19 1789
627 1179 50 21 med
686 1179 57 26 3:dje
751 1179 11 26 $
770 1180 7 19 i
785 1179 23 21 F.
820 1179 41 21 och
872 1178 21 22 S.
904 1179 72 24 akten,

155 1207 26 21 sä
196 1209 45 19 tror
252 1207 44 27 jag,
313 1208 33 19 att
360 1213 49 15 man
425 1207 18 26 ej
460 1207 42 21 kan
513 1207 86 21 komma
606 1207 33 21 till
646 1207 67 26 något
721 1209 66 19 annat
796 1207 98 26 resultat,
906 1209 28 19 än
944 1208 34 20 att

156 1235 27 22 de
205 1235 56 22 blott
282 1235 104 21 innebära
408 1235 37 21 det
468 1235 178 22 kronohemmans
669 1235 41 22 äbo
734 1236 54 21 skall
811 1236 52 21 sitta
880 1235 97 22 odrifven

155 1265 111 24 gentemot
287 1263 89 25 kronan,
399 1263 75 21 sävida
490 1263 42 21 han
548 1263 102 21 förvaltar
665 1265 38 19 sitt
718 1264 100 21 hemman
834 1264 30 25 sä,
880 1266 34 18 att
928 1264 49 21 kro-

154 1297 54 15 nans
223 1293 45 19 rätt
283 1291 123 26 derigenom
422 1291 48 21 icke
484 1291 61 26 lider,
561 1291 109 21 äfvensom
685 1294 33 18 att
728 1292 71 21 denna
809 1292 119 27 besittning
937 1291 40 27 gär

154 1320 8 21 i
177 1319 38 23 arf.
246 1319 122 27 Ordalagen
382 1319 7 21 i
404 1319 150 26 förordningen
569 1319 73 22 kunna
656 1320 134 26 visserligen,
807 1325 35 16 om
856 1326 50 16 man
921 1320 56 21 blott

155 1348 39 22 och
218 1348 49 22 bart
288 1348 70 22 häller
380 1347 32 28 sig
435 1347 32 22 till
490 1348 55 26 dem,
560 1347 65 22 fattas
641 1348 72 22 säsom
729 1355 34 15 om
779 1348 77 27 Kongl.
873 1349 103 27 Majestät

154 1377 56 22 hade
225 1377 58 22 velat
298 1377 72 22 säsom
384 1377 105 27 grundlag
504 1376 107 23 stadfästa
621 1377 62 22 äfven
693 1378 42 21 den
746 1378 230 27 successionsordning

154 1412 47 23 som
216 1406 28 21 dä
259 1405 63 28 gälde
336 1405 34 26 för
383 1405 178 23 kronohemmans
577 1406 58 26 äbor,
653 1406 26 21 dä
695 1406 38 22 det
750 1406 70 26 heter,
831 1408 33 20 att
874 1407 42 22 den
927 1407 49 22 ord-

154 1435 58 27 ning,
234 1441 47 16 som
304 1434 69 23 blifvit
393 1434 24 22 af
429 1441 36 15 oss
480 1435 108 26 faststäld,
604 1435 39 22 och
660 1437 33 20 att
709 1435 37 22 det
760 1435 110 28 verkligen
884 1435 48 22 fans
948 1442 27 15 en

154 1464 123 27 förordning
299 1463 23 22 af
337 1465 53 22 1775
413 1463 23 24 af
452 1463 60 22 Hans
527 1464 103 27 Majestät
652 1464 93 28 ensidigt
760 1464 70 27 gifven
845 1467 25 19 är
884 1465 91 22 alldeles

154 1493 143 26 obestridligt,
313 1498 47 16 men
381 1492 35 22 vid
431 1494 97 20 närmare
544 1493 152 26 begrundande
711 1493 73 21 kunna
799 1493 65 21 dessa
880 1493 94 27 ordalag,

154 1527 38 18 om
210 1527 49 16 man
281 1520 111 22 betraktar
414 1521 48 21 dem
484 1521 8 21 i
513 1521 153 27 sammanhang
687 1522 50 21 med
751 1521 68 27 öfriga
833 1521 141 27 stadganden,
