<?xml version="1.0" encoding="UTF-8"?>
<alto xmlns="http://www.loc.gov/standards/alto/ns-v3#" xmlns:xlink="http://www.w3.org/1999/xlink" xmlns:xsi="http://www.w3.org/2001/XMLSchema-instance" xsi:schemaLocation="http://www.loc.gov/standards/alto/ns-v3# http://www.loc.gov/alto/v3/alto-3-0.xsd">
	<Description>
		<MeasurementUnit>pixel</MeasurementUnit>
		<sourceImageInformation>
			<fileName>/tmp/tess_7vp3k_3q_input.PNG</fileName>
		</sourceImageInformation>
		<OCRProcessing ID="OCR_0">
			<ocrProcessingStep>
				<processingSoftware>
					<softwareName>tesseract 5.3.4</softwareName>
				</processingSoftware>
			</ocrProcessingStep>
		</OCRProcessing>
	</Description>
	<Layout>
		<Page WIDTH="1081" HEIGHT="1725" PHYSICAL_IMG_NR="0" ID="page_0">
			<PrintSpace HPOS="0" VPOS="0" WIDTH="1081" HEIGHT="1725">
				<ComposedBlock ID="cblock_0" HPOS="445" VPOS="106" WIDTH="450" HEIGHT="23">
					<TextBlock ID="block_0" HPOS="445" VPOS="106" WIDTH="450" HEIGHT="23">
						<TextLine ID="line_0" HPOS="445" VPOS="106" WIDTH="450" HEIGHT="23">
							<String ID="string_0" HPOS="445" VPOS="107" WIDTH="43" HEIGHT="17" WC="0.95" CONTENT="Den"/><SP WIDTH="11" VPOS="107" HPOS="488"/>
							<String ID="string_1" HPOS="499" VPOS="107" WIDTH="10" HEIGHT="17" WC="0.96" CONTENT="2"/><SP WIDTH="12" VPOS="107" HPOS="509"/>
							<String ID="string_2" HPOS="521" VPOS="106" WIDTH="50" HEIGHT="18" WC="0.96" CONTENT="Juni."/><SP WIDTH="270" VPOS="106" HPOS="571"/>
							<String ID="string_3" HPOS="841" VPOS="109" WIDTH="54" HEIGHT="20" WC="0.96" CONTENT="1423"/>
						</TextLine>
					</TextBlock>
				</ComposedBlock>
				<ComposedBlock ID="cblock_1" HPOS="94" VPOS="172" WIDTH="834" HEIGHT="1375">
					<TextBlock ID="block_1" HPOS="94" VPOS="172" WIDTH="830" HEIGHT="947">
						<TextLine ID="line_1" HPOS="94" VPOS="172" WIDTH="826" HEIGHT="28">
							<String ID="string_4" HPOS="94" VPOS="173" WIDTH="40" HEIGHT="27" WC="0.96" CONTENT="jag"/><SP WIDTH="23" VPOS="173" HPOS="134"/>
							<String ID="string_5" HPOS="157" VPOS="172" WIDTH="41" HEIGHT="21" WC="0.93" CONTENT="den"/><SP WIDTH="23" VPOS="172" HPOS="198"/>
							<String ID="string_6" HPOS="221" VPOS="172" WIDTH="56" HEIGHT="26" WC="0.91" CONTENT="åsigt"/><SP WIDTH="22" VPOS="172" HPOS="277"/>
							<String ID="string_7" HPOS="299" VPOS="173" WIDTH="33" HEIGHT="20" WC="0.96" CONTENT="att"/><SP WIDTH="23" VPOS="173" HPOS="332"/>
							<String ID="string_8" HPOS="355" VPOS="172" WIDTH="69" HEIGHT="22" WC="0.93" CONTENT="denna"/><SP WIDTH="21" VPOS="172" HPOS="424"/>
							<String ID="string_9" HPOS="445" VPOS="172" WIDTH="233" HEIGHT="28" WC="0.91" CONTENT="reorganisationsplan"/><SP WIDTH="20" VPOS="172" HPOS="678"/>
							<String ID="string_10" HPOS="698" VPOS="174" WIDTH="24" HEIGHT="20" WC="0.97" CONTENT="är"/><SP WIDTH="14" VPOS="174" HPOS="722"/>
							<String ID="string_11" HPOS="736" VPOS="173" WIDTH="7" HEIGHT="21" WC="0.96" CONTENT="i"/><SP WIDTH="15" VPOS="173" HPOS="743"/>
							<String ID="string_12" HPOS="758" VPOS="173" WIDTH="78" HEIGHT="27" WC="0.96" CONTENT="högsta"/><SP WIDTH="16" VPOS="173" HPOS="836"/>
							<String ID="string_13" HPOS="852" VPOS="173" WIDTH="68" HEIGHT="22" WC="0.96" CONTENT="måtto"/>
						</TextLine>
						<TextLine ID="line_2" HPOS="97" VPOS="200" WIDTH="822" HEIGHT="28">
							<String ID="string_14" HPOS="97" VPOS="200" WIDTH="99" HEIGHT="28" WC="0.94" CONTENT="olycklig."/><SP WIDTH="31" VPOS="200" HPOS="196"/>
							<String ID="string_15" HPOS="227" VPOS="200" WIDTH="79" HEIGHT="22" WC="0.83" CONTENT="Skälen"/><SP WIDTH="14" VPOS="200" HPOS="306"/>
							<String ID="string_16" HPOS="320" VPOS="200" WIDTH="33" HEIGHT="22" WC="0.96" CONTENT="för"/><SP WIDTH="20" VPOS="200" HPOS="353"/>
							<String ID="string_17" HPOS="373" VPOS="202" WIDTH="44" HEIGHT="20" WC="0.93" CONTENT="min"/><SP WIDTH="19" VPOS="202" HPOS="417"/>
							<String ID="string_18" HPOS="436" VPOS="201" WIDTH="58" HEIGHT="27" WC="0.91" CONTENT="åsigt"/><SP WIDTH="15" VPOS="201" HPOS="494"/>
							<String ID="string_19" HPOS="509" VPOS="202" WIDTH="37" HEIGHT="20" WC="0.96" CONTENT="äro"/><SP WIDTH="14" VPOS="202" HPOS="546"/>
							<String ID="string_20" HPOS="560" VPOS="200" WIDTH="67" HEIGHT="23" WC="0.96" CONTENT="redan"/><SP WIDTH="15" VPOS="200" HPOS="627"/>
							<String ID="string_21" HPOS="642" VPOS="201" WIDTH="118" HEIGHT="27" WC="0.96" CONTENT="framlagda"/><SP WIDTH="15" VPOS="201" HPOS="760"/>
							<String ID="string_22" HPOS="775" VPOS="202" WIDTH="24" HEIGHT="22" WC="0.93" CONTENT="af"/><SP WIDTH="13" VPOS="202" HPOS="799"/>
							<String ID="string_23" HPOS="812" VPOS="202" WIDTH="107" HEIGHT="22" WC="0.92" CONTENT="utkottets"/>
						</TextLine>
						<TextLine ID="line_3" HPOS="98" VPOS="230" WIDTH="823" HEIGHT="28">
							<String ID="string_24" HPOS="98" VPOS="231" WIDTH="142" HEIGHT="25" WC="0.91" CONTENT="reservanter,"/><SP WIDTH="16" VPOS="231" HPOS="240"/>
							<String ID="string_25" HPOS="256" VPOS="230" WIDTH="40" HEIGHT="21" WC="0.96" CONTENT="och"/><SP WIDTH="16" VPOS="230" HPOS="296"/>
							<String ID="string_26" HPOS="312" VPOS="236" WIDTH="63" HEIGHT="15" WC="0.96" CONTENT="anser"/><SP WIDTH="12" VPOS="236" HPOS="375"/>
							<String ID="string_27" HPOS="387" VPOS="230" WIDTH="37" HEIGHT="27" WC="0.96" CONTENT="jeg"/><SP WIDTH="15" VPOS="230" HPOS="424"/>
							<String ID="string_28" HPOS="439" VPOS="230" WIDTH="72" HEIGHT="22" WC="0.96" CONTENT="derför"/><SP WIDTH="15" VPOS="230" HPOS="511"/>
							<String ID="string_29" HPOS="526" VPOS="230" WIDTH="93" HEIGHT="27" WC="0.96" CONTENT="onyttigt"/><SP WIDTH="16" VPOS="230" HPOS="619"/>
							<String ID="string_30" HPOS="635" VPOS="232" WIDTH="32" HEIGHT="20" WC="0.96" CONTENT="att"/><SP WIDTH="14" VPOS="232" HPOS="667"/>
							<String ID="string_31" HPOS="681" VPOS="230" WIDTH="74" HEIGHT="28" WC="0.96" CONTENT="längre"/><SP WIDTH="15" VPOS="230" HPOS="755"/>
							<String ID="string_32" HPOS="770" VPOS="231" WIDTH="35" HEIGHT="21" WC="0.96" CONTENT="vid"/><SP WIDTH="15" VPOS="231" HPOS="805"/>
							<String ID="string_33" HPOS="820" VPOS="231" WIDTH="48" HEIGHT="21" WC="0.93" CONTENT="dem"/><SP WIDTH="12" VPOS="231" HPOS="868"/>
							<String ID="string_34" HPOS="880" VPOS="237" WIDTH="41" HEIGHT="21" WC="0.92" CONTENT="up-"/>
						</TextLine>
						<TextLine ID="line_4" HPOS="98" VPOS="258" WIDTH="821" HEIGHT="28">
							<String ID="string_35" HPOS="98" VPOS="258" WIDTH="86" HEIGHT="27" WC="0.91" CONTENT="pehålla"/><SP WIDTH="14" VPOS="258" HPOS="184"/>
							<String ID="string_36" HPOS="198" VPOS="258" WIDTH="50" HEIGHT="27" WC="0.95" CONTENT="mig."/><SP WIDTH="15" VPOS="258" HPOS="248"/>
							<String ID="string_37" HPOS="263" VPOS="258" WIDTH="42" HEIGHT="27" WC="0.96" CONTENT="Jag"/><SP WIDTH="14" VPOS="258" HPOS="305"/>
							<String ID="string_38" HPOS="319" VPOS="259" WIDTH="39" HEIGHT="21" WC="0.96" CONTENT="ber"/><SP WIDTH="15" VPOS="259" HPOS="358"/>
							<String ID="string_39" HPOS="373" VPOS="259" WIDTH="56" HEIGHT="21" WC="0.96" CONTENT="blott"/><SP WIDTH="14" VPOS="259" HPOS="429"/>
							<String ID="string_40" HPOS="443" VPOS="258" WIDTH="22" HEIGHT="22" WC="0.96" CONTENT="få"/><SP WIDTH="15" VPOS="258" HPOS="465"/>
							<String ID="string_41" HPOS="480" VPOS="260" WIDTH="77" HEIGHT="20" WC="0.93" CONTENT="nämna"/><SP WIDTH="15" VPOS="260" HPOS="557"/>
							<String ID="string_42" HPOS="572" VPOS="258" WIDTH="75" HEIGHT="28" WC="0.90" CONTENT="attjag"/><SP WIDTH="8" VPOS="258" HPOS="647"/>
							<String ID="string_43" HPOS="655" VPOS="265" WIDTH="63" HEIGHT="15" WC="0.96" CONTENT="anser"/><SP WIDTH="10" VPOS="265" HPOS="718"/>
							<String ID="string_44" HPOS="728" VPOS="259" WIDTH="49" HEIGHT="22" WC="0.95" CONTENT="idén"/><SP WIDTH="12" VPOS="259" HPOS="777"/>
							<String ID="string_45" HPOS="789" VPOS="266" WIDTH="34" HEIGHT="15" WC="0.93" CONTENT="om"/><SP WIDTH="10" VPOS="266" HPOS="823"/>
							<String ID="string_46" HPOS="833" VPOS="260" WIDTH="86" HEIGHT="21" WC="0.91" CONTENT="botten-"/>
						</TextLine>
						<TextLine ID="line_5" HPOS="97" VPOS="287" WIDTH="823" HEIGHT="27">
							<String ID="string_47" HPOS="97" VPOS="288" WIDTH="81" HEIGHT="25" WC="0.96" CONTENT="skolor,"/><SP WIDTH="16" VPOS="288" HPOS="178"/>
							<String ID="string_48" HPOS="194" VPOS="287" WIDTH="71" HEIGHT="21" WC="0.96" CONTENT="hvilka"/><SP WIDTH="11" VPOS="287" HPOS="265"/>
							<String ID="string_49" HPOS="276" VPOS="287" WIDTH="63" HEIGHT="21" WC="0.95" CONTENT="skola"/><SP WIDTH="14" VPOS="287" HPOS="339"/>
							<String ID="string_50" HPOS="353" VPOS="289" WIDTH="77" HEIGHT="25" WC="0.96" CONTENT="utgöra"/><SP WIDTH="15" VPOS="289" HPOS="430"/>
							<String ID="string_51" HPOS="445" VPOS="287" WIDTH="42" HEIGHT="21" WC="0.96" CONTENT="den"/><SP WIDTH="10" VPOS="287" HPOS="487"/>
							<String ID="string_52" HPOS="497" VPOS="293" WIDTH="159" HEIGHT="21" WC="0.96" CONTENT="gemensamma"/><SP WIDTH="10" VPOS="293" HPOS="656"/>
							<String ID="string_53" HPOS="666" VPOS="288" WIDTH="96" HEIGHT="26" WC="0.95" CONTENT="grunden"/><SP WIDTH="8" VPOS="288" HPOS="762"/>
							<String ID="string_54" HPOS="770" VPOS="288" WIDTH="59" HEIGHT="21" WC="0.95" CONTENT="såväl"/><SP WIDTH="8" VPOS="288" HPOS="829"/>
							<String ID="string_55" HPOS="837" VPOS="288" WIDTH="33" HEIGHT="21" WC="0.96" CONTENT="för"/><SP WIDTH="8" VPOS="288" HPOS="870"/>
							<String ID="string_56" HPOS="878" VPOS="288" WIDTH="42" HEIGHT="22" WC="0.96" CONTENT="den"/>
						</TextLine>
						<TextLine ID="line_6" HPOS="96" VPOS="315" WIDTH="823" HEIGHT="28">
							<String ID="string_57" HPOS="96" VPOS="316" WIDTH="62" HEIGHT="21" WC="0.96" CONTENT="lärda"/><SP WIDTH="16" VPOS="316" HPOS="158"/>
							<String ID="string_58" HPOS="174" VPOS="315" WIDTH="76" HEIGHT="21" WC="0.95" CONTENT="skolan"/><SP WIDTH="15" VPOS="315" HPOS="250"/>
							<String ID="string_59" HPOS="265" VPOS="321" WIDTH="47" HEIGHT="15" WC="0.96" CONTENT="som"/><SP WIDTH="16" VPOS="321" HPOS="312"/>
							<String ID="string_60" HPOS="328" VPOS="316" WIDTH="41" HEIGHT="21" WC="0.96" CONTENT="den"/><SP WIDTH="15" VPOS="316" HPOS="369"/>
							<String ID="string_61" HPOS="384" VPOS="316" WIDTH="59" HEIGHT="22" WC="0.96" CONTENT="reala"/><SP WIDTH="15" VPOS="316" HPOS="443"/>
							<String ID="string_62" HPOS="458" VPOS="316" WIDTH="81" HEIGHT="26" WC="0.96" CONTENT="skolan,"/><SP WIDTH="16" VPOS="316" HPOS="539"/>
							<String ID="string_63" HPOS="555" VPOS="322" WIDTH="52" HEIGHT="15" WC="0.96" CONTENT="vara"/><SP WIDTH="15" VPOS="322" HPOS="607"/>
							<String ID="string_64" HPOS="622" VPOS="322" WIDTH="26" HEIGHT="15" WC="0.96" CONTENT="en"/><SP WIDTH="15" VPOS="322" HPOS="648"/>
							<String ID="string_65" HPOS="663" VPOS="316" WIDTH="49" HEIGHT="26" WC="0.96" CONTENT="föga"/><SP WIDTH="15" VPOS="316" HPOS="712"/>
							<String ID="string_66" HPOS="727" VPOS="316" WIDTH="79" HEIGHT="27" WC="0.96" CONTENT="lycklig"/><SP WIDTH="14" VPOS="316" HPOS="806"/>
							<String ID="string_67" HPOS="820" VPOS="316" WIDTH="72" HEIGHT="22" WC="0.95" CONTENT="tanke."/><SP WIDTH="17" VPOS="316" HPOS="892"/>
							<String ID="string_68" HPOS="909" VPOS="317" WIDTH="10" HEIGHT="21" WC="0.96" CONTENT="I"/>
						</TextLine>
						<TextLine ID="line_7" HPOS="97" VPOS="344" WIDTH="821" HEIGHT="28">
							<String ID="string_69" HPOS="97" VPOS="344" WIDTH="89" HEIGHT="28" WC="0.96" CONTENT="Sverige"/><SP WIDTH="16" VPOS="344" HPOS="186"/>
							<String ID="string_70" HPOS="202" VPOS="344" WIDTH="39" HEIGHT="21" WC="0.84" CONTENT="bar"/><SP WIDTH="14" VPOS="344" HPOS="241"/>
							<String ID="string_71" HPOS="255" VPOS="350" WIDTH="48" HEIGHT="16" WC="0.93" CONTENT="man"/><SP WIDTH="16" VPOS="350" HPOS="303"/>
							<String ID="string_72" HPOS="319" VPOS="344" WIDTH="84" HEIGHT="27" WC="0.93" CONTENT="pröfvat"/><SP WIDTH="17" VPOS="344" HPOS="403"/>
							<String ID="string_73" HPOS="420" VPOS="344" WIDTH="123" HEIGHT="22" WC="0.95" CONTENT="densamma"/><SP WIDTH="16" VPOS="344" HPOS="543"/>
							<String ID="string_74" HPOS="559" VPOS="344" WIDTH="40" HEIGHT="22" WC="0.96" CONTENT="och"/><SP WIDTH="8" VPOS="344" HPOS="599"/>
							<String ID="string_75" HPOS="607" VPOS="344" WIDTH="68" HEIGHT="27" WC="0.96" CONTENT="enligt"/><SP WIDTH="7" VPOS="344" HPOS="675"/>
							<String ID="string_76" HPOS="682" VPOS="344" WIDTH="56" HEIGHT="22" WC="0.96" CONTENT="hvad"/><SP WIDTH="5" VPOS="344" HPOS="738"/>
							<String ID="string_77" HPOS="743" VPOS="346" WIDTH="39" HEIGHT="26" WC="0.96" CONTENT="jag"/><SP WIDTH="8" VPOS="346" HPOS="782"/>
							<String ID="string_78" HPOS="790" VPOS="345" WIDTH="52" HEIGHT="27" WC="0.96" CONTENT="sjelf"/><SP WIDTH="6" VPOS="345" HPOS="842"/>
							<String ID="string_79" HPOS="848" VPOS="345" WIDTH="35" HEIGHT="22" WC="0.96" CONTENT="vid"/><SP WIDTH="9" VPOS="345" HPOS="883"/>
							<String ID="string_80" HPOS="892" VPOS="352" WIDTH="26" HEIGHT="16" WC="0.96" CONTENT="en"/>
						</TextLine>
						<TextLine ID="line_8" HPOS="97" VPOS="372" WIDTH="824" HEIGHT="28">
							<String ID="string_81" HPOS="97" VPOS="379" WIDTH="50" HEIGHT="16" WC="0.90" CONTENT="resa"/><SP WIDTH="14" VPOS="379" HPOS="147"/>
							<String ID="string_82" HPOS="161" VPOS="374" WIDTH="7" HEIGHT="20" WC="0.96" CONTENT="i"/><SP WIDTH="16" VPOS="374" HPOS="168"/>
							<String ID="string_83" HPOS="184" VPOS="372" WIDTH="87" HEIGHT="28" WC="0.96" CONTENT="Sverige"/><SP WIDTH="16" VPOS="372" HPOS="271"/>
							<String ID="string_84" HPOS="287" VPOS="372" WIDTH="32" HEIGHT="22" WC="0.96" CONTENT="för"/><SP WIDTH="16" VPOS="372" HPOS="319"/>
							<String ID="string_85" HPOS="335" VPOS="375" WIDTH="32" HEIGHT="19" WC="0.96" CONTENT="tre"/><SP WIDTH="16" VPOS="375" HPOS="367"/>
							<String ID="string_86" HPOS="383" VPOS="374" WIDTH="24" HEIGHT="20" WC="0.96" CONTENT="är"/><SP WIDTH="14" VPOS="374" HPOS="407"/>
							<String ID="string_87" HPOS="421" VPOS="374" WIDTH="67" HEIGHT="21" WC="0.93" CONTENT="sedan"/><SP WIDTH="16" VPOS="374" HPOS="488"/>
							<String ID="string_88" HPOS="504" VPOS="373" WIDTH="79" HEIGHT="26" WC="0.93" CONTENT="erfarit,"/><SP WIDTH="17" VPOS="373" HPOS="583"/>
							<String ID="string_89" HPOS="600" VPOS="375" WIDTH="24" HEIGHT="19" WC="0.96" CONTENT="är"/><SP WIDTH="9" VPOS="375" HPOS="624"/>
							<String ID="string_90" HPOS="633" VPOS="380" WIDTH="48" HEIGHT="15" WC="0.96" CONTENT="man"/><SP WIDTH="12" VPOS="380" HPOS="681"/>
							<String ID="string_91" HPOS="693" VPOS="374" WIDTH="43" HEIGHT="25" WC="0.93" CONTENT="der,"/><SP WIDTH="12" VPOS="374" HPOS="736"/>
							<String ID="string_92" HPOS="748" VPOS="374" WIDTH="128" HEIGHT="22" WC="0.93" CONTENT="ätminstone"/><SP WIDTH="9" VPOS="374" HPOS="876"/>
							<String ID="string_93" HPOS="885" VPOS="375" WIDTH="36" HEIGHT="21" WC="0.97" CONTENT="vid"/>
						</TextLine>
						<TextLine ID="line_9" HPOS="97" VPOS="402" WIDTH="823" HEIGHT="27">
							<String ID="string_94" HPOS="97" VPOS="402" WIDTH="162" HEIGHT="26" WC="0.95" CONTENT="universiteten,"/><SP WIDTH="24" VPOS="402" HPOS="259"/>
							<String ID="string_95" HPOS="283" VPOS="402" WIDTH="80" HEIGHT="26" WC="0.92" CONTENT="ganska"/><SP WIDTH="22" VPOS="402" HPOS="363"/>
							<String ID="string_96" HPOS="385" VPOS="402" WIDTH="104" HEIGHT="27" WC="0.96" CONTENT="missnöjd"/><SP WIDTH="19" VPOS="402" HPOS="489"/>
							<String ID="string_97" HPOS="508" VPOS="402" WIDTH="49" HEIGHT="22" WC="0.96" CONTENT="med"/><SP WIDTH="16" VPOS="402" HPOS="557"/>
							<String ID="string_98" HPOS="573" VPOS="402" WIDTH="38" HEIGHT="22" WC="0.93" CONTENT="det"/><SP WIDTH="14" VPOS="402" HPOS="611"/>
							<String ID="string_99" HPOS="625" VPOS="403" WIDTH="125" HEIGHT="21" WC="0.92" CONTENT="nuvarandn"/><SP WIDTH="15" VPOS="403" HPOS="750"/>
							<String ID="string_100" HPOS="765" VPOS="403" WIDTH="155" HEIGHT="23" WC="0.96" CONTENT="skolväsendet"/>
						</TextLine>
						<TextLine ID="line_10" HPOS="98" VPOS="430" WIDTH="820" HEIGHT="24">
							<String ID="string_101" HPOS="98" VPOS="431" WIDTH="41" HEIGHT="21" WC="0.92" CONTENT="och"/><SP WIDTH="23" VPOS="431" HPOS="139"/>
							<String ID="string_102" HPOS="162" VPOS="430" WIDTH="103" HEIGHT="22" WC="0.96" CONTENT="särskildt"/><SP WIDTH="22" VPOS="430" HPOS="265"/>
							<String ID="string_103" HPOS="287" VPOS="431" WIDTH="48" HEIGHT="21" WC="0.96" CONTENT="med"/><SP WIDTH="17" VPOS="431" HPOS="335"/>
							<String ID="string_104" HPOS="352" VPOS="430" WIDTH="63" HEIGHT="22" WC="0.93" CONTENT="dessa"/><SP WIDTH="16" VPOS="430" HPOS="415"/>
							<String ID="string_105" HPOS="431" VPOS="431" WIDTH="153" HEIGHT="21" WC="0.74" CONTENT="hottenskolor."/><SP WIDTH="31" VPOS="431" HPOS="584"/>
							<String ID="string_106" HPOS="615" VPOS="430" WIDTH="32" HEIGHT="22" WC="0.93" CONTENT="De"/><SP WIDTH="16" VPOS="430" HPOS="647"/>
							<String ID="string_107" HPOS="663" VPOS="430" WIDTH="63" HEIGHT="22" WC="0.96" CONTENT="hafva"/><SP WIDTH="16" VPOS="430" HPOS="726"/>
							<String ID="string_108" HPOS="742" VPOS="432" WIDTH="40" HEIGHT="21" WC="0.96" CONTENT="den"/><SP WIDTH="16" VPOS="432" HPOS="782"/>
							<String ID="string_109" HPOS="798" VPOS="434" WIDTH="60" HEIGHT="20" WC="0.93" CONTENT="stora"/><SP WIDTH="16" VPOS="434" HPOS="858"/>
							<String ID="string_110" HPOS="874" VPOS="432" WIDTH="44" HEIGHT="22" WC="0.92" CONTENT="olä-"/>
						</TextLine>
						<TextLine ID="line_11" HPOS="97" VPOS="459" WIDTH="821" HEIGHT="29">
							<String ID="string_111" HPOS="97" VPOS="459" WIDTH="108" HEIGHT="27" WC="0.92" CONTENT="genheten"/><SP WIDTH="16" VPOS="459" HPOS="205"/>
							<String ID="string_112" HPOS="221" VPOS="461" WIDTH="32" HEIGHT="19" WC="0.83" CONTENT="att"/><SP WIDTH="14" VPOS="461" HPOS="253"/>
							<String ID="string_113" HPOS="267" VPOS="459" WIDTH="95" HEIGHT="22" WC="0.92" CONTENT="hvarken"/><SP WIDTH="16" VPOS="459" HPOS="362"/>
							<String ID="string_114" HPOS="378" VPOS="459" WIDTH="42" HEIGHT="22" WC="0.93" CONTENT="den"/><SP WIDTH="15" VPOS="459" HPOS="420"/>
							<String ID="string_115" HPOS="435" VPOS="460" WIDTH="62" HEIGHT="21" WC="0.96" CONTENT="lärda"/><SP WIDTH="14" VPOS="460" HPOS="497"/>
							<String ID="string_116" HPOS="511" VPOS="460" WIDTH="75" HEIGHT="21" WC="0.96" CONTENT="skolan"/><SP WIDTH="16" VPOS="460" HPOS="586"/>
							<String ID="string_117" HPOS="602" VPOS="459" WIDTH="52" HEIGHT="22" WC="0.93" CONTENT="eller"/><SP WIDTH="15" VPOS="459" HPOS="654"/>
							<String ID="string_118" HPOS="669" VPOS="460" WIDTH="120" HEIGHT="22" WC="0.96" CONTENT="realskolan"/><SP WIDTH="13" VPOS="460" HPOS="789"/>
							<String ID="string_119" HPOS="802" VPOS="460" WIDTH="23" HEIGHT="22" WC="0.93" CONTENT="få"/><SP WIDTH="10" VPOS="460" HPOS="825"/>
							<String ID="string_120" HPOS="835" VPOS="461" WIDTH="83" HEIGHT="27" WC="0.92" CONTENT="organi-"/>
						</TextLine>
						<TextLine ID="line_12" HPOS="96" VPOS="488" WIDTH="824" HEIGHT="28">
							<String ID="string_121" HPOS="96" VPOS="494" WIDTH="52" HEIGHT="16" WC="0.96" CONTENT="sera"/><SP WIDTH="14" VPOS="494" HPOS="148"/>
							<String ID="string_122" HPOS="162" VPOS="488" WIDTH="34" HEIGHT="27" WC="0.96" CONTENT="sig"/><SP WIDTH="16" VPOS="488" HPOS="196"/>
							<String ID="string_123" HPOS="212" VPOS="488" WIDTH="53" HEIGHT="22" WC="0.96" CONTENT="efter"/><SP WIDTH="16" VPOS="488" HPOS="265"/>
							<String ID="string_124" HPOS="281" VPOS="488" WIDTH="47" HEIGHT="21" WC="0.96" CONTENT="sina"/><SP WIDTH="15" VPOS="488" HPOS="328"/>
							<String ID="string_125" HPOS="343" VPOS="494" WIDTH="55" HEIGHT="21" WC="0.93" CONTENT="egna"/><SP WIDTH="14" VPOS="494" HPOS="398"/>
							<String ID="string_126" HPOS="412" VPOS="488" WIDTH="126" HEIGHT="27" WC="0.96" CONTENT="fordringar,"/><SP WIDTH="17" VPOS="488" HPOS="538"/>
							<String ID="string_127" HPOS="555" VPOS="488" WIDTH="54" HEIGHT="22" WC="0.93" CONTENT="efter"/><SP WIDTH="16" VPOS="488" HPOS="609"/>
							<String ID="string_128" HPOS="625" VPOS="488" WIDTH="55" HEIGHT="22" WC="0.96" CONTENT="hvad"/><SP WIDTH="10" VPOS="488" HPOS="680"/>
							<String ID="string_129" HPOS="690" VPOS="488" WIDTH="32" HEIGHT="22" WC="0.96" CONTENT="för"/><SP WIDTH="11" VPOS="488" HPOS="722"/>
							<String ID="string_130" HPOS="733" VPOS="489" WIDTH="49" HEIGHT="21" WC="0.93" CONTENT="dem"/><SP WIDTH="10" VPOS="489" HPOS="782"/>
							<String ID="string_131" HPOS="792" VPOS="496" WIDTH="50" HEIGHT="15" WC="0.92" CONTENT="vore"/><SP WIDTH="8" VPOS="496" HPOS="842"/>
							<String ID="string_132" HPOS="850" VPOS="490" WIDTH="70" HEIGHT="26" WC="0.87" CONTENT="lämp-"/>
						</TextLine>
						<TextLine ID="line_13" HPOS="97" VPOS="516" WIDTH="823" HEIGHT="28">
							<String ID="string_133" HPOS="97" VPOS="517" WIDTH="72" HEIGHT="27" WC="0.93" CONTENT="ligast,"/><SP WIDTH="25" VPOS="517" HPOS="169"/>
							<String ID="string_134" HPOS="194" VPOS="516" WIDTH="28" HEIGHT="22" WC="0.93" CONTENT="dä"/><SP WIDTH="21" VPOS="516" HPOS="222"/>
							<String ID="string_135" HPOS="243" VPOS="516" WIDTH="105" HEIGHT="22" WC="0.91" CONTENT="hvardera"/><SP WIDTH="15" VPOS="516" HPOS="348"/>
							<String ID="string_136" HPOS="363" VPOS="517" WIDTH="28" HEIGHT="27" WC="0.96" CONTENT="pä"/><SP WIDTH="20" VPOS="517" HPOS="391"/>
							<String ID="string_137" HPOS="411" VPOS="517" WIDTH="46" HEIGHT="21" WC="0.96" CONTENT="sina"/><SP WIDTH="15" VPOS="517" HPOS="457"/>
							<String ID="string_138" HPOS="472" VPOS="517" WIDTH="67" HEIGHT="22" WC="0.93" CONTENT="första"/><SP WIDTH="14" VPOS="517" HPOS="539"/>
							<String ID="string_139" HPOS="553" VPOS="517" WIDTH="84" HEIGHT="21" WC="0.92" CONTENT="klasser"/><SP WIDTH="15" VPOS="517" HPOS="637"/>
							<String ID="string_140" HPOS="652" VPOS="517" WIDTH="62" HEIGHT="22" WC="0.93" CONTENT="skola"/><SP WIDTH="14" VPOS="517" HPOS="714"/>
							<String ID="string_141" HPOS="728" VPOS="524" WIDTH="88" HEIGHT="20" WC="0.91" CONTENT="pressas"/><SP WIDTH="15" VPOS="524" HPOS="816"/>
							<String ID="string_142" HPOS="831" VPOS="519" WIDTH="89" HEIGHT="21" WC="0.91" CONTENT="tillsam-"/>
						</TextLine>
						<TextLine ID="line_14" HPOS="97" VPOS="545" WIDTH="823" HEIGHT="29">
							<String ID="string_143" HPOS="97" VPOS="552" WIDTH="72" HEIGHT="20" WC="0.90" CONTENT="mans;"/><SP WIDTH="22" VPOS="552" HPOS="169"/>
							<String ID="string_144" HPOS="191" VPOS="545" WIDTH="86" HEIGHT="22" WC="0.92" CONTENT="hvarför"/><SP WIDTH="21" VPOS="545" HPOS="277"/>
							<String ID="string_145" HPOS="298" VPOS="552" WIDTH="48" HEIGHT="14" WC="0.96" CONTENT="man"/><SP WIDTH="20" VPOS="552" HPOS="346"/>
							<String ID="string_146" HPOS="366" VPOS="546" WIDTH="7" HEIGHT="21" WC="0.95" CONTENT="i"/><SP WIDTH="20" VPOS="546" HPOS="373"/>
							<String ID="string_147" HPOS="393" VPOS="545" WIDTH="88" HEIGHT="27" WC="0.93" CONTENT="Sverige"/><SP WIDTH="16" VPOS="545" HPOS="481"/>
							<String ID="string_148" HPOS="497" VPOS="552" WIDTH="62" HEIGHT="22" WC="0.93" CONTENT="synes"/><SP WIDTH="16" VPOS="552" HPOS="559"/>
							<String ID="string_149" HPOS="575" VPOS="546" WIDTH="69" HEIGHT="22" WC="0.92" CONTENT="önska"/><SP WIDTH="15" VPOS="546" HPOS="644"/>
							<String ID="string_150" HPOS="659" VPOS="546" WIDTH="39" HEIGHT="22" WC="0.93" CONTENT="och"/><SP WIDTH="16" VPOS="546" HPOS="698"/>
							<String ID="string_151" HPOS="714" VPOS="546" WIDTH="82" HEIGHT="28" WC="0.91" CONTENT="hoppas"/><SP WIDTH="17" VPOS="546" HPOS="796"/>
							<String ID="string_152" HPOS="813" VPOS="549" WIDTH="32" HEIGHT="19" WC="0.96" CONTENT="att"/><SP WIDTH="15" VPOS="549" HPOS="845"/>
							<String ID="string_153" HPOS="860" VPOS="549" WIDTH="60" HEIGHT="19" WC="0.96" CONTENT="snart"/>
						</TextLine>
						<TextLine ID="line_15" HPOS="97" VPOS="574" WIDTH="822" HEIGHT="29">
							<String ID="string_154" HPOS="97" VPOS="574" WIDTH="66" HEIGHT="23" WC="0.92" CONTENT="blifva"/><SP WIDTH="23" VPOS="574" HPOS="163"/>
							<String ID="string_155" HPOS="186" VPOS="575" WIDTH="60" HEIGHT="22" WC="0.93" CONTENT="detta"/><SP WIDTH="22" VPOS="575" HPOS="246"/>
							<String ID="string_156" HPOS="268" VPOS="574" WIDTH="233" HEIGHT="23" WC="0.92" CONTENT="bottenskoleväsende"/><SP WIDTH="19" VPOS="574" HPOS="501"/>
							<String ID="string_157" HPOS="520" VPOS="576" WIDTH="61" HEIGHT="26" WC="0.91" CONTENT="gvitt."/><SP WIDTH="31" VPOS="576" HPOS="581"/>
							<String ID="string_158" HPOS="612" VPOS="574" WIDTH="77" HEIGHT="23" WC="0.91" CONTENT="Vidare"/><SP WIDTH="15" VPOS="574" HPOS="689"/>
							<String ID="string_159" HPOS="704" VPOS="581" WIDTH="64" HEIGHT="16" WC="0.97" CONTENT="anser"/><SP WIDTH="12" VPOS="581" HPOS="768"/>
							<String ID="string_160" HPOS="780" VPOS="577" WIDTH="38" HEIGHT="26" WC="0.96" CONTENT="jag"/><SP WIDTH="15" VPOS="577" HPOS="818"/>
							<String ID="string_161" HPOS="833" VPOS="578" WIDTH="34" HEIGHT="20" WC="0.96" CONTENT="att"/><SP WIDTH="14" VPOS="578" HPOS="867"/>
							<String ID="string_162" HPOS="881" VPOS="576" WIDTH="38" HEIGHT="22" WC="0.97" CONTENT="det"/>
						</TextLine>
						<TextLine ID="line_16" HPOS="98" VPOS="603" WIDTH="822" HEIGHT="28">
							<String ID="string_163" HPOS="98" VPOS="604" WIDTH="33" HEIGHT="21" WC="0.95" CONTENT="till"/><SP WIDTH="23" VPOS="604" HPOS="131"/>
							<String ID="string_164" HPOS="154" VPOS="604" WIDTH="40" HEIGHT="21" WC="0.96" CONTENT="och"/><SP WIDTH="22" VPOS="604" HPOS="194"/>
							<String ID="string_165" HPOS="216" VPOS="603" WIDTH="49" HEIGHT="22" WC="0.96" CONTENT="med"/><SP WIDTH="22" VPOS="603" HPOS="265"/>
							<String ID="string_166" HPOS="287" VPOS="606" WIDTH="53" HEIGHT="18" WC="0.93" CONTENT="utan"/><SP WIDTH="22" VPOS="606" HPOS="340"/>
							<String ID="string_167" HPOS="362" VPOS="604" WIDTH="80" HEIGHT="27" WC="0.90" CONTENT="speciel"/><SP WIDTH="15" VPOS="604" HPOS="442"/>
							<String ID="string_168" HPOS="457" VPOS="604" WIDTH="122" HEIGHT="21" WC="0.92" CONTENT="erfarenhet"/><SP WIDTH="14" VPOS="604" HPOS="579"/>
							<String ID="string_169" HPOS="593" VPOS="603" WIDTH="7" HEIGHT="22" WC="0.96" CONTENT="i"/><SP WIDTH="16" VPOS="603" HPOS="600"/>
							<String ID="string_170" HPOS="616" VPOS="603" WIDTH="68" HEIGHT="22" WC="0.96" CONTENT="saken"/><SP WIDTH="14" VPOS="603" HPOS="684"/>
							<String ID="string_171" HPOS="698" VPOS="605" WIDTH="41" HEIGHT="20" WC="0.93" CONTENT="bör"/><SP WIDTH="14" VPOS="605" HPOS="739"/>
							<String ID="string_172" HPOS="753" VPOS="604" WIDTH="51" HEIGHT="22" WC="0.92" CONTENT="falla"/><SP WIDTH="15" VPOS="604" HPOS="804"/>
							<String ID="string_173" HPOS="819" VPOS="606" WIDTH="79" HEIGHT="21" WC="0.92" CONTENT="enhvar"/><SP WIDTH="15" VPOS="606" HPOS="898"/>
							<String ID="string_174" HPOS="913" VPOS="606" WIDTH="7" HEIGHT="20" WC="0.96" CONTENT="i"/>
						</TextLine>
						<TextLine ID="line_17" HPOS="98" VPOS="632" WIDTH="822" HEIGHT="28">
							<String ID="string_175" HPOS="98" VPOS="635" WIDTH="91" HEIGHT="25" WC="0.96" CONTENT="ögonen,"/><SP WIDTH="23" VPOS="635" HPOS="189"/>
							<String ID="string_176" HPOS="212" VPOS="634" WIDTH="33" HEIGHT="19" WC="0.93" CONTENT="att"/><SP WIDTH="14" VPOS="634" HPOS="245"/>
							<String ID="string_177" HPOS="259" VPOS="632" WIDTH="82" HEIGHT="21" WC="0.96" CONTENT="sådana"/><SP WIDTH="15" VPOS="632" HPOS="341"/>
							<String ID="string_178" HPOS="356" VPOS="633" WIDTH="79" HEIGHT="25" WC="0.96" CONTENT="skolor,"/><SP WIDTH="20" VPOS="633" HPOS="435"/>
							<String ID="string_179" HPOS="455" VPOS="633" WIDTH="73" HEIGHT="21" WC="0.96" CONTENT="hvilka"/><SP WIDTH="15" VPOS="633" HPOS="528"/>
							<String ID="string_180" HPOS="543" VPOS="633" WIDTH="68" HEIGHT="21" WC="0.95" CONTENT="under"/><SP WIDTH="15" VPOS="633" HPOS="611"/>
							<String ID="string_181" HPOS="626" VPOS="638" WIDTH="25" HEIGHT="16" WC="0.93" CONTENT="en"/><SP WIDTH="17" VPOS="638" HPOS="651"/>
							<String ID="string_182" HPOS="668" VPOS="633" WIDTH="80" HEIGHT="26" WC="0.96" CONTENT="treårig"/><SP WIDTH="14" VPOS="633" HPOS="748"/>
							<String ID="string_183" HPOS="762" VPOS="633" WIDTH="80" HEIGHT="22" WC="0.96" CONTENT="skoltid"/><SP WIDTH="16" VPOS="633" HPOS="842"/>
							<String ID="string_184" HPOS="858" VPOS="634" WIDTH="62" HEIGHT="21" WC="0.96" CONTENT="skola"/>
						</TextLine>
						<TextLine ID="line_18" HPOS="97" VPOS="660" WIDTH="824" HEIGHT="24">
							<String ID="string_185" HPOS="97" VPOS="661" WIDTH="101" HEIGHT="22" WC="0.93" CONTENT="meddela"/><SP WIDTH="16" VPOS="661" HPOS="198"/>
							<String ID="string_186" HPOS="214" VPOS="660" WIDTH="105" HEIGHT="22" WC="0.93" CONTENT="afslutade"/><SP WIDTH="16" VPOS="660" HPOS="319"/>
							<String ID="string_187" HPOS="335" VPOS="661" WIDTH="76" HEIGHT="21" WC="0.93" CONTENT="kurser"/><SP WIDTH="18" VPOS="661" HPOS="411"/>
							<String ID="string_188" HPOS="429" VPOS="663" WIDTH="15" HEIGHT="19" WC="0.93" CONTENT="t."/><SP WIDTH="21" VPOS="663" HPOS="444"/>
							<String ID="string_189" HPOS="465" VPOS="667" WIDTH="30" HEIGHT="15" WC="0.96" CONTENT="ex."/><SP WIDTH="17" VPOS="667" HPOS="495"/>
							<String ID="string_190" HPOS="512" VPOS="661" WIDTH="7" HEIGHT="21" WC="0.93" CONTENT="i"/><SP WIDTH="15" VPOS="661" HPOS="519"/>
							<String ID="string_191" HPOS="534" VPOS="661" WIDTH="89" HEIGHT="22" WC="0.84" CONTENT="kistorie"/><SP WIDTH="16" VPOS="661" HPOS="623"/>
							<String ID="string_192" HPOS="639" VPOS="661" WIDTH="41" HEIGHT="21" WC="0.96" CONTENT="och"/><SP WIDTH="14" VPOS="661" HPOS="680"/>
							<String ID="string_193" HPOS="694" VPOS="661" WIDTH="32" HEIGHT="21" WC="0.92" CONTENT="uti"/><SP WIDTH="15" VPOS="661" HPOS="726"/>
							<String ID="string_194" HPOS="741" VPOS="663" WIDTH="180" HEIGHT="21" WC="0.92" CONTENT="naturvetenska-"/>
						</TextLine>
						<TextLine ID="line_19" HPOS="97" VPOS="689" WIDTH="822" HEIGHT="28">
							<String ID="string_195" HPOS="97" VPOS="696" WIDTH="74" HEIGHT="21" WC="0.96" CONTENT="perna,"/><SP WIDTH="16" VPOS="696" HPOS="171"/>
							<String ID="string_196" HPOS="187" VPOS="690" WIDTH="47" HEIGHT="21" WC="0.96" CONTENT="icke"/><SP WIDTH="15" VPOS="690" HPOS="234"/>
							<String ID="string_197" HPOS="249" VPOS="689" WIDTH="72" HEIGHT="22" WC="0.96" CONTENT="kunna"/><SP WIDTH="15" VPOS="689" HPOS="321"/>
							<String ID="string_198" HPOS="336" VPOS="689" WIDTH="134" HEIGHT="27" WC="0.96" CONTENT="organiseras"/><SP WIDTH="16" VPOS="689" HPOS="470"/>
							<String ID="string_199" HPOS="486" VPOS="690" WIDTH="28" HEIGHT="26" WC="0.96" CONTENT="på"/><SP WIDTH="16" VPOS="690" HPOS="514"/>
							<String ID="string_200" HPOS="530" VPOS="691" WIDTH="30" HEIGHT="20" WC="0.93" CONTENT="ett"/><SP WIDTH="16" VPOS="691" HPOS="560"/>
							<String ID="string_201" HPOS="576" VPOS="689" WIDTH="199" HEIGHT="22" WC="0.92" CONTENT="tillfredsställande"/><SP WIDTH="16" VPOS="689" HPOS="775"/>
							<String ID="string_202" HPOS="791" VPOS="691" WIDTH="40" HEIGHT="21" WC="0.93" CONTENT="och"/><SP WIDTH="8" VPOS="691" HPOS="831"/>
							<String ID="string_203" HPOS="839" VPOS="690" WIDTH="80" HEIGHT="23" WC="0.92" CONTENT="förnuf-"/>
						</TextLine>
						<TextLine ID="line_20" HPOS="98" VPOS="717" WIDTH="822" HEIGHT="29">
							<String ID="string_204" HPOS="98" VPOS="719" WIDTH="42" HEIGHT="27" WC="0.96" CONTENT="tigt"/><SP WIDTH="22" VPOS="719" HPOS="140"/>
							<String ID="string_205" HPOS="162" VPOS="720" WIDTH="50" HEIGHT="19" WC="0.93" CONTENT="sätt."/><SP WIDTH="31" VPOS="720" HPOS="212"/>
							<String ID="string_206" HPOS="243" VPOS="717" WIDTH="107" HEIGHT="22" WC="0.90" CONTENT="Särskildt"/><SP WIDTH="22" VPOS="717" HPOS="350"/>
							<String ID="string_207" HPOS="372" VPOS="721" WIDTH="24" HEIGHT="18" WC="0.96" CONTENT="är"/><SP WIDTH="23" VPOS="721" HPOS="396"/>
							<String ID="string_208" HPOS="419" VPOS="718" WIDTH="70" HEIGHT="21" WC="0.95" CONTENT="denna"/><SP WIDTH="23" VPOS="718" HPOS="489"/>
							<String ID="string_209" HPOS="512" VPOS="725" WIDTH="28" HEIGHT="14" WC="0.95" CONTENT="nu"/><SP WIDTH="21" VPOS="725" HPOS="540"/>
							<String ID="string_210" HPOS="561" VPOS="717" WIDTH="126" HEIGHT="28" WC="0.93" CONTENT="ifrågasatta"/><SP WIDTH="16" VPOS="717" HPOS="687"/>
							<String ID="string_211" HPOS="703" VPOS="719" WIDTH="217" HEIGHT="26" WC="0.92" CONTENT="skolreorganisation"/>
						</TextLine>
						<TextLine ID="line_21" HPOS="98" VPOS="746" WIDTH="822" HEIGHT="29">
							<String ID="string_212" HPOS="98" VPOS="747" WIDTH="92" HEIGHT="28" WC="0.96" CONTENT="olycklig"/><SP WIDTH="15" VPOS="747" HPOS="190"/>
							<String ID="string_213" HPOS="205" VPOS="747" WIDTH="33" HEIGHT="21" WC="0.96" CONTENT="för"/><SP WIDTH="15" VPOS="747" HPOS="238"/>
							<String ID="string_214" HPOS="253" VPOS="747" WIDTH="41" HEIGHT="21" WC="0.96" CONTENT="den"/><SP WIDTH="15" VPOS="747" HPOS="294"/>
							<String ID="string_215" HPOS="309" VPOS="747" WIDTH="61" HEIGHT="21" WC="0.96" CONTENT="lärda"/><SP WIDTH="16" VPOS="747" HPOS="370"/>
							<String ID="string_216" HPOS="386" VPOS="746" WIDTH="85" HEIGHT="27" WC="0.96" CONTENT="skolan;"/><SP WIDTH="17" VPOS="746" HPOS="471"/>
							<String ID="string_217" HPOS="488" VPOS="747" WIDTH="40" HEIGHT="21" WC="0.96" CONTENT="den"/><SP WIDTH="16" VPOS="747" HPOS="528"/>
							<String ID="string_218" HPOS="544" VPOS="746" WIDTH="115" HEIGHT="27" WC="0.96" CONTENT="olämpliga"/><SP WIDTH="14" VPOS="746" HPOS="659"/>
							<String ID="string_219" HPOS="673" VPOS="746" WIDTH="146" HEIGHT="28" WC="0.96" CONTENT="fördelningen"/><SP WIDTH="14" VPOS="746" HPOS="819"/>
							<String ID="string_220" HPOS="833" VPOS="747" WIDTH="22" HEIGHT="22" WC="0.93" CONTENT="af"/><SP WIDTH="9" VPOS="747" HPOS="855"/>
							<String ID="string_221" HPOS="864" VPOS="749" WIDTH="56" HEIGHT="20" WC="0.92" CONTENT="läro-"/>
						</TextLine>
						<TextLine ID="line_22" HPOS="98" VPOS="775" WIDTH="823" HEIGHT="27">
							<String ID="string_222" HPOS="98" VPOS="778" WIDTH="84" HEIGHT="23" WC="0.95" CONTENT="ämnen,"/><SP WIDTH="17" VPOS="778" HPOS="182"/>
							<String ID="string_223" HPOS="199" VPOS="781" WIDTH="46" HEIGHT="16" WC="0.96" CONTENT="som"/><SP WIDTH="15" VPOS="781" HPOS="245"/>
							<String ID="string_224" HPOS="260" VPOS="781" WIDTH="48" HEIGHT="16" WC="0.96" CONTENT="man"/><SP WIDTH="16" VPOS="781" HPOS="308"/>
							<String ID="string_225" HPOS="324" VPOS="775" WIDTH="35" HEIGHT="21" WC="0.95" CONTENT="vill"/><SP WIDTH="16" VPOS="775" HPOS="359"/>
							<String ID="string_226" HPOS="375" VPOS="775" WIDTH="154" HEIGHT="27" WC="0.96" CONTENT="åstadkomma,"/><SP WIDTH="17" VPOS="775" HPOS="529"/>
							<String ID="string_227" HPOS="546" VPOS="775" WIDTH="69" HEIGHT="22" WC="0.95" CONTENT="måste"/><SP WIDTH="14" VPOS="775" HPOS="615"/>
							<String ID="string_228" HPOS="629" VPOS="775" WIDTH="4" HEIGHT="21" WC="0.95" CONTENT="i"/><SP WIDTH="10" VPOS="775" HPOS="633"/>
							<String ID="string_229" HPOS="643" VPOS="775" WIDTH="77" HEIGHT="27" WC="0.92" CONTENT="många"/><SP WIDTH="10" VPOS="775" HPOS="720"/>
							<String ID="string_230" HPOS="730" VPOS="775" WIDTH="116" HEIGHT="22" WC="0.91" CONTENT="afseenden"/><SP WIDTH="8" VPOS="775" HPOS="846"/>
							<String ID="string_231" HPOS="854" VPOS="777" WIDTH="67" HEIGHT="21" WC="0.96" CONTENT="verka"/>
						</TextLine>
						<TextLine ID="line_23" HPOS="98" VPOS="804" WIDTH="822" HEIGHT="27">
							<String ID="string_232" HPOS="98" VPOS="804" WIDTH="102" HEIGHT="27" WC="0.96" CONTENT="skadligt,"/><SP WIDTH="16" VPOS="804" HPOS="200"/>
							<String ID="string_233" HPOS="216" VPOS="805" WIDTH="6" HEIGHT="20" WC="0.96" CONTENT="i"/><SP WIDTH="16" VPOS="805" HPOS="222"/>
							<String ID="string_234" HPOS="238" VPOS="804" WIDTH="115" HEIGHT="27" WC="0.96" CONTENT="synnerhet"/><SP WIDTH="16" VPOS="804" HPOS="353"/>
							<String ID="string_235" HPOS="369" VPOS="804" WIDTH="28" HEIGHT="21" WC="0.95" CONTENT="då"/><SP WIDTH="14" VPOS="804" HPOS="397"/>
							<String ID="string_236" HPOS="411" VPOS="811" WIDTH="49" HEIGHT="14" WC="0.96" CONTENT="man"/><SP WIDTH="15" VPOS="811" HPOS="460"/>
							<String ID="string_237" HPOS="475" VPOS="804" WIDTH="58" HEIGHT="21" WC="0.93" CONTENT="velat"/><SP WIDTH="8" VPOS="804" HPOS="533"/>
							<String ID="string_238" HPOS="541" VPOS="810" WIDTH="171" HEIGHT="21" WC="0.92" CONTENT="sammanpressa"/><SP WIDTH="9" VPOS="810" HPOS="712"/>
							<String ID="string_239" HPOS="721" VPOS="805" WIDTH="49" HEIGHT="21" WC="0.96" CONTENT="hela"/><SP WIDTH="8" VPOS="805" HPOS="770"/>
							<String ID="string_240" HPOS="778" VPOS="805" WIDTH="41" HEIGHT="21" WC="0.96" CONTENT="den"/><SP WIDTH="8" VPOS="805" HPOS="819"/>
							<String ID="string_241" HPOS="827" VPOS="805" WIDTH="93" HEIGHT="22" WC="0.94" CONTENT="latinska"/>
						</TextLine>
						<TextLine ID="line_24" HPOS="98" VPOS="832" WIDTH="823" HEIGHT="28">
							<String ID="string_242" HPOS="98" VPOS="833" WIDTH="80" HEIGHT="22" WC="0.95" CONTENT="kursen"/><SP WIDTH="22" VPOS="833" HPOS="178"/>
							<String ID="string_243" HPOS="200" VPOS="833" WIDTH="28" HEIGHT="26" WC="0.96" CONTENT="på"/><SP WIDTH="20" VPOS="833" HPOS="228"/>
							<String ID="string_244" HPOS="248" VPOS="833" WIDTH="27" HEIGHT="21" WC="0.96" CONTENT="de"/><SP WIDTH="18" VPOS="833" HPOS="275"/>
							<String ID="string_245" HPOS="293" VPOS="833" WIDTH="67" HEIGHT="26" WC="0.96" CONTENT="högre"/><SP WIDTH="15" VPOS="833" HPOS="360"/>
							<String ID="string_246" HPOS="375" VPOS="833" WIDTH="118" HEIGHT="25" WC="0.93" CONTENT="klasserna,"/><SP WIDTH="16" VPOS="833" HPOS="493"/>
							<String ID="string_247" HPOS="509" VPOS="832" WIDTH="102" HEIGHT="28" WC="0.93" CONTENT="börjande"/><SP WIDTH="15" VPOS="832" HPOS="611"/>
							<String ID="string_248" HPOS="626" VPOS="832" WIDTH="47" HEIGHT="22" WC="0.96" CONTENT="från"/><SP WIDTH="16" VPOS="832" HPOS="673"/>
							<String ID="string_249" HPOS="689" VPOS="833" WIDTH="41" HEIGHT="21" WC="0.93" CONTENT="den"/><SP WIDTH="14" VPOS="833" HPOS="730"/>
							<String ID="string_250" HPOS="744" VPOS="833" WIDTH="76" HEIGHT="27" WC="0.91" CONTENT="fjerde,"/><SP WIDTH="15" VPOS="833" HPOS="820"/>
							<String ID="string_251" HPOS="835" VPOS="834" WIDTH="41" HEIGHT="21" WC="0.96" CONTENT="och"/><SP WIDTH="16" VPOS="834" HPOS="876"/>
							<String ID="string_252" HPOS="892" VPOS="834" WIDTH="29" HEIGHT="21" WC="0.96" CONTENT="då"/>
						</TextLine>
						<TextLine ID="line_25" HPOS="98" VPOS="861" WIDTH="823" HEIGHT="29">
							<String ID="string_253" HPOS="98" VPOS="869" WIDTH="48" HEIGHT="15" WC="0.96" CONTENT="man"/><SP WIDTH="24" VPOS="869" HPOS="146"/>
							<String ID="string_254" HPOS="170" VPOS="861" WIDTH="65" HEIGHT="22" WC="0.94" CONTENT="alltså"/><SP WIDTH="22" VPOS="861" HPOS="235"/>
							<String ID="string_255" HPOS="257" VPOS="863" WIDTH="45" HEIGHT="20" WC="0.79" CONTENT="tror"/><SP WIDTH="19" VPOS="863" HPOS="302"/>
							<String ID="string_256" HPOS="321" VPOS="861" WIDTH="34" HEIGHT="27" WC="0.96" CONTENT="sig"/><SP WIDTH="22" VPOS="861" HPOS="355"/>
							<String ID="string_257" HPOS="377" VPOS="862" WIDTH="72" HEIGHT="21" WC="0.96" CONTENT="kunna"/><SP WIDTH="15" VPOS="862" HPOS="449"/>
							<String ID="string_258" HPOS="464" VPOS="862" WIDTH="27" HEIGHT="27" WC="0.96" CONTENT="pä"/><SP WIDTH="16" VPOS="862" HPOS="491"/>
							<String ID="string_259" HPOS="507" VPOS="861" WIDTH="26" HEIGHT="22" WC="0.97" CONTENT="de"/><SP WIDTH="15" VPOS="861" HPOS="533"/>
							<String ID="string_260" HPOS="548" VPOS="861" WIDTH="41" HEIGHT="23" WC="0.96" CONTENT="fem"/><SP WIDTH="16" VPOS="861" HPOS="589"/>
							<String ID="string_261" HPOS="605" VPOS="861" WIDTH="78" HEIGHT="27" WC="0.95" CONTENT="högsta"/><SP WIDTH="14" VPOS="861" HPOS="683"/>
							<String ID="string_262" HPOS="697" VPOS="862" WIDTH="111" HEIGHT="22" WC="0.96" CONTENT="klasserna"/><SP WIDTH="15" VPOS="862" HPOS="808"/>
							<String ID="string_263" HPOS="823" VPOS="863" WIDTH="98" HEIGHT="27" WC="0.96" CONTENT="bibringa"/>
						</TextLine>
						<TextLine ID="line_26" HPOS="98" VPOS="890" WIDTH="822" HEIGHT="29">
							<String ID="string_264" HPOS="98" VPOS="892" WIDTH="100" HEIGHT="21" WC="0.96" CONTENT="eleverna"/><SP WIDTH="22" VPOS="892" HPOS="198"/>
							<String ID="string_265" HPOS="220" VPOS="897" WIDTH="81" HEIGHT="15" WC="0.96" CONTENT="samma"/><SP WIDTH="23" VPOS="897" HPOS="301"/>
							<String ID="string_266" HPOS="324" VPOS="890" WIDTH="55" HEIGHT="22" WC="0.95" CONTENT="mått"/><SP WIDTH="22" VPOS="890" HPOS="379"/>
							<String ID="string_267" HPOS="401" VPOS="890" WIDTH="22" HEIGHT="22" WC="0.93" CONTENT="af"/><SP WIDTH="20" VPOS="890" HPOS="423"/>
							<String ID="string_268" HPOS="443" VPOS="891" WIDTH="153" HEIGHT="27" WC="0.91" CONTENT="latinkunskap"/><SP WIDTH="21" VPOS="891" HPOS="596"/>
							<String ID="string_269" HPOS="617" VPOS="896" WIDTH="46" HEIGHT="16" WC="0.96" CONTENT="som"/><SP WIDTH="16" VPOS="896" HPOS="663"/>
							<String ID="string_270" HPOS="679" VPOS="890" WIDTH="74" HEIGHT="22" WC="0.95" CONTENT="hittills"/><SP WIDTH="16" VPOS="890" HPOS="753"/>
							<String ID="string_271" HPOS="769" VPOS="892" WIDTH="40" HEIGHT="20" WC="0.93" CONTENT="har"/><SP WIDTH="14" VPOS="892" HPOS="809"/>
							<String ID="string_272" HPOS="823" VPOS="892" WIDTH="97" HEIGHT="27" WC="0.92" CONTENT="bibragts"/>
						</TextLine>
						<TextLine ID="line_27" HPOS="98" VPOS="919" WIDTH="823" HEIGHT="29">
							<String ID="string_273" HPOS="98" VPOS="921" WIDTH="49" HEIGHT="21" WC="0.96" CONTENT="dem"/><SP WIDTH="22" VPOS="921" HPOS="147"/>
							<String ID="string_274" HPOS="169" VPOS="920" WIDTH="70" HEIGHT="21" WC="0.96" CONTENT="under"/><SP WIDTH="22" VPOS="920" HPOS="239"/>
							<String ID="string_275" HPOS="261" VPOS="926" WIDTH="25" HEIGHT="15" WC="0.95" CONTENT="en"/><SP WIDTH="16" VPOS="926" HPOS="286"/>
							<String ID="string_276" HPOS="302" VPOS="920" WIDTH="32" HEIGHT="21" WC="0.95" CONTENT="tid"/><SP WIDTH="19" VPOS="920" HPOS="334"/>
							<String ID="string_277" HPOS="353" VPOS="919" WIDTH="23" HEIGHT="21" WC="0.96" CONTENT="af"/><SP WIDTH="13" VPOS="919" HPOS="376"/>
							<String ID="string_278" HPOS="389" VPOS="920" WIDTH="46" HEIGHT="21" WC="0.96" CONTENT="åtta"/><SP WIDTH="16" VPOS="920" HPOS="435"/>
							<String ID="string_279" HPOS="451" VPOS="920" WIDTH="30" HEIGHT="21" WC="0.96" CONTENT="år."/><SP WIDTH="30" VPOS="920" HPOS="481"/>
							<String ID="string_280" HPOS="511" VPOS="920" WIDTH="49" HEIGHT="21" WC="0.93" CONTENT="Man"/><SP WIDTH="15" VPOS="920" HPOS="560"/>
							<String ID="string_281" HPOS="575" VPOS="919" WIDTH="104" HEIGHT="22" WC="0.92" CONTENT="behöfver"/><SP WIDTH="14" VPOS="919" HPOS="679"/>
							<String ID="string_282" HPOS="693" VPOS="920" WIDTH="47" HEIGHT="21" WC="0.96" CONTENT="icke"/><SP WIDTH="15" VPOS="920" HPOS="740"/>
							<String ID="string_283" HPOS="755" VPOS="926" WIDTH="52" HEIGHT="15" WC="0.96" CONTENT="vara"/><SP WIDTH="15" VPOS="926" HPOS="807"/>
							<String ID="string_284" HPOS="822" VPOS="921" WIDTH="99" HEIGHT="27" WC="0.96" CONTENT="pedagog"/>
						</TextLine>
						<TextLine ID="line_28" HPOS="97" VPOS="948" WIDTH="823" HEIGHT="29">
							<String ID="string_285" HPOS="97" VPOS="949" WIDTH="34" HEIGHT="21" WC="0.96" CONTENT="för"/><SP WIDTH="21" VPOS="949" HPOS="131"/>
							<String ID="string_286" HPOS="152" VPOS="950" WIDTH="33" HEIGHT="20" WC="0.96" CONTENT="att"/><SP WIDTH="14" VPOS="950" HPOS="185"/>
							<String ID="string_287" HPOS="199" VPOS="948" WIDTH="68" HEIGHT="22" WC="0.96" CONTENT="förstå"/><SP WIDTH="15" VPOS="948" HPOS="267"/>
							<String ID="string_288" HPOS="282" VPOS="950" WIDTH="33" HEIGHT="20" WC="0.96" CONTENT="att"/><SP WIDTH="14" VPOS="950" HPOS="315"/>
							<String ID="string_289" HPOS="329" VPOS="948" WIDTH="61" HEIGHT="28" WC="0.96" CONTENT="detta"/><SP WIDTH="19" VPOS="948" HPOS="390"/>
							<String ID="string_290" HPOS="409" VPOS="948" WIDTH="70" HEIGHT="22" WC="0.96" CONTENT="måste"/><SP WIDTH="14" VPOS="948" HPOS="479"/>
							<String ID="string_291" HPOS="493" VPOS="948" WIDTH="50" HEIGHT="22" WC="0.96" CONTENT="leda"/><SP WIDTH="14" VPOS="948" HPOS="543"/>
							<String ID="string_292" HPOS="557" VPOS="948" WIDTH="33" HEIGHT="22" WC="0.96" CONTENT="till"/><SP WIDTH="15" VPOS="948" HPOS="590"/>
							<String ID="string_293" HPOS="605" VPOS="954" WIDTH="27" HEIGHT="15" WC="0.96" CONTENT="en"/><SP WIDTH="15" VPOS="954" HPOS="632"/>
							<String ID="string_294" HPOS="647" VPOS="948" WIDTH="85" HEIGHT="27" WC="0.93" CONTENT="orimlig"/><SP WIDTH="16" VPOS="948" HPOS="732"/>
							<String ID="string_295" HPOS="748" VPOS="948" WIDTH="172" HEIGHT="29" WC="0.91" CONTENT="öfveransträng-"/>
						</TextLine>
						<TextLine ID="line_29" HPOS="97" VPOS="976" WIDTH="827" HEIGHT="29">
							<String ID="string_296" HPOS="97" VPOS="978" WIDTH="51" HEIGHT="27" WC="0.96" CONTENT="ning"/><SP WIDTH="22" VPOS="978" HPOS="148"/>
							<String ID="string_297" HPOS="170" VPOS="977" WIDTH="22" HEIGHT="22" WC="0.95" CONTENT="af"/><SP WIDTH="22" VPOS="977" HPOS="192"/>
							<String ID="string_298" HPOS="214" VPOS="978" WIDTH="103" HEIGHT="21" WC="0.93" CONTENT="eleverna."/><SP WIDTH="31" VPOS="978" HPOS="317"/>
							<String ID="string_299" HPOS="348" VPOS="976" WIDTH="145" HEIGHT="22" WC="0.88" CONTENT="Ofverhufvud"/><SP WIDTH="20" VPOS="976" HPOS="493"/>
							<String ID="string_300" HPOS="513" VPOS="977" WIDTH="70" HEIGHT="22" WC="0.96" CONTENT="måste"/><SP WIDTH="21" VPOS="977" HPOS="583"/>
							<String ID="string_301" HPOS="604" VPOS="983" WIDTH="48" HEIGHT="15" WC="0.95" CONTENT="man"/><SP WIDTH="27" VPOS="983" HPOS="652"/>
							<String ID="string_302" HPOS="679" VPOS="977" WIDTH="72" HEIGHT="22" WC="0.95" CONTENT="befara"/><SP WIDTH="15" VPOS="977" HPOS="751"/>
							<String ID="string_303" HPOS="766" VPOS="979" WIDTH="33" HEIGHT="20" WC="0.96" CONTENT="att"/><SP WIDTH="15" VPOS="979" HPOS="799"/>
							<String ID="string_304" HPOS="814" VPOS="984" WIDTH="26" HEIGHT="15" WC="0.96" CONTENT="en"/><SP WIDTH="16" VPOS="984" HPOS="840"/>
							<String ID="string_305" HPOS="856" VPOS="978" WIDTH="68" HEIGHT="22" WC="0.96" CONTENT="sådan"/>
						</TextLine>
						<TextLine ID="line_30" HPOS="98" VPOS="1006" WIDTH="824" HEIGHT="26">
							<String ID="string_306" HPOS="98" VPOS="1007" WIDTH="63" HEIGHT="21" WC="0.95" CONTENT="skola"/><SP WIDTH="15" VPOS="1007" HPOS="161"/>
							<String ID="string_307" HPOS="176" VPOS="1012" WIDTH="46" HEIGHT="15" WC="0.96" CONTENT="som"/><SP WIDTH="15" VPOS="1012" HPOS="222"/>
							<String ID="string_308" HPOS="237" VPOS="1006" WIDTH="42" HEIGHT="21" WC="0.96" CONTENT="den"/><SP WIDTH="20" VPOS="1006" HPOS="279"/>
							<String ID="string_309" HPOS="299" VPOS="1006" WIDTH="121" HEIGHT="26" WC="0.96" CONTENT="föreslagna"/><SP WIDTH="20" VPOS="1006" HPOS="420"/>
							<String ID="string_310" HPOS="440" VPOS="1006" WIDTH="55" HEIGHT="21" WC="0.96" CONTENT="skall"/><SP WIDTH="15" VPOS="1006" HPOS="495"/>
							<String ID="string_311" HPOS="510" VPOS="1006" WIDTH="65" HEIGHT="22" WC="0.96" CONTENT="blifva"/><SP WIDTH="16" VPOS="1006" HPOS="575"/>
							<String ID="string_312" HPOS="591" VPOS="1008" WIDTH="32" HEIGHT="20" WC="0.93" CONTENT="ett"/><SP WIDTH="14" VPOS="1008" HPOS="623"/>
							<String ID="string_313" HPOS="637" VPOS="1006" WIDTH="180" HEIGHT="26" WC="0.89" CONTENT="pinoinstrument"/><SP WIDTH="15" VPOS="1006" HPOS="817"/>
							<String ID="string_314" HPOS="832" VPOS="1006" WIDTH="32" HEIGHT="22" WC="0.96" CONTENT="för"/><SP WIDTH="17" VPOS="1006" HPOS="864"/>
							<String ID="string_315" HPOS="881" VPOS="1008" WIDTH="41" HEIGHT="21" WC="0.96" CONTENT="den"/>
						</TextLine>
						<TextLine ID="line_31" HPOS="101" VPOS="1034" WIDTH="821" HEIGHT="29">
							<String ID="string_316" HPOS="101" VPOS="1035" WIDTH="140" HEIGHT="27" WC="0.96" CONTENT="uppväxande"/><SP WIDTH="20" VPOS="1035" HPOS="241"/>
							<String ID="string_317" HPOS="261" VPOS="1034" WIDTH="153" HEIGHT="27" WC="0.96" CONTENT="generationen"/><SP WIDTH="19" VPOS="1034" HPOS="414"/>
							<String ID="string_318" HPOS="433" VPOS="1034" WIDTH="41" HEIGHT="22" WC="0.96" CONTENT="och"/><SP WIDTH="15" VPOS="1034" HPOS="474"/>
							<String ID="string_319" HPOS="489" VPOS="1035" WIDTH="6" HEIGHT="21" WC="0.96" CONTENT="i"/><SP WIDTH="16" VPOS="1035" HPOS="495"/>
							<String ID="string_320" HPOS="511" VPOS="1034" WIDTH="43" HEIGHT="28" WC="0.96" CONTENT="hög"/><SP WIDTH="14" VPOS="1034" HPOS="554"/>
							<String ID="string_321" HPOS="568" VPOS="1034" WIDTH="53" HEIGHT="28" WC="0.96" CONTENT="grad"/><SP WIDTH="14" VPOS="1034" HPOS="621"/>
							<String ID="string_322" HPOS="635" VPOS="1035" WIDTH="67" HEIGHT="21" WC="0.96" CONTENT="verka"/><SP WIDTH="16" VPOS="1035" HPOS="702"/>
							<String ID="string_323" HPOS="718" VPOS="1035" WIDTH="161" HEIGHT="27" WC="0.96" CONTENT="deprimerande"/><SP WIDTH="15" VPOS="1035" HPOS="879"/>
							<String ID="string_324" HPOS="894" VPOS="1036" WIDTH="28" HEIGHT="27" WC="0.96" CONTENT="på"/>
						</TextLine>
						<TextLine ID="line_32" HPOS="101" VPOS="1063" WIDTH="821" HEIGHT="29">
							<String ID="string_325" HPOS="101" VPOS="1064" WIDTH="50" HEIGHT="22" WC="0.96" CONTENT="dess"/><SP WIDTH="15" VPOS="1064" HPOS="151"/>
							<String ID="string_326" HPOS="166" VPOS="1064" WIDTH="82" HEIGHT="27" WC="0.96" CONTENT="fysiska"/><SP WIDTH="15" VPOS="1064" HPOS="248"/>
							<String ID="string_327" HPOS="263" VPOS="1063" WIDTH="40" HEIGHT="21" WC="0.96" CONTENT="och"/><SP WIDTH="15" VPOS="1063" HPOS="303"/>
							<String ID="string_328" HPOS="318" VPOS="1063" WIDTH="103" HEIGHT="27" WC="0.96" CONTENT="psykiska"/><SP WIDTH="7" VPOS="1063" HPOS="421"/>
							<String ID="string_329" HPOS="428" VPOS="1063" WIDTH="123" HEIGHT="27" WC="0.96" CONTENT="utveckling"/><SP WIDTH="8" VPOS="1063" HPOS="551"/>
							<String ID="string_330" HPOS="559" VPOS="1069" WIDTH="76" HEIGHT="21" WC="0.96" CONTENT="genom"/><SP WIDTH="10" VPOS="1069" HPOS="635"/>
							<String ID="string_331" HPOS="645" VPOS="1064" WIDTH="36" HEIGHT="21" WC="0.91" CONTENT="det"/><SP WIDTH="8" VPOS="1064" HPOS="681"/>
							<String ID="string_332" HPOS="689" VPOS="1063" WIDTH="137" HEIGHT="22" WC="0.91" CONTENT="öfverhöfvan"/><SP WIDTH="8" VPOS="1063" HPOS="826"/>
							<String ID="string_333" HPOS="834" VPOS="1066" WIDTH="88" HEIGHT="26" WC="0.96" CONTENT="stränga"/>
						</TextLine>
						<TextLine ID="line_33" HPOS="100" VPOS="1092" WIDTH="243" HEIGHT="27">
							<String ID="string_334" HPOS="100" VPOS="1093" WIDTH="76" HEIGHT="21" WC="0.96" CONTENT="arbete"/><SP WIDTH="16" VPOS="1093" HPOS="176"/>
							<String ID="string_335" HPOS="192" VPOS="1092" WIDTH="41" HEIGHT="22" WC="0.96" CONTENT="den"/><SP WIDTH="16" VPOS="1092" HPOS="233"/>
							<String ID="string_336" HPOS="249" VPOS="1092" WIDTH="94" HEIGHT="27" WC="0.96" CONTENT="ålägger."/>
						</TextLine>
					</TextBlock>
					<TextBlock ID="block_2" HPOS="101" VPOS="1120" WIDTH="827" HEIGHT="427">
						<TextLine ID="line_34" HPOS="170" VPOS="1120" WIDTH="753" HEIGHT="28">
							<String ID="string_337" HPOS="170" VPOS="1121" WIDTH="42" HEIGHT="27" WC="0.96" CONTENT="Jag"/><SP WIDTH="14" VPOS="1121" HPOS="212"/>
							<String ID="string_338" HPOS="226" VPOS="1123" WIDTH="24" HEIGHT="19" WC="0.96" CONTENT="är"/><SP WIDTH="14" VPOS="1123" HPOS="250"/>
							<String ID="string_339" HPOS="264" VPOS="1120" WIDTH="33" HEIGHT="22" WC="0.96" CONTENT="för"/><SP WIDTH="14" VPOS="1120" HPOS="297"/>
							<String ID="string_340" HPOS="311" VPOS="1121" WIDTH="43" HEIGHT="21" WC="0.96" CONTENT="min"/><SP WIDTH="16" VPOS="1121" HPOS="354"/>
							<String ID="string_341" HPOS="370" VPOS="1120" WIDTH="35" HEIGHT="22" WC="0.96" CONTENT="del"/><SP WIDTH="14" VPOS="1120" HPOS="405"/>
							<String ID="string_342" HPOS="419" VPOS="1120" WIDTH="48" HEIGHT="22" WC="0.96" CONTENT="icke"/><SP WIDTH="16" VPOS="1120" HPOS="467"/>
							<String ID="string_343" HPOS="483" VPOS="1126" WIDTH="26" HEIGHT="16" WC="0.96" CONTENT="en"/><SP WIDTH="16" VPOS="1126" HPOS="509"/>
							<String ID="string_344" HPOS="525" VPOS="1120" WIDTH="24" HEIGHT="21" WC="0.96" CONTENT="så"/><SP WIDTH="14" VPOS="1120" HPOS="549"/>
							<String ID="string_345" HPOS="563" VPOS="1120" WIDTH="59" HEIGHT="22" WC="0.96" CONTENT="blind"/><SP WIDTH="9" VPOS="1120" HPOS="622"/>
							<String ID="string_346" HPOS="631" VPOS="1120" WIDTH="121" HEIGHT="27" WC="0.96" CONTENT="anhängare"/><SP WIDTH="11" VPOS="1120" HPOS="752"/>
							<String ID="string_347" HPOS="763" VPOS="1120" WIDTH="23" HEIGHT="22" WC="0.96" CONTENT="af"/><SP WIDTH="8" VPOS="1120" HPOS="786"/>
							<String ID="string_348" HPOS="794" VPOS="1127" WIDTH="26" HEIGHT="15" WC="0.96" CONTENT="en"/><SP WIDTH="8" VPOS="1127" HPOS="820"/>
							<String ID="string_349" HPOS="828" VPOS="1122" WIDTH="28" HEIGHT="26" WC="0.93" CONTENT="på"/><SP WIDTH="8" VPOS="1122" HPOS="856"/>
							<String ID="string_350" HPOS="864" VPOS="1121" WIDTH="59" HEIGHT="22" WC="0.92" CONTENT="klas-"/>
						</TextLine>
						<TextLine ID="line_35" HPOS="101" VPOS="1148" WIDTH="822" HEIGHT="29">
							<String ID="string_351" HPOS="101" VPOS="1150" WIDTH="45" HEIGHT="21" WC="0.92" CONTENT="sisk"/><SP WIDTH="16" VPOS="1150" HPOS="146"/>
							<String ID="string_352" HPOS="162" VPOS="1150" WIDTH="69" HEIGHT="27" WC="0.93" CONTENT="grund"/><SP WIDTH="15" VPOS="1150" HPOS="231"/>
							<String ID="string_353" HPOS="246" VPOS="1150" WIDTH="99" HEIGHT="21" WC="0.92" CONTENT="hvilande"/><SP WIDTH="15" VPOS="1150" HPOS="345"/>
							<String ID="string_354" HPOS="360" VPOS="1149" WIDTH="102" HEIGHT="27" WC="0.95" CONTENT="bildning,"/><SP WIDTH="17" VPOS="1149" HPOS="462"/>
							<String ID="string_355" HPOS="479" VPOS="1152" WIDTH="32" HEIGHT="19" WC="0.96" CONTENT="att"/><SP WIDTH="12" VPOS="1152" HPOS="511"/>
							<String ID="string_356" HPOS="523" VPOS="1149" WIDTH="37" HEIGHT="28" WC="0.96" CONTENT="jag"/><SP WIDTH="15" VPOS="1149" HPOS="560"/>
							<String ID="string_357" HPOS="575" VPOS="1148" WIDTH="70" HEIGHT="23" WC="0.96" CONTENT="skulle"/><SP WIDTH="8" VPOS="1148" HPOS="645"/>
							<String ID="string_358" HPOS="653" VPOS="1155" WIDTH="51" HEIGHT="16" WC="0.96" CONTENT="anse"/><SP WIDTH="9" VPOS="1155" HPOS="704"/>
							<String ID="string_359" HPOS="713" VPOS="1150" WIDTH="96" HEIGHT="27" WC="0.96" CONTENT="omöjligt"/><SP WIDTH="7" VPOS="1150" HPOS="809"/>
							<String ID="string_360" HPOS="816" VPOS="1153" WIDTH="33" HEIGHT="18" WC="0.96" CONTENT="att"/><SP WIDTH="7" VPOS="1153" HPOS="849"/>
							<String ID="string_361" HPOS="856" VPOS="1151" WIDTH="67" HEIGHT="21" WC="0.96" CONTENT="tänka"/>
						</TextLine>
						<TextLine ID="line_36" HPOS="101" VPOS="1178" WIDTH="821" HEIGHT="27">
							<String ID="string_362" HPOS="101" VPOS="1179" WIDTH="35" HEIGHT="26" WC="0.95" CONTENT="sig"/><SP WIDTH="16" VPOS="1179" HPOS="136"/>
							<String ID="string_363" HPOS="152" VPOS="1186" WIDTH="26" HEIGHT="15" WC="0.96" CONTENT="en"/><SP WIDTH="16" VPOS="1186" HPOS="178"/>
							<String ID="string_364" HPOS="194" VPOS="1179" WIDTH="69" HEIGHT="26" WC="0.96" CONTENT="grund"/><SP WIDTH="14" VPOS="1179" HPOS="263"/>
							<String ID="string_365" HPOS="277" VPOS="1178" WIDTH="33" HEIGHT="22" WC="0.96" CONTENT="för"/><SP WIDTH="15" VPOS="1178" HPOS="310"/>
							<String ID="string_366" HPOS="325" VPOS="1179" WIDTH="41" HEIGHT="21" WC="0.97" CONTENT="den"/><SP WIDTH="15" VPOS="1179" HPOS="366"/>
							<String ID="string_367" HPOS="381" VPOS="1178" WIDTH="156" HEIGHT="22" WC="0.93" CONTENT="humanistiska"/><SP WIDTH="15" VPOS="1178" HPOS="537"/>
							<String ID="string_368" HPOS="552" VPOS="1178" WIDTH="228" HEIGHT="27" WC="0.91" CONTENT="skolundervisningen"/><SP WIDTH="15" VPOS="1178" HPOS="780"/>
							<String ID="string_369" HPOS="795" VPOS="1181" WIDTH="53" HEIGHT="20" WC="0.96" CONTENT="utan"/><SP WIDTH="14" VPOS="1181" HPOS="848"/>
							<String ID="string_370" HPOS="862" VPOS="1179" WIDTH="60" HEIGHT="22" WC="0.93" CONTENT="latin."/>
						</TextLine>
						<TextLine ID="line_37" HPOS="101" VPOS="1207" WIDTH="821" HEIGHT="27">
							<String ID="string_371" HPOS="101" VPOS="1207" WIDTH="43" HEIGHT="27" WC="0.96" CONTENT="Jag"/><SP WIDTH="15" VPOS="1207" HPOS="144"/>
							<String ID="string_372" HPOS="159" VPOS="1209" WIDTH="47" HEIGHT="20" WC="0.97" CONTENT="tror"/><SP WIDTH="15" VPOS="1209" HPOS="206"/>
							<String ID="string_373" HPOS="221" VPOS="1207" WIDTH="40" HEIGHT="22" WC="0.96" CONTENT="den"/><SP WIDTH="16" VPOS="1207" HPOS="261"/>
							<String ID="string_374" HPOS="277" VPOS="1207" WIDTH="58" HEIGHT="21" WC="0.96" CONTENT="tiden"/><SP WIDTH="16" VPOS="1207" HPOS="335"/>
							<String ID="string_375" HPOS="351" VPOS="1207" WIDTH="55" HEIGHT="22" WC="0.96" CONTENT="skall"/><SP WIDTH="15" VPOS="1207" HPOS="406"/>
							<String ID="string_376" HPOS="421" VPOS="1208" WIDTH="92" HEIGHT="25" WC="0.96" CONTENT="komma,"/><SP WIDTH="17" VPOS="1208" HPOS="513"/>
							<String ID="string_377" HPOS="530" VPOS="1207" WIDTH="27" HEIGHT="22" WC="0.96" CONTENT="då"/><SP WIDTH="15" VPOS="1207" HPOS="557"/>
							<String ID="string_378" HPOS="572" VPOS="1213" WIDTH="49" HEIGHT="15" WC="0.96" CONTENT="man"/><SP WIDTH="15" VPOS="1213" HPOS="621"/>
							<String ID="string_379" HPOS="636" VPOS="1207" WIDTH="83" HEIGHT="27" WC="0.96" CONTENT="lyckats"/><SP WIDTH="16" VPOS="1207" HPOS="719"/>
							<String ID="string_380" HPOS="735" VPOS="1207" WIDTH="63" HEIGHT="22" WC="0.96" CONTENT="vinna"/><SP WIDTH="16" VPOS="1207" HPOS="798"/>
							<String ID="string_381" HPOS="814" VPOS="1214" WIDTH="25" HEIGHT="15" WC="0.96" CONTENT="en"/><SP WIDTH="16" VPOS="1214" HPOS="839"/>
							<String ID="string_382" HPOS="855" VPOS="1208" WIDTH="67" HEIGHT="21" WC="0.96" CONTENT="sådan"/>
						</TextLine>
						<TextLine ID="line_38" HPOS="101" VPOS="1235" WIDTH="821" HEIGHT="28">
							<String ID="string_383" HPOS="101" VPOS="1237" WIDTH="77" HEIGHT="26" WC="0.96" CONTENT="grund,"/><SP WIDTH="16" VPOS="1237" HPOS="178"/>
							<String ID="string_384" HPOS="194" VPOS="1242" WIDTH="47" HEIGHT="15" WC="0.96" CONTENT="men"/><SP WIDTH="16" VPOS="1242" HPOS="241"/>
							<String ID="string_385" HPOS="257" VPOS="1236" WIDTH="56" HEIGHT="21" WC="0.96" CONTENT="hvad"/><SP WIDTH="14" VPOS="1236" HPOS="313"/>
							<String ID="string_386" HPOS="327" VPOS="1236" WIDTH="37" HEIGHT="27" WC="0.96" CONTENT="jag"/><SP WIDTH="17" VPOS="1236" HPOS="364"/>
							<String ID="string_387" HPOS="381" VPOS="1242" WIDTH="63" HEIGHT="15" WC="0.96" CONTENT="anser"/><SP WIDTH="15" VPOS="1242" HPOS="444"/>
							<String ID="string_388" HPOS="459" VPOS="1236" WIDTH="74" HEIGHT="21" WC="0.96" CONTENT="säkert"/><SP WIDTH="14" VPOS="1236" HPOS="533"/>
							<String ID="string_389" HPOS="547" VPOS="1237" WIDTH="30" HEIGHT="24" WC="0.96" CONTENT="är,"/><SP WIDTH="16" VPOS="1237" HPOS="577"/>
							<String ID="string_390" HPOS="593" VPOS="1237" WIDTH="34" HEIGHT="20" WC="0.96" CONTENT="att"/><SP WIDTH="14" VPOS="1237" HPOS="627"/>
							<String ID="string_391" HPOS="641" VPOS="1241" WIDTH="49" HEIGHT="16" WC="0.96" CONTENT="man"/><SP WIDTH="14" VPOS="1241" HPOS="690"/>
							<String ID="string_392" HPOS="704" VPOS="1235" WIDTH="40" HEIGHT="22" WC="0.96" CONTENT="hos"/><SP WIDTH="16" VPOS="1235" HPOS="744"/>
							<String ID="string_393" HPOS="760" VPOS="1242" WIDTH="36" HEIGHT="15" WC="0.95" CONTENT="oss"/><SP WIDTH="11" VPOS="1242" HPOS="796"/>
							<String ID="string_394" HPOS="807" VPOS="1237" WIDTH="58" HEIGHT="20" WC="0.96" CONTENT="ännu"/><SP WIDTH="10" VPOS="1237" HPOS="865"/>
							<String ID="string_395" HPOS="875" VPOS="1237" WIDTH="47" HEIGHT="20" WC="0.96" CONTENT="icke"/>
						</TextLine>
						<TextLine ID="line_39" HPOS="102" VPOS="1263" WIDTH="821" HEIGHT="28">
							<String ID="string_396" HPOS="102" VPOS="1265" WIDTH="71" HEIGHT="21" WC="0.95" CONTENT="funnit"/><SP WIDTH="15" VPOS="1265" HPOS="173"/>
							<String ID="string_397" HPOS="188" VPOS="1271" WIDTH="26" HEIGHT="16" WC="0.96" CONTENT="en"/><SP WIDTH="16" VPOS="1271" HPOS="214"/>
							<String ID="string_398" HPOS="230" VPOS="1264" WIDTH="67" HEIGHT="22" WC="0.96" CONTENT="sådan"/><SP WIDTH="15" VPOS="1264" HPOS="297"/>
							<String ID="string_399" HPOS="312" VPOS="1264" WIDTH="75" HEIGHT="27" WC="0.96" CONTENT="grund,"/><SP WIDTH="16" VPOS="1264" HPOS="387"/>
							<String ID="string_400" HPOS="403" VPOS="1264" WIDTH="41" HEIGHT="22" WC="0.96" CONTENT="och"/><SP WIDTH="15" VPOS="1264" HPOS="444"/>
							<String ID="string_401" HPOS="459" VPOS="1265" WIDTH="33" HEIGHT="20" WC="0.96" CONTENT="att"/><SP WIDTH="15" VPOS="1265" HPOS="492"/>
							<String ID="string_402" HPOS="507" VPOS="1265" WIDTH="40" HEIGHT="21" WC="0.96" CONTENT="den"/><SP WIDTH="16" VPOS="1265" HPOS="547"/>
							<String ID="string_403" HPOS="563" VPOS="1263" WIDTH="69" HEIGHT="27" WC="0.96" CONTENT="grund"/><SP WIDTH="16" VPOS="1263" HPOS="632"/>
							<String ID="string_404" HPOS="648" VPOS="1270" WIDTH="46" HEIGHT="15" WC="0.96" CONTENT="som"/><SP WIDTH="10" VPOS="1270" HPOS="694"/>
							<String ID="string_405" HPOS="704" VPOS="1264" WIDTH="40" HEIGHT="21" WC="0.95" CONTENT="här"/><SP WIDTH="9" VPOS="1264" HPOS="744"/>
							<String ID="string_406" HPOS="753" VPOS="1264" WIDTH="91" HEIGHT="22" WC="0.96" CONTENT="föreslås"/><SP WIDTH="10" VPOS="1264" HPOS="844"/>
							<String ID="string_407" HPOS="854" VPOS="1265" WIDTH="7" HEIGHT="21" WC="0.93" CONTENT="i"/><SP WIDTH="10" VPOS="1265" HPOS="861"/>
							<String ID="string_408" HPOS="871" VPOS="1265" WIDTH="52" HEIGHT="22" WC="0.92" CONTENT="stäl-"/>
						</TextLine>
						<TextLine ID="line_40" HPOS="102" VPOS="1292" WIDTH="823" HEIGHT="27">
							<String ID="string_409" HPOS="102" VPOS="1294" WIDTH="32" HEIGHT="21" WC="0.96" CONTENT="let"/><SP WIDTH="20" VPOS="1294" HPOS="134"/>
							<String ID="string_410" HPOS="154" VPOS="1293" WIDTH="34" HEIGHT="22" WC="0.96" CONTENT="för"/><SP WIDTH="16" VPOS="1293" HPOS="188"/>
							<String ID="string_411" HPOS="204" VPOS="1293" WIDTH="41" HEIGHT="21" WC="0.97" CONTENT="den"/><SP WIDTH="21" VPOS="1293" HPOS="245"/>
							<String ID="string_412" HPOS="266" VPOS="1293" WIDTH="107" HEIGHT="21" WC="0.96" CONTENT="klassiska"/><SP WIDTH="15" VPOS="1293" HPOS="373"/>
							<String ID="string_413" HPOS="388" VPOS="1294" WIDTH="24" HEIGHT="19" WC="0.96" CONTENT="är"/><SP WIDTH="15" VPOS="1294" HPOS="412"/>
							<String ID="string_414" HPOS="427" VPOS="1299" WIDTH="26" HEIGHT="15" WC="0.93" CONTENT="em"/><SP WIDTH="16" VPOS="1299" HPOS="453"/>
							<String ID="string_415" HPOS="469" VPOS="1293" WIDTH="68" HEIGHT="20" WC="0.96" CONTENT="sådan"/><SP WIDTH="15" VPOS="1293" HPOS="537"/>
							<String ID="string_416" HPOS="552" VPOS="1299" WIDTH="46" HEIGHT="14" WC="0.96" CONTENT="som"/><SP WIDTH="15" VPOS="1299" HPOS="598"/>
							<String ID="string_417" HPOS="613" VPOS="1292" WIDTH="29" HEIGHT="27" WC="0.96" CONTENT="på"/><SP WIDTH="14" VPOS="1292" HPOS="642"/>
							<String ID="string_418" HPOS="656" VPOS="1293" WIDTH="54" HEIGHT="21" WC="0.96" CONTENT="intet"/><SP WIDTH="16" VPOS="1293" HPOS="710"/>
							<String ID="string_419" HPOS="726" VPOS="1295" WIDTH="44" HEIGHT="18" WC="0.96" CONTENT="sätt"/><SP WIDTH="14" VPOS="1295" HPOS="770"/>
							<String ID="string_420" HPOS="784" VPOS="1293" WIDTH="43" HEIGHT="21" WC="0.96" CONTENT="kan"/><SP WIDTH="16" VPOS="1293" HPOS="827"/>
							<String ID="string_421" HPOS="843" VPOS="1295" WIDTH="82" HEIGHT="20" WC="0.96" CONTENT="ersätta"/>
						</TextLine>
						<TextLine ID="line_41" HPOS="102" VPOS="1320" WIDTH="823" HEIGHT="29">
							<String ID="string_422" HPOS="102" VPOS="1323" WIDTH="78" HEIGHT="21" WC="0.95" CONTENT="denna."/><SP WIDTH="30" VPOS="1323" HPOS="180"/>
							<String ID="string_423" HPOS="210" VPOS="1321" WIDTH="50" HEIGHT="22" WC="0.96" CONTENT="Med"/><SP WIDTH="22" VPOS="1321" HPOS="260"/>
							<String ID="string_424" HPOS="282" VPOS="1321" WIDTH="28" HEIGHT="22" WC="0.96" CONTENT="all"/><SP WIDTH="22" VPOS="1321" HPOS="310"/>
							<String ID="string_425" HPOS="332" VPOS="1321" WIDTH="73" HEIGHT="28" WC="0.96" CONTENT="möjlig"/><SP WIDTH="23" VPOS="1321" HPOS="405"/>
							<String ID="string_426" HPOS="428" VPOS="1321" WIDTH="88" HEIGHT="26" WC="0.95" CONTENT="aktning"/><SP WIDTH="23" VPOS="1321" HPOS="516"/>
							<String ID="string_427" HPOS="539" VPOS="1321" WIDTH="40" HEIGHT="22" WC="0.91" CONTENT="och"/><SP WIDTH="22" VPOS="1321" HPOS="579"/>
							<String ID="string_428" HPOS="601" VPOS="1320" WIDTH="142" HEIGHT="27" WC="0.91" CONTENT="tillgifvenhet"/><SP WIDTH="21" VPOS="1320" HPOS="743"/>
							<String ID="string_429" HPOS="764" VPOS="1321" WIDTH="34" HEIGHT="22" WC="0.96" CONTENT="för"/><SP WIDTH="14" VPOS="1321" HPOS="798"/>
							<String ID="string_430" HPOS="812" VPOS="1321" WIDTH="60" HEIGHT="22" WC="0.96" CONTENT="såväl"/><SP WIDTH="16" VPOS="1321" HPOS="872"/>
							<String ID="string_431" HPOS="888" VPOS="1322" WIDTH="37" HEIGHT="21" WC="0.96" CONTENT="det"/>
						</TextLine>
						<TextLine ID="line_42" HPOS="101" VPOS="1349" WIDTH="824" HEIGHT="26">
							<String ID="string_432" HPOS="101" VPOS="1350" WIDTH="95" HEIGHT="21" WC="0.96" CONTENT="svenska"/><SP WIDTH="23" VPOS="1350" HPOS="196"/>
							<String ID="string_433" HPOS="219" VPOS="1356" WIDTH="45" HEIGHT="14" WC="0.96" CONTENT="som"/><SP WIDTH="23" VPOS="1356" HPOS="264"/>
							<String ID="string_434" HPOS="287" VPOS="1349" WIDTH="69" HEIGHT="21" WC="0.96" CONTENT="finska"/><SP WIDTH="22" VPOS="1349" HPOS="356"/>
							<String ID="string_435" HPOS="378" VPOS="1349" WIDTH="95" HEIGHT="26" WC="0.96" CONTENT="språket,"/><SP WIDTH="22" VPOS="1349" HPOS="473"/>
							<String ID="string_436" HPOS="495" VPOS="1350" WIDTH="42" HEIGHT="19" WC="0.95" CONTENT="kan"/><SP WIDTH="20" VPOS="1350" HPOS="537"/>
							<String ID="string_437" HPOS="557" VPOS="1350" WIDTH="38" HEIGHT="25" WC="0.96" CONTENT="jag"/><SP WIDTH="21" VPOS="1350" HPOS="595"/>
							<String ID="string_438" HPOS="616" VPOS="1349" WIDTH="47" HEIGHT="20" WC="0.96" CONTENT="icke"/><SP WIDTH="16" VPOS="1349" HPOS="663"/>
							<String ID="string_439" HPOS="679" VPOS="1351" WIDTH="33" HEIGHT="18" WC="0.96" CONTENT="tro"/><SP WIDTH="16" VPOS="1351" HPOS="712"/>
							<String ID="string_440" HPOS="728" VPOS="1351" WIDTH="32" HEIGHT="18" WC="0.96" CONTENT="att"/><SP WIDTH="15" VPOS="1351" HPOS="760"/>
							<String ID="string_441" HPOS="775" VPOS="1351" WIDTH="65" HEIGHT="19" WC="0.96" CONTENT="dessa"/><SP WIDTH="14" VPOS="1351" HPOS="840"/>
							<String ID="string_442" HPOS="854" VPOS="1350" WIDTH="71" HEIGHT="20" WC="0.94" CONTENT="skulle"/>
						</TextLine>
						<TextLine ID="line_43" HPOS="103" VPOS="1377" WIDTH="821" HEIGHT="26">
							<String ID="string_443" HPOS="103" VPOS="1379" WIDTH="73" HEIGHT="20" WC="0.96" CONTENT="kunna"/><SP WIDTH="22" VPOS="1379" HPOS="176"/>
							<String ID="string_444" HPOS="198" VPOS="1379" WIDTH="109" HEIGHT="20" WC="0.96" CONTENT="motsvara"/><SP WIDTH="20" VPOS="1379" HPOS="307"/>
							<String ID="string_445" HPOS="327" VPOS="1377" WIDTH="77" HEIGHT="21" WC="0.96" CONTENT="latinet"/><SP WIDTH="22" VPOS="1377" HPOS="404"/>
							<String ID="string_446" HPOS="426" VPOS="1377" WIDTH="71" HEIGHT="21" WC="0.96" CONTENT="såsom"/><SP WIDTH="22" VPOS="1377" HPOS="497"/>
							<String ID="string_447" HPOS="519" VPOS="1377" WIDTH="126" HEIGHT="26" WC="0.96" CONTENT="grundande"/><SP WIDTH="21" VPOS="1377" HPOS="645"/>
							<String ID="string_448" HPOS="666" VPOS="1383" WIDTH="26" HEIGHT="14" WC="0.95" CONTENT="en"/><SP WIDTH="16" VPOS="1383" HPOS="692"/>
							<String ID="string_449" HPOS="708" VPOS="1377" WIDTH="96" HEIGHT="26" WC="0.95" CONTENT="språklig"/><SP WIDTH="14" VPOS="1377" HPOS="804"/>
							<String ID="string_450" HPOS="818" VPOS="1377" WIDTH="106" HEIGHT="26" WC="0.96" CONTENT="bildning;"/>
						</TextLine>
						<TextLine ID="line_44" HPOS="102" VPOS="1404" WIDTH="822" HEIGHT="28">
							<String ID="string_451" HPOS="102" VPOS="1406" WIDTH="41" HEIGHT="21" WC="0.96" CONTENT="och"/><SP WIDTH="16" VPOS="1406" HPOS="143"/>
							<String ID="string_452" HPOS="159" VPOS="1406" WIDTH="33" HEIGHT="21" WC="0.96" CONTENT="för"/><SP WIDTH="14" VPOS="1406" HPOS="192"/>
							<String ID="string_453" HPOS="206" VPOS="1405" WIDTH="42" HEIGHT="22" WC="0.96" CONTENT="min"/><SP WIDTH="16" VPOS="1405" HPOS="248"/>
							<String ID="string_454" HPOS="264" VPOS="1405" WIDTH="35" HEIGHT="22" WC="0.96" CONTENT="del"/><SP WIDTH="15" VPOS="1405" HPOS="299"/>
							<String ID="string_455" HPOS="314" VPOS="1411" WIDTH="63" HEIGHT="15" WC="0.96" CONTENT="anser"/><SP WIDTH="17" VPOS="1411" HPOS="377"/>
							<String ID="string_456" HPOS="394" VPOS="1405" WIDTH="37" HEIGHT="27" WC="0.96" CONTENT="jag"/><SP WIDTH="16" VPOS="1405" HPOS="431"/>
							<String ID="string_457" HPOS="447" VPOS="1406" WIDTH="32" HEIGHT="20" WC="0.93" CONTENT="att"/><SP WIDTH="15" VPOS="1406" HPOS="479"/>
							<String ID="string_458" HPOS="494" VPOS="1404" WIDTH="187" HEIGHT="27" WC="0.91" CONTENT="språkbildningen"/><SP WIDTH="17" VPOS="1404" HPOS="681"/>
							<String ID="string_459" HPOS="698" VPOS="1406" WIDTH="62" HEIGHT="26" WC="0.96" CONTENT="utgör"/><SP WIDTH="16" VPOS="1406" HPOS="760"/>
							<String ID="string_460" HPOS="776" VPOS="1411" WIDTH="26" HEIGHT="15" WC="0.93" CONTENT="en"/><SP WIDTH="15" VPOS="1411" HPOS="802"/>
							<String ID="string_461" HPOS="817" VPOS="1405" WIDTH="107" HEIGHT="22" WC="0.91" CONTENT="kardinal-"/>
						</TextLine>
						<TextLine ID="line_45" HPOS="103" VPOS="1433" WIDTH="821" HEIGHT="29">
							<String ID="string_462" HPOS="103" VPOS="1435" WIDTH="69" HEIGHT="27" WC="0.96" CONTENT="punkt"/><SP WIDTH="21" VPOS="1435" HPOS="172"/>
							<String ID="string_463" HPOS="193" VPOS="1435" WIDTH="8" HEIGHT="21" WC="0.96" CONTENT="i"/><SP WIDTH="22" VPOS="1435" HPOS="201"/>
							<String ID="string_464" HPOS="223" VPOS="1434" WIDTH="28" HEIGHT="21" WC="0.95" CONTENT="all"/><SP WIDTH="19" VPOS="1434" HPOS="251"/>
							<String ID="string_465" HPOS="270" VPOS="1434" WIDTH="142" HEIGHT="22" WC="0.96" CONTENT="humanistisk"/><SP WIDTH="19" VPOS="1434" HPOS="412"/>
							<String ID="string_466" HPOS="431" VPOS="1433" WIDTH="101" HEIGHT="27" WC="0.96" CONTENT="bildning."/><SP WIDTH="30" VPOS="1433" HPOS="532"/>
							<String ID="string_467" HPOS="562" VPOS="1433" WIDTH="43" HEIGHT="22" WC="0.96" CONTENT="Det"/><SP WIDTH="14" VPOS="1433" HPOS="605"/>
							<String ID="string_468" HPOS="619" VPOS="1435" WIDTH="24" HEIGHT="20" WC="0.96" CONTENT="är"/><SP WIDTH="15" VPOS="1435" HPOS="643"/>
							<String ID="string_469" HPOS="658" VPOS="1435" WIDTH="48" HEIGHT="20" WC="0.96" CONTENT="sant"/><SP WIDTH="15" VPOS="1435" HPOS="706"/>
							<String ID="string_470" HPOS="721" VPOS="1435" WIDTH="33" HEIGHT="20" WC="0.96" CONTENT="att"/><SP WIDTH="14" VPOS="1435" HPOS="754"/>
							<String ID="string_471" HPOS="768" VPOS="1434" WIDTH="25" HEIGHT="21" WC="0.96" CONTENT="R."/><SP WIDTH="17" VPOS="1434" HPOS="793"/>
							<String ID="string_472" HPOS="810" VPOS="1440" WIDTH="20" HEIGHT="15" WC="0.92" CONTENT="o."/><SP WIDTH="16" VPOS="1440" HPOS="830"/>
							<String ID="string_473" HPOS="846" VPOS="1434" WIDTH="25" HEIGHT="21" WC="0.96" CONTENT="A."/><SP WIDTH="17" VPOS="1434" HPOS="871"/>
							<String ID="string_474" HPOS="888" VPOS="1434" WIDTH="36" HEIGHT="22" WC="0.96" CONTENT="vid"/>
						</TextLine>
						<TextLine ID="line_46" HPOS="104" VPOS="1462" WIDTH="820" HEIGHT="29">
							<String ID="string_475" HPOS="104" VPOS="1466" WIDTH="88" HEIGHT="19" WC="0.93" CONTENT="senaste"/><SP WIDTH="22" VPOS="1466" HPOS="192"/>
							<String ID="string_476" HPOS="214" VPOS="1463" WIDTH="103" HEIGHT="28" WC="0.92" CONTENT="landtdag"/><SP WIDTH="22" VPOS="1463" HPOS="317"/>
							<String ID="string_477" HPOS="339" VPOS="1463" WIDTH="81" HEIGHT="22" WC="0.92" CONTENT="biträdt"/><SP WIDTH="23" VPOS="1463" HPOS="420"/>
							<String ID="string_478" HPOS="443" VPOS="1469" WIDTH="25" HEIGHT="16" WC="0.93" CONTENT="en"/><SP WIDTH="23" VPOS="1469" HPOS="468"/>
							<String ID="string_479" HPOS="491" VPOS="1462" WIDTH="58" HEIGHT="27" WC="0.91" CONTENT="åsigt"/><SP WIDTH="16" VPOS="1462" HPOS="549"/>
							<String ID="string_480" HPOS="565" VPOS="1463" WIDTH="32" HEIGHT="21" WC="0.96" CONTENT="att"/><SP WIDTH="14" VPOS="1463" HPOS="597"/>
							<String ID="string_481" HPOS="611" VPOS="1462" WIDTH="77" HEIGHT="22" WC="0.95" CONTENT="latinet"/><SP WIDTH="14" VPOS="1462" HPOS="688"/>
							<String ID="string_482" HPOS="702" VPOS="1462" WIDTH="70" HEIGHT="22" WC="0.93" CONTENT="skulle"/><SP WIDTH="14" VPOS="1462" HPOS="772"/>
							<String ID="string_483" HPOS="786" VPOS="1462" WIDTH="138" HEIGHT="28" WC="0.91" CONTENT="framskjutas"/>
						</TextLine>
						<TextLine ID="line_47" HPOS="104" VPOS="1491" WIDTH="822" HEIGHT="29">
							<String ID="string_484" HPOS="104" VPOS="1493" WIDTH="33" HEIGHT="21" WC="0.95" CONTENT="till"/><SP WIDTH="22" VPOS="1493" HPOS="137"/>
							<String ID="string_485" HPOS="159" VPOS="1493" WIDTH="70" HEIGHT="27" WC="0.95" CONTENT="tredje"/><SP WIDTH="22" VPOS="1493" HPOS="229"/>
							<String ID="string_486" HPOS="251" VPOS="1492" WIDTH="92" HEIGHT="22" WC="0.93" CONTENT="klassen."/><SP WIDTH="32" VPOS="1492" HPOS="343"/>
							<String ID="string_487" HPOS="375" VPOS="1492" WIDTH="25" HEIGHT="21" WC="0.87" CONTENT="R."/><SP WIDTH="17" VPOS="1492" HPOS="400"/>
							<String ID="string_488" HPOS="417" VPOS="1497" WIDTH="19" HEIGHT="16" WC="0.90" CONTENT="o."/><SP WIDTH="20" VPOS="1497" HPOS="436"/>
							<String ID="string_489" HPOS="456" VPOS="1492" WIDTH="25" HEIGHT="21" WC="0.90" CONTENT="A."/><SP WIDTH="14" VPOS="1492" HPOS="481"/>
							<String ID="string_490" HPOS="495" VPOS="1491" WIDTH="83" HEIGHT="22" WC="0.96" CONTENT="fattade"/><SP WIDTH="16" VPOS="1491" HPOS="578"/>
							<String ID="string_491" HPOS="594" VPOS="1497" WIDTH="26" HEIGHT="15" WC="0.96" CONTENT="en"/><SP WIDTH="16" VPOS="1497" HPOS="620"/>
							<String ID="string_492" HPOS="636" VPOS="1491" WIDTH="56" HEIGHT="27" WC="0.96" CONTENT="gång"/><SP WIDTH="15" VPOS="1491" HPOS="692"/>
							<String ID="string_493" HPOS="707" VPOS="1493" WIDTH="32" HEIGHT="20" WC="0.96" CONTENT="ett"/><SP WIDTH="15" VPOS="1493" HPOS="739"/>
							<String ID="string_494" HPOS="754" VPOS="1491" WIDTH="78" HEIGHT="22" WC="0.96" CONTENT="sådant"/><SP WIDTH="15" VPOS="1491" HPOS="832"/>
							<String ID="string_495" HPOS="847" VPOS="1492" WIDTH="79" HEIGHT="27" WC="0.96" CONTENT="beslut,"/>
						</TextLine>
						<TextLine ID="line_48" HPOS="105" VPOS="1520" WIDTH="823" HEIGHT="27">
							<String ID="string_496" HPOS="105" VPOS="1522" WIDTH="68" HEIGHT="22" WC="0.95" CONTENT="ehuru"/><SP WIDTH="17" VPOS="1522" HPOS="173"/>
							<String ID="string_497" HPOS="190" VPOS="1521" WIDTH="36" HEIGHT="22" WC="0.95" CONTENT="det"/><SP WIDTH="15" VPOS="1521" HPOS="226"/>
							<String ID="string_498" HPOS="241" VPOS="1521" WIDTH="48" HEIGHT="22" WC="0.96" CONTENT="icke"/><SP WIDTH="14" VPOS="1521" HPOS="289"/>
							<String ID="string_499" HPOS="303" VPOS="1520" WIDTH="46" HEIGHT="23" WC="0.96" CONTENT="blef"/><SP WIDTH="14" VPOS="1520" HPOS="349"/>
							<String ID="string_500" HPOS="363" VPOS="1520" WIDTH="110" HEIGHT="27" WC="0.96" CONTENT="definitivt,"/><SP WIDTH="16" VPOS="1520" HPOS="473"/>
							<String ID="string_501" HPOS="489" VPOS="1527" WIDTH="49" HEIGHT="15" WC="0.96" CONTENT="men"/><SP WIDTH="16" VPOS="1527" HPOS="538"/>
							<String ID="string_502" HPOS="554" VPOS="1520" WIDTH="37" HEIGHT="23" WC="0.96" CONTENT="det"/><SP WIDTH="15" VPOS="1520" HPOS="591"/>
							<String ID="string_503" HPOS="606" VPOS="1520" WIDTH="72" HEIGHT="22" WC="0.92" CONTENT="beslut"/><SP WIDTH="15" VPOS="1520" HPOS="678"/>
							<String ID="string_504" HPOS="693" VPOS="1520" WIDTH="24" HEIGHT="22" WC="0.90" CONTENT="R."/><SP WIDTH="17" VPOS="1520" HPOS="717"/>
							<String ID="string_505" HPOS="734" VPOS="1527" WIDTH="19" HEIGHT="15" WC="0.89" CONTENT="o."/><SP WIDTH="9" VPOS="1527" HPOS="753"/>
							<String ID="string_506" HPOS="762" VPOS="1520" WIDTH="25" HEIGHT="21" WC="0.92" CONTENT="A."/><SP WIDTH="11" VPOS="1520" HPOS="787"/>
							<String ID="string_507" HPOS="798" VPOS="1520" WIDTH="82" HEIGHT="23" WC="0.96" CONTENT="fattade"/><SP WIDTH="8" VPOS="1520" HPOS="880"/>
							<String ID="string_508" HPOS="888" VPOS="1527" WIDTH="40" HEIGHT="16" WC="0.96" CONTENT="var"/>
						</TextLine>
					</TextBlock>
				</ComposedBlock>
			</PrintSpace>
		</Page>
	</Layout>
</alto>
