1070 1720
430 100 41 19 Den
484 102 22 17 26
518 101 38 23 Maj
816 105 53 20 1233

80 166 46 22 deri
148 168 38 20 äro
205 166 93 28 belagda
315 167 51 22 med
385 167 157 27 tukthusstraff.
575 168 43 22 Det
633 169 25 21 är
672 169 85 28 mycket
771 168 81 27 riktigt,
868 170 36 21 att

79 195 105 22 latituden
199 195 7 22 i
222 195 26 22 de
263 195 64 23 flesta
341 197 59 22 arter
414 195 23 23 af
450 197 59 22 brott
523 197 39 27 går
572 196 32 22 till
617 197 97 28 tukthus,
724 203 50 16 men
784 197 118 28 ingalunda

77 224 75 23 kunna
166 224 27 28 de
214 223 64 23 flesta
297 225 102 27 speciella
417 225 37 22 fall
470 225 22 23 af
504 225 66 26 brott,
586 231 45 16 som
646 226 35 21 vid
696 233 27 15 en
739 226 91 22 domstol
844 226 57 22 före-

79 253 92 27 komma,
186 252 87 23 komma
286 255 33 20 att
333 253 100 27 medföra,
443 260 26 15 en
477 254 67 22 sådan
554 253 218 24 straffbestämmelse.
788 255 48 21 Den
846 255 54 21 min-

79 282 36 21 sta
136 281 132 22 misshandel
286 282 44 21 kan
352 282 7 21 i
373 281 58 24 vissa
446 282 37 22 fall
497 282 96 23 medföra
608 282 156 28 tukthusstraff,
780 289 49 16 men
842 283 58 22 före-

78 309 92 28 komma,
186 310 82 22 sådana
284 310 139 23 försvårande
439 311 182 27 omständigheter
635 311 27 28 ej,
678 313 33 20 att
725 317 27 16 en
761 311 57 28 dylik
828 311 73 22 straff-

78 337 82 29 påföljd
174 338 43 22 kan
232 338 57 28 följa,
305 341 25 20 är
345 339 37 22 det
389 341 32 20 ett
428 339 66 25 brott,
507 339 112 22 hvaröfver
626 340 276 27 ransakningsprotokollet

79 366 62 23 äfven
156 367 67 27 enligt
236 367 44 22 min
295 368 132 22 reservation
442 367 56 22 skall
512 368 97 22 utfärdas
623 369 29 26 pä
665 368 76 22 finska.
766 369 40 21 Att
820 368 33 23 för
868 368 32 23 öf-

78 395 44 28 rigt
143 396 71 22 denna
234 396 132 21 reservation
389 396 115 22 innefattar
518 403 26 16 en
559 397 154 27 inskränkning
727 397 7 22 i
749 397 151 28 skyldigheten

79 426 34 20 att
127 424 79 22 skrifva
220 423 66 23 finskt
299 425 108 27 protokoll
422 425 116 26 medgifver
550 425 38 27 jag
604 431 71 21 gerna,
690 432 49 15 men
753 425 7 21 i
774 426 73 25 hvarje
862 425 38 22 falt

79 454 24 20 är
119 452 37 22 det
170 453 26 21 så
210 454 33 20 att
257 458 35 16 om
306 452 29 28 på
350 452 37 22 det
402 453 102 27 speciella
518 453 83 22 brottet
617 453 154 22 tukthusstraff
783 453 52 28 följa
849 454 51 22 kan,

79 480 26 22 så
126 483 25 20 är
165 481 37 21 det
220 482 32 21 ett
268 480 57 28 groft
339 481 64 27 brott,
420 482 40 21 och
472 482 38 27 jag
524 484 37 19 vet
575 482 48 22 icke
638 482 56 22 hvad
709 482 68 22 skada
792 482 56 26 sker,
864 488 37 16 om

79 510 38 21 det
131 509 91 22 skrifves
237 509 29 28 på
287 510 99 22 svenska.
419 510 42 27 Jag
476 511 36 21 vill
527 510 95 27 åberopa
636 510 50 22 herr
699 511 155 27 prokuratorns
870 511 29 21 si-

79 539 35 21 sta
127 538 125 22 berättelse.
276 538 127 22 Statistiken
417 539 70 22 måste
503 539 34 21 väl
551 539 45 27 här,
608 539 71 22 såsom
689 539 8 22 i
707 539 67 22 andra
783 539 43 27 fall,
835 538 65 23 hafva

78 567 89 21 vitsord.
196 567 92 21 Hvilken
304 568 130 21 omvårdnad
449 574 34 15 om
498 568 143 27 rättskipning
656 568 51 21 våra
717 568 183 22 domstolar
841 563 12 36 i
861 563 44 36 all-

78 595 89 22 mänhet
179 595 102 28 iakttagit
295 596 57 22 visar
367 596 70 22 denna
451 596 118 22 berättelse
585 596 40 22 och
641 597 55 21 dock
710 596 41 22 har
762 596 76 22 hittills
848 602 51 22 pro-

78 625 94 22 tokollen
188 624 72 27 gifvits
275 625 29 27 på
318 625 92 22 svenska
424 625 7 22 i
447 625 26 22 de
488 625 63 22 flesta
566 625 49 22 mål.

146 653 57 22 Herr
224 653 143 26 Järnefelt,
388 653 86 22 Gustaf:
497 654 48 21 Den
560 653 53 22 siste
629 653 64 22 ärade
709 653 83 22 talaren
806 653 40 22 har
860 653 39 28 på-

78 681 60 25 stått,
161 682 34 21 att
216 681 42 22 den
271 681 48 22 utaf
331 681 50 22 herr
398 681 142 28 Godenbjelm
554 682 41 21 och
609 682 44 26 mig
667 681 148 22 understödda
829 688 71 15 reser-

77 709 100 22 vationen
200 709 70 22 skulle
291 710 80 27 betaga
392 712 76 25 parten
490 710 53 22 hans
561 711 45 20 rätt
621 712 33 19 att
668 710 120 21 bestämma
802 710 97 27 språket,

77 739 82 26 hvarpå
179 738 132 28 protokollet
330 739 40 21 bör
384 738 92 22 affattas.
505 739 50 22 Men
570 741 93 19 tvärtom
678 741 24 19 är
714 739 25 27 ju
754 739 39 21 här
808 739 7 20 i
830 745 72 15 reser-

78 767 100 21 vationen
192 767 49 21 med
256 767 82 27 tydliga
353 767 38 22 ord
406 767 64 27 sagdt
487 769 46 24 ,att
548 768 38 21 der
601 767 48 26 den,
665 773 46 16 som
721 767 57 28 gjort
788 767 66 22 målet
864 773 39 16 an-

78 795 90 27 hängigt
183 795 53 22 eller
257 795 23 22 af
292 795 161 22 vederbörande
468 796 129 27 tjensteman
613 796 64 21 äskat
691 795 156 27 expeditionen,
864 802 38 15 an-

78 824 69 22 håller
162 825 32 21 att
210 824 74 24 erhåla
299 824 150 27 expeditionen
464 825 28 27 på
507 825 37 22 det
559 825 66 21 andra
636 824 113 22 inhemska
760 823 142 28 tungomålet,

79 853 61 21 detta
154 853 40 21 bör
216 853 129 21 användas."
376 853 47 21 Den
441 853 23 21 af
476 853 90 21 friherre
581 853 79 21 Wrede
674 853 76 27 gjorda
765 853 138 21 anmärknin-

79 887 42 21 gen
137 881 69 21 skulle
220 881 37 27 jag
272 881 85 22 således
373 888 52 15 anse
439 882 53 21 böra
507 882 46 21 helt
568 881 40 22 och
626 881 67 22 hållet
709 880 90 23 förfalla.

146 910 56 22 Herr
216 910 105 26 Munck,
338 910 26 21 K.
378 910 34 22 F.:
438 910 30 22 Så
483 916 66 21 gerna
561 910 39 28 jag
614 910 58 26 såge,
689 911 32 20 att
736 910 89 22 friherre
840 910 63 22 Wre-

79 939 38 22 des
132 938 133 23 reservation
286 938 73 22 kunde
381 941 96 24 antagas,
499 941 45 19 tror
563 939 39 27 jag
621 938 92 27 likvisst,
733 938 36 22 att
780 938 38 22 det
831 940 73 20 möter

79 967 139 27 svårigheter.
248 966 72 23 Sedan
342 973 49 16 man
413 967 89 22 kommit
524 968 24 21 så
562 968 61 26 långt
636 967 7 21 i
659 967 159 26 undersökning
834 966 22 22 af
869 969 33 19 ett

78 996 108 26 brottmål,
200 996 34 21 att
248 1002 50 15 man
312 998 43 24 vet,
371 1002 34 15 om
421 996 37 21 det
467 996 41 21 blir
518 995 154 22 tukthusstraff
678 995 52 22 eller
737 996 87 21 svårare
832 995 70 27 straff,

78 1030 47 16 som
140 1024 137 27 deliqventen
292 1024 84 22 komme
391 1026 34 20 att
439 1024 95 27 ådömas,
549 1025 43 21 kan
607 1030 48 15 man
666 1024 67 22 också
740 1024 120 22 bestämma
867 1024 35 26 sig

77 1053 34 22 för
125 1055 33 19 att
173 1052 79 22 skrifva
271 1053 132 27 protokollet
425 1053 28 27 på
468 1053 97 22 svenska.
595 1053 50 21 Men
659 1052 66 22 målet
740 1052 42 22 kan
797 1059 51 15 vara
863 1058 39 16 an-

77 1082 153 26 hängiggjordt
244 1082 35 21 vid
294 1081 51 22 flere
360 1082 57 26 ting;
433 1087 34 15 om
483 1081 75 27 sjelfva
572 1081 83 22 brottet
669 1081 6 21 i
687 1081 74 27 början
775 1087 63 21 synes
848 1087 52 15 vara

77 1110 68 27 ringa,
160 1110 26 21 så
201 1109 90 23 skrifver
302 1110 39 28 jag
355 1110 83 22 kanske
452 1110 28 27 på
494 1110 76 26 finska,
585 1116 49 16 men
649 1110 114 21 reducerar
778 1110 38 21 det
826 1109 33 27 sig
866 1109 34 22 till

77 1140 33 20 ett
131 1138 71 28 gröfre
224 1138 65 27 brott,
313 1138 28 22 då
362 1144 51 16 vore
425 1139 39 27 jag
478 1138 122 28 berättigad
615 1139 33 21 att
663 1138 79 22 skrifva
756 1138 30 28 på
800 1138 98 22 svenska.

76 1168 42 27 Jag
132 1167 114 26 förmodar,
262 1169 33 20 att
309 1167 29 22 då
353 1173 26 16 en
395 1167 67 22 sådan
478 1168 96 21 ovisshet
588 1167 43 22 kan
645 1167 79 27 uppstå
736 1167 8 21 i
754 1166 115 28 anledning
879 1166 24 22 af

77 1196 42 22 den
133 1196 144 27 formulering,
293 1202 47 16 som
354 1195 90 23 friberre
459 1196 79 22 Wrede
552 1196 61 27 gifvit
621 1196 23 21 åt
651 1198 123 24 momentet,
782 1202 49 15 man
839 1196 62 21 kom-

76 1230 47 18 mer
136 1224 33 22 uti
184 1230 27 16 en
226 1226 70 20 större
310 1224 125 26 villervalla,
451 1224 39 22 och
505 1224 97 22 förordar
618 1224 71 22 derför
699 1224 67 22 hällre
780 1224 121 22 betänkan-

77 1253 43 27 det,
136 1253 72 21 såsom
223 1253 110 21 utskottet
346 1252 112 28 föreslagit
475 1253 43 21 det.

144 1280 57 23 Herr
216 1280 159 27 Grotenfelt,
391 1280 73 22 Adolf:
479 1281 42 27 Jag
535 1281 96 21 anhåller
646 1280 123 22 äfvenledes
780 1280 21 21 få
811 1280 88 21 biträda

77 1309 42 22 den
132 1309 140 27 formulering
286 1309 23 22 af
321 1308 69 23 första
404 1309 132 28 paragrafen,
552 1315 46 16 som
608 1309 108 21 utskottet
723 1308 117 27 föreslagit.
857 1308 41 22 Om

75 1344 50 16 man
147 1337 37 23 vill
206 1337 64 28 skilja
292 1338 27 22 de
342 1337 57 23 olika
421 1338 153 22 kommunerna
596 1337 7 21 i
617 1337 74 22 landet
705 1337 49 21 med
769 1337 101 21 afseende
886 1337 13 21 &

76 1366 90 27 språket
186 1366 26 21 så
226 1365 135 27 fullständigt
379 1364 46 23 från
440 1366 120 21 hvarandra
574 1365 8 21 i
596 1365 93 22 svenska
703 1365 41 21 och
759 1364 76 27 finska,
851 1371 48 15 som

76 1400 27 16 en
118 1394 35 22 del
166 1394 66 22 ärade
247 1394 68 22 talare
329 1394 41 21 här
384 1394 68 27 yrkat,
466 1394 77 22 liksom
556 1394 135 21 kantonerna
710 1393 7 21 i
732 1393 111 26 Schweitz,
860 1393 39 21 der

76 1424 33 21 ett
122 1422 56 23 visst
192 1422 67 28 språk
273 1424 24 20 är
311 1422 100 28 gällande
425 1422 8 22 i
449 1422 41 22 den
505 1428 47 21 ena,
568 1424 32 20 ett
613 1423 66 21 annat
693 1422 8 21 i
716 1422 41 22 den
768 1422 67 22 andra
844 1422 54 22 kan-

75 1454 74 25 tonen,
164 1451 26 23 så
204 1457 51 17 vore
270 1451 164 27 konseqvensen
453 1451 68 22 också
535 1452 48 26 den,
599 1452 32 20 att
646 1450 37 23 det
697 1450 48 23 icke
760 1450 70 23 skulle
844 1450 55 22 bero

75 1480 30 29 på
119 1481 41 22 den
173 1482 57 26 part,
245 1486 47 16 som
307 1481 39 27 gör
361 1482 32 20 ett
407 1480 43 22 mål
465 1480 123 28 anhängigt,
605 1481 32 21 att
651 1479 73 23 fordra
737 1479 121 29 expedition
868 1479 31 28 på

76 1511 33 21 ett
124 1511 66 21 annat
204 1508 73 30 språk,
293 1510 27 21 än
337 1509 37 23 det
388 1509 25 22 så
428 1511 32 20 att
473 1512 53 25 säga
540 1508 136 24 kommunala
691 1508 52 23 eller
757 1508 77 23 lokala.
856 1508 43 23 Ut-
