1086 1742
432 95 43 18 Den
487 96 21 17 16
520 95 44 24 Maj.
840 99 41 21 969

88 163 63 23 mark
166 162 40 23 och
222 162 117 23 ständerna
352 162 102 23 nedsatte
469 164 61 22 detta
543 163 32 22 till
591 163 102 27 270,000;
709 164 105 28 derjämte
824 165 85 23 beslöto

90 192 118 22 ständerna
222 192 36 22 vid
273 198 82 16 samma
369 192 103 28 landtdag
486 194 33 20 att
533 192 87 22 anhålla
635 199 35 16 om
685 192 41 22 den
741 193 123 28 förändring
879 191 33 25 uti

89 221 192 27 folskolestadgan,
297 227 33 15 om
350 221 63 21 hvars
430 222 139 26 återtagande
588 222 165 21 statsutskottet
767 230 29 14 nu
811 222 55 22 efter
881 220 30 25 tio

90 251 25 21 år
129 250 71 22 funnit
214 250 33 27 sig
261 250 116 21 föramlätet
391 251 33 19 att
442 250 90 22 anhålla.
554 250 50 26 Vid
621 252 52 20 1877
691 251 34 21 års
740 250 104 28 landtdag
858 251 53 27 åter,

89 279 94 22 äskades
199 278 23 22 af
234 279 128 27 regeringen
381 278 34 22 för
429 278 209 23 folkskoleväsendet
652 279 69 22 under
734 280 42 21 den
792 280 120 22 stundande

89 310 14 20 5
127 308 34 22 års
184 307 104 29 perioden
310 314 26 16 en
358 314 82 16 summa
460 308 23 21 af
499 310 112 25 3,676,085
627 308 61 22 mark
703 308 40 23 och
760 309 66 22 också
842 309 71 23 denna

89 344 86 16 summa
189 336 45 23 blef
248 337 23 21 af
284 336 117 22 ständerna
415 336 132 23 förminskad
561 338 49 21 med
626 337 97 27 omkring
736 338 92 26 250,000
844 339 68 26 mark,

91 368 24 26 ty
130 367 37 21 det
181 366 117 28 beviljades
315 366 75 22 endast
405 366 113 26 3,400,000
534 366 67 22 mark.
631 366 77 22 Såsom
722 367 70 27 sagdt,
801 367 38 27 jag
849 374 64 16 anser

91 395 131 23 ätminstone
241 394 33 22 för
292 395 45 21 min
355 394 40 27 del,
412 397 32 19 att
458 394 212 23 folkskoleväsendet
683 396 29 26 pä
726 396 56 21 intet
796 398 46 20 sätt
856 396 57 22 hade

90 426 36 20 att
140 423 75 23 befara
229 423 67 28 något
310 423 66 27 deraf,
392 430 35 15 om
442 424 115 22 ständerna
571 423 75 23 afsade
661 424 33 28 sig
711 424 33 22 sin
759 424 29 28 pä
802 424 111 23 bevillnin-

91 460 43 21 gen
149 452 111 28 grundade
274 452 106 28 rättighet
394 454 33 20 att
442 453 87 27 deltaga
543 453 6 21 i
559 452 126 28 afgörandet
695 452 24 22 af
726 454 51 21 dess
786 454 47 22 öde.
849 454 64 22 Folk-

90 482 168 22 skoleväsendet
274 484 24 20 är
313 488 26 16 en
354 482 45 26 sak,
415 488 47 16 som
477 482 23 22 af
512 483 64 26 ingen
591 482 105 28 regering,
711 482 73 22 hvilka
794 484 119 27 personlig-

89 512 65 21 heter
169 514 27 19 än
211 511 35 21 mä
260 510 87 23 tillhöra
362 510 130 28 densamma,
507 512 42 21 kan
564 511 139 22 äsidosättas.
733 512 43 21 Det
785 512 69 22 mäste
864 512 49 22 vär-

90 541 41 21 das
146 540 29 28 pä
189 546 82 16 samma
290 541 45 21 sätt
349 540 40 21 och
407 540 49 22 med
472 546 81 16 samma
567 540 74 22 ömhet
655 546 47 16 som
717 541 42 21 alla
774 541 68 27 öfriga
856 542 57 22 läro-

92 570 113 26 anstalter,
221 569 41 22 och
278 569 27 22 dä
319 568 160 28 lagstiftningen
494 569 62 22 äfven
571 569 34 22 för
619 569 147 23 folkskolorna
780 570 68 28 ligger
862 571 8 21 i
880 577 34 15 re-

90 599 116 28 geringens
221 598 88 26 händer,
326 598 27 22 dä
368 598 152 23 seminarierna
534 598 47 22 helt
595 598 41 22 och
650 598 68 22 hället
732 599 103 22 bekostas
849 599 23 23 af
880 606 33 16 re-

91 628 110 28 geringen,
216 628 44 22 kan
273 628 64 27 ingen
351 626 47 23 fara
412 627 58 27 ligga
486 628 51 27 deri,
553 629 32 21 att
601 628 66 22 ocksä
681 628 193 28 anslagsbidragen
882 629 33 22 till

92 656 79 29 själfva
192 656 157 23 folkskolornas
372 656 112 22 underhåll
505 658 85 22 komme
613 659 32 20 att
665 664 25 15 ur
703 656 136 24 statsfonden
854 659 59 26 utgå.

93 687 35 22 Då
142 686 121 22 folkskolan
278 686 66 22 redan
359 692 29 16 nu
403 686 39 22 hos
459 692 35 16 oss
510 686 45 22 står
569 687 28 27 pä
613 693 25 15 en
654 686 25 22 sä
694 687 72 27 stadig
780 687 135 29 ståndpunkt

93 718 34 20 att
141 716 110 28 ingenting
271 716 42 21 kan
330 715 69 22 rubba
414 716 50 21 dess
480 716 97 27 bestånd,
593 715 26 23 sä
634 718 24 20 är
673 716 37 22 det
725 716 65 22 också
805 717 7 21 i
826 717 43 21 alla
884 716 30 22 af-

92 745 97 23 seenden
203 744 124 29 lämpligare
347 746 33 20 att
394 745 120 21 kostnaden
530 745 33 22 för
577 745 124 22 densamma
715 745 112 22 betraktas
843 746 72 22 säsom

93 781 28 15 en
137 774 112 27 ordinarie,
270 773 123 28 oundviklig
412 774 123 27 statsutgift
550 774 39 22 och
605 774 73 22 säsom
693 774 68 22 sädan
775 774 68 23 finnes
858 775 7 21 i
880 777 35 20 rä-

93 804 152 27 kenskaperna
263 803 92 27 uppförd
374 803 28 27 pä
422 803 92 22 allmäna
529 803 140 22 statsfonden.
699 803 49 22 Alla
763 804 97 28 kalkyler
876 804 40 22 och

94 833 144 27 beräkningar
260 832 69 22 skulle
344 832 64 22 ställa
423 832 33 27 sig
471 832 86 28 mycket
571 832 86 26 lättare,
673 832 28 27 dä
716 832 47 22 icke
778 839 42 15 ena
833 833 82 22 hälften

94 862 24 22 af
131 861 226 23 folkskolekostnaden
372 861 72 22 fördes
459 862 28 27 pä
502 860 133 24 statsfonden
651 861 40 23 och
707 862 41 22 den
763 862 67 23 andra
839 862 29 28 pä
879 863 36 22 be-

94 891 122 28 villningen.
254 891 42 22 Det
317 890 40 23 fins
373 891 85 22 således
473 897 27 16 en
514 891 78 27 mängd
607 891 54 26 skäl,
677 897 46 16 som
738 897 63 22 synas
816 893 44 26 mig
874 898 43 21 nog

94 921 94 26 mäktigt
201 920 65 22 haiva
280 920 55 22 talat
349 919 34 22 för
397 920 37 21 det
449 920 77 27 beslut,
542 920 60 22 hvari
617 920 108 22 utskottet
735 923 93 24 stannat,
838 921 41 22 och
890 921 27 22 dä

95 949 73 23 dertill
182 949 102 27 kommer,
300 951 33 20 att
348 949 56 22 valet
420 949 63 27 gälde
499 949 90 22 emellan
604 949 61 22 detta
680 949 71 22 beslut
766 950 40 22 och
822 951 37 21 det
872 952 45 20 öm-

95 979 68 28 täliga
176 978 153 28 förvägrandet
344 978 48 22 utaf
405 978 41 22 den
461 978 108 23 omtalade
583 978 63 22 delen
661 977 23 23 af
694 979 223 28 stämpelpappersbe-

96 1008 123 28 villningen,
235 1008 25 21 sä
274 1009 46 20 tror
332 1007 44 28 jag,
392 1009 34 20 att
440 1007 120 23 utskottets
575 1007 112 28 pluralitet
701 1007 40 22 kan
757 1015 52 15 anse
823 1009 33 27 sig
871 1009 47 22 der-

95 1038 52 23 med
168 1037 126 28 tillräckligt
313 1037 115 22 försvarad.
463 1037 55 22 Herr
533 1038 87 21 senator
635 1037 110 22 Molander
759 1038 112 21 anmärkte
888 1037 32 23 till

96 1068 52 26 slut,
165 1068 32 21 att
212 1066 171 27 statsutskottet,
399 1066 29 21 dä
443 1066 37 21 det
495 1066 48 22 ville
558 1066 79 22 föreslä
648 1073 26 15 en
685 1066 67 29 sädan
763 1067 157 28 öfverflyttning

97 1097 34 21 till
147 1095 141 28 statsfonden,
304 1095 55 22 hade
374 1095 7 21 i
396 1094 81 23 formen
493 1096 82 21 kunnat
582 1095 107 22 behandla
699 1096 67 21 saken
777 1096 142 27 annorlunda;

98 1126 61 21 detta
173 1125 35 22 mä
220 1125 38 27 jag
276 1131 65 21 gerna
360 1124 112 27 medgifva,
489 1131 48 15 men
551 1124 84 22 likvisst
650 1124 61 21 torde
726 1124 48 22 icke
789 1125 129 27 precedens-

97 1154 38 22 fall
159 1153 79 22 saknas
252 1154 8 21 i
279 1153 70 22 denna
364 1153 40 21 del.
434 1153 134 27 Regeringen
583 1153 40 21 har
637 1153 132 28 visserligen,
785 1154 72 21 såsom
871 1154 50 22 herr

97 1183 113 22 Molander
224 1184 74 27 yttrat,
315 1188 74 16 ensam
404 1183 33 20 att
450 1183 120 21 bestämma
581 1181 58 23 öfver
649 1182 142 27 statsfonden,
801 1189 48 16 men
861 1183 60 22 detta

97 1212 107 22 hindrade
226 1215 16 18 t.
258 1218 31 15 ex.
308 1209 47 24 icke
373 1211 35 21 vid
424 1213 88 20 senaste
526 1211 103 26 landtdag
643 1211 117 22 ständerna
775 1213 33 20 att
822 1211 100 26 förvägra

99 1241 81 21 äskade
195 1240 75 27 anslag
285 1239 32 22 till
332 1241 17 20 t.
364 1245 33 16 ex.
412 1238 217 29 tukthusbyggnaden
645 1239 35 22 vid
695 1239 87 22 Sörnäs.
812 1239 42 27 Jag
867 1241 54 21 mins

99 1269 49 22 icke
164 1269 122 26 ordalagen,
302 1274 48 16 men
365 1269 33 20 ett
412 1267 82 22 faktum
509 1274 44 21 var,
569 1269 32 20 att
617 1268 26 21 de
658 1267 81 28 anslag,
755 1274 47 16 som
818 1275 51 16 voro
884 1269 37 22 be-

100 1298 68 27 gärda
189 1297 23 22 af
228 1297 198 26 bevillningsmedel
444 1296 33 22 för
495 1296 205 27 fängelseväsendet,
717 1297 105 28 betydligt
835 1297 87 22 förmin-

101 1327 79 21 skades
204 1326 40 21 och
267 1325 37 23 det
325 1325 91 22 oaktadt
430 1325 67 27 sagde
512 1325 99 28 byggnad
626 1332 39 15 var
679 1325 105 28 päbörjad
799 1326 40 21 och
854 1327 70 22 mäste

100 1355 126 26 fullbordas,
243 1355 40 20 och
298 1354 91 22 sålunda
408 1353 132 22 öfverfördes
555 1355 121 20 kostnaden
691 1354 33 21 för
739 1355 124 21 densamma
877 1355 47 22 fak-

100 1384 57 21 tiskt
177 1382 29 28 pä
228 1383 107 25 allmänna
357 1382 140 25 statsfonden,
521 1381 39 22 och
581 1382 38 26 jag
634 1383 46 20 tror
694 1383 33 20 att
742 1382 72 27 dylika
830 1384 95 26 exempel

101 1411 63 22 skola
177 1411 69 21 finnas
260 1410 84 27 mänga.
377 1410 42 27 Jag
434 1410 36 21 vill
486 1412 57 19 ännu
558 1409 95 28 tillägga,
669 1411 32 20 att
717 1410 40 21 den
772 1410 54 22 form
840 1411 34 22 för
888 1412 37 21 be-

101 1439 127 26 tänkandet,
245 1444 46 17 som
306 1439 50 22 herr
370 1438 111 23 Molander
496 1438 117 27 föreslagit,
630 1439 164 27 ursprungligen
804 1439 56 22 hade
871 1441 54 21 kun-

102 1471 39 20 nat
162 1467 116 28 användas,
301 1473 48 17 men
369 1467 67 22 saken
451 1467 7 22 i
472 1468 34 26 sig
521 1466 49 29 själf
584 1467 55 22 hade
656 1467 122 28 derigenom
794 1469 48 21 icke
857 1469 68 23 blifvit

101 1498 80 22 bättre.

172 1527 10 22 I
204 1526 109 23 anseende
331 1526 33 22 till
384 1525 41 23 den
442 1525 143 23 framskridna
600 1525 65 27 tiden,
681 1525 82 24 afbröts
778 1526 75 24 härvid
868 1535 57 16 sam-

835 1571 22 18 62
