1073 1717
419 102 42 18 Den
473 102 23 17 23
508 101 44 23 Maj.
814 104 53 21 1101

77 166 98 33 sneljään
190 166 133 39 kymmeneen
337 167 127 22 markkaan*
481 167 41 22 och
539 167 92 28 ,fyratio
645 167 70 22 mark"
733 169 56 21 samt
799 168 31 21 till
842 168 56 26 ,,nel-

71 191 107 44 Jäntoista
190 195 95 26 päivän*
304 195 92 27 ,fjorton
410 192 91 41 dagar";

144 224 14 26 8
174 224 25 20 11
217 223 111 27 angående
344 224 90 27 ändring
448 225 8 21 i
471 213 38 33 det
523 224 62 27 syfte,
601 226 34 19 att
649 225 121 21 kostnaden
779 224 34 22 för
822 223 77 28 uppfö-

76 251 66 23 rande
156 251 40 22 och
210 251 112 22 underhåll
337 252 23 22 af
373 253 123 28 vägstolpar
509 253 74 26 borde,
598 253 9 20 i
615 253 40 21 den
664 253 91 26 ordning
761 259 30 15 nu
799 253 101 26 gällande

76 280 134 27 stadganden
227 280 101 27 påbjuda,
344 281 53 27 utgå
410 281 47 22 från
472 281 103 22 häradets
591 281 41 21 lott
647 281 6 21 i
667 281 91 22 sakören
766 281 47 26 och,
825 281 74 22 derest

76 309 65 22 dessa
158 309 50 21 icke
222 314 51 16 vore
285 309 70 21 dertill
358 305 142 43 tillräckliga,
511 310 81 21 drabba
603 310 27 21 de
637 294 262 47 vägbyggnadsskyldige;

145 337 11 28 $
174 339 25 20 12
214 336 9 22 i
237 337 102 22 afseende
355 338 14 21 å
383 338 68 22 sådan
467 337 179 28 omformulering,
661 339 34 20 att
708 338 99 22 tillstånd
821 338 34 21 till
868 338 32 21 le-

77 366 69 23 dande
169 365 23 23 af
212 367 48 26 nytt
281 366 50 22 dike
353 367 69 22 under
435 369 42 26 väg
491 367 103 22 utverkas
610 367 23 21 af
645 367 161 22 vederbörande
820 367 79 22 krono-

76 395 109 26 länsman;

146 423 12 28 $
174 425 26 20 13
215 423 93 22 rörande
323 423 79 22 sådant
416 424 199 27 tillägsstadgande,
626 425 34 20 att
669 425 106 26 guvernör
784 430 50 21 eger
842 424 60 22 med-

78 453 49 22 dela
148 451 101 23 befrielse
268 452 7 21 i
291 452 149 27 skyldigheten
459 455 32 19 att
505 453 103 22 vintertid
623 452 128 27 öppenhålla
765 453 136 27 landsvägar,

78 481 40 22 der
133 480 209 23 ortsförhållandena
357 481 79 22 sådant
451 481 94 28 påkalla;

146 509 12 27 $
174 511 26 19 16
217 509 111 27 angående
343 510 75 27 utbyte
433 509 24 22 af
470 510 66 21 orden
553 509 84 35 ,neljän
647 509 78 27 päivän
734 510 116 21 kuluessa*
861 509 41 22 och

80 538 69 26 inom
171 537 48 28 fyra
240 538 79 27 dagar"
343 537 32 22 till
382 532 157 33 ,neljäntoista
548 539 84 26 päivän
647 538 111 22 kuluessa"
775 539 41 21 och
832 538 70 26 ,inom

78 567 80 27 fjorton
174 566 86 27 dagar".

147 595 39 20 Att
201 594 162 28 presteständet
377 595 36 21 vid
428 595 130 27 behandling
576 595 23 22 af
611 594 242 28 författningsförslaget
868 601 36 16 om

79 623 117 27 bevillning
211 623 32 22 för
259 623 135 27 tillverkning
409 623 23 22 af
445 624 143 27 maltdrycker
602 623 209 27 stannat
693 619 12 36 i
717 623 90 27 följande
820 623 83 22 beslut:

149 650 11 28 8
178 653 8 19 1
205 651 126 27 godkändes
346 651 139 27 oförändrad;

147 680 12 26 8
182 681 13 20 2
218 682 77 24 antogs
317 680 8 22 i
340 679 65 27 öfrigt
419 680 135 26 oförändrad,
572 682 61 20 utom
655 682 32 20 att
703 680 37 22 det
753 680 8 22 i
775 680 128 28 paragrafen

81 708 87 28 angifna
185 708 211 28 penningebeloppet
412 708 143 27 ,ättahundra
569 709 73 21 mark”
658 708 138 28 förhöjdes,
788 704 9 36 i
813 709 94 27 enlighet

80 738 48 21 med
139 736 78 28 nådiga
231 737 169 27 propositionen,
416 737 32 21 till
465 740 93 23 ,ettusen
573 737 121 21 sexhundra
708 737 85 27 mark;*

150 764 24 28 88
193 768 12 19 3
221 766 41 21 och
277 767 13 19 4
305 766 98 26 gillades,
418 766 54 21 hvar
487 766 55 21 efter
556 772 76 20 annan,
648 767 51 19 utan
716 765 99 27 ändring;

150 794 12 27 8
176 795 12 19 5
207 793 197 23 äterremitterades
420 794 32 22 till
467 794 109 22 utskottet
590 794 8 21 i
613 794 101 22 afseende
727 794 14 22 &
750 794 157 28 omredigering

82 822 22 21 af
118 822 50 22 dess
186 823 10 19 1
213 824 95 20 moment
321 822 8 21 i
345 823 36 21 det
396 822 23 22 af
431 824 76 25 pastor
521 822 86 22 Eklund
622 822 87 27 angifna
723 822 62 28 syfte,
801 822 33 22 för
843 823 64 21 hvars

82 852 97 20 närmare
202 850 153 27 begrundande
377 851 50 21 herr
444 851 98 21 Eklunds
562 851 7 21 i
588 850 75 28 frägan
679 851 76 27 gjorda
769 851 138 27 andragande

81 879 68 22 borde
164 878 77 28 ätfölja
255 879 104 23 remissen
376 880 32 20 till
423 880 119 26 utskottet;

151 908 33 21 De
200 907 138 23 återstående
354 907 23 28 $$
398 910 69 19 6—24
483 907 126 27 godkändes
625 907 58 27 derä,
700 908 53 22 hvar
767 907 56 23 efter
837 914 71 16 annan

82 937 53 20 utan
157 935 74 23 vidare
253 936 97 27 ändring,
371 938 27 20 än
417 938 34 20 att
465 937 7 21 i
494 937 7 26 $
517 938 27 20 22
559 936 23 22 af
594 936 71 22 finska
679 938 73 20 texten
767 936 63 22 ordet
846 939 61 24 ,tuo-

83 965 122 21 mioistuin*
223 964 66 22 borde
305 965 87 27 utbytas
407 967 46 19 mot
469 966 107 26 ,oikeus*;

152 995 34 19 att
207 994 162 26 presteständet
389 994 96 26 godkänt
504 993 219 22 ekonomiutskottets
743 994 166 26 sammanjämk-

84 1021 144 27 ningsförslag
243 1022 111 27 angäende
368 1022 127 28 försäljning
510 1022 23 21 af
546 1022 145 27 maltdrycker
705 1024 60 20 utom
775 1022 134 22 beträffande

84 1050 23 28 88
132 1052 9 19 1
158 1050 41 22 och
215 1052 20 24 3,
250 1051 7 21 i
272 1050 73 22 hvilka
365 1050 59 22 delar
442 1051 88 21 ståndet
544 1051 80 21 vidhöll
640 1051 47 21 sina
701 1050 58 22 förut
773 1051 83 21 fattade
871 1052 38 20 be-

84 1079 50 24 slut,
150 1078 121 27 hvarjämte
286 1079 93 26 ständet,
400 1079 67 21 sedan
487 1079 26 22 de
529 1079 66 27 öfrige
611 1079 102 22 ständens
728 1079 73 22 beslut
815 1079 92 22 rörande

84 1107 8 22 i
106 1106 62 27 fräga
189 1108 94 21 varande
306 1107 205 28 sammanjämkning
533 1108 77 21 hunnit
625 1107 87 22 ständet
726 1107 117 26 meddelas,
859 1107 51 22 ville

85 1135 103 22 särskildt
202 1136 69 21 uttala
285 1136 40 27 sig,
341 1136 105 21 huruvida
464 1137 90 21 ärendet
568 1135 68 23 borde
651 1136 33 21 till
699 1135 116 28 afgörande
829 1136 24 21 af
866 1136 43 22 för-

86 1164 70 21 stärkt
173 1164 86 21 utskott
273 1164 135 27 hänskjutas.

154 1193 59 21 Derä
235 1192 37 27 gaf
285 1193 87 22 ständet
387 1193 39 21 sitt
440 1192 58 22 bifall
514 1193 30 21 till
560 1193 119 21 utskottets
694 1192 127 23 framstälda
835 1193 74 21 anhäl-

86 1220 42 27 lan,
144 1222 33 19 att
198 1221 8 21 i
225 1220 62 27 fräga
308 1221 127 22 kommande
457 1221 147 26 omarbetning
627 1221 23 21 af
669 1221 242 28 författningsförslaget

86 1248 56 28 finge
164 1249 110 27 företagas
297 1250 56 22 först
368 1249 55 22 efter
438 1249 38 23 det
489 1249 152 28 författningen
657 1256 76 21 genom
748 1249 127 28 afgörandet
889 1249 25 23 af

87 1277 61 22 detta
170 1278 301 27 sammanjämkningsförslag
490 1278 69 22 blifvit
578 1278 104 22 definitivt
697 1281 93 24 antagen
805 1279 40 22 och
861 1279 50 22 dess

86 1306 95 23 innehäll
196 1307 103 26 slutligen
314 1307 117 22 faststäldt.

154 1334 56 22 Frän
226 1335 222 26 borgareständet
462 1336 50 21 med
526 1335 159 22 underrättelse

156 1364 33 19 att
204 1363 88 21 ständet
311 1363 96 27 godkänt
427 1363 253 26 värnepligtsutskottets
696 1362 136 23 betänkande
847 1363 65 26 angä-

88 1391 55 21 ende
157 1390 96 28 uppskof
264 1391 50 22 med
329 1397 111 16 reservens
457 1391 168 26 öfningsmöten
615 1386 12 36 ;

156 1421 34 20 att
204 1419 88 22 ständet
308 1419 117 22 tillsvidare
441 1419 70 28 afböjt
520 1418 172 23 bondeständets
702 1418 197 29 inbjudning
830 1414 13 37 i
899 1425 14 16 fräga

88 1453 35 16 om
137 1450 65 25 väga-
219 1449 40 22 och
274 1448 146 28 brobyggnad,
435 1455 50 15 men
499 1448 98 22 beslutat
611 1448 36 21 vid
661 1447 157 34 behandlingen
829 1447 24 22 af
865 1448 46 27 1ag-

89 1476 40 23 och
144 1477 220 22 ekonomiutskottets
381 1475 312 29 sammanjämkningsförslag
683 1471 13 37 i
705 1476 61 28 fråga
773 1476 80 28 jämväl
862 1478 54 26 taga

88 1504 83 29 hänsyn
186 1505 33 22 till
234 1506 68 28 sagda
316 1505 137 29 inbjudning;
