1061 1725
220 123 42 21 954
530 120 42 20 Den
586 122 20 16 16
618 120 44 24 Maj.

259 186 51 24 herr
324 187 202 28 Pippingskjöld
543 194 46 16 som
604 187 94 28 yttrade:
713 186 62 23 Efter
788 186 145 28 uppläsandet
947 185 24 23 af
981 186 30 22 R.

190 222 19 16 0.
226 216 38 22 A:s
278 216 75 23 beslut
367 216 62 23 torde
444 216 38 22 det
495 222 30 16 nu
538 216 96 28 tydligen
648 215 88 28 framgå,
751 217 34 21 att
798 215 26 22 R.
840 221 18 16 o.
868 216 25 20 A.
903 220 44 22 nog
957 215 52 22 obe-

190 244 83 23 stämät
294 244 79 23 uttalat
393 244 32 28 sig
443 244 34 22 för
499 245 41 21 den
555 245 56 22 bana
626 250 46 16 som
686 244 101 28 möjligen
801 244 84 22 komme
900 246 33 20 att
947 244 64 27 längs

189 274 80 21 kusten
290 274 75 21 förena
386 273 109 27 Uleäborg
513 274 49 21 med
577 274 37 21 det
628 273 68 27 öfriga
707 274 169 27 jernvägsnätet.
906 272 25 22 R.
947 278 20 16 o.
982 273 26 21 A.

190 302 99 22 uttalade
304 302 34 27 sig
352 301 94 22 hvarken
465 301 33 23 för
512 304 181 24 reservanternes,
709 302 18 28 ej
743 302 69 21 häller
826 301 33 22 för
874 301 135 22 kommissio-

191 337 53 16 nens
260 331 92 26 tidigare
366 330 80 27 förslag
461 331 40 22 ock
517 330 137 28 preciserade
668 330 54 27 icke,
738 337 34 15 om
788 330 41 22 den
840 330 109 22 eventuelt
956 330 53 27 god-

190 359 73 22 kända
284 359 105 22 bandelen
409 359 34 22 till
458 359 163 28 Gamlakarleby
636 359 69 22 skulle
721 360 52 26 utgå
787 359 46 21 från
848 359 93 28 Lillkyro
957 358 54 22 eller

190 388 88 23 Nurmo.
312 388 11 21 I
342 387 81 22 formen
442 388 33 22 för
497 389 61 21 detta
571 388 73 21 beslut
659 395 50 20 eger
721 388 211 28 jernvägsutskottet
946 393 64 22 synes

191 417 38 22 det
243 417 125 26 tillräckligt
383 417 47 21 skäl
444 417 33 22 för
493 417 39 22 den
548 416 112 23 skrifvelse
675 417 37 22 det
727 417 68 22 aflätit
804 416 33 22 till
848 417 37 21 det
895 415 116 28 höglofliga

191 446 97 26 ständet;
310 446 95 26 emedan,
422 452 34 15 om
470 446 47 22 icke
532 446 194 27 bansträckningen
741 446 61 27 längs
818 445 78 22 kusten
911 448 99 19 närmare

190 475 120 27 preciseras
332 481 26 15 en
377 475 211 27 sammanjämkning,
609 475 49 22 med
677 475 93 27 tagande
785 474 23 22 af
820 474 80 22 Adelns
915 474 73 22 beslut
1002 473 8 22 i

192 503 94 28 anspräk
309 503 76 27 derför,
405 503 48 22 icke
469 504 42 21 kan
530 503 165 23 ästadkommas.
725 504 42 27 Jag
781 503 85 22 förenar
880 503 43 27 mig
939 503 72 22 derför

191 532 130 27 fullkomligt
335 532 49 21 med
398 532 56 22 hvad
469 533 75 22 herrar
558 532 107 23 Mechelin
681 533 39 22 och
736 533 146 27 Montgomery
897 532 40 21 här
947 532 63 27 yrkat

191 561 92 21 likasom
304 561 38 27 jag
362 560 61 24 äfven
444 561 59 22 förut
519 561 78 22 uttalat
611 563 45 25 mig
671 561 71 23 derför
757 563 32 20 att
802 561 208 28 jernvägsutskottet

189 590 79 27 genom
288 596 25 15 en
333 589 111 23 skrifvelse
465 590 48 22 från
527 591 25 21 R.
569 596 18 16 0.
602 590 26 22 A.
644 591 76 21 månde
735 590 22 22 få
772 590 64 27 nödig
850 590 87 26 ledning
951 590 62 22 öfver

194 618 41 22 den
250 618 125 27 sträckning
392 618 8 22 i
418 619 86 21 hvilken
519 620 24 20 R.
560 625 19 15 o.
593 619 26 22 A.
632 619 82 27 önskar
729 619 31 21 sin
774 618 91 28 jernväg
880 619 86 26 dragen.
982 630 27 3 —

191 646 75 27 Några
280 646 22 22 af
316 647 27 21 de
358 647 151 27 andraganden
525 654 45 14 som
586 654 25 14 en
628 648 34 21 del
677 648 64 21 ärade
756 647 119 22 ledamöter
889 647 24 21 af
923 646 90 22 ståndet

191 675 53 27 haft,
260 675 68 22 sedan
341 675 38 28 jag
394 678 74 20 senast
482 676 85 28 yttrade
582 676 50 28 mig,
647 676 48 22 ville
703 676 37 27 jag
749 676 106 27 härjämte
865 676 50 21 med
924 682 39 20 par
971 675 40 21 ord

192 704 54 22 söka
260 704 93 22 bemöta.
383 704 63 24 Hvad
461 711 26 15 en
502 705 112 26 kustbana,
632 705 78 27 dragen
726 707 43 19 tätt
785 705 72 21 utmed
872 705 84 23 kusten,
972 710 38 15 an-

192 733 45 27 gär,
253 733 25 21 sä
293 733 42 22 kan
348 734 38 27 jag
399 734 34 21 för
447 734 43 21 min
507 734 34 21 del
550 734 116 28 ingalunda
676 734 131 22 understöda
816 734 104 27 förslaget
930 733 79 27 derom,

193 762 90 22 emedan
306 762 41 22 den
362 762 169 22 österbottniska
548 763 86 26 kusten,
654 762 24 22 sä
693 763 32 21 rik
741 763 41 21 den
797 765 27 19 än
840 765 24 19 är
879 762 32 22 till
927 762 85 22 Gamla-

191 791 89 27 karleby
296 790 7 22 i
318 791 100 22 afseende
433 792 13 21 å
460 791 123 28 befolkning
598 792 40 22 och
652 792 79 27 odling,
743 792 55 22 dock
806 792 122 21 sedermera
936 793 75 20 norrut

192 821 26 20 är
239 820 83 26 ganska
340 820 69 27 fattig,
433 820 40 22 och
493 822 89 20 emedan
598 827 80 15 samma
694 820 169 23 österbottniska
878 820 51 22 kust
943 820 69 27 knapt

193 854 51 21 eger
258 848 52 27 spår
331 849 31 21 till
383 848 110 27 skärgård.
523 850 66 21 Detta
604 852 24 19 är
643 851 31 20 ett
688 849 77 28 vigtigt
781 850 46 21 skäl
844 861 27 3 —
885 849 82 22 bristen
983 849 29 27 på

192 876 64 22 trafik
270 877 48 22 från
333 881 72 18 vester
418 889 28 4 —
455 879 32 20 att
502 877 47 23 icke
564 878 47 22 föra
625 878 71 22 banan
711 877 25 22 så
751 879 42 21 tätt
808 878 33 21 till
855 877 116 23 Bottniska
979 877 32 22 vi-

191 906 49 26 ken,
256 907 34 20 att
304 906 42 21 den
361 908 72 20 vestra
447 907 80 22 skenan
543 907 25 22 så
583 909 33 20 att
630 909 53 25 säga
698 907 79 28 sköljes
792 907 23 22 af
823 907 49 22 dess
882 907 73 26 vågor.
971 907 40 22 Ut-

192 934 166 28 gångspunkten
379 935 48 21 från
448 935 81 22 Nurmo
551 936 65 27 vågar
635 936 37 27 jag
691 935 130 22 fortfarande
836 935 92 26 förorda,
943 935 67 22 redan

192 963 72 22 derför
279 965 33 20 att
326 965 82 26 preste-
424 964 40 21 och
479 964 162 22 bondestånden
653 965 67 21 önska
729 964 47 22 föra
787 965 46 21 sina
840 964 115 27 jernvägar
962 964 49 21 från

192 998 82 16 samma
289 993 64 25 trakt,
369 999 48 15 men
433 993 66 22 också
515 993 71 22 derför
601 995 39 24 att,
656 999 34 16 om
703 993 117 28 jernvägen
830 992 92 23 derifrån
933 993 78 27 drages

192 1021 32 21 till
248 1021 75 22 Gamla
344 1021 100 28 Karleby,
467 1022 77 27 banan,
558 1029 34 15 om
608 1022 41 22 ock
663 1021 139 28 förlängande
816 1024 68 25 vägen
899 1022 32 21 till
946 1022 78 24 Uleå-.

192 1049 60 28 borg,
269 1050 70 22 skulle
353 1050 101 23 befordra
473 1057 26 16 en
514 1051 42 28 god
571 1051 140 28 konkurrens,
728 1051 23 22 af
763 1051 87 22 hvilken
864 1050 146 23 landsbefolk-

192 1079 79 27 ningen
286 1080 62 27 längs
363 1079 146 23 Wasa-banan
520 1081 55 21 ända
589 1080 32 21 till
635 1080 67 22 Alavo
718 1081 40 21 och
773 1080 138 27 närliggande
928 1080 85 21 trakter

192 1108 70 22 skulle
277 1108 72 21 kunna
364 1108 98 27 begagna
477 1109 32 28 sig
518 1109 35 22 vid
564 1109 132 22 afsättandet
704 1109 22 22 af
732 1109 46 22 sina
785 1109 123 27 produkter.
917 1121 27 3 —
952 1109 61 21 Hvar

192 1137 41 22 och
249 1143 26 16 en
290 1143 52 21 eger
356 1137 136 28 naturligtvis
507 1138 103 27 rättighet
626 1139 33 21 att
668 1138 57 22 fästa
735 1138 33 27 sig
778 1138 34 21 vid
823 1138 131 27 strategiska
961 1143 52 22 syn-

191 1166 103 27 punkter;
315 1166 38 27 jag
367 1166 80 22 saknar
460 1166 96 28 förmåga
571 1168 33 20 att
618 1166 91 23 bedöma
725 1173 38 15 ens
778 1167 8 21 i
800 1166 70 27 någon
884 1167 63 26 ringa
960 1166 51 22 mån

195 1194 63 22 deras
274 1196 70 20 större
360 1194 52 22 eller
426 1196 89 26 mindre,
530 1202 48 16 men
594 1195 61 22 alltid
668 1196 42 21 lätt
721 1195 121 27 åberopade
852 1195 107 22 värde.
944 1190 15 37 —
968 1194 43 22 Ge-

192 1229 50 15 nom
258 1224 33 20 att
305 1223 93 23 vidhålla
413 1224 38 22 det
465 1224 77 26 beslut,
559 1230 47 16 som
621 1224 25 22 R.
662 1230 19 16 o.
697 1224 25 22 A.
733 1223 70 27 fattat,
814 1223 81 23 hvilket
902 1223 109 28 jag
948 1219 10 36 i
968 1223 43 28 mitt

191 1251 69 21 första
276 1252 137 26 andragande
428 1252 56 22 hade
500 1254 51 20 äran
565 1252 85 26 föreslå,
666 1252 107 27 nämligen
788 1254 32 19 att
835 1252 114 27 godkänna
957 1252 52 21 ban-

192 1278 154 28 sträckningen
360 1279 54 22 ifrån
424 1280 80 21 Nurmo
515 1280 31 21 till
557 1280 121 27 Nykarleby
687 1280 40 22 och
738 1280 170 27 Gamlakarleby,
916 1286 51 15 vare
977 1280 36 26 sig

192 1308 33 20 att
239 1307 42 22 den
296 1313 76 16 senare
387 1308 62 21 delen
464 1308 61 22 deraf
538 1308 38 26 går
591 1310 43 20 tätt
648 1308 73 22 utmed
735 1308 79 22 kusten
822 1308 70 22 eller
885 1303 12 36 i
903 1308 107 22 öfverens-

191 1336 124 22 stämmelse
330 1336 49 22 med
393 1337 120 21 utskottets
527 1336 143 27 betänkande,
685 1336 82 22 hvilket
781 1336 42 22 kan
838 1343 51 16 vara
901 1336 108 28 likgiltigt,

190 1364 41 22 och
247 1371 76 21 genom
339 1367 33 20 att
386 1365 33 22 för
434 1372 81 15 samma
529 1366 79 21 bandel
623 1366 61 22 anslå
698 1365 27 23 de
735 1365 79 28 nödiga
824 1365 91 27 medlen,
923 1365 87 22 komme

190 1394 26 22 R.
240 1400 19 16 o.
278 1394 26 22 A.
320 1396 33 20 att
371 1394 46 22 helt
439 1395 41 21 och
499 1394 67 22 hållet
580 1394 106 23 beherska
701 1394 137 23 situationen.
866 1395 51 22 Just
931 1400 80 22 genom

190 1422 110 28 anslagets
314 1422 163 23 bestämmande
493 1423 90 22 sålunda
598 1424 62 21 torde
675 1424 26 21 de
717 1423 67 28 öfriga
799 1424 91 21 stånden
902 1430 52 15 vara
963 1430 46 15 mer

190 1451 54 22 eller
262 1451 82 23 mindre
364 1454 102 25 tvungna,
480 1451 44 22 ifall
540 1453 26 21 de
582 1458 79 16 annars
676 1452 50 28 vilja
740 1453 70 27 bygga
824 1459 26 16 en
858 1453 101 28 jernväg,
975 1453 34 21 att

189 1482 58 20 rätta
262 1480 34 27 sig
314 1480 55 23 efter
383 1481 26 22 R.
429 1487 20 16 o.
467 1481 38 21 A:s
521 1481 78 22 beslut.
628 1481 57 22 Ville
700 1482 47 21 åter
761 1482 26 21 R.
802 1488 19 15 o.
837 1482 24 21 A.
876 1481 135 22 fortfarande

188 1509 95 21 vidhålla
298 1509 38 22 sitt
350 1509 68 22 första
433 1509 72 22 beslut
520 1510 40 21 och
575 1509 35 22 vid
625 1510 69 21 banan
710 1509 31 22 St.
753 1509 192 27 Michel--Kuopio
952 1509 59 22 fästa

188 1537 40 22 sitt
242 1537 76 28 anslag
333 1538 31 27 sä,
379 1538 41 22 har
434 1539 25 22 R.
476 1544 19 16 o.
510 1539 25 22 A.
552 1539 62 22 äfven
628 1539 172 22 bestämmandet
814 1539 8 21 i
836 1539 34 22 sin
885 1538 64 27 hand,
959 1544 51 16 men
