1081 1720
218 120 41 22 988
522 118 42 18 Den
577 118 21 17 19
610 117 45 23 Maj.

190 185 141 27 entreprenör
346 184 71 22 skulle
431 184 89 26 betinga
535 183 38 27 sig.
604 182 126 24 Kostnaden
744 183 34 22 för
792 183 100 27 ständiga
906 182 42 23 och
963 184 47 20 täta

190 213 154 27 reparationer,
360 219 47 15 som
421 213 36 26 illa
472 212 105 27 uppförda
591 212 123 28 byggnader
728 212 118 26 föranleda,
860 214 25 18 är
902 212 48 21 icke
962 210 47 22 häl-

190 241 33 22 ler
244 242 116 26 angenämt
381 240 33 22 för
436 242 72 21 staten
530 242 33 20 att
584 240 126 28 vidkännas,
726 240 41 22 och
782 246 77 21 genom
874 240 38 22 det
926 239 84 22 härtills

190 269 68 29 följda
279 271 103 26 systemet
400 269 63 22 torde
477 268 28 23 de
520 268 61 22 dock
589 268 50 22 med
654 269 69 21 större
738 268 103 22 säkerliet
855 268 113 26 undvikas,
984 270 28 20 än

191 304 36 16 om
241 299 166 27 entreprenörer
422 297 85 25 anlitas.
536 298 31 21 På
585 297 70 28 grund
669 296 22 22 af
705 297 27 22 de
747 297 48 22 skäl
810 303 47 17 som
870 296 34 23 för
912 296 65 28 öfrigt
984 298 27 20 de

191 328 66 22 ärade
271 327 76 23 herrar
362 327 76 27 anfört,
453 332 48 16 som
515 327 68 27 yttrat
597 326 34 27 sig
649 326 4 21 i
669 332 81 16 samma
756 326 62 27 syfte,
831 326 64 27 yrkar
899 326 39 28 jag
945 325 67 22 också

191 356 30 28 på
242 358 32 20 att
295 356 120 22 utskottets
437 354 81 28 förslag
533 356 8 21 i
555 354 70 23 denna
646 355 69 27 punkt
736 354 50 24 icke
806 355 68 22 måtte
889 354 24 23 af
925 354 88 23 ståndet

207 385 54 22 illas.

192 392 14 21 g
261 413 56 22 Herr
331 413 194 27 Montgomery:
550 412 43 23 För
607 412 44 21 min
666 412 34 22 del
714 418 64 16 anser
791 412 38 28 jag
845 414 33 19 att
893 412 119 22 utskottets

192 442 101 29 yttrande
307 442 8 22 i
329 441 142 23 förevarande
493 443 76 20 ämnen
587 447 27 16 ur
627 440 111 28 principiel
753 441 108 28 synpynkt
874 441 40 22 har
928 441 86 27 mycket

194 477 47 16 som
260 471 57 22 talar
331 470 33 23 för
379 471 39 27 sig.
448 470 43 22 Det
506 472 24 19 är
545 476 26 15 en
587 469 71 28 gifven
672 470 136 26 konsegvens
823 469 24 22 af
860 470 96 22 arbetets
970 469 44 22 för-

195 499 86 28 delning
304 500 33 21 att
357 498 38 23 det
407 498 58 23 skall
480 498 201 27 öfverhufvudtaget
695 498 65 22 ställa
775 499 33 26 sig
822 498 80 22 lättare
917 497 33 23 för
965 498 48 22 den,

195 534 47 16 som
258 531 23 19 är
296 534 41 15 van
351 528 37 21 vid
402 527 115 27 ledningen
532 527 23 21 af
567 527 83 21 sädana
665 527 107 21 allmänna
786 527 96 27 arbeten,
898 533 46 15 som
960 527 55 21 äroi

194 556 68 28 fråga,
285 558 34 20 att
341 556 148 22 åstadkomma
505 557 32 19 ett
551 556 65 22 solidt
631 556 41 21 och
686 555 52 27 godt
754 556 75 21 arbete
843 555 34 22 för
892 557 32 20 ett
936 555 78 27 jämfö-

194 585 90 22 relsevis
306 585 61 26 lägre
387 584 52 28 pris,
463 586 27 20 än
512 584 33 21 för
568 584 41 22 den
624 590 47 15 som
685 584 48 22 icke
747 584 39 21 har
802 584 70 21 denna
886 583 128 23 erfarenhet.

194 614 43 27 Jag
252 620 63 17 anser
331 612 72 23 derför
417 612 147 27 öfverhufvud,
581 614 33 20 att
629 612 38 22 der
682 612 38 22 det
734 612 68 28 gäller
817 612 97 22 enskilda
924 612 90 26 företag,

197 642 38 22 det
250 641 45 23 ofta
309 642 43 21 kan
367 648 52 15 vara
433 641 24 22 af
469 648 56 20 gagn
541 642 32 21 att
587 641 98 27 begagna
700 641 61 21 detta
776 643 81 26 system
872 641 40 21 och
923 640 94 22 erfaren-

196 671 66 21 heten
284 670 59 22 visar
361 670 26 28 ju
408 671 34 21 att
461 670 98 22 öfverallt
576 669 79 22 sädant
669 675 51 22 eger
736 664 52 38 rum,
800 671 37 20 att
851 670 27 21 de
893 675 46 16 som
954 668 64 23 hafva

197 699 75 22 arbete
295 701 33 20 att
348 699 118 22 verkställa
488 698 58 22 finna
567 698 114 27 uträkning
702 698 36 22 vid
753 700 33 20 att
801 698 104 23 öfverläta
921 698 49 22 dem
984 698 34 21 till

197 728 109 22 erfarnare
327 733 110 22 personer,
454 733 46 16 som
515 729 37 21 äro
568 728 72 21 bättre
655 726 128 24 förberedda
798 728 33 21 att
844 727 50 22 leda
909 727 37 22 det
961 733 56 15 sam-

196 762 41 16 ma.
267 756 42 28 Jag
323 755 68 23 finner
407 756 76 26 derför,
500 758 33 20 att
547 755 122 23 uttalandet
683 756 122 27 principielt
820 758 25 20 är
859 756 84 26 ganska
957 755 61 23 befo-

197 785 59 27 gadt,
271 791 50 15 men
333 785 39 28 jag
386 786 25 20 är
426 785 67 21 ocksä
508 785 22 21 af
544 790 81 16 samma
641 784 142 27 öfvertygelse
794 790 47 16 som
852 785 27 21 de
887 784 131 27 föregäende

198 813 83 22 talarne
296 814 33 21 att
343 820 27 15 ur
385 812 66 23 andra
466 813 133 27 synpunkter
614 814 37 20 det
666 814 24 20 är
703 813 72 21 bättre
790 813 8 21 i
812 812 37 22 fall
864 813 82 21 sädana
960 815 58 19 utta-

197 842 80 21 landen
298 841 49 22 icke
365 843 72 25 göras,
453 842 89 21 emedan
554 842 38 27 jag
607 841 77 21 tänker
698 843 33 20 att
746 841 107 28 styrelsen
867 847 43 21 nog
926 840 22 22 af
965 847 54 20 egen

198 870 52 22 drift
271 869 105 22 anställer
397 869 73 23 försök
492 870 49 21 med
557 869 66 27 sagde
639 870 86 26 system,
740 869 29 28 pä
784 871 44 20 sätt
843 869 51 22 herr
908 869 112 22 Molander

198 899 67 22 ocksä
287 900 80 23 nämnt,
390 900 34 20 att
445 898 249 27 entreprenadsystemet
711 898 8 21 i
733 898 59 21 vissa
813 897 38 22 fall
872 898 147 22 kombinerats

199 927 50 22 med
263 927 126 22 utförandet
401 927 24 22 af
439 929 83 20 statens
537 927 124 27 byggnader
678 927 66 26 enligt
759 927 37 21 det
810 927 124 22 nuvarande
945 928 74 20 sättet.

198 956 52 22 Mitt
263 955 150 22 hufvudmotiv
428 957 25 20 är
467 955 43 26 det,
526 957 33 20 att
574 955 28 22 dä
617 955 38 22 det
670 957 23 19 är
707 955 61 27 fräga
783 961 35 16 om
829 957 33 20 att
870 957 33 20 ett
910 957 110 25 entrepre-

199 985 125 27 nadsystem
339 983 56 22 skall
410 984 61 22 ledas
486 984 22 22 af
523 983 99 23 ofticiella
634 983 154 28 funktionärer,
804 984 26 21 sä
844 984 69 27 ligger
927 984 7 21 i
945 985 33 20 ett
985 984 35 22 sä-

200 1013 52 22 dant
266 1014 82 25 system
362 1013 95 27 betydlig
471 1013 53 26 fara,
540 1012 33 22 för
588 1012 85 22 hvilken
689 1018 29 16 nu
732 1013 52 21 vära
799 1012 99 22 officiella
912 1012 108 23 funtionä-

199 1048 36 15 rer
256 1040 108 22 härintills
386 1040 119 28 veterligen
522 1040 56 22 varit
591 1040 46 22 fria.
667 1040 49 22 Men
732 1041 38 21 det
784 1041 43 21 kan
840 1040 35 22 väl
889 1041 49 22 icke
953 1041 68 22 nekas

199 1072 44 24 att
254 1069 48 22 icke
323 1069 74 28 dylika
411 1068 88 28 afvägar
513 1069 69 22 skulle
597 1069 50 22 med
661 1071 33 20 ett
709 1069 225 28 entreprenadsystem
948 1070 74 21 kunna

199 1098 120 25 framträda
342 1098 41 22 här
407 1098 79 22 liksom
509 1099 7 21 i
538 1098 67 22 andra
625 1098 81 22 länder.
736 1098 70 22 Dessa
830 1098 190 27 omständigheter,

200 1126 73 23 hvilka
293 1126 38 28 jag
351 1126 49 22 icke
418 1132 64 16 anser
495 1126 44 27 mig
553 1126 54 22 böra
620 1126 73 22 vidare
708 1126 84 27 beröra,
807 1126 73 23 kunna
894 1127 128 26 visserligen

201 1155 81 27 uppstä
295 1155 37 22 vid
346 1154 83 22 sädana
442 1155 100 27 partiella
555 1154 203 28 byggnadsföretag,
774 1161 47 16 som
830 1156 37 21 äro
877 1156 8 21 i
894 1155 68 27 fräga,
973 1161 49 16 men

201 1184 28 22 de
251 1184 66 21 blifva
338 1183 88 22 svärare
447 1184 34 22 att
495 1184 138 26 kontrollera,
649 1186 33 19 att
695 1183 86 23 komma
795 1184 29 28 pä
839 1184 85 27 spären,
940 1189 35 16 om
990 1185 32 20 ett

200 1212 48 22 helt
269 1214 82 26 system
365 1212 8 21 i
389 1212 60 22 detta
467 1212 124 22 hänseende
607 1212 147 28 uppkommer.
784 1212 49 22 Men
848 1212 74 27 ocksä,
938 1212 84 22 oafsedt

202 1241 67 26 detta,
285 1240 91 22 *fordrar
394 1242 32 20 ett
441 1241 81 25 arbete,
538 1241 99 27 upplåtet
651 1241 29 27 pä
694 1241 143 27 entreprenad
852 1248 27 15 en
894 1240 61 22 stark
969 1241 53 21 kon-

201 1268 57 26 troll,
280 1268 88 22 hvartill
389 1268 107 22 erfordras
512 1269 41 21 den
569 1268 107 27 stimulus,
691 1274 47 16 som
754 1269 38 21 det
806 1270 98 20 enskilda
918 1269 105 21 intresset

201 1297 71 26 utgör.
302 1296 33 21 En
350 1295 77 22 officiel
441 1295 124 22 funktionär
580 1298 46 19 tror
638 1296 38 27 jag
690 1296 48 22 icke
753 1299 25 19 är
792 1296 52 28 böjd
858 1296 34 23 för
907 1298 33 21 att
950 1297 74 22 utöfva

203 1331 27 16 en
245 1325 68 22 sådan
328 1324 8 22 i
351 1325 37 22 det
402 1324 116 23 minutiösa
533 1325 83 26 gående
630 1324 100 23 kontroll.
760 1325 42 28 Jag
817 1325 70 23 skulle
896 1325 70 23 derför
973 1325 51 28 vilja

202 1353 47 23 helt
268 1353 41 23 och
323 1353 68 22 hållet
405 1353 97 28 afstyrka
516 1353 122 22 uttalandet
652 1354 7 21 i
675 1353 69 23 denna
760 1353 41 23 del.
830 1354 40 22 Att
888 1354 136 28 kronobygg-

202 1382 68 23 nader
293 1381 72 24 blifvit
388 1382 77 29 dyrare
489 1383 64 22 beror
574 1383 29 27 pä
625 1383 66 22 andra
708 1383 190 28 omständigheter,
914 1383 72 23 hvilka
999 1384 25 27 ju

202 1411 74 22 kunna
289 1411 103 23 förändra
410 1411 39 29 sig.
478 1411 43 27 Jag
535 1413 46 20 tror
595 1411 38 22 det
647 1413 25 21 är
686 1411 150 24 konstateradt
851 1414 34 20 att
898 1413 53 22 vära
965 1413 59 27 inge-

203 1440 72 23 niörer
290 1440 41 22 och
346 1441 27 22 de
388 1446 46 17 som
448 1440 46 23 ledt
508 1440 187 28 ingeniörarbeten
708 1441 50 22 icke
772 1441 70 29 bygga
856 1442 76 27 dyrare
947 1444 27 20 än
990 1447 34 16 om

203 1469 68 27 något
286 1471 65 20 annat
367 1471 150 26 arrangement
531 1469 106 26 vidtages.
666 1470 42 27 Jag
722 1470 71 23 skulle
808 1469 33 24 för
855 1471 44 21 min
914 1471 35 22 del
955 1465 12 36 i
964 1471 60 21 alla

203 1497 123 29 händelser,
343 1497 28 23 dä
387 1498 132 28 experiment
533 1498 41 22 och
589 1498 74 22 försök
678 1498 7 22 i
701 1498 70 22 denna
788 1498 94 28 riktning
892 1499 7 21 i
910 1499 115 28 praktiken

203 1526 74 23 kunna
299 1527 86 23 komma
404 1527 34 23 till
455 1527 71 28 ständ,
541 1528 115 22 hemställa
671 1527 32 23 till
718 1528 87 22 ständet
819 1530 33 20 att
866 1528 50 23 hela
931 1528 94 23 uttalan-
