1081 1723
433 96 43 18 Den
488 97 21 17 19
521 95 45 24 Maj.
841 98 42 21 987

89 159 89 28 fentliga
192 160 135 28 byggnaders
343 161 133 28 uppförande
495 161 114 23 framdeles
625 161 116 23 öfverlåtes
755 162 30 28 på
801 164 110 26 entrepre-

88 189 42 22 nad
145 189 68 22 utbad
228 190 33 27 sig

156 217 57 24 Herr
234 218 133 23 Molander
390 219 62 28 ordet
474 219 41 22 och
530 219 94 27 yttrade:
639 219 118 28 Angående
771 219 136 28 kronobygg-

87 247 68 22 nader
176 247 40 22 har
237 247 108 22 utskottet
367 247 85 26 uttalat,
472 249 32 22 att
519 247 148 27 erfarenheten
682 248 70 22 skulle
766 248 91 27 bevisat,
873 249 34 22 att

86 275 94 22 kronans
202 275 196 28 byggnadsföretag
412 276 9 27 i
434 275 117 28 allmänhet
572 276 70 22 stälde
665 275 34 28 sig
715 276 50 22 vida
787 276 76 28 dyrare
879 278 28 20 än

86 303 111 22 enskildes
212 305 56 20 samt
283 305 32 20 att
331 306 103 25 systemet
448 306 34 19 att
495 305 45 20 låta
556 305 69 27 bygga
640 304 55 22 efter
708 305 76 21 räkning
808 305 49 22 icke
866 311 40 15 nu-

86 337 60 17 mera.
167 330 70 27 borde
256 332 119 22 bibehållas
392 332 34 22 för
440 332 42 22 alla
497 333 47 27 slag
558 332 23 22 af
593 331 132 29 byggnader.
754 331 12 23 I
796 339 55 16 denna
865 334 41 21 sak

86 360 61 22 delar
162 360 43 28 jag
218 356 129 32 föllkomligt
360 360 56 23 hvad
430 361 51 22 herr
496 361 174 22 Standertskiöld
684 361 67 22 redan
766 361 39 22 har
819 362 87 23 uttalat.

84 388 65 23 Afser
170 395 49 16 man
239 389 38 22 det
291 391 33 20 att
339 389 73 22 kunna
425 389 22 22 få
462 396 26 16 en
504 390 98 27 byggnad
617 390 98 27 billigare
730 389 78 27 utförd,
824 391 25 22 sä
863 387 43 26 kan

85 417 37 22 det
143 418 56 21 visst
219 418 78 26 hända,
314 419 33 20 att
361 418 131 27 densamma,
508 419 104 27 upplåten
624 419 29 27 på
668 418 149 29 entreprenad,
832 419 73 22 kunde

84 446 103 28 uppföras
201 447 33 22 till
249 447 98 27 billigare
362 447 52 28 pris,
429 453 50 16 men
491 447 37 28 jag
542 446 85 23 befarar
642 449 34 20 att
690 448 38 22 det
743 447 70 22 skulle
828 448 39 22 ske
877 449 29 26 på

83 475 122 22 bekostnad
221 475 23 23 af
257 476 96 22 arbetets
369 476 101 27 soliditet,
486 479 23 25 ty
524 476 37 22 det
574 476 69 27 ligger
657 477 7 21 i
680 477 177 26 entreprenörens
873 477 32 21 in-

83 506 72 20 tresse
178 506 33 20 att
229 505 53 22 söka
296 504 23 22 få
333 505 70 27 någon
418 503 101 30 förtjenst
534 505 28 27 på
576 505 221 28 byggnadsföretaget
811 505 41 22 och
868 506 38 21 det

83 533 63 22 torde
161 533 66 22 blifva
242 534 59 21 svårt
317 535 32 20 att
363 534 26 21 så
402 538 58 23 noga
473 533 132 23 kontrollera
619 534 86 27 honom,
716 536 33 20 att
761 534 84 22 arbetet
857 533 49 23 icke

83 562 8 21 i
105 562 71 27 någon
199 562 35 22 del
249 563 40 28 blir
304 561 83 23 mindre
401 562 35 22 väl
450 562 88 23 utfördt.
567 562 118 23 Dessutom
703 563 37 22 vill
755 563 38 27 jag
807 563 98 28 upplysa,

84 591 33 21 att
139 590 62 22 äfven
224 597 34 16 om
280 591 203 28 byggnadsföretag,
506 592 73 21 såsom
600 591 77 22 hittills
699 591 46 22 ofta
765 591 57 22 varit
835 591 69 27 fallet,

83 618 70 23 blifvit
167 619 86 22 utförda
268 619 95 27 sålunda,
379 621 33 20 att
426 625 50 16 man
491 619 115 28 uppdragit
621 619 124 23 utförandet
759 619 24 23 af
796 620 110 22 desamma

84 648 23 21 åt
129 654 27 15 en
175 648 93 22 särskild
282 648 126 27 bestyrelse,
424 648 26 22 så
464 648 40 21 har
517 649 34 21 för
565 648 64 27 ingen
644 649 35 21 del
694 649 124 26 derigenom
833 651 72 20 entre-

82 677 84 26 prenad
180 676 70 23 blifvit
264 677 117 26 utesluten,
397 677 89 22 emedan
502 677 65 22 dessa
576 677 251 28 byggnadsbestyrelser,
837 677 68 27 enligt

82 705 81 27 regeln,
178 705 72 22 lemna
264 705 59 22 vissa
338 705 60 22 delar
408 705 23 22 af
439 704 75 29 sjelfva
524 705 197 28 byggnadsarbetet
731 706 23 21 åt
765 707 139 26 entreprenö-

82 740 41 21 rer,
139 732 42 23 och
196 733 39 23 det
249 734 39 21 har
301 734 56 22 varit
371 733 33 22 för
426 733 218 29 byggnadsstyrelsen
666 734 49 22 vida
729 735 79 21 lättare
825 736 32 19 att
872 733 32 22 öf-

82 762 94 23 vervaka
199 763 64 22 dessa
285 763 188 28 detaljåtaganden
495 765 27 19 än
544 763 56 22 hvad
620 763 37 21 det
671 763 56 21 hade
742 763 73 22 blifvit
828 762 34 23 för
877 769 27 15 en

83 792 95 22 arkitekt
199 793 34 20 att
253 792 133 22 kontrollera
406 792 138 27 byggnadens
566 790 134 29 uppförande
721 792 8 21 i
749 792 51 22 dess
822 791 81 23 helhet.

84 820 82 22 Genom
181 822 33 20 att
228 820 90 28 upplåta
332 820 135 28 byggnaders
482 820 134 28 uppförande
632 820 23 21 åt
670 820 94 22 särskild
779 820 72 22 dertill
860 820 43 22 för-

83 849 82 22 ordnad
179 849 120 28 bestyrelse
313 849 40 22 har
368 848 113 30 onekligen
496 850 42 21 den
552 849 69 22 fördel
636 849 87 22 vunnits
738 850 33 21 att
785 855 49 16 man
849 848 55 23 kun-

82 879 37 20 nat
141 884 51 15 vara
206 877 106 22 förvissad
328 878 73 22 derom
416 878 34 21 att
464 878 85 21 arbetet
563 878 70 21 blifvit
647 877 50 22 med
712 884 87 21 omsorg
813 878 89 25 utfördt,

81 909 24 24 ty
126 906 34 21 till
180 906 121 22 ledamöter
315 907 8 20 i
338 907 65 22 dessa
421 906 131 27 bestyrelser
565 906 65 22 hafva
644 906 24 21 af
681 906 106 27 styrelsen
801 907 101 21 inkallats

81 941 110 21 personer,
207 940 35 16 om
256 934 73 22 hvilka
343 941 50 16 man
407 935 74 26 visste,
497 936 33 20 att
544 935 27 21 de
585 935 49 21 icke
649 935 77 21 endast
741 935 54 26 egde
809 934 94 23 sakkän-

81 963 85 27 nedom,
181 965 54 20 utan
250 963 63 22 äfven
327 969 52 16 voro
393 963 145 22 intresserade
554 963 71 22 derför
640 965 32 20 att
687 963 127 28 byggnaden
833 963 70 22 skulle

81 991 67 24 blifva
171 991 55 24 solid
249 992 40 23 och
311 992 34 22 väl
364 992 79 22 utförd.
473 991 132 27 Visserligen
619 991 73 22 kunde
707 994 57 19 ännu
779 991 124 22 framhållas

82 1021 68 27 några
171 1020 71 23 siffror
263 1024 48 23 som'
333 1021 69 22 skulle
417 1020 72 22 utvisa
504 1022 32 19 att
551 1021 28 21 då
593 1020 126 28 byggnader
732 1020 71 22 blifvit
817 1020 87 22 utförda

82 1049 23 22 af
116 1049 222 28 byggnadsstyrelser,
353 1049 110 28 betydliga
476 1049 142 27 besparingar
631 1049 84 22 kunnat
729 1050 71 26 göras,
817 1049 40 22 och
870 1051 34 20 att

82 1078 124 27 utgifterna,
228 1078 101 22 stundom
351 1078 131 27 understigit
502 1077 220 28 kostnadsförslaget;
741 1084 49 15 men
806 1077 97 22 deremot

81 1107 73 22 kunde
176 1107 110 26 invändas,
302 1108 33 20 att
349 1106 210 27 kostnadsförslaget
580 1106 56 22 varit
656 1106 34 22 för
705 1105 59 28 högt,
779 1106 26 21 sä
819 1108 34 19 att
868 1107 35 26 jag

81 1138 46 19 tror
147 1135 38 23 det
200 1135 72 28 dylika
286 1131 168 58 siforuppaittor
469 1135 120 27 egentligen
603 1135 49 21 icke
676 1135 89 22 inverka
781 1134 30 28 pä
833 1135 69 21 bedö-

81 1164 88 22 mandet
183 1163 24 23 af
220 1163 140 29 förevarande
384 1164 57 27 fråga.
470 1164 32 21 På
516 1164 65 21 dessa
595 1163 49 22 skäl
658 1163 43 22 kan
713 1164 39 27 jag
766 1163 34 22 för
813 1163 44 22 min
867 1163 36 22 del

80 1193 49 21 icke
145 1193 50 21 dela
209 1193 120 27 utskottets
345 1192 56 28 äsigt
416 1199 42 20 om,
474 1194 33 20 att
514 1199 50 14 man
571 1197 77 22 genom
656 1191 168 29 entreprenader
831 1192 72 21 skulle

80 1221 65 21 vinna
167 1221 71 26 nägon
261 1222 24 21 sä
299 1220 96 29 betydlig
410 1221 104 22 kostnads
530 1220 116 27 besparing
660 1222 33 20 att
709 1221 38 21 det
761 1220 71 21 skulle
847 1222 55 20 mot-

82 1255 63 16 svara
167 1249 61 22 faran
249 1251 32 20 att
304 1255 26 16 en
348 1249 68 22 sädan
430 1249 118 28 besparing
561 1249 73 21 kunde
649 1249 40 21 ske
703 1249 30 27 pä
746 1249 121 22 bekostnad
882 1248 24 22 af

80 1278 139 27 byggnadens
235 1279 106 25 soliditet;
356 1277 87 22 hvarför
455 1278 37 27 jag
507 1278 49 22 icke
570 1277 69 22 finner
653 1277 72 28 nägon
740 1277 115 27 anledning
870 1279 33 20 att

80 1306 87 23 biträda
181 1307 120 22 utskottets
315 1306 88 28 förslag.

149 1335 57 23 Herr
220 1335 95 22 Taube.
346 1335 40 25 Om
397 1335 72 21 såsom
477 1335 108 21 utskottet
595 1336 70 25 säger,
674 1334 94 22 kronans
777 1329 124 58 byggnader

81 1364 85 25 företag
180 1364 8 20 i
203 1363 117 22 allmänhet
340 1363 74 21 ställer
433 1363 33 26 sig
484 1363 74 27 dyrare
574 1364 27 19 än
616 1362 115 25 enskildes,
747 1362 26 21 så
816 1364 39 19 finner
865 1361 39 27 jag

80 1392 34 22 för
134 1391 45 23 min
201 1391 36 27 del
258 1391 50 23 icke
326 1391 67 27 något
411 1391 47 21 skäl
474 1393 32 19 att
520 1390 75 28 frångå
610 1390 38 22 det
662 1390 77 22 hittills
755 1389 65 29 öfliga
834 1391 69 21 sättet

80 1420 34 23 för
128 1420 135 28 uppförande
278 1421 23 21 af
313 1420 193 27 kronobyggnader
520 1419 40 23 och
576 1418 87 28 öfvergå
678 1418 33 22 till
727 1419 65 22 dessa
805 1418 98 28 företags

80 1449 162 23 verkställande
256 1450 29 29 på
301 1448 149 30 entreprenad.
478 1449 44 21 För
535 1448 82 22 kronan
632 1448 70 22 måste
719 1448 37 22 det
770 1454 53 17 vara
837 1452 66 24 ange-

81 1479 60 28 läget
163 1480 33 20 att
217 1477 22 23 få
261 1479 48 22 sina
323 1477 196 29 byggnadsföretag
540 1477 34 22 väl
595 1476 87 23 utförda
697 1477 41 22 och
753 1476 50 22 med
818 1476 85 28 garanti

81 1507 33 23 för
136 1507 143 28 varaktighet,
304 1514 34 16 om
361 1506 65 24 också
447 1506 37 23 det
498 1504 76 25 blifver
588 1506 67 28 något
670 1506 76 28 dyrare
761 1508 28 20 än
804 1505 56 23 hvad
875 1512 28 16 en
