1070 1720
438 106 35 19 De
491 93 22 42 2?
525 107 44 23 Maj.
818 109 54 22 1283

85 169 70 23 skulle
169 169 51 28 vilja
233 170 64 23 hafva
306 171 129 28 stadgandet
445 172 113 28 utvidgadt
565 173 87 26 derhän,
660 174 36 21 att
703 169 201 56 stadsfullmägtige,

86 198 53 23 eller
149 197 66 24 deras
231 199 135 30 oräförande,
382 200 53 23 eller
450 201 27 22 de
491 201 149 28 myndigheter
654 207 19 16 0.
689 207 17 16 s.
721 208 20 15 v.

104 235 2 3 '
132 223 11 39 «
152 227 57 22 Herr
222 227 146 24 Hackman:
382 229 63 23 Emot
459 229 50 22 herr
524 230 134 27 Gripenberg
672 229 37 23 vill
721 230 39 27 jag
774 231 77 21 endast
864 215 40 37 an-

84 255 82 25 märka,
181 257 34 21 att
229 257 193 28 stadsfullmägtige
436 258 50 21 icke
498 258 68 22 borde
580 258 73 22 kunna
665 259 100 21 beträdas
776 258 50 22 med
836 259 69 26 några

84 284 82 22 sådana
179 284 133 29 handlingar,
328 288 24 25 ty
366 286 28 21 de
408 286 78 22 handla
499 287 9 21 i
522 287 116 22 allmänhet
651 287 56 26 icke,
722 289 51 20 utan
790 287 63 22 deras
863 287 39 23 be-

85 312 45 22 slut
143 312 111 23 befordras
269 314 34 22 till
316 314 164 27 verkställighet
494 321 77 21 genom
586 315 146 33 magistraten,
749 321 47 16 som
811 321 51 21 eger
877 321 26 16 se

85 341 33 22 till
133 342 32 21 att
179 341 36 28 lag
229 342 48 22 icke
291 343 35 22 mä
340 343 82 27 brytas;
439 343 37 22 det
490 344 39 27 gär
542 343 29 34 pä
586 343 150 28 magistratens
746 349 84 16 ansvar.:
852 343 52 23 Men

84 369 207 34 stadsfallmägtiges
314 371 127 22 ordförande
462 372 44 22 kan
528 373 52 26 göra
602 373 46 26 det;
671 372 71 22 derför
763 372 86 22 förenar
863 372 41 44 jag

83 398 45 28 mig
141 399 49 22 med
205 400 50 21 herr
268 400 166 28 Montgomery.

151 427 56 23 Herr
221 428 103 27 Munck,
338 429 28 21 K.
380 429 30 21 F.:
426 424 68 27 Äfven
507 429 37 27 jag
558 429 65 28 hyser
638 435 81 15 samma
729 429 58 27 åsigt
796 414 46 37 som
851 409 52 52 herr

83 455 154 29 Montgomery.

152 484 99 23 Friherre
271 486 201 27 Langenskiöld:
488 486 10 22 I
512 486 38 22 fall
564 486 130 27 stadgandet
708 486 8 21 i
730 486 79 27 nådiga
818 483 83 40 Ppropo-

84 512 93 24 sitionen
196 514 130 27 godkännes,
347 514 25 22 så
386 514 62 22 torde
464 515 37 22 det
515 515 82 21 kanske
611 521 51 15 vara
676 515 132 26 nödvändigt
822 516 33 20 att
869 515 33 21 in-

84 543 52 25 taga
150 544 33 20 ett
197 542 120 28 stadgande
332 543 79 25 derom,
428 544 32 20 att
474 550 26 15 en
516 549 84 22 person,
617 549 46 16 som
673 543 33 22 för
715 543 128 27 felaktighet
853 543 48 22 blif-

83 570 31 22 vit
129 570 55 23 skild
198 570 47 23 från
261 572 204 27 ordförandeskapet
474 572 40 22 hos
524 572 201 27 stadsfullmägtige,
734 572 48 22 icke
793 574 25 20 är
827 572 76 22 valbar

84 599 33 21 till
139 600 201 28 stadsfullmägtige,
356 600 89 23 emedan
461 601 36 22 det
512 600 68 23 finnes
596 601 47 21 icke
658 601 67 27 några
739 602 66 21 andra
819 600 82 28 qvalifi-

83 628 99 22 kationer
197 628 33 22 för
240 631 32 21 att
279 629 65 23 blifva
352 630 132 26 ordförande,
499 632 26 20 än
541 630 37 22 det
592 631 33 20 att
639 630 42 22 han
697 626 54 48 skall
765 636 50 15 vara
830 630 71 34 stads-

83 656 127 28 fullmägtig.

151 686 56 22 Herr
229 686 177 28 Gripenberg,
430 686 80 23 Alexis:
533 687 41 22 För
596 686 43 22 min
662 686 34 22 del
715 668 69 40 skulle
796 687 39 27 jag
850 687 50 27 vilja

83 712 85 24 biträda
189 714 89 23 friherre
300 715 157 33 Langenskiöld
473 716 40 21 och
528 717 59 21 emot
601 715 50 22 herr
665 715 111 22 Hackman
791 715 108 25 anmärka,

82 744 35 20 att
137 749 48 16 man
208 744 43 21 kan
273 744 65 22 tänka
360 744 39 26 sig,
416 746 32 19 att
463 744 192 27 stadsfullmägtige
671 743 69 23 skulle
755 744 72 22 kunna
842 745 59 20 sätta

82 772 48 21 sina
148 772 72 21 beslut
238 772 7 21 i
261 772 169 27 verkställighet,
445 774 52 20 utan
512 775 32 19 att
559 773 73 21 derom
647 772 125 22 underrätta
786 773 114 26 magistra-

82 801 37 20 ten
134 800 40 22 och
189 800 91 22 sålunda
295 800 121 23 öfverträda
428 801 42 27 lag.

150 829 50 21 Med
215 829 113 27 anledning
343 829 23 22 af
374 829 41 21 den
426 830 90 21 sålunda
524 829 152 28 försiggångna
685 829 151 23 diskussionen
845 835 55 22 upp-

83 856 80 23 stäldes
179 857 55 22 först
248 858 94 27 följande
356 858 141 27 proposition:

150 886 53 26 Den,
219 892 46 15 som
285 887 125 26 godkänner
425 888 25 19 81
467 886 11 28 $
494 887 66 26 enligt
573 887 119 21 utskottets
707 886 142 27 betänkande,
864 887 35 20 rö-

83 915 46 21 star
140 914 33 27 ja;

149 943 74 21 vinner
245 943 41 27 nej,
309 945 89 25 antages
420 944 126 27 paragrafen
564 943 67 26 enligt
645 943 78 27 nädiga
738 943 162 27 propositionen

80 971 50 22 med
152 971 52 22 eller
225 973 53 20 utan
293 971 37 22 det
345 971 23 22 af
380 971 88 22 friherre
483 971 156 28 Langenskiöld
654 971 121 28 föreslagna
789 971 108 27 tillägget;

85 1008 1 3 ;
149 999 41 22 och
209 1000 29 21 dä
253 1000 70 22 denna
337 1001 133 26 proposition
485 1001 128 22 besvarades
627 1001 50 20 med
691 1001 41 26 nej,
748 1006 27 15 en
789 1006 70 16 annan
874 1001 25 20 sä

81 1027 100 28 lydande:

149 1057 48 21 Den
216 1063 46 16 som
278 1057 126 27 godkänner
417 1057 90 22 friherre
521 1057 170 33 Langenskiölds
706 1043 87 40 förslag,
808 1040 39 48 att,
861 1062 38 17 om

81 1085 128 22 ordförande
224 1085 33 22 för
272 1085 194 28 stadsfullmägtige
481 1087 38 20 har
528 1086 47 21 frän
586 1086 32 21 sin
628 1085 119 26 befattning
757 1085 69 22 blifvit
835 1073 63 38 skild,

81 1113 43 22 han
138 1114 47 22 icke
200 1114 73 22 vidare
288 1117 24 19 är
326 1114 33 22 till
374 1114 179 28 stadsfullmägtig
567 1115 79 25 valbar,
662 1116 57 20 samt
733 1115 33 20 att
775 1098 124 46 återremiss

80 1143 8 21 i
102 1142 78 22 sådant
195 1143 54 27 syfte
264 1143 33 22 till
312 1143 108 22 utskottet
434 1143 35 21 må
484 1150 40 21 ega
538 1149 53 20 rum,
606 1144 72 21 röstar
691 1143 31 28 ja;

148 1171 74 22 vinner
237 1171 40 27 nej,
293 1171 95 23 förfaller
401 1171 109 28 förslaget.

149 1200 58 21 Enär
229 1199 70 23 denna
319 1200 133 27 proposition
475 1200 129 22 besvarades
619 1200 50 21 med
684 1199 156 28 öfvervägande
854 1200 43 27 nej,

81 1234 38 15 var
133 1227 12 28 8
160 1230 25 19 81
202 1230 92 25 antagen
308 1229 8 21 i
331 1228 95 27 enlighet
439 1229 49 22 med
503 1229 78 26 nådiga
594 1229 144 27 propositions
753 1228 87 26 förslag:

149 1256 72 22 Sedan
235 1257 100 27 samtliga
365 1257 107 28 paragrafer
486 1258 7 20 i
508 1257 60 22 detta
582 1257 216 27 författningsförslag
808 1256 91 22 sälunda

80 1284 70 22 blifvit
163 1286 168 26 genomgängna,
355 1286 115 26 föredrogos
487 1285 39 22 och
541 1285 124 27 godkändes
676 1285 59 21 säväl
745 1285 110 27 ingressen
865 1285 34 21 till

81 1314 119 21 detsamma
222 1313 90 23 likasom
335 1314 42 22 ock
391 1314 117 22 utskottets
523 1314 33 22 till
571 1314 40 22 sist
625 1314 76 26 gjorda
715 1313 83 33 förslag
811 1319 34 15 om
859 1320 40 15 un-

81 1342 106 26 dendånig
203 1342 162 27 framställning
386 1343 110 39 angående
519 1343 41 21 den
582 1341 131 22 omfattande
734 1342 121 22 revisionen
878 1341 23 21 af

80 1369 282 28 kommunalförfattningen.

149 1456 105 28 Slutligen
272 1456 112 28 föredrogs
400 1456 40 22 och
454 1456 114 22 bordlades
583 1456 33 22 till
631 1456 68 37 andra
712 1456 87 28 plenum
813 1456 8 22 i
835 1435 65 59 nästa

80 1485 77 23 vecka:

149 1514 158 23 Sammansatta
320 1515 46 27 lag-
382 1514 40 23 och
438 1514 220 23 ekonomiutskottets.
670 1514 151 24 betänkanden
