<?xml version="1.0" encoding="UTF-8"?>
<alto xmlns="http://www.loc.gov/standards/alto/ns-v3#" xmlns:xlink="http://www.w3.org/1999/xlink" xmlns:xsi="http://www.w3.org/2001/XMLSchema-instance" xsi:schemaLocation="http://www.loc.gov/standards/alto/ns-v3# http://www.loc.gov/alto/v3/alto-3-0.xsd">
	<Description>
		<MeasurementUnit>pixel</MeasurementUnit>
		<sourceImageInformation>
			<fileName>/tmp/tess_yxbr57_l_input.PNG</fileName>
		</sourceImageInformation>
		<OCRProcessing ID="OCR_0">
			<ocrProcessingStep>
				<processingSoftware>
					<softwareName>tesseract 5.3.4</softwareName>
				</processingSoftware>
			</ocrProcessingStep>
		</OCRProcessing>
	</Description>
	<Layout>
		<Page WIDTH="1064" HEIGHT="1723" PHYSICAL_IMG_NR="0" ID="page_0">
			<PrintSpace HPOS="0" VPOS="0" WIDTH="1064" HEIGHT="1723">
				<ComposedBlock ID="cblock_0" HPOS="194" VPOS="110" WIDTH="442" HEIGHT="24">
					<TextBlock ID="block_0" HPOS="194" VPOS="110" WIDTH="442" HEIGHT="24">
						<TextLine ID="line_0" HPOS="194" VPOS="110" WIDTH="442" HEIGHT="24">
							<String ID="string_0" HPOS="194" VPOS="113" WIDTH="43" HEIGHT="21" WC="0.96" CONTENT="944"/><SP WIDTH="73" VPOS="113" HPOS="237"/>
							<String ID="string_1" HPOS="310" VPOS="113" WIDTH="4" HEIGHT="3" WC="0.22" CONTENT=":"/><SP WIDTH="188" VPOS="113" HPOS="314"/>
							<String ID="string_2" HPOS="502" VPOS="111" WIDTH="42" HEIGHT="19" WC="0.96" CONTENT="Den"/><SP WIDTH="15" VPOS="111" HPOS="544"/>
							<String ID="string_3" HPOS="559" VPOS="111" WIDTH="20" HEIGHT="17" WC="0.96" CONTENT="16"/><SP WIDTH="12" VPOS="111" HPOS="579"/>
							<String ID="string_4" HPOS="591" VPOS="110" WIDTH="45" HEIGHT="24" WC="0.95" CONTENT="Maj."/>
						</TextLine>
					</TextBlock>
				</ComposedBlock>
				<ComposedBlock ID="cblock_1" HPOS="143" VPOS="176" WIDTH="848" HEIGHT="1374">
					<TextBlock ID="block_1" HPOS="143" VPOS="176" WIDTH="848" HEIGHT="1374">
						<TextLine ID="line_1" HPOS="165" VPOS="176" WIDTH="825" HEIGHT="29">
							<String ID="string_5" HPOS="165" VPOS="176" WIDTH="325" HEIGHT="29" WC="0.32" CONTENT="sammanjämkningipä::sätt"/><SP WIDTH="22" VPOS="176" HPOS="490"/>
							<String ID="string_6" HPOS="512" VPOS="177" WIDTH="62" HEIGHT="22" WC="0.57" CONTENT="67:de"/><SP WIDTH="22" VPOS="177" HPOS="574"/>
							<String ID="string_7" HPOS="596" VPOS="178" WIDTH="12" HEIGHT="25" WC="0.65" CONTENT="£"/><SP WIDTH="18" VPOS="178" HPOS="608"/>
							<String ID="string_8" HPOS="626" VPOS="176" WIDTH="26" HEIGHT="22" WC="0.83" CONTENT="L."/><SP WIDTH="15" VPOS="176" HPOS="652"/>
							<String ID="string_9" HPOS="667" VPOS="176" WIDTH="26" HEIGHT="22" WC="0.92" CONTENT="O."/><SP WIDTH="14" VPOS="176" HPOS="693"/>
							<String ID="string_10" HPOS="707" VPOS="177" WIDTH="68" HEIGHT="27" WC="0.86" CONTENT="lyder.:"/><SP WIDTH="21" VPOS="177" HPOS="775"/>
							<String ID="string_11" HPOS="796" VPOS="184" WIDTH="1" HEIGHT="3" WC="0.46" CONTENT=":"/><SP WIDTH="7" VPOS="184" HPOS="797"/>
							<String ID="string_12" HPOS="804" VPOS="176" WIDTH="186" HEIGHT="24" WC="0.46" CONTENT="Utskottet:hade"/>
						</TextLine>
						<TextLine ID="line_2" HPOS="165" VPOS="204" WIDTH="826" HEIGHT="29">
							<String ID="string_13" HPOS="165" VPOS="205" WIDTH="47" HEIGHT="22" WC="0.93" CONTENT="haft"/><SP WIDTH="21" VPOS="205" HPOS="212"/>
							<String ID="string_14" HPOS="233" VPOS="205" WIDTH="33" HEIGHT="21" WC="0.86" CONTENT="till"/><SP WIDTH="13" VPOS="205" HPOS="266"/>
							<String ID="string_15" HPOS="279" VPOS="204" WIDTH="180" HEIGHT="29" WC="0.28" CONTENT="atgähgspankty"/><SP WIDTH="11" VPOS="204" HPOS="459"/>
							<String ID="string_16" HPOS="470" VPOS="207" WIDTH="33" HEIGHT="20" WC="0.82" CONTENT="att"/><SP WIDTH="20" VPOS="207" HPOS="503"/>
							<String ID="string_17" HPOS="523" VPOS="207" WIDTH="50" HEIGHT="21" WC="0.66" CONTENT="3:ne"/><SP WIDTH="14" VPOS="207" HPOS="573"/>
							<String ID="string_18" HPOS="587" VPOS="205" WIDTH="67" HEIGHT="22" WC="0.96" CONTENT="stånd"/><SP WIDTH="14" VPOS="205" HPOS="654"/>
							<String ID="string_19" HPOS="668" VPOS="204" WIDTH="24" HEIGHT="24" WC="0.96" CONTENT="af"/><SP WIDTH="12" VPOS="204" HPOS="692"/>
							<String ID="string_20" HPOS="704" VPOS="208" WIDTH="15" HEIGHT="18" WC="0.96" CONTENT="4"/><SP WIDTH="14" VPOS="208" HPOS="719"/>
							<String ID="string_21" HPOS="733" VPOS="205" WIDTH="62" HEIGHT="22" WC="0.77" CONTENT="velat:"/><SP WIDTH="6" VPOS="205" HPOS="795"/>
							<String ID="string_22" HPOS="801" VPOS="205" WIDTH="75" HEIGHT="27" WC="0.88" CONTENT="bygga"/><SP WIDTH="14" VPOS="205" HPOS="876"/>
							<String ID="string_23" HPOS="890" VPOS="210" WIDTH="26" HEIGHT="18" WC="0.93" CONTENT="en"/><SP WIDTH="15" VPOS="210" HPOS="916"/>
							<String ID="string_24" HPOS="931" VPOS="206" WIDTH="60" HEIGHT="22" WC="0.95" CONTENT="bana"/>
						</TextLine>
						<TextLine ID="line_3" HPOS="165" VPOS="232" WIDTH="826" HEIGHT="31">
							<String ID="string_25" HPOS="165" VPOS="233" WIDTH="56" HEIGHT="23" WC="0.86" CONTENT="från"/><SP WIDTH="13" VPOS="233" HPOS="221"/>
							<String ID="string_26" HPOS="234" VPOS="233" WIDTH="73" HEIGHT="27" WC="0.48" CONTENT="någon&quot;"/><SP WIDTH="22" VPOS="233" HPOS="307"/>
							<String ID="string_27" HPOS="329" VPOS="234" WIDTH="70" HEIGHT="28" WC="0.87" CONTENT="punkt"/><SP WIDTH="18" VPOS="234" HPOS="399"/>
							<String ID="string_28" HPOS="417" VPOS="228" WIDTH="30" HEIGHT="39" WC="0.43" CONTENT="af"/><SP WIDTH="13" VPOS="228" HPOS="447"/>
							<String ID="string_29" HPOS="460" VPOS="232" WIDTH="59" HEIGHT="24" WC="0.43" CONTENT="Wasa"/><SP WIDTH="15" VPOS="232" HPOS="519"/>
							<String ID="string_30" HPOS="534" VPOS="234" WIDTH="72" HEIGHT="22" WC="0.96" CONTENT="banan"/><SP WIDTH="8" VPOS="234" HPOS="606"/>
							<String ID="string_31" HPOS="614" VPOS="234" WIDTH="39" HEIGHT="21" WC="0.75" CONTENT="till."/><SP WIDTH="13" VPOS="234" HPOS="653"/>
							<String ID="string_32" HPOS="666" VPOS="233" WIDTH="117" HEIGHT="27" WC="0.78" CONTENT="Uleåborg,"/><SP WIDTH="16" VPOS="233" HPOS="783"/>
							<String ID="string_33" HPOS="799" VPOS="228" WIDTH="38" HEIGHT="39" WC="0.80" CONTENT="och"/><SP WIDTH="9" VPOS="228" HPOS="837"/>
							<String ID="string_34" HPOS="846" VPOS="233" WIDTH="145" HEIGHT="26" WC="0.52" CONTENT=":beträffande"/>
						</TextLine>
						<TextLine ID="line_4" HPOS="167" VPOS="261" WIDTH="820" HEIGHT="30">
							<String ID="string_35" HPOS="167" VPOS="262" WIDTH="158" HEIGHT="28" WC="0.84" CONTENT="sträckningen."/><SP WIDTH="17" VPOS="262" HPOS="325"/>
							<String ID="string_36" HPOS="342" VPOS="262" WIDTH="32" HEIGHT="22" WC="0.0" CONTENT="af:"/><SP WIDTH="8" VPOS="262" HPOS="374"/>
							<String ID="string_37" HPOS="382" VPOS="261" WIDTH="73" HEIGHT="30" WC="0.74" CONTENT="denna"/><SP WIDTH="14" VPOS="261" HPOS="455"/>
							<String ID="string_38" HPOS="469" VPOS="262" WIDTH="52" HEIGHT="22" WC="0.89" CONTENT="linie"/><SP WIDTH="22" VPOS="262" HPOS="521"/>
							<String ID="string_39" HPOS="543" VPOS="257" WIDTH="56" HEIGHT="38" WC="0.46" CONTENT="hade"/><SP WIDTH="12" VPOS="257" HPOS="599"/>
							<String ID="string_40" HPOS="611" VPOS="257" WIDTH="111" HEIGHT="38" WC="0.46" CONTENT="utskottet"/><SP WIDTH="12" VPOS="257" HPOS="722"/>
							<String ID="string_41" HPOS="734" VPOS="262" WIDTH="86" HEIGHT="23" WC="0.94" CONTENT="kunnat"/><SP WIDTH="14" VPOS="262" HPOS="820"/>
							<String ID="string_42" HPOS="834" VPOS="264" WIDTH="53" HEIGHT="26" WC="0.93" CONTENT="tåga"/><SP WIDTH="12" VPOS="264" HPOS="887"/>
							<String ID="string_43" HPOS="899" VPOS="263" WIDTH="88" HEIGHT="27" WC="0.90" CONTENT="ledning"/>
						</TextLine>
						<TextLine ID="line_5" HPOS="165" VPOS="290" WIDTH="824" HEIGHT="29">
							<String ID="string_44" HPOS="165" VPOS="291" WIDTH="59" HEIGHT="22" WC="0.96" CONTENT="såväl"/><SP WIDTH="23" VPOS="291" HPOS="224"/>
							<String ID="string_45" HPOS="247" VPOS="290" WIDTH="23" HEIGHT="23" WC="0.84" CONTENT="af:"/><SP WIDTH="20" VPOS="290" HPOS="270"/>
							<String ID="string_46" HPOS="290" VPOS="290" WIDTH="191" HEIGHT="28" WC="0.84" CONTENT="borgareständets"/><SP WIDTH="23" VPOS="290" HPOS="481"/>
							<String ID="string_47" HPOS="504" VPOS="291" WIDTH="72" HEIGHT="22" WC="0.96" CONTENT="beslut"/><SP WIDTH="12" VPOS="291" HPOS="576"/>
							<String ID="string_48" HPOS="588" VPOS="297" WIDTH="52" HEIGHT="15" WC="0.90" CONTENT=":som"/><SP WIDTH="15" VPOS="297" HPOS="640"/>
							<String ID="string_49" HPOS="655" VPOS="290" WIDTH="130" HEIGHT="24" WC="0.69" CONTENT="också;utaf"/><SP WIDTH="14" VPOS="290" HPOS="785"/>
							<String ID="string_50" HPOS="799" VPOS="290" WIDTH="41" HEIGHT="23" WC="0.0" CONTENT="den"/><SP WIDTH="1" VPOS="290" HPOS="840"/>
							<String ID="string_51" HPOS="841" VPOS="290" WIDTH="148" HEIGHT="29" WC="0.28" CONTENT="sträekning;"/>
						</TextLine>
						<TextLine ID="line_6" HPOS="165" VPOS="318" WIDTH="824" HEIGHT="25">
							<String ID="string_52" HPOS="165" VPOS="325" WIDTH="46" HEIGHT="17" WC="0.96" CONTENT="som"/><SP WIDTH="16" VPOS="325" HPOS="211"/>
							<String ID="string_53" HPOS="227" VPOS="320" WIDTH="25" HEIGHT="22" WC="0.96" CONTENT="R."/><SP WIDTH="16" VPOS="320" HPOS="252"/>
							<String ID="string_54" HPOS="268" VPOS="326" WIDTH="20" HEIGHT="15" WC="0.86" CONTENT="o."/><SP WIDTH="15" VPOS="326" HPOS="288"/>
							<String ID="string_55" HPOS="303" VPOS="320" WIDTH="26" HEIGHT="21" WC="0.69" CONTENT="A:"/><SP WIDTH="12" VPOS="320" HPOS="329"/>
							<String ID="string_56" HPOS="341" VPOS="318" WIDTH="93" HEIGHT="24" WC="0.69" CONTENT="i:andra"/><SP WIDTH="14" VPOS="318" HPOS="434"/>
							<String ID="string_57" HPOS="448" VPOS="322" WIDTH="93" HEIGHT="20" WC="0.96" CONTENT="rummet"/><SP WIDTH="14" VPOS="322" HPOS="541"/>
							<String ID="string_58" HPOS="555" VPOS="320" WIDTH="102" HEIGHT="22" WC="0.78" CONTENT="förordat."/><SP WIDTH="16" VPOS="320" HPOS="657"/>
							<String ID="string_59" HPOS="673" VPOS="322" WIDTH="62" HEIGHT="2" WC="0.0" CONTENT="&#39;:Or:"/><SP WIDTH="7" VPOS="322" HPOS="735"/>
							<String ID="string_60" HPOS="742" VPOS="320" WIDTH="63" HEIGHT="22" WC="0.0" CONTENT="detta"/><SP WIDTH="9" VPOS="320" HPOS="805"/>
							<String ID="string_61" HPOS="814" VPOS="320" WIDTH="175" HEIGHT="23" WC="0.82" CONTENT="betänkande"/><SP WIDTH="-28" VPOS="320" HPOS="989"/>
							<String ID="string_62" HPOS="961" VPOS="314" WIDTH="32" HEIGHT="38" WC="0.95" CONTENT="nu"/>
						</TextLine>
						<TextLine ID="line_7" HPOS="164" VPOS="348" WIDTH="826" HEIGHT="28">
							<String ID="string_63" HPOS="164" VPOS="348" WIDTH="102" HEIGHT="28" WC="0.93" CONTENT="föreläge,"/><SP WIDTH="17" VPOS="348" HPOS="266"/>
							<String ID="string_64" HPOS="283" VPOS="344" WIDTH="77" HEIGHT="37" WC="0.95" CONTENT="skulle:"/><SP WIDTH="18" VPOS="344" HPOS="360"/>
							<String ID="string_65" HPOS="378" VPOS="344" WIDTH="39" HEIGHT="37" WC="0.96" CONTENT="man"/><SP WIDTH="15" VPOS="344" HPOS="417"/>
							<String ID="string_66" HPOS="432" VPOS="353" WIDTH="29" HEIGHT="17" WC="0.96" CONTENT="nu"/><SP WIDTH="15" VPOS="353" HPOS="461"/>
							<String ID="string_67" HPOS="476" VPOS="349" WIDTH="73" HEIGHT="22" WC="0.92" CONTENT="kunna"/><SP WIDTH="10" VPOS="349" HPOS="549"/>
							<String ID="string_68" HPOS="559" VPOS="348" WIDTH="80" HEIGHT="28" WC="0.91" CONTENT="skrida"/><SP WIDTH="13" VPOS="348" HPOS="639"/>
							<String ID="string_69" HPOS="652" VPOS="349" WIDTH="39" HEIGHT="21" WC="0.95" CONTENT="till"/><SP WIDTH="8" VPOS="349" HPOS="691"/>
							<String ID="string_70" HPOS="699" VPOS="350" WIDTH="36" HEIGHT="20" WC="0.71" CONTENT="ett"/><SP WIDTH="11" VPOS="350" HPOS="735"/>
							<String ID="string_71" HPOS="746" VPOS="348" WIDTH="110" HEIGHT="22" WC="0.77" CONTENT=":definitivt"/><SP WIDTH="13" VPOS="348" HPOS="856"/>
							<String ID="string_72" HPOS="869" VPOS="344" WIDTH="72" HEIGHT="37" WC="0.86" CONTENT="beslut"/><SP WIDTH="9" VPOS="344" HPOS="941"/>
							<String ID="string_73" HPOS="950" VPOS="344" WIDTH="43" HEIGHT="37" WC="0.35" CONTENT="an-"/>
						</TextLine>
						<TextLine ID="line_8" HPOS="165" VPOS="377" WIDTH="824" HEIGHT="27">
							<String ID="string_74" HPOS="165" VPOS="377" WIDTH="83" HEIGHT="27" WC="0.96" CONTENT="gående"/><SP WIDTH="16" VPOS="377" HPOS="248"/>
							<String ID="string_75" HPOS="264" VPOS="378" WIDTH="41" HEIGHT="21" WC="0.75" CONTENT="den"/><SP WIDTH="15" VPOS="378" HPOS="305"/>
							<String ID="string_76" HPOS="320" VPOS="377" WIDTH="129" HEIGHT="27" WC="0.55" CONTENT="sträckning"/><SP WIDTH="12" VPOS="377" HPOS="449"/>
							<String ID="string_77" HPOS="461" VPOS="377" WIDTH="23" HEIGHT="21" WC="0.96" CONTENT="af"/><SP WIDTH="14" VPOS="377" HPOS="484"/>
							<String ID="string_78" HPOS="498" VPOS="378" WIDTH="41" HEIGHT="22" WC="0.93" CONTENT="den"/><SP WIDTH="15" VPOS="378" HPOS="539"/>
							<String ID="string_79" HPOS="554" VPOS="373" WIDTH="179" HEIGHT="37" WC="0.90" CONTENT="Österbottniska"/><SP WIDTH="10" VPOS="373" HPOS="733"/>
							<String ID="string_80" HPOS="743" VPOS="373" WIDTH="76" HEIGHT="37" WC="0.96" CONTENT="banan,"/><SP WIDTH="9" VPOS="373" HPOS="819"/>
							<String ID="string_81" HPOS="828" VPOS="383" WIDTH="48" HEIGHT="16" WC="0.93" CONTENT="som"/><SP WIDTH="8" VPOS="383" HPOS="876"/>
							<String ID="string_82" HPOS="884" VPOS="378" WIDTH="105" HEIGHT="23" WC="0.41" CONTENT="vi:kunna"/>
						</TextLine>
						<TextLine ID="line_9" HPOS="163" VPOS="405" WIDTH="827" HEIGHT="28">
							<String ID="string_83" HPOS="163" VPOS="405" WIDTH="58" HEIGHT="23" WC="0.93" CONTENT="finna"/><SP WIDTH="14" VPOS="405" HPOS="221"/>
							<String ID="string_84" HPOS="235" VPOS="405" WIDTH="157" HEIGHT="28" WC="0.89" CONTENT="förmänligast."/><SP WIDTH="28" VPOS="405" HPOS="392"/>
							<String ID="string_85" HPOS="420" VPOS="406" WIDTH="44" HEIGHT="22" WC="0.96" CONTENT="Det"/><SP WIDTH="15" VPOS="406" HPOS="464"/>
							<String ID="string_86" HPOS="479" VPOS="409" WIDTH="24" HEIGHT="19" WC="0.96" CONTENT="är"/><SP WIDTH="14" VPOS="409" HPOS="503"/>
							<String ID="string_87" HPOS="517" VPOS="406" WIDTH="59" HEIGHT="22" WC="0.95" CONTENT="klart"/><SP WIDTH="13" VPOS="406" HPOS="576"/>
							<String ID="string_88" HPOS="589" VPOS="408" WIDTH="34" HEIGHT="19" WC="0.97" CONTENT="att"/><SP WIDTH="15" VPOS="408" HPOS="623"/>
							<String ID="string_89" HPOS="638" VPOS="406" WIDTH="42" HEIGHT="22" WC="0.96" CONTENT="den"/><SP WIDTH="14" VPOS="406" HPOS="680"/>
							<String ID="string_90" HPOS="694" VPOS="407" WIDTH="65" HEIGHT="21" WC="0.93" CONTENT="stora:"/><SP WIDTH="8" VPOS="407" HPOS="759"/>
							<String ID="string_91" HPOS="767" VPOS="406" WIDTH="117" HEIGHT="27" WC="0.92" CONTENT="pluralitet,"/><SP WIDTH="16" VPOS="406" HPOS="884"/>
							<String ID="string_92" HPOS="900" VPOS="406" WIDTH="90" HEIGHT="24" WC="0.72" CONTENT="hvilken"/>
						</TextLine>
						<TextLine ID="line_10" HPOS="163" VPOS="434" WIDTH="824" HEIGHT="29">
							<String ID="string_93" HPOS="163" VPOS="434" WIDTH="75" HEIGHT="27" WC="0.92" CONTENT="ansäg,"/><SP WIDTH="24" VPOS="434" HPOS="238"/>
							<String ID="string_94" HPOS="262" VPOS="436" WIDTH="33" HEIGHT="19" WC="0.96" CONTENT="att"/><SP WIDTH="21" VPOS="436" HPOS="295"/>
							<String ID="string_95" HPOS="316" VPOS="441" WIDTH="50" HEIGHT="14" WC="0.96" CONTENT="man"/><SP WIDTH="22" VPOS="441" HPOS="366"/>
							<String ID="string_96" HPOS="388" VPOS="434" WIDTH="67" HEIGHT="22" WC="0.96" CONTENT="borde"/><SP WIDTH="22" VPOS="434" HPOS="455"/>
							<String ID="string_97" HPOS="477" VPOS="435" WIDTH="71" HEIGHT="27" WC="0.96" CONTENT="bygga"/><SP WIDTH="22" VPOS="435" HPOS="548"/>
							<String ID="string_98" HPOS="570" VPOS="440" WIDTH="26" HEIGHT="16" WC="0.96" CONTENT="en"/><SP WIDTH="21" VPOS="440" HPOS="596"/>
							<String ID="string_99" HPOS="617" VPOS="436" WIDTH="46" HEIGHT="19" WC="0.96" CONTENT="stor"/><SP WIDTH="14" VPOS="436" HPOS="663"/>
							<String ID="string_100" HPOS="677" VPOS="434" WIDTH="82" HEIGHT="22" WC="0.93" CONTENT="central"/><SP WIDTH="15" VPOS="434" HPOS="759"/>
							<String ID="string_101" HPOS="774" VPOS="435" WIDTH="57" HEIGHT="21" WC="0.92" CONTENT="bana"/><SP WIDTH="13" VPOS="435" HPOS="831"/>
							<String ID="string_102" HPOS="844" VPOS="435" WIDTH="34" HEIGHT="21" WC="0.96" CONTENT="till"/><SP WIDTH="14" VPOS="435" HPOS="878"/>
							<String ID="string_103" HPOS="892" VPOS="435" WIDTH="95" HEIGHT="28" WC="0.96" CONTENT="Kuopio,"/>
						</TextLine>
						<TextLine ID="line_11" HPOS="163" VPOS="462" WIDTH="823" HEIGHT="28">
							<String ID="string_104" HPOS="163" VPOS="463" WIDTH="49" HEIGHT="21" WC="0.92" CONTENT="icke."/><SP WIDTH="19" VPOS="463" HPOS="212"/>
							<String ID="string_105" HPOS="231" VPOS="463" WIDTH="84" HEIGHT="21" WC="0.92" CONTENT="kunnat"/><SP WIDTH="13" VPOS="463" HPOS="315"/>
							<String ID="string_106" HPOS="328" VPOS="462" WIDTH="61" HEIGHT="22" WC="0.96" CONTENT="finna"/><SP WIDTH="12" VPOS="462" HPOS="389"/>
							<String ID="string_107" HPOS="401" VPOS="463" WIDTH="34" HEIGHT="27" WC="0.93" CONTENT="sig"/><SP WIDTH="14" VPOS="463" HPOS="435"/>
							<String ID="string_108" HPOS="449" VPOS="463" WIDTH="149" HEIGHT="22" WC="0.91" CONTENT="öfverbevisad"/><SP WIDTH="14" VPOS="463" HPOS="598"/>
							<String ID="string_109" HPOS="612" VPOS="469" WIDTH="77" HEIGHT="20" WC="0.57" CONTENT="genom"/><SP WIDTH="16" VPOS="469" HPOS="689"/>
							<String ID="string_110" HPOS="705" VPOS="463" WIDTH="27" HEIGHT="21" WC="0.92" CONTENT="de"/><SP WIDTH="15" VPOS="463" HPOS="732"/>
							<String ID="string_111" HPOS="747" VPOS="462" WIDTH="69" HEIGHT="28" WC="0.93" CONTENT="öfriga"/><SP WIDTH="9" VPOS="462" HPOS="816"/>
							<String ID="string_112" HPOS="825" VPOS="463" WIDTH="109" HEIGHT="22" WC="0.51" CONTENT="ständens"/><SP WIDTH="16" VPOS="463" HPOS="934"/>
							<String ID="string_113" HPOS="950" VPOS="467" WIDTH="36" HEIGHT="18" WC="0.91" CONTENT="be-"/>
						</TextLine>
						<TextLine ID="line_12" HPOS="163" VPOS="491" WIDTH="827" HEIGHT="29">
							<String ID="string_114" HPOS="163" VPOS="491" WIDTH="50" HEIGHT="22" WC="0.22" CONTENT="slut.:"/><SP WIDTH="31" VPOS="491" HPOS="213"/>
							<String ID="string_115" HPOS="244" VPOS="492" WIDTH="50" HEIGHT="21" WC="0.95" CONTENT="Men"/><SP WIDTH="21" VPOS="492" HPOS="294"/>
							<String ID="string_116" HPOS="315" VPOS="491" WIDTH="37" HEIGHT="22" WC="0.95" CONTENT="vid"/><SP WIDTH="21" VPOS="491" HPOS="352"/>
							<String ID="string_117" HPOS="373" VPOS="491" WIDTH="35" HEIGHT="22" WC="0.93" CONTENT="val"/><SP WIDTH="23" VPOS="491" HPOS="408"/>
							<String ID="string_118" HPOS="431" VPOS="492" WIDTH="91" HEIGHT="22" WC="0.96" CONTENT="emellan"/><SP WIDTH="18" VPOS="492" HPOS="522"/>
							<String ID="string_119" HPOS="540" VPOS="494" WIDTH="36" HEIGHT="20" WC="0.96" CONTENT="att"/><SP WIDTH="15" VPOS="494" HPOS="576"/>
							<String ID="string_120" HPOS="591" VPOS="492" WIDTH="103" HEIGHT="26" WC="0.0" CONTENT="antingen"/><SP WIDTH="12" VPOS="492" HPOS="694"/>
							<String ID="string_121" HPOS="706" VPOS="491" WIDTH="65" HEIGHT="28" WC="0.0" CONTENT="ingen"/><SP WIDTH="13" VPOS="491" HPOS="771"/>
							<String ID="string_122" HPOS="784" VPOS="492" WIDTH="206" HEIGHT="28" WC="0.25" CONTENT=".jernvägsbyggnad."/>
						</TextLine>
						<TextLine ID="line_13" HPOS="163" VPOS="519" WIDTH="826" HEIGHT="28">
							<String ID="string_123" HPOS="163" VPOS="519" WIDTH="57" HEIGHT="22" WC="0.95" CONTENT="skall"/><SP WIDTH="15" VPOS="519" HPOS="220"/>
							<String ID="string_124" HPOS="235" VPOS="520" WIDTH="86" HEIGHT="22" WC="0.95" CONTENT="komma"/><SP WIDTH="6" VPOS="520" HPOS="321"/>
							<String ID="string_125" HPOS="327" VPOS="515" WIDTH="45" HEIGHT="36" WC="0.93" CONTENT="till"/><SP WIDTH="12" VPOS="515" HPOS="372"/>
							<String ID="string_126" HPOS="384" VPOS="515" WIDTH="61" HEIGHT="36" WC="0.76" CONTENT="stånd"/><SP WIDTH="16" VPOS="515" HPOS="445"/>
							<String ID="string_127" HPOS="461" VPOS="521" WIDTH="55" HEIGHT="21" WC="0.93" CONTENT="eller"/><SP WIDTH="13" VPOS="521" HPOS="516"/>
							<String ID="string_128" HPOS="529" VPOS="520" WIDTH="106" HEIGHT="23" WC="0.96" CONTENT="förstärkt"/><SP WIDTH="14" VPOS="520" HPOS="635"/>
							<String ID="string_129" HPOS="649" VPOS="522" WIDTH="86" HEIGHT="20" WC="0.88" CONTENT="utskott"/><SP WIDTH="16" VPOS="522" HPOS="735"/>
							<String ID="string_130" HPOS="751" VPOS="519" WIDTH="76" HEIGHT="28" WC="0.90" CONTENT="afgöra"/><SP WIDTH="15" VPOS="519" HPOS="827"/>
							<String ID="string_131" HPOS="842" VPOS="521" WIDTH="75" HEIGHT="26" WC="0.95" CONTENT="saken,"/><SP WIDTH="16" VPOS="521" HPOS="917"/>
							<String ID="string_132" HPOS="933" VPOS="523" WIDTH="56" HEIGHT="20" WC="0.96" CONTENT="utan"/>
						</TextLine>
						<TextLine ID="line_14" HPOS="163" VPOS="548" WIDTH="826" HEIGHT="28">
							<String ID="string_133" HPOS="163" VPOS="549" WIDTH="34" HEIGHT="27" WC="0.95" CONTENT="att"/><SP WIDTH="21" VPOS="549" HPOS="197"/>
							<String ID="string_134" HPOS="218" VPOS="548" WIDTH="26" HEIGHT="22" WC="0.96" CONTENT="R."/><SP WIDTH="23" VPOS="548" HPOS="244"/>
							<String ID="string_135" HPOS="267" VPOS="555" WIDTH="20" HEIGHT="15" WC="0.80" CONTENT="0."/><SP WIDTH="22" VPOS="555" HPOS="287"/>
							<String ID="string_136" HPOS="309" VPOS="549" WIDTH="26" HEIGHT="21" WC="0.88" CONTENT="A."/><SP WIDTH="21" VPOS="549" HPOS="335"/>
							<String ID="string_137" HPOS="356" VPOS="549" WIDTH="127" HEIGHT="22" WC="0.95" CONTENT="medverkat"/><SP WIDTH="21" VPOS="549" HPOS="483"/>
							<String ID="string_138" HPOS="504" VPOS="549" WIDTH="33" HEIGHT="21" WC="0.93" CONTENT="till"/><SP WIDTH="20" VPOS="549" HPOS="537"/>
							<String ID="string_139" HPOS="557" VPOS="549" WIDTH="162" HEIGHT="22" WC="0.96" CONTENT="bestämmande"/><SP WIDTH="13" VPOS="549" HPOS="719"/>
							<String ID="string_140" HPOS="732" VPOS="548" WIDTH="25" HEIGHT="22" WC="0.93" CONTENT="af"/><SP WIDTH="12" VPOS="548" HPOS="757"/>
							<String ID="string_141" HPOS="769" VPOS="549" WIDTH="123" HEIGHT="27" WC="0.96" CONTENT="riktningen"/><SP WIDTH="13" VPOS="549" HPOS="892"/>
							<String ID="string_142" HPOS="905" VPOS="549" WIDTH="26" HEIGHT="22" WC="0.96" CONTENT="af"/><SP WIDTH="12" VPOS="549" HPOS="931"/>
							<String ID="string_143" HPOS="943" VPOS="549" WIDTH="46" HEIGHT="23" WC="0.96" CONTENT="den"/>
						</TextLine>
						<TextLine ID="line_15" HPOS="163" VPOS="577" WIDTH="826" HEIGHT="28">
							<String ID="string_144" HPOS="163" VPOS="577" WIDTH="178" HEIGHT="22" WC="0.88" CONTENT="Österbottniska"/><SP WIDTH="11" VPOS="577" HPOS="341"/>
							<String ID="string_145" HPOS="352" VPOS="577" WIDTH="81" HEIGHT="27" WC="0.53" CONTENT="linjen,"/><SP WIDTH="24" VPOS="577" HPOS="433"/>
							<String ID="string_146" HPOS="457" VPOS="577" WIDTH="53" HEIGHT="22" WC="0.86" CONTENT="eller"/><SP WIDTH="14" VPOS="577" HPOS="510"/>
							<String ID="string_147" HPOS="524" VPOS="579" WIDTH="33" HEIGHT="20" WC="0.96" CONTENT="att"/><SP WIDTH="15" VPOS="579" HPOS="557"/>
							<String ID="string_148" HPOS="572" VPOS="578" WIDTH="24" HEIGHT="21" WC="0.96" CONTENT="R."/><SP WIDTH="16" VPOS="578" HPOS="596"/>
							<String ID="string_149" HPOS="612" VPOS="583" WIDTH="20" HEIGHT="15" WC="0.85" CONTENT="0."/><SP WIDTH="15" VPOS="583" HPOS="632"/>
							<String ID="string_150" HPOS="647" VPOS="577" WIDTH="32" HEIGHT="27" WC="0.80" CONTENT="A."/><SP WIDTH="16" VPOS="577" HPOS="679"/>
							<String ID="string_151" HPOS="695" VPOS="577" WIDTH="108" HEIGHT="23" WC="0.84" CONTENT="ställände"/><SP WIDTH="15" VPOS="577" HPOS="803"/>
							<String ID="string_152" HPOS="818" VPOS="578" WIDTH="33" HEIGHT="27" WC="0.96" CONTENT="sig"/><SP WIDTH="14" VPOS="578" HPOS="851"/>
							<String ID="string_153" HPOS="865" VPOS="578" WIDTH="30" HEIGHT="27" WC="0.97" CONTENT="pä"/><SP WIDTH="15" VPOS="578" HPOS="895"/>
							<String ID="string_154" HPOS="910" VPOS="578" WIDTH="27" HEIGHT="22" WC="0.96" CONTENT="de"/><SP WIDTH="14" VPOS="578" HPOS="937"/>
							<String ID="string_155" HPOS="951" VPOS="580" WIDTH="38" HEIGHT="21" WC="0.96" CONTENT="tre"/>
						</TextLine>
						<TextLine ID="line_16" HPOS="163" VPOS="605" WIDTH="827" HEIGHT="29">
							<String ID="string_156" HPOS="163" VPOS="605" WIDTH="68" HEIGHT="22" WC="0.90" CONTENT="andra"/><SP WIDTH="23" VPOS="605" HPOS="231"/>
							<String ID="string_157" HPOS="254" VPOS="606" WIDTH="105" HEIGHT="22" WC="0.76" CONTENT="ständens"/><SP WIDTH="15" VPOS="606" HPOS="359"/>
							<String ID="string_158" HPOS="374" VPOS="606" WIDTH="120" HEIGHT="27" WC="0.79" CONTENT="&#39;synpunkt,"/><SP WIDTH="23" VPOS="606" HPOS="494"/>
							<String ID="string_159" HPOS="517" VPOS="606" WIDTH="7" HEIGHT="21" WC="0.93" CONTENT="i"/><SP WIDTH="16" VPOS="606" HPOS="524"/>
							<String ID="string_160" HPOS="540" VPOS="606" WIDTH="130" HEIGHT="28" WC="0.91" CONTENT="hufvudsak"/><SP WIDTH="21" VPOS="606" HPOS="670"/>
							<String ID="string_161" HPOS="691" VPOS="606" WIDTH="70" HEIGHT="21" WC="0.93" CONTENT="skulle"/><SP WIDTH="18" VPOS="606" HPOS="761"/>
							<String ID="string_162" HPOS="779" VPOS="607" WIDTH="119" HEIGHT="22" WC="0.93" CONTENT="medverka"/><SP WIDTH="13" VPOS="607" HPOS="898"/>
							<String ID="string_163" HPOS="911" VPOS="607" WIDTH="32" HEIGHT="21" WC="0.40" CONTENT="till"/><SP WIDTH="14" VPOS="607" HPOS="943"/>
							<String ID="string_164" HPOS="957" VPOS="613" WIDTH="33" HEIGHT="17" WC="0.40" CONTENT="en:"/>
						</TextLine>
						<TextLine ID="line_17" HPOS="162" VPOS="634" WIDTH="827" HEIGHT="29">
							<String ID="string_165" HPOS="162" VPOS="634" WIDTH="127" HEIGHT="27" WC="0.96" CONTENT="lämpligare"/><SP WIDTH="14" VPOS="634" HPOS="289"/>
							<String ID="string_166" HPOS="303" VPOS="634" WIDTH="125" HEIGHT="29" WC="0.96" CONTENT="sträckning"/><SP WIDTH="15" VPOS="634" HPOS="428"/>
							<String ID="string_167" HPOS="443" VPOS="635" WIDTH="23" HEIGHT="21" WC="0.96" CONTENT="af"/><SP WIDTH="13" VPOS="635" HPOS="466"/>
							<String ID="string_168" HPOS="479" VPOS="635" WIDTH="42" HEIGHT="21" WC="0.93" CONTENT="den"/><SP WIDTH="15" VPOS="635" HPOS="521"/>
							<String ID="string_169" HPOS="536" VPOS="635" WIDTH="176" HEIGHT="21" WC="0.95" CONTENT="Österbottniska"/><SP WIDTH="15" VPOS="635" HPOS="712"/>
							<String ID="string_170" HPOS="727" VPOS="635" WIDTH="76" HEIGHT="26" WC="0.95" CONTENT="banan,"/><SP WIDTH="16" VPOS="635" HPOS="803"/>
							<String ID="string_171" HPOS="819" VPOS="641" WIDTH="65" HEIGHT="21" WC="0.96" CONTENT="synes"/><SP WIDTH="8" VPOS="641" HPOS="884"/>
							<String ID="string_172" HPOS="892" VPOS="635" WIDTH="51" HEIGHT="27" WC="0.96" CONTENT="mig,"/><SP WIDTH="9" VPOS="635" HPOS="943"/>
							<String ID="string_173" HPOS="952" VPOS="638" WIDTH="37" HEIGHT="21" WC="0.83" CONTENT="att."/>
						</TextLine>
						<TextLine ID="line_18" HPOS="162" VPOS="663" WIDTH="826" HEIGHT="28">
							<String ID="string_174" HPOS="162" VPOS="663" WIDTH="61" HEIGHT="21" WC="0.95" CONTENT="detta"/><SP WIDTH="15" VPOS="663" HPOS="223"/>
							<String ID="string_175" HPOS="238" VPOS="668" WIDTH="81" HEIGHT="17" WC="0.93" CONTENT="senare."/><SP WIDTH="11" VPOS="668" HPOS="319"/>
							<String ID="string_176" HPOS="330" VPOS="663" WIDTH="114" HEIGHT="22" WC="0.88" CONTENT="alternativ"/><SP WIDTH="15" VPOS="663" HPOS="444"/>
							<String ID="string_177" HPOS="459" VPOS="663" WIDTH="71" HEIGHT="22" WC="0.96" CONTENT="måste"/><SP WIDTH="14" VPOS="663" HPOS="530"/>
							<String ID="string_178" HPOS="544" VPOS="663" WIDTH="75" HEIGHT="28" WC="0.96" CONTENT="väljas."/><SP WIDTH="22" VPOS="663" HPOS="619"/>
							<String ID="string_179" HPOS="641" VPOS="663" WIDTH="42" HEIGHT="26" WC="0.96" CONTENT="Jag"/><SP WIDTH="15" VPOS="663" HPOS="683"/>
							<String ID="string_180" HPOS="698" VPOS="663" WIDTH="37" HEIGHT="22" WC="0.96" CONTENT="vill"/><SP WIDTH="13" VPOS="663" HPOS="735"/>
							<String ID="string_181" HPOS="748" VPOS="663" WIDTH="99" HEIGHT="22" WC="0.96" CONTENT="förmoda"/><SP WIDTH="14" VPOS="663" HPOS="847"/>
							<String ID="string_182" HPOS="861" VPOS="665" WIDTH="37" HEIGHT="20" WC="0.88" CONTENT="att:"/><SP WIDTH="7" VPOS="665" HPOS="898"/>
							<String ID="string_183" HPOS="905" VPOS="664" WIDTH="83" HEIGHT="23" WC="0.88" CONTENT="densä"/>
						</TextLine>
						<TextLine ID="line_19" HPOS="161" VPOS="691" WIDTH="826" HEIGHT="28">
							<String ID="string_184" HPOS="161" VPOS="691" WIDTH="62" HEIGHT="28" WC="0.96" CONTENT="långt"/><SP WIDTH="21" VPOS="691" HPOS="223"/>
							<String ID="string_185" HPOS="244" VPOS="691" WIDTH="52" HEIGHT="22" WC="0.93" CONTENT="från"/><SP WIDTH="11" VPOS="691" HPOS="296"/>
							<String ID="string_186" HPOS="307" VPOS="691" WIDTH="176" HEIGHT="28" WC="0.82" CONTENT="kusten:dragna"/><SP WIDTH="15" VPOS="691" HPOS="483"/>
							<String ID="string_187" HPOS="498" VPOS="692" WIDTH="62" HEIGHT="24" WC="0.95" CONTENT="bana,"/><SP WIDTH="16" VPOS="692" HPOS="560"/>
							<String ID="string_188" HPOS="576" VPOS="697" WIDTH="47" HEIGHT="16" WC="0.93" CONTENT="som"/><SP WIDTH="15" VPOS="697" HPOS="623"/>
							<String ID="string_189" HPOS="638" VPOS="692" WIDTH="163" HEIGHT="26" WC="0.92" CONTENT="presteständet"/><SP WIDTH="14" VPOS="692" HPOS="801"/>
							<String ID="string_190" HPOS="815" VPOS="691" WIDTH="106" HEIGHT="28" WC="0.96" CONTENT="omfattat,"/><SP WIDTH="13" VPOS="691" HPOS="921"/>
							<String ID="string_191" HPOS="934" VPOS="693" WIDTH="53" HEIGHT="21" WC="0.84" CONTENT="icke:"/>
						</TextLine>
						<TextLine ID="line_20" HPOS="161" VPOS="719" WIDTH="824" HEIGHT="28">
							<String ID="string_192" HPOS="161" VPOS="720" WIDTH="40" HEIGHT="22" WC="0.96" CONTENT="här"/><SP WIDTH="22" VPOS="720" HPOS="201"/>
							<String ID="string_193" HPOS="223" VPOS="719" WIDTH="76" HEIGHT="22" WC="0.68" CONTENT="vinner."/><SP WIDTH="20" VPOS="719" HPOS="299"/>
							<String ID="string_194" HPOS="319" VPOS="721" WIDTH="68" HEIGHT="26" WC="0.89" CONTENT="något"/><SP WIDTH="22" VPOS="721" HPOS="387"/>
							<String ID="string_195" HPOS="409" VPOS="721" WIDTH="127" HEIGHT="21" WC="0.89" CONTENT="nämnvärdt"/><SP WIDTH="21" VPOS="721" HPOS="536"/>
							<String ID="string_196" HPOS="557" VPOS="721" WIDTH="124" HEIGHT="21" WC="0.96" CONTENT="understöd."/><SP WIDTH="30" VPOS="721" HPOS="681"/>
							<String ID="string_197" HPOS="711" VPOS="721" WIDTH="43" HEIGHT="22" WC="0.94" CONTENT="Det"/><SP WIDTH="19" VPOS="721" HPOS="754"/>
							<String ID="string_198" HPOS="773" VPOS="719" WIDTH="71" HEIGHT="23" WC="0.94" CONTENT="finnes"/><SP WIDTH="19" VPOS="719" HPOS="844"/>
							<String ID="string_199" HPOS="863" VPOS="721" WIDTH="7" HEIGHT="22" WC="0.96" CONTENT="i"/><SP WIDTH="15" VPOS="721" HPOS="870"/>
							<String ID="string_200" HPOS="885" VPOS="721" WIDTH="48" HEIGHT="22" WC="0.89" CONTENT="alla"/><SP WIDTH="9" VPOS="721" HPOS="933"/>
							<String ID="string_201" HPOS="942" VPOS="721" WIDTH="43" HEIGHT="23" WC="0.78" CONTENT="falk"/>
						</TextLine>
						<TextLine ID="line_21" HPOS="162" VPOS="748" WIDTH="826" HEIGHT="29">
							<String ID="string_202" HPOS="162" VPOS="749" WIDTH="75" HEIGHT="21" WC="0.96" CONTENT="starka"/><SP WIDTH="22" VPOS="749" HPOS="237"/>
							<String ID="string_203" HPOS="259" VPOS="749" WIDTH="47" HEIGHT="21" WC="0.93" CONTENT="skäl"/><SP WIDTH="21" VPOS="749" HPOS="306"/>
							<String ID="string_204" HPOS="327" VPOS="748" WIDTH="173" HEIGHT="28" WC="0.76" CONTENT="för-afböjande"/><SP WIDTH="20" VPOS="748" HPOS="500"/>
							<String ID="string_205" HPOS="520" VPOS="749" WIDTH="23" HEIGHT="22" WC="0.96" CONTENT="af"/><SP WIDTH="13" VPOS="749" HPOS="543"/>
							<String ID="string_206" HPOS="556" VPOS="751" WIDTH="33" HEIGHT="20" WC="0.93" CONTENT="ett"/><SP WIDTH="14" VPOS="751" HPOS="589"/>
							<String ID="string_207" HPOS="603" VPOS="749" WIDTH="162" HEIGHT="22" WC="0.92" CONTENT="ständerbeslut"/><SP WIDTH="14" VPOS="749" HPOS="765"/>
							<String ID="string_208" HPOS="779" VPOS="749" WIDTH="7" HEIGHT="21" WC="0.95" CONTENT="i"/><SP WIDTH="14" VPOS="749" HPOS="786"/>
							<String ID="string_209" HPOS="800" VPOS="749" WIDTH="68" HEIGHT="23" WC="0.83" CONTENT="sådan"/><SP WIDTH="11" VPOS="749" HPOS="868"/>
							<String ID="string_210" HPOS="879" VPOS="749" WIDTH="109" HEIGHT="28" WC="0.80" CONTENT="riktning."/>
						</TextLine>
						<TextLine ID="line_22" HPOS="161" VPOS="775" WIDTH="828" HEIGHT="30">
							<String ID="string_211" HPOS="161" VPOS="777" WIDTH="39" HEIGHT="22" WC="0.86" CONTENT="En."/><SP WIDTH="13" VPOS="777" HPOS="200"/>
							<String ID="string_212" HPOS="213" VPOS="777" WIDTH="126" HEIGHT="28" WC="0.66" CONTENT="sträckning"/><SP WIDTH="10" VPOS="777" HPOS="339"/>
							<String ID="string_213" HPOS="349" VPOS="775" WIDTH="70" HEIGHT="24" WC="0.66" CONTENT="sådan"/><SP WIDTH="15" VPOS="775" HPOS="419"/>
							<String ID="string_214" HPOS="434" VPOS="783" WIDTH="46" HEIGHT="16" WC="0.96" CONTENT="som"/><SP WIDTH="15" VPOS="783" HPOS="480"/>
							<String ID="string_215" HPOS="495" VPOS="777" WIDTH="49" HEIGHT="27" WC="0.93" CONTENT="den,"/><SP WIDTH="15" VPOS="777" HPOS="544"/>
							<String ID="string_216" HPOS="559" VPOS="777" WIDTH="86" HEIGHT="22" WC="0.95" CONTENT="hvilken"/><SP WIDTH="16" VPOS="777" HPOS="645"/>
							<String ID="string_217" HPOS="661" VPOS="777" WIDTH="23" HEIGHT="22" WC="0.93" CONTENT="af"/><SP WIDTH="12" VPOS="777" HPOS="684"/>
							<String ID="string_218" HPOS="696" VPOS="780" WIDTH="85" HEIGHT="25" WC="0.91" CONTENT="preste-"/><SP WIDTH="16" VPOS="780" HPOS="781"/>
							<String ID="string_219" HPOS="797" VPOS="777" WIDTH="40" HEIGHT="22" WC="0.93" CONTENT="och"/><SP WIDTH="15" VPOS="777" HPOS="837"/>
							<String ID="string_220" HPOS="852" VPOS="778" WIDTH="137" HEIGHT="23" WC="0.39" CONTENT="bondestän-:"/>
						</TextLine>
						<TextLine ID="line_23" HPOS="161" VPOS="806" WIDTH="825" HEIGHT="28">
							<String ID="string_221" HPOS="161" VPOS="806" WIDTH="41" HEIGHT="21" WC="0.93" CONTENT="den"/><SP WIDTH="16" VPOS="806" HPOS="202"/>
							<String ID="string_222" HPOS="218" VPOS="806" WIDTH="115" HEIGHT="27" WC="0.96" CONTENT="beslutats,"/><SP WIDTH="16" VPOS="806" HPOS="333"/>
							<String ID="string_223" HPOS="349" VPOS="806" WIDTH="102" HEIGHT="22" WC="0.34" CONTENT="har&#39;icke"/><SP WIDTH="14" VPOS="806" HPOS="451"/>
							<String ID="string_224" HPOS="465" VPOS="806" WIDTH="70" HEIGHT="22" WC="0.95" CONTENT="blifvit"/><SP WIDTH="14" VPOS="806" HPOS="535"/>
							<String ID="string_225" HPOS="549" VPOS="807" WIDTH="29" HEIGHT="27" WC="0.92" CONTENT="pä"/><SP WIDTH="13" VPOS="807" HPOS="578"/>
							<String ID="string_226" HPOS="591" VPOS="806" WIDTH="93" HEIGHT="22" WC="0.96" CONTENT="förhand"/><SP WIDTH="14" VPOS="806" HPOS="684"/>
							<String ID="string_227" HPOS="698" VPOS="806" WIDTH="121" HEIGHT="22" WC="0.96" CONTENT="undersökt"/><SP WIDTH="13" VPOS="806" HPOS="819"/>
							<String ID="string_228" HPOS="832" VPOS="807" WIDTH="41" HEIGHT="21" WC="0.93" CONTENT="och"/><SP WIDTH="16" VPOS="807" HPOS="873"/>
							<String ID="string_229" HPOS="889" VPOS="807" WIDTH="97" HEIGHT="23" WC="0.92" CONTENT="haricke"/>
						</TextLine>
						<TextLine ID="line_24" HPOS="161" VPOS="834" WIDTH="823" HEIGHT="29">
							<String ID="string_230" HPOS="161" VPOS="834" WIDTH="40" HEIGHT="22" WC="0.94" CONTENT="till."/><SP WIDTH="15" VPOS="834" HPOS="201"/>
							<String ID="string_231" HPOS="216" VPOS="835" WIDTH="50" HEIGHT="22" WC="0.93" CONTENT="stöd"/><SP WIDTH="21" VPOS="835" HPOS="266"/>
							<String ID="string_232" HPOS="287" VPOS="835" WIDTH="34" HEIGHT="22" WC="0.93" CONTENT="för"/><SP WIDTH="16" VPOS="835" HPOS="321"/>
							<String ID="string_233" HPOS="337" VPOS="835" WIDTH="124" HEIGHT="28" WC="0.14" CONTENT="sig&#39;nägon"/><SP WIDTH="20" VPOS="835" HPOS="461"/>
							<String ID="string_234" HPOS="481" VPOS="835" WIDTH="178" HEIGHT="28" WC="0.95" CONTENT="argumentation,"/><SP WIDTH="16" VPOS="835" HPOS="659"/>
							<String ID="string_235" HPOS="675" VPOS="841" WIDTH="47" HEIGHT="16" WC="0.96" CONTENT="som"/><SP WIDTH="13" VPOS="841" HPOS="722"/>
							<String ID="string_236" HPOS="735" VPOS="835" WIDTH="43" HEIGHT="23" WC="0.96" CONTENT="den"/><SP WIDTH="15" VPOS="835" HPOS="778"/>
							<String ID="string_237" HPOS="793" VPOS="835" WIDTH="141" HEIGHT="22" WC="0.93" CONTENT="ekonomiska"/><SP WIDTH="14" VPOS="835" HPOS="934"/>
							<String ID="string_238" HPOS="948" VPOS="838" WIDTH="36" HEIGHT="19" WC="0.93" CONTENT="ut-"/>
						</TextLine>
						<TextLine ID="line_25" HPOS="160" VPOS="863" WIDTH="825" HEIGHT="29">
							<String ID="string_239" HPOS="160" VPOS="864" WIDTH="97" HEIGHT="27" WC="0.96" CONTENT="redning,"/><SP WIDTH="20" VPOS="864" HPOS="257"/>
							<String ID="string_240" HPOS="277" VPOS="870" WIDTH="47" HEIGHT="16" WC="0.96" CONTENT="som"/><SP WIDTH="14" VPOS="870" HPOS="324"/>
							<String ID="string_241" HPOS="338" VPOS="865" WIDTH="21" HEIGHT="21" WC="0.92" CONTENT="vi"/><SP WIDTH="13" VPOS="865" HPOS="359"/>
							<String ID="string_242" HPOS="372" VPOS="864" WIDTH="65" HEIGHT="22" WC="0.56" CONTENT="haiva"/><SP WIDTH="14" VPOS="864" HPOS="437"/>
							<String ID="string_243" HPOS="451" VPOS="864" WIDTH="33" HEIGHT="22" WC="0.96" CONTENT="till"/><SP WIDTH="15" VPOS="864" HPOS="484"/>
							<String ID="string_244" HPOS="499" VPOS="865" WIDTH="50" HEIGHT="22" WC="0.96" CONTENT="stöd"/><SP WIDTH="14" VPOS="865" HPOS="549"/>
							<String ID="string_245" HPOS="563" VPOS="864" WIDTH="33" HEIGHT="22" WC="0.96" CONTENT="för"/><SP WIDTH="15" VPOS="864" HPOS="596"/>
							<String ID="string_246" HPOS="611" VPOS="864" WIDTH="27" HEIGHT="22" WC="0.93" CONTENT="de"/><SP WIDTH="16" VPOS="864" HPOS="638"/>
							<String ID="string_247" HPOS="654" VPOS="863" WIDTH="68" HEIGHT="29" WC="0.96" CONTENT="öfriga"/><SP WIDTH="14" VPOS="863" HPOS="722"/>
							<String ID="string_248" HPOS="736" VPOS="864" WIDTH="103" HEIGHT="22" WC="0.91" CONTENT="banorna."/><SP WIDTH="30" VPOS="864" HPOS="839"/>
							<String ID="string_249" HPOS="869" VPOS="865" WIDTH="46" HEIGHT="22" WC="0.93" CONTENT="Det"/><SP WIDTH="12" VPOS="865" HPOS="915"/>
							<String ID="string_250" HPOS="927" VPOS="864" WIDTH="58" HEIGHT="22" WC="0.92" CONTENT="före-"/>
						</TextLine>
						<TextLine ID="line_26" HPOS="161" VPOS="892" WIDTH="827" HEIGHT="29">
							<String ID="string_251" HPOS="161" VPOS="892" WIDTH="62" HEIGHT="22" WC="0.96" CONTENT="faller"/><SP WIDTH="14" VPOS="892" HPOS="223"/>
							<String ID="string_252" HPOS="237" VPOS="893" WIDTH="65" HEIGHT="21" WC="0.96" CONTENT="redan"/><SP WIDTH="16" VPOS="893" HPOS="302"/>
							<String ID="string_253" HPOS="318" VPOS="892" WIDTH="23" HEIGHT="22" WC="0.96" CONTENT="af"/><SP WIDTH="14" VPOS="892" HPOS="341"/>
							<String ID="string_254" HPOS="355" VPOS="893" WIDTH="64" HEIGHT="22" WC="0.96" CONTENT="dessa"/><SP WIDTH="15" VPOS="893" HPOS="419"/>
							<String ID="string_255" HPOS="434" VPOS="893" WIDTH="48" HEIGHT="22" WC="0.96" CONTENT="skäl"/><SP WIDTH="15" VPOS="893" HPOS="482"/>
							<String ID="string_256" HPOS="497" VPOS="893" WIDTH="84" HEIGHT="28" WC="0.93" CONTENT="ganska"/><SP WIDTH="14" VPOS="893" HPOS="581"/>
							<String ID="string_257" HPOS="595" VPOS="893" WIDTH="151" HEIGHT="27" WC="0.92" CONTENT="tvifvelaktigt,"/><SP WIDTH="16" VPOS="893" HPOS="746"/>
							<String ID="string_258" HPOS="762" VPOS="893" WIDTH="105" HEIGHT="22" WC="0.96" CONTENT="huruvida"/><SP WIDTH="16" VPOS="893" HPOS="867"/>
							<String ID="string_259" HPOS="883" VPOS="900" WIDTH="26" HEIGHT="16" WC="0.93" CONTENT="en"/><SP WIDTH="16" VPOS="900" HPOS="909"/>
							<String ID="string_260" HPOS="925" VPOS="894" WIDTH="63" HEIGHT="27" WC="0.95" CONTENT="dylik."/>
						</TextLine>
						<TextLine ID="line_27" HPOS="143" VPOS="922" WIDTH="842" HEIGHT="27">
							<String ID="string_261" HPOS="143" VPOS="922" WIDTH="74" HEIGHT="25" WC="0.44" CONTENT="bana"/><SP WIDTH="23" VPOS="922" HPOS="217"/>
							<String ID="string_262" HPOS="240" VPOS="922" WIDTH="70" HEIGHT="22" WC="0.95" CONTENT="skulle"/><SP WIDTH="22" VPOS="922" HPOS="310"/>
							<String ID="string_263" HPOS="332" VPOS="922" WIDTH="73" HEIGHT="22" WC="0.91" CONTENT="kunna"/><SP WIDTH="18" VPOS="922" HPOS="405"/>
							<String ID="string_264" HPOS="423" VPOS="922" WIDTH="65" HEIGHT="22" WC="0.96" CONTENT="vinna"/><SP WIDTH="19" VPOS="922" HPOS="488"/>
							<String ID="string_265" HPOS="507" VPOS="922" WIDTH="139" HEIGHT="27" WC="0.89" CONTENT="regeringens"/><SP WIDTH="12" VPOS="922" HPOS="646"/>
							<String ID="string_266" HPOS="658" VPOS="922" WIDTH="170" HEIGHT="27" WC="0.82" CONTENT="godkännande."/><SP WIDTH="29" VPOS="922" HPOS="828"/>
							<String ID="string_267" HPOS="857" VPOS="922" WIDTH="63" HEIGHT="23" WC="0.65" CONTENT="Hvad"/><SP WIDTH="15" VPOS="922" HPOS="920"/>
							<String ID="string_268" HPOS="935" VPOS="922" WIDTH="50" HEIGHT="22" WC="0.96" CONTENT="åter"/>
						</TextLine>
						<TextLine ID="line_28" HPOS="159" VPOS="950" WIDTH="825" HEIGHT="27">
							<String ID="string_269" HPOS="159" VPOS="950" WIDTH="134" HEIGHT="23" WC="0.92" CONTENT="vidkommer"/><SP WIDTH="20" VPOS="950" HPOS="293"/>
							<String ID="string_270" HPOS="313" VPOS="950" WIDTH="191" HEIGHT="27" WC="0.91" CONTENT="borgareständets"/><SP WIDTH="23" VPOS="950" HPOS="504"/>
							<String ID="string_271" HPOS="527" VPOS="951" WIDTH="78" HEIGHT="25" WC="0.79" CONTENT="beslut;"/><SP WIDTH="16" VPOS="951" HPOS="605"/>
							<String ID="string_272" HPOS="621" VPOS="951" WIDTH="28" HEIGHT="21" WC="0.89" CONTENT="sä"/><SP WIDTH="18" VPOS="951" HPOS="649"/>
							<String ID="string_273" HPOS="667" VPOS="951" WIDTH="64" HEIGHT="21" WC="0.96" CONTENT="torde"/><SP WIDTH="20" VPOS="951" HPOS="731"/>
							<String ID="string_274" HPOS="751" VPOS="950" WIDTH="34" HEIGHT="23" WC="0.93" CONTENT="för"/><SP WIDTH="16" VPOS="950" HPOS="785"/>
							<String ID="string_275" HPOS="801" VPOS="950" WIDTH="158" HEIGHT="24" WC="0.92" CONTENT="instämmande"/><SP WIDTH="14" VPOS="950" HPOS="959"/>
							<String ID="string_276" HPOS="973" VPOS="951" WIDTH="11" HEIGHT="22" WC="0.95" CONTENT="i"/>
						</TextLine>
						<TextLine ID="line_29" HPOS="160" VPOS="979" WIDTH="822" HEIGHT="28">
							<String ID="string_277" HPOS="160" VPOS="979" WIDTH="120" HEIGHT="22" WC="0.91" CONTENT="detsamma"/><SP WIDTH="22" VPOS="979" HPOS="280"/>
							<String ID="string_278" HPOS="302" VPOS="985" WIDTH="28" HEIGHT="16" WC="0.93" CONTENT="en"/><SP WIDTH="19" VPOS="985" HPOS="330"/>
							<String ID="string_279" HPOS="349" VPOS="979" WIDTH="124" HEIGHT="28" WC="0.91" CONTENT="jämförelse"/><SP WIDTH="14" VPOS="979" HPOS="473"/>
							<String ID="string_280" HPOS="487" VPOS="986" WIDTH="53" HEIGHT="15" WC="0.92" CONTENT="vara"/><SP WIDTH="14" VPOS="986" HPOS="540"/>
							<String ID="string_281" HPOS="554" VPOS="979" WIDTH="23" HEIGHT="22" WC="0.92" CONTENT="af"/><SP WIDTH="13" VPOS="979" HPOS="577"/>
							<String ID="string_282" HPOS="590" VPOS="979" WIDTH="78" HEIGHT="28" WC="0.91" CONTENT="nöden,"/><SP WIDTH="15" VPOS="979" HPOS="668"/>
							<String ID="string_283" HPOS="683" VPOS="979" WIDTH="107" HEIGHT="28" WC="0.92" CONTENT="uppgjord"/><SP WIDTH="15" VPOS="979" HPOS="790"/>
							<String ID="string_284" HPOS="805" VPOS="979" WIDTH="91" HEIGHT="23" WC="0.90" CONTENT="emellan"/><SP WIDTH="15" VPOS="979" HPOS="896"/>
							<String ID="string_285" HPOS="911" VPOS="980" WIDTH="71" HEIGHT="22" WC="0.96" CONTENT="denna"/>
						</TextLine>
						<TextLine ID="line_30" HPOS="158" VPOS="1007" WIDTH="824" HEIGHT="30">
							<String ID="string_286" HPOS="158" VPOS="1008" WIDTH="105" HEIGHT="21" WC="0.92" CONTENT="kustlinie"/><SP WIDTH="22" VPOS="1008" HPOS="263"/>
							<String ID="string_287" HPOS="285" VPOS="1007" WIDTH="40" HEIGHT="22" WC="0.96" CONTENT="och"/><SP WIDTH="21" VPOS="1007" HPOS="325"/>
							<String ID="string_288" HPOS="346" VPOS="1008" WIDTH="49" HEIGHT="21" WC="0.80" CONTENT="den:"/><SP WIDTH="17" VPOS="1008" HPOS="395"/>
							<String ID="string_289" HPOS="412" VPOS="1014" WIDTH="47" HEIGHT="15" WC="0.93" CONTENT="som"/><SP WIDTH="20" VPOS="1014" HPOS="459"/>
							<String ID="string_290" HPOS="479" VPOS="1008" WIDTH="62" HEIGHT="27" WC="0.87" CONTENT="löper"/><SP WIDTH="20" VPOS="1008" HPOS="541"/>
							<String ID="string_291" HPOS="561" VPOS="1008" WIDTH="68" HEIGHT="29" WC="0.93" CONTENT="något"/><SP WIDTH="13" VPOS="1008" HPOS="629"/>
							<String ID="string_292" HPOS="642" VPOS="1008" WIDTH="75" HEIGHT="26" WC="0.91" CONTENT="längre"/><SP WIDTH="14" VPOS="1008" HPOS="717"/>
							<String ID="string_293" HPOS="731" VPOS="1007" WIDTH="48" HEIGHT="23" WC="0.90" CONTENT="från"/><SP WIDTH="14" VPOS="1007" HPOS="779"/>
							<String ID="string_294" HPOS="793" VPOS="1008" WIDTH="93" HEIGHT="26" WC="0.70" CONTENT="kusten,"/><SP WIDTH="9" VPOS="1008" HPOS="886"/>
							<String ID="string_295" HPOS="895" VPOS="1008" WIDTH="87" HEIGHT="24" WC="0.96" CONTENT="hvilken"/>
						</TextLine>
						<TextLine ID="line_31" HPOS="157" VPOS="1036" WIDTH="830" HEIGHT="28">
							<String ID="string_296" HPOS="157" VPOS="1036" WIDTH="211" HEIGHT="28" WC="0.92" CONTENT="jernvägsutskottet"/><SP WIDTH="14" VPOS="1036" HPOS="368"/>
							<String ID="string_297" HPOS="382" VPOS="1037" WIDTH="99" HEIGHT="27" WC="0.92" CONTENT="uppstält"/><SP WIDTH="14" VPOS="1037" HPOS="481"/>
							<String ID="string_298" HPOS="495" VPOS="1037" WIDTH="7" HEIGHT="21" WC="0.96" CONTENT="i"/><SP WIDTH="18" VPOS="1037" HPOS="502"/>
							<String ID="string_299" HPOS="520" VPOS="1037" WIDTH="39" HEIGHT="22" WC="0.93" CONTENT="sitt"/><SP WIDTH="9" VPOS="1037" HPOS="559"/>
							<String ID="string_300" HPOS="568" VPOS="1036" WIDTH="144" HEIGHT="26" WC="0.95" CONTENT="betänkande,"/><SP WIDTH="9" VPOS="1036" HPOS="712"/>
							<String ID="string_301" HPOS="721" VPOS="1037" WIDTH="109" HEIGHT="26" WC="0.93" CONTENT="nämligen"/><SP WIDTH="7" VPOS="1037" HPOS="830"/>
							<String ID="string_302" HPOS="837" VPOS="1036" WIDTH="54" HEIGHT="23" WC="0.96" CONTENT="ifrån"/><SP WIDTH="8" VPOS="1036" HPOS="891"/>
							<String ID="string_303" HPOS="899" VPOS="1037" WIDTH="88" HEIGHT="22" WC="0.85" CONTENT="Nurmo:"/>
						</TextLine>
						<TextLine ID="line_32" HPOS="159" VPOS="1065" WIDTH="824" HEIGHT="27">
							<String ID="string_304" HPOS="159" VPOS="1065" WIDTH="34" HEIGHT="21" WC="0.92" CONTENT="till"/><SP WIDTH="14" VPOS="1065" HPOS="193"/>
							<String ID="string_305" HPOS="207" VPOS="1065" WIDTH="114" HEIGHT="27" WC="0.49" CONTENT="Uleåborg."/><SP WIDTH="30" VPOS="1065" HPOS="321"/>
							<String ID="string_306" HPOS="351" VPOS="1065" WIDTH="99" HEIGHT="22" WC="0.74" CONTENT=":Oaktadt"/><SP WIDTH="14" VPOS="1065" HPOS="450"/>
							<String ID="string_307" HPOS="464" VPOS="1065" WIDTH="27" HEIGHT="22" WC="0.93" CONTENT="de"/><SP WIDTH="15" VPOS="1065" HPOS="491"/>
							<String ID="string_308" HPOS="506" VPOS="1065" WIDTH="98" HEIGHT="22" WC="0.47" CONTENT="iormella"/><SP WIDTH="14" VPOS="1065" HPOS="604"/>
							<String ID="string_309" HPOS="618" VPOS="1065" WIDTH="53" HEIGHT="26" WC="0.96" CONTENT="skäl,"/><SP WIDTH="17" VPOS="1065" HPOS="671"/>
							<String ID="string_310" HPOS="688" VPOS="1071" WIDTH="46" HEIGHT="16" WC="0.92" CONTENT="som"/><SP WIDTH="15" VPOS="1071" HPOS="734"/>
							<String ID="string_311" HPOS="749" VPOS="1065" WIDTH="46" HEIGHT="22" WC="0.95" CONTENT="tala"/><SP WIDTH="12" VPOS="1065" HPOS="795"/>
							<String ID="string_312" HPOS="807" VPOS="1065" WIDTH="34" HEIGHT="22" WC="0.96" CONTENT="för"/><SP WIDTH="14" VPOS="1065" HPOS="841"/>
							<String ID="string_313" HPOS="855" VPOS="1067" WIDTH="33" HEIGHT="20" WC="0.93" CONTENT="ett"/><SP WIDTH="15" VPOS="1067" HPOS="888"/>
							<String ID="string_314" HPOS="903" VPOS="1066" WIDTH="80" HEIGHT="22" WC="0.96" CONTENT="sådant"/>
						</TextLine>
						<TextLine ID="line_33" HPOS="158" VPOS="1092" WIDTH="824" HEIGHT="31">
							<String ID="string_315" HPOS="158" VPOS="1093" WIDTH="127" HEIGHT="27" WC="0.95" CONTENT="förfarande,"/><SP WIDTH="17" VPOS="1093" HPOS="285"/>
							<String ID="string_316" HPOS="302" VPOS="1092" WIDTH="71" HEIGHT="23" WC="0.81" CONTENT="skulle"/><SP WIDTH="9" VPOS="1092" HPOS="373"/>
							<String ID="string_317" HPOS="382" VPOS="1094" WIDTH="41" HEIGHT="29" WC="0.81" CONTENT="jag"/><SP WIDTH="15" VPOS="1094" HPOS="423"/>
							<String ID="string_318" HPOS="438" VPOS="1093" WIDTH="55" HEIGHT="22" WC="0.93" CONTENT="dock"/><SP WIDTH="14" VPOS="1093" HPOS="493"/>
							<String ID="string_319" HPOS="507" VPOS="1095" WIDTH="48" HEIGHT="21" WC="0.96" CONTENT="icke"/><SP WIDTH="15" VPOS="1095" HPOS="555"/>
							<String ID="string_320" HPOS="570" VPOS="1093" WIDTH="50" HEIGHT="28" WC="0.93" CONTENT="vilja"/><SP WIDTH="13" VPOS="1093" HPOS="620"/>
							<String ID="string_321" HPOS="633" VPOS="1094" WIDTH="56" HEIGHT="21" WC="0.93" CONTENT="inslä"/><SP WIDTH="13" VPOS="1094" HPOS="689"/>
							<String ID="string_322" HPOS="702" VPOS="1094" WIDTH="30" HEIGHT="26" WC="0.96" CONTENT="pä"/><SP WIDTH="15" VPOS="1094" HPOS="732"/>
							<String ID="string_323" HPOS="747" VPOS="1093" WIDTH="70" HEIGHT="22" WC="0.96" CONTENT="denna"/><SP WIDTH="14" VPOS="1093" HPOS="817"/>
							<String ID="string_324" HPOS="831" VPOS="1095" WIDTH="47" HEIGHT="25" WC="0.92" CONTENT="väg,"/><SP WIDTH="12" VPOS="1095" HPOS="878"/>
							<String ID="string_325" HPOS="890" VPOS="1095" WIDTH="92" HEIGHT="22" WC="0.92" CONTENT="emedan"/>
						</TextLine>
						<TextLine ID="line_34" HPOS="157" VPOS="1121" WIDTH="825" HEIGHT="30">
							<String ID="string_326" HPOS="157" VPOS="1122" WIDTH="108" HEIGHT="21" WC="0.79" CONTENT="måhända"/><SP WIDTH="15" VPOS="1122" HPOS="265"/>
							<String ID="string_327" HPOS="280" VPOS="1121" WIDTH="123" HEIGHT="30" WC="0.56" CONTENT=":derigenom"/><SP WIDTH="15" VPOS="1121" HPOS="403"/>
							<String ID="string_328" HPOS="418" VPOS="1128" WIDTH="59" HEIGHT="16" WC="0.96" CONTENT="mera"/><SP WIDTH="15" VPOS="1128" HPOS="477"/>
							<String ID="string_329" HPOS="492" VPOS="1123" WIDTH="33" HEIGHT="21" WC="0.79" CONTENT="tid"/><SP WIDTH="13" VPOS="1123" HPOS="525"/>
							<String ID="string_330" HPOS="538" VPOS="1122" WIDTH="69" HEIGHT="22" WC="0.93" CONTENT="skulle"/><SP WIDTH="15" VPOS="1122" HPOS="607"/>
							<String ID="string_331" HPOS="622" VPOS="1122" WIDTH="93" HEIGHT="22" WC="0.95" CONTENT="förloras"/><SP WIDTH="13" VPOS="1122" HPOS="715"/>
							<String ID="string_332" HPOS="728" VPOS="1124" WIDTH="28" HEIGHT="19" WC="0.95" CONTENT="än"/><SP WIDTH="16" VPOS="1124" HPOS="756"/>
							<String ID="string_333" HPOS="772" VPOS="1128" WIDTH="77" HEIGHT="20" WC="0.95" CONTENT="genom"/><SP WIDTH="15" VPOS="1128" HPOS="849"/>
							<String ID="string_334" HPOS="864" VPOS="1124" WIDTH="33" HEIGHT="19" WC="0.96" CONTENT="att"/><SP WIDTH="10" VPOS="1124" HPOS="897"/>
							<String ID="string_335" HPOS="907" VPOS="1129" WIDTH="29" HEIGHT="16" WC="0.93" CONTENT="nu"/><SP WIDTH="11" VPOS="1129" HPOS="936"/>
							<String ID="string_336" HPOS="947" VPOS="1129" WIDTH="35" HEIGHT="16" WC="0.91" CONTENT="re-"/>
						</TextLine>
						<TextLine ID="line_35" HPOS="158" VPOS="1149" WIDTH="828" HEIGHT="29">
							<String ID="string_337" HPOS="158" VPOS="1150" WIDTH="41" HEIGHT="21" WC="0.92" CONTENT="dan"/><SP WIDTH="23" VPOS="1150" HPOS="199"/>
							<String ID="string_338" HPOS="222" VPOS="1151" WIDTH="70" HEIGHT="21" WC="0.89" CONTENT="lemna:"/><SP WIDTH="21" VPOS="1151" HPOS="292"/>
							<String ID="string_339" HPOS="313" VPOS="1150" WIDTH="129" HEIGHT="28" WC="0.96" CONTENT="vägledning"/><SP WIDTH="17" VPOS="1150" HPOS="442"/>
							<String ID="string_340" HPOS="459" VPOS="1149" WIDTH="34" HEIGHT="23" WC="0.96" CONTENT="för"/><SP WIDTH="16" VPOS="1149" HPOS="493"/>
							<String ID="string_341" HPOS="509" VPOS="1151" WIDTH="37" HEIGHT="22" WC="0.96" CONTENT="det"/><SP WIDTH="12" VPOS="1151" HPOS="546"/>
							<String ID="string_342" HPOS="558" VPOS="1151" WIDTH="83" HEIGHT="26" WC="0.96" CONTENT="förslag"/><SP WIDTH="14" VPOS="1151" HPOS="641"/>
							<String ID="string_343" HPOS="655" VPOS="1151" WIDTH="33" HEIGHT="21" WC="0.93" CONTENT="till"/><SP WIDTH="14" VPOS="1151" HPOS="688"/>
							<String ID="string_344" HPOS="702" VPOS="1151" WIDTH="213" HEIGHT="27" WC="0.89" CONTENT="sammanjämkning,"/><SP WIDTH="17" VPOS="1151" HPOS="915"/>
							<String ID="string_345" HPOS="932" VPOS="1157" WIDTH="54" HEIGHT="17" WC="0.68" CONTENT="som;"/>
						</TextLine>
						<TextLine ID="line_36" HPOS="156" VPOS="1179" WIDTH="824" HEIGHT="28">
							<String ID="string_346" HPOS="156" VPOS="1179" WIDTH="109" HEIGHT="22" WC="0.95" CONTENT="utskottet"/><SP WIDTH="23" VPOS="1179" HPOS="265"/>
							<String ID="string_347" HPOS="288" VPOS="1179" WIDTH="55" HEIGHT="22" WC="0.22" CONTENT="dock"/><SP WIDTH="17" VPOS="1179" HPOS="343"/>
							<String ID="string_348" HPOS="360" VPOS="1179" WIDTH="71" HEIGHT="22" WC="0.73" CONTENT="måste"/><SP WIDTH="16" VPOS="1179" HPOS="431"/>
							<String ID="string_349" HPOS="447" VPOS="1179" WIDTH="84" HEIGHT="28" WC="0.90" CONTENT="afgifva."/><SP WIDTH="28" VPOS="1179" HPOS="531"/>
							<String ID="string_350" HPOS="559" VPOS="1179" WIDTH="43" HEIGHT="27" WC="0.96" CONTENT="Jag"/><SP WIDTH="14" VPOS="1179" HPOS="602"/>
							<String ID="string_351" HPOS="616" VPOS="1179" WIDTH="77" HEIGHT="22" WC="0.96" CONTENT="tänker"/><SP WIDTH="11" VPOS="1179" HPOS="693"/>
							<String ID="string_352" HPOS="704" VPOS="1179" WIDTH="47" HEIGHT="26" WC="0.96" CONTENT="mig"/><SP WIDTH="14" VPOS="1179" HPOS="751"/>
							<String ID="string_353" HPOS="765" VPOS="1179" WIDTH="114" HEIGHT="27" WC="0.95" CONTENT="nämligen,"/><SP WIDTH="16" VPOS="1179" HPOS="879"/>
							<String ID="string_354" HPOS="895" VPOS="1181" WIDTH="34" HEIGHT="20" WC="0.96" CONTENT="att"/><SP WIDTH="14" VPOS="1181" HPOS="929"/>
							<String ID="string_355" HPOS="943" VPOS="1184" WIDTH="37" HEIGHT="19" WC="0.96" CONTENT="om"/>
						</TextLine>
						<TextLine ID="line_37" HPOS="156" VPOS="1207" WIDTH="823" HEIGHT="28">
							<String ID="string_356" HPOS="156" VPOS="1208" WIDTH="28" HEIGHT="21" WC="0.87" CONTENT="R."/><SP WIDTH="22" VPOS="1208" HPOS="184"/>
							<String ID="string_357" HPOS="206" VPOS="1213" WIDTH="19" HEIGHT="16" WC="0.80" CONTENT="0."/><SP WIDTH="22" VPOS="1213" HPOS="225"/>
							<String ID="string_358" HPOS="247" VPOS="1208" WIDTH="26" HEIGHT="21" WC="0.92" CONTENT="A."/><SP WIDTH="16" VPOS="1208" HPOS="273"/>
							<String ID="string_359" HPOS="289" VPOS="1203" WIDTH="82" HEIGHT="36" WC="0.72" CONTENT="uttalar"/><SP WIDTH="10" VPOS="1203" HPOS="371"/>
							<String ID="string_360" HPOS="381" VPOS="1208" WIDTH="41" HEIGHT="27" WC="0.72" CONTENT="sig:"/><SP WIDTH="10" VPOS="1208" HPOS="422"/>
							<String ID="string_361" HPOS="432" VPOS="1207" WIDTH="33" HEIGHT="23" WC="0.96" CONTENT="för"/><SP WIDTH="16" VPOS="1207" HPOS="465"/>
							<String ID="string_362" HPOS="481" VPOS="1215" WIDTH="26" HEIGHT="15" WC="0.97" CONTENT="en"/><SP WIDTH="15" VPOS="1215" HPOS="507"/>
							<String ID="string_363" HPOS="522" VPOS="1208" WIDTH="44" HEIGHT="22" WC="0.93" CONTENT="viss"/><SP WIDTH="15" VPOS="1208" HPOS="566"/>
							<String ID="string_364" HPOS="581" VPOS="1208" WIDTH="125" HEIGHT="27" WC="0.95" CONTENT="sträckning"/><SP WIDTH="15" VPOS="1208" HPOS="706"/>
							<String ID="string_365" HPOS="721" VPOS="1207" WIDTH="94" HEIGHT="27" WC="0.78" CONTENT="emellan:"/><SP WIDTH="12" VPOS="1207" HPOS="815"/>
							<String ID="string_366" HPOS="827" VPOS="1209" WIDTH="67" HEIGHT="21" WC="0.93" CONTENT="Wasa"/><SP WIDTH="13" VPOS="1209" HPOS="894"/>
							<String ID="string_367" HPOS="907" VPOS="1208" WIDTH="72" HEIGHT="24" WC="0.92" CONTENT="banan"/>
						</TextLine>
						<TextLine ID="line_38" HPOS="157" VPOS="1235" WIDTH="826" HEIGHT="28">
							<String ID="string_368" HPOS="157" VPOS="1235" WIDTH="46" HEIGHT="24" WC="0.45" CONTENT="och."/><SP WIDTH="17" VPOS="1235" HPOS="203"/>
							<String ID="string_369" HPOS="220" VPOS="1236" WIDTH="116" HEIGHT="27" WC="0.93" CONTENT="Uleåborg,"/><SP WIDTH="21" VPOS="1236" HPOS="336"/>
							<String ID="string_370" HPOS="357" VPOS="1237" WIDTH="37" HEIGHT="21" WC="0.8" CONTENT="att"/><SP WIDTH="19" VPOS="1237" HPOS="394"/>
							<String ID="string_371" HPOS="413" VPOS="1237" WIDTH="70" HEIGHT="21" WC="0.92" CONTENT="detta:"/><SP WIDTH="12" VPOS="1237" HPOS="483"/>
							<String ID="string_372" HPOS="495" VPOS="1237" WIDTH="64" HEIGHT="21" WC="0.82" CONTENT="ständ"/><SP WIDTH="13" VPOS="1237" HPOS="559"/>
							<String ID="string_373" HPOS="572" VPOS="1236" WIDTH="126" HEIGHT="27" WC="0.82" CONTENT="föredrager"/><SP WIDTH="16" VPOS="1236" HPOS="698"/>
							<String ID="string_374" HPOS="714" VPOS="1236" WIDTH="39" HEIGHT="22" WC="0.92" CONTENT="den"/><SP WIDTH="12" VPOS="1236" HPOS="753"/>
							<String ID="string_375" HPOS="765" VPOS="1231" WIDTH="92" HEIGHT="36" WC="0.92" CONTENT="framför"/><SP WIDTH="15" VPOS="1231" HPOS="857"/>
							<String ID="string_376" HPOS="872" VPOS="1237" WIDTH="27" HEIGHT="22" WC="0.96" CONTENT="de"/><SP WIDTH="14" VPOS="1237" HPOS="899"/>
							<String ID="string_377" HPOS="913" VPOS="1236" WIDTH="24" HEIGHT="22" WC="0.96" CONTENT="af"/><SP WIDTH="12" VPOS="1236" HPOS="937"/>
							<String ID="string_378" HPOS="949" VPOS="1237" WIDTH="34" HEIGHT="22" WC="0.96" CONTENT="de"/>
						</TextLine>
						<TextLine ID="line_39" HPOS="155" VPOS="1264" WIDTH="824" HEIGHT="27">
							<String ID="string_379" HPOS="155" VPOS="1264" WIDTH="68" HEIGHT="21" WC="0.93" CONTENT="andra"/><SP WIDTH="15" VPOS="1264" HPOS="223"/>
							<String ID="string_380" HPOS="238" VPOS="1265" WIDTH="98" HEIGHT="21" WC="0.92" CONTENT="ständen"/><SP WIDTH="9" VPOS="1265" HPOS="336"/>
							<String ID="string_381" HPOS="345" VPOS="1264" WIDTH="123" HEIGHT="27" WC="0.86" CONTENT="föreslagna"/><SP WIDTH="14" VPOS="1264" HPOS="468"/>
							<String ID="string_382" HPOS="482" VPOS="1265" WIDTH="183" HEIGHT="26" WC="0.80" CONTENT="sträckningarne,"/><SP WIDTH="10" VPOS="1265" HPOS="665"/>
							<String ID="string_383" HPOS="675" VPOS="1265" WIDTH="31" HEIGHT="20" WC="0.83" CONTENT=":sä"/><SP WIDTH="14" VPOS="1265" HPOS="706"/>
							<String ID="string_384" HPOS="720" VPOS="1267" WIDTH="25" HEIGHT="18" WC="0.96" CONTENT="är"/><SP WIDTH="14" VPOS="1267" HPOS="745"/>
							<String ID="string_385" HPOS="759" VPOS="1265" WIDTH="61" HEIGHT="23" WC="0.96" CONTENT="detta"/><SP WIDTH="10" VPOS="1265" HPOS="820"/>
							<String ID="string_386" HPOS="830" VPOS="1267" WIDTH="34" HEIGHT="19" WC="0.96" CONTENT="ett"/><SP WIDTH="6" VPOS="1267" HPOS="864"/>
							<String ID="string_387" HPOS="870" VPOS="1267" WIDTH="109" HEIGHT="24" WC="0.95" CONTENT="moment,"/>
						</TextLine>
						<TextLine ID="line_40" HPOS="155" VPOS="1292" WIDTH="829" HEIGHT="27">
							<String ID="string_388" HPOS="155" VPOS="1296" WIDTH="47" HEIGHT="18" WC="0.93" CONTENT="som"/><SP WIDTH="15" VPOS="1296" HPOS="202"/>
							<String ID="string_389" HPOS="217" VPOS="1292" WIDTH="70" HEIGHT="21" WC="0.80" CONTENT="måste"/><SP WIDTH="14" VPOS="1292" HPOS="287"/>
							<String ID="string_390" HPOS="301" VPOS="1292" WIDTH="90" HEIGHT="21" WC="0.80" CONTENT="inverka"/><SP WIDTH="10" VPOS="1292" HPOS="391"/>
							<String ID="string_391" HPOS="401" VPOS="1293" WIDTH="33" HEIGHT="26" WC="0.93" CONTENT="pä"/><SP WIDTH="13" VPOS="1293" HPOS="434"/>
							<String ID="string_392" HPOS="447" VPOS="1292" WIDTH="104" HEIGHT="27" WC="0.96" CONTENT="förslaget"/><SP WIDTH="14" VPOS="1292" HPOS="551"/>
							<String ID="string_393" HPOS="565" VPOS="1293" WIDTH="33" HEIGHT="20" WC="0.93" CONTENT="till"/><SP WIDTH="11" VPOS="1293" HPOS="598"/>
							<String ID="string_394" HPOS="609" VPOS="1292" WIDTH="217" HEIGHT="27" WC="0.91" CONTENT="sammanjämkning."/><SP WIDTH="15" VPOS="1292" HPOS="826"/>
							<String ID="string_395" HPOS="841" VPOS="1288" WIDTH="10" HEIGHT="36" WC="0.83" CONTENT="-"/><SP WIDTH="3" VPOS="1288" HPOS="851"/>
							<String ID="string_396" HPOS="854" VPOS="1293" WIDTH="40" HEIGHT="20" WC="0.93" CONTENT="Ett"/><SP WIDTH="7" VPOS="1293" HPOS="894"/>
							<String ID="string_397" HPOS="901" VPOS="1292" WIDTH="83" HEIGHT="23" WC="0.34" CONTENT="defini-"/>
						</TextLine>
						<TextLine ID="line_41" HPOS="155" VPOS="1319" WIDTH="831" HEIGHT="30">
							<String ID="string_398" HPOS="155" VPOS="1315" WIDTH="46" HEIGHT="38" WC="0.42" CONTENT="tivt."/><SP WIDTH="9" VPOS="1315" HPOS="201"/>
							<String ID="string_399" HPOS="210" VPOS="1319" WIDTH="81" HEIGHT="30" WC="0.42" CONTENT="-beslut"/><SP WIDTH="19" VPOS="1319" HPOS="291"/>
							<String ID="string_400" HPOS="310" VPOS="1320" WIDTH="44" HEIGHT="23" WC="0.87" CONTENT="kan"/><SP WIDTH="23" VPOS="1320" HPOS="354"/>
							<String ID="string_401" HPOS="377" VPOS="1319" WIDTH="56" HEIGHT="23" WC="0.92" CONTENT="dock"/><SP WIDTH="20" VPOS="1319" HPOS="433"/>
							<String ID="string_402" HPOS="453" VPOS="1320" WIDTH="49" HEIGHT="22" WC="0.76" CONTENT="icke"/><SP WIDTH="12" VPOS="1320" HPOS="502"/>
							<String ID="string_403" HPOS="514" VPOS="1320" WIDTH="225" HEIGHT="27" WC="0.43" CONTENT=":komma-till-ständ,"/><SP WIDTH="14" VPOS="1320" HPOS="739"/>
							<String ID="string_404" HPOS="753" VPOS="1320" WIDTH="74" HEIGHT="22" WC="0.90" CONTENT="förrän"/><SP WIDTH="12" VPOS="1320" HPOS="827"/>
							<String ID="string_405" HPOS="839" VPOS="1321" WIDTH="147" HEIGHT="27" WC="0.29" CONTENT="jeravägsute:"/>
						</TextLine>
						<TextLine ID="line_42" HPOS="155" VPOS="1349" WIDTH="830" HEIGHT="28">
							<String ID="string_406" HPOS="155" VPOS="1349" WIDTH="84" HEIGHT="22" WC="0.21" CONTENT="skottet"/><SP WIDTH="20" VPOS="1349" HPOS="239"/>
							<String ID="string_407" HPOS="259" VPOS="1349" WIDTH="113" HEIGHT="28" WC="0.80" CONTENT="inkommit"/><SP WIDTH="20" VPOS="1349" HPOS="372"/>
							<String ID="string_408" HPOS="392" VPOS="1349" WIDTH="51" HEIGHT="23" WC="0.53" CONTENT="med"/><SP WIDTH="7" VPOS="1349" HPOS="443"/>
							<String ID="string_409" HPOS="450" VPOS="1344" WIDTH="10" HEIGHT="38" WC="0.0" CONTENT="-"/><SP WIDTH="0" VPOS="1344" HPOS="460"/>
							<String ID="string_410" HPOS="460" VPOS="1349" WIDTH="152" HEIGHT="27" WC="0.0" CONTENT="betänkande;"/><SP WIDTH="18" VPOS="1349" HPOS="612"/>
							<String ID="string_411" HPOS="630" VPOS="1349" WIDTH="109" HEIGHT="22" WC="0.95" CONTENT="måhända"/><SP WIDTH="14" VPOS="1349" HPOS="739"/>
							<String ID="string_412" HPOS="753" VPOS="1349" WIDTH="57" HEIGHT="22" WC="0.93" CONTENT="skall"/><SP WIDTH="12" VPOS="1349" HPOS="810"/>
							<String ID="string_413" HPOS="822" VPOS="1349" WIDTH="163" HEIGHT="26" WC="0.53" CONTENT="förstärkt.ut-"/>
						</TextLine>
						<TextLine ID="line_43" HPOS="155" VPOS="1377" WIDTH="822" HEIGHT="28">
							<String ID="string_414" HPOS="155" VPOS="1377" WIDTH="61" HEIGHT="23" WC="0.96" CONTENT="skott"/><SP WIDTH="19" VPOS="1377" HPOS="216"/>
							<String ID="string_415" HPOS="235" VPOS="1377" WIDTH="63" HEIGHT="22" WC="0.96" CONTENT="äfven"/><SP WIDTH="19" VPOS="1377" HPOS="298"/>
							<String ID="string_416" HPOS="317" VPOS="1377" WIDTH="95" HEIGHT="28" WC="0.23" CONTENT="derefter"/><SP WIDTH="6" VPOS="1377" HPOS="412"/>
							<String ID="string_417" HPOS="418" VPOS="1377" WIDTH="73" HEIGHT="23" WC="0.23" CONTENT="blifva"/><SP WIDTH="15" VPOS="1377" HPOS="491"/>
							<String ID="string_418" HPOS="506" VPOS="1377" WIDTH="23" HEIGHT="22" WC="0.96" CONTENT="af"/><SP WIDTH="12" VPOS="1377" HPOS="529"/>
							<String ID="string_419" HPOS="541" VPOS="1378" WIDTH="77" HEIGHT="26" WC="0.83" CONTENT="nöden,"/><SP WIDTH="10" VPOS="1378" HPOS="618"/>
							<String ID="string_420" HPOS="628" VPOS="1383" WIDTH="53" HEIGHT="16" WC="0.83" CONTENT="men"/><SP WIDTH="14" VPOS="1383" HPOS="681"/>
							<String ID="string_421" HPOS="695" VPOS="1378" WIDTH="26" HEIGHT="21" WC="0.96" CONTENT="R."/><SP WIDTH="16" VPOS="1378" HPOS="721"/>
							<String ID="string_422" HPOS="737" VPOS="1384" WIDTH="20" HEIGHT="16" WC="0.91" CONTENT="o."/><SP WIDTH="14" VPOS="1384" HPOS="757"/>
							<String ID="string_423" HPOS="771" VPOS="1378" WIDTH="26" HEIGHT="21" WC="0.87" CONTENT="A."/><SP WIDTH="15" VPOS="1378" HPOS="797"/>
							<String ID="string_424" HPOS="812" VPOS="1378" WIDTH="41" HEIGHT="22" WC="0.96" CONTENT="har"/><SP WIDTH="11" VPOS="1378" HPOS="853"/>
							<String ID="string_425" HPOS="864" VPOS="1384" WIDTH="65" HEIGHT="18" WC="0.83" CONTENT="mera"/><SP WIDTH="10" VPOS="1384" HPOS="929"/>
							<String ID="string_426" HPOS="939" VPOS="1381" WIDTH="38" HEIGHT="21" WC="0.83" CONTENT="ut-"/>
						</TextLine>
						<TextLine ID="line_44" HPOS="154" VPOS="1406" WIDTH="825" HEIGHT="30">
							<String ID="string_427" HPOS="154" VPOS="1406" WIDTH="44" HEIGHT="28" WC="0.93" CONTENT="sigt"/><SP WIDTH="15" VPOS="1406" HPOS="198"/>
							<String ID="string_428" HPOS="213" VPOS="1407" WIDTH="33" HEIGHT="20" WC="0.95" CONTENT="att"/><SP WIDTH="13" VPOS="1407" HPOS="246"/>
							<String ID="string_429" HPOS="259" VPOS="1406" WIDTH="22" HEIGHT="22" WC="0.96" CONTENT="få"/><SP WIDTH="14" VPOS="1406" HPOS="281"/>
							<String ID="string_430" HPOS="295" VPOS="1406" WIDTH="34" HEIGHT="22" WC="0.93" CONTENT="sin"/><SP WIDTH="16" VPOS="1406" HPOS="329"/>
							<String ID="string_431" HPOS="345" VPOS="1406" WIDTH="57" HEIGHT="27" WC="0.93" CONTENT="äsigt"/><SP WIDTH="9" VPOS="1406" HPOS="402"/>
							<String ID="string_432" HPOS="411" VPOS="1413" WIDTH="35" HEIGHT="16" WC="0.97" CONTENT="om"/><SP WIDTH="11" VPOS="1413" HPOS="446"/>
							<String ID="string_433" HPOS="457" VPOS="1407" WIDTH="41" HEIGHT="22" WC="0.96" CONTENT="den"/><SP WIDTH="9" VPOS="1407" HPOS="498"/>
							<String ID="string_434" HPOS="507" VPOS="1408" WIDTH="58" HEIGHT="20" WC="0.93" CONTENT="rätta"/><SP WIDTH="10" VPOS="1408" HPOS="565"/>
							<String ID="string_435" HPOS="575" VPOS="1407" WIDTH="196" HEIGHT="26" WC="0.87" CONTENT="sträekningen:att"/><SP WIDTH="9" VPOS="1407" HPOS="771"/>
							<String ID="string_436" HPOS="780" VPOS="1407" WIDTH="65" HEIGHT="22" WC="0.91" CONTENT="vinna"/><SP WIDTH="5" VPOS="1407" HPOS="845"/>
							<String ID="string_437" HPOS="850" VPOS="1407" WIDTH="129" HEIGHT="29" WC="0.95" CONTENT="inflytande,"/>
						</TextLine>
						<TextLine ID="line_45" HPOS="154" VPOS="1435" WIDTH="822" HEIGHT="28">
							<String ID="string_438" HPOS="154" VPOS="1435" WIDTH="74" HEIGHT="22" WC="0.90" CONTENT="derest"/><SP WIDTH="13" VPOS="1435" HPOS="228"/>
							<String ID="string_439" HPOS="241" VPOS="1435" WIDTH="26" HEIGHT="22" WC="0.96" CONTENT="R."/><SP WIDTH="16" VPOS="1435" HPOS="267"/>
							<String ID="string_440" HPOS="283" VPOS="1441" WIDTH="20" HEIGHT="16" WC="0.89" CONTENT="o."/><SP WIDTH="15" VPOS="1441" HPOS="303"/>
							<String ID="string_441" HPOS="318" VPOS="1436" WIDTH="25" HEIGHT="21" WC="0.90" CONTENT="A."/><SP WIDTH="15" VPOS="1436" HPOS="343"/>
							<String ID="string_442" HPOS="358" VPOS="1441" WIDTH="35" HEIGHT="16" WC="0.69" CONTENT="nu"/><SP WIDTH="8" VPOS="1441" HPOS="393"/>
							<String ID="string_443" HPOS="401" VPOS="1429" WIDTH="75" HEIGHT="38" WC="0.81" CONTENT="lemnar"/><SP WIDTH="16" VPOS="1429" HPOS="476"/>
							<String ID="string_444" HPOS="492" VPOS="1429" WIDTH="133" HEIGHT="38" WC="0.8" CONTENT="vägledning"/><SP WIDTH="9" VPOS="1429" HPOS="625"/>
							<String ID="string_445" HPOS="634" VPOS="1435" WIDTH="39" HEIGHT="22" WC="0.93" CONTENT="för"/><SP WIDTH="8" VPOS="1435" HPOS="673"/>
							<String ID="string_446" HPOS="681" VPOS="1435" WIDTH="295" HEIGHT="28" WC="0.90" CONTENT="sammanjämkningsförsla-"/>
						</TextLine>
						<TextLine ID="line_46" HPOS="154" VPOS="1464" WIDTH="820" HEIGHT="29">
							<String ID="string_447" HPOS="154" VPOS="1465" WIDTH="59" HEIGHT="28" WC="0.87" CONTENT="gets:"/><SP WIDTH="5" VPOS="1465" HPOS="213"/>
							<String ID="string_448" HPOS="218" VPOS="1464" WIDTH="155" HEIGHT="27" WC="0.71" CONTENT="upprättande.&#39;"/><SP WIDTH="16" VPOS="1464" HPOS="373"/>
							<String ID="string_449" HPOS="389" VPOS="1464" WIDTH="110" HEIGHT="22" WC="0.19" CONTENT="-För&#39;&#39;min"/><SP WIDTH="10" VPOS="1464" HPOS="499"/>
							<String ID="string_450" HPOS="509" VPOS="1464" WIDTH="40" HEIGHT="22" WC="0.66" CONTENT="del"/><SP WIDTH="14" VPOS="1464" HPOS="549"/>
							<String ID="string_451" HPOS="563" VPOS="1464" WIDTH="35" HEIGHT="22" WC="0.95" CONTENT="får"/><SP WIDTH="7" VPOS="1464" HPOS="598"/>
							<String ID="string_452" HPOS="605" VPOS="1464" WIDTH="42" HEIGHT="28" WC="0.93" CONTENT="jag"/><SP WIDTH="14" VPOS="1464" HPOS="647"/>
							<String ID="string_453" HPOS="661" VPOS="1460" WIDTH="68" HEIGHT="37" WC="0.65" CONTENT="alltså"/><SP WIDTH="9" VPOS="1460" HPOS="729"/>
							<String ID="string_454" HPOS="738" VPOS="1460" WIDTH="106" HEIGHT="37" WC="0.0" CONTENT="vördsamt"/><SP WIDTH="16" VPOS="1460" HPOS="844"/>
							<String ID="string_455" HPOS="860" VPOS="1464" WIDTH="114" HEIGHT="28" WC="0.95" CONTENT="tillstyrka,"/>
						</TextLine>
						<TextLine ID="line_47" HPOS="152" VPOS="1492" WIDTH="825" HEIGHT="28">
							<String ID="string_456" HPOS="152" VPOS="1494" WIDTH="82" HEIGHT="27" WC="0.54" CONTENT="att-ött:"/><SP WIDTH="11" VPOS="1494" HPOS="234"/>
							<String ID="string_457" HPOS="245" VPOS="1497" WIDTH="54" HEIGHT="17" WC="0.95" CONTENT="svar"/><SP WIDTH="12" VPOS="1497" HPOS="299"/>
							<String ID="string_458" HPOS="311" VPOS="1492" WIDTH="72" HEIGHT="22" WC="0.93" CONTENT="skulle"/><SP WIDTH="12" VPOS="1492" HPOS="383"/>
							<String ID="string_459" HPOS="395" VPOS="1492" WIDTH="86" HEIGHT="25" WC="0.92" CONTENT="lemnas"/><SP WIDTH="11" VPOS="1492" HPOS="481"/>
							<String ID="string_460" HPOS="492" VPOS="1492" WIDTH="31" HEIGHT="28" WC="0.93" CONTENT="pä"/><SP WIDTH="11" VPOS="1492" HPOS="523"/>
							<String ID="string_461" HPOS="534" VPOS="1493" WIDTH="221" HEIGHT="27" WC="0.59" CONTENT="jernvägsatskottets"/><SP WIDTH="14" VPOS="1493" HPOS="755"/>
							<String ID="string_462" HPOS="769" VPOS="1492" WIDTH="114" HEIGHT="24" WC="0.95" CONTENT="skrifvelse"/><SP WIDTH="16" VPOS="1492" HPOS="883"/>
							<String ID="string_463" HPOS="899" VPOS="1492" WIDTH="39" HEIGHT="23" WC="0.70" CONTENT="och"/><SP WIDTH="10" VPOS="1492" HPOS="938"/>
							<String ID="string_464" HPOS="948" VPOS="1488" WIDTH="33" HEIGHT="37" WC="0.70" CONTENT="på"/>
						</TextLine>
						<TextLine ID="line_48" HPOS="152" VPOS="1519" WIDTH="825" HEIGHT="31">
							<String ID="string_465" HPOS="152" VPOS="1519" WIDTH="193" HEIGHT="30" WC="0.86" CONTENT="borgaréståndets"/><SP WIDTH="15" VPOS="1519" HPOS="345"/>
							<String ID="string_466" HPOS="360" VPOS="1521" WIDTH="131" HEIGHT="29" WC="0.84" CONTENT="inbjudaing-"/><SP WIDTH="9" VPOS="1521" HPOS="491"/>
							<String ID="string_467" HPOS="500" VPOS="1522" WIDTH="42" HEIGHT="22" WC="0.96" CONTENT="och"/><SP WIDTH="13" VPOS="1522" HPOS="542"/>
							<String ID="string_468" HPOS="555" VPOS="1523" WIDTH="34" HEIGHT="21" WC="0.96" CONTENT="att"/><SP WIDTH="14" VPOS="1523" HPOS="589"/>
							<String ID="string_469" HPOS="603" VPOS="1522" WIDTH="63" HEIGHT="24" WC="0.93" CONTENT="detta"/><SP WIDTH="13" VPOS="1522" HPOS="666"/>
							<String ID="string_470" HPOS="679" VPOS="1521" WIDTH="134" HEIGHT="23" WC="0.73" CONTENT="svar:skulle"/><SP WIDTH="9" VPOS="1521" HPOS="813"/>
							<String ID="string_471" HPOS="822" VPOS="1522" WIDTH="110" HEIGHT="26" WC="0.96" CONTENT="innebära,"/><SP WIDTH="9" VPOS="1522" HPOS="932"/>
							<String ID="string_472" HPOS="941" VPOS="1523" WIDTH="36" HEIGHT="21" WC="0.95" CONTENT="att."/>
						</TextLine>
					</TextBlock>
				</ComposedBlock>
			</PrintSpace>
		</Page>
	</Layout>
</alto>
