1073 1714
429 117 42 18 Den
483 119 23 17 20
517 117 42 24 Maj.
815 122 53 20 1063

76 181 146 22 framstående
238 182 138 27 egenskaper,
392 183 46 22 sina
453 183 122 28 kunskaper
591 184 40 22 och
647 185 33 21 sin
690 185 144 27 verksamhet,
845 187 53 20 utan

78 210 61 21 äfven
158 209 115 23 förmedels
294 211 41 21 den
353 211 149 27 förmögenhet
520 213 27 20 de
562 213 74 21 kunna
651 213 114 27 disponera
780 214 40 21 och
835 214 62 21 hvar-

76 238 49 22 med
148 239 27 20 de
196 241 150 24 representera
365 239 27 22 de
407 240 241 27 tjenstemannaplatser
663 242 27 20 de
704 242 119 22 innehafva.
852 243 46 20 Här

77 267 56 21 blott
156 268 32 20 ett
207 267 102 27 exempel,
325 274 47 15 som
387 268 68 27 ligger
470 270 43 26 mig
527 271 53 20 nära
595 270 32 21 till
643 269 76 22 hands.
749 271 11 20 I
773 271 124 25 Frankrike,

77 294 157 28 otvifvelaktigt
249 297 32 20 ett
295 296 44 21 rikt
353 297 56 25 land,
425 297 81 21 aflönas
522 297 160 23 öfverläkarene
690 298 36 21 vid
737 300 59 20 stora
806 299 91 26 sjukhus

76 323 50 22 med
143 325 60 25 1000,
223 324 65 27 högst
309 326 54 20 1500
381 325 59 22 mark
455 332 38 20 per
508 326 24 21 år
547 325 41 22 och
604 327 55 21 dock
675 332 55 21 egna
745 327 27 22 de
787 327 68 22 under
871 327 26 22 de

76 352 63 22 flesta
154 353 95 26 dagarna
267 352 23 22 af
307 354 82 21 veckan
409 354 22 21 åt
446 355 46 20 sina
506 355 83 21 lazaret
603 355 66 21 minst
683 357 13 19 2
712 355 85 22 timmar
812 362 34 15 om
862 355 35 22 da-

76 387 48 20 gen.
153 381 50 21 Men
219 381 41 22 alla
275 381 64 22 dessa
349 382 88 28 läkare,
453 389 46 15 som
514 383 114 22 innehafva
643 384 82 21 sådana
739 383 158 22 föreståndare-

75 409 83 27 platser
171 410 36 21 vid
227 410 119 22 lazaretten
362 413 37 19 äro
415 411 7 21 i
437 411 49 22 hela
501 411 117 22 Frankrike
633 413 40 21 och
689 412 49 22 vida
752 413 75 26 längre
842 413 55 21 ifrån

76 438 119 21 eftersökta
217 439 40 21 och
277 440 52 26 göra
348 439 33 26 sig
403 441 60 20 extra
485 440 119 22 inkomster
618 441 29 26 pä
662 441 83 26 60,000,
763 441 98 26 100,0C0,
875 441 23 27 ja

76 468 92 25 200,000
183 467 60 21 mark
259 474 34 15 om
309 467 52 22 äret.
391 468 33 22 De
440 468 136 23 eftersträfva
591 469 64 22 dessa
665 470 91 26 tjenster
766 470 46 21 icke
820 470 33 21 för
864 473 34 18 att

75 495 56 22 lefva
146 495 22 22 af
182 496 86 21 dermed
288 496 102 22 förenade
410 497 124 27 aflöningar,
554 504 49 15 men
621 498 26 21 de
663 498 56 27 gifva
733 498 61 27 glans
810 499 23 21 ät
848 498 49 22 dem

76 524 40 21 och
131 525 63 20 vinna
209 525 47 20 äter
271 531 76 20 genom
363 525 49 21 dem
428 525 127 26 erfarenhet,
571 526 60 27 glans
647 527 40 20 och
703 529 44 18 ära.
764 539 25 2 —
803 527 32 21 En
850 529 47 19 stor

76 553 34 20 del
126 553 22 20 af
160 553 52 20 vära
226 553 177 22 lazarettsläkare
419 555 95 21 deremot
530 555 32 21 slä
577 555 33 26 sig
626 555 25 20 sä
665 555 94 26 mättligt
770 557 34 22 ut;
821 555 27 22 de
858 555 38 22 be-

74 581 66 22 höfva
153 581 64 22 lönen
232 581 33 22 för
281 584 32 19 att
327 582 68 21 lefva:
410 583 40 21 och
467 583 27 21 dä
508 583 26 22 de
551 583 54 22 efter
621 585 25 19 15
663 583 13 22 &
691 585 27 20 20
735 583 23 21 är
773 584 57 21 sluta
844 585 53 25 ögo-

75 615 40 15 nen
132 610 31 21 till
179 610 46 21 stär
239 610 48 22 icke
303 610 68 22 sällan
385 611 122 21 konkursen
515 612 34 21 för
559 612 84 25 dörren,
651 618 51 20 nyss
711 612 67 27 derpä
788 614 32 19 ett
827 612 70 22 färskt

76 638 101 27 exempel.
208 638 41 22 För
264 639 42 21 min
323 638 33 22 del
373 646 62 16 anser
448 640 37 27 jag
500 642 34 19 att
549 640 227 22 embetsmannakären
792 641 38 21 bör
845 647 52 15 vara

74 667 34 21 väl
124 667 84 22 atlönad
222 667 46 22 frän
285 668 40 22 den
341 668 72 27 lägsta
428 668 32 22 till
476 669 39 21 den
531 669 87 27 högsta;
642 676 48 14 men
705 669 136 27 naturligtvis
858 670 38 21 der

74 695 101 23 Ofverflöd
191 695 23 23 af
231 696 130 27 tjenstemän
380 697 74 26 finnes,
471 698 52 21 eller
538 698 38 21 der
591 698 91 26 onödiga
697 698 198 26 arbetsomgängar,

74 724 162 28 mängskrifveri
251 732 27 14 m.
293 732 28 15 m.
337 726 80 21 inrotat
431 726 39 26 sig,
487 726 38 21 der
539 727 40 21 bör
595 733 26 15 en
636 727 143 26 omreglering
791 727 39 21 och
845 727 50 21 kor-

73 753 85 22 rektion
177 754 92 22 utföras:
293 755 60 21 detta
373 756 24 19 är
412 754 107 28 sjelffallet
534 761 48 15 men
597 755 40 21 har
651 754 50 28 föga
717 757 32 19 att
764 755 68 21 skaffa
847 755 49 22 med

74 782 186 22 embetsmännens
276 783 135 27 berättigade
426 784 93 26 anspräk
534 784 29 26 pä
577 784 38 21 full
631 784 119 26 ersättning
765 783 33 22 för
808 784 38 21 sitt
862 790 33 15 ar-

73 812 56 20 bete.
145 823 28 3 —
187 812 46 21 Här
247 811 39 22 har
301 812 109 21 anmärkts
427 812 61 22 äfven
503 812 64 22 bland
583 814 72 24 annat,
672 814 32 20 att
717 812 178 28 jernvägsstyrel-

73 846 38 15 sen
127 840 73 26 borde,
218 840 27 22 dä
261 840 37 22 det
313 841 68 26 gäller
395 842 33 20 att
444 841 69 27 bygga
528 848 41 20 nya
581 841 117 27 jernbanor
714 847 51 15 vara
780 842 41 20 den
836 848 60 20 myn-

73 868 79 28 dighet,
177 875 45 15 som
247 868 109 28 öfvertoge
371 869 114 27 ledningen
501 869 23 22 af
538 870 64 21 dessa
617 870 129 27 byggnader.
777 870 65 21 Detta
857 870 39 21 har

74 897 109 21 anmärkts
199 897 62 22 äfven
277 898 22 21 af
313 898 41 21 den
369 898 145 26 kommission,
530 898 42 21 den
587 898 100 22 tekniska
703 898 86 25 komit6,
805 904 46 15 som
862 898 34 22 för

72 926 66 27 nägot
154 926 23 20 är
192 926 67 22 sedan
275 932 38 16 var
327 927 84 21 tillsatt.
428 927 49 21 Men
490 927 208 27 jernvägsstyrelsen
714 927 44 25 har,
771 927 71 21 säsom
852 927 44 26 mig

72 960 70 22 synes,
158 955 28 26 pä
201 955 56 27 goda
278 955 54 25 skäl,
349 955 67 27 afböjt
432 955 68 22 detta:
524 955 40 22 och
577 956 38 26 jag
629 956 36 20 vill
682 955 72 22 dervid
771 956 75 25 erinra,
862 957 33 19 att

72 984 27 21 de
121 984 164 24 kommissioner
304 984 52 21 eller
375 984 135 26 direktioner,
527 984 72 21 hvilka
615 984 54 21 varit
685 984 91 21 tillsatta
790 984 33 22 för
838 983 57 22 utfö-

72 1012 66 22 rande
161 1012 23 21 af
200 1012 227 27 jernvägsbyggnader
446 1014 7 23 i
472 1013 80 25 landet,
568 1012 63 22 hafva
645 1014 8 20 i
667 1012 117 22 allmänhet
799 1012 96 22 utmärkt

72 1041 33 26 sig
120 1041 129 27 derigenom,
265 1042 34 20 att
314 1042 26 20 de
356 1041 152 21 ästadkommit
523 1044 32 19 ett
569 1041 86 27 mycket
670 1041 69 27 billigt
749 1042 41 20 och
800 1041 52 27 godt
860 1048 33 14 ar-

71 1070 59 26 bete;
148 1069 39 21 och
203 1070 68 27 härpå
287 1071 23 19 är
325 1070 41 21 den
382 1070 54 21 sista
450 1070 173 26 kommissionen,
639 1076 46 15 som
701 1070 103 26 dirigerar
820 1070 74 20 Wasa-

71 1098 81 21 banans
168 1098 104 27 byggnad,
284 1100 32 20 ett
330 1098 151 26 framstäende,
496 1098 97 22 utmärkt
608 1098 102 27 exempel.
733 1098 41 27 Jag
789 1100 45 20 tror
846 1098 46 21 lan-

72 1127 36 21 det
122 1127 56 21 intet
193 1126 88 22 förlorat
297 1127 72 27 derpä,
386 1129 32 19 att
437 1127 69 21 denna
522 1127 106 22 direktion
643 1127 45 21 blef
702 1126 85 26 tillsatt,
803 1127 41 21 och
859 1132 34 21 sy-

71 1161 38 15 nes
132 1156 43 26 mig
197 1157 32 19 att
248 1156 209 26 jernvägsstyrelsen
472 1155 40 21 bar
526 1162 43 20 nog
583 1155 49 21 med
649 1155 167 22 öfvervakandet
831 1154 23 22 af
867 1155 27 21 de

70 1184 93 26 löpande
186 1184 108 22 ärendena
313 1184 41 20 och
376 1184 156 26 förvaltningen
552 1191 27 15 m.
596 1190 27 14 m.
653 1184 36 20 Mä
704 1190 49 15 man
768 1184 77 20 endast
860 1189 33 15 er-

70 1212 47 21 inra
132 1212 33 27 sig
181 1212 37 21 det
237 1212 122 22 statistiska
373 1212 78 25 bidrag
467 1218 45 15 som
527 1212 48 28 frän
588 1212 209 27 jernvägsstyrelsen
813 1212 81 26 ärligen

70 1240 89 26 lemnas,
175 1241 56 21 huru
245 1242 44 20 rikt
304 1242 49 20 dess
368 1240 94 22 innehåll
478 1242 29 25 är,
524 1241 25 21 sä
564 1241 41 21 kan
622 1246 49 15 man
681 1241 68 21 redan
759 1240 62 21 deraf
830 1240 64 21 döma

71 1270 34 20 att
120 1269 84 22 arbetet
219 1269 33 22 för
267 1270 69 21 denna
355 1270 91 26 styrelse
465 1269 47 21 icke
528 1272 24 18 är
566 1270 67 25 ringa.
664 1269 45 21 Här
724 1269 39 21 har
778 1268 62 22 äfven
856 1274 37 16 an-

70 1298 82 21 märkts
168 1299 45 20 mot
228 1298 167 27 gratifikationer
416 1298 39 22 och
473 1298 70 21 likasä
557 1300 46 20 mot
618 1297 28 21 de
660 1298 8 20 i
683 1298 120 20 utskottets
818 1297 76 21 betän-

70 1326 72 22 kande
165 1326 107 22 omtalade
293 1329 59 19 extra
372 1327 110 25 anslagen.
511 1328 44 19 Det
571 1329 23 18 är
609 1326 84 25 möjligt
708 1328 33 19 att
756 1326 64 20 dessa
834 1326 7 20 i
856 1326 38 20 nä-

71 1360 41 20 gon
128 1355 49 20 män
192 1355 83 20 kunnat
289 1361 52 15 vara
355 1354 33 21 för
403 1355 76 26 mänga
496 1355 39 20 och
550 1353 33 22 för
598 1353 104 26 rundliga.
732 1353 42 26 Jag
789 1353 42 21 kan
845 1353 49 21 icke

70 1383 93 21 bedöma
184 1383 47 25 det;
255 1389 48 15 men
325 1383 43 26 mig
383 1385 24 18 är
421 1383 81 21 bekant
516 1381 144 22 förhällandet
676 1382 48 21 med
740 1381 153 22 arkitekterna.

72 1411 40 22 Vid
128 1411 164 28 öfverstyrelsen
307 1411 32 22 för
355 1411 151 27 byggnaderna
520 1410 64 22 hafva
595 1410 26 22 de
633 1416 26 15 en
670 1410 83 26 ganska
763 1409 85 27 mättlig
858 1409 37 22 lön

72 1440 39 22 och
128 1441 69 21 denna
211 1441 35 20 lön
262 1440 121 27 egentligen
397 1441 34 20 tör
445 1440 84 21 arbetet
543 1439 36 22 vid
595 1445 82 16 samma
687 1439 98 27 styrelse.
800 1439 48 20 Men
860 1444 34 15 om

72 1475 26 16 en
114 1469 67 22 sådan
197 1469 94 22 arkitekt
307 1469 94 27 älägges,
418 1470 33 20 att
465 1468 115 23 öfvervaka
591 1470 32 19 ett
633 1469 56 20 stort
700 1467 194 28 byggnadsföretag

72 1497 40 23 och
128 1498 57 22 utför
199 1499 86 21 arbetet
301 1499 40 25 väl,
357 1498 82 21 kanske
455 1497 158 22 ästadkommer
629 1497 145 27 besparingar,
791 1496 24 21 sä
823 1498 23 19 är
857 1496 38 21 det

71 1527 110 28 naturligt,
198 1529 33 21 att
245 1527 70 22 fastän
331 1527 42 22 han
389 1529 24 20 är
428 1527 84 28 skyldig
528 1528 32 20 att
575 1527 53 26 göra
645 1525 42 27 det,
703 1525 105 28 styrelsen
824 1525 70 22 mäste
