1075 1714
428 104 42 19 Den
483 106 9 16 1
504 104 50 18 Juni.
818 108 54 22 1343

79 169 130 23 manstrand.
239 169 35 22 Då
287 169 102 28 slutligen
404 169 42 23 den
461 170 61 27 bana,
538 176 35 16 om
587 170 86 24 hvilken
688 179 30 15 nu
727 175 25 20 är
763 174 68 28 fråga,
843 176 24 19 är
877 173 26 22 så

79 198 56 26 kort,
151 200 33 20 att
198 198 121 22 kostnaden
332 198 35 22 för
381 198 124 22 densamma
520 198 71 23 måste
606 199 66 23 blifva
687 202 68 27 ringa,
771 203 26 21 så
807 202 49 22 ville
863 203 39 26 jag

78 226 63 22 äfven
156 226 23 22 af
192 226 61 22 detta
268 226 48 22 skäl
330 226 34 22 för
377 226 45 22 min
437 226 35 23 del
487 227 87 22 förorda
589 226 59 24 bifall
663 228 33 22 till
707 230 192 27 borgareståndets

80 254 132 28 inbjudning.

147 283 57 22 Herr
218 289 41 16 von
274 282 115 22 Alfthan:
406 283 33 21 Då
449 284 68 21 under
527 285 88 21 senaste
623 285 148 23 ständermöte
779 287 57 21 inom
842 287 59 27 jern-

79 312 163 26 vägsutskottet
256 311 76 27 frågan
348 317 34 15 om
397 311 124 27 byggandet
535 311 25 22 af
572 318 28 15 en
617 312 79 23 bibana
710 314 47 22 från
773 315 81 21 Simola
868 315 33 21 till

79 340 175 22 Willmanstrand
276 339 155 26 behandlades,
447 339 114 23 inträftade
576 340 38 22 det
633 342 155 28 egendomliga,
804 345 33 20 att
852 344 48 25 alla,

79 374 46 16 som
147 368 128 28 uppträdde,
290 368 74 22 talade
378 368 33 22 till
429 368 82 22 förmån
525 368 34 22 för
573 368 78 28 banan,
667 371 76 22 medan
759 374 40 19 när
815 372 38 22 det
867 378 34 16 se-

79 397 99 22 dermera
196 398 50 21 kom
266 396 32 22 till
316 396 139 27 omröstning,
473 398 37 20 det
525 397 74 23 visade
614 398 34 27 sig
663 401 33 20 att
709 400 138 27 pluraliteten
863 402 37 20 än-

79 426 55 22 dock
156 432 38 15 var
209 425 23 22 af
245 427 90 20 motsatt
354 425 64 27 åsigt,
434 426 68 21 ehuru
518 426 42 21 den
574 426 49 22 icke
638 427 69 22 funnit
722 428 67 28 några
804 429 48 21 skäl
867 432 33 18 att

78 454 80 22 anföra.
188 454 35 22 Då
238 454 35 26 iag
288 460 64 15 anser
367 454 38 21 det
417 460 52 15 vara
489 456 32 19 ett
535 454 23 22 af
572 455 26 21 de
614 456 82 22 största
709 457 128 28 missgrepp,
853 463 48 16 som

78 483 36 21 vid
134 482 265 28 jernvägsbyggnadernas
422 482 114 22 utförande
551 484 8 20 i
578 483 74 22 landet
666 484 78 22 hittills
759 486 93 26 begåtts,
868 487 33 20 att

76 512 118 27 järnvägen
209 511 47 21 från
271 511 90 27 Wiborg
376 511 32 21 till
423 511 142 27 Helsingfors,
582 512 27 21 då
625 512 47 22 den
682 519 26 16 en
723 514 52 26 gång
788 514 75 22 leddes
875 514 26 21 så

78 541 54 26 högt
147 546 43 21 upp
206 546 46 15 som
268 539 32 22 till
316 539 80 22 Simola
411 539 40 22 och
467 540 125 26 Davidstad,
608 541 49 22 icke
664 541 130 23 framleddes
803 543 55 22 ända
868 542 33 22 till

79 569 73 21 Saima
166 570 80 24 vatten,
262 569 26 20 så
303 568 39 21 ber
354 569 37 27 jag
406 570 33 20 att
454 568 33 22 för
501 569 43 21 min
555 569 34 22 del
599 569 22 22 få
631 570 133 23 understöda
774 571 51 22 herr
835 571 64 22 Reins

78 597 88 27 förslag.
196 598 47 21 Den
258 597 195 26 omständigheten,
469 599 33 20 att
509 597 123 28 byggandet
642 599 24 20 af
674 599 71 22 denna
750 600 90 27 jernväg
848 600 52 27 möj-

78 627 57 26 ligen
156 626 74 22 kunde
249 625 95 28 fördröja
363 625 124 22 utförandet
503 625 22 22 af
539 627 41 21 den
596 627 132 23 Savolaxska
744 629 75 26 banan,
837 635 64 16 anser

78 655 61 22 äfven
163 655 38 28 jag
223 655 48 22 icke
292 661 52 15 vara
359 653 24 23 af
395 655 70 27 någon
481 655 138 27 betydenhet,
636 657 90 22 emedan
739 657 38 28 jag
791 657 48 22 icke
854 659 46 20 tror

79 685 33 20 att
134 684 60 22 detta
208 683 100 22 inverkar
327 683 27 28 på
374 683 72 22 saken.
462 695 27 3 —
505 683 77 23 Denna
596 684 56 23 bana
668 687 24 19 är
707 686 77 21 endast
801 688 24 19 18
841 688 60 20 verst

78 713 51 27 lång
144 712 40 23 och
200 713 50 21 dess
264 711 116 23 utförande
396 714 41 19 kan
453 712 89 22 alldeles
558 713 48 22 icke
621 713 74 22 utöfva
710 714 67 27 något
784 714 116 28 inflytande

79 742 29 27 på
123 748 27 15 en
164 742 63 25 bana,
243 747 46 15 som
304 741 91 21 emellan
411 741 118 21 Davidstad
544 741 39 22 och
599 741 85 28 Kuopio
700 742 42 22 har
756 749 26 16 en
793 743 109 22 utsträck-

79 771 51 26 ning
152 769 22 22 af
194 771 27 20 25
244 769 36 22 mil
296 769 40 22 och
352 772 57 19 ännu
423 775 60 16 mera
499 769 93 22 derifrån
607 771 33 20 till
655 771 115 27 Uleåborg.
800 771 41 27 Jag
857 774 45 19 tror

80 798 72 22 derför
168 800 32 19 att
215 804 49 15 man
279 798 42 21 kan
335 797 128 22 abstrahera
478 797 47 22 från
541 798 70 22 denna
626 799 90 27 farhåga
731 800 41 21 och
787 799 70 23 skulle
865 799 38 28 jag

79 827 33 22 för
127 827 43 22 min
186 827 34 21 del
236 827 133 21 understöda
384 827 177 26 borgarståndets
576 827 132 27 inbjudning.

150 856 58 21 Enär
228 855 63 26 ingen
314 855 75 22 vidare
404 855 96 21 önskade
515 857 59 26 yttra
589 855 39 27 sig,
644 855 63 23 afläts
723 856 33 22 till
771 857 133 22 besvarande

80 884 94 28 följande
189 884 143 27 proposition:

150 913 48 26 den,
215 918 46 16 som
281 913 126 26 godkänner
421 912 178 27 borgarståndets
615 913 7 20 i
637 912 61 28 fråga
713 914 94 22 varande
821 915 84 27 inbjud-

80 942 57 27 ning,
153 943 72 20 röstar
236 941 32 28 ja;

150 970 74 21 vinner
243 969 41 27 nej,
305 969 83 28 afböjes
407 969 154 27 inbjudningen
576 970 41 21 och
632 970 24 21 R.
672 976 18 16 o.
706 971 26 20 A.
748 971 105 22 vidhåller
867 972 39 21 sitt

81 999 59 21 förut
154 999 8 21 i
177 998 68 22 saken
260 998 83 22 fattade
358 997 138 29 afstyrkande
512 998 78 22 beslut.

168 1027 13 21 å
203 1027 75 21 derom
297 1026 72 28 gjordt
383 1026 94 28 yrkande
493 1027 111 21 anstäldes
618 1027 105 27 votering,
742 1028 85 22 hvilken
843 1028 62 22 utföll

81 1056 49 22 med
146 1057 26 19 26
186 1056 24 26 ja
225 1056 41 21 och
282 1057 11 19 9
310 1056 42 26 nej,
368 1055 33 21 till
416 1054 52 28 följd
476 1055 76 21 hvaraf
561 1055 87 22 ståndet
658 1056 85 26 antagit
752 1056 152 28 borgarestån-

82 1084 48 22 dets
146 1084 132 26 inbludning.

150 1140 34 22 Då
200 1140 50 21 herr
264 1140 103 22 Palmén
386 1140 119 21 emellertid
524 1140 56 22 hade
596 1140 92 22 infunnit
703 1141 34 27 sig
752 1141 8 21 i
775 1141 66 26 salen,
859 1142 46 26 och,

83 1168 141 23 underrättad
240 1175 34 15 om
289 1169 56 21 hvad
361 1168 35 22 vid
414 1169 182 21 sammanträdets
612 1169 76 27 början
703 1168 108 28 förelupit,
826 1176 29 15 nu
871 1176 36 16 an-

83 1198 45 21 höll
143 1204 35 21 om
193 1197 69 26 ordet,
277 1197 111 22 lemnades
405 1198 37 20 det
456 1198 23 20 åt
493 1197 85 26 honom,
595 1203 46 16 som
658 1198 52 21 härå
724 1198 95 27 yttrade:

153 1225 137 28 Öfverhopad
306 1226 23 21 af
342 1225 103 28 göromål,
461 1226 39 22 har
512 1226 38 27 jag
565 1226 69 22 under
648 1226 27 21 de
690 1226 55 22 sista
755 1227 94 26 dagarne
860 1227 47 21 icke

84 1254 46 23 haft
145 1255 33 21 tid
192 1256 39 25 att,
248 1254 72 22 såsom
333 1254 38 28 jag
386 1254 102 26 önskade,
502 1254 52 28 följa
564 1254 48 22 med
623 1254 232 28 landtdagsärendena,
867 1256 40 22 och

86 1284 28 21 då
132 1284 38 27 jag
184 1284 8 20 i
208 1284 80 25 dagens
310 1283 214 27 föredragningslista
539 1284 47 20 icke
601 1283 69 21 häller
684 1283 51 22 fann
749 1284 68 26 något
831 1284 78 22 sådant

86 1312 86 26 ärende,
194 1312 8 21 i
224 1312 81 22 hvilket
325 1312 39 26 jag
385 1311 57 22 hade
462 1312 71 26 någon
550 1312 96 21 utbildad
662 1311 142 28 öfvertygelse
820 1314 33 20 att
867 1312 42 23 för-

85 1340 68 26 fäkta,
170 1340 67 26 ansåg
249 1340 38 26 jag
302 1340 43 26 mig
360 1340 53 21 böra
427 1341 98 20 använda
540 1340 44 20 min
598 1340 32 20 tid
646 1340 31 20 till
686 1341 103 25 göromål,
801 1346 48 15 som
858 1346 51 16 voro

86 1368 24 22 af
128 1367 138 23 brådskande
286 1367 155 23 beskaffenhet.
474 1368 43 21 Det
530 1370 24 18 är
569 1368 47 20 deri
631 1368 92 21 orsaken
738 1368 69 27 ligger
821 1369 33 21 till
869 1369 41 21 den

87 1396 168 27 omständighet,
270 1398 34 19 att
318 1395 117 27 höglofliga
450 1396 24 20 R.
491 1402 18 15 o.
526 1396 25 21 A.
566 1396 40 21 har
620 1395 40 21 fått
676 1396 33 21 för
724 1396 44 29 min
783 1396 56 22 skull
855 1403 54 21 upp-

88 1424 74 28 skjuta
183 1425 49 22 med
254 1426 33 20 ett
306 1424 91 22 ärendes
412 1424 136 27 behandling,
564 1424 87 22 hvarför
664 1424 37 28 jag
716 1425 113 22 vördsamt
843 1426 67 21 beder

88 1461 34 15 om
138 1453 79 28 tillgift.
239 1453 42 28 Jag
296 1453 39 23 har
349 1460 31 15 nu
393 1453 58 22 varit
464 1453 8 21 i
487 1452 83 24 tillfälle
586 1454 33 21 att
633 1460 25 15 ur
674 1454 26 22 de
716 1454 105 27 originala
835 1456 73 21 steno-

89 1489 109 23 grammen
213 1486 51 25 taga
282 1483 57 22 notis
360 1489 34 16 om
410 1483 41 22 den
469 1483 6 21 i
490 1483 62 26 fråga
567 1483 93 22 varande
675 1483 158 28 diskussionen,
849 1483 59 23 såväl

89 1512 72 29 grefve
175 1512 103 23 Armfelts
292 1511 126 24 framstälda
433 1512 140 28 påståenden,
589 1517 47 17 som
651 1512 66 23 också
732 1513 27 22 de
773 1513 86 22 herrars
875 1515 35 20 ut-
