1078 1720
440 119 43 18 Den
495 120 22 16 26
529 119 44 23 Maj.
829 120 54 21 1245

91 183 76 23 medel.
197 184 42 27 Jag
254 183 33 23 får
302 184 84 23 således
401 184 33 23 för
448 185 44 22 min
507 184 36 23 del
558 185 108 28 tillstyrka
680 185 156 27 godkännande
849 185 22 21 af
880 187 34 20 ut-

91 213 93 22 skottets
199 213 143 22 betänkande.

159 241 73 22 Sedan
247 242 50 22 herr
312 242 84 22 Taubes
412 241 81 29 förslag
506 242 49 22 icke
565 243 75 21 vunnit
650 242 126 26 understöd,
783 242 73 22 kunde
867 242 47 22 det-

89 276 83 16 samma
193 270 49 22 icke
263 270 86 22 komma
370 271 69 22 under
461 271 137 27 omröstning,
620 273 51 20 utan
693 271 115 27 godkände
829 271 85 22 ståndet

91 298 177 23 statsutskottets
283 299 140 23 förevarande
437 299 144 23 betänkande.

120 384 106 28 Slutligen
240 385 96 27 företogs
350 385 34 21 till
397 385 160 28 handläggning
571 386 155 27 lagutskottets
734 385 137 21 betänkande
878 390 36 16 n:o

93 415 26 20 10
133 414 8 21 i
157 413 114 28 anledning
286 414 23 21 af
321 416 78 19 tvänne
415 414 39 22 hos
469 415 100 21 Finlands
585 415 89 21 ständer
688 414 80 21 väckta
781 413 81 28 förslag
876 419 38 16 an-

92 443 83 26 gående
191 442 133 27 underdånig
339 442 91 28 petition
445 449 34 15 om
495 443 115 22 stiftandet
623 443 23 21 af
659 449 26 16 en
701 442 149 27 dissenterlag.

161 471 57 22 Herr
234 471 177 27 Montgomery
433 471 67 22 erhöll
522 472 28 27 på
571 472 95 27 begäran
686 471 62 22 ordet
763 471 40 22 och
818 470 95 28 yttrade:

90 500 43 26 Jag
148 499 40 22 ber
202 499 57 22 blott
273 499 33 22 för
321 500 37 22 det
373 499 114 28 höglofliga
501 501 86 22 ståndet
597 501 21 21 få
627 500 86 22 förorda
723 500 41 21 den
774 499 140 26 reservation,

91 534 45 16 som
159 527 48 23 utaf
227 528 109 27 åtskilliga
358 528 119 23 ledamöter
494 530 8 21 i
517 529 114 26 utskottet,
647 528 65 23 bland
728 529 68 21 andra
811 528 66 21 också
893 527 23 21 af

91 556 49 27 mig,
163 555 70 24 blifvit
254 557 169 22 undertecknad.
456 558 42 27 Jag
513 560 34 20 tar
561 557 33 22 för
609 557 71 28 gifvet,
696 559 33 20 att
744 557 25 22 R.
786 563 19 16 o.
819 557 33 25 A.,
868 562 46 16 som

90 585 68 22 redan
173 585 58 22 förut
245 586 57 21 visat
316 588 72 19 värme
403 586 32 22 för
445 586 205 27 religionsfrihetens
662 586 123 27 grundsats,
796 585 56 22 skall
862 586 53 25 göra

91 615 38 21 det
143 621 30 14 nu
189 620 76 21 genom
281 616 33 20 att
328 615 132 22 understöda
474 616 180 26 petitionärernas
670 615 54 28 syfte
736 615 39 21 och
787 613 85 23 anhålla
880 619 35 16 om

90 645 32 20 ett
136 642 82 29 förslag
232 643 32 21 till
280 643 144 28 dissenterlag
438 644 7 21 i
461 643 40 22 den
518 643 132 27 omfattning,
668 650 34 15 om
718 643 41 22 ock
771 642 143 23 modifikatio-

89 677 46 20 ner,
151 677 47 16 som
213 671 83 27 förelåg
311 672 117 22 ständerna
442 673 36 21 vid
493 674 88 20 senaste
596 673 109 21 riksmöte.
735 671 42 28 Jag
792 672 39 21 ber
844 671 23 21 få
881 677 34 16 er-

90 701 52 25 inra,
158 701 33 20 att
206 699 59 22 detta
280 700 81 27 förslag
374 706 38 16 var
428 700 22 22 af
463 701 86 22 landets
563 701 68 21 första
646 701 126 27 kyrkomöte
786 700 8 21 i
805 699 50 22 dess
865 699 49 22 huf-

89 728 163 27 vudsakligaste
268 729 60 21 delar
344 729 111 26 godkändt
469 729 40 22 och
524 730 81 27 gilladt.
622 729 98 22 Orsaken
730 728 86 22 hvarför
827 728 37 21 det
871 727 43 22 för-

89 756 38 22 föll
142 763 39 15 var
196 757 41 22 den
252 757 99 26 bekanta,
368 759 32 20 att
415 759 121 25 ständerna,
552 759 7 21 i
575 758 54 21 strid
644 757 48 22 med
708 757 56 22 hvad
778 756 90 22 uttalats
879 755 36 23 vid

89 785 144 28 kyrkomötet,
248 786 84 22 beslöto
348 787 34 27 sig
396 785 33 23 för
444 789 33 20 att
491 787 164 26 nödvändigtvis
670 786 64 22 hafva
742 785 124 28 inbegripne
874 791 44 15 un-.

91 814 40 22 der
143 814 64 27 lagen
222 815 166 22 medlemmarne
404 815 22 22 af
439 816 41 21 den
496 816 202 27 grekisk-ortodoxa
713 815 81 28 kyrkan
805 814 40 22 och
854 813 60 22 detta

89 843 41 21 har
151 843 48 21 icke
221 844 83 21 kunnat
318 844 23 21 af
355 844 59 22 Hans
432 844 102 28 Majestät
548 845 104 27 Kejsaren
668 843 135 23 Storfursten
818 843 96 27 godkän-

91 878 46 20 nas,
163 872 24 21 så
203 874 32 20 att
258 872 27 22 då
306 879 50 15 man
378 873 67 26 begär
467 874 72 21 såsom
560 874 165 21 reservanterna
740 874 32 20 ett
786 871 81 27 förslag
880 871 34 21 till

91 900 144 27 dissenterlag
257 901 7 21 i
288 901 151 27 hufvudsaklig
459 901 285 23 öfverensstämmelseemed
759 900 104 27 förslaget
878 900 36 21 vid

93 930 143 20 1877—1878
252 929 34 22 års
302 930 109 28 landtdag,
427 930 41 22 kan
477 930 61 23 detta
545 930 104 22 innefatta
657 933 33 19 att
697 936 49 16 man
754 929 68 27 begär
831 935 27 15 en
867 928 48 22 full-

92 957 88 27 ständig
197 958 143 28 dissenterlag
354 960 50 21 med
418 960 133 22 uteslutande
563 960 65 21 likväl
641 959 22 22 af
670 959 40 22 den
718 958 142 26 bestämning,
869 963 46 15 som

90 986 125 22 utsträcker
229 987 65 27 lagen
308 988 34 21 till
357 988 41 22 der
414 988 202 28 grekisk-ortodoxa
631 988 88 28 kyrkan,
735 988 64 21 hvars
807 986 107 28 principer

91 1015 35 21 stå
140 1016 7 21 i
163 1016 53 21 strid
231 1016 50 22 med
296 1023 26 15 en
338 1016 74 22 sådan.
584 1018 2 2 |
889 1032 3 3 :

159 1044 57 22 Herr
229 1045 173 27 Gripenberg,
418 1045 83 22 Alexis:
524 1046 10 20 I
552 1046 70 21 likhet
637 1045 49 22 med
700 1045 51 21 herr
766 1044 148 26 Montgomery

90 1072 39 22 ber
141 1073 38 27 jag
193 1072 22 22 få
230 1074 86 21 biträda
329 1074 41 22 den
386 1073 22 22 af
422 1074 25 21 R.
464 1080 19 15 o.
499 1075 37 21 A:s
552 1074 39 22 och
600 1073 191 27 borgareständets
801 1078 113 22 represen-

91 1101 72 33 tanter
187 1102 174 22 undertecknade
384 1102 40 22 och
447 1102 60 22 detta
530 1103 136 22 betänkande
688 1101 114 28 vidfogade
817 1106 97 17 reserva-

90 1133 79 19 tionen.

159 1159 56 22 Herr
230 1159 22 22 af
266 1160 139 22 Forselles:
430 1156 67 26 Äfven
511 1161 38 27 jag
564 1160 39 22 ber
616 1160 29 27 på
660 1160 36 22 det
711 1160 108 22 varmaste
833 1158 22 22 få
869 1158 43 22 för-

91 1188 54 21 orda
164 1189 166 21 reservationen.
360 1189 36 22 Då
415 1190 42 25 det,
474 1190 71 21 såsom
559 1190 68 21 kändt
643 1192 23 18 är
681 1188 41 23 och
737 1188 23 22 af
772 1189 51 20 herr
837 1187 77 22 Mont-

91 1221 86 22 gomery
199 1215 135 28 framhållits,
349 1218 62 21 torde
430 1223 52 16 vara
501 1218 37 21 det
553 1218 54 21 enda
622 1219 51 24 sätt,
688 1217 29 27 på
732 1217 81 21 hvilket
828 1222 26 15 en
870 1215 44 22 dis-

91 1244 109 27 senterlag
221 1245 43 21 kan
286 1245 86 22 komma
386 1246 33 21 till
434 1246 70 26 stånd,
520 1246 83 27 hoppas
616 1247 37 26 jag
669 1252 47 15 man
732 1245 48 22 icke
795 1244 75 22 tvekar
884 1243 30 28 på

91 1273 70 21 denna
175 1275 42 25 väg
232 1273 150 23 åstadkomma
395 1281 25 15 en
436 1275 25 21 så
476 1275 69 27 nyttig
559 1275 36 26 lag
610 1281 46 15 som
672 1275 76 21 denna.

159 1301 98 23 Friherre
272 1302 102 27 Wrede,
390 1303 95 27 August:
501 1304 34 21 Då
551 1304 61 20 äfven
625 1302 37 28 jag
676 1302 157 22 undertecknat
844 1301 70 21 denna

89 1330 141 27 reservation,
254 1330 37 22 ber
304 1331 38 27 jag
362 1331 66 22 också
442 1331 22 22 få
478 1331 86 23 förorda
579 1332 128 21 densamma.
737 1329 176 27 Religionsfrihe-

89 1360 49 19 tens
154 1358 123 27 grundsats,
293 1365 46 15 som
354 1360 40 21 hör
408 1360 32 20 till
455 1360 38 21 vår
507 1360 112 21 lutherska
633 1360 68 26 kyrka
715 1359 41 22 och
772 1360 26 20 är
811 1357 103 22 uttalad
903 1353 15 37 i

90 1386 39 21 vår
143 1392 29 15 nu
187 1386 99 27 gällande
306 1387 110 27 kyrkolag,
435 1387 80 22 tillåter
530 1393 110 22 personer,
656 1393 46 15 som
717 1386 49 23 icke
780 1386 73 22 kunna
868 1391 45 16 om-

90 1414 54 22 fatta
160 1414 42 23 den
216 1414 112 23 lutherska
343 1415 150 27 grundsatsen,
509 1418 34 20 att
557 1415 92 23 derifrån
660 1415 94 23 utträda.
783 1415 77 22 Denna
869 1415 45 21 rät-

90 1443 71 28 tighet
182 1443 128 23 förutsätter
331 1444 132 28 nödvändigt
478 1451 26 15 en
519 1445 148 26 dissenterlag.
698 1446 12 20 6
726 1444 12 28 $
752 1444 8 22 i
774 1443 139 29 kyrkolagen,

91 1478 47 16 som
151 1472 81 22 uttalar
246 1473 205 27 religionsfrihetens
466 1473 91 29 princip,
573 1475 24 20 är
610 1473 107 23 derintills
728 1480 26 16 en
764 1474 45 21 tom
819 1472 95 23 bokstaf.

90 1501 44 22 Det
149 1503 24 20 är
187 1501 86 23 således
289 1509 26 15 en
331 1502 142 28 dissenterlag
488 1503 38 21 der
540 1503 134 22 förutsättes.
688 1503 48 23 Den
751 1502 56 23 hade
821 1502 50 21 bort
877 1504 36 20 ut-

90 1530 86 22 komma
191 1530 141 23 tillsammans
351 1532 57 22 med.
419 1532 138 28 kyrkolagen,
572 1538 49 16 men
636 1532 28 22 då
678 1532 38 22 det
729 1532 49 23 icke
792 1532 41 22 har
846 1533 68 27 skett,
