1064 1720
190 117 42 22 946
498 113 42 19 Den
553 113 21 19 16
586 113 46 24 Maj.

161 182 80 22 stanna
254 180 51 27 med
318 180 74 26 beslut
406 174 35 38 för
453 174 27 38 en
495 178 57 28 linie,
566 179 50 29 soni
635 174 61 38 under
710 174 86 38 vanligt
810 178 31 22 tal
854 178 69 26 kallas
934 178 52 22 öde-

161 209 73 22 bana?
262 206 103 31 Kommer
383 208 46 30 det
438 206 33 24 till
489 202 107 40 förstärkt
609 202 91 40 utskott,
716 207 25 28 sä
753 206 71 23 finnös
840 207 66 21 också
921 206 66 28 ingen

161 238 105 25 säkerhet
287 237 41 23 för
340 238 37 20 att
398 236 71 24 deuna
489 236 51 22 linie
558 236 42 22 kan
614 236 65 22 vinna
692 235 112 29 pluralitet
819 235 41 23 och
875 234 112 28 skulle
959 230 32 38 så

161 266 105 28 olyckligt
274 270 64 22 vara,
352 265 72 23 måste
435 264 40 28 jag
489 266 60 26 säga,
565 266 34 21 att
610 264 38 28 jag
662 266 53 20 utan
729 264 29 24 all
768 264 78 22 tvekan
856 263 91 23 föreslår
954 265 33 21 ett

156 268 88 58 afbrott
258 291 25 25 af
295 294 104 23 arbötena
413 286 27 39 pä
449 295 40 21 ett
503 299 41 22 par
557 294 26 21 år
595 292 49 28 (det
658 286 69 39 gäller
739 292 58 23 blott
811 298 40 22 par
865 293 39 26 är).
926 291 61 24 Skall

161 329 51 16 man
235 323 83 22 utsätta
340 322 38 28 sig
418 328 10 16 för
447 321 38 22 det
502 322 57 26 ödet,
579 323 33 20 att
630 322 42 22 den
688 321 89 28 aflagda
785 322 76 21 sedeln
875 321 60 25 ihöm
949 321 39 22 det

162 351 119 22 förstärkta.
292 348 120 30 utskottet
433 350 86 22 komme
533 352 34 20 att
581 349 75 27 afgöra
670 349 35 23 till
718 350 89 23 förmän
815 350 33 22 för
863 349 124 23 ödemarks-

161 380 86 22 banan?
276 374 96 37 Landets
385 374 114 37 intressen
517 379 35 21 stä
566 378 26 22 så
605 378 29 28 på
648 378 48 28 spel
710 384 78 22 genom
801 378 186 28 öfverlemnamdet

163 408 25 22 åt
209 410 33 20 ett
262 407 106 23 förstärkt
388 408 92 27 utskott,
500 409 41 20 när
554 413 50 15 man
619 408 39 20 vet
670 407 56 22 huru
739 407 73 22 starkt
826 407 111 27 partierna
950 407 37 22 Stå

162 438 60 20 emot
236 436 126 26 hvarandrä,
378 437 34 20 att
426 436 25 21 R.
466 440 24 17 o.
502 435 25 22 A.
542 435 69 27 aldrig
624 435 38 22 må
675 434 90 29 bidraga
779 435 33 22 till
826 437 34 20 att
874 435 46 22 låta
935 435 52 23 ödet

160 464 77 28 afgöra
251 464 73 23 saken.
354 464 42 27 Jag
409 463 35 23 får
458 463 73 23 derför
544 461 93 24 vidhålla
652 464 58 22 hvad
720 464 38 27 jag
772 463 92 28 tidigare
878 464 63 27 yrkat
956 463 30 28 på

161 495 36 20 att
217 493 191 29 borgareståndets
430 493 127 27 inbjudning
578 492 34 23 för
631 493 133 23 närvarande
782 493 49 22 icke
848 493 71 22 måtte
932 493 54 27 god-

162 522 83 23 kännas
265 521 23 23 af
301 522 25 22 R.
342 528 20 16 o.
378 522 24 22 A.
416 521 41 23 och
470 521 223 28 jernvägsutskottets
708 520 113 24 skrifvelse
835 521 84 22 lemnas
932 523 53 20 utan

161 551 41 25 alit
216 550 110 23 afseende.
913 556 5 3 <

230 579 57 22 Herr
308 579 77 26 Rein:
414 578 36 22 Dä
468 578 109 23 ätskilliga
591 578 166 28 anmärkningar
771 579 69 27 gjorts
856 579 58 22 emot
926 579 59 27 jern-

159 608 175 28 vägsutskottets
354 606 121 30 förfarande
490 609 33 20 att
537 607 34 22 till
585 607 39 22 det
637 606 116 28 höglofliga
768 607 88 22 ståndet
870 607 51 26 ingå
936 607 49 22 med

159 636 45 22 den
218 635 121 27 skrifvelse,
353 636 89 21 hvarom
457 635 123 23 diskussion
594 642 29 17 nu
638 641 52 22 eger
703 642 54 20 rum,
771 636 27 21 sä
812 635 39 22 ber
867 636 36 27 jag
915 635 22 22 fä
946 642 39 15 an-

159 665 66 26 mäla,
247 666 34 21 att
295 665 42 28 jag
352 664 35 23 för
403 665 44 21 min
462 664 36 22 del
512 665 48 22 icke
574 664 95 27 bidragit
683 664 33 22 till
729 664 71 22 denna
814 664 124 22 skrifvelses
952 664 33 22 af-

160 693 107 27 gifvande.
296 693 61 22 Inom
378 692 109 26 utskottet
508 698 52 17 voro
582 693 138 26 meningarne
742 693 87 22 mycket
848 693 79 22 delade
950 699 35 16 om

159 721 155 29 lämpligheten
333 721 24 22 af
370 727 31 16 en
418 721 70 22 sådan
504 721 118 24 skrifvelse.
638 733 29 4 —
681 721 125 22 Utskottets
820 721 112 28 pluralitet
946 721 38 22 be-

159 750 47 22 slöt
220 750 33 28 sig
267 750 34 23 för
315 751 130 26 densamma,
461 749 24 23 af
497 750 53 27 skäl,
562 751 33 21 att
605 750 41 22 den
656 750 68 27 ansåg
734 750 32 22 tid
776 750 125 27 derigenoim
909 750 76 27 kunna

161 779 82 23 vinnas.
271 779 44 28 Jag
336 779 36 22 vill
390 779 49 22 icke
457 781 53 25 säga
528 781 33 20 att
575 779 104 27 åtgärden
694 785 52 17 vore
760 779 112 22 stridande
886 781 59 20 emot
958 778 25 23 Z.

161 807 35 27 0.,
218 814 48 15 men
289 808 130 23 åtminstoné
441 809 26 20 är
488 807 41 24 den
551 807 111 23 stridande
684 809 58 20 emot
760 807 76 22 hittills
852 808 131 27 vedertagen

160 837 73 27 praxis
248 836 41 23 och
304 837 40 21 har
357 835 48 24 icke
419 836 67 27 något
501 837 71 22 direkt
586 836 51 21 stöd
651 837 7 21 i
673 836 23 22 L.
712 836 25 23 O.
760 836 10 22 I
776 836 80 28 sjelfva
864 836 69 23 saken
945 837 39 21 ber

158 865 40 27 jag
212 864 23 22 fä
249 865 85 22 ansluta
349 864 44 29 mig
407 864 33 22 till
455 865 27 21 de
497 865 87 27 äsigter,
600 870 46 16 som
657 865 90 22 uttalats
758 864 23 22 af
788 865 76 22 herrar
870 864 112 28 Järnefelt,

161 893 75 22 Taube
255 893 41 23 och
316 893 181 28 Standertskjöld.
522 905 24 4 —
570 892 42 28 Jag
634 895 45 20 tror
701 894 37 22 det
760 893 66 23 ocksä
848 900 52 15 vara
922 893 61 25 rikti-

160 924 57 25 gast,
240 924 33 20 att
293 922 25 22 R.
342 926 28 18 0.
383 922 25 22 A.
431 921 8 22 i
460 922 79 22 sakens
561 922 133 23 närvarande
712 922 103 27 ställning
832 921 88 29 afböjer
941 922 42 22 den

160 950 85 22 skedda
265 949 162 30 inbjudningen,
451 952 23 26 ty
495 952 34 20 att
547 949 69 23 Adeln
631 950 71 22 skulle
716 950 70 22 uttala
801 950 34 28 sig
849 950 33 22 för
897 946 83 26 sträck-

160 979 79 27 ningen
254 978 23 22 af
290 979 42 22 den
347 974 177 27 Österbottniska
538 979 76 26 banan,
630 978 28 22 dä
673 979 87 22 ståndet
774 978 58 23 öfver
838 978 145 29 hufvudtaget

159 1007 50 22 icke
225 1009 72 20 ansett
312 1008 42 21 den
368 1006 34 23 för
416 1007 41 22 den
468 1009 108 20 närmaste
585 1007 114 22 framtiden
705 1008 57 23 böra
771 1007 130 22 komma-tilf
911 1007 71 27 stånd;

159 1042 67 16 anser
244 1036 39 28 jag
296 1036 49 22 icke
360 1036 52 22 våra
424 1036 83 27 nödigt,
524 1036 40 22 och
579 1036 38 22 det
631 1036 26 22 sä
669 1036 87 27 mycket
770 1042 60 16 mera
844 1031 48 37 sofi
910 1031 78 37 pätagt:

159 1064 42 32 ligt
214 1065 65 27 synes
294 1066 35 20 att
342 1060 50 40 hela
402 1060 84 40 frågan,
503 1071 34 16 om
552 1064 53 22 hvar
613 1060 56 40 denna
692 1064 56 22 bana
757 1065 79 21 rättast
846 1065 41 21 bör
895 1065 86 27 dragas,

160 1095 59 21 ännu
242 1095 24 20 är
288 1092 90 23 alldeles
393 1093 66 23 öklar.
489 1093 10 21 I
513 1093 36 21 fall
565 1093 191 26 borgareständets
770 1093 128 28 inbjudning
912 1093 69 22 skulle

159 1120 51 23 utaf
229 1122 26 22 R.
278 1127 19 16 0.
319 1122 25 21 A
368 1123 97 26 antagas,
488 1122 26 21 sä
535 1121 74 22 blefve
620 1116 84 38 följden
721 1116 96 38 närmast
832 1122 49 26 den;
897 1116 33 38 att
945 1121 38 22 två

159 1149 67 23 stånd
242 1146 71 26 skulle
328 1152 78 20 stanna
421 1152 59 20 emot
494 1150 37 22 två
546 1150 40 22 och
601 1150 55 21 huru
671 1149 111 26 saken
755 1142 30 40 då
796 1150 86 24 komme
896 1151 34 21 att
942 1154 39 24 ge-

159 1177 69 22 stalta
249 1179 34 26 sig
301 1178 41 21 och
358 1178 86 22 hvilken
459 1179 81 27 utgång
554 1178 75 27 frågan
644 1178 70 22 skulle
728 1178 28 27 få,
773 1184 35 16 om
823 1179 41 20 den
879 1178 60 21 skall
950 1178 33 21 til

159 1205 108 26 förstärkt
289 1205 87 23 utskott
394 1205 127 28 hänskjutas
536 1206 53 21 eller
603 1206 55 26 icke,
674 1206 41 22 kah
730 1201 67 39 ingen
808 1201 104 39 beräkna.
942 1207 41 21 För

160 1234 45 27 min
216 1234 46 23 del
283 1234 45 26 kan
347 1235 38 28 jag
408 1234 111 23 dessutom
538 1234 48 23 icke
604 1234 115 27 godkänna
730 1241 30 15 en
774 1235 68 22 sådan
857 1235 62 25 bana,
936 1240 47 16 som

159 1263 183 26 borgareståndet
364 1263 102 24 beslutat,
489 1263 107 26 nämligen
616 1269 25 15 en
659 1269 38 16 ren
712 1263 114 21 kustbana.
856 1263 44 21 Det
914 1262 69 22 finnes

159 1291 36 20 ett
216 1290 55 26 skäl,
294 1295 46 16 som
363 1291 40 27 gör
416 1289 38 23 att
470 1290 39 27 jag
523 1289 97 23 betviflar
635 1290 43 23 det
684 1290 110 28 styrelsen
807 1290 105 27 någonsin
927 1290 56 22 skall

159 1317 60 28 gifva
233 1315 40 28 sitt
287 1316 60 28 bifall
362 1317 32 23 till
410 1324 26 16 en
452 1318 68 22 sådan
534 1318 62 22 bana.
626 1317 35 24 En
674 1318 62 26 bana,
752 1324 46 16 som
811 1318 42 27 går
866 1318 62 28 längs
942 1318 48 26 ku-'

161 1348 57 26 sten,
233 1344 245 31 måste
317 1340 26 39 br
356 1344 122 31 strategisk
492 1346 110 28 synpunkt
617 1348 63 21 anses
695 1346 83 23 mindre
793 1347 94 28 lämplig,
904 1340 27 39 ty
939 1347 53 28 der:

160 1375 71 23 skulle
251 1376 7 22 i
273 1375 107 27 händelse
394 1375 24 22 af
430 1376 54 28 krig,
495 1350 33 57 då
541 1374 86 25 fienden
640 1375 66 23 hotar
719 1376 85 27 kusten,
820 1376 41 22 lätt
874 1376 88 23 komma
975 1377 8 21 i

160 1404 97 23 fiendens
272 1404 90 24 händer.
390 1404 35 23 Då
438 1404 51 23 herr
496 1404 231 30 Mechelin-betvillat,
743 1406 33 21 att
790 1405 107 28 styrelsen
911 1403 72 26 skulle

160 1433 75 24 kunna
249 1433 57 29 gifva
318 1434 43 23 sitt
370 1433 116 29 samtycke
501 1433 33 22 till
549 1439 27 17 en
591 1434 67 24 sädati
673 1434 69 24 banas
756 1434 114 28 byggande
880 1440 47 16 som
934 1440 49 22 pre-

160 1464 48 23 ste-
228 1463 41 22 och
282 1460 172 32 'bondestånden
476 1462 103 27 beslutat,
601 1463 79 24 måste:
688 1463 39 27 jag
746 1462 14 23 &
774 1464 45 24 min
832 1463 50 24 sidä
895 1463 67 29 draga
976 1464 8 26 i

161 1490 135 32 tvifvelsmål,
308 1490 38 29 att
360 1491 105 29 styrelsen
478 1492 43 22 kan
536 1490 71 25 lerna
620 1490 61 24 bifall
694 1491 33 23 till
742 1495 27 19 en
785 1491 67 23 sådan
862 1492 64 26 bana,
936 1496 55 17 som-

159 1516 183 32 borgareståndet
360 1520 96 23 beslutat
471 1520 35 27 sig
519 1520 39 22 för.
587 1520 44 23 För
644 1520 43 23 min
703 1520 35 23 del
751 1520 39 23 vill
801 1521 39 27 jag
854 1520 49 23 icke
915 1520 77 22 heller:
