1086 1717
453 102 42 17 Den
508 102 10 16 5
530 101 48 18 Juni.
834 102 54 21 1455

166 166 246 27 bevillningsutskottets
434 166 80 28 förslag
534 167 110 27 angående
663 167 80 27 lydelse
758 167 33 21 till
805 167 112 26 ingressen

95 195 35 21 till
145 195 127 21 ständernas
287 195 116 27 bevillning
417 194 33 22 för
465 196 104 26 inkomst;

165 226 156 19 sammansatta
342 224 45 26 lag-
403 224 40 21 och
463 224 217 22 ekonomiutskottets
699 224 136 21 betänkande
851 224 65 26 angä-

95 252 57 21 ende
167 252 64 21 barns
246 252 41 22 och
302 258 56 20 unga
372 258 114 20 personers
501 253 138 21 användande
654 252 7 21 i
676 252 93 21 fabriker
784 258 27 15 m.
827 258 27 15 m.

166 281 174 21 statsutskottets
363 280 296 28 sammanjämkningsförslag
680 281 91 21 rörande
792 280 124 21 finansrela-

165 309 84 26 tionen;

169 337 106 21 allmänna
289 337 209 22 besvärsutskottets
516 337 136 22 betänkande
668 338 91 20 rörande
774 336 142 22 handtverks-

96 366 80 26 skolor,
192 370 39 17 om'
242 366 151 26 återläggande
408 365 22 21 af
443 365 69 23 finska
527 366 151 26 normallyceet
692 366 33 21 till
744 365 133 27 Helsingfors

166 394 41 22 och
226 394 297 28 sammanjämkningsförslag
543 395 7 21 i
565 394 74 27 frägan
655 401 33 15 om
704 394 121 22 inrättande
841 394 24 21 af
877 393 39 23 fin-

93 423 42 21 ska
150 422 230 26 fruntimmersskolor
371 418 13 35 ;

165 451 176 22 statsutskottets
364 451 80 27 förslag
466 452 31 20 till
521 451 105 22 definitivt
640 451 150 22 fastställande
806 451 23 21 af
841 451 75 27 anslag

96 480 33 21 till
144 480 137 21 bestridande
297 479 22 22 af
332 480 146 22 kostnaderna
492 480 32 22 för
538 480 69 21 finska
622 481 115 25 militären;
754 480 40 21 och

165 509 249 21 ständerhusutskottets
437 509 136 21 betänkande
595 515 35 15 n:o
645 509 13 21 3
681 509 47 21 med
743 509 80 26 förslag
839 508 31 21 till
886 509 30 20 in-

96 537 107 21 struktion
219 537 33 21 för
267 537 285 27 ständerhusdelegationen,
572 539 57 20 samt

165 568 32 19 att
211 566 87 21 ståndet
313 565 106 22 förkastat
434 566 106 21 allmänna
555 566 208 21 besvärsutskottets
780 565 136 22 betänkande

95 593 9 22 i
118 593 73 28 frågan
208 600 33 15 om
256 594 168 27 reorganisation
440 594 23 21 af
476 595 83 20 landets
575 595 147 25 skolväsende,

165 623 40 21 och
228 623 59 21 lades
303 623 99 26 samtliga
426 623 63 21 dessa
504 623 155 21 meddelanden
675 623 71 21 såsom
760 622 49 21 icke
824 622 92 21 föranle-

94 650 73 23 dande
181 651 33 22 till
229 652 70 26 någon
315 651 76 27 åtgärd
405 651 47 21 från
467 652 25 21 R.
508 658 19 15 o.
543 651 37 22 A:s
596 652 47 21 sida
658 651 33 21 till
706 651 160 26 handlingarne.

165 747 56 22 Herr
234 747 207 22 Landtmarskalken
457 748 140 27 tillkännagaf
611 749 33 20 att
655 748 97 21 anmälan
760 748 68 27 gjorts
837 754 34 15 om
880 754 36 15 an-

96 777 99 21 komsten
211 776 23 21 af
247 783 26 14 en
288 777 158 21 hoffunktionär
461 776 32 22 för
507 777 153 22 framförandet
675 777 23 20 af
712 779 31 19 ett
758 776 159 22 meddelande
904 772 16 36 i

95 805 104 22 afseende
216 805 12 21 å
243 805 140 26 landtdagens
402 805 128 22 afslutande.

165 833 122 26 Behörigen
302 836 122 24 emottagen
440 834 40 21 och
495 834 131 33 beledsagad
641 833 98 22 inträdde
750 833 53 22 härå
811 833 105 21 kammar-

96 862 79 21 herren
189 861 90 22 friherre
295 863 108 24 Linder,
419 862 85 21 hvilken
522 864 3 20 i
541 863 59 21 Hans
616 863 113 26 Majestäts
743 862 57 26 höga
815 868 62 15 namn
889 861 28 32 på

96 890 106 21 anmodan
219 890 22 21 af
254 890 115 28 kejserliga
389 879 89 32 senaten
493 891 72 27 inbjöd
581 891 37 21 det
632 890 114 33 höglofliga
761 891 87 20 ståndet
863 892 32 19 att
909 890 8 20 i

96 925 89 21 morgon
199 919 91 21 klockan
307 919 54 22 elfva
376 919 33 21 för
423 919 113 28 middagen
550 919 79 22 infinna
644 919 33 26 sig
687 919 6 20 i
701 919 166 26 Nikolaikyrkan
876 918 40 21 och

95 947 95 22 derefter
206 947 13 21 å
233 948 110 21 tronsalen
358 948 7 21 i
380 947 115 27 kejserliga
510 949 93 26 palatset
618 947 34 22 för
666 949 32 19 att
713 947 109 22 öfvervara
832 947 84 43 högtid-

96 976 122 27 ligheterna
232 977 35 20 vid
281 976 141 26 landtdagens
439 976 126 22 afslutande.

165 1004 71 22 Sedan
251 1005 50 21 herr
316 1005 204 22 Landtmarskalken
536 1005 12 21 ä
559 1005 98 21 ständets
668 1006 80 25 vägnar
755 1005 74 21 tackat
838 1004 33 21 för
880 985 36 40 det

96 1035 125 25 emottagna
236 1033 152 22 meddelandet
402 1033 98 22 afträdde
514 1033 178 32 kammarherren.

165 1135 50 22 Med
231 1135 100 22 afseende
347 1135 51 22 derå
414 1137 33 20 att
461 1137 115 25 yttermera
591 1135 205 27 sammanjämkning
804 1135 31 21 till
845 1135 71 22 äfven-

96 1165 47 25 tyrs
157 1164 62 21 torde
234 1164 65 21 blifva
315 1163 134 28 erforderligt
464 1164 7 21 i
486 1163 72 28 frågan
575 1163 111 26 angående
701 1163 143 28 uppförandet
854 1164 23 21 af
885 1166 32 19 ett

96 1192 131 21 ständerhus
249 1193 110 26 föredrogs
378 1199 29 14 nu
426 1193 75 20 främst
516 1192 248 21 ständerhusutskottets
779 1192 137 21 betänkande

96 1220 41 21 N:o
159 1222 12 19 3
196 1221 40 20 och
258 1221 176 26 borgarståndets
457 1221 126 26 inbjudning
607 1226 34 15 om
656 1221 82 20 inlösen
754 1220 23 21 af
790 1220 124 22 riddarhus-

97 1249 134 27 byggnaden.

165 1278 56 21 Herr
236 1277 205 22 Landtmarskalken
458 1277 97 21 erinrade
570 1283 34 15 om
620 1277 27 21 de
655 1277 77 26 beslut,
741 1277 59 21 hvari
809 1278 109 21 medstån-

96 1305 43 22 den
153 1308 88 19 stannat
255 1306 8 20 i
278 1306 70 21 denna
362 1306 65 26 fråga,
442 1306 105 26 nämligen
563 1308 33 19 att
610 1307 83 26 preste-
704 1306 40 21 och
755 1306 163 21 bondestånden

96 1335 67 20 redan
182 1334 70 26 afböjt
267 1334 190 26 borgareståndets
477 1334 129 26 inbjudning,
623 1334 136 26 hvarigenom
775 1334 84 21 således
875 1334 43 21 frå-

97 1368 42 20 gan
161 1368 34 16 om
218 1362 148 22 riddarhusets
390 1362 111 22 afstående
523 1362 61 21 torde
604 1361 88 22 förfallit
707 1364 56 19 samt
778 1364 33 19 att
825 1363 92 21 rörande

97 1391 249 21 ständerhusutskottets
357 1390 137 22 betänkande
503 1396 35 15 n:o
547 1392 12 18 3
567 1390 161 27 presteståndet
735 1390 182 23 underkännande

96 1419 57 22 hvad
175 1420 108 21 utskottet
298 1420 70 21 anfört
388 1426 34 14 om
437 1421 109 25 gvarteret
561 1419 97 22 Servalet
673 1419 60 26 gillat
748 1419 145 22 betänkandet
908 1420 7 21 i

97 1449 50 21 dess
163 1448 68 27 öfriga
246 1448 60 22 delar
321 1450 55 20 samt
391 1448 70 27 tillagt
476 1448 148 26 delegationen
639 1447 117 27 fullkomlig
767 1447 147 29 handlingsfri-

96 1478 39 21 het
149 1479 33 20 att
196 1477 49 22 med
261 1477 109 27 undantag
389 1477 22 21 af
425 1479 108 25 qvarteret
548 1476 100 22 Servalen
664 1476 90 28 uppföra
770 1479 31 19 ett
816 1478 97 21 ständer-

96 1506 41 22 hus
153 1506 33 22 för
201 1506 26 22 de
243 1508 32 20 tre
291 1506 78 22 ofrälse
384 1506 89 21 stånden
484 1506 52 22 hvar
543 1512 46 16 som
597 1505 67 27 hälst;
681 1506 180 26 borgareståndet
868 1507 48 21 åter
