1078 1717
193 112 55 21 1390
515 109 42 19 Den
569 110 10 17 3
592 109 50 19 Juni.

163 181 56 20 man,
235 180 46 16 som
294 175 21 27 ej
332 176 24 20 är
369 174 77 28 pligtig
460 176 32 20 att
506 174 30 28 på
549 174 70 23 finska
634 174 89 28 språket
738 174 76 23 affatta
828 174 155 28 expeditioner,

163 204 49 21 icke
227 203 75 27 åtager
317 203 33 26 sig
365 204 60 20 detta
439 202 101 28 frivilligt,
557 204 66 21 saken
638 204 40 21 bör
692 204 80 21 ordnas
788 204 31 26 så,
836 205 34 20 att
879 203 105 23 vederbö-

162 231 67 23 rande
243 230 70 22 finska
330 231 85 21 talande
433 233 80 25 parter,
532 232 28 20 då
575 232 78 22 svensk
668 232 124 27 expedition
807 232 33 21 till
856 232 49 22 dem
919 231 65 27 utgif-

163 266 44 21 ves,
223 260 70 21 tillika
307 259 82 22 erhålla
403 259 56 22 finsk
473 259 157 28 öfversättning
640 260 67 22 deraf.

231 288 170 23 Vidkommande
416 288 120 22 utskottets
551 289 111 21 uttalande
678 289 112 27 angående
805 288 179 28 författningsför-

163 317 80 27 slagets
266 316 147 22 enskildheter
434 316 51 22 fann
506 317 180 27 borgareståndet
706 318 48 21 skäl
768 318 8 21 i
791 317 65 27 öfrigt
869 317 116 27 godkänna

163 346 115 26 desamma,
294 347 60 20 utom
369 345 33 21 för
409 345 71 22 såvidt
494 346 28 22 de
536 345 104 23 befunnos
648 346 164 22 stridande
771 341 36 36 mot
820 346 164 23 ständets:före-

162 374 98 26 nämnda,
283 374 50 21 med
354 373 101 23 afseende
472 374 13 21 å
499 374 140 27 lagförslaget
653 374 8 21 i
676 375 116 21 allmänhet
806 374 83 22 fattade
904 375 78 26 beslut,

163 403 41 21 och
217 402 51 22 ville
283 402 88 22 ståndet
385 402 55 27 förty
455 402 64 22 hafva
533 403 146 21 betänkandet
692 403 8 21 i
716 403 70 22 denna
800 403 36 22 del
850 403 33 21 till
897 403 86 21 utskot-

163 433 32 19 tet
217 431 183 21 återremitteradt
421 430 33 22 för
476 432 33 20 att
529 431 143 27 omredigeras
688 432 7 20 i
710 432 96 26 enlighet
820 432 49 21 med
884 432 98 22 stähdets

162 459 69 27 sagda
245 459 78 22 beslut.

230 488 33 21 De
285 488 229 26 tilläggsresolutioner
529 488 108 22 utskottet
652 488 12 21 å
680 488 87 22 sidorna
784 490 25 20 12
825 488 40 22 och
882 488 26 22 13
926 488 56 22 före-

162 516 63 27 slagit
247 516 125 27 godkändes
392 516 90 27 jämväl;
508 516 55 22 dock
582 516 96 22 önskade
693 517 88 21 ständet
796 518 33 20 att
844 517 41 21 den
900 517 82 21 undan-

162 544 138 28 tagsförmän,
321 550 47 16 som
387 545 67 26 enligt
472 545 120 22 utskottets
609 545 80 27 förslag
704 546 66 21 borde
786 545 93 22 tilldelas
895 546 87 22 domare

161 574 30 26 pä
212 573 80 27 landet,
315 572 72 22 hvilka
403 572 67 22 blifvit
490 573 54 22 efter
560 574 24 21 är
600 575 54 20 1872
669 574 97 25 tillsatte,
783 576 39 24 att,
839 574 38 22 der
892 574 27 22 de
933 574 49 22 icke

161 602 67 21 tilltro
244 602 33 26 sig
296 600 73 22 kunna
391 601 49 22 med
462 602 115 27 tillräcklig
596 602 134 27 noggranhet
744 587 78 47 affatta
834 602 148 33 expeditioner

157 630 30 27 pä
200 630 71 22 finska
285 630 95 27 spräket,
395 630 8 22 i
419 630 49 22 dess
484 631 64 21 ställe
564 631 96 21 använda
676 630 37 22 det
728 631 92 21 svenska
835 631 72 21 säsom
918 631 63 27 origi-

158 658 109 28 nalspräk,
284 659 91 21 allenast
391 659 26 21 de
432 660 68 21 tillika
515 660 29 32 pä
559 666 53 21 egen
627 659 121 22 bekostnad
759 659 129 22 föranstalta
898 660 42 21 och
948 659 33 22 till

157 688 77 31 parten
249 687 82 27 utgifva
345 687 57 22 finsk
417 687 155 28 öfversättning
587 688 65 26 deraf,
668 688 68 22 måtte
744 688 123 22 utsträckas
878 687 62 23 äfven
948 688 33 21 till

157 715 173 27 tjenstemännen
345 716 36 21 vid
397 716 111 22 städernas
524 716 123 22 domstolar.

225 744 56 22 Frän
296 744 203 22 bondeständet
514 745 125 25 utredande,
656 746 32 20 att
703 744 89 22 ständet
806 744 106 27 godkänt:

225 773 176 22 statsutskottets
426 773 135 22 betänkande
581 773 111 27 angående
714 772 125 28 försäljning
861 772 23 22 af
896 773 83 22 krono-

157 802 118 26 boställen
266 798 12 34 ;

225 830 46 26 lag-
294 830 41 21 och
358 830 218 22 ekonomiutskottets
598 830 137 21 betänkande
755 829 112 27 angäende
886 829 93 27 upphäf-

157 858 70 22 vande
249 858 23 22 af
294 860 10 20 1
328 860 12 24 $
363 860 12 19 6
398 859 49 26 kap.
470 859 26 21 H.
519 859 24 21 B.
562 858 110 22 äfvensom
686 858 138 28 legalisering
838 858 24 22 af
874 858 104 27 gärdfari-

157 887 103 26 handeln;

226 915 175 22 statsutskottets
417 915 136 22 betänkande
568 915 110 27 angäende
688 915 244 27 hypoteksföreningens
942 915 36 21 län

157 944 9 21 i
181 944 102 21 Finlands
298 944 67 26 bank;

225 972 247 26 bevillningsutskottets
484 971 298 28 sammanjämkningsförslag
793 972 110 26 angäende
911 973 67 20 stäm-

158 1000 282 28 pelpappersbevillningen;

227 1029 251 27 värnepligtsutskottets
498 1028 136 22 betänkande
649 1028 112 27 angäende
777 1028 90 27 ändring
881 1028 7 22 i
903 1030 75 20 värne-

159 1058 141 27 pligtslagen
292 1054 12 35 ;

228 1086 218 22 ekonomiutskottets
463 1086 135 21 betänkande
613 1085 111 27 angäende
739 1092 27 14 en
781 1085 142 27 inmutnings-
938 1085 41 21 och

158 1114 163 28 grufvestadga;

227 1143 46 27 lag-
295 1142 41 22 och
359 1142 217 22 ekonomiutskottets
596 1142 137 22 betänkande
748 1148 35 15 n:o
800 1142 26 21 12
841 1142 8 21 i
863 1142 116 27 anledning

159 1171 24 22 af
196 1172 106 21 särskilda
316 1171 182 27 petitionsförslag
514 1171 109 27 angäende
637 1170 181 28 prestaflöningen
833 1177 27 15 m.
876 1177 37 20 m.;

228 1202 33 19 att
275 1200 88 21 ständet
378 1199 68 27 afböjt
461 1200 24 21 R.
501 1206 19 15 o.
536 1200 38 21 A:s
589 1199 126 27 inbjudning
730 1200 7 20 i
752 1199 188 27 rusthällsfrägan;

227 1230 33 20 att
271 1228 87 22 ständet
365 1228 106 21 förkastat
478 1228 155 27 lagutskottets
642 1228 137 22 betänkande
789 1228 110 26 angäende
907 1228 71 27 tryck-

159 1256 101 21 frihetens
277 1257 109 20 ordnande
402 1263 76 19 genom
494 1257 77 19 allmän
586 1257 48 25 lag;

228 1286 33 19 att
275 1284 88 21 ständet
377 1284 106 20 förkastat
499 1284 217 21 ekonomiutskottets
732 1283 136 22 betänkande
884 1289 35 16 om
926 1283 52 28 byg-

159 1312 70 28 gande
244 1312 23 21 af
280 1318 26 16 en
321 1312 44 21 fast
379 1312 38 20 bro
432 1312 58 20 öfver
505 1312 70 20 Kumo
591 1311 38 26 elf;

228 1342 33 20 att
283 1341 86 21 ständet
391 1340 69 21 likasä
481 1340 107 22 förkastat
602 1328 174 33 statsutskottets
792 1340 136 22 betänkande
944 1346 34 16 om

161 1369 138 22 bestridande
321 1370 48 21 med
392 1369 106 21 allmänna
517 1369 70 22 medel
603 1368 22 22 af
637 1368 160 22 ledamöternas
813 1369 7 21 i
836 1369 142 27 expeditions-

160 1398 41 22 och
214 1398 231 28 justeringsutskotten
460 1398 103 27 arvoden;

229 1429 32 20 att
276 1427 87 22 ständet
378 1427 35 22 vid
428 1427 130 27 behandling
571 1426 23 22 af
606 1426 45 28 lag-
662 1427 40 21 och
713 1426 219 22 ekonomiutskottets
941 1426 37 23 be-

160 1456 109 22 tänkande
284 1456 111 26 angäende
414 1456 219 27 länsrepresentation
649 1455 100 22 omfattat
765 1456 41 21 den
820 1455 23 22 af
855 1456 124 27 landtdags-

160 1491 91 15 mannen
266 1485 111 21 Meurman
392 1484 33 22 till
440 1484 146 22 betänkandet
600 1484 114 27 vidfogade
728 1485 144 25 reservation;

228 1515 32 19 att
283 1513 87 22 ståndet
387 1513 32 21 till
442 1513 120 22 ledamöter
584 1514 7 20 i
607 1513 148 27 delegationen
770 1512 34 22 för
818 1512 161 28 kejsarstodens
