1067 1720
419 107 41 18 Den
472 108 21 17 23
506 108 44 23 Maj.
810 108 54 21 1133

74 173 90 22 titionen
179 173 39 22 har
232 172 69 23 blifvit
321 173 22 22 af
357 173 108 23 utskottet
479 173 92 28 afstyrkt
586 173 40 22 och
640 173 139 27 förmodligen
795 172 29 28 på
838 171 62 28 goda.

70 196 67 38 skäl,
149 207 43 23 men
203 201 47 27 mig
270 207 63 22 synes
353 201 61 28 dock,
434 204 34 20 att
477 208 31 16 en
522 202 149 22 försummelse
685 201 60 24 skett
760 200 134 27 derutinnan,

74 231 34 24 att
128 229 49 24 :icke
198 230 145 27 petitionerna
363 230 47 21 från
429 229 79 24 Lovisa
523 231 40 22 och
577 230 73 22 Kotka
664 229 129 23 behandlats
809 235 86 21 gemen-

74 260 58 21 samt
152 255 42 26 och
216 265 27 15 en
258 260 66 25 utväg
339 259 60 21 sökts
415 261 33 19 att
461 259 74 22 förena
549 259 69 22 bådas
632 259 99 21 intresse.
761 258 33 22 En
809 263 87 22 gemen-

74 293 46 16 sam
142 287 63 25 bana,
227 287 32 21 till
282 292 27 16 en
331 287 74 27 början
427 287 107 27 utgående
556 289 16 20 t.
588 293 32 16 ex.
635 287 46 22 från
696 286 97 22 Kausala
807 286 89 25 station,

74 315 72 22 kunde
162 315 124 22 sedermera
300 317 91 25 utgrena
405 315 34 26 sig
453 315 24 22 åt
489 315 73 22 Kotka
577 315 39 22 och
632 315 85 21 Lovisa.
746 315 43 21 Det
804 316 24 19 är
842 313 55 28 möj-

74 344 46 27 ligt,
136 345 34 20 att
184 345 33 20 ett
232 343 78 22 sådant
324 343 172 28 tillvägagående
510 344 103 21 innebure
629 343 134 27 svårigheter
777 343 8 21 i
800 342 98 22 tekniskt

74 371 109 28 afseende,
199 378 48 16 men
263 372 38 22 det
315 372 56 22 hade
386 372 56 22 dock
456 372 88 28 förtjent
559 372 121 27 begrundas
696 372 41 21 och
745 370 94 29 pröfvas.
854 370 42 28 Lo-

74 401 47 22 visa
134 401 83 22 lemnas
233 401 92 22 sålunda
339 401 89 22 alldeles
444 403 52 20 utan
511 401 149 28 förhoppning.
689 401 51 22 Man
749 401 72 21 måste
830 399 66 23 likväl

74 429 102 27 betänka,
192 431 33 20 att
238 429 79 22 Lovisa
332 429 40 22 har
387 436 25 15 en
423 430 96 27 betydlig
531 429 225 27 handels-skeppsfart
765 429 42 22 och
816 428 81 27 Kotka,

75 458 71 22 såvidt
168 458 118 22 statistiskt
299 457 69 23 finnes
383 458 80 27 utredt,
481 458 40 22 har
535 458 44 22 noll
594 458 41 22 och
649 458 55 22 intet
710 458 79 27 skepp.
818 457 80 22 Lovisa

74 487 41 21 har
137 493 27 15 en
184 486 122 28 segelflotta
323 487 29 27 på
374 487 89 21 emellan
478 489 13 19 2
507 487 40 22 och
563 488 63 26 3,000
641 486 67 22 läster
723 486 40 22 och
779 486 79 22 staden
873 487 25 20 är

74 514 60 23 känd
156 516 32 21 att
208 515 69 22 drifva
294 516 42 21 den
355 517 81 20 största
455 516 122 22 salthandel
591 516 7 21 i
612 515 81 22 landet.
722 515 73 22 Under
811 514 37 22 det
859 514 43 28 jag,

76 544 85 22 således
176 544 109 27 beklagar,
302 546 33 20 att
350 544 69 22 denna
434 543 61 28 fråga
509 544 48 22 icke
567 544 128 22 behandlats
705 544 139 28 gemensamt,
855 542 44 24 kan

73 574 39 26 jag
127 572 91 22 sålunda
233 578 46 16 som
295 573 42 22 den
352 574 25 20 är
391 572 123 23 behandlad
527 573 48 23 icke
589 572 33 23 för
632 572 93 23 tillfället
735 572 70 22 uttala
814 571 44 27 mig
865 568 33 25 för

76 602 84 27 Lovisa,
177 601 69 22 ehuru
262 602 39 27 jag
321 607 50 16 vore
386 601 83 23 frestad
484 604 33 20 att
531 602 80 22 föreslå
625 601 86 28 frågans
727 600 123 23 återremiss
866 600 34 22 till

76 631 120 26 utskottet;
219 637 49 15 men
289 630 98 23 betviflar
406 631 55 22 dock
477 633 32 20 att
523 637 77 22 genom
616 637 26 16 en
657 631 67 21 sådan
740 629 78 28 åtgärd
832 629 68 27 något

76 665 90 16 vunnes.
195 659 78 22 Lovisa
292 660 80 21 boarne
387 659 21 22 få
423 659 33 22 väl
471 659 85 22 komma
570 660 22 21 in
607 666 27 15 en
649 665 70 16 annan
733 659 58 28 gång
806 658 40 23 och
863 658 36 21 be-

77 690 53 25 göra
145 688 33 21 sin
193 688 138 27 subvention;
352 694 48 16 men
416 689 27 21 dä
459 690 23 20 är
496 689 73 22 Kotka
584 689 69 21 banan
669 689 92 26 troligen
775 688 67 21 redan
856 686 43 22 fär-

78 717 36 28 dig
130 717 41 22 och
185 716 123 23 trafikerad.

145 745 57 22 Herr
224 746 23 21 af
267 745 141 23 Forselles:
431 745 42 22 För
494 746 44 22 min
558 745 35 23 del
612 745 69 22 skulle
694 745 38 28 jag
747 745 89 22 alldeles
851 743 50 23 icke

78 774 68 22 sakna
160 774 92 27 sympati
267 773 33 22 för
315 781 27 15 en
357 774 168 28 bansträckning
531 773 209 28 Kausala—-Lovisa,
755 780 50 15 men
813 773 37 28 jag
857 773 44 22 kan

77 803 48 22 icke
149 801 49 23 dela
221 803 26 22 de
270 803 23 21 af
315 803 51 22 herr
380 803 153 27 Pippingsköld
548 809 50 22 nyss
614 802 89 23 anförda
717 802 82 27 skälen,
816 804 33 19 att
863 801 39 22 det

79 831 70 22 skulle
164 831 60 22 ledas
239 831 130 22 ätminstone
385 831 88 26 derhän,
489 834 32 19 att
537 838 26 16 en
578 832 57 21 bana
649 830 47 23 frän
710 831 97 22 Kausala
816 831 33 21 till
859 830 42 22 Lo-

78 860 47 21 visa
140 860 70 21 skulle
225 860 118 22 behandlas
359 860 7 21 i
381 860 155 28 sammanhang
546 860 49 22 med
603 866 26 16 en
637 860 56 22 bana
707 855 99 38 Kouvola
821 855 82 38 Kotka

79 888 23 22 af
110 888 38 22 det
163 888 53 26 skäl,
233 891 33 19 att
272 889 37 27 jag
319 895 64 15 anser
393 895 27 15 en
430 889 55 21 bana
495 889 203 22 Lovisa—Kausala
708 888 89 22 alldeles
808 888 93 28 omöjlig,

78 917 113 22 hvaremot
206 924 27 15 en
248 918 56 21 bana
318 917 98 22 Kouvola
422 918 96 22 Kotka
532 918 39 22 har
585 918 86 27 mycket
686 917 48 22 skäl
749 916 34 23 för
797 917 40 27 sig.
854 917 48 22 Sta-

80 946 41 22 den
135 946 63 22 torde
213 946 108 28 knappast
334 945 128 23 förutsättas
477 948 53 25 göra
545 947 27 21 de
587 946 150 27 uppoffringar,
749 952 46 15 som
804 945 50 22 män
865 946 38 20 ön-

80 974 57 27 skar,
160 976 33 20 att
214 980 25 16 en
259 976 34 20 ort
308 974 39 22 bör
365 975 59 27 göra,
440 981 46 15 som
502 975 79 21 önskar
595 977 33 19 att
643 974 21 22 fä
679 981 26 15 en
718 974 91 28 jernväg
823 974 81 27 dragen

79 1003 35 22 till
127 1003 41 26 sig.
197 1002 47 23 Den
260 1002 155 28 stapelhandel,
432 1009 46 16 som
493 1003 50 22 herr
557 1003 154 28 Pippingsköld
722 1002 72 23 talade
805 1008 42 21 om,
858 1004 46 20 tror

78 1032 38 27 jag
137 1031 34 22 för
185 1031 43 22 min
247 1032 35 22 del
302 1031 47 22 icke
372 1034 23 19 är
401 1030 34 23 så
451 1034 46 20 stor
512 1032 40 22 och
567 1032 78 22 staden
659 1032 39 21 har
712 1032 29 27 pä
756 1037 76 16 senare
847 1031 57 21 tider

80 1060 86 28 mycket
180 1060 48 27 gätt
242 1060 43 22 ned
300 1060 40 22 och
355 1066 27 16 en
397 1060 58 22 bana
470 1060 22 22 af
506 1062 55 20 5—6
576 1060 37 22 mil
627 1060 33 22 till
675 1060 71 22 denna
761 1061 34 21 ort
809 1061 47 20 tror
866 1060 38 27 jag

80 1088 131 28 ätminstone
233 1089 36 21 vid
289 1089 70 21 denna
373 1088 104 28 landtdag
491 1089 48 21 icke
554 1094 51 16 vara
620 1088 79 28 möjlig.
728 1088 42 27 Jag
783 1088 71 22 skulle
870 1088 34 22 sä-

80 1117 62 23 ledes
156 1116 94 27 anhälla,
265 1118 34 21 att
313 1117 95 22 banorna
423 1117 70 22 skulle
509 1118 122 22 diskuteras
647 1117 66 22 skildt
727 1116 34 22 för
776 1117 39 27 sig.

149 1146 57 21 Herr
220 1152 42 15 von
277 1145 114 23 Alfthan:
407 1145 43 27 Jag
465 1146 43 21 kan
523 1146 48 22 icke
586 1146 113 22 underläta
715 1147 33 20 att
762 1145 75 22 hälsti
848 1146 56 21 stör-

81 1176 35 20 sta
130 1174 88 22 korthet
239 1175 70 21 uttala
323 1175 50 21 mitt
387 1174 136 27 beklagande
538 1174 59 22 öfver
612 1176 33 20 att
660 1174 77 22 Lovisa
750 1174 49 22 stad
814 1174 48 21 icke
876 1173 30 28 pä

82 1204 38 21 det
142 1205 46 19 sätt
202 1209 46 15 som
263 1203 40 21 här
322 1202 69 22 blifvit
405 1203 124 27 föreslaget,
544 1203 62 22 torde
620 1203 86 21 komma
719 1203 7 21 i
742 1202 127 28 ätnjutande
884 1201 23 22 af

79 1232 97 27 jernväg.
208 1232 40 21 Om
263 1232 83 25 staden,
363 1231 71 22 säsom
449 1232 50 22 herr
514 1231 23 23 af
549 1231 108 23 Forselles
673 1233 74 20 senast
761 1231 90 22 alldeles
862 1230 43 22 rik-

82 1260 42 27 tigt
138 1260 112 21 anmärkte
265 1260 48 27 gätt
327 1259 91 23 tillbaka
432 1260 29 27 pä
475 1266 76 16 senare
567 1260 61 26 tider,
645 1260 24 21 sä
683 1260 40 22 har
738 1259 37 22 det
789 1259 56 22 varit
859 1259 47 21 helt

82 1289 41 21 och
138 1288 69 24 hället
220 1290 53 19 utan
289 1289 50 21 dess
355 1294 54 20 egen
424 1288 123 27 förskyllan.
563 1289 76 21 Denna
653 1288 50 21 stad
718 1288 91 21 besitter
824 1287 83 27 ganska

84 1316 86 27 driftiga
184 1316 101 27 köpmän,
301 1315 72 23 hvilka
389 1316 90 22 oaktadt
494 1317 26 22 de
534 1318 80 26 ytterst
629 1317 63 21 svära
701 1315 205 23 handelsförhällan-

84 1345 47 27 den,
147 1345 7 20 i
169 1345 72 21 hvilka
260 1345 78 21 Lovisa
357 1345 70 21 blifvit
441 1345 80 21 försatt
536 1345 123 27 derigenom
674 1347 33 19 att
720 1345 116 27 jernvägen
851 1344 55 21 ifrän

82 1373 76 22 Lahtis
173 1372 85 27 fräntog
279 1373 77 21 staden
372 1379 26 15 en
413 1372 36 22 del
463 1373 22 21 af
499 1373 50 21 dess
564 1373 107 26 naturliga
686 1372 69 26 trafik,
771 1372 89 22 fortsatt
874 1374 33 20 att

84 1403 114 26 exportera
217 1401 191 27 skogsprodukter.
437 1400 44 23 Det
496 1403 25 20 är
535 1407 27 17 en
576 1401 47 23 helt
638 1401 63 22 enkel
716 1401 85 26 handel,
817 1406 47 17 som
880 1400 27 22 de

83 1430 103 22 bedrifva.
216 1430 33 23 De
271 1430 46 22 låta
339 1430 47 22 sina
407 1430 97 28 plankor,
520 1430 34 22 till
569 1436 26 17 en
611 1430 35 22 del
660 1430 146 27 handsägade,
821 1430 87 22 komma

83 1459 121 27 landvägen
225 1458 56 24 ifrån
301 1459 77 23 Lahtis
391 1460 30 26 pä
435 1465 38 17 sex
487 1459 43 27 mil,
547 1461 112 26 exportera
675 1459 48 22 dem
738 1460 7 21 i
760 1465 56 21 egna
829 1459 78 27 fartyg,

84 1489 110 27 inportera
216 1489 7 21 i
246 1489 63 22 dessa
332 1494 55 22 egna
408 1487 70 29 fartyg
493 1488 48 27 salt,
556 1494 46 16 som
617 1488 28 22 de
660 1488 122 22 sedermera
797 1488 55 28 sälja
867 1487 41 22 och

85 1517 64 23 hafva
170 1518 28 28 pä
220 1518 70 22 denna
313 1518 63 22 enkla
399 1518 40 21 och
461 1517 47 23 icke
523 1517 158 28 komplicerade
697 1518 80 22 rörelse
792 1517 58 28 gjort
864 1518 44 21 rätt
