1064 1720
207 123 53 20 1176
523 120 41 18 Den
575 121 22 17 25
610 120 46 23 Maj.

176 183 72 29 dagen
270 186 66 26 gifvet
357 185 59 22 löfte.
454 185 40 21 Om
517 186 86 21 ståndet
624 186 95 21 kommer
740 186 8 20 i
763 185 43 26 håg
821 184 61 22 detta
897 183 60 25 löfte,
973 184 25 20 sä

175 214 69 22 borde
259 214 88 22 ståndet
362 213 61 23 äfven
438 213 86 22 komma
537 214 7 21 i
559 214 43 27 håg
617 214 36 21 det
668 214 7 20 i
690 213 33 21 sin
737 213 75 22 helhet
826 212 41 22 och
882 212 48 21 icke
940 211 58 22 blott

177 242 76 26 delvis,
270 242 40 23 och
326 242 37 22 det
378 244 25 19 är
417 242 35 21 väl
467 242 55 22 dock
536 242 56 22 blott
608 242 66 22 delvis
690 247 46 16 som
752 242 64 21 dessa
826 240 75 22 herrar
908 240 53 28 yrka
968 240 29 27 på

176 270 75 22 löftets
267 270 133 28 uppfyllelse,
415 272 23 25 ty
452 270 64 22 löftet
529 270 63 28 lydde
603 272 32 20 att
644 270 47 22 från
701 270 120 22 rusthållen
831 271 56 20 samt
897 268 100 23 roterade

177 299 99 22 hemman
299 299 41 22 och
354 298 156 22 båtsmanshåll
532 299 108 27 utgående
655 298 168 28 vakansafgifter
838 304 19 16 o.
873 304 18 15 s.
907 304 18 15 v.
955 298 44 21 Det

177 330 26 19 är
225 328 60 22 detta
306 327 53 23 löfte
379 334 47 15 som
446 327 74 28 afgafs,
536 328 38 22 och
590 334 34 16 om
639 328 159 22 bondeståndet
812 326 62 22 äfven
890 326 61 22 aktat
965 326 34 22 för

178 356 54 27 godt
254 359 33 19 att
308 359 85 24 antaga
410 356 41 22 den
473 357 78 27 nådiga
572 356 168 28 propositionen,
764 356 89 22 emedan
868 355 130 21 rusthållens

178 387 176 25 representanter
368 385 57 21 inom
441 385 37 22 det
492 385 88 22 ståndet
594 385 56 21 varit
664 384 91 28 fåtaliga,
772 384 25 22 så
812 383 68 22 finnes
891 384 37 22 det
935 384 65 27 ingen

177 414 116 25 anledning
315 413 33 22 för
371 414 60 21 detta
446 414 64 21 stånd
525 416 32 19 att
570 414 48 21 icke
633 413 58 22 hålla
705 414 35 21 vid
756 413 61 22 detta
831 412 58 26 löfte,
907 412 40 22 och
963 412 36 21 det

177 443 27 20 är
216 442 46 28 just
278 441 71 22 derför
364 443 32 20 att
408 441 38 28 jag
460 442 68 21 håller
543 442 34 21 vid
594 442 60 21 detta
669 441 58 26 löfte,
743 447 47 16 som
802 441 39 27 jag
856 441 143 21 sammanbin-

178 471 39 22 der
240 471 64 21 dessa
318 470 57 22 båda
393 469 72 28 frågor
479 471 36 21 vid
531 471 119 21 hvarandra
665 471 40 21 och
720 470 48 22 icke
783 470 42 21 kan
841 470 86 27 åtskilja
943 469 55 26 dem,

178 499 27 22 så
219 500 85 27 mycket
319 505 59 15 mera
392 505 47 16 som
454 499 51 22 herr
520 499 87 22 Palmén
623 499 121 27 egentligen
759 498 98 22 uttalade
873 504 26 15 en
909 498 89 21 slutme-

179 528 57 27 ning,
252 534 46 15 som
312 527 71 22 blifvit
390 527 84 22 uttalad
481 528 7 21 i
496 528 176 21 statsutskottets
680 527 137 22 betänkande
825 527 23 21 af
855 533 26 15 en
889 529 111 19 reservant

178 556 43 22 och
236 562 47 16 som
296 556 38 27 jag
348 556 48 22 icke
410 556 43 22 kan
468 556 58 27 gilla,
541 556 6 22 i
556 556 122 28 synnerhet,
687 556 67 21 sedan
764 555 42 22 han
816 555 97 22 kommer
922 557 33 19 att
962 555 37 21 be-

179 585 65 22 kläda
260 586 40 20 den
315 584 63 28 plats,
394 585 33 21 till
442 585 85 21 hvilken
544 585 43 21 han
598 587 28 25 är
641 584 112 22 utnämnd.

247 614 57 21 Herr
326 620 41 15 von
392 614 199 21 Christiersson:
616 614 10 21 I
640 613 69 22 likhet
723 612 49 23 med
788 612 50 22 herr
852 612 148 28 Montgomery

178 642 43 22 och
244 642 110 27 åtskilliga
376 642 67 22 andra
464 642 68 22 talare
555 642 69 22 skulle
636 642 38 27 jag
688 642 69 22 önska
771 642 70 21 uttala
856 643 32 20 att
900 642 39 26 jag
953 641 48 21 icke

179 671 40 21 har
233 671 67 27 något
313 673 34 19 att
362 672 102 20 anmärka
479 673 58 19 emot
552 670 325 28 sammanjämkningsförslaget.
899 670 43 26 Jag
956 670 45 21 må-

178 702 36 19 ste
236 699 32 22 för
291 699 43 21 min
354 700 35 21 del
404 706 52 15 anse
472 700 38 21 det
524 706 51 16 vara
588 699 129 27 fullkomligt
730 699 89 22 korrekt
833 699 56 21 hvad
903 698 75 27 frågan
993 698 8 21 i

178 728 42 21 sak
242 728 72 26 angår,
338 728 40 22 och
402 728 27 22 då
448 728 38 27 jag
504 728 56 22 varit
574 728 22 22 af
608 729 42 21 den
666 728 61 26 åsigt,
743 728 42 21 och
800 730 56 19 ännu
871 730 24 18 är
910 728 43 25 det,
969 728 33 21 att

178 756 76 27 frågan
270 762 34 16 om
326 756 131 22 rusthållens
477 757 101 27 ställning
592 756 33 22 för
639 756 114 22 framtiden
768 756 55 22 hade
838 756 65 22 bordt
917 755 83 27 lämpli-

180 787 50 25 gast
245 785 41 21 och
300 786 112 20 rättvisast
427 786 95 25 regleras
538 786 7 21 i
561 786 37 21 det
613 785 56 27 syfte
683 785 80 26 nådiga
772 785 161 27 propositionen
941 784 60 21 inne-

179 813 76 26 håller,
279 820 48 15 men
348 814 71 26 någon
441 814 69 26 utsigt
531 814 48 22 icke
594 813 113 22 förefinnes
723 815 33 19 att
771 820 27 14 en
812 813 85 27 lösning
912 812 7 21 i
934 812 68 22 sådan

179 842 95 26 riktning
289 842 55 21 skall
359 842 99 26 erhållas,
480 843 24 20 så
523 843 81 21 tillåter
616 842 37 27 jag
668 842 43 26 mig
726 843 33 20 att
773 842 7 21 i
795 842 42 21 alla
852 841 89 26 stycken
957 840 43 23 för-

181 876 41 16 ena
240 870 43 27 mig
297 871 7 21 i
323 871 57 21 hvad
396 871 50 21 herr
460 871 87 21 Palmén
562 870 76 25 anfört,
655 870 40 22 och
710 869 98 23 förordar
822 869 59 22 bifall
897 869 32 22 till
945 875 56 16 sam-

179 899 281 27 manjämkningsförslaget.
480 899 34 22 Då
528 900 36 27 jag
575 899 25 22 så
614 901 45 25 gör,
676 899 49 21 sker
740 899 37 22 det
791 898 116 26 ingalunda
922 897 78 24 derför.

179 929 35 20 att
226 928 37 26 jag
278 928 70 21 skulle
360 927 28 28 på
405 928 67 26 något
490 930 44 19 sätt
548 929 82 26 hoppas
646 929 32 20 att
692 927 105 27 förslaget
812 927 56 22 skall
883 927 64 21 vinna
961 933 38 20 ge-

179 956 50 26 bör;
246 962 26 16 en
287 956 58 22 bliek
361 957 96 26 omkring
472 957 40 22 här
526 958 8 21 i
548 958 92 21 rummet
654 956 33 21 lär
702 959 71 23 annat,
790 962 47 15 men
845 955 34 22 för
889 957 32 20 att
933 955 66 28 några

180 986 71 20 röster
273 985 35 21 må
327 985 63 21 hafva
408 985 58 21 inom
486 985 89 22 ståndet
590 985 57 26 höjts
662 984 33 22 för
710 987 33 19 att
756 991 27 15 en
797 985 67 21 sådan
878 984 85 27 lösning
978 983 23 22 af

178 1013 76 26 frågan
269 1013 36 21 vid
320 1013 70 21 denna
403 1013 104 27 landtdag
522 1014 69 21 skulle
606 1014 85 20 komma
706 1013 33 21 till
754 1013 69 21 stånd.

250 1042 34 20 Då
299 1041 188 28 öfverläggningen
502 1043 8 20 i
524 1042 76 27 frågan
607 1042 89 21 härmed
706 1041 83 27 afslöts,
801 1041 51 21 aflät
863 1041 50 21 herr
922 1040 81 22 Landt-

182 1070 136 22 marskalken
333 1070 33 21 till
381 1070 97 22 ståndets
494 1070 134 22 besvarande
644 1076 26 16 en
685 1070 25 22 så
724 1070 91 27 lydande
830 1070 144 26 proposition:

251 1099 41 21 den
315 1104 46 16 som
381 1098 124 27 godkänner
519 1099 118 21 utskottets
656 1097 298 28 sammanjämkningsförslag
969 1098 34 20 rö-

180 1128 48 20 star
238 1127 34 27 ja;

250 1156 74 20 vinner
338 1155 41 27 nej,
396 1155 82 28 afböjes
498 1155 232 27 sammanjämkningen
745 1155 41 21 och
801 1155 24 21 R.
843 1160 19 16 o.
877 1155 25 21 A.
919 1154 84 22 vidbål-

183 1184 32 21 ler
229 1184 39 21 sitt
282 1184 58 22 förut
355 1184 7 21 i
378 1184 66 22 saken
459 1183 84 23 fattade
558 1184 77 22 beslut.

250 1213 77 21 Denna
347 1213 133 27 proposition
503 1213 130 21 besvarades
656 1213 49 21 med
725 1212 106 28 betydligt
846 1211 157 27 öfvervägande

182 1240 41 28 nej,
246 1242 7 20 i
275 1241 57 27 följd
347 1241 75 21 hvaraf
446 1242 87 21 ståndet
555 1242 91 21 sålunda
666 1242 49 21 med
731 1240 114 28 afböjande
861 1240 22 22 af
897 1246 105 16 samman-

179 1269 140 26 jämkningen
334 1269 98 21 vidhållit
447 1270 38 20 sitt
499 1270 91 25 tidigare
605 1270 72 20 beslut
691 1270 8 20 i
714 1272 79 18 ämnet.

251 1297 31 20 På
297 1296 95 27 begäran
407 1297 109 21 lemnades
528 1297 62 21 ordet
605 1298 23 20 åt

250 1325 50 22 herr
314 1325 116 27 Palmen,
446 1331 46 16 som
507 1325 94 27 yttrade:
623 1325 43 22 Det
681 1327 23 20 är
719 1325 48 22 icke
781 1325 75 27 nödigt
871 1326 33 20 att
917 1324 38 27 jag
969 1329 34 16 re-

181 1360 100 15 serverar
300 1353 44 28 mig
366 1354 58 22 emöt
439 1354 97 22 ståndets
552 1360 29 16 nu
595 1354 83 22 fattade
692 1354 79 26 beslut;
787 1353 28 22 då
827 1354 38 27 jag
879 1354 68 27 yttrat
961 1353 44 27 mig

181 1383 8 21 i
204 1382 80 28 frågan.
315 1383 50 22 Med
380 1383 115 27 anledning
510 1383 21 21 af
548 1383 72 28 grefve
635 1382 100 23 Armfelts
750 1383 105 28 yttrande,
870 1383 64 21 hvars
950 1382 54 21 slut-

182 1412 40 21 ord
234 1413 37 26 jag
285 1411 49 23 icke
348 1412 73 22 kunde
440 1412 105 27 uppfatta,
565 1419 48 15 men
629 1419 47 14 som
690 1411 87 28 grefven
792 1411 140 28 godhetsfullt
946 1411 58 22 med-

183 1440 59 23 delat
256 1441 44 27 mig
318 1441 69 22 sedan
406 1441 151 22 diskussionen
572 1441 67 22 redan
654 1441 76 22 hunnit
745 1441 97 27 afslutas,
858 1440 97 23 anhåller
967 1440 38 28 jag

182 1470 78 21 endast
281 1469 22 22 få
326 1471 76 26 erinra,
424 1472 34 20 att
475 1471 37 26 jag
526 1470 33 23 för
573 1471 43 21 min
632 1470 34 22 del
682 1470 46 22 icke
744 1470 57 23 velat
816 1471 69 21 uttala
901 1470 18 27 ej
935 1469 70 22 häller

181 1497 40 23 har
236 1498 79 23 uttalat
330 1498 66 28 något
413 1516 9 10 ,
425 1498 60 23 hot".
