1075 1717
196 119 55 21 1056
503 116 42 18 Den
558 118 22 16 20
592 116 44 23 Maj.

167 183 33 25 sig
216 189 26 15 en
256 188 96 22 noggran
367 183 121 21 kännedom
503 188 34 16 om
548 183 27 21 de
585 182 169 22 administrativa
764 182 119 22 ärendenas
893 182 97 22 behand-

167 212 51 25 ling,
241 213 33 19 att
292 211 74 21 härvid
386 212 7 20 i
411 211 65 27 detalj
493 211 58 21 bilda
566 211 33 26 sig
614 217 27 16 en
656 210 149 28 öfvertygelse,
821 217 46 16 som
882 217 49 14 man
945 212 43 20 kan

167 239 34 22 till
222 239 52 22 fullo
297 239 35 22 stå
353 239 43 27 för;
419 245 48 16 men
483 239 42 27 jag
546 240 66 26 vågar
627 241 40 24 tro,
684 241 32 20 att
731 245 48 16 man
795 239 120 22 emellertid
927 239 64 22 äfven

168 271 53 19 utan
237 269 33 20 att
288 267 64 22 hafva
372 268 124 27 tjenstgjort
513 268 7 20 i
540 273 26 16 en
582 267 78 27 mängd
676 267 135 22 embetsverk
826 268 43 21 kan
883 267 60 22 bilda
957 268 34 27 sig

170 303 25 15 en
218 296 43 21 fast
282 296 141 27 öfvertygelse
446 296 50 21 med
515 295 101 23 afseende
632 297 12 20 å
660 296 40 21 den
716 296 107 22 allmänna
836 296 131 22 karakteren
983 296 8 21 i

168 325 49 22 vårt
232 324 85 22 statslif.
346 325 76 22 Denna
441 325 44 21 min
503 324 141 28 öfvertygelse
659 325 66 26 vågar
738 325 38 27 jag
791 325 61 21 äfven
867 331 29 16 nu
911 325 81 26 uttala;

167 354 38 27 jag
219 353 66 27 vågar
303 353 70 27 påstå,
392 355 32 19 att
439 359 48 16 man
502 353 7 20 i
524 353 48 21 vårt
586 353 51 21 land
650 359 46 16 mer
711 355 27 19 än
753 353 6 21 i
775 353 66 26 något
856 353 23 22 af
891 353 102 26 Europas

169 382 76 22 länder
260 381 47 27 gått
321 381 33 22 för
369 381 60 27 långt
444 381 32 22 uti
491 383 32 20 att
539 382 42 21 öka
596 381 179 27 statsgöromålen
791 381 40 22 och
840 381 49 22 med
899 384 32 19 ett
939 381 53 27 högt

169 411 45 27 pris
229 416 138 16 renumerera
383 411 54 25 dem,
453 416 47 16 som
515 410 121 22 handhafva
651 411 114 21 desamma.
781 410 43 21 Det
832 413 25 19 är
864 410 126 27 visserligen

170 439 110 27 naturligt,
294 441 34 19 att
342 439 120 22 ärendenas
478 439 78 27 mängd
570 439 7 21 i
593 439 134 28 synnerligen
737 439 44 26 hög
791 440 53 25 grad
854 439 89 27 tilltagit
953 445 39 15 un-

172 468 38 22 der
232 469 26 21 de
273 468 38 21 två
330 467 54 22 sista
406 468 133 26 årtiondena,
556 467 27 22 då
599 469 31 20 ett
645 467 130 27 fullkomligt
790 469 46 26 nytt
850 467 25 22 lif
888 468 57 27 gjort
959 467 33 28 sig

171 497 99 26 gällande
293 496 7 21 i
322 496 95 21 Finland.
448 497 42 21 Det
513 498 24 19 är
559 497 109 26 naturligt,
689 499 34 19 att
739 497 42 21 alla
796 497 27 21 de
838 497 156 27 nybildningar,

170 525 74 22 hvilka
258 525 56 22 varit
329 531 27 15 en
371 525 122 27 nödvändig
508 525 52 27 följd
576 525 22 22 af
611 525 79 21 folkets
703 525 130 22 medverkan
843 525 35 22 vid
889 526 105 27 styrelsen

172 555 40 20 och
228 554 66 21 andra
313 553 72 28 dylika
403 553 191 28 omständigheter,
610 554 61 21 skola
683 554 81 27 jämväl
779 554 86 27 påkalla
881 561 25 14 en
922 554 74 21 förök-

171 583 51 26 ning
237 582 48 22 utaf
297 582 183 27 tjenstemännens
501 583 57 21 antal
574 582 39 22 och
630 583 107 27 mängden
753 582 23 23 af
789 583 100 22 ärenden.
914 583 83 27 Hvarje

169 612 96 27 jernväg,
282 617 46 15 som
344 612 81 26 öppnas
441 611 33 22 för
489 611 99 25 trafiken,
603 611 84 21 fordrar
701 611 136 26 naturligtvis
849 613 32 20 ett
891 613 56 20 stort
957 618 37 15 an-

171 641 31 20 tal
221 646 42 21 nya
280 640 141 27 tjenstemän;
444 640 73 26 hvarje
537 646 27 21 ny
579 640 127 26 institution,
723 640 128 27 exempelvis
867 640 38 22 vår
919 642 75 19 värne-

170 668 90 28 pligtiga
279 668 64 26 armé,
364 667 83 22 fordrar
466 668 6 21 i
491 670 57 20 ännu
564 669 69 20 större
649 668 60 21 skala
725 668 79 27 ökning
819 668 22 21 af
855 668 139 28 tjenstemän-

171 703 54 15 nens
241 697 65 21 antal.
336 696 45 22 Allt
397 696 59 22 detta
471 697 105 21 erkänner
590 696 36 27 jag
641 696 33 22 till
688 696 59 28 fullo,
763 703 49 16 men
827 697 37 21 det
878 697 72 21 kunde
960 697 36 21 väl

172 725 124 23 derutöfver
311 731 51 15 vara
377 725 62 21 värdt
454 726 32 20 sin
501 726 107 21 särskilda
623 726 121 26 utredning,
760 726 62 21 äfven
833 732 34 15 om
879 726 37 21 det
926 726 71 21 skulle

173 755 70 21 denna
262 754 56 27 gång
337 754 47 22 föra
403 760 36 15 oss
454 754 33 22 för
502 754 60 27 långt
576 755 8 21 i
600 754 212 28 detaljbevisningen,
827 754 116 22 huruledes
959 754 38 22 det

171 783 75 27 blifvit,
262 785 60 19 snart
337 782 63 28 sagdt
415 784 32 20 ett
462 783 124 23 nationalfel
601 782 39 22 hos
656 789 35 15 oss
708 785 33 20 att
755 783 152 22 misshushålla
918 789 77 21 genom

171 812 121 22 krafternas
309 810 129 23 öfverdrifna
453 812 114 27 splittring.
597 812 42 26 Jag
654 812 38 21 ber
707 812 22 21 få
744 814 51 25 taga
810 814 32 20 ett
857 812 102 27 exempel,
975 811 24 23 af

173 842 27 20 de
214 840 114 26 färskaste,
348 846 46 16 som
409 840 56 21 visar
480 840 56 22 huru
554 844 53 18 nära
622 841 70 21 denna
706 841 91 21 tendens
812 841 69 27 ligger
895 841 34 21 för
943 841 52 21 han-

173 870 48 21 den.
258 869 50 21 Man
330 868 91 22 ämnade
443 868 84 28 nyligen
548 869 79 21 inrätta
646 871 33 19 ett
693 870 104 21 särskildt
813 870 135 21 embetsverk
963 869 34 21 för

172 898 84 22 landets
280 897 125 27 geologiska
427 898 166 26 undersökning,
617 898 68 21 ehuru
708 898 37 22 det
759 898 68 22 finnes
843 905 26 15 en
885 898 111 27 bergssty-

171 926 65 26 relse,
252 926 33 21 till
299 926 98 21 hvilkens
414 926 127 26 disposition
556 926 45 22 helt
617 926 71 22 enkelt
704 928 32 20 ett
751 926 66 28 högre
833 926 75 27 anslag
923 926 74 22 kunde

172 955 83 25 ställas,
270 954 137 26 hvarigenom
423 960 80 22 samma
515 955 99 21 ändamål
624 955 69 21 skulle
704 955 81 22 vinnas.
801 956 38 21 Ett
849 958 66 19 annat
926 961 71 15 exem-

172 984 42 28 pel,
237 989 46 15 som
300 983 38 27 jag
356 983 49 21 med
425 983 78 21 tvekan
523 984 110 26 åberopar,
654 986 24 18 är
692 985 33 20 att
739 990 50 15 man
803 984 8 21 i
825 984 75 22 landet
914 984 40 21 har
969 990 28 15 er

172 1011 93 23 särskild
285 1011 150 27 öfverstyrelse
455 1010 33 22 för
507 1013 51 25 väg-
574 1012 40 22 och
629 1012 311 22 vattenkommunikationerna
955 1012 41 22 och

173 1042 37 21 det
224 1040 118 22 emellertid
358 1040 47 22 icke
425 1042 23 19 är
463 1040 83 27 möjligt
561 1042 33 20 att
608 1041 70 26 bygga
693 1047 26 15 en
735 1047 28 21 ny
775 1041 153 27 jernvägslinie
943 1042 53 20 utan

171 1072 33 19 att
220 1068 71 23 derför
306 1068 124 27 organisera
445 1075 26 15 en
487 1069 94 21 särskild
596 1070 97 26 styrelse.
709 1069 42 26 Jag
766 1071 36 20 vet
816 1070 47 21 icke
874 1069 87 22 hvarför
969 1075 27 15 en

172 1096 150 29 Ofverstyrelse
341 1096 34 22 för
395 1099 49 24 väg-
466 1097 39 22 och
525 1097 310 22 vattenkommunikationerna
853 1098 56 21 skall
927 1097 68 22 finnas

172 1127 53 21 eller
239 1126 52 21 bära
306 1125 61 21 detta
381 1131 70 20 namn,
468 1131 34 15 om
518 1125 41 22 den
574 1125 48 22 icke
637 1126 43 21 kan
695 1126 28 27 gä
737 1126 7 21 i
759 1126 50 21 land
824 1127 48 21 med
883 1128 33 19 att
926 1127 70 26 bygga

172 1161 26 16 en
212 1155 96 26 jernväg,
324 1153 101 22 nutidens
440 1154 114 26 vigtigaste
570 1154 273 22 kommunikationsmedel.
872 1155 43 21 Det
930 1157 25 18 är
969 1160 27 15 en

172 1183 79 22 allmän
272 1181 91 22 tendens
386 1182 29 26 pä
437 1188 76 16 senare
529 1182 57 21 tider
604 1184 33 19 att
652 1183 123 26 organisera
790 1189 41 20 nya
847 1183 150 25 embetsverk;

173 1209 162 29 Ofverstyrelser
357 1209 63 22 hafva
442 1210 105 27 uppstått,
564 1211 38 26 jag
620 1213 36 18 vet
670 1211 48 22 icke
733 1211 56 22 huru
804 1211 78 27 många
897 1211 28 27 pä
942 1213 25 19 10
983 1211 14 20 ä

174 1241 27 20 20
217 1239 29 21 är.
278 1238 72 22 Gerna
365 1238 35 21 mä
412 1238 37 27 jag
465 1239 100 25 erkänna,
582 1241 32 19 att
628 1239 106 26 yrkandet
748 1239 29 27 pä
793 1239 64 22 dessa
871 1246 42 21 nya
927 1239 70 22 öfver-

172 1267 102 27 styrelser
296 1266 73 25 utgätt
391 1265 46 22 frän
457 1273 25 14 en
499 1266 58 26 loflig
572 1267 101 21 omtanke
689 1273 34 15 om
739 1268 37 21 det
791 1267 94 26 speciela
901 1269 95 19 statsän-

174 1295 77 26 damäl,
268 1300 45 15 som
330 1293 26 21 de
371 1293 62 22 skola
449 1296 157 24 representera.
636 1295 49 21 Men
700 1296 37 21 det
751 1295 68 22 finnes
835 1301 26 16 en
871 1302 70 15 annan
952 1301 44 17 om-

172 1323 73 26 tanke,
261 1328 47 16 som
323 1323 24 20 är
363 1323 56 20 ännu
429 1321 103 28 lofligare,
544 1323 41 22 den
595 1323 114 27 nämligen,
720 1323 106 22 huruvida
835 1324 48 21 värt
897 1323 45 22 folk
954 1324 43 21 kan

172 1353 99 27 uppbära
286 1351 38 22 allt
340 1351 67 22 detta.
437 1351 42 27 Jag
493 1358 114 21 upprepar,
623 1354 33 19 att
666 1352 61 22 äfven
736 1359 25 15 en
771 1353 81 27 ganska
859 1353 75 28 flygtig
941 1353 56 28 jäm-

173 1381 78 23 förelse
272 1380 55 22 skall
346 1379 53 27 visa,
416 1381 33 20 att
464 1380 47 22 icke
526 1381 66 28 något
607 1381 50 22 land
672 1382 137 22 underhåller
824 1382 25 21 sä
863 1383 77 26 många
955 1381 42 22 och

174 1412 25 21 sä
222 1410 62 27 drygt
304 1409 97 22 aflönade
423 1409 130 27 tjenstemän
576 1416 45 16 som
640 1410 97 25 Finland.
771 1411 50 22 Man
835 1411 44 22 kan
893 1411 50 22 icke
957 1411 41 22 här

173 1438 65 24 hafva
252 1440 33 20 att
300 1438 96 27 päräkna
410 1443 81 18 samma
508 1445 98 16 resurser
620 1445 46 16 som
681 1440 7 21 i
702 1440 99 27 England
817 1440 40 22 och
871 1440 124 22 Frankrike.

173 1469 40 22 Ett
226 1467 60 22 bevis
301 1467 34 22 för
349 1467 44 22 min
409 1466 67 27 äsigts
491 1467 103 28 riktighet
609 1470 25 19 är
648 1468 67 22 också
729 1469 42 26 det,
787 1471 34 20 att
832 1469 78 27 många
920 1469 23 21 af
950 1469 45 21 lan-
1020 1489 2 3 .

174 1497 48 22 dets
238 1495 133 23 embetsmän
386 1495 48 22 icke
448 1497 38 20 äro
502 1496 25 22 sä
541 1499 113 25 upptagna
669 1496 23 22 af
704 1497 47 21 sina
761 1498 154 27 statstjenster,
927 1499 32 19 att
969 1497 28 22 de

172 1526 48 22 icke
234 1524 74 22 kunna
322 1524 65 22 sköta
401 1524 74 28 mängt
491 1525 40 21 och
546 1526 86 28 mycket
647 1528 71 20 annat.
738 1526 27 22 Vi
779 1526 63 22 hafva
857 1528 60 20 snart
932 1526 65 27 sagdt
