1084 1723
197 121 56 20 1438
502 118 43 18 Den
558 119 10 17 3
581 117 49 19 Juni.

167 184 106 22 träftande
291 184 85 27 Kuopio
397 184 84 27 lyceum
500 184 40 21 har
557 184 109 21 utskottet
680 183 49 22 icke
746 183 58 21 velat
818 183 108 27 tillstyrka
941 183 50 21 sub-

166 214 95 26 vention,
276 213 87 21 hvilken
379 212 61 22 detta
454 212 99 22 läroverk
568 212 85 22 härtills
669 212 95 27 åtnjutit.
790 212 51 20 Man
856 212 35 20 må
906 211 85 21 komma

166 242 57 27 ihåg,
245 243 33 20 att
296 242 61 21 detta
371 241 83 27 lyceum
469 242 64 25 utgör
548 240 34 22 för
597 240 27 22 de
639 241 93 21 svenska
746 239 90 23 talande
850 239 119 28 familjerna
983 240 8 20 i

167 258 71 34 denna
253 269 99 23 landsdel
368 270 41 20 den
425 269 57 21 enda
496 269 86 27 anstalt,
599 269 39 21 der
652 268 28 22 de
695 270 74 20 kunna
784 268 22 22 få
817 268 46 22 sina
873 269 53 21 barn
937 274 53 22 upp-

166 298 103 27 fostrade,
285 304 49 16 man
349 298 36 21 må
400 298 66 21 också
481 298 86 21 komma
581 298 8 20 i
603 297 44 26 håg
663 298 26 20 de
706 296 65 28 högst
785 296 151 22 betecknande
947 296 42 22 siff-

165 334 42 19 ror,
224 333 47 15 som
285 326 68 22 finnas
376 326 118 32 framlagda
516 326 8 21 i
540 328 32 20 ett
585 326 223 27 petitionsmemorial,
824 325 76 27 siffror,
916 325 76 22 hvaraf

165 340 100 47 framgår,
282 357 33 20 att
331 355 129 21 elevantalet
479 355 3 21 i
497 354 85 28 Kuopio
597 354 105 27 läroverk,
714 360 46 16 som
772 354 100 27 utgjorde
883 354 66 26 något
959 353 30 23 öf-

164 391 38 15 ver
224 386 48 25 300,
289 384 25 22 så
328 384 63 26 länge
407 384 107 21 svenskan
534 390 37 15 var
590 368 261 47 undervisningsspråket,
871 383 119 21 successivt

164 409 91 36 nedgått
268 402 35 32 till
317 413 81 21 inemot
412 412 81 22 hälften
510 412 23 22 af
547 413 61 21 detta
623 411 65 27 antal,
704 412 108 22 alltsedan
827 411 84 22 finskan
921 411 68 22 blifvit

164 441 255 28 undervisningsspråket
433 441 8 22 i
456 447 82 16 samma
553 441 68 26 skola,
633 452 26 3 —
672 429 69 34 siffror
756 447 46 16 som
818 441 78 27 tydligt
910 440 77 27 utvisa,

164 473 33 20 att
217 472 32 21 ett
266 471 48 22 icke
334 471 62 26 ringa
415 470 59 22 antal
493 470 205 27 bildningssökande
718 470 70 21 blifvit
805 469 128 27 utestängdt
948 469 41 22 och

164 502 91 25 tvunget
278 502 33 19 att
333 500 65 26 draga
418 499 33 26 sig
470 499 32 21 till
518 499 68 22 andra
601 499 99 22 läroverk
715 499 53 22 eller
784 499 31 20 till
831 498 68 22 andra
913 499 74 21 banor.

163 529 54 21 Lika
238 529 49 21 litet
309 535 46 14 som
379 528 37 21 det
437 528 61 21 faller
520 528 45 26 mig
587 529 21 20 in
632 529 33 20 att
680 528 53 21 söka
748 527 103 28 afstyrka,
867 529 33 20 att
916 529 72 20 staten

162 557 69 22 måtte
251 557 111 26 öfvertaga
382 557 52 21 eller
454 557 167 21 subventionera
636 556 27 22 de
678 557 78 20 talrika
770 557 99 20 läroverk
883 556 50 22 med
948 555 38 22 fin-

163 586 41 21 ska
219 587 72 20 såsom
305 585 236 27 undervisningsspråk,
557 591 47 16 som
620 585 82 27 utgjort
716 585 89 22 föremål
817 585 33 22 för
864 585 121 27 petitioner,

162 615 45 21 lika
222 614 49 22 litet
290 614 43 21 kan
346 614 38 27 jag
399 615 28 26 på
442 613 66 27 något
523 614 69 21 vilkor
607 613 114 27 godkänna
735 614 98 21 försöket
848 616 32 19 att
890 613 46 22 helt
951 619 36 15 en-

161 643 48 21 kelt
223 643 141 26 tillintetgöra
380 644 79 19 tvänne
474 642 99 21 läroverk
588 642 49 21 med
653 642 89 21 svenskt
751 641 234 28 undervisningsspråk,

162 677 47 16 som
227 671 105 22 hvardera
351 671 51 27 fylla
420 673 33 19 ett
472 671 108 27 oafvisligt
596 670 69 22 behof.
695 671 38 21 Att
748 671 25 21 så
788 671 50 27 vilja
851 670 85 26 förfara,
953 676 33 21 sy-

162 706 39 15 nes
215 700 44 27 mig
273 706 51 15 vara
340 701 33 20 att
388 701 57 20 mäta
460 700 48 21 med
524 699 58 22 olika
595 699 61 22 mått.
682 699 42 26 Jag
740 700 39 21 ber
794 699 85 22 derföre
894 699 22 21 få
931 699 55 22 före-

162 729 39 26 slå,
217 731 32 19 att
264 730 176 21 reservanternas
456 729 86 26 mening
557 728 66 21 måtte
639 728 49 21 med
702 728 125 22 hänseende
842 728 32 21 till
888 728 26 21 de
924 727 63 22 flesta

161 758 94 27 punkter
273 757 8 21 i
301 757 118 22 utskottets
438 757 137 22 betänkande
591 756 133 27 föredragas;
743 757 55 21 dock
814 759 62 24 tager
888 757 38 27 jag
942 756 43 28 mig

160 786 93 22 friheten
273 788 33 19 att
323 786 80 21 föreslå
422 791 27 16 en
468 786 52 21 liten
536 785 156 27 omredigering
708 786 24 21 af
745 786 41 21 den
802 787 6 20 i
824 786 162 21 reservationen

160 815 112 26 ingående,
289 814 72 22 såsom
377 815 37 20 det
429 820 62 21 synes
507 814 49 27 mig,
568 815 66 25 något
645 813 153 27 ofullständiga
808 814 175 26 formuleringen:

162 843 43 27 1:0)
225 845 32 19 att
277 843 26 21 de
319 843 196 27 ompetitionerade,
532 843 22 21 af
567 843 108 21 utskottet
690 843 114 21 förordade
821 843 101 21 skolorna
936 843 50 21 med

160 872 94 21 svenska
269 872 52 21 eller
335 871 70 21 finska
420 871 71 21 såsom
507 871 229 27 undervisningsspråk
752 872 75 25 måtte,
845 874 52 18 enär
913 871 27 21 de
950 877 35 21 sy-

159 906 40 16 nas
220 902 109 20 motsvara
349 902 33 19 ett
396 900 92 26 verkligt
503 899 179 27 bildningsbehof,
698 900 22 21 af
734 900 106 26 styrelsen
857 900 45 21 dels
918 900 67 21 inrät-

160 931 41 22 tas,
219 928 44 22 dels
283 928 183 26 subventioneras,
488 930 57 19 samt
559 929 135 25 organiseras
710 929 7 21 i
733 928 95 28 enlighet
843 928 49 22 med
908 928 41 22 den
965 928 22 21 af

159 957 160 27 Ridderskapet
337 957 40 21 och
393 956 67 22 Adeln
476 956 35 22 vid
528 956 157 27 behandlingen
700 956 23 22 af
736 963 84 15 samma
835 957 96 21 utskotts
947 956 37 22 be-

158 986 111 21 tänkande
284 991 34 15 n:o
336 987 26 19 18
377 985 113 21 förordade
505 986 85 25 planen.
600 997 28 3 —
639 985 43 26 2:0)
697 986 39 20 Att
751 986 66 21 bland
832 986 84 27 privata
928 985 56 21 läro-

159 1014 58 25 verk,
234 1020 47 15 som
296 1013 22 22 af
332 1016 72 18 staten
420 1014 184 26 subventioneras,
621 1014 93 21 svenska
724 1014 84 26 lyceum
818 1014 102 27 i'Kuopio
931 1013 52 22 fort-

159 1042 90 22 farande
264 1042 67 22 måtte
346 1042 154 26 ihågkommas.
511 1054 27 3 —
550 1042 43 27 3:0)
609 1042 39 22 Att
663 1042 6 21 i
684 1042 32 22 S:t
726 1042 90 22 Michels
827 1042 83 28 lyceum
922 1048 61 16 sven-

158 1072 55 21 skan
236 1070 132 23 fortfarande
391 1071 66 21 måtte
480 1071 119 21 bibehållas
615 1072 71 20 såsom
702 1071 237 27 undervisningsspråk.
955 1083 28 3 —

159 1100 72 22 Dessa
246 1103 33 18 tre
295 1101 94 20 moment
404 1100 69 20 skulle
489 1100 67 26 enligt
571 1100 50 21 mitt
635 1099 81 28 förslag
732 1102 83 20 ersätta
831 1106 84 16 momm.
932 1100 50 26 a)—

159 1129 22 26 g)
197 1128 33 22 uti
245 1128 120 22 utskottets
380 1127 90 27 förslag.

228 1156 55 22 Herr
299 1156 96 25 Autell,
411 1156 89 26 Kasten,
516 1156 103 22 förenade
634 1156 33 26 sig
677 1156 7 22 i
694 1157 37 21 det
742 1157 23 21 af
772 1157 90 21 friherre
873 1156 22 22 af
904 1156 76 22 Schul-

159 1184 38 22 tén
212 1184 143 22 formulerade
369 1184 109 27 förslaget.

228 1213 56 21 Herr
303 1213 209 27 Pippingsköld:
532 1213 47 21 Den
599 1212 162 28 ifrågavarande
780 1214 163 20 reservationen
958 1215 24 19 är

158 1248 43 20 nog
221 1242 138 21 summariskt
378 1240 89 23 affattad
490 1242 40 21 och
553 1242 28 21 då
597 1242 40 21 den
652 1248 85 21 person,
754 1248 46 16 som
814 1242 98 27 uppstält
930 1242 50 21 den-

158 1276 89 20 samma,
267 1276 78 20 genom
360 1276 26 14 en
401 1269 131 27 tillfällighet
546 1270 48 21 icke
609 1270 50 20 kom
675 1272 31 19 att
721 1271 147 20 underteckna
883 1270 42 21 den
941 1270 40 21 och

159 1298 84 25 onskat,
264 1298 67 26 enligt
345 1297 56 21 hvad
414 1298 37 26 jag
466 1300 42 22 vet,
524 1299 33 19 att
571 1298 69 25 någon
657 1298 70 21 skulle
742 1298 142 26 ådagalägga,
901 1300 34 19 att
950 1297 31 21 äf-

158 1333 42 14 ven
214 1326 43 22 han
271 1326 58 22 velat
344 1332 52 15 vara
410 1332 26 15 en
452 1325 64 22 bland
527 1326 204 26 undertecknarene,
743 1326 28 22 då
781 1326 33 22 får
822 1327 36 26 jag
871 1326 40 22 här
922 1326 59 22 med-

159 1355 54 26 dela,
234 1356 33 20 att
287 1355 70 22 denna
375 1361 79 21 person
474 1357 24 19 är
512 1354 110 28 professor
636 1354 107 28 Vallgrén.
774 1355 33 21 Då
823 1356 65 22 dessa
903 1355 77 27 slutyr-

158 1384 86 22 kanden
263 1384 110 26 verkligen
393 1386 36 19 äro
450 1383 71 22 alltför
540 1384 142 22 summariska
701 1385 40 21 och
756 1384 48 22 icke
820 1387 85 24 strängt
920 1384 60 22 affat-

159 1413 56 26 tade,
232 1413 71 21 såsom
319 1413 27 21 de
360 1412 74 26 borde,
450 1412 95 22 önskade
558 1414 38 26 jag
611 1412 33 22 för
657 1413 42 21 min
711 1413 35 22 del
756 1413 74 22 förena
840 1414 43 26 mig
894 1420 34 15 om
940 1413 40 22 den

159 1442 141 28 ordalydelse,
320 1448 46 15 som
384 1441 89 22 friherre
493 1441 24 22 af
530 1441 103 23 Schultén
648 1442 40 21 här
700 1442 113 27 föreslagit
828 1442 33 22 till
875 1442 37 23 det
927 1442 52 27 hög-

158 1470 73 28 lofliga
245 1471 98 21 ståndets
359 1470 161 27 godkännande.

226 1499 99 22 Friherre
345 1498 105 26 Wrede,
472 1499 75 22 Rabbe
566 1499 59 27 Axel,
646 1499 99 23 biträdde
761 1500 41 21 den
818 1500 22 21 af
853 1499 90 23 friherre
959 1500 23 21 af

158 1527 103 23 Schulten
275 1528 124 26 föreslagna
413 1527 147 27 affattningen.
