1073 1717
421 96 41 18 Den
474 97 24 17 30
509 96 45 24 Maj.
685 124 3 3 N
819 98 58 22 1289

76 162 69 22 andra
159 161 80 23 ställen
255 162 72 26 yviran
341 161 112 23 -omainen*
469 162 34 22 för
516 162 39 22 det
565 162 94 22 svenska
666 157 151 45 vmyhdighet*
828 163 73 22 äfven-

76 190 149 23 somii'i27:de
239 190 38 27 S:n
290 190 98 28 ,joiloin*
405 190 7 22 i
427 190 75 23 stället
515 190 34 23 för
564 191 76 27 ,jona*
657 194 27 18 1a.
699 191 21 21 fi.
742 207 3 2 -

140 217 78 24 "Sedan
233 219 88 21 ståndet
334 218 101 34 derefter,
451 220 29 26 pä
494 220 28 20 hr
527 219 137 24 talmannens
673 219 163 28 framställning,
847 220 53 28 god-

76 232 55 38 känt
145 248 38 22 det
198 248 23 20 å
225 248 80 27 pagina
320 249 27 20 37
362 248 8 21 i
384 246 147 24 betänkandet
545 248 127 22 framstälda
681 246 218 30 resolutionsförslag,

76 276 63 22 äfven
154 282 48 16 som
217 276 102 27 slutligen
333 276 141 22 förevarande
489 276 138 23 betänkande
641 277 8 21 i
665 276 50 22 dess
731 277 80 26 helhet,
821 278 80 21 sädant

76 305 40 21 det
137 306 35 20 vid
194 304 64 22 ofvan
279 304 105 28 uppgifna
403 305 198 27 detaljeranskning
623 305 24 21 af
659 305 88 22 ståndet
760 290 141 48 modifierats,

76 333 135 23 förklarades
227 332 162 28 ifrägavarande
405 334 79 21 ärende
499 334 89 21 härmed
602 333 185 23 slutbehandladt.

76 390 59 22 AA
146 362 56 22 Frän
216 362 229 26 borgareständet
461 362 50 22 med
525 362 160 22 underrättelse
699 363 33 21 att
747 363 86 21 ständet
849 363 53 27 god-

92 392 63 20 ändt:
472 395 3 2 N

146 419 219 22 ekonomiutskottets
381 419 136 21 betänkande
531 419 8 21 i
554 419 115 27 anledning
684 419 23 22 af
715 419 64 22 väckt
788 420 114 26 petitions-

75 447 84 28 förslag
181 454 34 15 om
237 448 186 27 lagstadgandena
444 450 45 20 mot
508 448 113 27 hingstföls
637 448 144 27 utsläppande
797 448 12 22 &
824 448 78 22 allmän

77 476 135 26 betesmark
204 472 12 35 ;

146 505 181 22 Statsutskottets
341 504 138 22 betänkande
493 510 36 17 n:o
544 505 13 21 8
573 510 34 16 om
622 505 139 22 bestridande
776 504 23 22 af
808 506 95 21 arvoden

75 533 36 22 för
126 534 145 26 expeditions-
281 534 41 21 och
327 533 244 27 justeringsutskottens
582 534 119 21 ledamöter
711 534 54 22 efter
775 534 128 27 landtagens

78 562 44 21 slut
137 562 40 22 och
192 562 41 21 N:o
250 564 25 19 16
291 568 34 15 om
341 562 112 27 tryckning
468 562 23 21 af
502 562 99 22 ständets
617 562 243 28 diskussionsprotokoll
874 563 30 27 pä

78 591 80 22 allmän
171 591 130 25 bekostnad;

147 621 33 19 att
194 618 180 25 borgareständet
387 619 97 21 beslutat
497 619 99 22 förkasta
609 619 141 27 lagförslaget
764 622 35 19 om
813 620 91 27 ändring

78 648 24 22 af
114 647 279 27 kommunalförfattningen
407 648 30 26 pä
451 647 87 27 landet;

147 678 33 20 att
195 676 94 26 ständet,
304 676 50 22 med
367 675 139 23 förkastande
521 676 21 22 af
551 676 156 27 lagutskottets
718 676 138 22 betänkande
867 682 38 16 an-

78 705 83 27 gäende
176 704 135 27 underdänig
325 704 92 28 petition
433 710 34 16 om
483 704 102 23 stiftande
595 704 21 21 af
627 711 25 15 en
663 704 142 28 dissenterlag
815 704 33 22 för
855 705 50 21 Fin-

77 734 58 26 land,
151 733 97 27 godkänt
264 733 41 21 den
320 732 23 22 af
356 732 51 22 herr
420 732 148 28 Montgomery
583 739 27 15 m.
626 732 21 22 fl.
658 733 33 21 till
701 733 148 22 betänkandet
858 733 47 22 vid-

78 762 79 27 fogade
171 762 172 26 reservationen;

148 792 34 20 att
196 790 87 22 ständet
297 790 36 22 vid
352 789 157 27 behandlingen
525 790 23 22 af
562 790 37 22 det
613 790 8 20 i
633 790 220 27 jernvägsutskottets
868 790 39 22 be-

79 819 109 22 tänkande
204 819 111 27 angäende
329 818 74 22 vidare
415 818 204 28 jernvägsbyggnad
630 818 107 27 ingäende
748 825 64 15 mom.
823 825 35 15 om
869 825 37 15 an-

79 849 49 26 slag
142 848 103 26 beslutat,
261 850 33 19 att
309 847 120 22 detsamma
443 847 70 22 skulle
529 848 82 21 erhålla
625 846 93 28 följande
732 848 93 26 lydelse:
855 848 52 26 ,Att

80 877 34 21 till
126 876 201 28 jernvägsarbetets
341 876 144 22 fortsättande
501 876 71 22 anslås
589 883 26 15 en
631 882 83 16 summa
719 872 26 36 af
753 876 46 22 åtta
810 877 99 27 miljoner

81 905 134 27 (8,000,900)
223 905 60 21 mark
291 904 34 22 för
332 904 144 22 instundande
483 904 152 28 finansperiod,
646 904 120 28 hvarjämte
776 906 131 22 ständerna*

81 940 21 15 0.
118 940 17 16 s.
151 940 19 14 v.
187 933 68 27 enligt
270 934 158 25 betänkandet;

150 964 34 20 att
199 962 88 22 ständet
301 962 96 26 godkänt
412 962 176 21 statsutskottets
603 962 136 22 betänkande
754 968 35 16 n:o
805 964 26 20 13
843 962 66 28 angä-

80 991 58 22 ende
153 991 76 27 anslag
243 991 33 21 till
290 990 74 22 vidare
380 990 203 28 jernvägsbyggnad
598 991 7 21 i
619 991 84 25 landet;

152 1022 32 19 att
199 1019 89 22 ständet
303 1018 68 28 afböjt
385 1020 25 20 R.
427 1025 18 15 o.
461 1018 38 22 A:s
514 1019 127 27 inbjudning
656 1025 35 15 om
700 1018 145 23 nedsättande
853 1019 24 22 af
883 1026 26 16 en

83 1048 81 22 komit6
180 1048 33 22 för
228 1048 144 21 utarbetande
388 1048 22 21 af
424 1050 32 19 ett
470 1050 48 24 nytt
533 1048 200 26 bankreglemente;

152 1079 33 19 att
200 1076 89 22 ständet
307 1076 36 21 vid
361 1076 131 26 behandling
507 1076 22 21 af
543 1078 156 20 sammansatta
713 1076 46 27 lag-
788 1076 27 22 bch
830 1076 80 22 ekono-

82 1106 150 21 miutskottets
248 1104 137 22 betänkande
398 1104 113 27 angående
527 1105 90 27 ändring
632 1105 21 21 af
667 1104 246 23 kommunälförfattnin-

84 1140 42 20 gen
141 1134 7 21 i
163 1134 50 21 stad
228 1135 88 20 stannat
330 1134 8 20 i
352 1132 95 28 följande
462 1133 84 22 beslut:

152 1162 26 28 $$
194 1164 20 24 3,
231 1164 20 25 9,
268 1164 33 24 12,
320 1164 25 19 16
367 1162 40 22 och
422 1164 27 19 24
465 1162 125 27 godkändes
606 1162 67 27 enligt
687 1162 120 22 utskottets
822 1162 88 28 förslag.

152 1190 171 23 Vidkommande
338 1191 12 26 $
365 1192 27 20 53
408 1192 77 26 antogs
500 1197 62 15 mom.
580 1193 10 19 1
608 1191 145 21 oförändradt.

152 1226 63 14 mom.
233 1221 12 20 2
260 1219 125 33 godkändes
400 1220 49 20 med
464 1220 134 26 uteslutning
613 1219 22 22 af
649 1220 66 28 orden
727 1219 46 27 ,för
784 1220 40 20 den
833 1220 78 27 näring

83 1248 49 22 eller
146 1248 77 21 rörelse
238 1248 25 22 de
277 1249 58 21 inom
349 1248 185 22 stadskommunen
548 1248 76 25 idka*';

153 1283 64 15 mom.
233 1278 14 20 3
260 1279 77 24 antogs
353 1276 145 27 oförändradt,
515 1277 55 21 dock
585 1276 50 22 ville
651 1277 88 21 ständet
751 1276 33 22 till
791 1276 120 22 utskottets

84 1305 136 27 ompröfning
235 1305 121 25 hemställa,
372 1304 106 22 huruvida
493 1306 18 26 ej
527 1306 8 20 i
552 1305 40 21 den
602 1304 70 22 finska
682 1305 110 27 lagtexten
801 1306 111 27 uttrycket

86 1334 79 27 njohon
179 1334 44 21 hän
237 1334 96 21 kuuluu"
349 1322 67 32 borde
431 1334 79 20 ändras
526 1334 33 21 till
575 1333 72 27 jossa
662 1334 43 20 hän
720 1334 81 25 asuu*;

154 1368 64 15 mom.
234 1363 14 19 4
263 1361 126 27 godkändes
404 1361 104 22 likaledes
524 1357 145 42 oförändradt.

153 1389 140 23 Beträffande
307 1389 11 28 &
334 1391 27 20 54

155 1410 199 30 äterremitterades
377 1423 63 16 mom.
465 1419 10 20 1
499 1418 33 22 till
547 1417 110 23 utskottet
671 1400 34 40 för
720 1418 181 28 omformulering

86 1448 39 22 det
140 1447 55 27 syfte
211 1449 33 20 att
262 1446 203 28 stadsfullmäktige,
487 1447 38 22 der
544 1447 83 23 sådana
641 1442 76 52 finnas,
734 1454 43 27 ega
796 1448 123 22 bestämma

86 1477 121 22 skattörets
224 1476 89 28 belopp;

828 1535 22 17 82
