1070 1720
193 111 62 35 1984
506 111 134 24 Den
557 105 27 35 30
595 111 45 24 Maj.

235 178 42 22 N:o
301 180 25 20 12
347 179 11 21 i
369 177 117 28 anledning
498 177 26 22 af
535 177 107 23 särskilda
654 176 185 29 petitionsförslag
852 175 132 24 beträffande

166 207 135 22 industriella
310 207 153 26 inrättaingars
472 205 42 23 och
523 205 193 23 landthandlandes
725 205 122 27 skyldighet
858 200 32 37 att
890 204 96 27 deltaga

167 237 8 20 i
189 235 157 33 prestailöning
360 237 60 20 samt
427 235 115 28 byggande
558 234 40 23 och
609 233 114 24 underhåll
738 233 23 22 af
773 233 78 28 kyrkor
865 229 40 43 och
915 229 73 43 prest-

168 264 98 27 gårdar
255 257 14 38 i
281 265 51 21 stad
342 263 108 23 äfvensom
456 263 120 28 angående
586 262 124 27 förändring
727 262 23 22 af
763 264 69 21 sättet
845 261 35 22 för
893 257 93 51 predtäf-

168 293 112 27 löuingens
295 293 121 32 utgörande
429 293 8 20 i
452 287 142 27 Österbotten
606 291 41 22 och
661 291 29 28 på
709 285 75 32 Åland,
799 292 58 24 samt

238 321 41 22 N:o
301 323 25 20 13
342 321 8 21 i
364 321 115 27 anledning
494 320 22 22 af
527 327 29 15 en
570 321 58 22 inom
642 307 161 35 Bondeståndet
817 319 65 23 väckt
895 319 93 33 petition

171 349 80 28 derom,
272 351 35 20 att
328 349 139 28 utbrytandet
489 349 22 22 af
532 348 121 33 öfverlopps
672 349 49 27 jord
740 349 33 22 för
787 348 93 23 kronans
895 347 92 28 räkning

169 378 58 22 inom
245 367 114 33 särskilda
383 377 167 28 samfälligheter
575 377 32 22 uti
632 377 108 26 Karstula,
762 377 80 26 Keuru,
862 376 124 29 Jyväskylä,

170 407 109 27 Laukkas,
295 406 115 28 Saarijärvi
425 407 39 22 och
482 406 120 22 Wiitasaari
615 412 27 15 m.
658 405 21 22 fl.
694 406 91 23 socknar
799 406 69 22 måtte
881 405 105 24 inställas.

247 493 89 22 Plenum
351 492 76 22 afslöts
445 492 91 22 klockan
550 491 48 29 fyra
612 491 55 23 efter
681 492 120 28 middagen.

734 531 19 18 in
765 531 64 19 fidem:

654 560 69 22 Victor
742 560 25 22 de
781 560 21 22 la
819 559 101 29 Chapelle.

327 657 46 24 Den
389 657 31 24 30
437 657 41 29 Maj
495 657 96 24 klockan
609 657 14 24 II
639 656 52 24 före
708 657 124 29 middagen.

240 714 202 28 Protokollsutdrag
453 714 58 23 öfver
521 715 97 22 ständets
629 714 35 23 vid
673 714 129 28 föregäende
812 714 87 28 plenum
908 713 82 23 fattade

171 744 75 23 beslut
260 743 128 28 justerades.

243 805 111 23 Särskilda
368 806 48 21 från
430 806 140 22 medständen
580 807 100 21 inkomna
689 805 198 28 protokollsutdrag
896 805 95 22 föredro-

174 841 40 21 ges
234 835 41 21 och
289 835 67 26 lades,
373 835 72 21 såsom
458 835 48 22 icke
520 835 153 22 föranledande
688 835 82 27 åtgärd,
785 834 32 22 till
832 834 159 27 handlingarne,

173 863 117 26 nämligen:

241 891 57 21 Från
311 892 208 27 presteståndet,
535 891 215 33 tillkännagifvande,
758 892 33 21 att
799 882 89 31 ståndet
897 890 97 28 godkänt

243 920 175 21 statsutskottets
435 920 295 28 sammanjämkningsförslag
744 920 8 21 i
766 919 188 27 rusthållsfrågan;

243 948 105 22 allmänna
363 948 207 22 besvärsutskottets
586 949 136 22 betänkande
737 948 110 27 angående
858 954 27 16 en
895 948 97 22 ständer-

174 977 122 27 delegation
310 976 34 22 för
357 976 115 28 kejserliga
487 977 86 27 stoden;

242 1011 83 16 samma
346 1006 96 20 utskotts
465 1006 136 22 betänkande
623 1006 111 27 angående
756 1005 88 26 åtgärds
862 1004 130 28 vidtagande

174 1036 33 19 att
229 1033 101 23 förskaffa
352 1034 134 26 gångbarhet
508 1034 32 22 för
560 1035 38 22 det
611 1034 70 22 finska
696 1034 133 28 guldmyntet
843 1034 7 22 i
865 1033 126 27 Frankrike;

174 1062 108 23 äfvensom

243 1092 33 21 att
294 1090 88 22 ståndet
402 1090 35 22 vid
451 1092 33 20 val
500 1091 22 23 af
535 1091 178 27 bankfullmäktig
728 1092 40 21 och
783 1091 140 22 bankrevisor
937 1092 55 21 samt

174 1120 76 22 desses
265 1120 138 26 suppleanter
417 1121 78 21 utsett:

442 1148 32 21 till
489 1148 241 33 bankfullmäktig:

413 1178 88 25 prosten
516 1177 23 21 F.
555 1177 33 21 W.
604 1177 25 22 G.
644 1177 81 27 Hjelt.

227 1204 77 22 Förste
319 1204 255 28 fullmäktigssuppleant:
590 1183 109 50 professor
715 1205 24 21 0.
754 1205 117 27 Donner,

225 1233 74 22 Andre
312 1232 258 29 fullmäktigssuppleant:
584 1234 109 27 professor
707 1234 20 22 J.
742 1234 137 26 Forsman,

226 1262 79 26 Tredje
319 1261 255 28 fullmäktigssuppleant:
590 1262 142 22 öfverläraren
747 1262 20 21 J.
783 1262 26 22 G.
825 1262 117 26 Geitlin,

226 1290 153 21 Bankrevisor:
394 1290 109 27 professor
516 1291 23 20 Z.
555 1290 21 21 J.
592 1290 91 26 Cleve,

227 1317 76 23 Förste
318 1318 218 27 revisorssuppleant:
552 1320 87 25 prosten
654 1318 20 21 J.
690 1319 23 21 A.
729 1318 138 27 Lindelöf,

226 1346 290 28 Andrerevisorssuppleant:
532 1346 122 29 professorn
669 1347 20 22 J.
702 1347 155 28 Runeberg,
869 1349 57 21 samt

227 1376 78 27 Tredje
320 1376 217 28 revisorssuppleant:
553 1376 109 22 direlttorn
676 1376 25 22 K.
717 1376 23 22 F.
755 1376 131 28 Ignatius;

175 1406 32 20 att
229 1405 87 22 ståndet
338 1406 96 26 godkänt
451 1406 155 26 lagutskottets
620 1406 135 22 betänkande
770 1406 7 22 i
791 1406 114 28 anledning
919 1404 24 24 af
955 1406 37 22 nä-

175 1434 50 27 diga
246 1434 160 28 propositionen
426 1440 34 16 om
476 1434 120 34 antagande
611 1434 22 22 af
646 1434 96 28 strafilag
756 1434 33 22 för
803 1434 70 22 finska
887 1434 106 23 militären

174 1465 61 20 utom
249 1462 136 24 beträffande
400 1463 16 27 $
430 1465 32 26 72,
478 1463 7 22 i
500 1464 64 22 hvars
578 1464 65 22 ställe
657 1464 89 22 ståndet
759 1464 96 28 godkänt
869 1463 11 29 $
895 1466 27 21 65
937 1464 8 22 i
954 1464 38 22 nä-

174 1492 51 27 diga
245 1492 168 28 propositionen,
435 1477 118 48 hvarjämte
576 1493 86 21 ständet
683 1494 72 21 ansett
776 1494 119 20 utskottets
909 1493 83 21 resolu-

174 1519 140 29 tionsförslag
330 1521 29 27 pä
374 1520 62 23 sidan
450 1524 26 20 57
493 1521 53 23 böra
560 1521 83 23 förfalla
657 1522 41 22 och
713 1521 58 23 velat
785 1522 23 22 åt
821 1522 125 27 regeringen
962 1520 31 23 öf-
