<?xml version="1.0" encoding="UTF-8"?>
<alto xmlns="http://www.loc.gov/standards/alto/ns-v3#" xmlns:xlink="http://www.w3.org/1999/xlink" xmlns:xsi="http://www.w3.org/2001/XMLSchema-instance" xsi:schemaLocation="http://www.loc.gov/standards/alto/ns-v3# http://www.loc.gov/alto/v3/alto-3-0.xsd">
	<Description>
		<MeasurementUnit>pixel</MeasurementUnit>
		<sourceImageInformation>
			<fileName>/tmp/tess_vjcunm71_input.PNG</fileName>
		</sourceImageInformation>
		<OCRProcessing ID="OCR_0">
			<ocrProcessingStep>
				<processingSoftware>
					<softwareName>tesseract 5.3.4</softwareName>
				</processingSoftware>
			</ocrProcessingStep>
		</OCRProcessing>
	</Description>
	<Layout>
		<Page WIDTH="1064" HEIGHT="1717" PHYSICAL_IMG_NR="0" ID="page_0">
			<PrintSpace HPOS="0" VPOS="0" WIDTH="1064" HEIGHT="1717">
				<ComposedBlock ID="cblock_0" HPOS="424" VPOS="103" WIDTH="437" HEIGHT="24">
					<TextBlock ID="block_0" HPOS="424" VPOS="103" WIDTH="437" HEIGHT="24">
						<TextLine ID="line_0" HPOS="424" VPOS="103" WIDTH="437" HEIGHT="24">
							<String ID="string_0" HPOS="424" VPOS="103" WIDTH="42" HEIGHT="19" WC="0.96" CONTENT="Den"/><SP WIDTH="12" VPOS="103" HPOS="466"/>
							<String ID="string_1" HPOS="478" VPOS="104" WIDTH="21" HEIGHT="18" WC="0.96" CONTENT="23"/><SP WIDTH="12" VPOS="104" HPOS="499"/>
							<String ID="string_2" HPOS="511" VPOS="104" WIDTH="45" HEIGHT="23" WC="0.96" CONTENT="Maj."/><SP WIDTH="250" VPOS="104" HPOS="556"/>
							<String ID="string_3" HPOS="806" VPOS="106" WIDTH="55" HEIGHT="21" WC="0.96" CONTENT="1159"/>
						</TextLine>
					</TextBlock>
				</ComposedBlock>
				<ComposedBlock ID="cblock_1" HPOS="61" VPOS="168" WIDTH="834" HEIGHT="1343">
					<TextBlock ID="block_1" HPOS="66" VPOS="168" WIDTH="829" HEIGHT="455">
						<TextLine ID="line_1" HPOS="69" VPOS="168" WIDTH="825" HEIGHT="29">
							<String ID="string_4" HPOS="69" VPOS="174" WIDTH="46" HEIGHT="21" WC="0.94" CONTENT="pas,"/><SP WIDTH="15" VPOS="174" HPOS="115"/>
							<String ID="string_5" HPOS="130" VPOS="168" WIDTH="65" HEIGHT="22" WC="0.96" CONTENT="innan"/><SP WIDTH="15" VPOS="168" HPOS="195"/>
							<String ID="string_6" HPOS="210" VPOS="174" WIDTH="48" HEIGHT="16" WC="0.96" CONTENT="man"/><SP WIDTH="16" VPOS="174" HPOS="258"/>
							<String ID="string_7" HPOS="274" VPOS="170" WIDTH="61" HEIGHT="26" WC="0.96" CONTENT="tager"/><SP WIDTH="15" VPOS="170" HPOS="335"/>
							<String ID="string_8" HPOS="350" VPOS="169" WIDTH="125" HEIGHT="22" WC="0.96" CONTENT="densamma"/><SP WIDTH="12" VPOS="169" HPOS="475"/>
							<String ID="string_9" HPOS="487" VPOS="169" WIDTH="9" HEIGHT="21" WC="0.96" CONTENT="i"/><SP WIDTH="14" VPOS="169" HPOS="496"/>
							<String ID="string_10" HPOS="510" VPOS="170" WIDTH="124" HEIGHT="27" WC="0.96" CONTENT="besittning."/><SP WIDTH="16" VPOS="170" HPOS="634"/>
							<String ID="string_11" HPOS="650" VPOS="170" WIDTH="41" HEIGHT="27" WC="0.96" CONTENT="Jag"/><SP WIDTH="10" VPOS="170" HPOS="691"/>
							<String ID="string_12" HPOS="701" VPOS="177" WIDTH="64" HEIGHT="15" WC="0.96" CONTENT="anser"/><SP WIDTH="11" VPOS="177" HPOS="765"/>
							<String ID="string_13" HPOS="776" VPOS="170" WIDTH="71" HEIGHT="22" WC="0.96" CONTENT="derför"/><SP WIDTH="7" VPOS="170" HPOS="847"/>
							<String ID="string_14" HPOS="854" VPOS="170" WIDTH="40" HEIGHT="22" WC="0.96" CONTENT="det"/>
						</TextLine>
						<TextLine ID="line_2" HPOS="68" VPOS="197" WIDTH="824" HEIGHT="28">
							<String ID="string_15" HPOS="68" VPOS="202" WIDTH="52" HEIGHT="16" WC="0.96" CONTENT="vara"/><SP WIDTH="14" VPOS="202" HPOS="120"/>
							<String ID="string_16" HPOS="134" VPOS="197" WIDTH="8" HEIGHT="20" WC="0.96" CONTENT="i"/><SP WIDTH="15" VPOS="197" HPOS="142"/>
							<String ID="string_17" HPOS="157" VPOS="197" WIDTH="32" HEIGHT="20" WC="0.96" CONTENT="sin"/><SP WIDTH="16" VPOS="197" HPOS="189"/>
							<String ID="string_18" HPOS="205" VPOS="197" WIDTH="97" HEIGHT="26" WC="0.96" CONTENT="ordning,"/><SP WIDTH="17" VPOS="197" HPOS="302"/>
							<String ID="string_19" HPOS="319" VPOS="198" WIDTH="33" HEIGHT="20" WC="0.96" CONTENT="att"/><SP WIDTH="14" VPOS="198" HPOS="352"/>
							<String ID="string_20" HPOS="366" VPOS="197" WIDTH="48" HEIGHT="22" WC="0.93" CONTENT="icke"/><SP WIDTH="15" VPOS="197" HPOS="414"/>
							<String ID="string_21" HPOS="429" VPOS="198" WIDTH="189" HEIGHT="27" WC="0.92" CONTENT="bankfullmäktige"/><SP WIDTH="16" VPOS="198" HPOS="618"/>
							<String ID="string_22" HPOS="634" VPOS="198" WIDTH="79" HEIGHT="27" WC="0.93" CONTENT="sjelfve,"/><SP WIDTH="17" VPOS="198" HPOS="713"/>
							<String ID="string_23" HPOS="730" VPOS="204" WIDTH="46" HEIGHT="16" WC="0.96" CONTENT="som"/><SP WIDTH="16" VPOS="204" HPOS="776"/>
							<String ID="string_24" HPOS="792" VPOS="198" WIDTH="23" HEIGHT="22" WC="0.93" CONTENT="af"/><SP WIDTH="16" VPOS="198" HPOS="815"/>
							<String ID="string_25" HPOS="831" VPOS="200" WIDTH="61" HEIGHT="20" WC="0.92" CONTENT="stän-"/>
						</TextLine>
						<TextLine ID="line_3" HPOS="69" VPOS="225" WIDTH="823" HEIGHT="28">
							<String ID="string_26" HPOS="69" VPOS="225" WIDTH="67" HEIGHT="21" WC="0.96" CONTENT="derna"/><SP WIDTH="21" VPOS="225" HPOS="136"/>
							<String ID="string_27" HPOS="157" VPOS="225" WIDTH="58" HEIGHT="26" WC="0.96" CONTENT="fingo"/><SP WIDTH="21" VPOS="225" HPOS="215"/>
							<String ID="string_28" HPOS="236" VPOS="225" WIDTH="8" HEIGHT="21" WC="0.96" CONTENT="i"/><SP WIDTH="18" VPOS="225" HPOS="244"/>
							<String ID="string_29" HPOS="262" VPOS="225" WIDTH="98" HEIGHT="27" WC="0.95" CONTENT="uppdrag"/><SP WIDTH="13" VPOS="225" HPOS="360"/>
							<String ID="string_30" HPOS="373" VPOS="228" WIDTH="33" HEIGHT="19" WC="0.96" CONTENT="att"/><SP WIDTH="14" VPOS="228" HPOS="406"/>
							<String ID="string_31" HPOS="420" VPOS="226" WIDTH="91" HEIGHT="27" WC="0.96" CONTENT="uppföra"/><SP WIDTH="14" VPOS="226" HPOS="511"/>
							<String ID="string_32" HPOS="525" VPOS="227" WIDTH="71" HEIGHT="25" WC="0.95" CONTENT="huset,"/><SP WIDTH="16" VPOS="227" HPOS="596"/>
							<String ID="string_33" HPOS="612" VPOS="227" WIDTH="62" HEIGHT="21" WC="0.96" CONTENT="skola"/><SP WIDTH="14" VPOS="227" HPOS="674"/>
							<String ID="string_34" HPOS="688" VPOS="233" WIDTH="64" HEIGHT="16" WC="0.95" CONTENT="svara"/><SP WIDTH="13" VPOS="233" HPOS="752"/>
							<String ID="string_35" HPOS="765" VPOS="227" WIDTH="34" HEIGHT="21" WC="0.93" CONTENT="för"/><SP WIDTH="13" VPOS="227" HPOS="799"/>
							<String ID="string_36" HPOS="812" VPOS="226" WIDTH="80" HEIGHT="27" WC="0.90" CONTENT="fullgö-"/>
						</TextLine>
						<TextLine ID="line_4" HPOS="68" VPOS="253" WIDTH="824" HEIGHT="28">
							<String ID="string_37" HPOS="68" VPOS="253" WIDTH="78" HEIGHT="22" WC="0.91" CONTENT="raudet"/><SP WIDTH="15" VPOS="253" HPOS="146"/>
							<String ID="string_38" HPOS="161" VPOS="253" WIDTH="66" HEIGHT="22" WC="0.95" CONTENT="deraf."/><SP WIDTH="29" VPOS="253" HPOS="227"/>
							<String ID="string_39" HPOS="256" VPOS="253" WIDTH="33" HEIGHT="21" WC="0.95" CONTENT="De"/><SP WIDTH="16" VPOS="253" HPOS="289"/>
							<String ID="string_40" HPOS="305" VPOS="256" WIDTH="37" HEIGHT="19" WC="0.96" CONTENT="äro"/><SP WIDTH="16" VPOS="256" HPOS="342"/>
							<String ID="string_41" HPOS="358" VPOS="249" WIDTH="83" HEIGHT="37" WC="0.89" CONTENT="således"/><SP WIDTH="13" VPOS="249" HPOS="441"/>
							<String ID="string_42" HPOS="454" VPOS="256" WIDTH="76" HEIGHT="25" WC="0.89" CONTENT="parter"/><SP WIDTH="13" VPOS="256" HPOS="530"/>
							<String ID="string_43" HPOS="543" VPOS="255" WIDTH="9" HEIGHT="21" WC="0.96" CONTENT="i"/><SP WIDTH="15" VPOS="255" HPOS="552"/>
							<String ID="string_44" HPOS="567" VPOS="255" WIDTH="73" HEIGHT="22" WC="0.95" CONTENT="saken."/><SP WIDTH="30" VPOS="255" HPOS="640"/>
							<String ID="string_45" HPOS="670" VPOS="255" WIDTH="10" HEIGHT="22" WC="0.93" CONTENT="I"/><SP WIDTH="14" VPOS="255" HPOS="680"/>
							<String ID="string_46" HPOS="694" VPOS="255" WIDTH="37" HEIGHT="22" WC="0.93" CONTENT="fall"/><SP WIDTH="15" VPOS="255" HPOS="731"/>
							<String ID="string_47" HPOS="746" VPOS="255" WIDTH="146" HEIGHT="22" WC="0.92" CONTENT="bankutskot-"/>
						</TextLine>
						<TextLine ID="line_5" HPOS="68" VPOS="281" WIDTH="823" HEIGHT="29">
							<String ID="string_48" HPOS="68" VPOS="283" WIDTH="33" HEIGHT="20" WC="0.96" CONTENT="tet"/><SP WIDTH="22" VPOS="283" HPOS="101"/>
							<String ID="string_49" HPOS="123" VPOS="281" WIDTH="49" HEIGHT="22" WC="0.96" CONTENT="icke"/><SP WIDTH="18" VPOS="281" HPOS="172"/>
							<String ID="string_50" HPOS="190" VPOS="281" WIDTH="65" HEIGHT="22" WC="0.95" CONTENT="redan"/><SP WIDTH="24" VPOS="281" HPOS="255"/>
							<String ID="string_51" HPOS="279" VPOS="283" WIDTH="24" HEIGHT="20" WC="0.93" CONTENT="är"/><SP WIDTH="15" VPOS="283" HPOS="303"/>
							<String ID="string_52" HPOS="318" VPOS="282" WIDTH="91" HEIGHT="21" WC="0.91" CONTENT="betänkt"/><SP WIDTH="12" VPOS="282" HPOS="409"/>
							<String ID="string_53" HPOS="421" VPOS="283" WIDTH="59" HEIGHT="27" WC="0.96" CONTENT="uppå"/><SP WIDTH="15" VPOS="283" HPOS="480"/>
							<String ID="string_54" HPOS="495" VPOS="285" WIDTH="33" HEIGHT="19" WC="0.96" CONTENT="att"/><SP WIDTH="14" VPOS="285" HPOS="528"/>
							<String ID="string_55" HPOS="542" VPOS="283" WIDTH="32" HEIGHT="22" WC="0.96" CONTENT="till"/><SP WIDTH="16" VPOS="283" HPOS="574"/>
							<String ID="string_56" HPOS="590" VPOS="284" WIDTH="115" HEIGHT="21" WC="0.96" CONTENT="ständerna"/><SP WIDTH="14" VPOS="284" HPOS="705"/>
							<String ID="string_57" HPOS="719" VPOS="284" WIDTH="108" HEIGHT="21" WC="0.96" CONTENT="inkomma"/><SP WIDTH="14" VPOS="284" HPOS="827"/>
							<String ID="string_58" HPOS="841" VPOS="283" WIDTH="50" HEIGHT="21" WC="0.96" CONTENT="med"/>
						</TextLine>
						<TextLine ID="line_6" HPOS="67" VPOS="309" WIDTH="827" HEIGHT="30">
							<String ID="string_59" HPOS="67" VPOS="310" WIDTH="68" HEIGHT="27" WC="0.96" CONTENT="något"/><SP WIDTH="13" VPOS="310" HPOS="135"/>
							<String ID="string_60" HPOS="148" VPOS="309" WIDTH="81" HEIGHT="28" WC="0.95" CONTENT="förslag"/><SP WIDTH="15" VPOS="309" HPOS="229"/>
							<String ID="string_61" HPOS="244" VPOS="316" WIDTH="35" HEIGHT="16" WC="0.96" CONTENT="om"/><SP WIDTH="15" VPOS="316" HPOS="279"/>
							<String ID="string_62" HPOS="294" VPOS="310" WIDTH="74" HEIGHT="26" WC="0.96" CONTENT="saken,"/><SP WIDTH="16" VPOS="310" HPOS="368"/>
							<String ID="string_63" HPOS="384" VPOS="311" WIDTH="40" HEIGHT="21" WC="0.96" CONTENT="och"/><SP WIDTH="16" VPOS="311" HPOS="424"/>
							<String ID="string_64" HPOS="440" VPOS="313" WIDTH="51" HEIGHT="20" WC="0.90" CONTENT="enär"/><SP WIDTH="7" VPOS="313" HPOS="491"/>
							<String ID="string_65" HPOS="498" VPOS="311" WIDTH="130" HEIGHT="27" WC="0.90" CONTENT="landtdagen"/><SP WIDTH="10" VPOS="311" HPOS="628"/>
							<String ID="string_66" HPOS="638" VPOS="315" WIDTH="60" HEIGHT="18" WC="0.96" CONTENT="snart"/><SP WIDTH="8" VPOS="315" HPOS="698"/>
							<String ID="string_67" HPOS="706" VPOS="318" WIDTH="43" HEIGHT="21" WC="0.96" CONTENT="nog"/><SP WIDTH="8" VPOS="318" HPOS="749"/>
							<String ID="string_68" HPOS="757" VPOS="313" WIDTH="68" HEIGHT="20" WC="0.96" CONTENT="slutas"/><SP WIDTH="9" VPOS="313" HPOS="825"/>
							<String ID="string_69" HPOS="834" VPOS="313" WIDTH="60" HEIGHT="20" WC="0.96" CONTENT="samt"/>
						</TextLine>
						<TextLine ID="line_7" HPOS="69" VPOS="337" WIDTH="823" HEIGHT="28">
							<String ID="string_70" HPOS="69" VPOS="339" WIDTH="37" HEIGHT="21" WC="0.96" CONTENT="det"/><SP WIDTH="14" VPOS="339" HPOS="106"/>
							<String ID="string_71" HPOS="120" VPOS="338" WIDTH="43" HEIGHT="22" WC="0.96" CONTENT="kan"/><SP WIDTH="15" VPOS="338" HPOS="163"/>
							<String ID="string_72" HPOS="178" VPOS="337" WIDTH="66" HEIGHT="23" WC="0.96" CONTENT="blifva"/><SP WIDTH="14" VPOS="337" HPOS="244"/>
							<String ID="string_73" HPOS="258" VPOS="339" WIDTH="65" HEIGHT="26" WC="0.96" CONTENT="svårt,"/><SP WIDTH="16" VPOS="339" HPOS="323"/>
							<String ID="string_74" HPOS="339" VPOS="341" WIDTH="33" HEIGHT="19" WC="0.96" CONTENT="att"/><SP WIDTH="14" VPOS="341" HPOS="372"/>
							<String ID="string_75" HPOS="386" VPOS="345" WIDTH="89" HEIGHT="16" WC="0.96" CONTENT="numera"/><SP WIDTH="14" VPOS="345" HPOS="475"/>
							<String ID="string_76" HPOS="489" VPOS="339" WIDTH="23" HEIGHT="22" WC="0.96" CONTENT="af"/><SP WIDTH="13" VPOS="339" HPOS="512"/>
							<String ID="string_77" HPOS="525" VPOS="340" WIDTH="108" HEIGHT="22" WC="0.93" CONTENT="utskottet"/><SP WIDTH="14" VPOS="340" HPOS="633"/>
							<String ID="string_78" HPOS="647" VPOS="340" WIDTH="94" HEIGHT="22" WC="0.92" CONTENT="infordra"/><SP WIDTH="10" VPOS="340" HPOS="741"/>
							<String ID="string_79" HPOS="751" VPOS="340" WIDTH="141" HEIGHT="22" WC="0.95" CONTENT="betänkande"/>
						</TextLine>
						<TextLine ID="line_8" HPOS="67" VPOS="367" WIDTH="825" HEIGHT="29">
							<String ID="string_80" HPOS="67" VPOS="367" WIDTH="136" HEIGHT="27" WC="0.92" CONTENT="härutinnan,"/><SP WIDTH="16" VPOS="367" HPOS="203"/>
							<String ID="string_81" HPOS="219" VPOS="367" WIDTH="143" HEIGHT="22" WC="0.92" CONTENT="understöder"/><SP WIDTH="12" VPOS="367" HPOS="362"/>
							<String ID="string_82" HPOS="374" VPOS="368" WIDTH="38" HEIGHT="27" WC="0.96" CONTENT="jag"/><SP WIDTH="14" VPOS="368" HPOS="412"/>
							<String ID="string_83" HPOS="426" VPOS="367" WIDTH="50" HEIGHT="23" WC="0.96" CONTENT="herr"/><SP WIDTH="15" VPOS="367" HPOS="476"/>
							<String ID="string_84" HPOS="491" VPOS="369" WIDTH="84" HEIGHT="22" WC="0.96" CONTENT="Taubes"/><SP WIDTH="15" VPOS="369" HPOS="575"/>
							<String ID="string_85" HPOS="590" VPOS="368" WIDTH="86" HEIGHT="28" WC="0.95" CONTENT="förslag,"/><SP WIDTH="16" VPOS="368" HPOS="676"/>
							<String ID="string_86" HPOS="692" VPOS="370" WIDTH="33" HEIGHT="20" WC="0.89" CONTENT="att"/><SP WIDTH="8" VPOS="370" HPOS="725"/>
							<String ID="string_87" HPOS="733" VPOS="375" WIDTH="26" HEIGHT="15" WC="0.89" CONTENT="en"/><SP WIDTH="8" VPOS="375" HPOS="759"/>
							<String ID="string_88" HPOS="767" VPOS="369" WIDTH="125" HEIGHT="27" WC="0.96" CONTENT="delegation"/>
						</TextLine>
						<TextLine ID="line_9" HPOS="67" VPOS="395" WIDTH="823" HEIGHT="29">
							<String ID="string_89" HPOS="67" VPOS="395" WIDTH="24" HEIGHT="22" WC="0.96" CONTENT="af"/><SP WIDTH="12" VPOS="395" HPOS="91"/>
							<String ID="string_90" HPOS="103" VPOS="396" WIDTH="117" HEIGHT="21" WC="0.96" CONTENT="ständerna"/><SP WIDTH="14" VPOS="396" HPOS="220"/>
							<String ID="string_91" HPOS="234" VPOS="396" WIDTH="68" HEIGHT="21" WC="0.96" CONTENT="måtte"/><SP WIDTH="14" VPOS="396" HPOS="302"/>
							<String ID="string_92" HPOS="316" VPOS="398" WIDTH="68" HEIGHT="24" WC="0.95" CONTENT="utses,"/><SP WIDTH="15" VPOS="398" HPOS="384"/>
							<String ID="string_93" HPOS="399" VPOS="396" WIDTH="33" HEIGHT="21" WC="0.97" CONTENT="för"/><SP WIDTH="15" VPOS="396" HPOS="432"/>
							<String ID="string_94" HPOS="447" VPOS="398" WIDTH="33" HEIGHT="20" WC="0.96" CONTENT="att"/><SP WIDTH="14" VPOS="398" HPOS="480"/>
							<String ID="string_95" HPOS="494" VPOS="397" WIDTH="47" HEIGHT="22" WC="0.95" CONTENT="icke"/><SP WIDTH="15" VPOS="397" HPOS="541"/>
							<String ID="string_96" HPOS="556" VPOS="397" WIDTH="84" HEIGHT="26" WC="0.96" CONTENT="endast,"/><SP WIDTH="16" VPOS="397" HPOS="640"/>
							<String ID="string_97" HPOS="656" VPOS="398" WIDTH="27" HEIGHT="21" WC="0.96" CONTENT="då"/><SP WIDTH="14" VPOS="398" HPOS="683"/>
							<String ID="string_98" HPOS="697" VPOS="397" WIDTH="66" HEIGHT="22" WC="0.96" CONTENT="huset"/><SP WIDTH="7" VPOS="397" HPOS="763"/>
							<String ID="string_99" HPOS="770" VPOS="399" WIDTH="25" HEIGHT="20" WC="0.96" CONTENT="är"/><SP WIDTH="6" VPOS="399" HPOS="795"/>
							<String ID="string_100" HPOS="801" VPOS="397" WIDTH="89" HEIGHT="27" WC="0.96" CONTENT="färdigt,"/>
						</TextLine>
						<TextLine ID="line_10" HPOS="68" VPOS="423" WIDTH="823" HEIGHT="30">
							<String ID="string_101" HPOS="68" VPOS="423" WIDTH="75" HEIGHT="29" WC="0.92" CONTENT="afsyna"/><SP WIDTH="14" VPOS="423" HPOS="143"/>
							<String ID="string_102" HPOS="157" VPOS="424" WIDTH="41" HEIGHT="22" WC="0.96" CONTENT="och"/><SP WIDTH="15" VPOS="424" HPOS="198"/>
							<String ID="string_103" HPOS="213" VPOS="426" WIDTH="51" HEIGHT="25" WC="0.96" CONTENT="taga"/><SP WIDTH="15" VPOS="426" HPOS="264"/>
							<String ID="string_104" HPOS="279" VPOS="426" WIDTH="58" HEIGHT="20" WC="0.96" CONTENT="emot"/><SP WIDTH="18" VPOS="426" HPOS="337"/>
							<String ID="string_105" HPOS="355" VPOS="425" WIDTH="43" HEIGHT="26" WC="0.96" CONTENT="det,"/><SP WIDTH="16" VPOS="425" HPOS="398"/>
							<String ID="string_106" HPOS="414" VPOS="426" WIDTH="52" HEIGHT="21" WC="0.96" CONTENT="utan"/><SP WIDTH="16" VPOS="426" HPOS="466"/>
							<String ID="string_107" HPOS="482" VPOS="425" WIDTH="40" HEIGHT="22" WC="0.96" CONTENT="och"/><SP WIDTH="14" VPOS="425" HPOS="522"/>
							<String ID="string_108" HPOS="536" VPOS="426" WIDTH="123" HEIGHT="21" WC="0.96" CONTENT="sedermera"/><SP WIDTH="14" VPOS="426" HPOS="659"/>
							<String ID="string_109" HPOS="673" VPOS="426" WIDTH="93" HEIGHT="27" WC="0.96" CONTENT="granska"/><SP WIDTH="15" VPOS="426" HPOS="766"/>
							<String ID="string_110" HPOS="781" VPOS="425" WIDTH="42" HEIGHT="23" WC="0.93" CONTENT="alla"/><SP WIDTH="14" VPOS="425" HPOS="823"/>
							<String ID="string_111" HPOS="837" VPOS="426" WIDTH="54" HEIGHT="27" WC="0.92" CONTENT="byg-"/>
						</TextLine>
						<TextLine ID="line_11" HPOS="67" VPOS="453" WIDTH="826" HEIGHT="29">
							<String ID="string_112" HPOS="67" VPOS="453" WIDTH="162" HEIGHT="27" WC="0.91" CONTENT="nadsföretaget"/><SP WIDTH="22" VPOS="453" HPOS="229"/>
							<String ID="string_113" HPOS="251" VPOS="453" WIDTH="111" HEIGHT="27" WC="0.95" CONTENT="angående"/><SP WIDTH="24" VPOS="453" HPOS="362"/>
							<String ID="string_114" HPOS="386" VPOS="453" WIDTH="152" HEIGHT="28" WC="0.95" CONTENT="räkenskaper,"/><SP WIDTH="23" VPOS="453" HPOS="538"/>
							<String ID="string_115" HPOS="561" VPOS="454" WIDTH="82" HEIGHT="22" WC="0.96" CONTENT="hvilket"/><SP WIDTH="22" VPOS="454" HPOS="643"/>
							<String ID="string_116" HPOS="665" VPOS="455" WIDTH="38" HEIGHT="21" WC="0.96" CONTENT="allt"/><SP WIDTH="14" VPOS="455" HPOS="703"/>
							<String ID="string_117" HPOS="717" VPOS="456" WIDTH="26" HEIGHT="20" WC="0.96" CONTENT="är"/><SP WIDTH="13" VPOS="456" HPOS="743"/>
							<String ID="string_118" HPOS="756" VPOS="454" WIDTH="86" HEIGHT="28" WC="0.96" CONTENT="mycket"/><SP WIDTH="14" VPOS="454" HPOS="842"/>
							<String ID="string_119" HPOS="856" VPOS="454" WIDTH="37" HEIGHT="22" WC="0.96" CONTENT="för"/>
						</TextLine>
						<TextLine ID="line_12" HPOS="67" VPOS="481" WIDTH="828" HEIGHT="28">
							<String ID="string_120" HPOS="67" VPOS="481" WIDTH="107" HEIGHT="28" WC="0.92" CONTENT="vidlyftigt"/><SP WIDTH="22" VPOS="481" HPOS="174"/>
							<String ID="string_121" HPOS="196" VPOS="483" WIDTH="32" HEIGHT="20" WC="0.93" CONTENT="att"/><SP WIDTH="22" VPOS="483" HPOS="228"/>
							<String ID="string_122" HPOS="250" VPOS="481" WIDTH="110" HEIGHT="22" WC="0.92" CONTENT="ähvälfvas"/><SP WIDTH="14" VPOS="481" HPOS="360"/>
							<String ID="string_123" HPOS="374" VPOS="482" WIDTH="198" HEIGHT="22" WC="0.89" CONTENT="bankrevisorerne."/><SP WIDTH="31" VPOS="482" HPOS="572"/>
							<String ID="string_124" HPOS="603" VPOS="482" WIDTH="45" HEIGHT="22" WC="0.96" CONTENT="Och"/><SP WIDTH="16" VPOS="482" HPOS="648"/>
							<String ID="string_125" HPOS="664" VPOS="483" WIDTH="72" HEIGHT="22" WC="0.96" CONTENT="kunna"/><SP WIDTH="14" VPOS="483" HPOS="736"/>
							<String ID="string_126" HPOS="750" VPOS="483" WIDTH="21" HEIGHT="21" WC="0.96" CONTENT="vi"/><SP WIDTH="15" VPOS="483" HPOS="771"/>
							<String ID="string_127" HPOS="786" VPOS="483" WIDTH="66" HEIGHT="22" WC="0.96" CONTENT="sedan"/><SP WIDTH="17" VPOS="483" HPOS="852"/>
							<String ID="string_128" HPOS="869" VPOS="483" WIDTH="26" HEIGHT="21" WC="0.97" CONTENT="af"/>
						</TextLine>
						<TextLine ID="line_13" HPOS="66" VPOS="510" WIDTH="825" HEIGHT="27">
							<String ID="string_129" HPOS="66" VPOS="510" WIDTH="179" HEIGHT="22" WC="0.88" CONTENT="bankutskottets"/><SP WIDTH="19" VPOS="510" HPOS="245"/>
							<String ID="string_130" HPOS="264" VPOS="510" WIDTH="126" HEIGHT="27" WC="0.93" CONTENT="ledamöter,"/><SP WIDTH="23" VPOS="510" HPOS="390"/>
							<String ID="string_131" HPOS="413" VPOS="517" WIDTH="47" HEIGHT="15" WC="0.96" CONTENT="som"/><SP WIDTH="19" VPOS="517" HPOS="460"/>
							<String ID="string_132" HPOS="479" VPOS="518" WIDTH="29" HEIGHT="15" WC="0.93" CONTENT="nu"/><SP WIDTH="15" VPOS="518" HPOS="508"/>
							<String ID="string_133" HPOS="523" VPOS="513" WIDTH="37" HEIGHT="20" WC="0.93" CONTENT="äro"/><SP WIDTH="14" VPOS="513" HPOS="560"/>
							<String ID="string_134" HPOS="574" VPOS="511" WIDTH="107" HEIGHT="22" WC="0.91" CONTENT="tillstädes"/><SP WIDTH="16" VPOS="511" HPOS="681"/>
							<String ID="string_135" HPOS="697" VPOS="513" WIDTH="73" HEIGHT="20" WC="0.96" CONTENT="svarat"/><SP WIDTH="14" VPOS="513" HPOS="770"/>
							<String ID="string_136" HPOS="784" VPOS="511" WIDTH="107" HEIGHT="22" WC="0.96" CONTENT="huruvida"/>
						</TextLine>
						<TextLine ID="line_14" HPOS="67" VPOS="539" WIDTH="823" HEIGHT="28">
							<String ID="string_137" HPOS="67" VPOS="539" WIDTH="109" HEIGHT="22" WC="0.96" CONTENT="utskottet"/><SP WIDTH="15" VPOS="539" HPOS="176"/>
							<String ID="string_138" HPOS="191" VPOS="541" WIDTH="24" HEIGHT="19" WC="0.93" CONTENT="är"/><SP WIDTH="14" VPOS="541" HPOS="215"/>
							<String ID="string_139" HPOS="229" VPOS="539" WIDTH="91" HEIGHT="22" WC="0.92" CONTENT="betänkt"/><SP WIDTH="15" VPOS="539" HPOS="320"/>
							<String ID="string_140" HPOS="335" VPOS="539" WIDTH="52" HEIGHT="22" WC="0.93" CONTENT="eller"/><SP WIDTH="14" VPOS="539" HPOS="387"/>
							<String ID="string_141" HPOS="401" VPOS="539" WIDTH="48" HEIGHT="22" WC="0.96" CONTENT="icke"/><SP WIDTH="15" VPOS="539" HPOS="449"/>
							<String ID="string_142" HPOS="464" VPOS="541" WIDTH="32" HEIGHT="20" WC="0.96" CONTENT="att"/><SP WIDTH="15" VPOS="541" HPOS="496"/>
							<String ID="string_143" HPOS="511" VPOS="540" WIDTH="85" HEIGHT="21" WC="0.96" CONTENT="komma"/><SP WIDTH="12" VPOS="540" HPOS="596"/>
							<String ID="string_144" HPOS="608" VPOS="539" WIDTH="23" HEIGHT="22" WC="0.96" CONTENT="in"/><SP WIDTH="14" VPOS="539" HPOS="631"/>
							<String ID="string_145" HPOS="645" VPOS="540" WIDTH="49" HEIGHT="22" WC="0.84" CONTENT="med"/><SP WIDTH="8" VPOS="540" HPOS="694"/>
							<String ID="string_146" HPOS="702" VPOS="540" WIDTH="80" HEIGHT="27" WC="0.80" CONTENT="förslag"/><SP WIDTH="10" VPOS="540" HPOS="782"/>
							<String ID="string_147" HPOS="792" VPOS="540" WIDTH="7" HEIGHT="21" WC="0.93" CONTENT="i"/><SP WIDTH="11" VPOS="540" HPOS="799"/>
							<String ID="string_148" HPOS="810" VPOS="541" WIDTH="80" HEIGHT="25" WC="0.95" CONTENT="ämnet,"/>
						</TextLine>
						<TextLine ID="line_15" HPOS="67" VPOS="567" WIDTH="824" HEIGHT="28">
							<String ID="string_149" HPOS="67" VPOS="573" WIDTH="51" HEIGHT="16" WC="0.93" CONTENT="vara"/><SP WIDTH="15" VPOS="573" HPOS="118"/>
							<String ID="string_150" HPOS="133" VPOS="567" WIDTH="95" HEIGHT="22" WC="0.96" CONTENT="beredda"/><SP WIDTH="14" VPOS="567" HPOS="228"/>
							<String ID="string_151" HPOS="242" VPOS="567" WIDTH="28" HEIGHT="28" WC="0.96" CONTENT="pä"/><SP WIDTH="16" VPOS="567" HPOS="270"/>
							<String ID="string_152" HPOS="286" VPOS="570" WIDTH="32" HEIGHT="19" WC="0.93" CONTENT="att"/><SP WIDTH="15" VPOS="570" HPOS="318"/>
							<String ID="string_153" HPOS="333" VPOS="569" WIDTH="96" HEIGHT="26" WC="0.92" CONTENT="upptaga"/><SP WIDTH="18" VPOS="569" HPOS="429"/>
							<String ID="string_154" HPOS="447" VPOS="567" WIDTH="76" HEIGHT="28" WC="0.93" CONTENT="frågan"/><SP WIDTH="15" VPOS="567" HPOS="523"/>
							<String ID="string_155" HPOS="538" VPOS="569" WIDTH="189" HEIGHT="22" WC="0.84" CONTENT="om-medständen"/><SP WIDTH="16" VPOS="569" HPOS="727"/>
							<String ID="string_156" HPOS="743" VPOS="569" WIDTH="62" HEIGHT="22" WC="0.93" CONTENT="skola"/><SP WIDTH="14" VPOS="569" HPOS="805"/>
							<String ID="string_157" HPOS="819" VPOS="568" WIDTH="72" HEIGHT="27" WC="0.91" CONTENT="inbju-"/>
						</TextLine>
						<TextLine ID="line_16" HPOS="68" VPOS="595" WIDTH="388" HEIGHT="28">
							<String ID="string_158" HPOS="68" VPOS="596" WIDTH="38" HEIGHT="22" WC="0.95" CONTENT="das"/><SP WIDTH="16" VPOS="596" HPOS="106"/>
							<String ID="string_159" HPOS="122" VPOS="597" WIDTH="33" HEIGHT="21" WC="0.93" CONTENT="att"/><SP WIDTH="14" VPOS="597" HPOS="155"/>
							<String ID="string_160" HPOS="169" VPOS="595" WIDTH="75" HEIGHT="23" WC="0.92" CONTENT="förena"/><SP WIDTH="14" VPOS="595" HPOS="244"/>
							<String ID="string_161" HPOS="258" VPOS="597" WIDTH="34" HEIGHT="26" WC="0.96" CONTENT="sig"/><SP WIDTH="14" VPOS="597" HPOS="292"/>
							<String ID="string_162" HPOS="306" VPOS="602" WIDTH="34" HEIGHT="16" WC="0.96" CONTENT="om"/><SP WIDTH="16" VPOS="602" HPOS="340"/>
							<String ID="string_163" HPOS="356" VPOS="597" WIDTH="100" HEIGHT="21" WC="0.96" CONTENT="beslutet."/>
						</TextLine>
					</TextBlock>
					<TextBlock ID="block_2" HPOS="61" VPOS="625" WIDTH="830" HEIGHT="400">
						<TextLine ID="line_17" HPOS="135" VPOS="625" WIDTH="756" HEIGHT="28">
							<String ID="string_164" HPOS="135" VPOS="625" WIDTH="57" HEIGHT="21" WC="0.96" CONTENT="Herr"/><SP WIDTH="21" VPOS="625" HPOS="192"/>
							<String ID="string_165" HPOS="213" VPOS="625" WIDTH="186" HEIGHT="27" WC="0.96" CONTENT="Montgomery:"/><SP WIDTH="23" VPOS="625" HPOS="399"/>
							<String ID="string_166" HPOS="422" VPOS="625" WIDTH="42" HEIGHT="27" WC="0.96" CONTENT="Jag"/><SP WIDTH="20" VPOS="625" HPOS="464"/>
							<String ID="string_167" HPOS="484" VPOS="626" WIDTH="40" HEIGHT="22" WC="0.93" CONTENT="har"/><SP WIDTH="16" VPOS="626" HPOS="524"/>
							<String ID="string_168" HPOS="540" VPOS="626" WIDTH="111" HEIGHT="27" WC="0.57" CONTENT="ingenting"/><SP WIDTH="14" VPOS="626" HPOS="651"/>
							<String ID="string_169" HPOS="665" VPOS="621" WIDTH="56" HEIGHT="37" WC="0.57" CONTENT="emot"/><SP WIDTH="17" VPOS="621" HPOS="721"/>
							<String ID="string_170" HPOS="738" VPOS="628" WIDTH="33" HEIGHT="19" WC="0.95" CONTENT="att"/><SP WIDTH="14" VPOS="628" HPOS="771"/>
							<String ID="string_171" HPOS="785" VPOS="627" WIDTH="26" HEIGHT="21" WC="0.96" CONTENT="R."/><SP WIDTH="17" VPOS="627" HPOS="811"/>
							<String ID="string_172" HPOS="828" VPOS="632" WIDTH="19" HEIGHT="15" WC="0.96" CONTENT="o."/><SP WIDTH="15" VPOS="632" HPOS="847"/>
							<String ID="string_173" HPOS="862" VPOS="626" WIDTH="29" HEIGHT="21" WC="0.96" CONTENT="A."/>
						</TextLine>
						<TextLine ID="line_18" HPOS="66" VPOS="653" WIDTH="825" HEIGHT="28">
							<String ID="string_174" HPOS="66" VPOS="653" WIDTH="39" HEIGHT="22" WC="0.93" CONTENT="ber"/><SP WIDTH="21" VPOS="653" HPOS="105"/>
							<String ID="string_175" HPOS="126" VPOS="653" WIDTH="22" HEIGHT="22" WC="0.91" CONTENT="fä"/><SP WIDTH="18" VPOS="653" HPOS="148"/>
							<String ID="string_176" HPOS="166" VPOS="653" WIDTH="54" HEIGHT="22" WC="0.91" CONTENT="höra"/><SP WIDTH="14" VPOS="653" HPOS="220"/>
							<String ID="string_177" HPOS="234" VPOS="654" WIDTH="176" HEIGHT="22" WC="0.91" CONTENT="bankutskottets"/><SP WIDTH="16" VPOS="654" HPOS="410"/>
							<String ID="string_178" HPOS="426" VPOS="654" WIDTH="63" HEIGHT="27" WC="0.90" CONTENT="äsigt,"/><SP WIDTH="15" VPOS="654" HPOS="489"/>
							<String ID="string_179" HPOS="504" VPOS="654" WIDTH="56" HEIGHT="22" WC="0.92" CONTENT="huru"/><SP WIDTH="15" VPOS="654" HPOS="560"/>
							<String ID="string_180" HPOS="575" VPOS="655" WIDTH="41" HEIGHT="21" WC="0.93" CONTENT="den"/><SP WIDTH="15" VPOS="655" HPOS="616"/>
							<String ID="string_181" HPOS="631" VPOS="654" WIDTH="131" HEIGHT="27" WC="0.92" CONTENT="granskning"/><SP WIDTH="15" VPOS="654" HPOS="762"/>
							<String ID="string_182" HPOS="777" VPOS="654" WIDTH="23" HEIGHT="22" WC="0.96" CONTENT="af"/><SP WIDTH="13" VPOS="654" HPOS="800"/>
							<String ID="string_183" HPOS="813" VPOS="656" WIDTH="78" HEIGHT="24" WC="0.96" CONTENT="sättet,"/>
						</TextLine>
						<TextLine ID="line_19" HPOS="65" VPOS="682" WIDTH="824" HEIGHT="29">
							<String ID="string_184" HPOS="65" VPOS="682" WIDTH="29" HEIGHT="28" WC="0.91" CONTENT="pä"/><SP WIDTH="21" VPOS="682" HPOS="94"/>
							<String ID="string_185" HPOS="115" VPOS="682" WIDTH="82" HEIGHT="22" WC="0.88" CONTENT="hvilket"/><SP WIDTH="22" VPOS="682" HPOS="197"/>
							<String ID="string_186" HPOS="219" VPOS="682" WIDTH="123" HEIGHT="22" WC="0.92" CONTENT="bankhuset"/><SP WIDTH="15" VPOS="682" HPOS="342"/>
							<String ID="string_187" HPOS="357" VPOS="684" WIDTH="25" HEIGHT="20" WC="0.93" CONTENT="är"/><SP WIDTH="12" VPOS="684" HPOS="382"/>
							<String ID="string_188" HPOS="394" VPOS="683" WIDTH="74" HEIGHT="27" WC="0.92" CONTENT="bygdt,"/><SP WIDTH="16" VPOS="683" HPOS="468"/>
							<String ID="string_189" HPOS="484" VPOS="683" WIDTH="54" HEIGHT="22" WC="0.93" CONTENT="skall"/><SP WIDTH="15" VPOS="683" HPOS="538"/>
							<String ID="string_190" HPOS="553" VPOS="689" WIDTH="40" HEIGHT="21" WC="0.93" CONTENT="ega"/><SP WIDTH="14" VPOS="689" HPOS="593"/>
							<String ID="string_191" HPOS="607" VPOS="690" WIDTH="57" HEIGHT="19" WC="0.96" CONTENT="rum;"/><SP WIDTH="25" VPOS="690" HPOS="664"/>
							<String ID="string_192" HPOS="689" VPOS="685" WIDTH="33" HEIGHT="20" WC="0.95" CONTENT="att"/><SP WIDTH="15" VPOS="685" HPOS="722"/>
							<String ID="string_193" HPOS="737" VPOS="690" WIDTH="26" HEIGHT="15" WC="0.95" CONTENT="en"/><SP WIDTH="16" VPOS="690" HPOS="763"/>
							<String ID="string_194" HPOS="779" VPOS="689" WIDTH="39" HEIGHT="22" WC="0.96" CONTENT="syn"/><SP WIDTH="15" VPOS="689" HPOS="818"/>
							<String ID="string_195" HPOS="833" VPOS="683" WIDTH="56" HEIGHT="21" WC="0.94" CONTENT="skall"/>
						</TextLine>
						<TextLine ID="line_20" HPOS="66" VPOS="711" WIDTH="825" HEIGHT="28">
							<String ID="string_196" HPOS="66" VPOS="717" WIDTH="40" HEIGHT="21" WC="0.92" CONTENT="ega"/><SP WIDTH="14" VPOS="717" HPOS="106"/>
							<String ID="string_197" HPOS="120" VPOS="718" WIDTH="48" HEIGHT="15" WC="0.96" CONTENT="rum"/><SP WIDTH="15" VPOS="718" HPOS="168"/>
							<String ID="string_198" HPOS="183" VPOS="711" WIDTH="41" HEIGHT="22" WC="0.93" CONTENT="och"/><SP WIDTH="15" VPOS="711" HPOS="224"/>
							<String ID="string_199" HPOS="239" VPOS="712" WIDTH="64" HEIGHT="21" WC="0.92" CONTENT="huset"/><SP WIDTH="15" VPOS="712" HPOS="303"/>
							<String ID="string_200" HPOS="318" VPOS="711" WIDTH="141" HEIGHT="22" WC="0.89" CONTENT="öfverlemnas"/><SP WIDTH="16" VPOS="711" HPOS="459"/>
							<String ID="string_201" HPOS="475" VPOS="712" WIDTH="32" HEIGHT="21" WC="0.95" CONTENT="till"/><SP WIDTH="15" VPOS="712" HPOS="507"/>
							<String ID="string_202" HPOS="522" VPOS="713" WIDTH="39" HEIGHT="21" WC="0.93" CONTENT="sitt"/><SP WIDTH="14" VPOS="713" HPOS="561"/>
							<String ID="string_203" HPOS="575" VPOS="712" WIDTH="100" HEIGHT="22" WC="0.88" CONTENT="ändamäl"/><SP WIDTH="14" VPOS="712" HPOS="675"/>
							<String ID="string_204" HPOS="689" VPOS="714" WIDTH="25" HEIGHT="20" WC="0.92" CONTENT="är"/><SP WIDTH="15" VPOS="714" HPOS="714"/>
							<String ID="string_205" HPOS="729" VPOS="712" WIDTH="108" HEIGHT="27" WC="0.89" CONTENT="sjelffallet"/><SP WIDTH="12" VPOS="712" HPOS="837"/>
							<String ID="string_206" HPOS="849" VPOS="712" WIDTH="42" HEIGHT="21" WC="0.96" CONTENT="och"/>
						</TextLine>
						<TextLine ID="line_21" HPOS="66" VPOS="740" WIDTH="824" HEIGHT="28">
							<String ID="string_207" HPOS="66" VPOS="746" WIDTH="64" HEIGHT="16" WC="0.96" CONTENT="anser"/><SP WIDTH="21" VPOS="746" HPOS="130"/>
							<String ID="string_208" HPOS="151" VPOS="740" WIDTH="25" HEIGHT="22" WC="0.96" CONTENT="R."/><SP WIDTH="17" VPOS="740" HPOS="176"/>
							<String ID="string_209" HPOS="193" VPOS="745" WIDTH="20" HEIGHT="17" WC="0.93" CONTENT="o."/><SP WIDTH="15" VPOS="745" HPOS="213"/>
							<String ID="string_210" HPOS="228" VPOS="740" WIDTH="32" HEIGHT="26" WC="0.86" CONTENT="A.,"/><SP WIDTH="24" VPOS="740" HPOS="260"/>
							<String ID="string_211" HPOS="284" VPOS="741" WIDTH="33" HEIGHT="20" WC="0.96" CONTENT="att"/><SP WIDTH="16" VPOS="741" HPOS="317"/>
							<String ID="string_212" HPOS="333" VPOS="740" WIDTH="27" HEIGHT="21" WC="0.96" CONTENT="de"/><SP WIDTH="14" VPOS="740" HPOS="360"/>
							<String ID="string_213" HPOS="374" VPOS="746" WIDTH="42" HEIGHT="21" WC="0.93" CONTENT="nya"/><SP WIDTH="15" VPOS="746" HPOS="416"/>
							<String ID="string_214" HPOS="431" VPOS="740" WIDTH="189" HEIGHT="28" WC="0.88" CONTENT="bankfullmäktige"/><SP WIDTH="16" VPOS="740" HPOS="620"/>
							<String ID="string_215" HPOS="636" VPOS="746" WIDTH="46" HEIGHT="16" WC="0.93" CONTENT="som"/><SP WIDTH="14" VPOS="746" HPOS="682"/>
							<String ID="string_216" HPOS="696" VPOS="740" WIDTH="75" HEIGHT="28" WC="0.96" CONTENT="väljas,"/><SP WIDTH="16" VPOS="740" HPOS="771"/>
							<String ID="string_217" HPOS="787" VPOS="740" WIDTH="48" HEIGHT="22" WC="0.96" CONTENT="icke"/><SP WIDTH="16" VPOS="740" HPOS="835"/>
							<String ID="string_218" HPOS="851" VPOS="742" WIDTH="39" HEIGHT="19" WC="0.96" CONTENT="äro"/>
						</TextLine>
						<TextLine ID="line_22" HPOS="65" VPOS="768" WIDTH="824" HEIGHT="28">
							<String ID="string_219" HPOS="65" VPOS="774" WIDTH="28" HEIGHT="16" WC="0.93" CONTENT="en"/><SP WIDTH="14" VPOS="774" HPOS="93"/>
							<String ID="string_220" HPOS="107" VPOS="768" WIDTH="50" HEIGHT="28" WC="0.90" CONTENT="laga"/><SP WIDTH="15" VPOS="768" HPOS="157"/>
							<String ID="string_221" HPOS="172" VPOS="768" WIDTH="99" HEIGHT="26" WC="0.96" CONTENT="domstol,"/><SP WIDTH="17" VPOS="768" HPOS="271"/>
							<String ID="string_222" HPOS="288" VPOS="770" WIDTH="52" HEIGHT="20" WC="0.96" CONTENT="utan"/><SP WIDTH="15" VPOS="770" HPOS="340"/>
							<String ID="string_223" HPOS="355" VPOS="770" WIDTH="33" HEIGHT="20" WC="0.96" CONTENT="att"/><SP WIDTH="15" VPOS="770" HPOS="388"/>
							<String ID="string_224" HPOS="403" VPOS="768" WIDTH="38" HEIGHT="22" WC="0.97" CONTENT="det"/><SP WIDTH="13" VPOS="768" HPOS="441"/>
							<String ID="string_225" HPOS="454" VPOS="768" WIDTH="41" HEIGHT="22" WC="0.93" CONTENT="bör"/><SP WIDTH="9" VPOS="768" HPOS="495"/>
							<String ID="string_226" HPOS="504" VPOS="770" WIDTH="103" HEIGHT="21" WC="0.91" CONTENT="tillsättas"/><SP WIDTH="11" VPOS="770" HPOS="607"/>
							<String ID="string_227" HPOS="618" VPOS="776" WIDTH="26" HEIGHT="14" WC="0.97" CONTENT="en"/><SP WIDTH="11" VPOS="776" HPOS="644"/>
							<String ID="string_228" HPOS="655" VPOS="768" WIDTH="92" HEIGHT="22" WC="0.96" CONTENT="särskild"/><SP WIDTH="11" VPOS="768" HPOS="747"/>
							<String ID="string_229" HPOS="758" VPOS="769" WIDTH="131" HEIGHT="27" WC="0.96" CONTENT="delegation,"/>
						</TextLine>
						<TextLine ID="line_23" HPOS="64" VPOS="796" WIDTH="827" HEIGHT="29">
							<String ID="string_230" HPOS="64" VPOS="797" WIDTH="43" HEIGHT="21" WC="0.92" CONTENT="kan"/><SP WIDTH="22" VPOS="797" HPOS="107"/>
							<String ID="string_231" HPOS="129" VPOS="796" WIDTH="80" HEIGHT="22" WC="0.96" CONTENT="sådant"/><SP WIDTH="12" VPOS="796" HPOS="209"/>
							<String ID="string_232" HPOS="221" VPOS="797" WIDTH="24" HEIGHT="27" WC="0.92" CONTENT="ju"/><SP WIDTH="15" VPOS="797" HPOS="245"/>
							<String ID="string_233" HPOS="260" VPOS="797" WIDTH="46" HEIGHT="26" WC="0.96" CONTENT="ske,"/><SP WIDTH="22" VPOS="797" HPOS="306"/>
							<String ID="string_234" HPOS="328" VPOS="802" WIDTH="50" HEIGHT="16" WC="0.96" CONTENT="men"/><SP WIDTH="15" VPOS="802" HPOS="378"/>
							<String ID="string_235" HPOS="393" VPOS="798" WIDTH="36" HEIGHT="20" WC="0.96" CONTENT="vill"/><SP WIDTH="12" VPOS="798" HPOS="429"/>
							<String ID="string_236" HPOS="441" VPOS="798" WIDTH="38" HEIGHT="27" WC="0.96" CONTENT="jag"/><SP WIDTH="15" VPOS="798" HPOS="479"/>
							<String ID="string_237" HPOS="494" VPOS="798" WIDTH="88" HEIGHT="22" WC="0.93" CONTENT="alldeles"/><SP WIDTH="15" VPOS="798" HPOS="582"/>
							<String ID="string_238" HPOS="597" VPOS="797" WIDTH="109" HEIGHT="22" WC="0.96" CONTENT="bestämdt"/><SP WIDTH="15" VPOS="797" HPOS="706"/>
							<String ID="string_239" HPOS="721" VPOS="803" WIDTH="109" HEIGHT="22" WC="0.95" CONTENT="opponera"/><SP WIDTH="15" VPOS="803" HPOS="830"/>
							<String ID="string_240" HPOS="845" VPOS="798" WIDTH="46" HEIGHT="26" WC="0.96" CONTENT="mig"/>
						</TextLine>
						<TextLine ID="line_24" HPOS="65" VPOS="826" WIDTH="826" HEIGHT="27">
							<String ID="string_241" HPOS="65" VPOS="827" WIDTH="58" HEIGHT="21" WC="0.96" CONTENT="emot"/><SP WIDTH="16" VPOS="827" HPOS="123"/>
							<String ID="string_242" HPOS="139" VPOS="827" WIDTH="32" HEIGHT="21" WC="0.93" CONTENT="att"/><SP WIDTH="15" VPOS="827" HPOS="171"/>
							<String ID="string_243" HPOS="186" VPOS="826" WIDTH="64" HEIGHT="22" WC="0.93" CONTENT="huset"/><SP WIDTH="16" VPOS="826" HPOS="250"/>
							<String ID="string_244" HPOS="266" VPOS="826" WIDTH="55" HEIGHT="21" WC="0.96" CONTENT="skall"/><SP WIDTH="15" VPOS="826" HPOS="321"/>
							<String ID="string_245" HPOS="336" VPOS="826" WIDTH="28" HEIGHT="27" WC="0.92" CONTENT="pä"/><SP WIDTH="15" VPOS="826" HPOS="364"/>
							<String ID="string_246" HPOS="379" VPOS="826" WIDTH="67" HEIGHT="26" WC="0.92" CONTENT="nägot"/><SP WIDTH="14" VPOS="826" HPOS="446"/>
							<String ID="string_247" HPOS="460" VPOS="828" WIDTH="45" HEIGHT="20" WC="0.96" CONTENT="sätt"/><SP WIDTH="14" VPOS="828" HPOS="505"/>
							<String ID="string_248" HPOS="519" VPOS="826" WIDTH="33" HEIGHT="22" WC="0.93" CONTENT="för"/><SP WIDTH="15" VPOS="826" HPOS="552"/>
							<String ID="string_249" HPOS="567" VPOS="826" WIDTH="128" HEIGHT="22" WC="0.91" CONTENT="ständernas"/><SP WIDTH="19" VPOS="826" HPOS="695"/>
							<String ID="string_250" HPOS="714" VPOS="826" WIDTH="91" HEIGHT="27" WC="0.92" CONTENT="räkning"/><SP WIDTH="16" VPOS="826" HPOS="805"/>
							<String ID="string_251" HPOS="821" VPOS="828" WIDTH="70" HEIGHT="20" WC="0.92" CONTENT="emot-"/>
						</TextLine>
						<TextLine ID="line_25" HPOS="64" VPOS="854" WIDTH="826" HEIGHT="28">
							<String ID="string_252" HPOS="64" VPOS="858" WIDTH="74" HEIGHT="23" WC="0.92" CONTENT="tagas;"/><SP WIDTH="23" VPOS="858" HPOS="138"/>
							<String ID="string_253" HPOS="161" VPOS="855" WIDTH="65" HEIGHT="21" WC="0.91" CONTENT="huset"/><SP WIDTH="22" VPOS="855" HPOS="226"/>
							<String ID="string_254" HPOS="248" VPOS="856" WIDTH="24" HEIGHT="20" WC="0.97" CONTENT="är"/><SP WIDTH="22" VPOS="856" HPOS="272"/>
							<String ID="string_255" HPOS="294" VPOS="860" WIDTH="26" HEIGHT="16" WC="0.96" CONTENT="en"/><SP WIDTH="23" VPOS="860" HPOS="320"/>
							<String ID="string_256" HPOS="343" VPOS="854" WIDTH="101" HEIGHT="22" WC="0.96" CONTENT="Finlands"/><SP WIDTH="19" VPOS="854" HPOS="444"/>
							<String ID="string_257" HPOS="463" VPOS="854" WIDTH="69" HEIGHT="22" WC="0.93" CONTENT="banks"/><SP WIDTH="16" VPOS="854" HPOS="532"/>
							<String ID="string_258" HPOS="548" VPOS="854" WIDTH="137" HEIGHT="28" WC="0.92" CONTENT="tillhörighet."/><SP WIDTH="30" VPOS="854" HPOS="685"/>
							<String ID="string_259" HPOS="715" VPOS="854" WIDTH="101" HEIGHT="22" WC="0.96" CONTENT="Finlands"/><SP WIDTH="15" VPOS="854" HPOS="816"/>
							<String ID="string_260" HPOS="831" VPOS="854" WIDTH="59" HEIGHT="22" WC="0.96" CONTENT="bank"/>
						</TextLine>
						<TextLine ID="line_26" HPOS="65" VPOS="882" WIDTH="825" HEIGHT="29">
							<String ID="string_261" HPOS="65" VPOS="888" WIDTH="50" HEIGHT="21" WC="0.92" CONTENT="eges"/><SP WIDTH="15" VPOS="888" HPOS="115"/>
							<String ID="string_262" HPOS="130" VPOS="883" WIDTH="49" HEIGHT="22" WC="0.92" CONTENT="icke"/><SP WIDTH="15" VPOS="883" HPOS="179"/>
							<String ID="string_263" HPOS="194" VPOS="882" WIDTH="23" HEIGHT="22" WC="0.97" CONTENT="af"/><SP WIDTH="13" VPOS="882" HPOS="217"/>
							<String ID="string_264" HPOS="230" VPOS="882" WIDTH="102" HEIGHT="22" WC="0.93" CONTENT="Finlands"/><SP WIDTH="16" VPOS="882" HPOS="332"/>
							<String ID="string_265" HPOS="348" VPOS="883" WIDTH="95" HEIGHT="25" WC="0.91" CONTENT="ständer,"/><SP WIDTH="16" VPOS="883" HPOS="443"/>
							<String ID="string_266" HPOS="459" VPOS="885" WIDTH="52" HEIGHT="20" WC="0.93" CONTENT="utan"/><SP WIDTH="15" VPOS="885" HPOS="511"/>
							<String ID="string_267" HPOS="526" VPOS="883" WIDTH="112" HEIGHT="28" WC="0.92" CONTENT="angäende"/><SP WIDTH="15" VPOS="883" HPOS="638"/>
							<String ID="string_268" HPOS="653" VPOS="883" WIDTH="84" HEIGHT="22" WC="0.91" CONTENT="banken"/><SP WIDTH="15" VPOS="883" HPOS="737"/>
							<String ID="string_269" HPOS="752" VPOS="882" WIDTH="64" HEIGHT="22" WC="0.92" CONTENT="hafva"/><SP WIDTH="14" VPOS="882" HPOS="816"/>
							<String ID="string_270" HPOS="830" VPOS="884" WIDTH="21" HEIGHT="20" WC="0.96" CONTENT="vi"/><SP WIDTH="10" VPOS="884" HPOS="851"/>
							<String ID="string_271" HPOS="861" VPOS="890" WIDTH="29" HEIGHT="14" WC="0.96" CONTENT="en"/>
						</TextLine>
						<TextLine ID="line_27" HPOS="63" VPOS="911" WIDTH="826" HEIGHT="27">
							<String ID="string_272" HPOS="63" VPOS="912" WIDTH="36" HEIGHT="26" WC="0.96" CONTENT="lag"/><SP WIDTH="22" VPOS="912" HPOS="99"/>
							<String ID="string_273" HPOS="121" VPOS="911" WIDTH="23" HEIGHT="21" WC="0.93" CONTENT="af"/><SP WIDTH="20" VPOS="911" HPOS="144"/>
							<String ID="string_274" HPOS="164" VPOS="914" WIDTH="76" HEIGHT="24" WC="0.92" CONTENT="regent"/><SP WIDTH="14" VPOS="914" HPOS="240"/>
							<String ID="string_275" HPOS="254" VPOS="911" WIDTH="40" HEIGHT="22" WC="0.92" CONTENT="och"/><SP WIDTH="16" VPOS="911" HPOS="294"/>
							<String ID="string_276" HPOS="310" VPOS="912" WIDTH="88" HEIGHT="21" WC="0.92" CONTENT="ständer"/><SP WIDTH="15" VPOS="912" HPOS="398"/>
							<String ID="string_277" HPOS="413" VPOS="911" WIDTH="82" HEIGHT="22" WC="0.91" CONTENT="stiftad."/><SP WIDTH="30" VPOS="911" HPOS="495"/>
							<String ID="string_278" HPOS="525" VPOS="912" WIDTH="100" HEIGHT="22" WC="0.96" CONTENT="Finlands"/><SP WIDTH="15" VPOS="912" HPOS="625"/>
							<String ID="string_279" HPOS="640" VPOS="912" WIDTH="57" HEIGHT="22" WC="0.96" CONTENT="bank"/><SP WIDTH="15" VPOS="912" HPOS="697"/>
							<String ID="string_280" HPOS="712" VPOS="914" WIDTH="25" HEIGHT="19" WC="0.95" CONTENT="är"/><SP WIDTH="15" VPOS="914" HPOS="737"/>
							<String ID="string_281" HPOS="752" VPOS="918" WIDTH="27" HEIGHT="16" WC="0.96" CONTENT="en"/><SP WIDTH="15" VPOS="918" HPOS="779"/>
							<String ID="string_282" HPOS="794" VPOS="912" WIDTH="95" HEIGHT="21" WC="0.96" CONTENT="särskild"/>
						</TextLine>
						<TextLine ID="line_28" HPOS="61" VPOS="939" WIDTH="829" HEIGHT="29">
							<String ID="string_283" HPOS="61" VPOS="939" WIDTH="95" HEIGHT="29" WC="0.96" CONTENT="juridisk"/><SP WIDTH="20" VPOS="939" HPOS="156"/>
							<String ID="string_284" HPOS="176" VPOS="946" WIDTH="86" HEIGHT="22" WC="0.95" CONTENT="person,"/><SP WIDTH="23" VPOS="946" HPOS="262"/>
							<String ID="string_285" HPOS="285" VPOS="946" WIDTH="47" HEIGHT="15" WC="0.96" CONTENT="som"/><SP WIDTH="22" VPOS="946" HPOS="332"/>
							<String ID="string_286" HPOS="354" VPOS="946" WIDTH="29" HEIGHT="16" WC="0.93" CONTENT="nu"/><SP WIDTH="18" VPOS="946" HPOS="383"/>
							<String ID="string_287" HPOS="401" VPOS="940" WIDTH="124" HEIGHT="27" WC="0.92" CONTENT="derigenom"/><SP WIDTH="15" VPOS="940" HPOS="525"/>
							<String ID="string_288" HPOS="540" VPOS="943" WIDTH="33" HEIGHT="19" WC="0.96" CONTENT="att"/><SP WIDTH="15" VPOS="943" HPOS="573"/>
							<String ID="string_289" HPOS="588" VPOS="940" WIDTH="49" HEIGHT="22" WC="0.96" CONTENT="dess"/><SP WIDTH="16" VPOS="940" HPOS="637"/>
							<String ID="string_290" HPOS="653" VPOS="940" WIDTH="70" HEIGHT="22" WC="0.93" CONTENT="medel"/><SP WIDTH="15" VPOS="940" HPOS="723"/>
							<String ID="string_291" HPOS="738" VPOS="940" WIDTH="63" HEIGHT="22" WC="0.93" CONTENT="hafva"/><SP WIDTH="16" VPOS="940" HPOS="801"/>
							<String ID="string_292" HPOS="817" VPOS="940" WIDTH="73" HEIGHT="22" WC="0.40" CONTENT="dertill"/>
						</TextLine>
						<TextLine ID="line_29" HPOS="64" VPOS="968" WIDTH="825" HEIGHT="28">
							<String ID="string_293" HPOS="64" VPOS="969" WIDTH="113" HEIGHT="26" WC="0.93" CONTENT="användts,"/><SP WIDTH="23" VPOS="969" HPOS="177"/>
							<String ID="string_294" HPOS="200" VPOS="970" WIDTH="25" HEIGHT="20" WC="0.90" CONTENT="är"/><SP WIDTH="15" VPOS="970" HPOS="225"/>
							<String ID="string_295" HPOS="240" VPOS="968" WIDTH="37" HEIGHT="22" WC="0.90" CONTENT="det"/><SP WIDTH="21" VPOS="968" HPOS="277"/>
							<String ID="string_296" HPOS="298" VPOS="968" WIDTH="77" HEIGHT="22" WC="0.78" CONTENT="husets"/><SP WIDTH="16" VPOS="968" HPOS="375"/>
							<String ID="string_297" HPOS="391" VPOS="974" WIDTH="70" HEIGHT="22" WC="0.91" CONTENT="egare,"/><SP WIDTH="21" VPOS="974" HPOS="461"/>
							<String ID="string_298" HPOS="482" VPOS="969" WIDTH="25" HEIGHT="22" WC="0.96" CONTENT="sä"/><SP WIDTH="15" VPOS="969" HPOS="507"/>
							<String ID="string_299" HPOS="522" VPOS="971" WIDTH="32" HEIGHT="20" WC="0.96" CONTENT="att"/><SP WIDTH="15" VPOS="971" HPOS="554"/>
							<String ID="string_300" HPOS="569" VPOS="970" WIDTH="32" HEIGHT="21" WC="0.93" CONTENT="ett"/><SP WIDTH="15" VPOS="970" HPOS="601"/>
							<String ID="string_301" HPOS="616" VPOS="968" WIDTH="103" HEIGHT="23" WC="0.93" CONTENT="särskildt"/><SP WIDTH="15" VPOS="968" HPOS="719"/>
							<String ID="string_302" HPOS="734" VPOS="968" WIDTH="155" HEIGHT="28" WC="0.92" CONTENT="öfvertagande"/>
						</TextLine>
						<TextLine ID="line_30" HPOS="63" VPOS="997" WIDTH="500" HEIGHT="28">
							<String ID="string_303" HPOS="63" VPOS="997" WIDTH="48" HEIGHT="22" WC="0.89" CONTENT="frän"/><SP WIDTH="15" VPOS="997" HPOS="111"/>
							<String ID="string_304" HPOS="126" VPOS="997" WIDTH="128" HEIGHT="22" WC="0.89" CONTENT="ständernas"/><SP WIDTH="16" VPOS="997" HPOS="254"/>
							<String ID="string_305" HPOS="270" VPOS="997" WIDTH="48" HEIGHT="22" WC="0.93" CONTENT="sida"/><SP WIDTH="14" VPOS="997" HPOS="318"/>
							<String ID="string_306" HPOS="332" VPOS="997" WIDTH="48" HEIGHT="22" WC="0.91" CONTENT="icke"/><SP WIDTH="15" VPOS="997" HPOS="380"/>
							<String ID="string_307" HPOS="395" VPOS="997" WIDTH="43" HEIGHT="21" WC="0.93" CONTENT="kan"/><SP WIDTH="18" VPOS="997" HPOS="438"/>
							<String ID="string_308" HPOS="456" VPOS="1004" WIDTH="40" HEIGHT="21" WC="0.92" CONTENT="ega"/><SP WIDTH="14" VPOS="1004" HPOS="496"/>
							<String ID="string_309" HPOS="510" VPOS="1004" WIDTH="53" HEIGHT="16" WC="0.96" CONTENT="rum."/>
						</TextLine>
					</TextBlock>
					<TextBlock ID="block_3" HPOS="62" VPOS="1025" WIDTH="829" HEIGHT="228">
						<TextLine ID="line_31" HPOS="132" VPOS="1025" WIDTH="757" HEIGHT="28">
							<String ID="string_310" HPOS="132" VPOS="1026" WIDTH="99" HEIGHT="22" WC="0.92" CONTENT="Friherre"/><SP WIDTH="15" VPOS="1026" HPOS="231"/>
							<String ID="string_311" HPOS="246" VPOS="1032" WIDTH="42" HEIGHT="15" WC="0.96" CONTENT="von"/><SP WIDTH="14" VPOS="1032" HPOS="288"/>
							<String ID="string_312" HPOS="302" VPOS="1026" WIDTH="82" HEIGHT="26" WC="0.96" CONTENT="Troil,"/><SP WIDTH="17" VPOS="1026" HPOS="384"/>
							<String ID="string_313" HPOS="401" VPOS="1026" WIDTH="86" HEIGHT="21" WC="0.96" CONTENT="Gustaf:"/><SP WIDTH="20" VPOS="1026" HPOS="487"/>
							<String ID="string_314" HPOS="507" VPOS="1026" WIDTH="43" HEIGHT="27" WC="0.96" CONTENT="Jag"/><SP WIDTH="14" VPOS="1026" HPOS="550"/>
							<String ID="string_315" HPOS="564" VPOS="1026" WIDTH="39" HEIGHT="22" WC="0.93" CONTENT="har"/><SP WIDTH="14" VPOS="1026" HPOS="603"/>
							<String ID="string_316" HPOS="617" VPOS="1026" WIDTH="78" HEIGHT="26" WC="0.92" CONTENT="begärt"/><SP WIDTH="14" VPOS="1026" HPOS="695"/>
							<String ID="string_317" HPOS="709" VPOS="1026" WIDTH="64" HEIGHT="21" WC="0.93" CONTENT="ordet"/><SP WIDTH="14" VPOS="1026" HPOS="773"/>
							<String ID="string_318" HPOS="787" VPOS="1025" WIDTH="77" HEIGHT="22" WC="0.96" CONTENT="endast"/><SP WIDTH="16" VPOS="1025" HPOS="864"/>
							<String ID="string_319" HPOS="880" VPOS="1025" WIDTH="9" HEIGHT="21" WC="0.92" CONTENT="i"/>
						</TextLine>
						<TextLine ID="line_32" HPOS="64" VPOS="1053" WIDTH="825" HEIGHT="28">
							<String ID="string_320" HPOS="64" VPOS="1054" WIDTH="115" HEIGHT="27" WC="0.96" CONTENT="anledning"/><SP WIDTH="16" VPOS="1054" HPOS="179"/>
							<String ID="string_321" HPOS="195" VPOS="1054" WIDTH="23" HEIGHT="22" WC="0.97" CONTENT="af"/><SP WIDTH="13" VPOS="1054" HPOS="218"/>
							<String ID="string_322" HPOS="231" VPOS="1056" WIDTH="32" HEIGHT="19" WC="0.93" CONTENT="ett"/><SP WIDTH="14" VPOS="1056" HPOS="263"/>
							<String ID="string_323" HPOS="277" VPOS="1054" WIDTH="107" HEIGHT="27" WC="0.95" CONTENT="yttrande,"/><SP WIDTH="16" VPOS="1054" HPOS="384"/>
							<String ID="string_324" HPOS="400" VPOS="1060" WIDTH="46" HEIGHT="15" WC="0.93" CONTENT="som"/><SP WIDTH="20" VPOS="1060" HPOS="446"/>
							<String ID="string_325" HPOS="466" VPOS="1054" WIDTH="71" HEIGHT="27" WC="0.95" CONTENT="grefve"/><SP WIDTH="14" VPOS="1054" HPOS="537"/>
							<String ID="string_326" HPOS="551" VPOS="1053" WIDTH="91" HEIGHT="23" WC="0.93" CONTENT="Armfelt"/><SP WIDTH="14" VPOS="1053" HPOS="642"/>
							<String ID="string_327" HPOS="656" VPOS="1053" WIDTH="64" HEIGHT="28" WC="0.92" CONTENT="afgaf."/><SP WIDTH="29" VPOS="1053" HPOS="720"/>
							<String ID="string_328" HPOS="749" VPOS="1054" WIDTH="42" HEIGHT="27" WC="0.93" CONTENT="Jag"/><SP WIDTH="14" VPOS="1054" HPOS="791"/>
							<String ID="string_329" HPOS="805" VPOS="1054" WIDTH="84" HEIGHT="27" WC="0.96" CONTENT="tyckte,"/>
						</TextLine>
						<TextLine ID="line_33" HPOS="64" VPOS="1082" WIDTH="824" HEIGHT="27">
							<String ID="string_330" HPOS="64" VPOS="1084" WIDTH="33" HEIGHT="20" WC="0.96" CONTENT="att"/><SP WIDTH="14" VPOS="1084" HPOS="97"/>
							<String ID="string_331" HPOS="111" VPOS="1082" WIDTH="43" HEIGHT="22" WC="0.93" CONTENT="han"/><SP WIDTH="14" VPOS="1082" HPOS="154"/>
							<String ID="string_332" HPOS="168" VPOS="1082" WIDTH="93" HEIGHT="27" WC="0.92" CONTENT="yttrade,"/><SP WIDTH="17" VPOS="1082" HPOS="261"/>
							<String ID="string_333" HPOS="278" VPOS="1084" WIDTH="33" HEIGHT="20" WC="0.93" CONTENT="att"/><SP WIDTH="13" VPOS="1084" HPOS="311"/>
							<String ID="string_334" HPOS="324" VPOS="1082" WIDTH="192" HEIGHT="22" WC="0.92" CONTENT="bankrevisorerne"/><SP WIDTH="10" VPOS="1082" HPOS="516"/>
							<String ID="string_335" HPOS="526" VPOS="1083" WIDTH="103" HEIGHT="26" WC="0.92" CONTENT="granskat"/><SP WIDTH="10" VPOS="1083" HPOS="629"/>
							<String ID="string_336" HPOS="639" VPOS="1083" WIDTH="41" HEIGHT="20" WC="0.97" CONTENT="den"/><SP WIDTH="7" VPOS="1083" HPOS="680"/>
							<String ID="string_337" HPOS="687" VPOS="1082" WIDTH="143" HEIGHT="27" WC="0.96" CONTENT="redovisning,"/><SP WIDTH="10" VPOS="1082" HPOS="830"/>
							<String ID="string_338" HPOS="840" VPOS="1088" WIDTH="48" HEIGHT="15" WC="0.96" CONTENT="som"/>
						</TextLine>
						<TextLine ID="line_34" HPOS="62" VPOS="1109" WIDTH="829" HEIGHT="29">
							<String ID="string_339" HPOS="62" VPOS="1111" WIDTH="195" HEIGHT="22" WC="0.89" CONTENT="bankdirektionen"/><SP WIDTH="15" VPOS="1111" HPOS="257"/>
							<String ID="string_340" HPOS="272" VPOS="1109" WIDTH="82" HEIGHT="29" WC="0.91" CONTENT="afgifvit"/><SP WIDTH="16" VPOS="1109" HPOS="354"/>
							<String ID="string_341" HPOS="370" VPOS="1110" WIDTH="59" HEIGHT="23" WC="0.93" CONTENT="öfver"/><SP WIDTH="14" VPOS="1110" HPOS="429"/>
							<String ID="string_342" HPOS="443" VPOS="1111" WIDTH="129" HEIGHT="22" WC="0.93" CONTENT="bankhuset."/><SP WIDTH="14" VPOS="1111" HPOS="572"/>
							<String ID="string_343" HPOS="586" VPOS="1111" WIDTH="42" HEIGHT="26" WC="0.96" CONTENT="Jag"/><SP WIDTH="14" VPOS="1111" HPOS="628"/>
							<String ID="string_344" HPOS="642" VPOS="1111" WIDTH="37" HEIGHT="21" WC="0.93" CONTENT="vill"/><SP WIDTH="14" VPOS="1111" HPOS="679"/>
							<String ID="string_345" HPOS="693" VPOS="1110" WIDTH="65" HEIGHT="22" WC="0.91" CONTENT="hafva"/><SP WIDTH="14" VPOS="1110" HPOS="758"/>
							<String ID="string_346" HPOS="772" VPOS="1110" WIDTH="119" HEIGHT="22" WC="0.91" CONTENT="tillkänna-"/>
						</TextLine>
						<TextLine ID="line_35" HPOS="64" VPOS="1139" WIDTH="825" HEIGHT="28">
							<String ID="string_347" HPOS="64" VPOS="1139" WIDTH="72" HEIGHT="28" WC="0.93" CONTENT="gifvet,"/><SP WIDTH="23" VPOS="1139" HPOS="136"/>
							<String ID="string_348" HPOS="159" VPOS="1141" WIDTH="34" HEIGHT="20" WC="0.92" CONTENT="att"/><SP WIDTH="20" VPOS="1141" HPOS="193"/>
							<String ID="string_349" HPOS="213" VPOS="1139" WIDTH="193" HEIGHT="22" WC="0.92" CONTENT="bankdirektionen"/><SP WIDTH="22" VPOS="1139" HPOS="406"/>
							<String ID="string_350" HPOS="428" VPOS="1139" WIDTH="49" HEIGHT="22" WC="0.92" CONTENT="icke"/><SP WIDTH="18" VPOS="1139" HPOS="477"/>
							<String ID="string_351" HPOS="495" VPOS="1139" WIDTH="81" HEIGHT="28" WC="0.92" CONTENT="afgifvit"/><SP WIDTH="15" VPOS="1139" HPOS="576"/>
							<String ID="string_352" HPOS="591" VPOS="1139" WIDTH="71" HEIGHT="27" WC="0.93" CONTENT="nägon"/><SP WIDTH="14" VPOS="1139" HPOS="662"/>
							<String ID="string_353" HPOS="676" VPOS="1139" WIDTH="137" HEIGHT="27" WC="0.96" CONTENT="redovisning"/><SP WIDTH="16" VPOS="1139" HPOS="813"/>
							<String ID="string_354" HPOS="829" VPOS="1139" WIDTH="60" HEIGHT="22" WC="0.96" CONTENT="öfver"/>
						</TextLine>
						<TextLine ID="line_36" HPOS="63" VPOS="1167" WIDTH="825" HEIGHT="28">
							<String ID="string_355" HPOS="63" VPOS="1167" WIDTH="237" HEIGHT="28" WC="0.91" CONTENT="bankhusbyggnaden;"/><SP WIDTH="16" VPOS="1167" HPOS="300"/>
							<String ID="string_356" HPOS="316" VPOS="1167" WIDTH="38" HEIGHT="22" WC="0.96" CONTENT="det"/><SP WIDTH="14" VPOS="1167" HPOS="354"/>
							<String ID="string_357" HPOS="368" VPOS="1168" WIDTH="40" HEIGHT="22" WC="0.87" CONTENT="har"/><SP WIDTH="14" VPOS="1168" HPOS="408"/>
							<String ID="string_358" HPOS="422" VPOS="1168" WIDTH="48" HEIGHT="21" WC="0.93" CONTENT="icke"/><SP WIDTH="14" VPOS="1168" HPOS="470"/>
							<String ID="string_359" HPOS="484" VPOS="1169" WIDTH="83" HEIGHT="21" WC="0.96" CONTENT="kunnat"/><SP WIDTH="15" VPOS="1169" HPOS="567"/>
							<String ID="string_360" HPOS="582" VPOS="1169" WIDTH="85" HEIGHT="21" WC="0.96" CONTENT="komma"/><SP WIDTH="15" VPOS="1169" HPOS="667"/>
							<String ID="string_361" HPOS="682" VPOS="1168" WIDTH="6" HEIGHT="21" WC="0.92" CONTENT="i"/><SP WIDTH="15" VPOS="1168" HPOS="688"/>
							<String ID="string_362" HPOS="703" VPOS="1167" WIDTH="67" HEIGHT="28" WC="0.90" CONTENT="fräga,"/><SP WIDTH="8" VPOS="1167" HPOS="770"/>
							<String ID="string_363" HPOS="778" VPOS="1170" WIDTH="34" HEIGHT="19" WC="0.93" CONTENT="att"/><SP WIDTH="7" VPOS="1170" HPOS="812"/>
							<String ID="string_364" HPOS="819" VPOS="1167" WIDTH="69" HEIGHT="22" WC="0.90" CONTENT="bank-"/>
						</TextLine>
						<TextLine ID="line_37" HPOS="63" VPOS="1196" WIDTH="825" HEIGHT="28">
							<String ID="string_365" HPOS="63" VPOS="1197" WIDTH="136" HEIGHT="22" WC="0.92" CONTENT="direktionen"/><SP WIDTH="22" VPOS="1197" HPOS="199"/>
							<String ID="string_366" HPOS="221" VPOS="1197" WIDTH="69" HEIGHT="21" WC="0.93" CONTENT="skulle"/><SP WIDTH="23" VPOS="1197" HPOS="290"/>
							<String ID="string_367" HPOS="313" VPOS="1196" WIDTH="78" HEIGHT="28" WC="0.92" CONTENT="afgifva"/><SP WIDTH="21" VPOS="1196" HPOS="391"/>
							<String ID="string_368" HPOS="412" VPOS="1197" WIDTH="136" HEIGHT="27" WC="0.96" CONTENT="redovisning"/><SP WIDTH="20" VPOS="1197" HPOS="548"/>
							<String ID="string_369" HPOS="568" VPOS="1197" WIDTH="34" HEIGHT="22" WC="0.96" CONTENT="för"/><SP WIDTH="14" VPOS="1197" HPOS="602"/>
							<String ID="string_370" HPOS="616" VPOS="1198" WIDTH="32" HEIGHT="20" WC="0.93" CONTENT="ett"/><SP WIDTH="15" VPOS="1198" HPOS="648"/>
							<String ID="string_371" HPOS="663" VPOS="1196" WIDTH="104" HEIGHT="28" WC="0.91" CONTENT="uppdrag,"/><SP WIDTH="16" VPOS="1196" HPOS="767"/>
							<String ID="string_372" HPOS="783" VPOS="1202" WIDTH="47" HEIGHT="16" WC="0.96" CONTENT="som"/><SP WIDTH="15" VPOS="1202" HPOS="830"/>
							<String ID="string_373" HPOS="845" VPOS="1197" WIDTH="43" HEIGHT="21" WC="0.96" CONTENT="den"/>
						</TextLine>
						<TextLine ID="line_38" HPOS="64" VPOS="1225" WIDTH="205" HEIGHT="28">
							<String ID="string_374" HPOS="64" VPOS="1225" WIDTH="70" HEIGHT="28" WC="0.93" CONTENT="aldrig"/><SP WIDTH="15" VPOS="1225" HPOS="134"/>
							<String ID="string_375" HPOS="149" VPOS="1225" WIDTH="120" HEIGHT="27" WC="0.92" CONTENT="emottagit."/>
						</TextLine>
					</TextBlock>
					<TextBlock ID="block_4" HPOS="62" VPOS="1253" WIDTH="827" HEIGHT="141">
						<TextLine ID="line_39" HPOS="131" VPOS="1253" WIDTH="757" HEIGHT="28">
							<String ID="string_376" HPOS="131" VPOS="1253" WIDTH="57" HEIGHT="22" WC="0.95" CONTENT="Herr"/><SP WIDTH="14" VPOS="1253" HPOS="188"/>
							<String ID="string_377" HPOS="202" VPOS="1259" WIDTH="41" HEIGHT="16" WC="0.93" CONTENT="von"/><SP WIDTH="17" VPOS="1259" HPOS="243"/>
							<String ID="string_378" HPOS="260" VPOS="1253" WIDTH="191" HEIGHT="22" WC="0.92" CONTENT="Christierson:"/><SP WIDTH="15" VPOS="1253" HPOS="451"/>
							<String ID="string_379" HPOS="466" VPOS="1253" WIDTH="35" HEIGHT="22" WC="0.91" CONTENT="Dä"/><SP WIDTH="7" VPOS="1253" HPOS="501"/>
							<String ID="string_380" HPOS="508" VPOS="1253" WIDTH="60" HEIGHT="28" WC="0.91" CONTENT="fräga"/><SP WIDTH="8" VPOS="1253" HPOS="568"/>
							<String ID="string_381" HPOS="576" VPOS="1253" WIDTH="39" HEIGHT="22" WC="0.96" CONTENT="har"/><SP WIDTH="7" VPOS="1253" HPOS="615"/>
							<String ID="string_382" HPOS="622" VPOS="1253" WIDTH="75" HEIGHT="28" WC="0.96" CONTENT="gjorts,"/><SP WIDTH="8" VPOS="1253" HPOS="697"/>
							<String ID="string_383" HPOS="705" VPOS="1253" WIDTH="106" HEIGHT="22" WC="0.93" CONTENT="huruvida"/><SP WIDTH="7" VPOS="1253" HPOS="811"/>
							<String ID="string_384" HPOS="818" VPOS="1253" WIDTH="70" HEIGHT="21" WC="0.91" CONTENT="bank-"/>
						</TextLine>
						<TextLine ID="line_40" HPOS="63" VPOS="1281" WIDTH="825" HEIGHT="28">
							<String ID="string_385" HPOS="63" VPOS="1282" WIDTH="109" HEIGHT="22" WC="0.91" CONTENT="utskottet"/><SP WIDTH="22" VPOS="1282" HPOS="172"/>
							<String ID="string_386" HPOS="194" VPOS="1284" WIDTH="57" HEIGHT="20" WC="0.96" CONTENT="ännu"/><SP WIDTH="22" VPOS="1284" HPOS="251"/>
							<String ID="string_387" HPOS="273" VPOS="1282" WIDTH="57" HEIGHT="22" WC="0.96" CONTENT="hade"/><SP WIDTH="19" VPOS="1282" HPOS="330"/>
							<String ID="string_388" HPOS="349" VPOS="1281" WIDTH="34" HEIGHT="23" WC="0.93" CONTENT="för"/><SP WIDTH="19" VPOS="1281" HPOS="383"/>
							<String ID="string_389" HPOS="402" VPOS="1282" WIDTH="65" HEIGHT="27" WC="0.92" CONTENT="afsigt"/><SP WIDTH="15" VPOS="1282" HPOS="467"/>
							<String ID="string_390" HPOS="482" VPOS="1284" WIDTH="32" HEIGHT="20" WC="0.96" CONTENT="att"/><SP WIDTH="14" VPOS="1284" HPOS="514"/>
							<String ID="string_391" HPOS="528" VPOS="1283" WIDTH="86" HEIGHT="21" WC="0.96" CONTENT="komma"/><SP WIDTH="14" VPOS="1283" HPOS="614"/>
							<String ID="string_392" HPOS="628" VPOS="1282" WIDTH="22" HEIGHT="21" WC="0.96" CONTENT="in"/><SP WIDTH="14" VPOS="1282" HPOS="650"/>
							<String ID="string_393" HPOS="664" VPOS="1282" WIDTH="50" HEIGHT="22" WC="0.96" CONTENT="med"/><SP WIDTH="15" VPOS="1282" HPOS="714"/>
							<String ID="string_394" HPOS="729" VPOS="1281" WIDTH="159" HEIGHT="27" WC="0.80" CONTENT="framställning"/>
						</TextLine>
						<TextLine ID="line_41" HPOS="63" VPOS="1310" WIDTH="826" HEIGHT="29">
							<String ID="string_395" HPOS="63" VPOS="1311" WIDTH="92" HEIGHT="23" WC="0.92" CONTENT="rörande"/><SP WIDTH="16" VPOS="1311" HPOS="155"/>
							<String ID="string_396" HPOS="171" VPOS="1311" WIDTH="133" HEIGHT="22" WC="0.92" CONTENT="bankhusets"/><SP WIDTH="16" VPOS="1311" HPOS="304"/>
							<String ID="string_397" HPOS="320" VPOS="1311" WIDTH="122" HEIGHT="27" WC="0.91" CONTENT="besigtning"/><SP WIDTH="16" VPOS="1311" HPOS="442"/>
							<String ID="string_398" HPOS="458" VPOS="1311" WIDTH="40" HEIGHT="22" WC="0.93" CONTENT="och"/><SP WIDTH="15" VPOS="1311" HPOS="498"/>
							<String ID="string_399" HPOS="513" VPOS="1311" WIDTH="132" HEIGHT="28" WC="0.92" CONTENT="granskning"/><SP WIDTH="9" VPOS="1311" HPOS="645"/>
							<String ID="string_400" HPOS="654" VPOS="1310" WIDTH="48" HEIGHT="22" WC="0.92" CONTENT="utaf"/><SP WIDTH="9" VPOS="1310" HPOS="702"/>
							<String ID="string_401" HPOS="711" VPOS="1310" WIDTH="178" HEIGHT="27" WC="0.91" CONTENT="räkenskaperna"/>
						</TextLine>
						<TextLine ID="line_42" HPOS="63" VPOS="1338" WIDTH="825" HEIGHT="28">
							<String ID="string_402" HPOS="63" VPOS="1339" WIDTH="34" HEIGHT="22" WC="0.93" CONTENT="för"/><SP WIDTH="16" VPOS="1339" HPOS="97"/>
							<String ID="string_403" HPOS="113" VPOS="1340" WIDTH="125" HEIGHT="25" WC="0.92" CONTENT="detsamma,"/><SP WIDTH="16" VPOS="1340" HPOS="238"/>
							<String ID="string_404" HPOS="254" VPOS="1339" WIDTH="25" HEIGHT="21" WC="0.93" CONTENT="sä"/><SP WIDTH="15" VPOS="1339" HPOS="279"/>
							<String ID="string_405" HPOS="294" VPOS="1339" WIDTH="32" HEIGHT="21" WC="0.90" CONTENT="fär"/><SP WIDTH="12" VPOS="1339" HPOS="326"/>
							<String ID="string_406" HPOS="338" VPOS="1339" WIDTH="38" HEIGHT="26" WC="0.93" CONTENT="jag"/><SP WIDTH="16" VPOS="1339" HPOS="376"/>
							<String ID="string_407" HPOS="392" VPOS="1342" WIDTH="52" HEIGHT="18" WC="0.92" CONTENT="äran"/><SP WIDTH="15" VPOS="1342" HPOS="444"/>
							<String ID="string_408" HPOS="459" VPOS="1340" WIDTH="97" HEIGHT="26" WC="0.89" CONTENT="upplysa,"/><SP WIDTH="12" VPOS="1340" HPOS="556"/>
							<String ID="string_409" HPOS="568" VPOS="1341" WIDTH="32" HEIGHT="19" WC="0.93" CONTENT="att"/><SP WIDTH="9" VPOS="1341" HPOS="600"/>
							<String ID="string_410" HPOS="609" VPOS="1339" WIDTH="166" HEIGHT="21" WC="0.91" CONTENT="bankutskottet"/><SP WIDTH="9" VPOS="1339" HPOS="775"/>
							<String ID="string_411" HPOS="784" VPOS="1339" WIDTH="49" HEIGHT="20" WC="0.93" CONTENT="icke"/><SP WIDTH="8" VPOS="1339" HPOS="833"/>
							<String ID="string_412" HPOS="841" VPOS="1338" WIDTH="47" HEIGHT="21" WC="0.92" CONTENT="haft"/>
						</TextLine>
						<TextLine ID="line_43" HPOS="62" VPOS="1366" WIDTH="556" HEIGHT="28">
							<String ID="string_413" HPOS="62" VPOS="1367" WIDTH="34" HEIGHT="22" WC="0.93" CONTENT="för"/><SP WIDTH="15" VPOS="1367" HPOS="96"/>
							<String ID="string_414" HPOS="111" VPOS="1367" WIDTH="65" HEIGHT="27" WC="0.92" CONTENT="afsigt"/><SP WIDTH="14" VPOS="1367" HPOS="176"/>
							<String ID="string_415" HPOS="190" VPOS="1369" WIDTH="33" HEIGHT="20" WC="0.93" CONTENT="att"/><SP WIDTH="15" VPOS="1369" HPOS="223"/>
							<String ID="string_416" HPOS="238" VPOS="1366" WIDTH="78" HEIGHT="27" WC="0.93" CONTENT="afgifva"/><SP WIDTH="16" VPOS="1366" HPOS="316"/>
							<String ID="string_417" HPOS="332" VPOS="1373" WIDTH="26" HEIGHT="16" WC="0.93" CONTENT="en"/><SP WIDTH="15" VPOS="1373" HPOS="358"/>
							<String ID="string_418" HPOS="373" VPOS="1367" WIDTH="68" HEIGHT="22" WC="0.92" CONTENT="sädan"/><SP WIDTH="15" VPOS="1367" HPOS="441"/>
							<String ID="string_419" HPOS="456" VPOS="1366" WIDTH="162" HEIGHT="27" WC="0.96" CONTENT="framställning."/>
						</TextLine>
					</TextBlock>
					<TextBlock ID="block_5" HPOS="63" VPOS="1394" WIDTH="828" HEIGHT="117">
						<TextLine ID="line_44" HPOS="131" VPOS="1394" WIDTH="759" HEIGHT="28">
							<String ID="string_420" HPOS="131" VPOS="1396" WIDTH="58" HEIGHT="21" WC="0.96" CONTENT="Herr"/><SP WIDTH="14" VPOS="1396" HPOS="189"/>
							<String ID="string_421" HPOS="203" VPOS="1395" WIDTH="102" HEIGHT="22" WC="0.93" CONTENT="Taube:"/><SP WIDTH="17" VPOS="1395" HPOS="305"/>
							<String ID="string_422" HPOS="322" VPOS="1395" WIDTH="78" HEIGHT="22" WC="0.92" CONTENT="Grefve"/><SP WIDTH="13" VPOS="1395" HPOS="400"/>
							<String ID="string_423" HPOS="413" VPOS="1395" WIDTH="91" HEIGHT="22" WC="0.96" CONTENT="Armfelt"/><SP WIDTH="15" VPOS="1395" HPOS="504"/>
							<String ID="string_424" HPOS="519" VPOS="1395" WIDTH="40" HEIGHT="22" WC="0.93" CONTENT="har"/><SP WIDTH="15" VPOS="1395" HPOS="559"/>
							<String ID="string_425" HPOS="574" VPOS="1395" WIDTH="83" HEIGHT="26" WC="0.93" CONTENT="erkänt,"/><SP WIDTH="16" VPOS="1395" HPOS="657"/>
							<String ID="string_426" HPOS="673" VPOS="1396" WIDTH="32" HEIGHT="21" WC="0.95" CONTENT="att"/><SP WIDTH="7" VPOS="1396" HPOS="705"/>
							<String ID="string_427" HPOS="712" VPOS="1395" WIDTH="36" HEIGHT="21" WC="0.93" CONTENT="vid"/><SP WIDTH="8" VPOS="1395" HPOS="748"/>
							<String ID="string_428" HPOS="756" VPOS="1394" WIDTH="134" HEIGHT="28" WC="0.92" CONTENT="granskning"/>
						</TextLine>
						<TextLine ID="line_45" HPOS="63" VPOS="1423" WIDTH="828" HEIGHT="30">
							<String ID="string_429" HPOS="63" VPOS="1424" WIDTH="24" HEIGHT="23" WC="0.93" CONTENT="af"/><SP WIDTH="20" VPOS="1424" HPOS="87"/>
							<String ID="string_430" HPOS="107" VPOS="1424" WIDTH="239" HEIGHT="29" WC="0.91" CONTENT="bankhusbyggnadens"/><SP WIDTH="22" VPOS="1424" HPOS="346"/>
							<String ID="string_431" HPOS="368" VPOS="1424" WIDTH="147" HEIGHT="28" WC="0.90" CONTENT="räkenskaper"/><SP WIDTH="13" VPOS="1424" HPOS="515"/>
							<String ID="string_432" HPOS="528" VPOS="1423" WIDTH="94" HEIGHT="23" WC="0.93" CONTENT="revision"/><SP WIDTH="14" VPOS="1423" HPOS="622"/>
							<String ID="string_433" HPOS="636" VPOS="1423" WIDTH="115" HEIGHT="29" WC="0.90" CONTENT="försiggätt"/><SP WIDTH="14" VPOS="1423" HPOS="751"/>
							<String ID="string_434" HPOS="765" VPOS="1424" WIDTH="72" HEIGHT="21" WC="0.93" CONTENT="säsom"/><SP WIDTH="12" VPOS="1424" HPOS="837"/>
							<String ID="string_435" HPOS="849" VPOS="1423" WIDTH="42" HEIGHT="28" WC="0.85" CONTENT="jag"/>
						</TextLine>
						<TextLine ID="line_46" HPOS="63" VPOS="1452" WIDTH="827" HEIGHT="30">
							<String ID="string_436" HPOS="63" VPOS="1454" WIDTH="90" HEIGHT="28" WC="0.88" CONTENT="antagit,"/><SP WIDTH="24" VPOS="1454" HPOS="153"/>
							<String ID="string_437" HPOS="177" VPOS="1454" WIDTH="20" HEIGHT="21" WC="0.92" CONTENT="d."/><SP WIDTH="23" VPOS="1454" HPOS="197"/>
							<String ID="string_438" HPOS="220" VPOS="1460" WIDTH="19" HEIGHT="15" WC="0.96" CONTENT="v."/><SP WIDTH="23" VPOS="1460" HPOS="239"/>
							<String ID="string_439" HPOS="262" VPOS="1458" WIDTH="17" HEIGHT="17" WC="0.95" CONTENT="s."/><SP WIDTH="22" VPOS="1458" HPOS="279"/>
							<String ID="string_440" HPOS="301" VPOS="1453" WIDTH="79" HEIGHT="22" WC="0.96" CONTENT="endast"/><SP WIDTH="14" VPOS="1453" HPOS="380"/>
							<String ID="string_441" HPOS="394" VPOS="1453" WIDTH="49" HEIGHT="22" WC="0.93" CONTENT="med"/><SP WIDTH="14" VPOS="1453" HPOS="443"/>
							<String ID="string_442" HPOS="457" VPOS="1453" WIDTH="167" HEIGHT="22" WC="0.92" CONTENT="konstaterande"/><SP WIDTH="15" VPOS="1453" HPOS="624"/>
							<String ID="string_443" HPOS="639" VPOS="1453" WIDTH="65" HEIGHT="26" WC="0.90" CONTENT="deraf,"/><SP WIDTH="15" VPOS="1453" HPOS="704"/>
							<String ID="string_444" HPOS="719" VPOS="1454" WIDTH="34" HEIGHT="21" WC="0.93" CONTENT="att"/><SP WIDTH="15" VPOS="1454" HPOS="753"/>
							<String ID="string_445" HPOS="768" VPOS="1452" WIDTH="122" HEIGHT="28" WC="0.91" CONTENT="gvittanser"/>
						</TextLine>
						<TextLine ID="line_47" HPOS="63" VPOS="1481" WIDTH="827" HEIGHT="30">
							<String ID="string_446" HPOS="63" VPOS="1483" WIDTH="128" HEIGHT="23" WC="0.90" CONTENT="förefunnits"/><SP WIDTH="24" VPOS="1483" HPOS="191"/>
							<String ID="string_447" HPOS="215" VPOS="1482" WIDTH="59" HEIGHT="23" WC="0.78" CONTENT="öfver"/><SP WIDTH="19" VPOS="1482" HPOS="274"/>
							<String ID="string_448" HPOS="293" VPOS="1483" WIDTH="27" HEIGHT="22" WC="0.93" CONTENT="de"/><SP WIDTH="18" VPOS="1483" HPOS="320"/>
							<String ID="string_449" HPOS="338" VPOS="1482" WIDTH="80" HEIGHT="29" WC="0.93" CONTENT="lyftade"/><SP WIDTH="15" VPOS="1482" HPOS="418"/>
							<String ID="string_450" HPOS="433" VPOS="1481" WIDTH="112" HEIGHT="29" WC="0.96" CONTENT="beloppen,"/><SP WIDTH="15" VPOS="1481" HPOS="545"/>
							<String ID="string_451" HPOS="560" VPOS="1482" WIDTH="111" HEIGHT="28" WC="0.96" CONTENT="ingenting"/><SP WIDTH="14" VPOS="1482" HPOS="671"/>
							<String ID="string_452" HPOS="685" VPOS="1481" WIDTH="80" HEIGHT="23" WC="0.93" CONTENT="vidare."/><SP WIDTH="31" VPOS="1481" HPOS="765"/>
							<String ID="string_453" HPOS="796" VPOS="1481" WIDTH="94" HEIGHT="23" WC="0.86" CONTENT="Således"/>
						</TextLine>
					</TextBlock>
				</ComposedBlock>
			</PrintSpace>
		</Page>
	</Layout>
</alto>
