1073 1720
204 106 55 35 1288
522 106 131 24 Den
573 102 24 35 30
612 106 41 24 maj.

243 176 10 22 I
274 176 12 28 &
308 176 29 25 1,
358 180 47 16 som
424 172 35 23 för
479 172 66 29 öfrigt
562 176 85 25 antogs,
661 173 47 22 blef
719 174 69 22 under
802 175 119 26 mormmentot
935 175 15 21 3
962 174 33 22 in-

172 204 51 23 förd
237 204 43 22 den
293 202 130 24 förändrade
436 201 141 29 bestämning,
592 204 35 20 att
636 197 188 60 menimibeloppet
830 202 23 22 af
861 202 34 22 till
904 202 93 22 afhemt-

173 234 54 27 ning
247 231 80 23 tillåtet
348 230 90 23 bränvin
459 230 110 28 förhöjdes
590 230 47 22 från
659 236 27 16 en
707 229 116 29 fjerdedels
837 231 72 22 kanna
921 231 34 23 till
971 237 27 17 en

173 262 38 22 hel
225 262 78 21 kanna.
958 263 17 6 sm

245 291 26 26 88
285 291 56 21 2—7.
357 287 91 29 gillades
463 287 150 27 oförändrade;
966 293 23 23 x

244 318 12 28 $
271 320 14 20 8
298 319 98 21 deremot
409 316 143 27 förkastades,
567 316 42 22 och
624 318 76 26 antogs
715 317 8 21 i
738 317 50 21 dess
803 317 66 22 ställe
881 316 16 30 &
907 318 25 20 11
943 317 7 21 i
960 317 39 23 nå:

174 348 53 27 diga
241 346 171 29 propositionen;

245 376 12 27 8
280 378 12 20 9
313 374 125 28 godkändes
454 374 96 25 sälunda,
566 376 33 20 att
613 374 33 21 till
661 374 41 22 den
718 380 82 16 samma
815 374 70 22 skulle
900 374 99 28 tilläggas

174 405 31 21 de
219 404 38 22 tvä
271 409 78 17 semare
363 404 122 21 momenten
500 402 23 22 af
536 402 14 29 &
565 405 12 19 7
593 402 8 22 i
615 402 80 28 nädiga
708 403 173 27 propositionen;

245 432 10 22 I
277 433 74 22 stället
372 431 33 22 för
419 430 14 29 &
451 433 32 24 10,
499 436 47 17 som
560 431 144 27 förkastades,
720 434 77 25 antogs
812 437 82 16 samma
908 430 15 30 &
938 431 8 23 i
961 431 38 22 nä-

177 462 50 26 diga
241 461 172 28 propositionen;

276 491 25 20 11
317 489 90 27 gillades
422 490 53 19 utan
490 489 97 26 ändring;

246 490 14 57 N
277 520 26 20 12
317 517 199 23 äterremitterades
531 517 33 22 för
574 516 173 29 omformulering
757 517 7 22 i
775 517 225 23 öfverensstämmelse

175 548 52 21 med
241 547 99 22 ständets
355 546 72 22 beslut
442 546 91 21 rörande
549 545 15 29 $
579 548 23 24 8;

245 576 14 28 &
275 578 27 20 13
317 577 76 26 antogs
407 574 143 27 oförändrad;

245 604 80 22 mellan
347 603 14 29 &
385 606 24 19 13
430 603 39 22 och
485 602 14 29 &
515 605 27 19 14
556 602 68 23 borde
639 603 92 28 insjutas
746 602 13 29 &
777 606 24 20 15
817 610 26 15 ur
857 603 80 28 nådiga
951 609 50 22 pro-

176 634 125 27 positionen
322 633 51 21 med
395 632 41 22 den
458 632 65 27 nägot
542 631 138 23 modifierade
699 632 87 28 lydelse,
803 638 47 16 som
863 633 7 21 i
885 632 68 23 första
967 639 34 15 re-

175 663 140 21 servationen
329 661 71 22 blifvit
413 660 131 27 föreslagen;

277 692 26 20 14
319 689 90 28 gillades
424 691 53 19 utan
491 689 100 27 ändring;

247 690 14 57 :
285 720 25 20 15
333 720 78 24 antogs
430 718 50 21 med
495 718 68 22 sådan
580 718 95 26 ändring,
691 719 33 20 att
738 718 7 21 i
761 718 68 22 slutet
843 717 23 23 af
881 719 50 21 dess
946 719 57 20 1:sta

176 749 99 21 moment
289 747 66 22 orden
372 746 53 27 ,och
440 747 67 21 andra
521 746 214 22 lifsförnödenheter*
748 747 66 21 borde
824 746 109 22 uteslutas
945 748 57 20 samt

176 776 12 22 i
209 776 53 27 följd
284 775 62 22 deraf
365 775 170 27 konjunktionen
559 792 9 9 ,
572 775 53 21 och"
645 774 72 28 flyttas
733 776 91 21 tillbaka
838 774 88 23 framför
941 775 63 22 ordet

181 804 118 28 »frukter";

248 832 15 29 &
286 834 33 26 16,
342 838 47 16 som
410 832 49 22 icke
474 832 96 26 gillades,
587 830 67 24 borde
669 833 93 21 ersättas
778 838 77 22 genom
870 832 14 28 &
901 834 26 20 18
942 832 8 22 i
965 832 38 22 nä-

178 861 53 28 diga
245 861 172 27 propositionen;

249 895 28 22 Af
289 894 15 30 &
321 897 25 20 17
361 895 160 21 utmönstrades
538 897 10 18 1
565 896 123 25 momentet,
705 895 7 21 i
726 894 55 28 följd
796 895 77 22 hvaraf
885 897 14 20 2
909 901 94 16 momen-

180 926 34 20 tet
236 924 69 21 skulle
324 923 154 22 underskastas
495 923 68 22 sådan
579 923 179 28 omformulering,
774 929 47 16 som
836 924 23 22 af
873 925 70 21 denna
958 925 47 21 ute-

177 953 99 26 slutning
290 959 39 16 var
343 952 112 27 betingad;

248 987 11 21 I
281 986 154 27 sammanhang
454 986 90 21 härmed
563 986 82 22 beslöts
665 986 71 22 erinra
750 987 114 25 utskottet,
880 988 34 20 att
925 986 79 27 jämväl

179 1016 15 21 å
210 1015 42 21 alla
266 1014 94 28 följande
375 1014 84 27 ställen,
476 1015 39 21 der
529 1014 61 28 fråga
605 1016 26 20 är
645 1020 35 15 om
694 1014 195 28 minutförsäljning
903 1016 15 20 &
928 1015 76 26 landet,

181 1043 118 23 verkställa
314 1050 26 15 en
356 1042 22 22 af
391 1043 67 27 sagde
474 1042 134 28 uteslutning
623 1043 109 22 beroende
747 1043 168 28 omredigering;

250 1078 27 22 de
288 1077 137 23 återstående
435 1076 29 30 $$
476 1078 83 21 18—27
567 1078 59 21 inom
636 1077 7 21 i
653 1076 61 28 fråga
721 1077 94 27 varande
823 1078 78 22 artikel
908 1078 11 21 I
927 1078 78 26 blefvo,

179 1107 56 21 hvar
250 1106 54 22 efter
319 1112 76 20 annan,
412 1106 124 26 godkända;
849 1134 4 2 .

250 1141 59 22 Derä
323 1140 90 27 gillades
427 1143 52 19 utan
494 1141 91 27 ändring
600 1140 116 22 artiklarne
731 1140 27 27 II,
773 1140 32 22 III
820 1140 41 22 och
874 1140 30 22 IV
919 1140 7 22 i
941 1140 64 22 deras

181 1170 75 21 helhet
271 1170 60 22 såväl
345 1169 49 21 med
409 1170 82 26 hänsyn
506 1169 33 21 till
554 1169 127 22 rubrikerna
695 1176 47 15 som
758 1176 27 15 en
799 1170 53 21 hvar
866 1169 23 22 af
903 1170 26 21 de
939 1170 8 21 i
957 1169 49 21 dem

181 1198 107 28 ingående
310 1198 63 26 S&:ne
392 1198 47 21 från
455 1200 26 19 28
496 1198 33 22 till
544 1198 41 22 och
599 1198 48 21 med
663 1200 34 24 62,
713 1198 78 22 endast
805 1198 50 22 med
871 1198 85 22 erinran
972 1204 34 15 om

179 1227 66 21 ofvan
260 1227 86 27 angifna
361 1226 173 28 omformulering
549 1227 7 21 i
567 1226 114 28 anledning
692 1226 23 22 af
723 1227 98 21 ständets
832 1227 73 21 beslut
914 1227 92 21 rörande

180 1255 197 27 minutförsäljning
391 1255 24 21 af
428 1255 89 21 bränvin
532 1256 29 26 pä
575 1254 80 22 landet.

251 1288 108 22 Särskildt
373 1289 68 25 ansåg
455 1289 88 20 ståndet
558 1289 32 25 sig
602 1288 81 27 jämväl
693 1289 54 20 böra
757 1288 56 22 fästa
823 1289 120 21 utskottets
952 1293 55 22 upp-

179 1317 150 22 märksamhet
350 1317 37 21 vid
407 1315 102 23 behofvet
525 1316 23 21 af
560 1316 124 28 förändring
699 1317 7 20 i
721 1317 164 27 paragrafernes
900 1322 107 17 nummer-

181 1345 53 28 följd
257 1345 40 22 och
320 1345 83 26 citatér,
424 1351 47 15 som
489 1345 67 22 borde
572 1345 85 28 bringas
677 1345 34 22 till
731 1345 140 22 konformitet
885 1346 50 22 med
949 1346 58 21 stån-

179 1375 50 22 dets
251 1375 7 21 i
281 1374 108 22 särskilda
413 1374 60 21 delar
494 1374 47 21 från
565 1374 118 22 utskottets
699 1374 81 28 förslag
795 1374 113 23 afvikande
923 1375 82 26 beslut,

181 1403 120 28 hvarjämte
321 1403 87 22 ståndet
422 1402 51 22 fann
489 1403 115 27 angeläget
618 1409 57 21 vara,
692 1405 36 20 att
739 1404 110 21 utskottet
863 1403 51 23 ville
928 1403 79 22 under-

181 1432 65 22 kasta
267 1431 151 28 lagförslagets
441 1431 69 23 finska
532 1433 47 20 text
596 1438 27 17 en
638 1431 97 29 förnyad,
750 1433 111 27 sorgfällig
875 1433 133 28 granskning

181 1461 44 22 och
240 1461 73 22 dervid
328 1461 96 27 aflägsna
439 1460 176 23 förekommande
630 1461 171 29 oegentligheter
815 1462 6 21 i
836 1462 94 28 uttryck,
941 1461 67 23 bland

181 1490 74 21 hvilka
277 1490 129 27 exempelvis
428 1489 135 28 påpekades:
586 1490 7 21 i
615 1490 58 27 3:dje
694 1489 36 29 &n
753 1491 63 21 ordet
836 1490 82 29 ,kyky*
935 1491 74 21 såsom

181 1518 152 23 motsvarande
348 1519 37 21 det
399 1518 94 22 svenska
510 1536 7 10 ,
523 1518 148 28 behörighet",
688 1518 41 23 och
743 1520 28 27 på
787 1525 82 17 samma
883 1522 58 20 samt
954 1518 53 24 flere
