1086 1720
196 111 56 33 1456
513 111 41 18 Den
567 113 10 16 5
589 112 50 18 Juni.

166 179 56 22 hade
238 179 96 26 godkänt
348 177 147 22 betänkandet
509 177 7 21 i
532 178 63 27 öfrigt
610 179 58 20 utom
683 180 34 19 att
732 179 37 20 det
783 177 47 23 från
843 183 63 16 mom.
920 177 10 20 1
942 178 48 20 ute-

167 207 62 22 slutit
251 206 123 22 uttalandet
396 207 33 20 att
450 205 58 22 vissa
528 208 79 20 tomter
625 207 76 21 främst
716 207 69 21 skulle
799 207 8 20 i
821 206 61 27 fråga
896 205 94 26 komma,

167 236 119 27 hvarjämte
306 235 90 21 ståndet
416 233 49 22 ville
481 233 62 22 hafva
562 235 38 21 det
614 235 76 26 tillägg
706 237 32 19 att
753 235 161 26 delegationens
929 240 59 21 myn-

167 264 75 28 dighet
255 264 85 21 komme
359 264 33 20 att
410 262 90 21 fortfara
515 263 32 21 till
563 264 50 21 dess
629 264 116 21 ständerna
759 263 35 22 vid
809 265 64 20 nästa
886 262 107 27 landtdag

167 295 69 20 utsett
252 299 28 15 en
296 299 27 20 ny
338 291 120 28 delegation
475 291 52 22 eller
541 293 133 21 annorlunda
688 293 7 20 i
710 293 67 21 saken
793 292 104 26 beslutat;
913 291 77 22 hvare-

167 324 45 20 mot
226 320 160 23 bondeståndet
400 320 96 27 godkänt
512 320 144 23 betänkandet
672 321 147 22 oförändradt.

223 351 56 21 Herr
294 349 191 27 Pippingsköld
502 349 71 22 anhöll
588 356 34 15 om
638 351 62 20 ordet
716 350 39 21 och
771 349 94 28 yttrade:
887 349 38 21 Att
939 348 52 21 bor-

167 379 137 27 garståndets
324 377 126 28 inbjudning
468 377 87 22 förfallit
570 379 62 21 torde
647 385 51 15 vara
713 379 25 20 R.
755 385 19 14 o.
790 379 25 20 A.
831 378 121 27 angenämt,
967 378 25 25 ty

167 409 61 21 detta
249 407 40 22 hus
304 407 40 21 har
358 406 66 22 redan
444 405 70 22 blifvit
529 407 86 22 ståndet
630 407 50 21 kärt
695 407 39 22 och
749 407 40 23 har
804 406 118 22 historiska
936 405 54 21 min-

167 443 42 15 nen
224 436 23 22 af
261 436 36 20 det
313 435 65 21 värde
394 436 32 19 att
441 434 80 22 tanken
536 435 28 26 på
579 437 32 19 att
626 436 96 21 nedrifva
737 436 118 20 detsamma
870 434 48 22 icke
933 433 57 21 hade

166 466 50 20 bort
239 470 37 16 ens
295 463 23 21 få
339 463 85 27 uppstå,
444 463 40 21 och
499 463 103 27 förslaget
617 464 68 26 aldrig
700 464 81 22 kunnat
797 462 143 22 erkännas
915 458 27 37 af
954 462 40 21 det

166 493 117 27 höglofliga
303 492 93 21 ståndet.
425 491 62 22 Hvad
510 492 26 21 de
558 494 33 19 tre
614 492 68 27 öfriga
704 492 102 22 ståndens
822 492 25 21 R.
864 498 19 15 o.
899 491 25 21 A.
940 496 51 22 nyss

167 522 128 21 meddelade
311 520 71 22 beslut
396 520 7 21 i
418 520 73 26 frågan
507 521 72 26 angår,
595 521 25 21 så
634 521 70 21 lemna
720 522 63 20 dessa
794 520 73 22 beslut
874 519 119 27 delegatio-

167 557 42 15 nen
231 550 96 27 mycken,
351 555 48 15 man
422 548 72 22 kunde
517 551 58 24 säga,
596 550 27 20 all
639 550 73 26 möjlig
726 550 72 26 frihet,
815 549 40 21 och
869 554 63 22 synes
948 548 45 26 mig

169 580 70 21 denna
260 578 71 25 frihet,
352 578 27 20 då
394 578 26 20 de
435 577 129 26 delegerade
580 578 109 21 sannolikt
704 579 85 21 komma
805 579 32 19 att
851 577 67 27 väljas
933 576 57 21 inom

169 608 26 22 de
210 607 123 27 respektive
348 606 98 25 stånden,
462 612 50 15 vara
530 606 34 22 väl
580 607 128 27 berättigad,
724 607 90 22 emedan
830 605 162 28 delegationens

164 637 142 22 medlemmar
327 641 26 15 en
376 635 53 21 hvar
444 635 103 22 särskildt
567 635 40 22 och
622 635 42 22 alla
679 636 6 21 i
701 635 116 22 allmänhet
831 635 34 21 väl
880 634 63 22 hafva
958 634 35 27 sig

167 666 81 21 bekant
264 665 27 21 de
301 663 130 27 önskningar
440 663 39 22 och
487 663 119 27 fordringar
614 670 44 15 som
668 665 6 20 i
682 665 116 26 synnerhet
808 664 27 21 de
844 663 78 22 ofrälse
929 663 62 21 stån-

168 695 41 21 den
225 693 64 22 ställa
303 693 30 27 pä
347 692 38 21 sitt
400 692 47 21 hus.
463 692 41 27 Jag
519 693 66 26 vågar
600 693 71 21 derför
685 693 114 21 hemställa
815 692 72 22 derom
896 693 32 20 att
936 691 25 21 R.
970 697 20 15 o.

167 724 25 20 A.
208 723 50 21 ville
273 721 69 22 uttala
358 721 33 26 sig
406 720 33 21 för
454 721 129 26 afgifvandet
598 721 23 21 af
634 727 25 16 en
672 721 44 22 lika
723 721 125 26 fullständig
861 720 100 21 fullmakt
968 719 26 22 ät.

169 752 41 21 den
225 750 107 22 blifvande
348 749 286 27 ständerhusdelegationen.
651 750 49 21 Men
710 751 27 20 dä
745 752 78 20 tvänne
831 749 70 26 stånd,
909 748 81 21 bonde-

169 780 40 21 och
224 778 172 28 presteständen,
412 784 8 14 1
436 778 46 20 sina
496 777 81 28 förslag
592 779 55 20 dock
663 779 76 26 antydt
753 779 58 21 vissa
824 779 79 20 tomter
918 777 74 21 säsom

169 807 189 26 ändamälsenliga,
382 805 69 22 skulle
474 806 37 21 det
525 807 47 20 icke
593 813 51 15 vara
659 807 45 21 helt
720 807 39 21 och
776 807 67 21 hället
858 805 133 23 främmande

168 837 33 20 för
215 836 74 26 frägan
306 841 34 15 om
360 835 61 20 äfven
440 834 57 21 inom
512 835 26 21 R.
554 841 19 15 o.
589 835 25 21 A.
630 835 86 27 gjordes
733 841 26 16 en
775 835 58 27 dylik
847 834 99 27 antydan.
962 845 28 3 —

167 865 43 26 Jag
232 864 39 21 har
293 863 66 21 redan
381 862 58 22 förut
461 869 26 14 en
503 863 56 27 gäng
573 863 46 21 haft
635 864 40 20 den
691 866 52 19 äran
757 866 78 19 nämna
850 864 39 24 att,
906 862 25 21 sä
945 862 49 21 vidt

168 894 43 26 mig
232 898 70 22 synes,
325 892 68 26 knapt
406 891 71 26 nägon
492 891 123 50 Fumpiigare
629 892 56 27 plats
701 892 67 22 finnes
784 892 33 22 för
832 892 27 21 de
874 893 33 19 tre
922 890 71 27 öfriga

169 921 104 23 ståndens
288 921 41 21 hus
345 922 26 19 än
386 920 7 20 i
409 921 109 25 qvarteret
551 921 107 26 Leoparden
673 920 40 22 här
727 921 54 21 midt
796 920 65 22 öfver.
877 931 28 3 —
916 918 75 24 Skulle

169 952 26 20 de
210 952 80 22 tvänne
304 948 178 27 gårdstomterna,
498 948 29 27 på
541 949 65 21 södra
621 949 60 22 sidan
690 949 22 22 af
720 949 206 26 Alexandersgatan,
936 947 57 24 midt

169 980 58 21 emot
242 977 146 23 Riddarhuset
403 977 87 25 inlösas,
506 977 26 21 sä
546 978 71 20 kunde
634 978 67 26 derpä
716 978 103 26 uppföras
835 979 32 20 ett
883 976 40 22 bus
934 970 22 38 af
965 975 25 26 de

169 1007 150 25 dimensioner,
334 1012 46 14 som
397 1005 26 22 de
439 1004 67 27 öfriga
522 1006 89 21 stånden
627 1006 79 26 tordra,
727 1006 40 23 och
783 1005 151 23 motsvarande
950 1010 40 15 un-

169 1036 59 28 gefär
251 1035 41 21 den
311 1034 87 26 ritning,
418 1040 46 14 som
484 1034 68 21 blifvit
567 1034 133 27 preliminärt
715 1034 108 28 godkänd.
852 1033 74 23 Skulle
942 1032 52 23 der-

169 1065 33 21 till
222 1066 57 20 ännu
294 1062 159 26 Riddaregatan
468 1062 113 22 fortsättas
597 1065 45 19 mot
657 1063 65 21 söder
737 1063 40 21 och
794 1065 31 19 ett
841 1061 150 23 motsvarande

169 1093 76 27 stycke
260 1092 22 21 af
295 1090 232 22 fruntimmersskolans
543 1091 40 21 hus
599 1092 40 20 och
654 1093 55 20 tomt
717 1091 108 27 uppoffras
835 1102 24 4 —
870 1091 67 27 något
945 1096 47 15 som

169 1124 25 18 är
208 1120 87 28 mycket
309 1120 47 24 lätt,
372 1120 28 20 då
416 1119 70 21 denna
499 1120 61 20 skola
575 1120 56 21 inom
646 1120 50 21 kort
710 1120 32 21 får
753 1122 48 25 nytt
809 1122 50 24 eget
867 1120 40 20 hus
916 1119 12 21 å
937 1124 54 20 egen

169 1151 55 21 tomt
238 1148 36 22 vid
288 1148 200 26 Boulevardsgatan
497 1160 25 3 —
532 1148 24 21 sä
571 1148 68 21 blefve
655 1148 61 22 detta
731 1148 120 21 tre-ständs
866 1148 41 20 hus
924 1149 31 19 ett
962 1146 31 27 på

169 1181 33 19 tre
218 1178 59 21 sidor
291 1176 122 25 fristäende,
430 1177 155 21 monumentalt
599 1176 57 26 verk,
672 1177 86 27 värdigt
767 1176 100 22 Finlands
878 1180 113 22 represen-

170 1209 77 20 tanter.
276 1204 126 23 Kostnaden
425 1211 63 21 synes
508 1205 33 21 väl
561 1205 65 27 nägot
641 1207 53 25 stor,
710 1212 48 15 men
774 1205 117 27 ingalunda
906 1204 25 21 sä
945 1205 48 20 stor

170 1242 46 15 som
232 1236 41 20 den
288 1234 85 22 hvilken
394 1233 84 21 komme
499 1234 7 20 i
520 1233 67 27 fråga,
604 1240 33 15 om
654 1236 109 25 gvarteret
777 1234 115 21 Tumlaren
907 1234 62 26 toges
984 1232 9 20 i

171 1264 94 26 anspråk
279 1263 34 21 för
327 1262 61 20 detta
402 1262 104 20 ändamål.
523 1263 32 19 De
569 1263 64 25 högst
649 1263 134 25 exponerade
799 1262 91 21 ställena
904 1262 36 20 vid
954 1261 38 24 Ul-

169 1291 114 26 rikasborg
305 1290 40 21 och
365 1290 13 19 å
398 1289 132 26 Skatudden,
547 1290 125 26 visserligen
687 1290 145 22 framstående
846 1295 48 15 men
909 1288 84 22 kanske

169 1320 34 22 för
218 1319 85 28 mycket
322 1317 153 26 framstäende,
497 1317 72 22 kunde
585 1318 121 26 derigenom
722 1318 105 22 undvikas
843 1318 40 21 och
898 1317 94 22 Skatud-

171 1349 39 22 den
226 1349 7 21 i
249 1347 115 29 synnerhet
378 1345 99 23 förblifva
492 1349 51 19 utan
559 1347 88 27 störing,
664 1348 32 21 att
708 1347 39 28 jag
761 1347 36 22 mä
804 1349 53 25 säga
865 1341 69 39 lemnad
953 1341 43 39 för

172 1378 36 22 det
223 1377 90 22 afsedda
329 1375 128 27 ändamälet,
473 1375 98 27 handeln,
587 1376 155 27 skeppsfarten.
757 1375 96 23 trafiken.
876 1387 13 4 —
897 1375 94 21 Kostna-

172 1407 68 21 derna
253 1405 71 23 blefve
339 1404 115 27 ingalunda
469 1404 33 22 för
516 1407 65 24 stora,
599 1411 33 15 om
644 1405 26 21 de
678 1405 121 27 föreslagna
806 1407 108 20 tomterna
922 1404 71 22 skulle

170 1436 87 25 inlösas,
273 1437 23 25 ty
311 1433 106 29 betydligt
431 1434 98 20 material
544 1440 87 15 vunnes.
648 1434 102 22 Grunden
765 1435 39 21 bör
819 1440 52 15 vara
885 1434 70 25 säker,
963 1432 30 23 dä

171 1464 25 23 sä
210 1466 60 20 stora
283 1464 42 21 hus
340 1462 67 28 derpä
422 1462 56 22 varit
492 1462 109 28 uppförda,
618 1463 40 21 och
674 1463 26 22 de
716 1464 124 25 kostnader,
856 1469 46 15 som
917 1462 33 22 för
964 1468 27 15 en

169 1496 70 20 sämre
255 1492 68 28 grund
337 1492 29 27 pä
381 1492 31 21 ett
428 1493 64 19 annat
512 1492 62 22 ställe
589 1492 72 22 kunde
675 1492 86 22 komma
775 1492 8 22 i
797 1492 66 27 fräga,
880 1491 112 22 undvikas.

172 1535 23 3 —
213 1522 47 22 Den
275 1521 84 27 förlust,
376 1526 45 16 som
437 1522 71 20 staten
524 1521 56 21 hade
596 1520 65 28 deraf,
677 1522 33 20 att
725 1528 26 15 en
766 1521 35 22 del
810 1520 182 22 affruntimmers-
