1078 1714
428 109 43 18 Den
482 110 10 17 2
504 109 49 18 Juni.
817 112 53 20 1385

76 173 96 29 följande
187 174 139 28 upplysning:
341 169 116 33 Åsigterna
472 174 64 23 hafva
549 175 56 22 varit
619 175 77 23 delade
711 175 81 27 härom,
807 182 48 16 men
864 178 34 20 ut-

78 204 84 21 skottet
177 204 67 26 ansåg
266 204 33 26 sig
320 204 54 21 böra
395 205 53 25 göra
467 206 33 20 ett
514 204 74 22 försök
603 204 33 21 till
651 204 205 28 sammanjämkning
870 206 29 26 på

78 233 45 20 sätt
139 232 124 21 skrifvelsen
278 234 99 20 närmare
391 232 107 26 omfattar,
514 232 64 22 innan
593 232 108 22 utskottet
716 233 105 21 definitivt
828 234 70 21 skulle

77 260 120 21 bestämma
219 260 33 26 sig
273 260 33 22 för
328 262 34 20 att
379 260 79 22 föreslå
472 260 105 22 förstärkt
592 260 91 22 utskott.
713 261 84 27 Frågan
812 267 34 15 om
862 262 38 21 det

77 288 71 22 skulle
163 288 105 22 erfordras
284 288 43 26 två,
342 290 35 20 tre
391 288 52 22 eller
457 288 46 28 fyra
518 289 75 21 stånds
609 289 73 21 beslut
695 289 33 21 för
742 289 86 27 frågans
838 289 60 27 afgö-

77 316 70 22 rande
164 316 39 22 har
217 316 48 22 icke
280 318 56 20 varit
350 317 171 21 slutdiskuterad
535 318 57 20 inom
607 318 171 21 statsutskottet.

150 345 57 21 Herr
221 345 98 27 Antell,
339 345 91 21 Kasten:
453 346 44 21 Det
511 351 64 22 synes
591 346 48 26 mig,
656 352 46 15 som
718 352 34 15 om
751 341 8 37 .
767 346 61 22 detta
843 352 56 16 sam-

77 373 253 27 manjämkningsförslag
344 374 102 21 innebure
463 374 40 21 den
519 374 56 21 enda
589 374 86 27 möjliga
690 376 93 25 utvägen
798 376 33 20 att
838 375 60 21 kom-

78 408 36 16 ma
128 402 33 22 till
176 402 67 26 något
258 404 134 25 gemensamt
406 402 73 22 beslut
493 403 7 21 i
516 403 73 26 saken,
605 404 89 20 emedan
705 403 72 22 såsom
786 403 69 22 kändt
862 404 37 21 två

79 430 64 22 stånd
157 430 107 22 förkastat
278 430 76 28 frågan
373 437 34 15 om
422 431 43 28 4!/;
481 431 108 27 miljoners
604 431 36 21 lån
653 432 33 21 till
700 432 73 21 vidare
786 432 112 27 jernvägs-

77 460 108 26 byggnad,
216 460 97 21 deremot
327 460 40 21 har
383 460 124 26 derigenom
522 462 33 19 att
569 460 156 22 rotevakansen
740 460 48 22 icke
803 460 96 22 kommer

78 490 34 19 att
126 488 90 26 aflyftas,
232 488 38 22 det
285 488 69 22 blifvit
368 488 83 27 möjligt
465 490 34 20 att
513 489 42 21 den
571 489 34 21 del
620 488 23 22 af
656 488 27 22 de
694 489 204 27 bevillningsmedel,

79 522 47 16 som
141 516 52 28 eljes
209 516 47 27 gått
271 517 32 21 till
318 517 117 21 militärens
451 517 70 26 behof,
538 517 31 21 till
585 516 145 23 folkskolorna
738 518 40 20 och
789 518 32 20 till
828 518 70 20 landt-

79 545 178 27 dagskostnader,
281 552 29 14 nu
332 544 62 23 äfven
416 545 42 21 kan
481 545 115 22 öfverföras
612 546 32 20 till
658 545 241 22 kommunikationsfon-

80 574 48 21 den.
159 574 95 21 Sålunda
268 574 98 21 kommer
380 580 48 15 man
443 576 34 19 att
491 574 72 22 kunna
579 574 113 26 disponera
708 574 32 22 till
756 574 72 22 vidare
841 574 58 27 jern-

79 598 185 36 vägsbyggnadere
277 598 91 36 omkring
384 604 12 20 6
411 602 98 26 miljoner
524 603 66 25 mark,
606 605 52 19 utan
673 605 33 19 att
718 603 68 26 något
800 603 34 21 län
845 609 54 21 upp-

79 632 68 26 tages.
177 631 43 21 Det
234 630 40 22 fins
290 631 85 21 således
391 631 115 26 anledning
521 634 32 18 att
568 631 103 26 förmoda,
688 633 33 19 att
736 632 27 21 de
774 632 69 25 stånd,
853 637 47 15 som

79 659 56 22 varit
151 661 58 20 emot
222 660 140 26 upptagande
376 659 23 21 af
411 659 42 26 lån,
469 660 62 21 skola
546 660 27 26 gå
588 660 21 21 in
624 660 28 26 på
667 662 33 19 att
715 659 105 22 öfverföra
835 660 65 21 dessa

79 688 199 26 bevillningsmedel
300 688 33 20 till
355 688 274 28 kommunikationsfonden
647 689 40 21 och
702 688 123 26 derigenom
839 688 61 22 kom-

79 723 46 15 mer
140 723 48 15 man
204 716 32 22 till
252 718 32 20 ett
299 716 71 22 bättre
385 716 98 26 resultat,
499 718 27 20 än
543 718 62 20 desse
621 717 62 21 stånd
698 716 58 22 förut
771 717 55 21 hade
841 716 59 22 med-

80 745 65 27 gifvit.
176 745 42 27 Jag
240 751 63 15 anser
326 745 92 26 säledes,
437 747 33 19 att
483 745 25 21 R.
525 752 18 14 o.
559 746 32 25 A.,
609 751 45 15 som
668 745 33 22 för
716 745 33 21 sin
764 746 35 20 del
814 745 47 27 gätt
876 745 26 21 sä

80 774 67 26 längt,
165 775 33 19 att
213 773 37 21 det
264 773 111 27 medgifvit
390 774 147 26 upptagandet
553 774 22 20 af
583 775 33 20 ett
625 774 41 24 län,
676 774 72 21 kunde
758 773 75 27 frängä
841 774 60 21 detta

79 802 41 21 sitt
135 802 72 21 beslut
222 802 40 21 och
278 801 72 22 bifalla
366 802 31 20 till
414 802 175 21 statsutskottets
606 802 86 26 förslag.

151 830 57 22 Herr
223 830 190 26 Montgomery:
429 830 41 26 Jag
486 830 38 21 ber
539 830 22 21 fä
575 830 108 27 tillstyrka
692 830 131 27 antagandet
826 826 17 35 af
844 830 58 22 för-

79 859 76 27 slaget.
185 858 43 26 Jag
250 858 108 27 beklagar,
382 860 32 20 att
435 858 28 27 pä
484 859 60 21 detta
565 860 44 20 sätt
625 865 26 15 en
666 859 82 21 mindre
763 864 83 16 summa
860 858 43 22 kan

81 887 110 21 användas
206 886 32 22 för
250 887 232 27 jernvägsbyggnader,
499 889 26 19 än
541 887 6 21 i
560 887 38 21 fall
613 887 59 21 lånet
679 888 118 26 upptagits,
806 893 48 15 men
864 893 39 15 un-

82 916 39 21 der
136 916 133 20 närvarande
284 915 148 21 förhällanden
447 921 63 21 synes
526 916 43 26 mig
585 916 48 21 icke
648 916 70 26 nägon
734 922 68 14 annan
811 916 91 26 lösning,

82 950 48 16 som
151 944 40 21 har
213 950 59 15 mera
287 944 69 26 utsigt
370 943 32 21 för
417 944 38 26 sig,
471 950 66 20 gerna
552 944 73 21 kunna
639 944 85 21 komma
738 944 8 21 i
760 944 66 26 fräga.
857 944 48 21 Den

82 972 122 27 beklagliga
225 972 82 27 utgång
328 972 75 27 frågan
426 978 33 15 om
481 973 157 21 rotevakansen
661 973 35 21 vid
710 972 130 26 landtdagen
855 971 48 27 fått,

83 1001 70 21 skulle
176 1000 90 22 sälunda
288 1001 130 21 ätminstone
439 1000 96 22 medföra
559 1001 36 21 det
613 1001 62 26 goda,
692 1003 33 19 att
740 1007 49 15 man
804 1003 52 19 utan
872 1002 32 20 att

82 1028 93 23 behöfva
190 1029 66 21 anlita
270 1029 36 21 län
321 1030 42 20 kan
378 1028 118 22 fortskrida
511 1030 47 20 med
567 1029 235 27 jernvägsbyggnaden.
817 1029 42 27 Jag
866 1028 38 22 fin-

83 1064 44 21 ner,
143 1059 33 21 att
190 1058 120 21 utskottets
324 1057 82 27 förslag
421 1058 38 21 har
474 1058 44 26 allt,
535 1064 44 15 som
595 1058 55 21 talar
664 1058 34 21 för
712 1058 40 26 sig.

155 1086 61 22 Efter
230 1086 89 22 härmed
334 1086 94 22 afslutad
443 1086 160 27 öfverläggning
617 1086 72 22 beslöt
704 1086 88 22 ständet
806 1087 33 20 att
851 1086 52 27 god-

82 1116 72 20 känna
169 1115 175 21 statsutskottoets
360 1115 7 21 i
382 1115 49 21 dess
448 1114 111 22 skrifvelse
575 1115 75 27 gjorda
669 1114 162 27 framställning.

155 1200 32 22 Pä
208 1200 50 22 herr
280 1200 219 22 Landtmarskalkens
521 1200 130 28 uppmaning
671 1201 65 22 skred
751 1200 88 22 ständet
853 1200 53 22 härä

83 1230 34 21 till
132 1230 35 22 val
183 1229 22 22 af
220 1231 24 20 11
261 1230 138 21 medlemmar
410 1229 38 22 och
456 1231 12 19 4
479 1229 277 27 suppleanter
618 1225 13 35 i
641 1229 112 27 förstärkta
764 1229 141 22 statsutskot-

84 1260 33 20 tet
140 1258 33 22 för
188 1257 116 28 afgörande
324 1258 22 21 af
364 1258 73 27 frägan
453 1264 34 15 om
502 1258 148 22 bestridandet
665 1258 23 21 af
700 1258 157 21 ledamöternas
873 1257 33 22 uti

85 1287 145 27 expeditions-
252 1287 41 21 och
313 1287 232 26 justeringsutskotten
567 1287 93 21 arvoden
676 1293 25 15 ur
716 1287 106 21 allmänna
836 1285 71 22 medel

86 1316 41 22 och
143 1315 78 26 utsägo
236 1315 76 22 härvid

156 1343 163 22 tillledamöter:
330 1344 102 21 herrarne
440 1343 131 26 Hisinger,
580 1343 208 26 Nordenskiöld,
797 1343 45 20 Nils
849 1343 59 25 Otto,

84 1372 90 21 friherre
185 1371 99 26 Wrede,
296 1371 92 26 August,
396 1371 50 22 herr
455 1371 132 26 Forsman,
598 1371 128 22 friherrarne
736 1371 97 25 Wrede,
845 1371 25 21 R.
884 1371 25 20 A.

85 1401 42 21 och
142 1400 21 21 af
179 1399 139 26 Schultön,
330 1399 101 22 herrarne
441 1399 158 28 Furuhjelm,
615 1399 103 28 Hjalmar,
730 1399 181 27 Montgomery

87 1429 40 22 och
141 1429 191 26 Pippingsköld
348 1431 56 21 samt
412 1428 89 22 friherre
508 1428 93 21 Linder
613 1429 40 21 och
661 1429 49 21 herr
720 1434 41 16 von
772 1427 138 27 Knorring.

157 1458 42 21 Till
218 1457 139 28 suppleanter
372 1456 128 23 friherrarne
516 1457 197 28 Langenskjöld
729 1457 40 22 och
784 1457 127 27 Hisinger

86 1488 57 21 samt
157 1487 102 22 herrarne
274 1487 145 28 Stjernvall
434 1486 41 22 och
490 1492 42 16 von
550 1485 115 23 Alfthan.

819 1559 22 16 88
911 1564 6 4 .
