1075 1717
202 115 55 35 1028
517 122 44 18 Den
574 123 20 17 19
606 122 45 22 Maj.

172 188 42 21 gen
229 184 24 21 är
273 182 36 22 det
327 182 8 22 i
352 182 125 26 allmänhet,
497 183 45 20 tror
554 182 44 27 jag,
614 181 28 23 då
657 181 37 21 det
709 180 68 27 gäller
791 180 72 26 frågor
878 179 23 22 af
914 179 81 27 speciel

172 213 71 23 natur,
259 210 60 22 svårt
335 212 35 22 att
386 210 50 27 ingå
450 210 8 21 i
473 210 100 27 detaljer;
595 216 50 19 men
659 215 27 16 en
701 209 40 21 sak
756 215 47 15 som
818 206 116 24 ständerna
947 208 49 22 icke

172 239 55 22 böra
241 238 78 26 förlora
334 245 26 16 ur
375 238 55 27 sigte
440 240 35 24 är,
491 239 33 20 att
539 238 28 21 då
581 238 26 24 V,
621 237 24 23 L.
662 239 82 25 antogs,
761 237 25 21 så
800 237 56 21 hade
869 237 35 21 väl
919 236 28 21 då
960 242 35 16 re-

173 267 42 24 dan
230 267 65 22 dessa
309 267 100 27 farhågor
428 267 65 21 bordt
511 267 81 21 uttalas
612 267 40 21 och
666 266 48 22 icke
729 272 30 16 nu
774 267 53 26 göra
841 265 34 27 sig
889 265 105 27 gällande.

172 296 42 27 Jag
235 295 85 25 befarar
341 296 111 27 derjämte,
476 297 34 20 att
528 301 34 16 om
581 295 63 23 äfven
663 295 24 21 R.
705 301 19 15 o.
741 296 24 20 A.
780 294 34 21 för
829 294 32 21 sin
877 294 34 22 del
926 293 72 22 skulle

173 325 86 22 besluta
280 323 96 29 uppskof
394 324 29 29 pä
444 325 75 26 längre
542 324 37 26 tid,
601 326 28 20 än
651 323 109 23 utskottet
774 323 97 26 föreslår,
886 323 111 26 ingenting

173 353 88 23 dermed
281 353 69 23 skulle
373 353 80 26 vinnas,
473 353 28 22 då
516 353 37 22 det
567 353 43 21 kan
625 354 89 25 antagas
730 353 33 21 att
778 352 27 21 de
821 351 68 27 öfriga
904 351 92 24 stånden

173 382 73 25 dertill
267 382 48 21 icke
332 381 91 26 bifaller,
444 384 24 25 ty
487 381 79 22 enhvar
581 381 39 21 har
635 381 54 21 varit
703 381 7 20 i
726 380 83 23 tillfälle
825 382 32 19 att
872 379 76 26 erfara,
964 381 35 21 att

173 409 144 23 allmänheten
337 411 55 20 trott
410 410 34 27 sig
458 409 65 22 hafva
538 409 47 22 skäl
600 411 33 20 att
648 411 78 24 antaga
741 411 33 19 att
788 409 72 26 någon
876 409 121 26 obenägen-

173 439 38 21 het
225 439 33 21 för
274 439 69 21 denna
357 438 36 22 del
408 438 23 21 af
444 438 24 22 V.
484 438 25 22 L.
523 438 57 27 gjort
595 438 33 26 sig
643 438 97 26 gällande
755 437 40 22 hos
806 437 26 21 de
842 437 157 27 myndigheter,

175 473 46 16 som
241 467 48 28 med
309 467 67 22 saken
391 467 47 21 haft
458 468 33 20 att
506 468 57 25 göra,
581 466 27 21 då
623 473 48 14 man
686 466 107 26 nämligen
808 466 29 27 på
851 465 46 27 fyra
911 466 24 20 år
949 465 50 21 icke

173 496 85 27 lyckats
273 495 89 28 vidtaga
377 495 27 22 de
419 495 112 26 anstalter,
547 501 46 16 som
608 495 64 26 ingen
689 496 54 20 1877
760 494 69 27 ansåg
842 493 33 22 för
890 493 106 27 omöjliga.

242 524 100 24 Friherre
356 524 105 25 Wrede,
476 524 85 21 Rabbe:
577 523 42 26 Jag
633 523 40 21 har
687 523 90 21 anhållit
792 529 35 15 om
842 522 63 22 ordet
919 522 33 22 för
965 524 34 19 att

174 552 95 23 förklara
283 553 43 27 mig
344 553 49 20 med
412 552 115 27 anledning
546 552 24 21 af
587 553 32 20 ett
636 552 100 27 yttrande
752 551 22 21 af
788 557 25 16 en
829 551 53 26 högt
897 551 52 22 ärad
964 552 34 19 ta-

174 581 53 23 lare.
257 581 77 22 Denna
349 581 75 26 talare,
440 581 69 20 tillika
525 587 26 15 en
565 580 92 22 medlem
673 579 22 22 af
709 579 112 28 styrelsen,
837 580 39 21 har
890 579 109 26 nämligen

175 610 103 26 beklagat
296 610 36 27 sig
351 609 59 22 öfver
430 611 32 19 att
474 609 39 27 jag
527 609 70 21 skulle
611 608 64 22 hafva
690 611 55 24 sagt,
761 610 33 20 att
808 608 60 21 Hans
883 608 115 27 Majestäts

175 637 120 27 rådgifvare
310 644 64 20 synes
387 637 65 23 hafva
466 638 57 21 visat
538 637 149 26 obenägenhet
700 639 59 19 emot
768 637 232 23 reservinstitutionen.

177 666 29 22 Så
220 672 37 16 var.
273 666 56 22 dock
343 666 49 21 icke
406 666 50 21 mitt
470 666 106 27 yttrande,
592 668 52 19 utan
657 666 37 26 jag
709 666 59 25 sade,
784 667 33 19 att
832 666 37 20 det
882 671 63 21 synes
955 665 45 26 mig

177 701 46 16 som
239 701 34 16 om
288 702 25 14 en
328 695 33 20 del
376 694 22 21 af
410 694 61 22 Hans
486 695 113 26 Majestäts
610 693 120 27 rådgifvare
741 694 56 21 hade
806 694 58 26 gjort
874 693 43 21 det.
933 694 67 20 Detta

176 724 99 26 yttrande
291 723 103 21 behöfver
409 723 85 21 således
510 723 47 21 icke
573 722 56 26 gälla
645 723 37 21 vår
696 722 112 21 inhemska
825 722 91 26 styrelse
930 722 8 22 i
950 722 49 22 dess

176 751 81 26 helhet,
269 752 25 27 ja
309 752 48 21 icke
372 758 38 14 ens
426 752 70 26 någon
511 751 35 21 del
561 750 66 23 deraf.
657 750 62 21 Hvad
734 750 104 22 särskildt
852 749 151 24 beträffar:se-

176 782 78 21 natens
268 780 145 25 medlemmar,
430 780 25 20 så
469 779 94 27 framgår
578 780 37 20 det
629 778 95 27 tiilfylles
739 778 23 22 af
775 779 42 21 den
826 779 131 21 intressanta
967 784 32 15 re-

178 808 127 27 dogörelsen
320 808 34 22 för
368 808 86 27 frågans
471 808 129 26 behandling
611 808 7 20 i
629 810 96 22 senaten,
737 813 46 15 som
793 807 207 27 värnepligtutskot-

177 839 34 20 tet
225 837 114 26 meddelat,
360 839 33 19 att
413 837 57 21 olika
490 837 81 26 åsigter
585 836 56 27 gjort
657 836 32 26 sig
705 836 106 26 gällande.
841 836 39 20 Att
895 835 62 21 äfven
973 835 29 21 de

177 865 139 23 medlemmar
329 865 24 21 af
366 867 96 24 senaten,
479 871 46 15 som
541 865 80 26 ansågo
637 864 74 26 längre
727 864 95 27 uppskof
833 870 52 16 vara
899 864 23 21 af
930 864 71 21 nöden

177 894 56 22 varit
247 894 65 22 ledda
327 894 23 21 af
363 894 186 26 samvetsgranhet
564 894 40 21 och
619 893 27 21 de
661 893 65 21 bästa
740 892 210 28 bevekelsegrunder
964 892 37 21 vill

177 923 131 21 åtminstone
321 923 38 27 jag
373 922 48 22 icke
436 922 93 26 betvifla,
544 928 49 16 men
609 922 12 20 å
637 922 66 20 andra
718 922 62 20 sidan
794 922 69 20 måste
872 922 44 26 jag,
927 921 28 21 då
963 921 38 27 jag

179 957 34 15 ser
234 950 88 26 framför
341 951 43 27 mig
404 951 37 21 det
462 950 83 22 faktum
563 952 33 20 att
610 950 66 21 redan
693 952 11 20 3
714 950 23 25 1
753 950 24 21 år
791 950 90 22 förflutit
895 950 67 21 sedan
975 949 26 21 V.

178 980 25 21 L.
218 980 182 26 promulgerades,
418 981 50 19 utan
489 981 32 19 att
535 978 156 23 förberedande
706 979 101 25 ätgärder
823 978 22 22 af
858 979 42 21 den
915 978 86 22 omfatt-

178 1008 58 27 ning,
259 1010 32 19 att
312 1008 74 26 lagens
409 1008 134 26 tillämpning
565 1014 38 15 ens
623 1006 56 22 efter
697 1009 56 19 ännu
772 1009 32 19 ett
820 1007 23 21 är
857 1006 79 22 framät
950 1012 53 16 vore

179 1036 80 28 möjlig,
275 1036 107 28 medgifva
397 1038 33 19 att
444 1036 38 21 det
497 1036 108 26 verkligen
621 1035 108 21 förefaller
738 1036 44 26 mig
793 1041 46 15 som
851 1041 33 15 om
895 1036 109 25 benägen-

179 1064 38 23 het
239 1064 33 23 för
293 1064 224 23 reservinstitutionen
537 1065 48 20 icke
605 1064 69 22 skulle
693 1064 65 22 hafva
772 1064 128 21 förefunnits
915 1064 29 26 pä
959 1063 43 21 alla

179 1093 50 24 håll.
259 1093 109 24 Måhända
388 1093 38 21 har
438 1093 38 26 jag
492 1093 55 21 dock
562 1093 108 26 misstagit
685 1093 48 26 mig.
763 1092 42 26 Jag
821 1092 54 21 hade
891 1092 33 21 för
937 1091 65 26 öfrigt

180 1121 67 27 afsigt
260 1123 33 20 att
307 1121 86 28 päpeka
402 1121 126 26 detsamma,
540 1127 47 15 som
597 1121 40 21 den
649 1122 86 20 senaste
746 1121 83 21 talaren
840 1121 93 26 antydde
941 1122 61 24 gent-

179 1152 60 20 emot
261 1150 26 21 de
305 1150 75 21 hörrar
399 1150 109 25 militärer,
529 1155 46 16 som
595 1149 102 27 uppträdt
719 1149 7 21 i
742 1149 47 26 dag,
805 1149 107 26 nämligen
927 1150 33 19 att
975 1148 29 21 dä

180 1178 104 29 förslaget
299 1179 32 20 till
346 1179 25 20 V.
386 1178 24 21 L.
426 1178 146 21 behandlades
588 1178 7 23 i
610 1178 61 22 detta
686 1177 64 22 ständ
765 1179 32 20 ett
807 1178 83 25 ganska
900 1178 56 21 stort
966 1183 37 14 an-

181 1207 31 21 tal
227 1207 79 21 militär
321 1213 37 16 var
373 1208 138 25 närvarande,
528 1213 47 16 men
590 1207 64 26 ingen
669 1206 23 21 af
705 1206 49 22 dem
770 1206 68 26 ansäg
853 1213 26 14 en
895 1206 68 21 sädan
972 1205 33 21 in-

181 1235 99 22 stitution
295 1242 47 15 som
358 1235 41 24 den
413 1235 122 27 föreslagna
549 1241 100 16 reserven
665 1241 51 15 vara
730 1235 29 26 pä
774 1235 65 27 nägot
855 1236 44 20 sätt
909 1234 93 27 omöjlig,

181 1265 52 20 utan
249 1266 92 18 tvärtom
357 1264 42 23 alla
414 1264 104 25 enhälligt
533 1270 50 16 voro
599 1263 62 26 ifriga
675 1265 33 19 att
717 1263 88 21 förorda
815 1263 49 20 dess
875 1263 127 26 antagande.

249 1291 100 23 Friherre
364 1291 81 28 Boije:
461 1291 34 21 Då
510 1292 24 20 sä
548 1291 77 27 många
640 1291 65 21 ärade
721 1291 69 21 talare
805 1292 68 26 yttrat
887 1290 117 27 sig
926 1286 13 37 i
944 1290 60 27 före-

181 1319 94 28 varande
290 1319 67 27 fräga,
374 1320 54 22 skall
441 1320 37 27 jag
494 1320 26 21 be
536 1321 31 20 att
582 1319 22 22 fä
618 1319 55 22 fatta
687 1319 43 27 mig
745 1319 56 22 kort.
832 1319 46 22 Den
890 1319 115 26 utredning

182 1348 110 23 utskottet
305 1349 9 21 i
327 1348 140 23 förevarande
482 1348 138 22 betänkande
634 1348 40 22 har
688 1347 116 28 förebragt,
821 1354 63 21 synes
892 1347 43 28 mig
945 1347 7 22 i
963 1347 44 22 alla

182 1377 117 22 afseenden
313 1377 127 26 fullständig
455 1377 41 22 och
511 1377 153 22 uttömmande.
680 1377 61 22 Dock
757 1377 43 22 kan
812 1377 37 27 jag
863 1377 34 21 för
911 1377 44 21 min
969 1376 35 22 del

182 1406 48 21 icke
245 1406 86 22 komma
345 1406 32 23 till
394 1412 80 16 samma
489 1406 131 27 slutledning
635 1412 46 15 som
696 1406 115 21 utskottet.
841 1406 114 22 Utskottet
969 1407 34 20 sä-

180 1441 41 21 ger
239 1435 28 28 pä
289 1435 61 22 sidan
371 1437 31 24 19,
421 1437 34 20 att
468 1435 33 22 för
516 1435 41 21 den
572 1435 103 22 händelse
691 1437 33 19 att
738 1435 124 26 derigenom.
876 1435 65 21 likväl
956 1434 49 22 icke

183 1464 99 27 samtliga
296 1464 209 28 reservkompaniers
521 1463 66 23 behof
601 1463 21 23 af
635 1463 126 23 underhefäl
776 1463 70 23 blefve
857 1463 146 27 tillgodosedt,

181 1493 95 22 återstår
291 1495 56 18 ännu
363 1494 92 25 utvägen
471 1494 39 24 att,
526 1495 60 19 utom
597 1493 26 21 de
633 1492 127 22 föreskrifna
769 1493 177 25 instruktörerne,
957 1492 47 20 från

183 1520 27 24 de.
225 1520 73 24 aktiva
312 1521 149 27 bataljonerna
476 1521 117 22 detachera
608 1521 38 22 det
659 1520 112 23 bristande
786 1520 81 22 antalet
878 1519 127 23 underbefäl
