<?xml version="1.0" encoding="UTF-8"?>
<alto xmlns="http://www.loc.gov/standards/alto/ns-v3#" xmlns:xlink="http://www.w3.org/1999/xlink" xmlns:xsi="http://www.w3.org/2001/XMLSchema-instance" xsi:schemaLocation="http://www.loc.gov/standards/alto/ns-v3# http://www.loc.gov/alto/v3/alto-3-0.xsd">
	<Description>
		<MeasurementUnit>pixel</MeasurementUnit>
		<sourceImageInformation>
			<fileName>/tmp/tess_7rotdapu_input.PNG</fileName>
		</sourceImageInformation>
		<OCRProcessing ID="OCR_0">
			<ocrProcessingStep>
				<processingSoftware>
					<softwareName>tesseract 5.3.4</softwareName>
				</processingSoftware>
			</ocrProcessingStep>
		</OCRProcessing>
	</Description>
	<Layout>
		<Page WIDTH="1078" HEIGHT="1717" PHYSICAL_IMG_NR="0" ID="page_0">
			<PrintSpace HPOS="0" VPOS="0" WIDTH="1078" HEIGHT="1717">
				<ComposedBlock ID="cblock_0" HPOS="449" VPOS="93" WIDTH="429" HEIGHT="23">
					<TextBlock ID="block_0" HPOS="449" VPOS="93" WIDTH="429" HEIGHT="23">
						<TextLine ID="line_0" HPOS="449" VPOS="93" WIDTH="429" HEIGHT="23">
							<String ID="string_0" HPOS="449" VPOS="93" WIDTH="43" HEIGHT="19" WC="0.95" CONTENT="Den"/><SP WIDTH="12" VPOS="93" HPOS="492"/>
							<String ID="string_1" HPOS="504" VPOS="94" WIDTH="10" HEIGHT="17" WC="0.95" CONTENT="3"/><SP WIDTH="12" VPOS="94" HPOS="514"/>
							<String ID="string_2" HPOS="526" VPOS="93" WIDTH="50" HEIGHT="19" WC="0.85" CONTENT="Juni."/><SP WIDTH="248" VPOS="93" HPOS="576"/>
							<String ID="string_3" HPOS="824" VPOS="95" WIDTH="54" HEIGHT="21" WC="0.96" CONTENT="1391"/>
						</TextLine>
					</TextBlock>
				</ComposedBlock>
				<ComposedBlock ID="cblock_1" HPOS="64" VPOS="158" WIDTH="854" HEIGHT="1365">
					<TextBlock ID="block_1" HPOS="87" VPOS="158" WIDTH="822" HEIGHT="84">
						<TextLine ID="line_1" HPOS="87" VPOS="158" WIDTH="820" HEIGHT="28">
							<String ID="string_4" HPOS="87" VPOS="158" WIDTH="138" HEIGHT="28" WC="0.92" CONTENT="uppresande"/><SP WIDTH="14" VPOS="158" HPOS="225"/>
							<String ID="string_5" HPOS="239" VPOS="159" WIDTH="70" HEIGHT="21" WC="0.95" CONTENT="utsett"/><SP WIDTH="14" VPOS="159" HPOS="309"/>
							<String ID="string_6" HPOS="323" VPOS="158" WIDTH="186" HEIGHT="24" WC="0.93" CONTENT="kommunalrådet"/><SP WIDTH="13" VPOS="158" HPOS="509"/>
							<String ID="string_7" HPOS="522" VPOS="158" WIDTH="26" HEIGHT="22" WC="0.91" CONTENT="A."/><SP WIDTH="14" VPOS="158" HPOS="548"/>
							<String ID="string_8" HPOS="562" VPOS="158" WIDTH="112" HEIGHT="22" WC="0.91" CONTENT="Meurman"/><SP WIDTH="10" VPOS="158" HPOS="674"/>
							<String ID="string_9" HPOS="684" VPOS="158" WIDTH="40" HEIGHT="22" WC="0.93" CONTENT="och"/><SP WIDTH="11" VPOS="158" HPOS="724"/>
							<String ID="string_10" HPOS="735" VPOS="158" WIDTH="172" HEIGHT="28" WC="0.92" CONTENT="tidningsredak-"/>
						</TextLine>
						<TextLine ID="line_2" HPOS="88" VPOS="186" WIDTH="821" HEIGHT="29">
							<String ID="string_11" HPOS="88" VPOS="188" WIDTH="63" HEIGHT="20" WC="0.92" CONTENT="tören"/><SP WIDTH="15" VPOS="188" HPOS="151"/>
							<String ID="string_12" HPOS="166" VPOS="186" WIDTH="25" HEIGHT="22" WC="0.93" CONTENT="V."/><SP WIDTH="15" VPOS="186" HPOS="191"/>
							<String ID="string_13" HPOS="206" VPOS="186" WIDTH="93" HEIGHT="28" WC="0.96" CONTENT="Löfgren"/><SP WIDTH="14" VPOS="186" HPOS="299"/>
							<String ID="string_14" HPOS="313" VPOS="188" WIDTH="58" HEIGHT="20" WC="0.95" CONTENT="samt"/><SP WIDTH="14" VPOS="188" HPOS="371"/>
							<String ID="string_15" HPOS="385" VPOS="187" WIDTH="33" HEIGHT="21" WC="0.95" CONTENT="till"/><SP WIDTH="14" VPOS="187" HPOS="418"/>
							<String ID="string_16" HPOS="432" VPOS="187" WIDTH="138" HEIGHT="28" WC="0.96" CONTENT="suppleanter"/><SP WIDTH="10" VPOS="187" HPOS="570"/>
							<String ID="string_17" HPOS="580" VPOS="186" WIDTH="123" HEIGHT="28" WC="0.96" CONTENT="professorn"/><SP WIDTH="7" VPOS="186" HPOS="703"/>
							<String ID="string_18" HPOS="710" VPOS="187" WIDTH="84" HEIGHT="22" WC="0.96" CONTENT="Jaakko"/><SP WIDTH="11" VPOS="187" HPOS="794"/>
							<String ID="string_19" HPOS="805" VPOS="188" WIDTH="104" HEIGHT="22" WC="0.96" CONTENT="Forsman"/>
						</TextLine>
						<TextLine ID="line_3" HPOS="87" VPOS="215" WIDTH="426" HEIGHT="27">
							<String ID="string_20" HPOS="87" VPOS="215" WIDTH="43" HEIGHT="22" WC="0.96" CONTENT="och"/><SP WIDTH="15" VPOS="215" HPOS="130"/>
							<String ID="string_21" HPOS="145" VPOS="215" WIDTH="163" HEIGHT="27" WC="0.93" CONTENT="borgmästaren"/><SP WIDTH="13" VPOS="215" HPOS="308"/>
							<String ID="string_22" HPOS="321" VPOS="215" WIDTH="21" HEIGHT="22" WC="0.91" CONTENT="J."/><SP WIDTH="16" VPOS="215" HPOS="342"/>
							<String ID="string_23" HPOS="358" VPOS="215" WIDTH="26" HEIGHT="22" WC="0.87" CONTENT="G."/><SP WIDTH="16" VPOS="215" HPOS="384"/>
							<String ID="string_24" HPOS="400" VPOS="215" WIDTH="113" HEIGHT="27" WC="0.81" CONTENT="Sohlman;"/>
						</TextLine>
					</TextBlock>
					<TextBlock ID="block_2" HPOS="88" VPOS="243" WIDTH="821" HEIGHT="84">
						<TextLine ID="line_4" HPOS="157" VPOS="243" WIDTH="752" HEIGHT="28">
							<String ID="string_25" HPOS="157" VPOS="245" WIDTH="34" HEIGHT="19" WC="0.93" CONTENT="att"/><SP WIDTH="22" VPOS="245" HPOS="191"/>
							<String ID="string_26" HPOS="213" VPOS="244" WIDTH="98" HEIGHT="21" WC="0.91" CONTENT="ståndets"/><SP WIDTH="24" VPOS="244" HPOS="311"/>
							<String ID="string_27" HPOS="335" VPOS="244" WIDTH="107" HEIGHT="21" WC="0.96" CONTENT="elektorer"/><SP WIDTH="21" VPOS="244" HPOS="442"/>
							<String ID="string_28" HPOS="463" VPOS="244" WIDTH="33" HEIGHT="21" WC="0.94" CONTENT="till"/><SP WIDTH="15" VPOS="244" HPOS="496"/>
							<String ID="string_29" HPOS="511" VPOS="244" WIDTH="114" HEIGHT="27" WC="0.96" CONTENT="suppleant"/><SP WIDTH="14" VPOS="244" HPOS="625"/>
							<String ID="string_30" HPOS="639" VPOS="244" WIDTH="7" HEIGHT="20" WC="0.93" CONTENT="i"/><SP WIDTH="12" VPOS="244" HPOS="646"/>
							<String ID="string_31" HPOS="658" VPOS="243" WIDTH="229" HEIGHT="27" WC="0.91" CONTENT="justeringsutskottet"/><SP WIDTH="14" VPOS="243" HPOS="887"/>
							<String ID="string_32" HPOS="901" VPOS="244" WIDTH="8" HEIGHT="21" WC="0.97" CONTENT="i"/>
						</TextLine>
						<TextLine ID="line_5" HPOS="88" VPOS="271" WIDTH="820" HEIGHT="28">
							<String ID="string_33" HPOS="88" VPOS="272" WIDTH="78" HEIGHT="21" WC="0.96" CONTENT="stället"/><SP WIDTH="12" VPOS="272" HPOS="166"/>
							<String ID="string_34" HPOS="178" VPOS="271" WIDTH="34" HEIGHT="22" WC="0.92" CONTENT="för"/><SP WIDTH="14" VPOS="271" HPOS="212"/>
							<String ID="string_35" HPOS="226" VPOS="272" WIDTH="207" HEIGHT="26" WC="0.90" CONTENT="landtdagsmannen"/><SP WIDTH="14" VPOS="272" HPOS="433"/>
							<String ID="string_36" HPOS="447" VPOS="272" WIDTH="98" HEIGHT="26" WC="0.90" CONTENT="Foudila,"/><SP WIDTH="15" VPOS="272" HPOS="545"/>
							<String ID="string_37" HPOS="560" VPOS="278" WIDTH="47" HEIGHT="15" WC="0.95" CONTENT="som"/><SP WIDTH="14" VPOS="278" HPOS="607"/>
							<String ID="string_38" HPOS="621" VPOS="271" WIDTH="47" HEIGHT="22" WC="0.95" CONTENT="från"/><SP WIDTH="14" VPOS="271" HPOS="668"/>
							<String ID="string_39" HPOS="682" VPOS="272" WIDTH="62" HEIGHT="22" WC="0.96" CONTENT="detta"/><SP WIDTH="14" VPOS="272" HPOS="744"/>
							<String ID="string_40" HPOS="758" VPOS="272" WIDTH="99" HEIGHT="27" WC="0.93" CONTENT="uppdrag"/><SP WIDTH="14" VPOS="272" HPOS="857"/>
							<String ID="string_41" HPOS="871" VPOS="272" WIDTH="37" HEIGHT="22" WC="0.90" CONTENT="be-"/>
						</TextLine>
						<TextLine ID="line_6" HPOS="88" VPOS="299" WIDTH="503" HEIGHT="28">
							<String ID="string_42" HPOS="88" VPOS="299" WIDTH="70" HEIGHT="27" WC="0.36" CONTENT="friats,"/><SP WIDTH="16" VPOS="299" HPOS="158"/>
							<String ID="string_43" HPOS="174" VPOS="301" WIDTH="70" HEIGHT="21" WC="0.93" CONTENT="utsett"/><SP WIDTH="13" VPOS="301" HPOS="244"/>
							<String ID="string_44" HPOS="257" VPOS="300" WIDTH="209" HEIGHT="26" WC="0.90" CONTENT="landtdagsmannen"/><SP WIDTH="14" VPOS="300" HPOS="466"/>
							<String ID="string_45" HPOS="480" VPOS="300" WIDTH="111" HEIGHT="27" WC="0.93" CONTENT="Duncker;"/>
						</TextLine>
					</TextBlock>
					<TextBlock ID="block_3" HPOS="87" VPOS="327" WIDTH="824" HEIGHT="115">
						<TextLine ID="line_7" HPOS="160" VPOS="327" WIDTH="751" HEIGHT="28">
							<String ID="string_46" HPOS="160" VPOS="330" WIDTH="34" HEIGHT="21" WC="0.96" CONTENT="att"/><SP WIDTH="14" VPOS="330" HPOS="194"/>
							<String ID="string_47" HPOS="208" VPOS="328" WIDTH="87" HEIGHT="22" WC="0.96" CONTENT="ståndet"/><SP WIDTH="15" VPOS="328" HPOS="295"/>
							<String ID="string_48" HPOS="310" VPOS="329" WIDTH="7" HEIGHT="21" WC="0.96" CONTENT="i"/><SP WIDTH="16" VPOS="329" HPOS="317"/>
							<String ID="string_49" HPOS="333" VPOS="328" WIDTH="107" HEIGHT="23" WC="0.96" CONTENT="anseende"/><SP WIDTH="15" VPOS="328" HPOS="440"/>
							<String ID="string_50" HPOS="455" VPOS="328" WIDTH="31" HEIGHT="22" WC="0.93" CONTENT="till"/><SP WIDTH="16" VPOS="328" HPOS="486"/>
							<String ID="string_51" HPOS="502" VPOS="328" WIDTH="141" HEIGHT="27" WC="0.91" CONTENT="landtdagens"/><SP WIDTH="14" VPOS="328" HPOS="643"/>
							<String ID="string_52" HPOS="657" VPOS="334" WIDTH="65" HEIGHT="16" WC="0.92" CONTENT="snara"/><SP WIDTH="9" VPOS="334" HPOS="722"/>
							<String ID="string_53" HPOS="731" VPOS="327" WIDTH="121" HEIGHT="23" WC="0.91" CONTENT="afslutande"/><SP WIDTH="10" VPOS="327" HPOS="852"/>
							<String ID="string_54" HPOS="862" VPOS="328" WIDTH="49" HEIGHT="22" WC="0.96" CONTENT="icke"/>
						</TextLine>
						<TextLine ID="line_8" HPOS="87" VPOS="356" WIDTH="824" HEIGHT="28">
							<String ID="string_55" HPOS="87" VPOS="358" WIDTH="76" HEIGHT="20" WC="0.96" CONTENT="ansett"/><SP WIDTH="15" VPOS="358" HPOS="163"/>
							<String ID="string_56" HPOS="178" VPOS="357" WIDTH="34" HEIGHT="27" WC="0.96" CONTENT="sig"/><SP WIDTH="14" VPOS="357" HPOS="212"/>
							<String ID="string_57" HPOS="226" VPOS="357" WIDTH="73" HEIGHT="22" WC="0.96" CONTENT="kunna"/><SP WIDTH="14" VPOS="357" HPOS="299"/>
							<String ID="string_58" HPOS="313" VPOS="357" WIDTH="50" HEIGHT="27" WC="0.96" CONTENT="ingå"/><SP WIDTH="14" VPOS="357" HPOS="363"/>
							<String ID="string_59" HPOS="377" VPOS="357" WIDTH="8" HEIGHT="21" WC="0.96" CONTENT="i"/><SP WIDTH="15" VPOS="357" HPOS="385"/>
							<String ID="string_60" HPOS="400" VPOS="356" WIDTH="130" HEIGHT="28" WC="0.96" CONTENT="granskning"/><SP WIDTH="15" VPOS="356" HPOS="530"/>
							<String ID="string_61" HPOS="545" VPOS="357" WIDTH="23" HEIGHT="21" WC="0.93" CONTENT="af"/><SP WIDTH="8" VPOS="357" HPOS="568"/>
							<String ID="string_62" HPOS="576" VPOS="356" WIDTH="246" HEIGHT="28" WC="0.92" CONTENT="bevillningsutskottets"/><SP WIDTH="7" VPOS="356" HPOS="822"/>
							<String ID="string_63" HPOS="829" VPOS="356" WIDTH="82" HEIGHT="28" WC="0.94" CONTENT="förslag"/>
						</TextLine>
						<TextLine ID="line_9" HPOS="87" VPOS="385" WIDTH="821" HEIGHT="28">
							<String ID="string_64" HPOS="87" VPOS="386" WIDTH="33" HEIGHT="21" WC="0.93" CONTENT="till"/><SP WIDTH="16" VPOS="386" HPOS="120"/>
							<String ID="string_65" HPOS="136" VPOS="386" WIDTH="217" HEIGHT="27" WC="0.92" CONTENT="inkomstbevillning,"/><SP WIDTH="17" VPOS="386" HPOS="353"/>
							<String ID="string_66" HPOS="370" VPOS="387" WIDTH="53" HEIGHT="21" WC="0.96" CONTENT="utan"/><SP WIDTH="14" VPOS="387" HPOS="423"/>
							<String ID="string_67" HPOS="437" VPOS="386" WIDTH="96" HEIGHT="22" WC="0.63" CONTENT="beslutat"/><SP WIDTH="7" VPOS="386" HPOS="533"/>
							<String ID="string_68" HPOS="540" VPOS="386" WIDTH="56" HEIGHT="22" WC="0.63" CONTENT="intill"/><SP WIDTH="14" VPOS="386" HPOS="596"/>
							<String ID="string_69" HPOS="610" VPOS="386" WIDTH="24" HEIGHT="21" WC="0.96" CONTENT="år"/><SP WIDTH="9" VPOS="386" HPOS="634"/>
							<String ID="string_70" HPOS="643" VPOS="385" WIDTH="54" HEIGHT="22" WC="0.93" CONTENT="1886"/><SP WIDTH="9" VPOS="385" HPOS="697"/>
							<String ID="string_71" HPOS="706" VPOS="385" WIDTH="129" HEIGHT="28" WC="0.93" CONTENT="prolongera"/><SP WIDTH="7" VPOS="385" HPOS="835"/>
							<String ID="string_72" HPOS="842" VPOS="392" WIDTH="66" HEIGHT="16" WC="0.91" CONTENT="nuva-"/>
						</TextLine>
						<TextLine ID="line_10" HPOS="87" VPOS="414" WIDTH="424" HEIGHT="28">
							<String ID="string_73" HPOS="87" VPOS="414" WIDTH="68" HEIGHT="23" WC="0.92" CONTENT="rande"/><SP WIDTH="15" VPOS="414" HPOS="155"/>
							<String ID="string_74" HPOS="170" VPOS="414" WIDTH="216" HEIGHT="28" WC="0.91" CONTENT="bevillningsstadgas"/><SP WIDTH="16" VPOS="414" HPOS="386"/>
							<String ID="string_75" HPOS="402" VPOS="414" WIDTH="109" HEIGHT="27" WC="0.96" CONTENT="giltighet;"/>
						</TextLine>
					</TextBlock>
					<TextBlock ID="block_4" HPOS="85" VPOS="443" WIDTH="824" HEIGHT="85">
						<TextLine ID="line_11" HPOS="159" VPOS="443" WIDTH="749" HEIGHT="28">
							<String ID="string_76" HPOS="159" VPOS="445" WIDTH="33" HEIGHT="20" WC="0.96" CONTENT="att"/><SP WIDTH="14" VPOS="445" HPOS="192"/>
							<String ID="string_77" HPOS="206" VPOS="444" WIDTH="87" HEIGHT="21" WC="0.96" CONTENT="ståndet"/><SP WIDTH="14" VPOS="444" HPOS="293"/>
							<String ID="string_78" HPOS="307" VPOS="443" WIDTH="36" HEIGHT="22" WC="0.96" CONTENT="vid"/><SP WIDTH="15" VPOS="443" HPOS="343"/>
							<String ID="string_79" HPOS="358" VPOS="443" WIDTH="130" HEIGHT="28" WC="0.96" CONTENT="behandling"/><SP WIDTH="15" VPOS="443" HPOS="488"/>
							<String ID="string_80" HPOS="503" VPOS="443" WIDTH="23" HEIGHT="22" WC="0.93" CONTENT="af"/><SP WIDTH="12" VPOS="443" HPOS="526"/>
							<String ID="string_81" HPOS="538" VPOS="443" WIDTH="45" HEIGHT="27" WC="0.90" CONTENT="lag-"/><SP WIDTH="11" VPOS="443" HPOS="583"/>
							<String ID="string_82" HPOS="594" VPOS="443" WIDTH="41" HEIGHT="22" WC="0.93" CONTENT="och"/><SP WIDTH="10" VPOS="443" HPOS="635"/>
							<String ID="string_83" HPOS="645" VPOS="443" WIDTH="217" HEIGHT="22" WC="0.91" CONTENT="ekonomiutskottets"/><SP WIDTH="8" VPOS="443" HPOS="862"/>
							<String ID="string_84" HPOS="870" VPOS="443" WIDTH="38" HEIGHT="22" WC="0.91" CONTENT="be-"/>
						</TextLine>
						<TextLine ID="line_12" HPOS="87" VPOS="471" WIDTH="822" HEIGHT="28">
							<String ID="string_85" HPOS="87" VPOS="472" WIDTH="110" HEIGHT="22" WC="0.96" CONTENT="tänkande"/><SP WIDTH="15" VPOS="472" HPOS="197"/>
							<String ID="string_86" HPOS="212" VPOS="478" WIDTH="35" HEIGHT="15" WC="0.95" CONTENT="om"/><SP WIDTH="15" VPOS="478" HPOS="247"/>
							<String ID="string_87" HPOS="262" VPOS="471" WIDTH="127" HEIGHT="28" WC="0.91" CONTENT="ändring"/><SP WIDTH="-29" VPOS="471" HPOS="389"/>
							<String ID="string_88" HPOS="360" VPOS="467" WIDTH="36" HEIGHT="37" WC="0.89" CONTENT=".af"/><SP WIDTH="5" VPOS="467" HPOS="396"/>
							<String ID="string_89" HPOS="401" VPOS="471" WIDTH="248" HEIGHT="27" WC="0.91" CONTENT="kommunalförfattning"/><SP WIDTH="14" VPOS="471" HPOS="649"/>
							<String ID="string_90" HPOS="663" VPOS="472" WIDTH="8" HEIGHT="21" WC="0.96" CONTENT="i"/><SP WIDTH="15" VPOS="472" HPOS="671"/>
							<String ID="string_91" HPOS="686" VPOS="471" WIDTH="49" HEIGHT="22" WC="0.96" CONTENT="stad"/><SP WIDTH="15" VPOS="471" HPOS="735"/>
							<String ID="string_92" HPOS="750" VPOS="472" WIDTH="104" HEIGHT="21" WC="0.96" CONTENT="stannat"/><SP WIDTH="-11" VPOS="472" HPOS="854"/>
							<String ID="string_93" HPOS="843" VPOS="467" WIDTH="13" HEIGHT="37" WC="0.91" CONTENT="i"/><SP WIDTH="12" VPOS="467" HPOS="856"/>
							<String ID="string_94" HPOS="868" VPOS="471" WIDTH="41" HEIGHT="22" WC="0.91" CONTENT="föl-"/>
						</TextLine>
						<TextLine ID="line_13" HPOS="85" VPOS="500" WIDTH="163" HEIGHT="28">
							<String ID="string_95" HPOS="85" VPOS="501" WIDTH="68" HEIGHT="27" WC="0.92" CONTENT="jande"/><SP WIDTH="15" VPOS="501" HPOS="153"/>
							<String ID="string_96" HPOS="168" VPOS="500" WIDTH="80" HEIGHT="22" WC="0.96" CONTENT="beslut:"/>
						</TextLine>
					</TextBlock>
					<TextBlock ID="block_5" HPOS="64" VPOS="527" WIDTH="845" HEIGHT="57">
						<TextLine ID="line_14" HPOS="64" VPOS="527" WIDTH="845" HEIGHT="28">
							<String ID="string_97" HPOS="64" VPOS="553" WIDTH="2" HEIGHT="2" WC="0.88" CONTENT="N"/><SP WIDTH="93" VPOS="553" HPOS="66"/>
							<String ID="string_98" HPOS="159" VPOS="529" WIDTH="110" HEIGHT="22" WC="0.96" CONTENT="Rubriken"/><SP WIDTH="16" VPOS="529" HPOS="269"/>
							<String ID="string_99" HPOS="285" VPOS="529" WIDTH="40" HEIGHT="22" WC="0.93" CONTENT="och"/><SP WIDTH="15" VPOS="529" HPOS="325"/>
							<String ID="string_100" HPOS="340" VPOS="529" WIDTH="112" HEIGHT="26" WC="0.96" CONTENT="ingressen"/><SP WIDTH="16" VPOS="529" HPOS="452"/>
							<String ID="string_101" HPOS="468" VPOS="530" WIDTH="56" HEIGHT="21" WC="0.96" CONTENT="samt"/><SP WIDTH="14" VPOS="530" HPOS="524"/>
							<String ID="string_102" HPOS="538" VPOS="531" WIDTH="13" HEIGHT="20" WC="0.96" CONTENT="3"/><SP WIDTH="16" VPOS="531" HPOS="551"/>
							<String ID="string_103" HPOS="567" VPOS="528" WIDTH="61" HEIGHT="23" WC="0.96" CONTENT="och"/><SP WIDTH="-11" VPOS="528" HPOS="628"/>
							<String ID="string_104" HPOS="617" VPOS="523" WIDTH="13" HEIGHT="37" WC="0.95" CONTENT="9"/><SP WIDTH="7" VPOS="523" HPOS="630"/>
							<String ID="string_105" HPOS="637" VPOS="527" WIDTH="23" HEIGHT="28" WC="0.44" CONTENT="$$"/><SP WIDTH="12" VPOS="527" HPOS="660"/>
							<String ID="string_106" HPOS="672" VPOS="528" WIDTH="125" HEIGHT="27" WC="0.93" CONTENT="godkändes"/><SP WIDTH="11" VPOS="528" HPOS="797"/>
							<String ID="string_107" HPOS="808" VPOS="528" WIDTH="101" HEIGHT="23" WC="0.89" CONTENT="oföränd-"/>
						</TextLine>
						<TextLine ID="line_15" HPOS="88" VPOS="557" WIDTH="267" HEIGHT="27">
							<String ID="string_108" HPOS="88" VPOS="557" WIDTH="53" HEIGHT="22" WC="0.91" CONTENT="rade"/><SP WIDTH="14" VPOS="557" HPOS="141"/>
							<String ID="string_109" HPOS="155" VPOS="559" WIDTH="53" HEIGHT="20" WC="0.93" CONTENT="utan"/><SP WIDTH="16" VPOS="559" HPOS="208"/>
							<String ID="string_110" HPOS="224" VPOS="557" WIDTH="131" HEIGHT="27" WC="0.92" CONTENT="diskussion;"/>
						</TextLine>
					</TextBlock>
					<TextBlock ID="block_6" HPOS="88" VPOS="585" WIDTH="823" HEIGHT="199">
						<TextLine ID="line_16" HPOS="164" VPOS="585" WIDTH="747" HEIGHT="27">
							<String ID="string_111" HPOS="164" VPOS="587" WIDTH="25" HEIGHT="20" WC="0.91" CONTENT="12"/><SP WIDTH="15" VPOS="587" HPOS="189"/>
							<String ID="string_112" HPOS="204" VPOS="586" WIDTH="13" HEIGHT="26" WC="0.89" CONTENT="&amp;"/><SP WIDTH="16" VPOS="586" HPOS="217"/>
							<String ID="string_113" HPOS="233" VPOS="586" WIDTH="151" HEIGHT="22" WC="0.91" CONTENT="remitterades"/><SP WIDTH="15" VPOS="586" HPOS="384"/>
							<String ID="string_114" HPOS="399" VPOS="585" WIDTH="55" HEIGHT="22" WC="0.93" CONTENT="efter"/><SP WIDTH="15" VPOS="585" HPOS="454"/>
							<String ID="string_115" HPOS="469" VPOS="585" WIDTH="133" HEIGHT="27" WC="0.92" CONTENT="omröstning"/><SP WIDTH="13" VPOS="585" HPOS="602"/>
							<String ID="string_116" HPOS="615" VPOS="585" WIDTH="88" HEIGHT="22" WC="0.96" CONTENT="tillbaka"/><SP WIDTH="14" VPOS="585" HPOS="703"/>
							<String ID="string_117" HPOS="717" VPOS="585" WIDTH="33" HEIGHT="22" WC="0.92" CONTENT="till"/><SP WIDTH="10" VPOS="585" HPOS="750"/>
							<String ID="string_118" HPOS="760" VPOS="585" WIDTH="108" HEIGHT="22" WC="0.92" CONTENT="utskottet"/><SP WIDTH="8" VPOS="585" HPOS="868"/>
							<String ID="string_119" HPOS="876" VPOS="585" WIDTH="35" HEIGHT="22" WC="0.96" CONTENT="för"/>
						</TextLine>
						<TextLine ID="line_17" HPOS="88" VPOS="613" WIDTH="823" HEIGHT="28">
							<String ID="string_120" HPOS="88" VPOS="615" WIDTH="35" HEIGHT="21" WC="0.96" CONTENT="att"/><SP WIDTH="13" VPOS="615" HPOS="123"/>
							<String ID="string_121" HPOS="136" VPOS="614" WIDTH="133" HEIGHT="23" WC="0.82" CONTENT="beträffande"/><SP WIDTH="15" VPOS="614" HPOS="269"/>
							<String ID="string_122" HPOS="284" VPOS="614" WIDTH="68" HEIGHT="23" WC="0.93" CONTENT="första"/><SP WIDTH="14" VPOS="614" HPOS="352"/>
							<String ID="string_123" HPOS="366" VPOS="615" WIDTH="113" HEIGHT="26" WC="0.91" CONTENT="meningen"/><SP WIDTH="15" VPOS="615" HPOS="479"/>
							<String ID="string_124" HPOS="494" VPOS="614" WIDTH="159" HEIGHT="22" WC="0.91" CONTENT="omformuleras"/><SP WIDTH="15" VPOS="614" HPOS="653"/>
							<String ID="string_125" HPOS="668" VPOS="613" WIDTH="8" HEIGHT="22" WC="0.96" CONTENT="i"/><SP WIDTH="15" VPOS="613" HPOS="676"/>
							<String ID="string_126" HPOS="691" VPOS="614" WIDTH="37" HEIGHT="21" WC="0.96" CONTENT="det"/><SP WIDTH="10" VPOS="614" HPOS="728"/>
							<String ID="string_127" HPOS="738" VPOS="613" WIDTH="62" HEIGHT="28" WC="0.96" CONTENT="syfte,"/><SP WIDTH="12" VPOS="613" HPOS="800"/>
							<String ID="string_128" HPOS="812" VPOS="615" WIDTH="33" HEIGHT="21" WC="0.93" CONTENT="att"/><SP WIDTH="9" VPOS="615" HPOS="845"/>
							<String ID="string_129" HPOS="854" VPOS="615" WIDTH="57" HEIGHT="21" WC="0.93" CONTENT="röst-"/>
						</TextLine>
						<TextLine ID="line_18" HPOS="88" VPOS="642" WIDTH="822" HEIGHT="24">
							<String ID="string_130" HPOS="88" VPOS="645" WIDTH="46" HEIGHT="20" WC="0.93" CONTENT="rätt"/><SP WIDTH="15" VPOS="645" HPOS="134"/>
							<String ID="string_131" HPOS="149" VPOS="643" WIDTH="128" HEIGHT="22" WC="0.93" CONTENT="tillkommer"/><SP WIDTH="14" VPOS="643" HPOS="277"/>
							<String ID="string_132" HPOS="291" VPOS="643" WIDTH="140" HEIGHT="23" WC="0.96" CONTENT="kommunens"/><SP WIDTH="19" VPOS="643" HPOS="431"/>
							<String ID="string_133" HPOS="450" VPOS="643" WIDTH="139" HEIGHT="21" WC="0.96" CONTENT="medlemmar"/><SP WIDTH="13" VPOS="643" HPOS="589"/>
							<String ID="string_134" HPOS="602" VPOS="643" WIDTH="7" HEIGHT="20" WC="0.93" CONTENT="i"/><SP WIDTH="15" VPOS="643" HPOS="609"/>
							<String ID="string_135" HPOS="624" VPOS="642" WIDTH="134" HEIGHT="22" WC="0.91" CONTENT="förhållande"/><SP WIDTH="14" VPOS="642" HPOS="758"/>
							<String ID="string_136" HPOS="772" VPOS="643" WIDTH="32" HEIGHT="21" WC="0.96" CONTENT="till"/><SP WIDTH="16" VPOS="643" HPOS="804"/>
							<String ID="string_137" HPOS="820" VPOS="643" WIDTH="38" HEIGHT="21" WC="0.93" CONTENT="det"/><SP WIDTH="14" VPOS="643" HPOS="858"/>
							<String ID="string_138" HPOS="872" VPOS="649" WIDTH="38" HEIGHT="16" WC="0.92" CONTENT="an-"/>
						</TextLine>
						<TextLine ID="line_19" HPOS="89" VPOS="670" WIDTH="821" HEIGHT="29">
							<String ID="string_139" HPOS="89" VPOS="672" WIDTH="32" HEIGHT="21" WC="0.93" CONTENT="tal"/><SP WIDTH="15" VPOS="672" HPOS="121"/>
							<String ID="string_140" HPOS="136" VPOS="671" WIDTH="117" HEIGHT="27" WC="0.93" CONTENT="skattören,"/><SP WIDTH="17" VPOS="671" HPOS="253"/>
							<String ID="string_141" HPOS="270" VPOS="678" WIDTH="47" HEIGHT="15" WC="0.93" CONTENT="som"/><SP WIDTH="14" VPOS="678" HPOS="317"/>
							<String ID="string_142" HPOS="331" VPOS="671" WIDTH="69" HEIGHT="22" WC="0.92" CONTENT="blifvit"/><SP WIDTH="16" VPOS="671" HPOS="400"/>
							<String ID="string_143" HPOS="416" VPOS="678" WIDTH="26" HEIGHT="15" WC="0.93" CONTENT="en"/><SP WIDTH="14" VPOS="678" HPOS="442"/>
							<String ID="string_144" HPOS="456" VPOS="672" WIDTH="53" HEIGHT="21" WC="0.93" CONTENT="hvar"/><SP WIDTH="15" VPOS="672" HPOS="509"/>
							<String ID="string_145" HPOS="524" VPOS="671" WIDTH="35" HEIGHT="22" WC="0.93" CONTENT="vid"/><SP WIDTH="10" VPOS="671" HPOS="559"/>
							<String ID="string_146" HPOS="569" VPOS="673" WIDTH="49" HEIGHT="20" WC="0.89" CONTENT="näst"/><SP WIDTH="7" VPOS="673" HPOS="618"/>
							<String ID="string_147" HPOS="625" VPOS="670" WIDTH="129" HEIGHT="28" WC="0.89" CONTENT="föregäende"/><SP WIDTH="11" VPOS="670" HPOS="754"/>
							<String ID="string_148" HPOS="765" VPOS="672" WIDTH="97" HEIGHT="26" WC="0.93" CONTENT="taxering"/><SP WIDTH="9" VPOS="672" HPOS="862"/>
							<String ID="string_149" HPOS="871" VPOS="671" WIDTH="39" HEIGHT="28" WC="0.93" CONTENT="pä-"/>
						</TextLine>
						<TextLine ID="line_20" HPOS="88" VPOS="699" WIDTH="823" HEIGHT="27">
							<String ID="string_150" HPOS="88" VPOS="700" WIDTH="59" HEIGHT="22" WC="0.92" CONTENT="fördt"/><SP WIDTH="22" VPOS="700" HPOS="147"/>
							<String ID="string_151" HPOS="169" VPOS="700" WIDTH="91" HEIGHT="22" WC="0.92" CONTENT="sälunda"/><SP WIDTH="22" VPOS="700" HPOS="260"/>
							<String ID="string_152" HPOS="282" VPOS="702" WIDTH="34" HEIGHT="20" WC="0.96" CONTENT="att"/><SP WIDTH="15" VPOS="702" HPOS="316"/>
							<String ID="string_153" HPOS="331" VPOS="702" WIDTH="32" HEIGHT="20" WC="0.93" CONTENT="ett"/><SP WIDTH="14" VPOS="702" HPOS="363"/>
							<String ID="string_154" HPOS="377" VPOS="701" WIDTH="97" HEIGHT="21" WC="0.91" CONTENT="skattöre"/><SP WIDTH="14" VPOS="701" HPOS="474"/>
							<String ID="string_155" HPOS="488" VPOS="700" WIDTH="83" HEIGHT="21" WC="0.96" CONTENT="medför"/><SP WIDTH="15" VPOS="700" HPOS="571"/>
							<String ID="string_156" HPOS="586" VPOS="706" WIDTH="27" HEIGHT="15" WC="0.92" CONTENT="en"/><SP WIDTH="14" VPOS="706" HPOS="613"/>
							<String ID="string_157" HPOS="627" VPOS="701" WIDTH="53" HEIGHT="25" WC="0.92" CONTENT="röst,"/><SP WIDTH="16" VPOS="701" HPOS="680"/>
							<String ID="string_158" HPOS="696" VPOS="700" WIDTH="36" HEIGHT="21" WC="0.93" CONTENT="tvä"/><SP WIDTH="15" VPOS="700" HPOS="732"/>
							<String ID="string_159" HPOS="747" VPOS="699" WIDTH="112" HEIGHT="22" WC="0.92" CONTENT="skattören"/><SP WIDTH="15" VPOS="699" HPOS="859"/>
							<String ID="string_160" HPOS="874" VPOS="699" WIDTH="37" HEIGHT="22" WC="0.92" CONTENT="tvä"/>
						</TextLine>
						<TextLine ID="line_21" HPOS="88" VPOS="728" WIDTH="821" HEIGHT="27">
							<String ID="string_161" HPOS="88" VPOS="730" WIDTH="78" HEIGHT="25" WC="0.90" CONTENT="röster,"/><SP WIDTH="23" VPOS="730" HPOS="166"/>
							<String ID="string_162" HPOS="189" VPOS="731" WIDTH="32" HEIGHT="20" WC="0.93" CONTENT="tre"/><SP WIDTH="22" VPOS="731" HPOS="221"/>
							<String ID="string_163" HPOS="243" VPOS="729" WIDTH="113" HEIGHT="22" WC="0.92" CONTENT="skattören"/><SP WIDTH="15" VPOS="729" HPOS="356"/>
							<String ID="string_164" HPOS="371" VPOS="731" WIDTH="12" HEIGHT="19" WC="0.93" CONTENT="3"/><SP WIDTH="15" VPOS="731" HPOS="383"/>
							<String ID="string_165" HPOS="398" VPOS="730" WIDTH="71" HEIGHT="20" WC="0.92" CONTENT="röster"/><SP WIDTH="19" VPOS="730" HPOS="469"/>
							<String ID="string_166" HPOS="488" VPOS="729" WIDTH="41" HEIGHT="21" WC="0.96" CONTENT="och"/><SP WIDTH="15" VPOS="729" HPOS="529"/>
							<String ID="string_167" HPOS="544" VPOS="729" WIDTH="25" HEIGHT="21" WC="0.96" CONTENT="sä"/><SP WIDTH="14" VPOS="729" HPOS="569"/>
							<String ID="string_168" HPOS="583" VPOS="728" WIDTH="73" HEIGHT="22" WC="0.93" CONTENT="vidare"/><SP WIDTH="15" VPOS="728" HPOS="656"/>
							<String ID="string_169" HPOS="671" VPOS="728" WIDTH="57" HEIGHT="22" WC="0.92" CONTENT="ända"/><SP WIDTH="14" VPOS="728" HPOS="728"/>
							<String ID="string_170" HPOS="742" VPOS="728" WIDTH="33" HEIGHT="21" WC="0.96" CONTENT="till"/><SP WIDTH="15" VPOS="728" HPOS="775"/>
							<String ID="string_171" HPOS="790" VPOS="730" WIDTH="26" HEIGHT="20" WC="0.93" CONTENT="25"/><SP WIDTH="16" VPOS="730" HPOS="816"/>
							<String ID="string_172" HPOS="832" VPOS="729" WIDTH="77" HEIGHT="26" WC="0.92" CONTENT="röster,"/>
						</TextLine>
						<TextLine ID="line_22" HPOS="88" VPOS="755" WIDTH="626" HEIGHT="29">
							<String ID="string_173" HPOS="88" VPOS="763" WIDTH="49" HEIGHT="16" WC="0.91" CONTENT="som"/><SP WIDTH="14" VPOS="763" HPOS="137"/>
							<String ID="string_174" HPOS="151" VPOS="759" WIDTH="38" HEIGHT="20" WC="0.96" CONTENT="äro"/><SP WIDTH="15" VPOS="759" HPOS="189"/>
							<String ID="string_175" HPOS="204" VPOS="757" WIDTH="38" HEIGHT="22" WC="0.93" CONTENT="det"/><SP WIDTH="13" VPOS="757" HPOS="242"/>
							<String ID="string_176" HPOS="255" VPOS="757" WIDTH="79" HEIGHT="27" WC="0.96" CONTENT="högsta"/><SP WIDTH="14" VPOS="757" HPOS="334"/>
							<String ID="string_177" HPOS="348" VPOS="757" WIDTH="90" HEIGHT="22" WC="0.96" CONTENT="röstetal"/><SP WIDTH="15" VPOS="757" HPOS="438"/>
							<String ID="string_178" HPOS="453" VPOS="757" WIDTH="71" HEIGHT="26" WC="0.96" CONTENT="någon"/><SP WIDTH="14" VPOS="757" HPOS="524"/>
							<String ID="string_179" HPOS="538" VPOS="757" WIDTH="43" HEIGHT="21" WC="0.93" CONTENT="kan"/><SP WIDTH="15" VPOS="757" HPOS="581"/>
							<String ID="string_180" HPOS="596" VPOS="755" WIDTH="118" HEIGHT="23" WC="0.61" CONTENT="innehafva."/>
						</TextLine>
					</TextBlock>
					<TextBlock ID="block_7" HPOS="168" VPOS="785" WIDTH="494" HEIGHT="28">
						<TextLine ID="line_23" HPOS="168" VPOS="785" WIDTH="494" HEIGHT="28">
							<String ID="string_181" HPOS="168" VPOS="785" WIDTH="162" HEIGHT="28" WC="0.91" CONTENT="Slutmeningen"/><SP WIDTH="14" VPOS="785" HPOS="330"/>
							<String ID="string_182" HPOS="344" VPOS="786" WIDTH="7" HEIGHT="21" WC="0.96" CONTENT="i"/><SP WIDTH="17" VPOS="786" HPOS="351"/>
							<String ID="string_183" HPOS="368" VPOS="787" WIDTH="26" HEIGHT="20" WC="0.92" CONTENT="12"/><SP WIDTH="14" VPOS="787" HPOS="394"/>
							<String ID="string_184" HPOS="408" VPOS="785" WIDTH="11" HEIGHT="27" WC="0.90" CONTENT="&amp;"/><SP WIDTH="17" VPOS="785" HPOS="419"/>
							<String ID="string_185" HPOS="436" VPOS="787" WIDTH="76" HEIGHT="25" WC="0.92" CONTENT="antogs"/><SP WIDTH="16" VPOS="787" HPOS="512"/>
							<String ID="string_186" HPOS="528" VPOS="785" WIDTH="134" HEIGHT="22" WC="0.92" CONTENT="oförändrad."/>
						</TextLine>
					</TextBlock>
					<TextBlock ID="block_8" HPOS="89" VPOS="813" WIDTH="822" HEIGHT="85">
						<TextLine ID="line_24" HPOS="158" VPOS="813" WIDTH="751" HEIGHT="28">
							<String ID="string_187" HPOS="158" VPOS="814" WIDTH="114" HEIGHT="22" WC="0.91" CONTENT="Likaledes"/><SP WIDTH="16" VPOS="814" HPOS="272"/>
							<String ID="string_188" HPOS="288" VPOS="816" WIDTH="91" HEIGHT="25" WC="0.92" CONTENT="antogos"/><SP WIDTH="17" VPOS="816" HPOS="379"/>
							<String ID="string_189" HPOS="396" VPOS="813" WIDTH="141" HEIGHT="22" WC="0.96" CONTENT="oförändrade"/><SP WIDTH="17" VPOS="813" HPOS="537"/>
							<String ID="string_190" HPOS="554" VPOS="815" WIDTH="32" HEIGHT="24" WC="0.96" CONTENT="16,"/><SP WIDTH="16" VPOS="815" HPOS="586"/>
							<String ID="string_191" HPOS="602" VPOS="814" WIDTH="35" HEIGHT="25" WC="0.97" CONTENT="24,"/><SP WIDTH="16" VPOS="814" HPOS="637"/>
							<String ID="string_192" HPOS="653" VPOS="815" WIDTH="33" HEIGHT="24" WC="0.96" CONTENT="55,"/><SP WIDTH="17" VPOS="815" HPOS="686"/>
							<String ID="string_193" HPOS="703" VPOS="815" WIDTH="34" HEIGHT="24" WC="0.96" CONTENT="56,"/><SP WIDTH="17" VPOS="815" HPOS="737"/>
							<String ID="string_194" HPOS="754" VPOS="815" WIDTH="26" HEIGHT="20" WC="0.96" CONTENT="57"/><SP WIDTH="12" VPOS="815" HPOS="780"/>
							<String ID="string_195" HPOS="792" VPOS="813" WIDTH="42" HEIGHT="22" WC="0.39" CONTENT="och"/><SP WIDTH="8" VPOS="813" HPOS="834"/>
							<String ID="string_196" HPOS="842" VPOS="815" WIDTH="25" HEIGHT="20" WC="0.39" CONTENT="81"/><SP WIDTH="12" VPOS="815" HPOS="867"/>
							<String ID="string_197" HPOS="879" VPOS="813" WIDTH="30" HEIGHT="28" WC="0.84" CONTENT="88,"/>
						</TextLine>
						<TextLine ID="line_25" HPOS="89" VPOS="841" WIDTH="822" HEIGHT="28">
							<String ID="string_198" HPOS="89" VPOS="842" WIDTH="111" HEIGHT="22" WC="0.93" CONTENT="äfvensom"/><SP WIDTH="15" VPOS="842" HPOS="200"/>
							<String ID="string_199" HPOS="215" VPOS="843" WIDTH="157" HEIGHT="26" WC="0.92" CONTENT="slutklämmen,"/><SP WIDTH="17" VPOS="843" HPOS="372"/>
							<String ID="string_200" HPOS="389" VPOS="844" WIDTH="26" HEIGHT="20" WC="0.93" CONTENT="55"/><SP WIDTH="15" VPOS="844" HPOS="415"/>
							<String ID="string_201" HPOS="430" VPOS="843" WIDTH="14" HEIGHT="26" WC="0.44" CONTENT="$"/><SP WIDTH="16" VPOS="843" HPOS="444"/>
							<String ID="string_202" HPOS="460" VPOS="842" WIDTH="40" HEIGHT="21" WC="0.93" CONTENT="och"/><SP WIDTH="16" VPOS="842" HPOS="500"/>
							<String ID="string_203" HPOS="516" VPOS="842" WIDTH="151" HEIGHT="21" WC="0.91" CONTENT="slutklämmen"/><SP WIDTH="15" VPOS="842" HPOS="667"/>
							<String ID="string_204" HPOS="682" VPOS="841" WIDTH="56" HEIGHT="22" WC="0.93" CONTENT="efter"/><SP WIDTH="14" VPOS="841" HPOS="738"/>
							<String ID="string_205" HPOS="752" VPOS="842" WIDTH="159" HEIGHT="27" WC="0.96" CONTENT="omröstningar"/>
						</TextLine>
						<TextLine ID="line_26" HPOS="89" VPOS="871" WIDTH="449" HEIGHT="27">
							<String ID="string_206" HPOS="89" VPOS="873" WIDTH="58" HEIGHT="19" WC="0.93" CONTENT="samt"/><SP WIDTH="14" VPOS="873" HPOS="147"/>
							<String ID="string_207" HPOS="161" VPOS="871" WIDTH="69" HEIGHT="26" WC="0.96" CONTENT="öfriga"/><SP WIDTH="15" VPOS="871" HPOS="230"/>
							<String ID="string_208" HPOS="245" VPOS="871" WIDTH="25" HEIGHT="27" WC="0.84" CONTENT="$$"/><SP WIDTH="15" VPOS="871" HPOS="270"/>
							<String ID="string_209" HPOS="285" VPOS="873" WIDTH="54" HEIGHT="19" WC="0.93" CONTENT="utan"/><SP WIDTH="14" VPOS="873" HPOS="339"/>
							<String ID="string_210" HPOS="353" VPOS="871" WIDTH="185" HEIGHT="26" WC="0.92" CONTENT="meningsolikhet."/>
						</TextLine>
					</TextBlock>
					<TextBlock ID="block_9" HPOS="89" VPOS="898" WIDTH="825" HEIGHT="229">
						<TextLine ID="line_27" HPOS="161" VPOS="898" WIDTH="750" HEIGHT="27">
							<String ID="string_211" HPOS="161" VPOS="900" WIDTH="9" HEIGHT="19" WC="0.96" CONTENT="1"/><SP WIDTH="18" VPOS="900" HPOS="170"/>
							<String ID="string_212" HPOS="188" VPOS="905" WIDTH="62" HEIGHT="15" WC="0.96" CONTENT="mom."/><SP WIDTH="17" VPOS="905" HPOS="250"/>
							<String ID="string_213" HPOS="267" VPOS="899" WIDTH="23" HEIGHT="21" WC="0.93" CONTENT="af"/><SP WIDTH="13" VPOS="899" HPOS="290"/>
							<String ID="string_214" HPOS="303" VPOS="900" WIDTH="14" HEIGHT="25" WC="0.85" CONTENT="&amp;"/><SP WIDTH="16" VPOS="900" HPOS="317"/>
							<String ID="string_215" HPOS="333" VPOS="901" WIDTH="25" HEIGHT="20" WC="0.93" CONTENT="51"/><SP WIDTH="17" VPOS="901" HPOS="358"/>
							<String ID="string_216" HPOS="375" VPOS="899" WIDTH="150" HEIGHT="22" WC="0.96" CONTENT="remitterades"/><SP WIDTH="16" VPOS="899" HPOS="525"/>
							<String ID="string_217" HPOS="541" VPOS="899" WIDTH="54" HEIGHT="21" WC="0.93" CONTENT="efter"/><SP WIDTH="14" VPOS="899" HPOS="595"/>
							<String ID="string_218" HPOS="609" VPOS="898" WIDTH="97" HEIGHT="27" WC="0.96" CONTENT="votering"/><SP WIDTH="19" VPOS="898" HPOS="706"/>
							<String ID="string_219" HPOS="725" VPOS="898" WIDTH="90" HEIGHT="22" WC="0.96" CONTENT="tillbaka"/><SP WIDTH="14" VPOS="898" HPOS="815"/>
							<String ID="string_220" HPOS="829" VPOS="899" WIDTH="34" HEIGHT="21" WC="0.93" CONTENT="till"/><SP WIDTH="14" VPOS="899" HPOS="863"/>
							<String ID="string_221" HPOS="877" VPOS="901" WIDTH="34" HEIGHT="19" WC="0.92" CONTENT="ut-"/>
						</TextLine>
						<TextLine ID="line_28" HPOS="89" VPOS="927" WIDTH="822" HEIGHT="28">
							<String ID="string_222" HPOS="89" VPOS="927" WIDTH="86" HEIGHT="22" WC="0.92" CONTENT="skottet"/><SP WIDTH="20" VPOS="927" HPOS="175"/>
							<String ID="string_223" HPOS="195" VPOS="927" WIDTH="34" HEIGHT="23" WC="0.96" CONTENT="för"/><SP WIDTH="22" VPOS="927" HPOS="229"/>
							<String ID="string_224" HPOS="251" VPOS="929" WIDTH="34" HEIGHT="20" WC="0.93" CONTENT="att"/><SP WIDTH="14" VPOS="929" HPOS="285"/>
							<String ID="string_225" HPOS="299" VPOS="927" WIDTH="161" HEIGHT="22" WC="0.91" CONTENT="omformuleras"/><SP WIDTH="20" VPOS="927" HPOS="460"/>
							<String ID="string_226" HPOS="480" VPOS="927" WIDTH="7" HEIGHT="22" WC="0.96" CONTENT="i"/><SP WIDTH="15" VPOS="927" HPOS="487"/>
							<String ID="string_227" HPOS="502" VPOS="928" WIDTH="37" HEIGHT="21" WC="0.96" CONTENT="det"/><SP WIDTH="14" VPOS="928" HPOS="539"/>
							<String ID="string_228" HPOS="553" VPOS="927" WIDTH="56" HEIGHT="28" WC="0.97" CONTENT="syfte"/><SP WIDTH="15" VPOS="927" HPOS="609"/>
							<String ID="string_229" HPOS="624" VPOS="929" WIDTH="33" HEIGHT="19" WC="0.97" CONTENT="att"/><SP WIDTH="15" VPOS="929" HPOS="657"/>
							<String ID="string_230" HPOS="672" VPOS="927" WIDTH="48" HEIGHT="26" WC="0.96" CONTENT="den,"/><SP WIDTH="16" VPOS="927" HPOS="720"/>
							<String ID="string_231" HPOS="736" VPOS="933" WIDTH="48" HEIGHT="15" WC="0.93" CONTENT="som"/><SP WIDTH="14" VPOS="933" HPOS="784"/>
							<String ID="string_232" HPOS="798" VPOS="927" WIDTH="85" HEIGHT="27" WC="0.93" CONTENT="päföres"/><SP WIDTH="17" VPOS="927" HPOS="883"/>
							<String ID="string_233" HPOS="900" VPOS="929" WIDTH="11" HEIGHT="19" WC="0.96" CONTENT="1"/>
						</TextLine>
						<TextLine ID="line_29" HPOS="90" VPOS="955" WIDTH="821" HEIGHT="29">
							<String ID="string_234" HPOS="90" VPOS="956" WIDTH="100" HEIGHT="22" WC="0.92" CONTENT="skattöre"/><SP WIDTH="26" VPOS="956" HPOS="190"/>
							<String ID="string_235" HPOS="216" VPOS="957" WIDTH="57" HEIGHT="21" WC="0.96" CONTENT="skall"/><SP WIDTH="28" VPOS="957" HPOS="273"/>
							<String ID="string_236" HPOS="301" VPOS="958" WIDTH="78" HEIGHT="26" WC="0.96" CONTENT="utgöra"/><SP WIDTH="24" VPOS="958" HPOS="379"/>
							<String ID="string_237" HPOS="403" VPOS="956" WIDTH="136" HEIGHT="22" WC="0.93" CONTENT="kommunala"/><SP WIDTH="24" VPOS="956" HPOS="539"/>
							<String ID="string_238" HPOS="563" VPOS="955" WIDTH="110" HEIGHT="28" WC="0.91" CONTENT="utskylder"/><SP WIDTH="24" VPOS="955" HPOS="673"/>
							<String ID="string_239" HPOS="697" VPOS="955" WIDTH="33" HEIGHT="22" WC="0.96" CONTENT="för"/><SP WIDTH="26" VPOS="955" HPOS="730"/>
							<String ID="string_240" HPOS="756" VPOS="957" WIDTH="25" HEIGHT="25" WC="0.71" CONTENT="1/3"/><SP WIDTH="27" VPOS="957" HPOS="781"/>
							<String ID="string_241" HPOS="808" VPOS="956" WIDTH="103" HEIGHT="26" WC="0.92" CONTENT="skattöre,"/>
						</TextLine>
						<TextLine ID="line_30" HPOS="91" VPOS="983" WIDTH="822" HEIGHT="29">
							<String ID="string_242" HPOS="91" VPOS="985" WIDTH="43" HEIGHT="22" WC="0.96" CONTENT="den"/><SP WIDTH="15" VPOS="985" HPOS="134"/>
							<String ID="string_243" HPOS="149" VPOS="991" WIDTH="47" HEIGHT="16" WC="0.93" CONTENT="som"/><SP WIDTH="14" VPOS="991" HPOS="196"/>
							<String ID="string_244" HPOS="210" VPOS="985" WIDTH="86" HEIGHT="27" WC="0.91" CONTENT="päföres"/><SP WIDTH="16" VPOS="985" HPOS="296"/>
							<String ID="string_245" HPOS="312" VPOS="987" WIDTH="13" HEIGHT="20" WC="0.93" CONTENT="2"/><SP WIDTH="16" VPOS="987" HPOS="325"/>
							<String ID="string_246" HPOS="341" VPOS="985" WIDTH="117" HEIGHT="26" WC="0.92" CONTENT="skattören,"/><SP WIDTH="16" VPOS="985" HPOS="458"/>
							<String ID="string_247" HPOS="474" VPOS="985" WIDTH="39" HEIGHT="22" WC="0.93" CONTENT="bör"/><SP WIDTH="15" VPOS="985" HPOS="513"/>
							<String ID="string_248" HPOS="528" VPOS="985" WIDTH="73" HEIGHT="21" WC="0.93" CONTENT="betala"/><SP WIDTH="16" VPOS="985" HPOS="601"/>
							<String ID="string_249" HPOS="617" VPOS="984" WIDTH="26" HEIGHT="26" WC="0.54" CONTENT="!/;"/><SP WIDTH="16" VPOS="984" HPOS="643"/>
							<String ID="string_250" HPOS="659" VPOS="983" WIDTH="33" HEIGHT="22" WC="0.96" CONTENT="för"/><SP WIDTH="15" VPOS="983" HPOS="692"/>
							<String ID="string_251" HPOS="707" VPOS="984" WIDTH="37" HEIGHT="21" WC="0.96" CONTENT="det"/><SP WIDTH="23" VPOS="984" HPOS="744"/>
							<String ID="string_252" HPOS="767" VPOS="985" WIDTH="59" HEIGHT="21" WC="0.96" CONTENT="första"/><SP WIDTH="11" VPOS="985" HPOS="826"/>
							<String ID="string_253" HPOS="837" VPOS="984" WIDTH="40" HEIGHT="22" WC="0.93" CONTENT="och"/><SP WIDTH="9" VPOS="984" HPOS="877"/>
							<String ID="string_254" HPOS="886" VPOS="985" WIDTH="27" HEIGHT="26" WC="0.49" CONTENT="2/3"/>
						</TextLine>
						<TextLine ID="line_31" HPOS="90" VPOS="1013" WIDTH="823" HEIGHT="28">
							<String ID="string_255" HPOS="90" VPOS="1013" WIDTH="34" HEIGHT="22" WC="0.93" CONTENT="för"/><SP WIDTH="23" VPOS="1013" HPOS="124"/>
							<String ID="string_256" HPOS="147" VPOS="1013" WIDTH="38" HEIGHT="22" WC="0.95" CONTENT="det"/><SP WIDTH="21" VPOS="1013" HPOS="185"/>
							<String ID="string_257" HPOS="206" VPOS="1014" WIDTH="66" HEIGHT="21" WC="0.91" CONTENT="andra"/><SP WIDTH="22" VPOS="1014" HPOS="272"/>
							<String ID="string_258" HPOS="294" VPOS="1014" WIDTH="113" HEIGHT="26" WC="0.89" CONTENT="skattöret,"/><SP WIDTH="20" VPOS="1014" HPOS="407"/>
							<String ID="string_259" HPOS="427" VPOS="1014" WIDTH="40" HEIGHT="21" WC="0.96" CONTENT="den"/><SP WIDTH="17" VPOS="1014" HPOS="467"/>
							<String ID="string_260" HPOS="484" VPOS="1019" WIDTH="46" HEIGHT="16" WC="0.93" CONTENT="som"/><SP WIDTH="14" VPOS="1019" HPOS="530"/>
							<String ID="string_261" HPOS="544" VPOS="1013" WIDTH="86" HEIGHT="28" WC="0.92" CONTENT="päföres"/><SP WIDTH="15" VPOS="1013" HPOS="630"/>
							<String ID="string_262" HPOS="645" VPOS="1015" WIDTH="12" HEIGHT="19" WC="0.93" CONTENT="3"/><SP WIDTH="15" VPOS="1015" HPOS="657"/>
							<String ID="string_263" HPOS="672" VPOS="1013" WIDTH="117" HEIGHT="26" WC="0.92" CONTENT="skattören,"/><SP WIDTH="17" VPOS="1013" HPOS="789"/>
							<String ID="string_264" HPOS="806" VPOS="1013" WIDTH="54" HEIGHT="21" WC="0.93" CONTENT="skall"/><SP WIDTH="15" VPOS="1013" HPOS="860"/>
							<String ID="string_265" HPOS="875" VPOS="1013" WIDTH="38" HEIGHT="22" WC="0.92" CONTENT="be-"/>
						</TextLine>
						<TextLine ID="line_32" HPOS="91" VPOS="1041" WIDTH="822" HEIGHT="28">
							<String ID="string_266" HPOS="91" VPOS="1042" WIDTH="46" HEIGHT="21" WC="0.96" CONTENT="tala"/><SP WIDTH="24" VPOS="1042" HPOS="137"/>
							<String ID="string_267" HPOS="161" VPOS="1043" WIDTH="26" HEIGHT="26" WC="0.86" CONTENT="1/3"/><SP WIDTH="22" VPOS="1043" HPOS="187"/>
							<String ID="string_268" HPOS="209" VPOS="1042" WIDTH="33" HEIGHT="22" WC="0.96" CONTENT="för"/><SP WIDTH="15" VPOS="1042" HPOS="242"/>
							<String ID="string_269" HPOS="257" VPOS="1043" WIDTH="37" HEIGHT="21" WC="0.96" CONTENT="det"/><SP WIDTH="15" VPOS="1043" HPOS="294"/>
							<String ID="string_270" HPOS="309" VPOS="1042" WIDTH="74" HEIGHT="26" WC="0.93" CONTENT="första,"/><SP WIDTH="20" VPOS="1042" HPOS="383"/>
							<String ID="string_271" HPOS="403" VPOS="1043" WIDTH="27" HEIGHT="25" WC="0.34" CONTENT="2/,"/><SP WIDTH="15" VPOS="1043" HPOS="430"/>
							<String ID="string_272" HPOS="445" VPOS="1041" WIDTH="33" HEIGHT="22" WC="0.96" CONTENT="för"/><SP WIDTH="16" VPOS="1041" HPOS="478"/>
							<String ID="string_273" HPOS="494" VPOS="1043" WIDTH="36" HEIGHT="20" WC="0.96" CONTENT="det"/><SP WIDTH="14" VPOS="1043" HPOS="530"/>
							<String ID="string_274" HPOS="544" VPOS="1041" WIDTH="67" HEIGHT="22" WC="0.96" CONTENT="andra"/><SP WIDTH="16" VPOS="1041" HPOS="611"/>
							<String ID="string_275" HPOS="627" VPOS="1041" WIDTH="39" HEIGHT="21" WC="0.93" CONTENT="och"/><SP WIDTH="15" VPOS="1041" HPOS="666"/>
							<String ID="string_276" HPOS="681" VPOS="1041" WIDTH="49" HEIGHT="21" WC="0.96" CONTENT="fullt"/><SP WIDTH="14" VPOS="1041" HPOS="730"/>
							<String ID="string_277" HPOS="744" VPOS="1041" WIDTH="34" HEIGHT="22" WC="0.96" CONTENT="för"/><SP WIDTH="14" VPOS="1041" HPOS="778"/>
							<String ID="string_278" HPOS="792" VPOS="1041" WIDTH="37" HEIGHT="22" WC="0.93" CONTENT="det"/><SP WIDTH="15" VPOS="1041" HPOS="829"/>
							<String ID="string_279" HPOS="844" VPOS="1042" WIDTH="69" HEIGHT="27" WC="0.96" CONTENT="tredje"/>
						</TextLine>
						<TextLine ID="line_33" HPOS="91" VPOS="1069" WIDTH="823" HEIGHT="28">
							<String ID="string_280" HPOS="91" VPOS="1071" WIDTH="119" HEIGHT="26" WC="0.91" CONTENT="skattöret;"/><SP WIDTH="25" VPOS="1071" HPOS="210"/>
							<String ID="string_281" HPOS="235" VPOS="1071" WIDTH="42" HEIGHT="22" WC="0.93" CONTENT="den"/><SP WIDTH="22" VPOS="1071" HPOS="277"/>
							<String ID="string_282" HPOS="299" VPOS="1071" WIDTH="53" HEIGHT="26" WC="0.92" CONTENT="äter,"/><SP WIDTH="17" VPOS="1071" HPOS="352"/>
							<String ID="string_283" HPOS="369" VPOS="1077" WIDTH="46" HEIGHT="15" WC="0.93" CONTENT="som"/><SP WIDTH="17" VPOS="1077" HPOS="415"/>
							<String ID="string_284" HPOS="432" VPOS="1070" WIDTH="86" HEIGHT="27" WC="0.92" CONTENT="päföres"/><SP WIDTH="15" VPOS="1070" HPOS="518"/>
							<String ID="string_285" HPOS="533" VPOS="1073" WIDTH="13" HEIGHT="19" WC="0.97" CONTENT="4"/><SP WIDTH="16" VPOS="1073" HPOS="546"/>
							<String ID="string_286" HPOS="562" VPOS="1070" WIDTH="53" HEIGHT="21" WC="0.93" CONTENT="eller"/><SP WIDTH="13" VPOS="1070" HPOS="615"/>
							<String ID="string_287" HPOS="628" VPOS="1069" WIDTH="52" HEIGHT="22" WC="0.92" CONTENT="flere"/><SP WIDTH="17" VPOS="1069" HPOS="680"/>
							<String ID="string_288" HPOS="697" VPOS="1070" WIDTH="118" HEIGHT="27" WC="0.91" CONTENT="skattören,"/><SP WIDTH="17" VPOS="1070" HPOS="815"/>
							<String ID="string_289" HPOS="832" VPOS="1070" WIDTH="82" HEIGHT="27" WC="0.92" CONTENT="äligger"/>
						</TextLine>
						<TextLine ID="line_34" HPOS="92" VPOS="1099" WIDTH="439" HEIGHT="28">
							<String ID="string_290" HPOS="92" VPOS="1101" WIDTH="33" HEIGHT="19" WC="0.92" CONTENT="att"/><SP WIDTH="14" VPOS="1101" HPOS="125"/>
							<String ID="string_291" HPOS="139" VPOS="1099" WIDTH="73" HEIGHT="22" WC="0.91" CONTENT="betala"/><SP WIDTH="14" VPOS="1099" HPOS="212"/>
							<String ID="string_292" HPOS="226" VPOS="1099" WIDTH="49" HEIGHT="22" WC="0.92" CONTENT="fullt"/><SP WIDTH="14" VPOS="1099" HPOS="275"/>
							<String ID="string_293" HPOS="289" VPOS="1099" WIDTH="34" HEIGHT="22" WC="0.93" CONTENT="för"/><SP WIDTH="14" VPOS="1099" HPOS="323"/>
							<String ID="string_294" HPOS="337" VPOS="1099" WIDTH="73" HEIGHT="28" WC="0.93" CONTENT="hvarje"/><SP WIDTH="15" VPOS="1099" HPOS="410"/>
							<String ID="string_295" HPOS="425" VPOS="1099" WIDTH="106" HEIGHT="25" WC="0.91" CONTENT="skattöre;"/>
						</TextLine>
					</TextBlock>
					<TextBlock ID="block_10" HPOS="93" VPOS="1125" WIDTH="821" HEIGHT="58">
						<TextLine ID="line_35" HPOS="161" VPOS="1125" WIDTH="753" HEIGHT="30">
							<String ID="string_296" HPOS="161" VPOS="1128" WIDTH="66" HEIGHT="25" WC="0.92" CONTENT="2:dra,"/><SP WIDTH="17" VPOS="1128" HPOS="227"/>
							<String ID="string_297" HPOS="244" VPOS="1129" WIDTH="56" HEIGHT="26" WC="0.92" CONTENT="3:dje"/><SP WIDTH="14" VPOS="1129" HPOS="300"/>
							<String ID="string_298" HPOS="314" VPOS="1128" WIDTH="41" HEIGHT="21" WC="0.93" CONTENT="och"/><SP WIDTH="15" VPOS="1128" HPOS="355"/>
							<String ID="string_299" HPOS="370" VPOS="1128" WIDTH="48" HEIGHT="21" WC="0.92" CONTENT="4:de"/><SP WIDTH="14" VPOS="1128" HPOS="418"/>
							<String ID="string_300" HPOS="432" VPOS="1133" WIDTH="63" HEIGHT="16" WC="0.96" CONTENT="mom."/><SP WIDTH="12" VPOS="1133" HPOS="495"/>
							<String ID="string_301" HPOS="507" VPOS="1127" WIDTH="22" HEIGHT="22" WC="0.93" CONTENT="af"/><SP WIDTH="9" VPOS="1127" HPOS="529"/>
							<String ID="string_302" HPOS="538" VPOS="1128" WIDTH="12" HEIGHT="26" WC="0.71" CONTENT="$"/><SP WIDTH="9" VPOS="1128" HPOS="550"/>
							<String ID="string_303" HPOS="559" VPOS="1129" WIDTH="26" HEIGHT="20" WC="0.93" CONTENT="53"/><SP WIDTH="9" VPOS="1129" HPOS="585"/>
							<String ID="string_304" HPOS="594" VPOS="1128" WIDTH="90" HEIGHT="25" WC="0.92" CONTENT="antogos"/><SP WIDTH="9" VPOS="1128" HPOS="684"/>
							<String ID="string_305" HPOS="693" VPOS="1125" WIDTH="149" HEIGHT="28" WC="0.93" CONTENT="oförändrade,"/><SP WIDTH="12" VPOS="1125" HPOS="842"/>
							<String ID="string_306" HPOS="854" VPOS="1127" WIDTH="60" HEIGHT="22" WC="0.92" CONTENT="2:dra"/>
						</TextLine>
						<TextLine ID="line_36" HPOS="93" VPOS="1156" WIDTH="346" HEIGHT="27">
							<String ID="string_307" HPOS="93" VPOS="1157" WIDTH="118" HEIGHT="21" WC="0.95" CONTENT="momentet"/><SP WIDTH="14" VPOS="1157" HPOS="211"/>
							<String ID="string_308" HPOS="225" VPOS="1156" WIDTH="55" HEIGHT="22" WC="0.93" CONTENT="efter"/><SP WIDTH="15" VPOS="1156" HPOS="280"/>
							<String ID="string_309" HPOS="295" VPOS="1157" WIDTH="144" HEIGHT="26" WC="0.88" CONTENT="omröstning:"/>
						</TextLine>
					</TextBlock>
					<TextBlock ID="block_11" HPOS="93" VPOS="1183" WIDTH="820" HEIGHT="57">
						<TextLine ID="line_37" HPOS="162" VPOS="1183" WIDTH="751" HEIGHT="29">
							<String ID="string_310" HPOS="162" VPOS="1185" WIDTH="8" HEIGHT="21" WC="0.91" CONTENT="i"/><SP WIDTH="16" VPOS="1185" HPOS="170"/>
							<String ID="string_311" HPOS="186" VPOS="1187" WIDTH="55" HEIGHT="19" WC="0.89" CONTENT="1:sta"/><SP WIDTH="15" VPOS="1187" HPOS="241"/>
							<String ID="string_312" HPOS="256" VPOS="1191" WIDTH="63" HEIGHT="16" WC="0.96" CONTENT="mom."/><SP WIDTH="16" VPOS="1191" HPOS="319"/>
							<String ID="string_313" HPOS="335" VPOS="1185" WIDTH="23" HEIGHT="22" WC="0.96" CONTENT="af"/><SP WIDTH="13" VPOS="1185" HPOS="358"/>
							<String ID="string_314" HPOS="371" VPOS="1187" WIDTH="27" HEIGHT="19" WC="0.93" CONTENT="54"/><SP WIDTH="17" VPOS="1187" HPOS="398"/>
							<String ID="string_315" HPOS="415" VPOS="1185" WIDTH="10" HEIGHT="26" WC="0.87" CONTENT="$"/><SP WIDTH="16" VPOS="1185" HPOS="425"/>
							<String ID="string_316" HPOS="441" VPOS="1185" WIDTH="69" HEIGHT="21" WC="0.96" CONTENT="skulle"/><SP WIDTH="16" VPOS="1185" HPOS="510"/>
							<String ID="string_317" HPOS="526" VPOS="1185" WIDTH="66" HEIGHT="21" WC="0.93" CONTENT="orden"/><SP WIDTH="16" VPOS="1185" HPOS="592"/>
							<String ID="string_318" HPOS="608" VPOS="1183" WIDTH="139" HEIGHT="26" WC="0.87" CONTENT=",femhundra"/><SP WIDTH="13" VPOS="1183" HPOS="747"/>
							<String ID="string_319" HPOS="760" VPOS="1184" WIDTH="74" HEIGHT="21" WC="0.90" CONTENT="mark&quot;"/><SP WIDTH="16" VPOS="1184" HPOS="834"/>
							<String ID="string_320" HPOS="850" VPOS="1184" WIDTH="63" HEIGHT="28" WC="0.92" CONTENT="utby-"/>
						</TextLine>
						<TextLine ID="line_38" HPOS="93" VPOS="1213" WIDTH="625" HEIGHT="27">
							<String ID="string_321" HPOS="93" VPOS="1215" WIDTH="35" HEIGHT="20" WC="0.96" CONTENT="tas"/><SP WIDTH="16" VPOS="1215" HPOS="128"/>
							<String ID="string_322" HPOS="144" VPOS="1213" WIDTH="33" HEIGHT="22" WC="0.93" CONTENT="till"/><SP WIDTH="16" VPOS="1213" HPOS="177"/>
							<String ID="string_323" HPOS="193" VPOS="1213" WIDTH="59" HEIGHT="27" WC="0.72" CONTENT=",fyra"/><SP WIDTH="14" VPOS="1213" HPOS="252"/>
							<String ID="string_324" HPOS="266" VPOS="1214" WIDTH="84" HEIGHT="21" WC="0.96" CONTENT="hundra"/><SP WIDTH="14" VPOS="1214" HPOS="350"/>
							<String ID="string_325" HPOS="364" VPOS="1214" WIDTH="81" HEIGHT="26" WC="0.77" CONTENT="mark”,"/><SP WIDTH="15" VPOS="1214" HPOS="445"/>
							<String ID="string_326" HPOS="460" VPOS="1213" WIDTH="8" HEIGHT="21" WC="0.96" CONTENT="i"/><SP WIDTH="15" VPOS="1213" HPOS="468"/>
							<String ID="string_327" HPOS="483" VPOS="1213" WIDTH="63" HEIGHT="27" WC="0.96" CONTENT="öfrigt"/><SP WIDTH="16" VPOS="1213" HPOS="546"/>
							<String ID="string_328" HPOS="562" VPOS="1213" WIDTH="123" HEIGHT="26" WC="0.96" CONTENT="godkändes"/><SP WIDTH="15" VPOS="1213" HPOS="685"/>
							<String ID="string_329" HPOS="700" VPOS="1213" WIDTH="18" HEIGHT="25" WC="0.83" CONTENT="8."/>
						</TextLine>
					</TextBlock>
					<TextBlock ID="block_12" HPOS="152" VPOS="1241" WIDTH="501" HEIGHT="27">
						<TextLine ID="line_39" HPOS="152" VPOS="1241" WIDTH="501" HEIGHT="27">
							<String ID="string_330" HPOS="152" VPOS="1243" WIDTH="32" HEIGHT="20" WC="0.96" CONTENT="att"/><SP WIDTH="15" VPOS="1243" HPOS="184"/>
							<String ID="string_331" HPOS="199" VPOS="1242" WIDTH="87" HEIGHT="21" WC="0.96" CONTENT="ståndet"/><SP WIDTH="14" VPOS="1242" HPOS="286"/>
							<String ID="string_332" HPOS="300" VPOS="1243" WIDTH="7" HEIGHT="20" WC="0.96" CONTENT="i"/><SP WIDTH="16" VPOS="1243" HPOS="307"/>
							<String ID="string_333" HPOS="323" VPOS="1243" WIDTH="32" HEIGHT="20" WC="0.96" CONTENT="ett"/><SP WIDTH="15" VPOS="1243" HPOS="355"/>
							<String ID="string_334" HPOS="370" VPOS="1241" WIDTH="152" HEIGHT="27" WC="0.96" CONTENT="sammanhang"/><SP WIDTH="15" VPOS="1241" HPOS="522"/>
							<String ID="string_335" HPOS="537" VPOS="1241" WIDTH="116" HEIGHT="22" WC="0.95" CONTENT="behandlat"/>
						</TextLine>
					</TextBlock>
					<TextBlock ID="block_13" HPOS="92" VPOS="1269" WIDTH="822" HEIGHT="87">
						<TextLine ID="line_40" HPOS="169" VPOS="1269" WIDTH="745" HEIGHT="29">
							<String ID="string_336" HPOS="169" VPOS="1273" WIDTH="33" HEIGHT="19" WC="0.91" CONTENT="1:0"/><SP WIDTH="10" VPOS="1273" HPOS="202"/>
							<String ID="string_337" HPOS="212" VPOS="1271" WIDTH="213" HEIGHT="27" WC="0.91" CONTENT="jernvägsutskottets"/><SP WIDTH="14" VPOS="1271" HPOS="425"/>
							<String ID="string_338" HPOS="439" VPOS="1270" WIDTH="33" HEIGHT="22" WC="0.96" CONTENT="uti"/><SP WIDTH="15" VPOS="1270" HPOS="472"/>
							<String ID="string_339" HPOS="487" VPOS="1271" WIDTH="49" HEIGHT="21" WC="0.96" CONTENT="dess"/><SP WIDTH="16" VPOS="1271" HPOS="536"/>
							<String ID="string_340" HPOS="552" VPOS="1269" WIDTH="135" HEIGHT="23" WC="0.96" CONTENT="betänkande"/><SP WIDTH="15" VPOS="1269" HPOS="687"/>
							<String ID="string_341" HPOS="702" VPOS="1275" WIDTH="36" HEIGHT="16" WC="0.96" CONTENT="n:o"/><SP WIDTH="17" VPOS="1275" HPOS="738"/>
							<String ID="string_342" HPOS="755" VPOS="1271" WIDTH="10" HEIGHT="19" WC="0.96" CONTENT="1"/><SP WIDTH="17" VPOS="1271" HPOS="765"/>
							<String ID="string_343" HPOS="782" VPOS="1270" WIDTH="7" HEIGHT="20" WC="0.96" CONTENT="i"/><SP WIDTH="11" VPOS="1270" HPOS="789"/>
							<String ID="string_344" HPOS="800" VPOS="1269" WIDTH="114" HEIGHT="28" WC="0.96" CONTENT="anledning"/>
						</TextLine>
						<TextLine ID="line_41" HPOS="93" VPOS="1298" WIDTH="821" HEIGHT="28">
							<String ID="string_345" HPOS="93" VPOS="1300" WIDTH="24" HEIGHT="21" WC="0.96" CONTENT="af"/><SP WIDTH="20" VPOS="1300" HPOS="117"/>
							<String ID="string_346" HPOS="137" VPOS="1299" WIDTH="28" HEIGHT="22" WC="0.95" CONTENT="H."/><SP WIDTH="22" VPOS="1299" HPOS="165"/>
							<String ID="string_347" HPOS="187" VPOS="1299" WIDTH="26" HEIGHT="22" WC="0.93" CONTENT="K."/><SP WIDTH="22" VPOS="1299" HPOS="213"/>
							<String ID="string_348" HPOS="235" VPOS="1299" WIDTH="51" HEIGHT="22" WC="0.91" CONTENT="M:ts"/><SP WIDTH="23" VPOS="1299" HPOS="286"/>
							<String ID="string_349" HPOS="309" VPOS="1300" WIDTH="79" HEIGHT="26" WC="0.96" CONTENT="nådiga"/><SP WIDTH="21" VPOS="1300" HPOS="388"/>
							<String ID="string_350" HPOS="409" VPOS="1299" WIDTH="133" HEIGHT="27" WC="0.96" CONTENT="proposition"/><SP WIDTH="16" VPOS="1299" HPOS="542"/>
							<String ID="string_351" HPOS="558" VPOS="1298" WIDTH="47" HEIGHT="22" WC="0.96" CONTENT="med"/><SP WIDTH="16" VPOS="1298" HPOS="605"/>
							<String ID="string_352" HPOS="621" VPOS="1298" WIDTH="79" HEIGHT="27" WC="0.96" CONTENT="förslag"/><SP WIDTH="15" VPOS="1298" HPOS="700"/>
							<String ID="string_353" HPOS="715" VPOS="1298" WIDTH="111" HEIGHT="28" WC="0.96" CONTENT="angående"/><SP WIDTH="15" VPOS="1298" HPOS="826"/>
							<String ID="string_354" HPOS="841" VPOS="1298" WIDTH="73" HEIGHT="22" WC="0.96" CONTENT="vidare"/>
						</TextLine>
						<TextLine ID="line_42" HPOS="92" VPOS="1327" WIDTH="582" HEIGHT="29">
							<String ID="string_355" HPOS="92" VPOS="1328" WIDTH="228" HEIGHT="28" WC="0.91" CONTENT="jernvägsbyggnader"/><SP WIDTH="15" VPOS="1328" HPOS="320"/>
							<String ID="string_356" HPOS="335" VPOS="1329" WIDTH="6" HEIGHT="21" WC="0.96" CONTENT="i"/><SP WIDTH="16" VPOS="1329" HPOS="341"/>
							<String ID="string_357" HPOS="357" VPOS="1328" WIDTH="74" HEIGHT="22" WC="0.92" CONTENT="landet"/><SP WIDTH="14" VPOS="1328" HPOS="431"/>
							<String ID="string_358" HPOS="445" VPOS="1328" WIDTH="125" HEIGHT="21" WC="0.92" CONTENT="framstälda"/><SP WIDTH="14" VPOS="1328" HPOS="570"/>
							<String ID="string_359" HPOS="584" VPOS="1327" WIDTH="90" HEIGHT="27" WC="0.96" CONTENT="förslag:"/>
						</TextLine>
					</TextBlock>
					<TextBlock ID="block_14" HPOS="96" VPOS="1354" WIDTH="822" HEIGHT="169">
						<TextLine ID="line_43" HPOS="167" VPOS="1354" WIDTH="751" HEIGHT="29">
							<String ID="string_360" HPOS="167" VPOS="1358" WIDTH="34" HEIGHT="19" WC="0.96" CONTENT="att"/><SP WIDTH="21" VPOS="1358" HPOS="201"/>
							<String ID="string_361" HPOS="222" VPOS="1357" WIDTH="33" HEIGHT="20" WC="0.93" CONTENT="för"/><SP WIDTH="19" VPOS="1357" HPOS="255"/>
							<String ID="string_362" HPOS="274" VPOS="1357" WIDTH="199" HEIGHT="26" WC="0.91" CONTENT="jernvägsarbetets"/><SP WIDTH="24" VPOS="1357" HPOS="473"/>
							<String ID="string_363" HPOS="497" VPOS="1355" WIDTH="144" HEIGHT="21" WC="0.96" CONTENT="fortsättande"/><SP WIDTH="21" VPOS="1355" HPOS="641"/>
							<String ID="string_364" HPOS="662" VPOS="1355" WIDTH="72" HEIGHT="21" WC="0.96" CONTENT="anslås"/><SP WIDTH="21" VPOS="1355" HPOS="734"/>
							<String ID="string_365" HPOS="755" VPOS="1360" WIDTH="27" HEIGHT="16" WC="0.96" CONTENT="en"/><SP WIDTH="14" VPOS="1360" HPOS="782"/>
							<String ID="string_366" HPOS="796" VPOS="1360" WIDTH="83" HEIGHT="16" WC="0.96" CONTENT="summa"/><SP WIDTH="15" VPOS="1360" HPOS="879"/>
							<String ID="string_367" HPOS="894" VPOS="1354" WIDTH="24" HEIGHT="22" WC="0.96" CONTENT="af"/>
						</TextLine>
						<TextLine ID="line_44" HPOS="97" VPOS="1382" WIDTH="820" HEIGHT="29">
							<String ID="string_368" HPOS="97" VPOS="1384" WIDTH="58" HEIGHT="21" WC="0.96" CONTENT="ända"/><SP WIDTH="14" VPOS="1384" HPOS="155"/>
							<String ID="string_369" HPOS="169" VPOS="1384" WIDTH="34" HEIGHT="21" WC="0.95" CONTENT="till"/><SP WIDTH="15" VPOS="1384" HPOS="203"/>
							<String ID="string_370" HPOS="218" VPOS="1386" WIDTH="13" HEIGHT="18" WC="0.96" CONTENT="4"/><SP WIDTH="15" VPOS="1386" HPOS="231"/>
							<String ID="string_371" HPOS="246" VPOS="1385" WIDTH="99" HEIGHT="26" WC="0.96" CONTENT="miljoner"/><SP WIDTH="14" VPOS="1385" HPOS="345"/>
							<String ID="string_372" HPOS="359" VPOS="1384" WIDTH="62" HEIGHT="21" WC="0.96" CONTENT="mark"/><SP WIDTH="13" VPOS="1384" HPOS="421"/>
							<String ID="string_373" HPOS="434" VPOS="1384" WIDTH="7" HEIGHT="21" WC="0.96" CONTENT="i"/><SP WIDTH="15" VPOS="1384" HPOS="441"/>
							<String ID="string_374" HPOS="456" VPOS="1384" WIDTH="101" HEIGHT="21" WC="0.95" CONTENT="medeltal"/><SP WIDTH="17" VPOS="1384" HPOS="557"/>
							<String ID="string_375" HPOS="574" VPOS="1383" WIDTH="80" HEIGHT="26" WC="0.95" CONTENT="årligen"/><SP WIDTH="14" VPOS="1383" HPOS="654"/>
							<String ID="string_376" HPOS="668" VPOS="1382" WIDTH="46" HEIGHT="21" WC="0.96" CONTENT="från"/><SP WIDTH="9" VPOS="1382" HPOS="714"/>
							<String ID="string_377" HPOS="723" VPOS="1382" WIDTH="41" HEIGHT="22" WC="0.96" CONTENT="den"/><SP WIDTH="10" VPOS="1382" HPOS="764"/>
							<String ID="string_378" HPOS="774" VPOS="1382" WIDTH="32" HEIGHT="21" WC="0.96" CONTENT="tid"/><SP WIDTH="8" VPOS="1382" HPOS="806"/>
							<String ID="string_379" HPOS="814" VPOS="1383" WIDTH="103" HEIGHT="21" WC="0.96" CONTENT="arbetena"/>
						</TextLine>
						<TextLine ID="line_45" HPOS="96" VPOS="1410" WIDTH="820" HEIGHT="29">
							<String ID="string_380" HPOS="96" VPOS="1412" WIDTH="73" HEIGHT="22" WC="0.96" CONTENT="kunna"/><SP WIDTH="15" VPOS="1412" HPOS="169"/>
							<String ID="string_381" HPOS="184" VPOS="1412" WIDTH="87" HEIGHT="27" WC="0.96" CONTENT="vidtaga"/><SP WIDTH="21" VPOS="1412" HPOS="271"/>
							<String ID="string_382" HPOS="292" VPOS="1412" WIDTH="55" HEIGHT="22" WC="0.95" CONTENT="intill"/><SP WIDTH="22" VPOS="1412" HPOS="347"/>
							<String ID="string_383" HPOS="369" VPOS="1412" WIDTH="109" HEIGHT="27" WC="0.96" CONTENT="utgången"/><SP WIDTH="20" VPOS="1412" HPOS="478"/>
							<String ID="string_384" HPOS="498" VPOS="1411" WIDTH="22" HEIGHT="22" WC="0.96" CONTENT="af"/><SP WIDTH="19" VPOS="1411" HPOS="520"/>
							<String ID="string_385" HPOS="539" VPOS="1413" WIDTH="61" HEIGHT="24" WC="0.96" CONTENT="1885,"/><SP WIDTH="16" VPOS="1413" HPOS="600"/>
							<String ID="string_386" HPOS="616" VPOS="1412" WIDTH="57" HEIGHT="20" WC="0.96" CONTENT="samt"/><SP WIDTH="15" VPOS="1412" HPOS="673"/>
							<String ID="string_387" HPOS="688" VPOS="1412" WIDTH="32" HEIGHT="20" WC="0.96" CONTENT="att"/><SP WIDTH="15" VPOS="1412" HPOS="720"/>
							<String ID="string_388" HPOS="735" VPOS="1410" WIDTH="117" HEIGHT="22" WC="0.96" CONTENT="ständerna"/><SP WIDTH="14" VPOS="1410" HPOS="852"/>
							<String ID="string_389" HPOS="866" VPOS="1411" WIDTH="50" HEIGHT="21" WC="0.95" CONTENT="ville"/>
						</TextLine>
						<TextLine ID="line_46" HPOS="97" VPOS="1439" WIDTH="820" HEIGHT="29">
							<String ID="string_390" HPOS="97" VPOS="1441" WIDTH="40" HEIGHT="21" WC="0.93" CONTENT="hos"/><SP WIDTH="15" VPOS="1441" HPOS="137"/>
							<String ID="string_391" HPOS="152" VPOS="1441" WIDTH="27" HEIGHT="21" WC="0.91" CONTENT="H."/><SP WIDTH="15" VPOS="1441" HPOS="179"/>
							<String ID="string_392" HPOS="194" VPOS="1441" WIDTH="26" HEIGHT="21" WC="0.90" CONTENT="K."/><SP WIDTH="17" VPOS="1441" HPOS="220"/>
							<String ID="string_393" HPOS="237" VPOS="1442" WIDTH="41" HEIGHT="21" WC="0.96" CONTENT="M:t"/><SP WIDTH="14" VPOS="1442" HPOS="278"/>
							<String ID="string_394" HPOS="292" VPOS="1441" WIDTH="87" HEIGHT="22" WC="0.93" CONTENT="anhålla"/><SP WIDTH="9" VPOS="1441" HPOS="379"/>
							<String ID="string_395" HPOS="388" VPOS="1443" WIDTH="39" HEIGHT="19" WC="0.90" CONTENT="-att"/><SP WIDTH="15" VPOS="1443" HPOS="427"/>
							<String ID="string_396" HPOS="442" VPOS="1446" WIDTH="77" HEIGHT="22" WC="0.96" CONTENT="genom"/><SP WIDTH="14" VPOS="1446" HPOS="519"/>
							<String ID="string_397" HPOS="533" VPOS="1440" WIDTH="65" HEIGHT="26" WC="0.96" CONTENT="nådig"/><SP WIDTH="13" VPOS="1440" HPOS="598"/>
							<String ID="string_398" HPOS="611" VPOS="1439" WIDTH="133" HEIGHT="27" WC="0.96" CONTENT="proposition"/><SP WIDTH="16" VPOS="1439" HPOS="744"/>
							<String ID="string_399" HPOS="760" VPOS="1439" WIDTH="31" HEIGHT="22" WC="0.93" CONTENT="till"/><SP WIDTH="15" VPOS="1439" HPOS="791"/>
							<String ID="string_400" HPOS="806" VPOS="1440" WIDTH="111" HEIGHT="22" WC="0.91" CONTENT="nästkom-"/>
						</TextLine>
						<TextLine ID="line_47" HPOS="97" VPOS="1468" WIDTH="821" HEIGHT="30">
							<String ID="string_401" HPOS="97" VPOS="1470" WIDTH="79" HEIGHT="22" WC="0.92" CONTENT="mande"/><SP WIDTH="15" VPOS="1470" HPOS="176"/>
							<String ID="string_402" HPOS="191" VPOS="1470" WIDTH="103" HEIGHT="28" WC="0.91" CONTENT="landtdag"/><SP WIDTH="15" VPOS="1470" HPOS="294"/>
							<String ID="string_403" HPOS="309" VPOS="1470" WIDTH="92" HEIGHT="22" WC="0.96" CONTENT="beredas"/><SP WIDTH="16" VPOS="1470" HPOS="401"/>
							<String ID="string_404" HPOS="417" VPOS="1470" WIDTH="83" HEIGHT="21" WC="0.96" CONTENT="tillfälle"/><SP WIDTH="14" VPOS="1470" HPOS="500"/>
							<String ID="string_405" HPOS="514" VPOS="1471" WIDTH="33" HEIGHT="19" WC="0.96" CONTENT="att"/><SP WIDTH="15" VPOS="1471" HPOS="547"/>
							<String ID="string_406" HPOS="562" VPOS="1468" WIDTH="86" HEIGHT="22" WC="0.96" CONTENT="besluta"/><SP WIDTH="14" VPOS="1468" HPOS="648"/>
							<String ID="string_407" HPOS="662" VPOS="1474" WIDTH="34" HEIGHT="16" WC="0.96" CONTENT="om"/><SP WIDTH="16" VPOS="1474" HPOS="696"/>
							<String ID="string_408" HPOS="712" VPOS="1468" WIDTH="73" HEIGHT="22" WC="0.96" CONTENT="vidare"/><SP WIDTH="11" VPOS="1468" HPOS="785"/>
							<String ID="string_409" HPOS="796" VPOS="1468" WIDTH="75" HEIGHT="28" WC="0.96" CONTENT="anslag"/><SP WIDTH="13" VPOS="1468" HPOS="871"/>
							<String ID="string_410" HPOS="884" VPOS="1468" WIDTH="34" HEIGHT="22" WC="0.96" CONTENT="för"/>
						</TextLine>
						<TextLine ID="line_48" HPOS="97" VPOS="1497" WIDTH="581" HEIGHT="26">
							<String ID="string_411" HPOS="97" VPOS="1498" WIDTH="75" HEIGHT="23" WC="0.96" CONTENT="vidare"/><SP WIDTH="15" VPOS="1498" HPOS="172"/>
							<String ID="string_412" HPOS="187" VPOS="1499" WIDTH="96" HEIGHT="22" WC="0.96" CONTENT="arbetets"/><SP WIDTH="16" VPOS="1499" HPOS="283"/>
							<String ID="string_413" HPOS="299" VPOS="1498" WIDTH="144" HEIGHT="23" WC="0.96" CONTENT="fortsättande"/><SP WIDTH="14" VPOS="1498" HPOS="443"/>
							<String ID="string_414" HPOS="457" VPOS="1498" WIDTH="47" HEIGHT="22" WC="0.96" CONTENT="från"/><SP WIDTH="16" VPOS="1498" HPOS="504"/>
							<String ID="string_415" HPOS="520" VPOS="1499" WIDTH="54" HEIGHT="21" WC="0.96" CONTENT="1886"/><SP WIDTH="15" VPOS="1499" HPOS="574"/>
							<String ID="string_416" HPOS="589" VPOS="1497" WIDTH="89" HEIGHT="26" WC="0.96" CONTENT="framåt;"/>
						</TextLine>
					</TextBlock>
				</ComposedBlock>
			</PrintSpace>
		</Page>
	</Layout>
</alto>
