<?xml version="1.0" encoding="UTF-8"?>
<alto xmlns="http://www.loc.gov/standards/alto/ns-v3#" xmlns:xlink="http://www.w3.org/1999/xlink" xmlns:xsi="http://www.w3.org/2001/XMLSchema-instance" xsi:schemaLocation="http://www.loc.gov/standards/alto/ns-v3# http://www.loc.gov/alto/v3/alto-3-0.xsd">
	<Description>
		<MeasurementUnit>pixel</MeasurementUnit>
		<sourceImageInformation>
			<fileName>/tmp/tess_i0m2dnc9_input.PNG</fileName>
		</sourceImageInformation>
		<OCRProcessing ID="OCR_0">
			<ocrProcessingStep>
				<processingSoftware>
					<softwareName>tesseract 5.3.4</softwareName>
				</processingSoftware>
			</ocrProcessingStep>
		</OCRProcessing>
	</Description>
	<Layout>
		<Page WIDTH="1067" HEIGHT="1720" PHYSICAL_IMG_NR="0" ID="page_0">
			<PrintSpace HPOS="0" VPOS="0" WIDTH="1067" HEIGHT="1720">
				<ComposedBlock ID="cblock_0" HPOS="195" VPOS="116" WIDTH="451" HEIGHT="23">
					<TextBlock ID="block_0" HPOS="195" VPOS="116" WIDTH="451" HEIGHT="23">
						<TextLine ID="line_0" HPOS="195" VPOS="116" WIDTH="451" HEIGHT="23">
							<String ID="string_0" HPOS="195" VPOS="117" WIDTH="55" HEIGHT="21" WC="0.96" CONTENT="1138"/><SP WIDTH="264" VPOS="117" HPOS="250"/>
							<String ID="string_1" HPOS="514" VPOS="116" WIDTH="42" HEIGHT="19" WC="0.96" CONTENT="Den"/><SP WIDTH="12" VPOS="116" HPOS="556"/>
							<String ID="string_2" HPOS="568" VPOS="117" WIDTH="21" HEIGHT="17" WC="0.96" CONTENT="23"/><SP WIDTH="13" VPOS="117" HPOS="589"/>
							<String ID="string_3" HPOS="602" VPOS="116" WIDTH="44" HEIGHT="23" WC="0.96" CONTENT="Maj."/>
						</TextLine>
					</TextBlock>
				</ComposedBlock>
				<ComposedBlock ID="cblock_1" HPOS="136" VPOS="181" WIDTH="854" HEIGHT="1375">
					<TextBlock ID="block_1" HPOS="136" VPOS="181" WIDTH="854" HEIGHT="1375">
						<TextLine ID="line_1" HPOS="162" VPOS="181" WIDTH="827" HEIGHT="28">
							<String ID="string_4" HPOS="162" VPOS="181" WIDTH="51" HEIGHT="26" WC="0.95" CONTENT="slag"/><SP WIDTH="15" VPOS="181" HPOS="213"/>
							<String ID="string_5" HPOS="228" VPOS="181" WIDTH="31" HEIGHT="22" WC="0.96" CONTENT="till"/><SP WIDTH="17" VPOS="181" HPOS="259"/>
							<String ID="string_6" HPOS="276" VPOS="187" WIDTH="26" HEIGHT="16" WC="0.96" CONTENT="en"/><SP WIDTH="16" VPOS="187" HPOS="302"/>
							<String ID="string_7" HPOS="318" VPOS="182" WIDTH="181" HEIGHT="27" WC="0.96" CONTENT="genomgripande"/><SP WIDTH="14" VPOS="182" HPOS="499"/>
							<String ID="string_8" HPOS="513" VPOS="181" WIDTH="124" HEIGHT="28" WC="0.96" CONTENT="förändring"/><SP WIDTH="14" VPOS="181" HPOS="637"/>
							<String ID="string_9" HPOS="651" VPOS="181" WIDTH="23" HEIGHT="22" WC="0.96" CONTENT="af"/><SP WIDTH="8" VPOS="181" HPOS="674"/>
							<String ID="string_10" HPOS="682" VPOS="182" WIDTH="96" HEIGHT="21" WC="0.96" CONTENT="bankens"/><SP WIDTH="9" VPOS="182" HPOS="778"/>
							<String ID="string_11" HPOS="787" VPOS="181" WIDTH="153" HEIGHT="28" WC="0.93" CONTENT="organisation,"/><SP WIDTH="12" VPOS="181" HPOS="940"/>
							<String ID="string_12" HPOS="952" VPOS="187" WIDTH="37" HEIGHT="16" WC="0.87" CONTENT="va-"/>
						</TextLine>
						<TextLine ID="line_2" HPOS="165" VPOS="209" WIDTH="823" HEIGHT="29">
							<String ID="string_13" HPOS="165" VPOS="209" WIDTH="29" HEIGHT="22" WC="0.96" CONTENT="rit"/><SP WIDTH="8" VPOS="209" HPOS="194"/>
							<String ID="string_14" HPOS="202" VPOS="209" WIDTH="39" HEIGHT="22" WC="0.96" CONTENT="för"/><SP WIDTH="14" VPOS="209" HPOS="241"/>
							<String ID="string_15" HPOS="255" VPOS="210" WIDTH="110" HEIGHT="21" WC="0.96" CONTENT="utskottet"/><SP WIDTH="14" VPOS="210" HPOS="365"/>
							<String ID="string_16" HPOS="379" VPOS="211" WIDTH="67" HEIGHT="26" WC="0.96" CONTENT="något"/><SP WIDTH="12" VPOS="211" HPOS="446"/>
							<String ID="string_17" HPOS="458" VPOS="210" WIDTH="80" HEIGHT="28" WC="0.94" CONTENT="knapp."/><SP WIDTH="29" VPOS="210" HPOS="538"/>
							<String ID="string_18" HPOS="567" VPOS="210" WIDTH="84" HEIGHT="22" WC="0.93" CONTENT="Mindre"/><SP WIDTH="14" VPOS="210" HPOS="651"/>
							<String ID="string_19" HPOS="665" VPOS="210" WIDTH="81" HEIGHT="27" WC="0.92" CONTENT="vigtiga"/><SP WIDTH="15" VPOS="210" HPOS="746"/>
							<String ID="string_20" HPOS="761" VPOS="211" WIDTH="64" HEIGHT="21" WC="0.96" CONTENT="saker"/><SP WIDTH="15" VPOS="211" HPOS="825"/>
							<String ID="string_21" HPOS="840" VPOS="213" WIDTH="28" HEIGHT="19" WC="0.93" CONTENT="än"/><SP WIDTH="10" VPOS="213" HPOS="868"/>
							<String ID="string_22" HPOS="878" VPOS="210" WIDTH="110" HEIGHT="27" WC="0.89" CONTENT="organisa-"/>
						</TextLine>
						<TextLine ID="line_3" HPOS="162" VPOS="238" WIDTH="826" HEIGHT="27">
							<String ID="string_23" HPOS="162" VPOS="238" WIDTH="77" HEIGHT="21" WC="0.94" CONTENT="tionen"/><SP WIDTH="22" VPOS="238" HPOS="239"/>
							<String ID="string_24" HPOS="261" VPOS="238" WIDTH="23" HEIGHT="21" WC="0.90" CONTENT="af"/><SP WIDTH="20" VPOS="238" HPOS="284"/>
							<String ID="string_25" HPOS="304" VPOS="238" WIDTH="141" HEIGHT="22" WC="0.66" CONTENT="statsbänken"/><SP WIDTH="22" VPOS="238" HPOS="445"/>
							<String ID="string_26" HPOS="467" VPOS="238" WIDTH="63" HEIGHT="23" WC="0.95" CONTENT="hafva"/><SP WIDTH="21" VPOS="238" HPOS="530"/>
							<String ID="string_27" HPOS="551" VPOS="238" WIDTH="46" HEIGHT="23" WC="0.96" CONTENT="före"/><SP WIDTH="16" VPOS="238" HPOS="597"/>
							<String ID="string_28" HPOS="613" VPOS="239" WIDTH="63" HEIGHT="22" WC="0.96" CONTENT="deras"/><SP WIDTH="15" VPOS="239" HPOS="676"/>
							<String ID="string_29" HPOS="691" VPOS="239" WIDTH="129" HEIGHT="26" WC="0.96" CONTENT="behandling"/><SP WIDTH="15" VPOS="239" HPOS="820"/>
							<String ID="string_30" HPOS="835" VPOS="239" WIDTH="23" HEIGHT="22" WC="0.93" CONTENT="af"/><SP WIDTH="13" VPOS="239" HPOS="858"/>
							<String ID="string_31" HPOS="871" VPOS="239" WIDTH="117" HEIGHT="21" WC="0.79" CONTENT="ständerna"/>
						</TextLine>
						<TextLine ID="line_4" HPOS="164" VPOS="266" WIDTH="826" HEIGHT="29">
							<String ID="string_32" HPOS="164" VPOS="267" WIDTH="84" HEIGHT="27" WC="0.96" CONTENT="utgjort"/><SP WIDTH="14" VPOS="267" HPOS="248"/>
							<String ID="string_33" HPOS="262" VPOS="267" WIDTH="91" HEIGHT="22" WC="0.96" CONTENT="föremål"/><SP WIDTH="13" VPOS="267" HPOS="353"/>
							<String ID="string_34" HPOS="366" VPOS="266" WIDTH="34" HEIGHT="23" WC="0.93" CONTENT="för"/><SP WIDTH="13" VPOS="266" HPOS="400"/>
							<String ID="string_35" HPOS="413" VPOS="267" WIDTH="177" HEIGHT="28" WC="0.82" CONTENT="komitéarbeten,"/><SP WIDTH="15" VPOS="267" HPOS="590"/>
							<String ID="string_36" HPOS="605" VPOS="267" WIDTH="111" HEIGHT="27" WC="0.91" CONTENT="komitéer,"/><SP WIDTH="16" VPOS="267" HPOS="716"/>
							<String ID="string_37" HPOS="732" VPOS="273" WIDTH="46" HEIGHT="16" WC="0.96" CONTENT="som"/><SP WIDTH="10" VPOS="273" HPOS="778"/>
							<String ID="string_38" HPOS="788" VPOS="267" WIDTH="47" HEIGHT="22" WC="0.96" CONTENT="haft"/><SP WIDTH="13" VPOS="267" HPOS="835"/>
							<String ID="string_39" HPOS="848" VPOS="267" WIDTH="33" HEIGHT="22" WC="0.96" CONTENT="tid"/><SP WIDTH="12" VPOS="267" HPOS="881"/>
							<String ID="string_40" HPOS="893" VPOS="269" WIDTH="33" HEIGHT="20" WC="0.96" CONTENT="att"/><SP WIDTH="8" VPOS="269" HPOS="926"/>
							<String ID="string_41" HPOS="934" VPOS="273" WIDTH="56" HEIGHT="22" WC="0.96" CONTENT="egna"/>
						</TextLine>
						<TextLine ID="line_5" HPOS="164" VPOS="295" WIDTH="825" HEIGHT="29">
							<String ID="string_42" HPOS="164" VPOS="295" WIDTH="77" HEIGHT="28" WC="0.96" CONTENT="frågan"/><SP WIDTH="15" VPOS="295" HPOS="241"/>
							<String ID="string_43" HPOS="256" VPOS="302" WIDTH="27" HEIGHT="15" WC="0.93" CONTENT="en"/><SP WIDTH="15" VPOS="302" HPOS="283"/>
							<String ID="string_44" HPOS="298" VPOS="296" WIDTH="157" HEIGHT="27" WC="0.91" CONTENT="mångsidigare"/><SP WIDTH="14" VPOS="296" HPOS="455"/>
							<String ID="string_45" HPOS="469" VPOS="296" WIDTH="105" HEIGHT="28" WC="0.90" CONTENT="pröfning."/><SP WIDTH="29" VPOS="296" HPOS="574"/>
							<String ID="string_46" HPOS="603" VPOS="297" WIDTH="42" HEIGHT="26" WC="0.96" CONTENT="Jag"/><SP WIDTH="14" VPOS="297" HPOS="645"/>
							<String ID="string_47" HPOS="659" VPOS="296" WIDTH="37" HEIGHT="21" WC="0.96" CONTENT="vill"/><SP WIDTH="15" VPOS="296" HPOS="696"/>
							<String ID="string_48" HPOS="711" VPOS="296" WIDTH="72" HEIGHT="22" WC="0.96" CONTENT="derför"/><SP WIDTH="14" VPOS="296" HPOS="783"/>
							<String ID="string_49" HPOS="797" VPOS="296" WIDTH="86" HEIGHT="22" WC="0.96" CONTENT="ansluta"/><SP WIDTH="13" VPOS="296" HPOS="883"/>
							<String ID="string_50" HPOS="896" VPOS="297" WIDTH="45" HEIGHT="26" WC="0.96" CONTENT="mig"/><SP WIDTH="15" VPOS="297" HPOS="941"/>
							<String ID="string_51" HPOS="956" VPOS="296" WIDTH="33" HEIGHT="21" WC="0.96" CONTENT="till"/>
						</TextLine>
						<TextLine ID="line_6" HPOS="162" VPOS="323" WIDTH="827" HEIGHT="29">
							<String ID="string_52" HPOS="162" VPOS="324" WIDTH="42" HEIGHT="22" WC="0.96" CONTENT="det"/><SP WIDTH="14" VPOS="324" HPOS="204"/>
							<String ID="string_53" HPOS="218" VPOS="323" WIDTH="24" HEIGHT="22" WC="0.96" CONTENT="af"/><SP WIDTH="12" VPOS="323" HPOS="242"/>
							<String ID="string_54" HPOS="254" VPOS="324" WIDTH="51" HEIGHT="23" WC="0.96" CONTENT="herr"/><SP WIDTH="20" VPOS="324" HPOS="305"/>
							<String ID="string_55" HPOS="325" VPOS="325" WIDTH="140" HEIGHT="27" WC="0.92" CONTENT="Charpentier"/><SP WIDTH="18" VPOS="325" HPOS="465"/>
							<String ID="string_56" HPOS="483" VPOS="325" WIDTH="127" HEIGHT="22" WC="0.91" CONTENT="framstälda"/><SP WIDTH="14" VPOS="325" HPOS="610"/>
							<String ID="string_57" HPOS="624" VPOS="325" WIDTH="86" HEIGHT="27" WC="0.96" CONTENT="förslag,"/><SP WIDTH="16" VPOS="325" HPOS="710"/>
							<String ID="string_58" HPOS="726" VPOS="327" WIDTH="33" HEIGHT="20" WC="0.96" CONTENT="att"/><SP WIDTH="15" VPOS="327" HPOS="759"/>
							<String ID="string_59" HPOS="774" VPOS="325" WIDTH="22" HEIGHT="22" WC="0.96" CONTENT="af"/><SP WIDTH="13" VPOS="325" HPOS="796"/>
							<String ID="string_60" HPOS="809" VPOS="326" WIDTH="117" HEIGHT="21" WC="0.95" CONTENT="ständerna"/><SP WIDTH="14" VPOS="326" HPOS="926"/>
							<String ID="string_61" HPOS="940" VPOS="325" WIDTH="49" HEIGHT="22" WC="0.96" CONTENT="icke"/>
						</TextLine>
						<TextLine ID="line_7" HPOS="165" VPOS="353" WIDTH="824" HEIGHT="28">
							<String ID="string_62" HPOS="165" VPOS="358" WIDTH="30" HEIGHT="16" WC="0.94" CONTENT="nu"/><SP WIDTH="22" VPOS="358" HPOS="195"/>
							<String ID="string_63" HPOS="217" VPOS="353" WIDTH="67" HEIGHT="27" WC="0.94" CONTENT="några"/><SP WIDTH="20" VPOS="353" HPOS="284"/>
							<String ID="string_64" HPOS="304" VPOS="353" WIDTH="182" HEIGHT="28" WC="0.96" CONTENT="genomgripande"/><SP WIDTH="22" VPOS="353" HPOS="486"/>
							<String ID="string_65" HPOS="508" VPOS="353" WIDTH="147" HEIGHT="28" WC="0.96" CONTENT="förändringar"/><SP WIDTH="21" VPOS="353" HPOS="655"/>
							<String ID="string_66" HPOS="676" VPOS="354" WIDTH="68" HEIGHT="22" WC="0.96" CONTENT="måtte"/><SP WIDTH="23" VPOS="354" HPOS="744"/>
							<String ID="string_67" HPOS="767" VPOS="354" WIDTH="105" HEIGHT="27" WC="0.96" CONTENT="vidtagas,"/><SP WIDTH="16" VPOS="354" HPOS="872"/>
							<String ID="string_68" HPOS="888" VPOS="356" WIDTH="53" HEIGHT="19" WC="0.96" CONTENT="utan"/><SP WIDTH="15" VPOS="356" HPOS="941"/>
							<String ID="string_69" HPOS="956" VPOS="355" WIDTH="33" HEIGHT="20" WC="0.95" CONTENT="att"/>
						</TextLine>
						<TextLine ID="line_8" HPOS="162" VPOS="382" WIDTH="827" HEIGHT="28">
							<String ID="string_70" HPOS="162" VPOS="382" WIDTH="122" HEIGHT="22" WC="0.92" CONTENT="ständerna"/><SP WIDTH="21" VPOS="382" HPOS="284"/>
							<String ID="string_71" HPOS="305" VPOS="383" WIDTH="70" HEIGHT="21" WC="0.92" CONTENT="skulle"/><SP WIDTH="19" VPOS="383" HPOS="375"/>
							<String ID="string_72" HPOS="394" VPOS="382" WIDTH="130" HEIGHT="22" WC="0.92" CONTENT="öfverlemna"/><SP WIDTH="20" VPOS="382" HPOS="524"/>
							<String ID="string_73" HPOS="544" VPOS="383" WIDTH="24" HEIGHT="21" WC="0.96" CONTENT="åt"/><SP WIDTH="14" VPOS="383" HPOS="568"/>
							<String ID="string_74" HPOS="582" VPOS="383" WIDTH="47" HEIGHT="21" WC="0.93" CONTENT="sina"/><SP WIDTH="14" VPOS="383" HPOS="629"/>
							<String ID="string_75" HPOS="643" VPOS="382" WIDTH="192" HEIGHT="28" WC="0.92" CONTENT="bankfullmäktige"/><SP WIDTH="15" VPOS="382" HPOS="835"/>
							<String ID="string_76" HPOS="850" VPOS="384" WIDTH="33" HEIGHT="20" WC="0.96" CONTENT="att"/><SP WIDTH="13" VPOS="384" HPOS="883"/>
							<String ID="string_77" HPOS="896" VPOS="386" WIDTH="51" HEIGHT="18" WC="0.96" CONTENT="utse"/><SP WIDTH="15" VPOS="386" HPOS="947"/>
							<String ID="string_78" HPOS="962" VPOS="389" WIDTH="27" HEIGHT="16" WC="0.97" CONTENT="en"/>
						</TextLine>
						<TextLine ID="line_9" HPOS="166" VPOS="410" WIDTH="823" HEIGHT="28">
							<String ID="string_79" HPOS="166" VPOS="410" WIDTH="82" HEIGHT="22" WC="0.92" CONTENT="komité"/><SP WIDTH="14" VPOS="410" HPOS="248"/>
							<String ID="string_80" HPOS="262" VPOS="411" WIDTH="48" HEIGHT="21" WC="0.93" CONTENT="utaf"/><SP WIDTH="13" VPOS="411" HPOS="310"/>
							<String ID="string_81" HPOS="323" VPOS="411" WIDTH="130" HEIGHT="27" WC="0.91" CONTENT="insigtsfulla"/><SP WIDTH="15" VPOS="411" HPOS="453"/>
							<String ID="string_82" HPOS="468" VPOS="411" WIDTH="42" HEIGHT="21" WC="0.96" CONTENT="och"/><SP WIDTH="14" VPOS="411" HPOS="510"/>
							<String ID="string_83" HPOS="524" VPOS="411" WIDTH="7" HEIGHT="21" WC="0.93" CONTENT="i"/><SP WIDTH="14" VPOS="411" HPOS="531"/>
							<String ID="string_84" HPOS="545" VPOS="411" WIDTH="164" HEIGHT="22" WC="0.89" CONTENT="bankväsendet"/><SP WIDTH="15" VPOS="411" HPOS="709"/>
							<String ID="string_85" HPOS="724" VPOS="411" WIDTH="84" HEIGHT="21" WC="0.96" CONTENT="erfarna"/><SP WIDTH="14" VPOS="411" HPOS="808"/>
							<String ID="string_86" HPOS="822" VPOS="417" WIDTH="110" HEIGHT="21" WC="0.96" CONTENT="personer,"/><SP WIDTH="9" VPOS="417" HPOS="932"/>
							<String ID="string_87" HPOS="941" VPOS="417" WIDTH="48" HEIGHT="15" WC="0.96" CONTENT="som"/>
						</TextLine>
						<TextLine ID="line_10" HPOS="162" VPOS="439" WIDTH="827" HEIGHT="27">
							<String ID="string_88" HPOS="162" VPOS="439" WIDTH="76" HEIGHT="21" WC="0.96" CONTENT="kunde"/><SP WIDTH="15" VPOS="439" HPOS="238"/>
							<String ID="string_89" HPOS="253" VPOS="439" WIDTH="101" HEIGHT="22" WC="0.96" CONTENT="utarbeta"/><SP WIDTH="20" VPOS="439" HPOS="354"/>
							<String ID="string_90" HPOS="374" VPOS="441" WIDTH="32" HEIGHT="20" WC="0.96" CONTENT="ett"/><SP WIDTH="17" VPOS="441" HPOS="406"/>
							<String ID="string_91" HPOS="423" VPOS="439" WIDTH="82" HEIGHT="27" WC="0.96" CONTENT="förslag"/><SP WIDTH="15" VPOS="439" HPOS="505"/>
							<String ID="string_92" HPOS="520" VPOS="440" WIDTH="32" HEIGHT="21" WC="0.96" CONTENT="till"/><SP WIDTH="15" VPOS="440" HPOS="552"/>
							<String ID="string_93" HPOS="567" VPOS="440" WIDTH="181" HEIGHT="26" WC="0.96" CONTENT="omorganisation"/><SP WIDTH="16" VPOS="440" HPOS="748"/>
							<String ID="string_94" HPOS="764" VPOS="440" WIDTH="23" HEIGHT="21" WC="0.96" CONTENT="af"/><SP WIDTH="13" VPOS="440" HPOS="787"/>
							<String ID="string_95" HPOS="800" VPOS="440" WIDTH="84" HEIGHT="21" WC="0.96" CONTENT="banken"/><SP WIDTH="16" VPOS="440" HPOS="884"/>
							<String ID="string_96" HPOS="900" VPOS="440" WIDTH="40" HEIGHT="21" WC="0.96" CONTENT="och"/><SP WIDTH="16" VPOS="440" HPOS="940"/>
							<String ID="string_97" HPOS="956" VPOS="441" WIDTH="33" HEIGHT="20" WC="0.96" CONTENT="att"/>
						</TextLine>
						<TextLine ID="line_11" HPOS="163" VPOS="467" WIDTH="760" HEIGHT="29">
							<String ID="string_98" HPOS="163" VPOS="467" WIDTH="95" HEIGHT="22" WC="0.57" CONTENT="sålunda"/><SP WIDTH="14" VPOS="467" HPOS="258"/>
							<String ID="string_99" HPOS="272" VPOS="467" WIDTH="76" HEIGHT="28" WC="0.93" CONTENT="frågan"/><SP WIDTH="14" VPOS="467" HPOS="348"/>
							<String ID="string_100" HPOS="362" VPOS="468" WIDTH="82" HEIGHT="22" WC="0.92" CONTENT="lemnas"/><SP WIDTH="15" VPOS="468" HPOS="444"/>
							<String ID="string_101" HPOS="459" VPOS="468" WIDTH="108" HEIGHT="22" WC="0.96" CONTENT="beroende"/><SP WIDTH="15" VPOS="468" HPOS="567"/>
							<String ID="string_102" HPOS="582" VPOS="468" WIDTH="32" HEIGHT="22" WC="0.96" CONTENT="till"/><SP WIDTH="16" VPOS="468" HPOS="614"/>
							<String ID="string_103" HPOS="630" VPOS="474" WIDTH="26" HEIGHT="16" WC="0.96" CONTENT="en"/><SP WIDTH="15" VPOS="474" HPOS="656"/>
							<String ID="string_104" HPOS="671" VPOS="468" WIDTH="128" HEIGHT="22" WC="0.92" CONTENT="kommande"/><SP WIDTH="14" VPOS="468" HPOS="799"/>
							<String ID="string_105" HPOS="813" VPOS="468" WIDTH="110" HEIGHT="28" WC="0.92" CONTENT="landtdag."/>
						</TextLine>
						<TextLine ID="line_12" HPOS="235" VPOS="494" WIDTH="754" HEIGHT="30">
							<String ID="string_106" HPOS="235" VPOS="496" WIDTH="55" HEIGHT="22" WC="0.93" CONTENT="Herr"/><SP WIDTH="22" VPOS="496" HPOS="290"/>
							<String ID="string_107" HPOS="312" VPOS="494" WIDTH="184" HEIGHT="30" WC="0.41" CONTENT="Montgomery:"/><SP WIDTH="22" VPOS="494" HPOS="496"/>
							<String ID="string_108" HPOS="518" VPOS="497" WIDTH="114" HEIGHT="21" WC="0.93" CONTENT="Utskottet"/><SP WIDTH="21" VPOS="497" HPOS="632"/>
							<String ID="string_109" HPOS="653" VPOS="496" WIDTH="109" HEIGHT="28" WC="0.92" CONTENT="begynner"/><SP WIDTH="14" VPOS="496" HPOS="762"/>
							<String ID="string_110" HPOS="776" VPOS="497" WIDTH="49" HEIGHT="21" WC="0.96" CONTENT="med"/><SP WIDTH="15" VPOS="497" HPOS="825"/>
							<String ID="string_111" HPOS="840" VPOS="499" WIDTH="33" HEIGHT="20" WC="0.93" CONTENT="ett"/><SP WIDTH="14" VPOS="499" HPOS="873"/>
							<String ID="string_112" HPOS="887" VPOS="497" WIDTH="102" HEIGHT="27" WC="0.92" CONTENT="temligen"/>
						</TextLine>
						<TextLine ID="line_13" HPOS="162" VPOS="524" WIDTH="826" HEIGHT="28">
							<String ID="string_113" HPOS="162" VPOS="524" WIDTH="86" HEIGHT="26" WC="0.72" CONTENT="-omildt,"/><SP WIDTH="16" VPOS="524" HPOS="248"/>
							<String ID="string_114" HPOS="264" VPOS="524" WIDTH="34" HEIGHT="23" WC="0.96" CONTENT="för"/><SP WIDTH="14" VPOS="524" HPOS="298"/>
							<String ID="string_115" HPOS="312" VPOS="526" WIDTH="34" HEIGHT="20" WC="0.93" CONTENT="att"/><SP WIDTH="18" VPOS="526" HPOS="346"/>
							<String ID="string_116" HPOS="364" VPOS="525" WIDTH="48" HEIGHT="22" WC="0.96" CONTENT="icke"/><SP WIDTH="15" VPOS="525" HPOS="412"/>
							<String ID="string_117" HPOS="427" VPOS="527" WIDTH="54" HEIGHT="25" WC="0.93" CONTENT="säga"/><SP WIDTH="14" VPOS="527" HPOS="481"/>
							<String ID="string_118" HPOS="495" VPOS="526" WIDTH="141" HEIGHT="26" WC="0.92" CONTENT="ringaktande"/><SP WIDTH="15" VPOS="526" HPOS="636"/>
							<String ID="string_119" HPOS="651" VPOS="526" WIDTH="111" HEIGHT="21" WC="0.96" CONTENT="uttalande"/><SP WIDTH="16" VPOS="526" HPOS="762"/>
							<String ID="string_120" HPOS="778" VPOS="532" WIDTH="34" HEIGHT="15" WC="0.93" CONTENT="om"/><SP WIDTH="15" VPOS="532" HPOS="812"/>
							<String ID="string_121" HPOS="827" VPOS="526" WIDTH="97" HEIGHT="21" WC="0.93" CONTENT="bankens"/><SP WIDTH="14" VPOS="526" HPOS="924"/>
							<String ID="string_122" HPOS="938" VPOS="526" WIDTH="50" HEIGHT="20" WC="0.92" CONTENT="när-"/>
						</TextLine>
						<TextLine ID="line_14" HPOS="163" VPOS="554" WIDTH="825" HEIGHT="26">
							<String ID="string_123" HPOS="163" VPOS="554" WIDTH="97" HEIGHT="21" WC="0.85" CONTENT="varande"/><SP WIDTH="15" VPOS="554" HPOS="260"/>
							<String ID="string_124" HPOS="275" VPOS="554" WIDTH="131" HEIGHT="26" WC="0.96" CONTENT="reglemente"/><SP WIDTH="16" VPOS="554" HPOS="406"/>
							<String ID="string_125" HPOS="422" VPOS="554" WIDTH="41" HEIGHT="21" WC="0.96" CONTENT="och"/><SP WIDTH="15" VPOS="554" HPOS="463"/>
							<String ID="string_126" HPOS="478" VPOS="554" WIDTH="50" HEIGHT="22" WC="0.93" CONTENT="dess"/><SP WIDTH="16" VPOS="554" HPOS="528"/>
							<String ID="string_127" HPOS="544" VPOS="554" WIDTH="122" HEIGHT="26" WC="0.92" CONTENT="stilisering,"/><SP WIDTH="16" VPOS="554" HPOS="666"/>
							<String ID="string_128" HPOS="682" VPOS="554" WIDTH="77" HEIGHT="22" WC="0.96" CONTENT="liksom"/><SP WIDTH="15" VPOS="554" HPOS="759"/>
							<String ID="string_129" HPOS="774" VPOS="554" WIDTH="67" HEIGHT="22" WC="0.96" CONTENT="också"/><SP WIDTH="11" VPOS="554" HPOS="841"/>
							<String ID="string_130" HPOS="852" VPOS="556" WIDTH="33" HEIGHT="20" WC="0.97" CONTENT="att"/><SP WIDTH="11" VPOS="556" HPOS="885"/>
							<String ID="string_131" HPOS="896" VPOS="554" WIDTH="50" HEIGHT="22" WC="0.93" CONTENT="dess"/><SP WIDTH="10" VPOS="554" HPOS="946"/>
							<String ID="string_132" HPOS="956" VPOS="554" WIDTH="32" HEIGHT="21" WC="0.91" CONTENT="in-"/>
						</TextLine>
						<TextLine ID="line_15" HPOS="164" VPOS="582" WIDTH="824" HEIGHT="28">
							<String ID="string_133" HPOS="164" VPOS="582" WIDTH="74" HEIGHT="22" WC="0.84" CONTENT="nehäll"/><SP WIDTH="15" VPOS="582" HPOS="238"/>
							<String ID="string_134" HPOS="253" VPOS="584" WIDTH="25" HEIGHT="20" WC="0.96" CONTENT="är"/><SP WIDTH="18" VPOS="584" HPOS="278"/>
							<String ID="string_135" HPOS="296" VPOS="582" WIDTH="39" HEIGHT="22" WC="0.96" CONTENT="allt"/><SP WIDTH="13" VPOS="582" HPOS="335"/>
							<String ID="string_136" HPOS="348" VPOS="582" WIDTH="34" HEIGHT="22" WC="0.93" CONTENT="för"/><SP WIDTH="14" VPOS="582" HPOS="382"/>
							<String ID="string_137" HPOS="396" VPOS="582" WIDTH="129" HEIGHT="22" WC="0.92" CONTENT="kasuistiskt"/><SP WIDTH="15" VPOS="582" HPOS="525"/>
							<String ID="string_138" HPOS="540" VPOS="583" WIDTH="40" HEIGHT="21" WC="0.96" CONTENT="och"/><SP WIDTH="15" VPOS="583" HPOS="580"/>
							<String ID="string_139" HPOS="595" VPOS="583" WIDTH="39" HEIGHT="21" WC="0.96" CONTENT="allt"/><SP WIDTH="14" VPOS="583" HPOS="634"/>
							<String ID="string_140" HPOS="648" VPOS="582" WIDTH="34" HEIGHT="22" WC="0.96" CONTENT="för"/><SP WIDTH="13" VPOS="582" HPOS="682"/>
							<String ID="string_141" HPOS="695" VPOS="583" WIDTH="87" HEIGHT="27" WC="0.93" CONTENT="mycket"/><SP WIDTH="14" VPOS="583" HPOS="782"/>
							<String ID="string_142" HPOS="796" VPOS="583" WIDTH="118" HEIGHT="21" WC="0.96" CONTENT="innehåller"/><SP WIDTH="14" VPOS="583" HPOS="914"/>
							<String ID="string_143" HPOS="928" VPOS="583" WIDTH="8" HEIGHT="21" WC="0.93" CONTENT="i"/><SP WIDTH="15" VPOS="583" HPOS="936"/>
							<String ID="string_144" HPOS="951" VPOS="582" WIDTH="37" HEIGHT="22" WC="0.92" CONTENT="de-"/>
						</TextLine>
						<TextLine ID="line_16" HPOS="165" VPOS="610" WIDTH="823" HEIGHT="29">
							<String ID="string_145" HPOS="165" VPOS="610" WIDTH="39" HEIGHT="27" WC="0.92" CONTENT="talj"/><SP WIDTH="17" VPOS="610" HPOS="204"/>
							<String ID="string_146" HPOS="221" VPOS="611" WIDTH="83" HEIGHT="25" WC="0.96" CONTENT="gående"/><SP WIDTH="15" VPOS="611" HPOS="304"/>
							<String ID="string_147" HPOS="319" VPOS="611" WIDTH="165" HEIGHT="28" WC="0.95" CONTENT="bestämningar."/><SP WIDTH="16" VPOS="611" HPOS="484"/>
							<String ID="string_148" HPOS="500" VPOS="611" WIDTH="42" HEIGHT="22" WC="0.96" CONTENT="För"/><SP WIDTH="14" VPOS="611" HPOS="542"/>
							<String ID="string_149" HPOS="556" VPOS="612" WIDTH="43" HEIGHT="21" WC="0.96" CONTENT="min"/><SP WIDTH="15" VPOS="612" HPOS="599"/>
							<String ID="string_150" HPOS="614" VPOS="611" WIDTH="34" HEIGHT="22" WC="0.96" CONTENT="del"/><SP WIDTH="16" VPOS="611" HPOS="648"/>
							<String ID="string_151" HPOS="664" VPOS="612" WIDTH="39" HEIGHT="21" WC="0.96" CONTENT="har"/><SP WIDTH="12" VPOS="612" HPOS="703"/>
							<String ID="string_152" HPOS="715" VPOS="612" WIDTH="38" HEIGHT="27" WC="0.93" CONTENT="jag"/><SP WIDTH="14" VPOS="612" HPOS="753"/>
							<String ID="string_153" HPOS="767" VPOS="612" WIDTH="49" HEIGHT="21" WC="0.96" CONTENT="icke"/><SP WIDTH="14" VPOS="612" HPOS="816"/>
							<String ID="string_154" HPOS="830" VPOS="612" WIDTH="71" HEIGHT="27" WC="0.93" CONTENT="någon"/><SP WIDTH="13" VPOS="612" HPOS="901"/>
							<String ID="string_155" HPOS="914" VPOS="610" WIDTH="74" HEIGHT="23" WC="0.91" CONTENT="förfat-"/>
						</TextLine>
						<TextLine ID="line_17" HPOS="166" VPOS="639" WIDTH="822" HEIGHT="29">
							<String ID="string_156" HPOS="166" VPOS="639" WIDTH="135" HEIGHT="28" WC="0.92" CONTENT="tarefäfänga"/><SP WIDTH="15" VPOS="639" HPOS="301"/>
							<String ID="string_157" HPOS="316" VPOS="641" WIDTH="32" HEIGHT="20" WC="0.96" CONTENT="att"/><SP WIDTH="15" VPOS="641" HPOS="348"/>
							<String ID="string_158" HPOS="363" VPOS="640" WIDTH="7" HEIGHT="21" WC="0.93" CONTENT="i"/><SP WIDTH="15" VPOS="640" HPOS="370"/>
							<String ID="string_159" HPOS="385" VPOS="639" WIDTH="101" HEIGHT="22" WC="0.93" CONTENT="afseende"/><SP WIDTH="16" VPOS="639" HPOS="486"/>
							<String ID="string_160" HPOS="502" VPOS="641" WIDTH="12" HEIGHT="20" WC="0.90" CONTENT="å"/><SP WIDTH="16" VPOS="641" HPOS="514"/>
							<String ID="string_161" HPOS="530" VPOS="640" WIDTH="60" HEIGHT="22" WC="0.97" CONTENT="detta"/><SP WIDTH="15" VPOS="640" HPOS="590"/>
							<String ID="string_162" HPOS="605" VPOS="641" WIDTH="74" HEIGHT="21" WC="0.93" CONTENT="arbete"/><SP WIDTH="7" VPOS="641" HPOS="679"/>
							<String ID="string_163" HPOS="686" VPOS="641" WIDTH="137" HEIGHT="26" WC="0.92" CONTENT="tillvarataga"/><SP WIDTH="11" VPOS="641" HPOS="823"/>
							<String ID="string_164" HPOS="834" VPOS="641" WIDTH="62" HEIGHT="22" WC="0.96" CONTENT="ehuru"/><SP WIDTH="7" VPOS="641" HPOS="896"/>
							<String ID="string_165" HPOS="903" VPOS="641" WIDTH="36" HEIGHT="27" WC="0.93" CONTENT="jag"/><SP WIDTH="12" VPOS="641" HPOS="939"/>
							<String ID="string_166" HPOS="951" VPOS="647" WIDTH="37" HEIGHT="15" WC="0.93" CONTENT="va-"/>
						</TextLine>
						<TextLine ID="line_18" HPOS="164" VPOS="668" WIDTH="824" HEIGHT="29">
							<String ID="string_167" HPOS="164" VPOS="668" WIDTH="30" HEIGHT="21" WC="0.96" CONTENT="rit"/><SP WIDTH="19" VPOS="668" HPOS="194"/>
							<String ID="string_168" HPOS="213" VPOS="669" WIDTH="48" HEIGHT="21" WC="0.96" CONTENT="med"/><SP WIDTH="21" VPOS="669" HPOS="261"/>
							<String ID="string_169" HPOS="282" VPOS="674" WIDTH="34" HEIGHT="16" WC="0.96" CONTENT="om"/><SP WIDTH="18" VPOS="674" HPOS="316"/>
							<String ID="string_170" HPOS="334" VPOS="669" WIDTH="50" HEIGHT="21" WC="0.93" CONTENT="dess"/><SP WIDTH="15" VPOS="669" HPOS="384"/>
							<String ID="string_171" HPOS="399" VPOS="668" WIDTH="116" HEIGHT="22" WC="0.92" CONTENT="affattande"/><SP WIDTH="15" VPOS="668" HPOS="515"/>
							<String ID="string_172" HPOS="530" VPOS="669" WIDTH="40" HEIGHT="22" WC="0.96" CONTENT="och"/><SP WIDTH="16" VPOS="669" HPOS="570"/>
							<String ID="string_173" HPOS="586" VPOS="669" WIDTH="127" HEIGHT="27" WC="0.96" CONTENT="antagande,"/><SP WIDTH="16" VPOS="669" HPOS="713"/>
							<String ID="string_174" HPOS="729" VPOS="675" WIDTH="49" HEIGHT="16" WC="0.96" CONTENT="men"/><SP WIDTH="13" VPOS="675" HPOS="778"/>
							<String ID="string_175" HPOS="791" VPOS="669" WIDTH="37" HEIGHT="28" WC="0.93" CONTENT="jag"/><SP WIDTH="16" VPOS="669" HPOS="828"/>
							<String ID="string_176" HPOS="844" VPOS="672" WIDTH="45" HEIGHT="19" WC="0.93" CONTENT="tror"/><SP WIDTH="15" VPOS="672" HPOS="889"/>
							<String ID="string_177" HPOS="904" VPOS="669" WIDTH="84" HEIGHT="22" WC="0.93" CONTENT="ändock"/>
						</TextLine>
						<TextLine ID="line_19" HPOS="165" VPOS="697" WIDTH="825" HEIGHT="28">
							<String ID="string_178" HPOS="165" VPOS="697" WIDTH="109" HEIGHT="21" WC="0.91" CONTENT="utskottet"/><SP WIDTH="22" VPOS="697" HPOS="274"/>
							<String ID="string_179" HPOS="296" VPOS="703" WIDTH="51" HEIGHT="16" WC="0.93" CONTENT="vara"/><SP WIDTH="18" VPOS="703" HPOS="347"/>
							<String ID="string_180" HPOS="365" VPOS="697" WIDTH="67" HEIGHT="26" WC="0.92" CONTENT="nägot"/><SP WIDTH="18" VPOS="697" HPOS="432"/>
							<String ID="string_181" HPOS="450" VPOS="699" WIDTH="85" HEIGHT="26" WC="0.92" CONTENT="strängt"/><SP WIDTH="17" VPOS="699" HPOS="535"/>
							<String ID="string_182" HPOS="552" VPOS="698" WIDTH="8" HEIGHT="21" WC="0.93" CONTENT="i"/><SP WIDTH="15" VPOS="698" HPOS="560"/>
							<String ID="string_183" HPOS="575" VPOS="697" WIDTH="101" HEIGHT="22" WC="0.90" CONTENT="afseende"/><SP WIDTH="15" VPOS="697" HPOS="676"/>
							<String ID="string_184" HPOS="691" VPOS="698" WIDTH="13" HEIGHT="21" WC="0.89" CONTENT="ä"/><SP WIDTH="15" VPOS="698" HPOS="704"/>
							<String ID="string_185" HPOS="719" VPOS="697" WIDTH="27" HEIGHT="22" WC="0.93" CONTENT="de"/><SP WIDTH="14" VPOS="697" HPOS="746"/>
							<String ID="string_186" HPOS="760" VPOS="698" WIDTH="90" HEIGHT="21" WC="0.92" CONTENT="formela"/><SP WIDTH="15" VPOS="698" HPOS="850"/>
							<String ID="string_187" HPOS="865" VPOS="698" WIDTH="88" HEIGHT="22" WC="0.92" CONTENT="delarne"/><SP WIDTH="14" VPOS="698" HPOS="953"/>
							<String ID="string_188" HPOS="967" VPOS="697" WIDTH="23" HEIGHT="22" WC="0.96" CONTENT="af"/>
						</TextLine>
						<TextLine ID="line_20" HPOS="165" VPOS="725" WIDTH="823" HEIGHT="28">
							<String ID="string_189" HPOS="165" VPOS="725" WIDTH="148" HEIGHT="27" WC="0.91" CONTENT="reglementet."/><SP WIDTH="31" VPOS="725" HPOS="313"/>
							<String ID="string_190" HPOS="344" VPOS="726" WIDTH="43" HEIGHT="21" WC="0.96" CONTENT="Det"/><SP WIDTH="14" VPOS="726" HPOS="387"/>
							<String ID="string_191" HPOS="401" VPOS="732" WIDTH="38" HEIGHT="15" WC="0.96" CONTENT="var"/><SP WIDTH="14" VPOS="732" HPOS="439"/>
							<String ID="string_192" HPOS="453" VPOS="727" WIDTH="55" HEIGHT="20" WC="0.96" CONTENT="visst"/><SP WIDTH="15" VPOS="727" HPOS="508"/>
							<String ID="string_193" HPOS="523" VPOS="732" WIDTH="25" HEIGHT="15" WC="0.93" CONTENT="en"/><SP WIDTH="16" VPOS="732" HPOS="548"/>
							<String ID="string_194" HPOS="564" VPOS="726" WIDTH="173" HEIGHT="27" WC="0.92" CONTENT="egendomlighet"/><SP WIDTH="15" VPOS="726" HPOS="737"/>
							<String ID="string_195" HPOS="752" VPOS="726" WIDTH="33" HEIGHT="22" WC="0.96" CONTENT="för"/><SP WIDTH="11" VPOS="726" HPOS="785"/>
							<String ID="string_196" HPOS="796" VPOS="727" WIDTH="39" HEIGHT="21" WC="0.93" CONTENT="den"/><SP WIDTH="9" VPOS="727" HPOS="835"/>
							<String ID="string_197" HPOS="844" VPOS="727" WIDTH="54" HEIGHT="26" WC="0.92" CONTENT="högt"/><SP WIDTH="10" VPOS="727" HPOS="898"/>
							<String ID="string_198" HPOS="908" VPOS="726" WIDTH="80" HEIGHT="22" WC="0.93" CONTENT="aktade"/>
						</TextLine>
						<TextLine ID="line_21" HPOS="162" VPOS="753" WIDTH="827" HEIGHT="28">
							<String ID="string_199" HPOS="162" VPOS="753" WIDTH="45" HEIGHT="22" WC="0.67" CONTENT="och"/><SP WIDTH="16" VPOS="753" HPOS="207"/>
							<String ID="string_200" HPOS="223" VPOS="760" WIDTH="87" HEIGHT="15" WC="0.96" CONTENT="numera"/><SP WIDTH="19" VPOS="760" HPOS="310"/>
							<String ID="string_201" HPOS="329" VPOS="754" WIDTH="135" HEIGHT="27" WC="0.95" CONTENT="bortgångne"/><SP WIDTH="18" VPOS="754" HPOS="464"/>
							<String ID="string_202" HPOS="482" VPOS="761" WIDTH="56" HEIGHT="20" WC="0.96" CONTENT="man,"/><SP WIDTH="23" VPOS="761" HPOS="538"/>
							<String ID="string_203" HPOS="561" VPOS="761" WIDTH="47" HEIGHT="15" WC="0.92" CONTENT="som"/><SP WIDTH="14" VPOS="761" HPOS="608"/>
							<String ID="string_204" HPOS="622" VPOS="754" WIDTH="61" HEIGHT="22" WC="0.96" CONTENT="förde"/><SP WIDTH="14" VPOS="754" HPOS="683"/>
							<String ID="string_205" HPOS="697" VPOS="761" WIDTH="86" HEIGHT="20" WC="0.96" CONTENT="pennan"/><SP WIDTH="15" VPOS="761" HPOS="783"/>
							<String ID="string_206" HPOS="798" VPOS="755" WIDTH="35" HEIGHT="21" WC="0.93" CONTENT="vid"/><SP WIDTH="13" VPOS="755" HPOS="833"/>
							<String ID="string_207" HPOS="846" VPOS="755" WIDTH="143" HEIGHT="22" WC="0.96" CONTENT="redaktionen"/>
						</TextLine>
						<TextLine ID="line_22" HPOS="162" VPOS="781" WIDTH="827" HEIGHT="30">
							<String ID="string_208" HPOS="162" VPOS="781" WIDTH="28" HEIGHT="22" WC="0.90" CONTENT="af"/><SP WIDTH="12" VPOS="781" HPOS="190"/>
							<String ID="string_209" HPOS="202" VPOS="781" WIDTH="104" HEIGHT="28" WC="0.96" CONTENT="förslaget"/><SP WIDTH="15" VPOS="781" HPOS="306"/>
							<String ID="string_210" HPOS="321" VPOS="783" WIDTH="32" HEIGHT="20" WC="0.93" CONTENT="till"/><SP WIDTH="15" VPOS="783" HPOS="353"/>
							<String ID="string_211" HPOS="368" VPOS="783" WIDTH="152" HEIGHT="26" WC="0.92" CONTENT="reglementets"/><SP WIDTH="16" VPOS="783" HPOS="520"/>
							<String ID="string_212" HPOS="536" VPOS="783" WIDTH="122" HEIGHT="26" WC="0.91" CONTENT="affattande,"/><SP WIDTH="17" VPOS="783" HPOS="658"/>
							<String ID="string_213" HPOS="675" VPOS="785" WIDTH="33" HEIGHT="19" WC="0.96" CONTENT="att"/><SP WIDTH="14" VPOS="785" HPOS="708"/>
							<String ID="string_214" HPOS="722" VPOS="790" WIDTH="52" HEIGHT="15" WC="0.96" CONTENT="vara"/><SP WIDTH="9" VPOS="790" HPOS="774"/>
							<String ID="string_215" HPOS="783" VPOS="784" WIDTH="66" HEIGHT="27" WC="0.96" CONTENT="något"/><SP WIDTH="10" VPOS="784" HPOS="849"/>
							<String ID="string_216" HPOS="859" VPOS="783" WIDTH="130" HEIGHT="27" WC="0.96" CONTENT="omständlig"/>
						</TextLine>
						<TextLine ID="line_23" HPOS="162" VPOS="810" WIDTH="827" HEIGHT="29">
							<String ID="string_217" HPOS="162" VPOS="810" WIDTH="44" HEIGHT="22" WC="0.81" CONTENT="och"/><SP WIDTH="16" VPOS="810" HPOS="206"/>
							<String ID="string_218" HPOS="222" VPOS="811" WIDTH="67" HEIGHT="21" WC="0.96" CONTENT="nekas"/><SP WIDTH="15" VPOS="811" HPOS="289"/>
							<String ID="string_219" HPOS="304" VPOS="811" WIDTH="42" HEIGHT="21" WC="0.96" CONTENT="kan"/><SP WIDTH="16" VPOS="811" HPOS="346"/>
							<String ID="string_220" HPOS="362" VPOS="811" WIDTH="19" HEIGHT="27" WC="0.96" CONTENT="ej"/><SP WIDTH="19" VPOS="811" HPOS="381"/>
							<String ID="string_221" HPOS="400" VPOS="811" WIDTH="68" HEIGHT="22" WC="0.96" CONTENT="häller"/><SP WIDTH="14" VPOS="811" HPOS="468"/>
							<String ID="string_222" HPOS="482" VPOS="813" WIDTH="33" HEIGHT="20" WC="0.96" CONTENT="att"/><SP WIDTH="15" VPOS="813" HPOS="515"/>
							<String ID="string_223" HPOS="530" VPOS="812" WIDTH="108" HEIGHT="26" WC="0.96" CONTENT="åtskilliga"/><SP WIDTH="14" VPOS="812" HPOS="638"/>
							<String ID="string_224" HPOS="652" VPOS="812" WIDTH="161" HEIGHT="27" WC="0.96" CONTENT="bestämningar"/><SP WIDTH="14" VPOS="812" HPOS="813"/>
							<String ID="string_225" HPOS="827" VPOS="812" WIDTH="44" HEIGHT="21" WC="0.96" CONTENT="lida"/><SP WIDTH="14" VPOS="812" HPOS="871"/>
							<String ID="string_226" HPOS="885" VPOS="812" WIDTH="48" HEIGHT="21" WC="0.96" CONTENT="utaf"/><SP WIDTH="13" VPOS="812" HPOS="933"/>
							<String ID="string_227" HPOS="946" VPOS="818" WIDTH="43" HEIGHT="21" WC="0.96" CONTENT="nog"/>
						</TextLine>
						<TextLine ID="line_24" HPOS="165" VPOS="839" WIDTH="823" HEIGHT="29">
							<String ID="string_228" HPOS="165" VPOS="839" WIDTH="91" HEIGHT="27" WC="0.96" CONTENT="mycken"/><SP WIDTH="15" VPOS="839" HPOS="256"/>
							<String ID="string_229" HPOS="271" VPOS="840" WIDTH="75" HEIGHT="26" WC="0.95" CONTENT="bredd,"/><SP WIDTH="20" VPOS="840" HPOS="346"/>
							<String ID="string_230" HPOS="366" VPOS="846" WIDTH="49" HEIGHT="15" WC="0.96" CONTENT="men"/><SP WIDTH="18" VPOS="846" HPOS="415"/>
							<String ID="string_231" HPOS="433" VPOS="842" WIDTH="33" HEIGHT="19" WC="0.96" CONTENT="att"/><SP WIDTH="14" VPOS="842" HPOS="466"/>
							<String ID="string_232" HPOS="480" VPOS="840" WIDTH="141" HEIGHT="27" WC="0.96" CONTENT="reglementet"/><SP WIDTH="14" VPOS="840" HPOS="621"/>
							<String ID="string_233" HPOS="635" VPOS="841" WIDTH="69" HEIGHT="21" WC="0.96" CONTENT="skulle"/><SP WIDTH="15" VPOS="841" HPOS="704"/>
							<String ID="string_234" HPOS="719" VPOS="841" WIDTH="43" HEIGHT="21" WC="0.96" CONTENT="fela"/><SP WIDTH="15" VPOS="841" HPOS="762"/>
							<String ID="string_235" HPOS="777" VPOS="847" WIDTH="76" HEIGHT="21" WC="0.96" CONTENT="genom"/><SP WIDTH="15" VPOS="847" HPOS="853"/>
							<String ID="string_236" HPOS="868" VPOS="841" WIDTH="120" HEIGHT="27" WC="0.95" CONTENT="otydlighet"/>
						</TextLine>
						<TextLine ID="line_25" HPOS="165" VPOS="868" WIDTH="823" HEIGHT="28">
							<String ID="string_237" HPOS="165" VPOS="868" WIDTH="32" HEIGHT="20" WC="0.96" CONTENT="uti"/><SP WIDTH="17" VPOS="868" HPOS="197"/>
							<String ID="string_238" HPOS="214" VPOS="868" WIDTH="118" HEIGHT="27" WC="0.96" CONTENT="väsentliga"/><SP WIDTH="20" VPOS="868" HPOS="332"/>
							<String ID="string_239" HPOS="352" VPOS="868" WIDTH="64" HEIGHT="26" WC="0.96" CONTENT="delar,"/><SP WIDTH="21" VPOS="868" HPOS="416"/>
							<String ID="string_240" HPOS="437" VPOS="869" WIDTH="37" HEIGHT="20" WC="0.96" CONTENT="det"/><SP WIDTH="17" VPOS="869" HPOS="474"/>
							<String ID="string_241" HPOS="491" VPOS="869" WIDTH="43" HEIGHT="21" WC="0.96" CONTENT="kan"/><SP WIDTH="12" VPOS="869" HPOS="534"/>
							<String ID="string_242" HPOS="546" VPOS="869" WIDTH="38" HEIGHT="27" WC="0.96" CONTENT="jag"/><SP WIDTH="14" VPOS="869" HPOS="584"/>
							<String ID="string_243" HPOS="598" VPOS="868" WIDTH="33" HEIGHT="22" WC="0.96" CONTENT="för"/><SP WIDTH="15" VPOS="868" HPOS="631"/>
							<String ID="string_244" HPOS="646" VPOS="869" WIDTH="42" HEIGHT="21" WC="0.96" CONTENT="min"/><SP WIDTH="16" VPOS="869" HPOS="688"/>
							<String ID="string_245" HPOS="704" VPOS="869" WIDTH="35" HEIGHT="22" WC="0.96" CONTENT="del"/><SP WIDTH="14" VPOS="869" HPOS="739"/>
							<String ID="string_246" HPOS="753" VPOS="869" WIDTH="48" HEIGHT="22" WC="0.93" CONTENT="icke"/><SP WIDTH="14" VPOS="869" HPOS="801"/>
							<String ID="string_247" HPOS="815" VPOS="870" WIDTH="69" HEIGHT="26" WC="0.91" CONTENT="vidgå."/><SP WIDTH="31" VPOS="870" HPOS="884"/>
							<String ID="string_248" HPOS="915" VPOS="869" WIDTH="73" HEIGHT="22" WC="0.90" CONTENT="Under"/>
						</TextLine>
						<TextLine ID="line_26" HPOS="164" VPOS="896" WIDTH="824" HEIGHT="28">
							<String ID="string_249" HPOS="164" VPOS="896" WIDTH="164" HEIGHT="27" WC="0.94" CONTENT="tillämpningen"/><SP WIDTH="23" VPOS="896" HPOS="328"/>
							<String ID="string_250" HPOS="351" VPOS="896" WIDTH="23" HEIGHT="22" WC="0.96" CONTENT="af"/><SP WIDTH="19" VPOS="896" HPOS="374"/>
							<String ID="string_251" HPOS="393" VPOS="897" WIDTH="142" HEIGHT="26" WC="0.96" CONTENT="reglementet"/><SP WIDTH="22" VPOS="897" HPOS="535"/>
							<String ID="string_252" HPOS="557" VPOS="898" WIDTH="39" HEIGHT="21" WC="0.96" CONTENT="har"/><SP WIDTH="21" VPOS="898" HPOS="596"/>
							<String ID="string_253" HPOS="617" VPOS="898" WIDTH="49" HEIGHT="21" WC="0.96" CONTENT="icke"/><SP WIDTH="19" VPOS="898" HPOS="666"/>
							<String ID="string_254" HPOS="685" VPOS="898" WIDTH="69" HEIGHT="21" WC="0.96" CONTENT="häller"/><SP WIDTH="14" VPOS="898" HPOS="754"/>
							<String ID="string_255" HPOS="768" VPOS="898" WIDTH="73" HEIGHT="22" WC="0.96" CONTENT="vidare"/><SP WIDTH="15" VPOS="898" HPOS="841"/>
							<String ID="string_256" HPOS="856" VPOS="900" WIDTH="28" HEIGHT="19" WC="0.96" CONTENT="än"/><SP WIDTH="14" VPOS="900" HPOS="884"/>
							<String ID="string_257" HPOS="898" VPOS="898" WIDTH="7" HEIGHT="21" WC="0.96" CONTENT="i"/><SP WIDTH="15" VPOS="898" HPOS="905"/>
							<String ID="string_258" HPOS="920" VPOS="898" WIDTH="68" HEIGHT="26" WC="0.95" CONTENT="några"/>
						</TextLine>
						<TextLine ID="line_27" HPOS="164" VPOS="925" WIDTH="824" HEIGHT="29">
							<String ID="string_259" HPOS="164" VPOS="925" WIDTH="95" HEIGHT="26" WC="0.96" CONTENT="punkter"/><SP WIDTH="21" VPOS="925" HPOS="259"/>
							<String ID="string_260" HPOS="280" VPOS="926" WIDTH="57" HEIGHT="20" WC="0.96" CONTENT="visat"/><SP WIDTH="20" VPOS="926" HPOS="337"/>
							<String ID="string_261" HPOS="357" VPOS="925" WIDTH="33" HEIGHT="27" WC="0.96" CONTENT="sig"/><SP WIDTH="15" VPOS="925" HPOS="390"/>
							<String ID="string_262" HPOS="405" VPOS="926" WIDTH="77" HEIGHT="21" WC="0.96" CONTENT="sådant"/><SP WIDTH="16" VPOS="926" HPOS="482"/>
							<String ID="string_263" HPOS="498" VPOS="926" WIDTH="39" HEIGHT="21" WC="0.95" CONTENT="och"/><SP WIDTH="12" VPOS="926" HPOS="537"/>
							<String ID="string_264" HPOS="549" VPOS="926" WIDTH="38" HEIGHT="28" WC="0.96" CONTENT="jag"/><SP WIDTH="14" VPOS="926" HPOS="587"/>
							<String ID="string_265" HPOS="601" VPOS="926" WIDTH="43" HEIGHT="22" WC="0.96" CONTENT="kan"/><SP WIDTH="15" VPOS="926" HPOS="644"/>
							<String ID="string_266" HPOS="659" VPOS="926" WIDTH="48" HEIGHT="22" WC="0.96" CONTENT="icke"/><SP WIDTH="14" VPOS="926" HPOS="707"/>
							<String ID="string_267" HPOS="721" VPOS="926" WIDTH="61" HEIGHT="27" WC="0.95" CONTENT="fatta,"/><SP WIDTH="16" VPOS="926" HPOS="782"/>
							<String ID="string_268" HPOS="798" VPOS="928" WIDTH="33" HEIGHT="20" WC="0.96" CONTENT="att"/><SP WIDTH="14" VPOS="928" HPOS="831"/>
							<String ID="string_269" HPOS="845" VPOS="927" WIDTH="143" HEIGHT="26" WC="0.96" CONTENT="reglementet"/>
						</TextLine>
						<TextLine ID="line_28" HPOS="163" VPOS="953" WIDTH="825" HEIGHT="30">
							<String ID="string_270" HPOS="163" VPOS="954" WIDTH="8" HEIGHT="20" WC="0.96" CONTENT="i"/><SP WIDTH="16" VPOS="954" HPOS="171"/>
							<String ID="string_271" HPOS="187" VPOS="953" WIDTH="41" HEIGHT="21" WC="0.96" CONTENT="och"/><SP WIDTH="14" VPOS="953" HPOS="228"/>
							<String ID="string_272" HPOS="242" VPOS="953" WIDTH="34" HEIGHT="22" WC="0.97" CONTENT="för"/><SP WIDTH="15" VPOS="953" HPOS="276"/>
							<String ID="string_273" HPOS="291" VPOS="954" WIDTH="33" HEIGHT="29" WC="0.96" CONTENT="sig"/><SP WIDTH="15" VPOS="954" HPOS="324"/>
							<String ID="string_274" HPOS="339" VPOS="954" WIDTH="70" HEIGHT="22" WC="0.96" CONTENT="skulle"/><SP WIDTH="19" VPOS="954" HPOS="409"/>
							<String ID="string_275" HPOS="428" VPOS="954" WIDTH="69" HEIGHT="22" WC="0.96" CONTENT="skulle"/><SP WIDTH="14" VPOS="954" HPOS="497"/>
							<String ID="string_276" HPOS="511" VPOS="955" WIDTH="45" HEIGHT="21" WC="0.96" CONTENT="lida"/><SP WIDTH="14" VPOS="955" HPOS="556"/>
							<String ID="string_277" HPOS="570" VPOS="955" WIDTH="23" HEIGHT="21" WC="0.95" CONTENT="af"/><SP WIDTH="13" VPOS="955" HPOS="593"/>
							<String ID="string_278" HPOS="606" VPOS="955" WIDTH="67" HEIGHT="27" WC="0.96" CONTENT="några"/><SP WIDTH="14" VPOS="955" HPOS="673"/>
							<String ID="string_279" HPOS="687" VPOS="957" WIDTH="62" HEIGHT="20" WC="0.93" CONTENT="värre"/><SP WIDTH="15" VPOS="957" HPOS="749"/>
							<String ID="string_280" HPOS="764" VPOS="955" WIDTH="88" HEIGHT="22" WC="0.92" CONTENT="formela"/><SP WIDTH="14" VPOS="955" HPOS="852"/>
							<String ID="string_281" HPOS="866" VPOS="956" WIDTH="80" HEIGHT="21" WC="0.96" CONTENT="brister"/><SP WIDTH="14" VPOS="956" HPOS="946"/>
							<String ID="string_282" HPOS="960" VPOS="957" WIDTH="28" HEIGHT="20" WC="0.96" CONTENT="än"/>
						</TextLine>
						<TextLine ID="line_29" HPOS="160" VPOS="982" WIDTH="828" HEIGHT="29">
							<String ID="string_283" HPOS="160" VPOS="982" WIDTH="72" HEIGHT="21" WC="0.96" CONTENT="andra"/><SP WIDTH="14" VPOS="982" HPOS="232"/>
							<String ID="string_284" HPOS="246" VPOS="982" WIDTH="150" HEIGHT="27" WC="0.95" CONTENT="författningar"/><SP WIDTH="14" VPOS="982" HPOS="396"/>
							<String ID="string_285" HPOS="410" VPOS="983" WIDTH="28" HEIGHT="27" WC="0.96" CONTENT="på"/><SP WIDTH="16" VPOS="983" HPOS="438"/>
							<String ID="string_286" HPOS="454" VPOS="989" WIDTH="76" HEIGHT="16" WC="0.96" CONTENT="senare"/><SP WIDTH="14" VPOS="989" HPOS="530"/>
							<String ID="string_287" HPOS="544" VPOS="984" WIDTH="33" HEIGHT="21" WC="0.96" CONTENT="tid"/><SP WIDTH="14" VPOS="984" HPOS="577"/>
							<String ID="string_288" HPOS="591" VPOS="984" WIDTH="118" HEIGHT="21" WC="0.96" CONTENT="tillkomna."/><SP WIDTH="16" VPOS="984" HPOS="709"/>
							<String ID="string_289" HPOS="725" VPOS="984" WIDTH="39" HEIGHT="21" WC="0.95" CONTENT="Att"/><SP WIDTH="11" VPOS="984" HPOS="764"/>
							<String ID="string_290" HPOS="775" VPOS="984" WIDTH="141" HEIGHT="27" WC="0.96" CONTENT="reglementet"/><SP WIDTH="10" VPOS="984" HPOS="916"/>
							<String ID="string_291" HPOS="926" VPOS="984" WIDTH="62" HEIGHT="27" WC="0.95" CONTENT="ingår"/>
						</TextLine>
						<TextLine ID="line_30" HPOS="162" VPOS="1010" WIDTH="826" HEIGHT="29">
							<String ID="string_292" HPOS="162" VPOS="1011" WIDTH="10" HEIGHT="20" WC="0.95" CONTENT="i"/><SP WIDTH="16" VPOS="1011" HPOS="172"/>
							<String ID="string_293" HPOS="188" VPOS="1010" WIDTH="98" HEIGHT="28" WC="0.95" CONTENT="detaljer,"/><SP WIDTH="16" VPOS="1010" HPOS="286"/>
							<String ID="string_294" HPOS="302" VPOS="1017" WIDTH="46" HEIGHT="15" WC="0.96" CONTENT="som"/><SP WIDTH="15" VPOS="1017" HPOS="348"/>
							<String ID="string_295" HPOS="363" VPOS="1012" WIDTH="82" HEIGHT="21" WC="0.93" CONTENT="kunnat"/><SP WIDTH="15" VPOS="1012" HPOS="445"/>
							<String ID="string_296" HPOS="460" VPOS="1012" WIDTH="107" HEIGHT="22" WC="0.92" CONTENT="undvaras"/><SP WIDTH="12" VPOS="1012" HPOS="567"/>
							<String ID="string_297" HPOS="579" VPOS="1014" WIDTH="23" HEIGHT="19" WC="0.96" CONTENT="är"/><SP WIDTH="15" VPOS="1014" HPOS="602"/>
							<String ID="string_298" HPOS="617" VPOS="1012" WIDTH="55" HEIGHT="22" WC="0.96" CONTENT="visst"/><SP WIDTH="10" VPOS="1012" HPOS="672"/>
							<String ID="string_299" HPOS="682" VPOS="1012" WIDTH="66" HEIGHT="27" WC="0.96" CONTENT="fallet,"/><SP WIDTH="11" VPOS="1012" HPOS="748"/>
							<String ID="string_300" HPOS="759" VPOS="1013" WIDTH="105" HEIGHT="21" WC="0.96" CONTENT="rättvisan"/><SP WIDTH="11" VPOS="1013" HPOS="864"/>
							<String ID="string_301" HPOS="875" VPOS="1012" WIDTH="23" HEIGHT="22" WC="0.95" CONTENT="af"/><SP WIDTH="8" VPOS="1012" HPOS="898"/>
							<String ID="string_302" HPOS="906" VPOS="1013" WIDTH="82" HEIGHT="21" WC="0.95" CONTENT="sådana"/>
						</TextLine>
						<TextLine ID="line_31" HPOS="162" VPOS="1039" WIDTH="825" HEIGHT="31">
							<String ID="string_303" HPOS="162" VPOS="1039" WIDTH="166" HEIGHT="27" WC="0.95" CONTENT="anmärkningar"/><SP WIDTH="14" VPOS="1039" HPOS="328"/>
							<String ID="string_304" HPOS="342" VPOS="1040" WIDTH="44" HEIGHT="21" WC="0.96" CONTENT="kan"/><SP WIDTH="16" VPOS="1040" HPOS="386"/>
							<String ID="string_305" HPOS="402" VPOS="1040" WIDTH="55" HEIGHT="30" WC="0.96" CONTENT="först"/><SP WIDTH="10" VPOS="1040" HPOS="457"/>
							<String ID="string_306" HPOS="467" VPOS="1040" WIDTH="108" HEIGHT="27" WC="0.96" CONTENT="bedömas,"/><SP WIDTH="12" VPOS="1040" HPOS="575"/>
							<String ID="string_307" HPOS="587" VPOS="1040" WIDTH="67" HEIGHT="22" WC="0.96" CONTENT="sedan"/><SP WIDTH="8" VPOS="1040" HPOS="654"/>
							<String ID="string_308" HPOS="662" VPOS="1047" WIDTH="48" HEIGHT="15" WC="0.96" CONTENT="man"/><SP WIDTH="11" VPOS="1047" HPOS="710"/>
							<String ID="string_309" HPOS="721" VPOS="1041" WIDTH="83" HEIGHT="21" WC="0.95" CONTENT="försökt"/><SP WIDTH="10" VPOS="1041" HPOS="804"/>
							<String ID="string_310" HPOS="814" VPOS="1043" WIDTH="33" HEIGHT="19" WC="0.96" CONTENT="att"/><SP WIDTH="10" VPOS="1043" HPOS="847"/>
							<String ID="string_311" HPOS="857" VPOS="1041" WIDTH="50" HEIGHT="27" WC="0.93" CONTENT="sjelf"/><SP WIDTH="6" VPOS="1041" HPOS="907"/>
							<String ID="string_312" HPOS="913" VPOS="1041" WIDTH="74" HEIGHT="21" WC="0.91" CONTENT="åstad-"/>
						</TextLine>
						<TextLine ID="line_32" HPOS="161" VPOS="1068" WIDTH="826" HEIGHT="28">
							<String ID="string_313" HPOS="161" VPOS="1068" WIDTH="89" HEIGHT="21" WC="0.96" CONTENT="komma"/><SP WIDTH="14" VPOS="1068" HPOS="250"/>
							<String ID="string_314" HPOS="264" VPOS="1070" WIDTH="32" HEIGHT="20" WC="0.95" CONTENT="ett"/><SP WIDTH="14" VPOS="1070" HPOS="296"/>
							<String ID="string_315" HPOS="310" VPOS="1068" WIDTH="139" HEIGHT="27" WC="0.94" CONTENT="reglemente."/><SP WIDTH="15" VPOS="1068" HPOS="449"/>
							<String ID="string_316" HPOS="464" VPOS="1069" WIDTH="44" HEIGHT="21" WC="0.96" CONTENT="Det"/><SP WIDTH="13" VPOS="1069" HPOS="508"/>
							<String ID="string_317" HPOS="521" VPOS="1070" WIDTH="57" HEIGHT="21" WC="0.96" CONTENT="visar"/><SP WIDTH="15" VPOS="1070" HPOS="578"/>
							<String ID="string_318" HPOS="593" VPOS="1069" WIDTH="33" HEIGHT="27" WC="0.96" CONTENT="sig"/><SP WIDTH="15" VPOS="1069" HPOS="626"/>
							<String ID="string_319" HPOS="641" VPOS="1071" WIDTH="33" HEIGHT="19" WC="0.96" CONTENT="att"/><SP WIDTH="15" VPOS="1071" HPOS="674"/>
							<String ID="string_320" HPOS="689" VPOS="1076" WIDTH="34" HEIGHT="15" WC="0.96" CONTENT="om"/><SP WIDTH="15" VPOS="1076" HPOS="723"/>
							<String ID="string_321" HPOS="738" VPOS="1076" WIDTH="48" HEIGHT="15" WC="0.95" CONTENT="man"/><SP WIDTH="16" VPOS="1076" HPOS="786"/>
							<String ID="string_322" HPOS="802" VPOS="1070" WIDTH="56" HEIGHT="21" WC="0.93" CONTENT="skall"/><SP WIDTH="11" VPOS="1070" HPOS="858"/>
							<String ID="string_323" HPOS="869" VPOS="1070" WIDTH="118" HEIGHT="26" WC="0.92" CONTENT="reglemen-"/>
						</TextLine>
						<TextLine ID="line_33" HPOS="163" VPOS="1095" WIDTH="824" HEIGHT="29">
							<String ID="string_324" HPOS="163" VPOS="1098" WIDTH="48" HEIGHT="20" WC="0.96" CONTENT="tera"/><SP WIDTH="14" VPOS="1098" HPOS="211"/>
							<String ID="string_325" HPOS="225" VPOS="1095" WIDTH="33" HEIGHT="23" WC="0.96" CONTENT="för"/><SP WIDTH="15" VPOS="1095" HPOS="258"/>
							<String ID="string_326" HPOS="273" VPOS="1103" WIDTH="27" HEIGHT="15" WC="0.96" CONTENT="en"/><SP WIDTH="15" VPOS="1103" HPOS="300"/>
							<String ID="string_327" HPOS="315" VPOS="1097" WIDTH="67" HEIGHT="21" WC="0.96" CONTENT="sådan"/><SP WIDTH="15" VPOS="1097" HPOS="382"/>
							<String ID="string_328" HPOS="397" VPOS="1097" WIDTH="143" HEIGHT="27" WC="0.96" CONTENT="verksamhet,"/><SP WIDTH="15" VPOS="1097" HPOS="540"/>
							<String ID="string_329" HPOS="555" VPOS="1098" WIDTH="69" HEIGHT="26" WC="0.96" CONTENT="ligger"/><SP WIDTH="15" VPOS="1098" HPOS="624"/>
							<String ID="string_330" HPOS="639" VPOS="1098" WIDTH="38" HEIGHT="21" WC="0.96" CONTENT="det"/><SP WIDTH="9" VPOS="1098" HPOS="677"/>
							<String ID="string_331" HPOS="686" VPOS="1100" WIDTH="54" HEIGHT="20" WC="0.96" CONTENT="nära"/><SP WIDTH="10" VPOS="1100" HPOS="740"/>
							<String ID="string_332" HPOS="750" VPOS="1098" WIDTH="33" HEIGHT="22" WC="0.96" CONTENT="för"/><SP WIDTH="10" VPOS="1098" HPOS="783"/>
							<String ID="string_333" HPOS="793" VPOS="1098" WIDTH="91" HEIGHT="25" WC="0.96" CONTENT="handen,"/><SP WIDTH="12" VPOS="1098" HPOS="884"/>
							<String ID="string_334" HPOS="896" VPOS="1100" WIDTH="33" HEIGHT="20" WC="0.96" CONTENT="att"/><SP WIDTH="9" VPOS="1100" HPOS="929"/>
							<String ID="string_335" HPOS="938" VPOS="1104" WIDTH="49" HEIGHT="16" WC="0.96" CONTENT="man"/>
						</TextLine>
						<TextLine ID="line_34" HPOS="160" VPOS="1124" WIDTH="827" HEIGHT="30">
							<String ID="string_336" HPOS="160" VPOS="1131" WIDTH="64" HEIGHT="15" WC="0.95" CONTENT="mera"/><SP WIDTH="14" VPOS="1131" HPOS="224"/>
							<String ID="string_337" HPOS="238" VPOS="1124" WIDTH="62" HEIGHT="27" WC="0.96" CONTENT="ingår"/><SP WIDTH="13" VPOS="1124" HPOS="300"/>
							<String ID="string_338" HPOS="313" VPOS="1125" WIDTH="8" HEIGHT="21" WC="0.96" CONTENT="i"/><SP WIDTH="15" VPOS="1125" HPOS="321"/>
							<String ID="string_339" HPOS="336" VPOS="1125" WIDTH="96" HEIGHT="27" WC="0.96" CONTENT="detaljer,"/><SP WIDTH="19" VPOS="1125" HPOS="432"/>
							<String ID="string_340" HPOS="451" VPOS="1126" WIDTH="52" HEIGHT="22" WC="0.96" CONTENT="eller"/><SP WIDTH="15" VPOS="1126" HPOS="503"/>
							<String ID="string_341" HPOS="518" VPOS="1126" WIDTH="66" HEIGHT="22" WC="0.93" CONTENT="också"/><SP WIDTH="14" VPOS="1126" HPOS="584"/>
							<String ID="string_342" HPOS="598" VPOS="1126" WIDTH="82" HEIGHT="22" WC="0.91" CONTENT="lemnar"/><SP WIDTH="15" VPOS="1126" HPOS="680"/>
							<String ID="string_343" HPOS="695" VPOS="1133" WIDTH="49" HEIGHT="15" WC="0.96" CONTENT="man"/><SP WIDTH="14" VPOS="1133" HPOS="744"/>
							<String ID="string_344" HPOS="758" VPOS="1127" WIDTH="167" HEIGHT="27" WC="0.96" CONTENT="bestämningar,"/><SP WIDTH="16" VPOS="1127" HPOS="925"/>
							<String ID="string_345" HPOS="941" VPOS="1132" WIDTH="46" HEIGHT="16" WC="0.96" CONTENT="som"/>
						</TextLine>
						<TextLine ID="line_35" HPOS="160" VPOS="1153" WIDTH="828" HEIGHT="29">
							<String ID="string_346" HPOS="160" VPOS="1153" WIDTH="125" HEIGHT="27" WC="0.49" CONTENT="€gentligen"/><SP WIDTH="14" VPOS="1153" HPOS="285"/>
							<String ID="string_347" HPOS="299" VPOS="1153" WIDTH="48" HEIGHT="22" WC="0.96" CONTENT="icke"/><SP WIDTH="14" VPOS="1153" HPOS="347"/>
							<String ID="string_348" HPOS="361" VPOS="1154" WIDTH="99" HEIGHT="22" WC="0.96" CONTENT="meddela"/><SP WIDTH="15" VPOS="1154" HPOS="460"/>
							<String ID="string_349" HPOS="475" VPOS="1155" WIDTH="69" HEIGHT="27" WC="0.96" CONTENT="någon"/><SP WIDTH="15" VPOS="1155" HPOS="544"/>
							<String ID="string_350" HPOS="559" VPOS="1155" WIDTH="91" HEIGHT="27" WC="0.96" CONTENT="ledning."/><SP WIDTH="17" VPOS="1155" HPOS="650"/>
							<String ID="string_351" HPOS="667" VPOS="1155" WIDTH="71" HEIGHT="22" WC="0.96" CONTENT="Saken"/><SP WIDTH="16" VPOS="1155" HPOS="738"/>
							<String ID="string_352" HPOS="754" VPOS="1158" WIDTH="24" HEIGHT="19" WC="0.96" CONTENT="är"/><SP WIDTH="15" VPOS="1158" HPOS="778"/>
							<String ID="string_353" HPOS="793" VPOS="1155" WIDTH="54" HEIGHT="22" WC="0.96" CONTENT="visst"/><SP WIDTH="13" VPOS="1155" HPOS="847"/>
							<String ID="string_354" HPOS="860" VPOS="1156" WIDTH="42" HEIGHT="21" WC="0.96" CONTENT="den"/><SP WIDTH="10" VPOS="1156" HPOS="902"/>
							<String ID="string_355" HPOS="912" VPOS="1158" WIDTH="33" HEIGHT="19" WC="0.96" CONTENT="att"/><SP WIDTH="9" VPOS="1158" HPOS="945"/>
							<String ID="string_356" HPOS="954" VPOS="1155" WIDTH="34" HEIGHT="23" WC="0.96" CONTENT="för"/>
						</TextLine>
						<TextLine ID="line_36" HPOS="161" VPOS="1182" WIDTH="827" HEIGHT="30">
							<String ID="string_357" HPOS="161" VPOS="1182" WIDTH="116" HEIGHT="26" WC="0.96" CONTENT="ledningen"/><SP WIDTH="15" VPOS="1182" HPOS="277"/>
							<String ID="string_358" HPOS="292" VPOS="1182" WIDTH="24" HEIGHT="21" WC="0.96" CONTENT="af"/><SP WIDTH="12" VPOS="1182" HPOS="316"/>
							<String ID="string_359" HPOS="328" VPOS="1182" WIDTH="82" HEIGHT="22" WC="0.96" CONTENT="banker"/><SP WIDTH="14" VPOS="1182" HPOS="410"/>
							<String ID="string_360" HPOS="424" VPOS="1182" WIDTH="8" HEIGHT="22" WC="0.96" CONTENT="i"/><SP WIDTH="16" VPOS="1182" HPOS="432"/>
							<String ID="string_361" HPOS="448" VPOS="1184" WIDTH="36" HEIGHT="20" WC="0.96" CONTENT="det"/><SP WIDTH="15" VPOS="1184" HPOS="484"/>
							<String ID="string_362" HPOS="499" VPOS="1184" WIDTH="49" HEIGHT="21" WC="0.93" CONTENT="hela"/><SP WIDTH="14" VPOS="1184" HPOS="548"/>
							<String ID="string_363" HPOS="562" VPOS="1183" WIDTH="102" HEIGHT="22" WC="0.91" CONTENT="behöfvas"/><SP WIDTH="11" VPOS="1183" HPOS="664"/>
							<String ID="string_364" HPOS="675" VPOS="1184" WIDTH="85" HEIGHT="28" WC="0.96" CONTENT="mycket"/><SP WIDTH="10" VPOS="1184" HPOS="760"/>
							<String ID="string_365" HPOS="770" VPOS="1184" WIDTH="22" HEIGHT="21" WC="0.96" CONTENT="få"/><SP WIDTH="10" VPOS="1184" HPOS="792"/>
							<String ID="string_366" HPOS="802" VPOS="1184" WIDTH="134" HEIGHT="27" WC="0.96" CONTENT="stadganden"/><SP WIDTH="11" VPOS="1184" HPOS="936"/>
							<String ID="string_367" HPOS="947" VPOS="1185" WIDTH="41" HEIGHT="21" WC="0.96" CONTENT="och"/>
						</TextLine>
						<TextLine ID="line_37" HPOS="162" VPOS="1210" WIDTH="824" HEIGHT="30">
							<String ID="string_368" HPOS="162" VPOS="1211" WIDTH="8" HEIGHT="20" WC="0.95" CONTENT="i"/><SP WIDTH="16" VPOS="1211" HPOS="170"/>
							<String ID="string_369" HPOS="186" VPOS="1210" WIDTH="27" HEIGHT="21" WC="0.96" CONTENT="de"/><SP WIDTH="14" VPOS="1210" HPOS="213"/>
							<String ID="string_370" HPOS="227" VPOS="1210" WIDTH="63" HEIGHT="22" WC="0.96" CONTENT="flesta"/><SP WIDTH="14" VPOS="1210" HPOS="290"/>
							<String ID="string_371" HPOS="304" VPOS="1210" WIDTH="36" HEIGHT="22" WC="0.94" CONTENT="fall"/><SP WIDTH="16" VPOS="1210" HPOS="340"/>
							<String ID="string_372" HPOS="356" VPOS="1212" WIDTH="25" HEIGHT="20" WC="0.96" CONTENT="är"/><SP WIDTH="15" VPOS="1212" HPOS="381"/>
							<String ID="string_373" HPOS="396" VPOS="1211" WIDTH="37" HEIGHT="21" WC="0.96" CONTENT="det"/><SP WIDTH="15" VPOS="1211" HPOS="433"/>
							<String ID="string_374" HPOS="448" VPOS="1212" WIDTH="112" HEIGHT="26" WC="0.96" CONTENT="lyckligast"/><SP WIDTH="15" VPOS="1212" HPOS="560"/>
							<String ID="string_375" HPOS="575" VPOS="1214" WIDTH="39" HEIGHT="20" WC="0.96" CONTENT="när"/><SP WIDTH="15" VPOS="1214" HPOS="614"/>
							<String ID="string_376" HPOS="629" VPOS="1212" WIDTH="27" HEIGHT="22" WC="0.96" CONTENT="de"/><SP WIDTH="16" VPOS="1212" HPOS="656"/>
							<String ID="string_377" HPOS="672" VPOS="1212" WIDTH="18" HEIGHT="27" WC="0.96" CONTENT="ej"/><SP WIDTH="17" VPOS="1212" HPOS="690"/>
							<String ID="string_378" HPOS="707" VPOS="1215" WIDTH="37" HEIGHT="19" WC="0.96" CONTENT="äro"/><SP WIDTH="15" VPOS="1215" HPOS="744"/>
							<String ID="string_379" HPOS="759" VPOS="1213" WIDTH="33" HEIGHT="21" WC="0.96" CONTENT="för"/><SP WIDTH="16" VPOS="1213" HPOS="792"/>
							<String ID="string_380" HPOS="808" VPOS="1213" WIDTH="138" HEIGHT="27" WC="0.95" CONTENT="detaljerade."/><SP WIDTH="30" VPOS="1213" HPOS="946"/>
							<String ID="string_381" HPOS="976" VPOS="1213" WIDTH="10" HEIGHT="21" WC="0.88" CONTENT="I"/>
						</TextLine>
						<TextLine ID="line_38" HPOS="159" VPOS="1239" WIDTH="827" HEIGHT="29">
							<String ID="string_382" HPOS="159" VPOS="1239" WIDTH="179" HEIGHT="26" WC="0.74" CONTENT="privatanstalter"/><SP WIDTH="14" VPOS="1239" HPOS="338"/>
							<String ID="string_383" HPOS="352" VPOS="1240" WIDTH="73" HEIGHT="20" WC="0.96" CONTENT="kunna"/><SP WIDTH="15" VPOS="1240" HPOS="425"/>
							<String ID="string_384" HPOS="440" VPOS="1240" WIDTH="81" HEIGHT="22" WC="0.96" CONTENT="sådana"/><SP WIDTH="15" VPOS="1240" HPOS="521"/>
							<String ID="string_385" HPOS="536" VPOS="1241" WIDTH="66" HEIGHT="21" WC="0.96" CONTENT="också"/><SP WIDTH="15" VPOS="1241" HPOS="602"/>
							<String ID="string_386" HPOS="617" VPOS="1240" WIDTH="72" HEIGHT="22" WC="0.93" CONTENT="derför"/><SP WIDTH="13" VPOS="1240" HPOS="689"/>
							<String ID="string_387" HPOS="702" VPOS="1241" WIDTH="108" HEIGHT="21" WC="0.92" CONTENT="undvaras"/><SP WIDTH="15" VPOS="1241" HPOS="810"/>
							<String ID="string_388" HPOS="825" VPOS="1242" WIDTH="93" HEIGHT="21" WC="0.92" CONTENT="emedan"/><SP WIDTH="11" VPOS="1242" HPOS="918"/>
							<String ID="string_389" HPOS="929" VPOS="1242" WIDTH="57" HEIGHT="26" WC="0.92" CONTENT="prin-"/>
						</TextLine>
						<TextLine ID="line_39" HPOS="162" VPOS="1267" WIDTH="825" HEIGHT="28">
							<String ID="string_390" HPOS="162" VPOS="1267" WIDTH="110" HEIGHT="26" WC="0.91" CONTENT="cipalerne"/><SP WIDTH="22" VPOS="1267" HPOS="272"/>
							<String ID="string_391" HPOS="294" VPOS="1270" WIDTH="38" HEIGHT="18" WC="0.96" CONTENT="äro"/><SP WIDTH="20" VPOS="1270" HPOS="332"/>
							<String ID="string_392" HPOS="352" VPOS="1270" WIDTH="98" HEIGHT="19" WC="0.95" CONTENT="närmare"/><SP WIDTH="19" VPOS="1270" HPOS="450"/>
							<String ID="string_393" HPOS="469" VPOS="1269" WIDTH="32" HEIGHT="20" WC="0.96" CONTENT="till"/><SP WIDTH="18" VPOS="1269" HPOS="501"/>
							<String ID="string_394" HPOS="519" VPOS="1269" WIDTH="69" HEIGHT="21" WC="0.96" CONTENT="hands"/><SP WIDTH="16" VPOS="1269" HPOS="588"/>
							<String ID="string_395" HPOS="604" VPOS="1271" WIDTH="33" HEIGHT="19" WC="0.96" CONTENT="att"/><SP WIDTH="15" VPOS="1271" HPOS="637"/>
							<String ID="string_396" HPOS="652" VPOS="1270" WIDTH="125" HEIGHT="25" WC="0.96" CONTENT="bestämma,"/><SP WIDTH="16" VPOS="1270" HPOS="777"/>
							<String ID="string_397" HPOS="793" VPOS="1276" WIDTH="48" HEIGHT="15" WC="0.96" CONTENT="men"/><SP WIDTH="15" VPOS="1276" HPOS="841"/>
							<String ID="string_398" HPOS="856" VPOS="1272" WIDTH="40" HEIGHT="18" WC="0.96" CONTENT="när"/><SP WIDTH="15" VPOS="1272" HPOS="896"/>
							<String ID="string_399" HPOS="911" VPOS="1270" WIDTH="37" HEIGHT="21" WC="0.96" CONTENT="det"/><SP WIDTH="15" VPOS="1270" HPOS="948"/>
							<String ID="string_400" HPOS="963" VPOS="1272" WIDTH="24" HEIGHT="19" WC="0.96" CONTENT="är"/>
						</TextLine>
						<TextLine ID="line_40" HPOS="158" VPOS="1294" WIDTH="828" HEIGHT="31">
							<String ID="string_401" HPOS="158" VPOS="1294" WIDTH="67" HEIGHT="27" WC="0.95" CONTENT="fråga"/><SP WIDTH="14" VPOS="1294" HPOS="225"/>
							<String ID="string_402" HPOS="239" VPOS="1301" WIDTH="34" HEIGHT="15" WC="0.95" CONTENT="om"/><SP WIDTH="15" VPOS="1301" HPOS="273"/>
							<String ID="string_403" HPOS="288" VPOS="1301" WIDTH="27" HEIGHT="15" WC="0.93" CONTENT="en"/><SP WIDTH="16" VPOS="1301" HPOS="315"/>
							<String ID="string_404" HPOS="331" VPOS="1295" WIDTH="119" HEIGHT="26" WC="0.91" CONTENT="statsbank,"/><SP WIDTH="17" VPOS="1295" HPOS="450"/>
							<String ID="string_405" HPOS="467" VPOS="1303" WIDTH="26" HEIGHT="14" WC="0.93" CONTENT="en"/><SP WIDTH="15" VPOS="1303" HPOS="493"/>
							<String ID="string_406" HPOS="508" VPOS="1297" WIDTH="179" HEIGHT="26" WC="0.92" CONTENT="statsinrättning,"/><SP WIDTH="11" VPOS="1297" HPOS="687"/>
							<String ID="string_407" HPOS="698" VPOS="1297" WIDTH="70" HEIGHT="21" WC="0.96" CONTENT="måste"/><SP WIDTH="11" VPOS="1297" HPOS="768"/>
							<String ID="string_408" HPOS="779" VPOS="1297" WIDTH="141" HEIGHT="27" WC="0.93" CONTENT="reglementet"/><SP WIDTH="15" VPOS="1297" HPOS="920"/>
							<String ID="string_409" HPOS="935" VPOS="1304" WIDTH="51" HEIGHT="21" WC="0.91" CONTENT="sup-"/>
						</TextLine>
						<TextLine ID="line_41" HPOS="161" VPOS="1323" WIDTH="824" HEIGHT="30">
							<String ID="string_410" HPOS="161" VPOS="1323" WIDTH="63" HEIGHT="27" WC="0.92" CONTENT="plera"/><SP WIDTH="14" VPOS="1323" HPOS="224"/>
							<String ID="string_411" HPOS="238" VPOS="1323" WIDTH="168" HEIGHT="28" WC="0.92" CONTENT="principalernas"/><SP WIDTH="15" VPOS="1323" HPOS="406"/>
							<String ID="string_412" HPOS="421" VPOS="1323" WIDTH="140" HEIGHT="24" WC="0.96" CONTENT="föreskrifter."/><SP WIDTH="15" VPOS="1323" HPOS="561"/>
							<String ID="string_413" HPOS="576" VPOS="1325" WIDTH="75" HEIGHT="22" WC="0.96" CONTENT="Likväl"/><SP WIDTH="9" VPOS="1325" HPOS="651"/>
							<String ID="string_414" HPOS="660" VPOS="1325" WIDTH="105" HEIGHT="22" WC="0.80" CONTENT="erkänner"/><SP WIDTH="5" VPOS="1325" HPOS="765"/>
							<String ID="string_415" HPOS="770" VPOS="1325" WIDTH="38" HEIGHT="28" WC="0.96" CONTENT="jag"/><SP WIDTH="10" VPOS="1325" HPOS="808"/>
							<String ID="string_416" HPOS="818" VPOS="1326" WIDTH="85" HEIGHT="27" WC="0.96" CONTENT="mycket"/><SP WIDTH="10" VPOS="1326" HPOS="903"/>
							<String ID="string_417" HPOS="913" VPOS="1332" WIDTH="72" HEIGHT="21" WC="0.95" CONTENT="gerna,"/>
						</TextLine>
						<TextLine ID="line_42" HPOS="159" VPOS="1351" WIDTH="827" HEIGHT="31">
							<String ID="string_418" HPOS="159" VPOS="1353" WIDTH="37" HEIGHT="20" WC="0.96" CONTENT="att"/><SP WIDTH="14" VPOS="1353" HPOS="196"/>
							<String ID="string_419" HPOS="210" VPOS="1351" WIDTH="160" HEIGHT="28" WC="0.95" CONTENT="författningen,"/><SP WIDTH="20" VPOS="1351" HPOS="370"/>
							<String ID="string_420" HPOS="390" VPOS="1359" WIDTH="46" HEIGHT="15" WC="0.96" CONTENT="som"/><SP WIDTH="18" VPOS="1359" HPOS="436"/>
							<String ID="string_421" HPOS="454" VPOS="1360" WIDTH="29" HEIGHT="14" WC="0.96" CONTENT="nu"/><SP WIDTH="15" VPOS="1360" HPOS="483"/>
							<String ID="string_422" HPOS="498" VPOS="1353" WIDTH="67" HEIGHT="22" WC="0.96" CONTENT="redan"/><SP WIDTH="15" VPOS="1353" HPOS="565"/>
							<String ID="string_423" HPOS="580" VPOS="1355" WIDTH="24" HEIGHT="20" WC="0.96" CONTENT="är"/><SP WIDTH="15" VPOS="1355" HPOS="604"/>
							<String ID="string_424" HPOS="619" VPOS="1355" WIDTH="13" HEIGHT="20" WC="0.92" CONTENT="7"/><SP WIDTH="15" VPOS="1355" HPOS="632"/>
							<String ID="string_425" HPOS="647" VPOS="1353" WIDTH="13" HEIGHT="22" WC="0.90" CONTENT="&amp;"/><SP WIDTH="16" VPOS="1353" HPOS="660"/>
							<String ID="string_426" HPOS="676" VPOS="1355" WIDTH="12" HEIGHT="21" WC="0.96" CONTENT="8"/><SP WIDTH="15" VPOS="1355" HPOS="688"/>
							<String ID="string_427" HPOS="703" VPOS="1354" WIDTH="24" HEIGHT="22" WC="0.96" CONTENT="år"/><SP WIDTH="15" VPOS="1354" HPOS="727"/>
							<String ID="string_428" HPOS="742" VPOS="1355" WIDTH="98" HEIGHT="27" WC="0.96" CONTENT="gammal,"/><SP WIDTH="15" VPOS="1355" HPOS="840"/>
							<String ID="string_429" HPOS="855" VPOS="1355" WIDTH="43" HEIGHT="22" WC="0.96" CONTENT="kan"/><SP WIDTH="14" VPOS="1355" HPOS="898"/>
							<String ID="string_430" HPOS="912" VPOS="1362" WIDTH="52" HEIGHT="16" WC="0.95" CONTENT="vara"/><SP WIDTH="14" VPOS="1362" HPOS="964"/>
							<String ID="string_431" HPOS="978" VPOS="1356" WIDTH="8" HEIGHT="22" WC="0.95" CONTENT="i"/>
						</TextLine>
						<TextLine ID="line_43" HPOS="161" VPOS="1380" WIDTH="824" HEIGHT="31">
							<String ID="string_432" HPOS="161" VPOS="1380" WIDTH="68" HEIGHT="22" WC="0.92" CONTENT="behof"/><SP WIDTH="20" VPOS="1380" HPOS="229"/>
							<String ID="string_433" HPOS="249" VPOS="1380" WIDTH="23" HEIGHT="23" WC="0.96" CONTENT="af"/><SP WIDTH="16" VPOS="1380" HPOS="272"/>
							<String ID="string_434" HPOS="288" VPOS="1382" WIDTH="92" HEIGHT="21" WC="0.94" CONTENT="revision"/><SP WIDTH="23" VPOS="1382" HPOS="380"/>
							<String ID="string_435" HPOS="403" VPOS="1382" WIDTH="41" HEIGHT="22" WC="0.94" CONTENT="och"/><SP WIDTH="18" VPOS="1382" HPOS="444"/>
							<String ID="string_436" HPOS="462" VPOS="1384" WIDTH="33" HEIGHT="20" WC="0.96" CONTENT="att"/><SP WIDTH="15" VPOS="1384" HPOS="495"/>
							<String ID="string_437" HPOS="510" VPOS="1383" WIDTH="37" HEIGHT="21" WC="0.96" CONTENT="det"/><SP WIDTH="15" VPOS="1383" HPOS="547"/>
							<String ID="string_438" HPOS="562" VPOS="1383" WIDTH="55" HEIGHT="21" WC="0.96" CONTENT="visat"/><SP WIDTH="15" VPOS="1383" HPOS="617"/>
							<String ID="string_439" HPOS="632" VPOS="1383" WIDTH="33" HEIGHT="27" WC="0.97" CONTENT="sig"/><SP WIDTH="14" VPOS="1383" HPOS="665"/>
							<String ID="string_440" HPOS="679" VPOS="1385" WIDTH="33" HEIGHT="19" WC="0.96" CONTENT="att"/><SP WIDTH="14" VPOS="1385" HPOS="712"/>
							<String ID="string_441" HPOS="726" VPOS="1383" WIDTH="62" HEIGHT="23" WC="0.96" CONTENT="äfven"/><SP WIDTH="15" VPOS="1383" HPOS="788"/>
							<String ID="string_442" HPOS="803" VPOS="1384" WIDTH="7" HEIGHT="21" WC="0.93" CONTENT="i"/><SP WIDTH="16" VPOS="1384" HPOS="810"/>
							<String ID="string_443" HPOS="826" VPOS="1384" WIDTH="159" HEIGHT="27" WC="0.91" CONTENT="stadgandenas"/>
						</TextLine>
						<TextLine ID="line_44" HPOS="159" VPOS="1410" WIDTH="826" HEIGHT="30">
							<String ID="string_444" HPOS="159" VPOS="1410" WIDTH="98" HEIGHT="21" WC="0.95" CONTENT="innehåll"/><SP WIDTH="14" VPOS="1410" HPOS="257"/>
							<String ID="string_445" HPOS="271" VPOS="1410" WIDTH="149" HEIGHT="28" WC="0.96" CONTENT="förändringar"/><SP WIDTH="14" VPOS="1410" HPOS="420"/>
							<String ID="string_446" HPOS="434" VPOS="1417" WIDTH="51" HEIGHT="15" WC="0.93" CONTENT="vore"/><SP WIDTH="15" VPOS="1417" HPOS="485"/>
							<String ID="string_447" HPOS="500" VPOS="1411" WIDTH="104" HEIGHT="27" WC="0.92" CONTENT="önskliga."/><SP WIDTH="16" VPOS="1411" HPOS="604"/>
							<String ID="string_448" HPOS="620" VPOS="1412" WIDTH="66" HEIGHT="22" WC="0.96" CONTENT="Detta"/><SP WIDTH="14" VPOS="1412" HPOS="686"/>
							<String ID="string_449" HPOS="700" VPOS="1412" WIDTH="40" HEIGHT="22" WC="0.96" CONTENT="har"/><SP WIDTH="14" VPOS="1412" HPOS="740"/>
							<String ID="string_450" HPOS="754" VPOS="1413" WIDTH="7" HEIGHT="21" WC="0.93" CONTENT="i"/><SP WIDTH="15" VPOS="1413" HPOS="761"/>
							<String ID="string_451" HPOS="776" VPOS="1413" WIDTH="76" HEIGHT="27" WC="0.96" CONTENT="sjelfva"/><SP WIDTH="14" VPOS="1413" HPOS="852"/>
							<String ID="string_452" HPOS="866" VPOS="1414" WIDTH="76" HEIGHT="22" WC="0.93" CONTENT="verket"/><SP WIDTH="10" VPOS="1414" HPOS="942"/>
							<String ID="string_453" HPOS="952" VPOS="1420" WIDTH="33" HEIGHT="15" WC="0.92" CONTENT="er-"/>
						</TextLine>
						<TextLine ID="line_45" HPOS="161" VPOS="1438" WIDTH="824" HEIGHT="28">
							<String ID="string_454" HPOS="161" VPOS="1438" WIDTH="65" HEIGHT="22" WC="0.93" CONTENT="känts"/><SP WIDTH="16" VPOS="1438" HPOS="226"/>
							<String ID="string_455" HPOS="242" VPOS="1439" WIDTH="36" HEIGHT="21" WC="0.93" CONTENT="vid"/><SP WIDTH="14" VPOS="1439" HPOS="278"/>
							<String ID="string_456" HPOS="292" VPOS="1439" WIDTH="163" HEIGHT="27" WC="0.92" CONTENT="landtdagarna,"/><SP WIDTH="17" VPOS="1439" HPOS="455"/>
							<String ID="string_457" HPOS="472" VPOS="1440" WIDTH="65" HEIGHT="22" WC="0.92" CONTENT="ocksä"/><SP WIDTH="14" VPOS="1440" HPOS="537"/>
							<String ID="string_458" HPOS="551" VPOS="1440" WIDTH="35" HEIGHT="22" WC="0.96" CONTENT="vid"/><SP WIDTH="17" VPOS="1440" HPOS="586"/>
							<String ID="string_459" HPOS="603" VPOS="1440" WIDTH="41" HEIGHT="23" WC="0.96" CONTENT="den"/><SP WIDTH="16" VPOS="1440" HPOS="644"/>
							<String ID="string_460" HPOS="660" VPOS="1442" WIDTH="140" HEIGHT="22" WC="0.92" CONTENT="närvarande."/><SP WIDTH="30" VPOS="1442" HPOS="800"/>
							<String ID="string_461" HPOS="830" VPOS="1442" WIDTH="62" HEIGHT="22" WC="0.92" CONTENT="Hvad"/><SP WIDTH="12" VPOS="1442" HPOS="892"/>
							<String ID="string_462" HPOS="904" VPOS="1442" WIDTH="81" HEIGHT="23" WC="0.92" CONTENT="beträf-"/>
						</TextLine>
						<TextLine ID="line_46" HPOS="158" VPOS="1466" WIDTH="828" HEIGHT="32">
							<String ID="string_463" HPOS="158" VPOS="1466" WIDTH="38" HEIGHT="23" WC="0.93" CONTENT="far"/><SP WIDTH="14" VPOS="1466" HPOS="196"/>
							<String ID="string_464" HPOS="210" VPOS="1467" WIDTH="108" HEIGHT="28" WC="0.96" CONTENT="förslagen"/><SP WIDTH="15" VPOS="1467" HPOS="318"/>
							<String ID="string_465" HPOS="333" VPOS="1468" WIDTH="6" HEIGHT="22" WC="0.96" CONTENT="i"/><SP WIDTH="17" VPOS="1468" HPOS="339"/>
							<String ID="string_466" HPOS="356" VPOS="1468" WIDTH="40" HEIGHT="22" WC="0.93" CONTENT="sak"/><SP WIDTH="14" VPOS="1468" HPOS="396"/>
							<String ID="string_467" HPOS="410" VPOS="1471" WIDTH="37" HEIGHT="19" WC="0.96" CONTENT="äro"/><SP WIDTH="16" VPOS="1471" HPOS="447"/>
							<String ID="string_468" HPOS="463" VPOS="1470" WIDTH="27" HEIGHT="21" WC="0.96" CONTENT="de"/><SP WIDTH="15" VPOS="1470" HPOS="490"/>
							<String ID="string_469" HPOS="505" VPOS="1469" WIDTH="23" HEIGHT="22" WC="0.93" CONTENT="af"/><SP WIDTH="10" VPOS="1469" HPOS="528"/>
							<String ID="string_470" HPOS="538" VPOS="1470" WIDTH="155" HEIGHT="27" WC="0.96" CONTENT="jämförelsevis"/><SP WIDTH="15" VPOS="1470" HPOS="693"/>
							<String ID="string_471" HPOS="708" VPOS="1470" WIDTH="62" HEIGHT="28" WC="0.96" CONTENT="ringa"/><SP WIDTH="14" VPOS="1470" HPOS="770"/>
							<String ID="string_472" HPOS="784" VPOS="1471" WIDTH="138" HEIGHT="27" WC="0.96" CONTENT="betydenhet."/><SP WIDTH="15" VPOS="1471" HPOS="922"/>
							<String ID="string_473" HPOS="937" VPOS="1472" WIDTH="49" HEIGHT="22" WC="0.96" CONTENT="Den"/>
						</TextLine>
						<TextLine ID="line_47" HPOS="159" VPOS="1496" WIDTH="826" HEIGHT="30">
							<String ID="string_474" HPOS="159" VPOS="1496" WIDTH="118" HEIGHT="27" WC="0.91" CONTENT="vigtigaste"/><SP WIDTH="16" VPOS="1496" HPOS="277"/>
							<String ID="string_475" HPOS="293" VPOS="1499" WIDTH="23" HEIGHT="19" WC="0.96" CONTENT="är"/><SP WIDTH="16" VPOS="1499" HPOS="316"/>
							<String ID="string_476" HPOS="332" VPOS="1498" WIDTH="47" HEIGHT="26" WC="0.88" CONTENT="den,"/><SP WIDTH="17" VPOS="1498" HPOS="379"/>
							<String ID="string_477" HPOS="396" VPOS="1504" WIDTH="46" HEIGHT="15" WC="0.96" CONTENT="som"/><SP WIDTH="14" VPOS="1504" HPOS="442"/>
							<String ID="string_478" HPOS="456" VPOS="1498" WIDTH="66" HEIGHT="22" WC="0.93" CONTENT="redan"/><SP WIDTH="17" VPOS="1498" HPOS="522"/>
							<String ID="string_479" HPOS="539" VPOS="1499" WIDTH="131" HEIGHT="22" WC="0.91" CONTENT="diskuterats"/><SP WIDTH="16" VPOS="1499" HPOS="670"/>
							<String ID="string_480" HPOS="686" VPOS="1499" WIDTH="48" HEIGHT="22" WC="0.92" CONTENT="utaf"/><SP WIDTH="8" VPOS="1499" HPOS="734"/>
							<String ID="string_481" HPOS="742" VPOS="1500" WIDTH="67" HEIGHT="26" WC="0.93" CONTENT="nägra"/><SP WIDTH="10" VPOS="1500" HPOS="809"/>
							<String ID="string_482" HPOS="819" VPOS="1500" WIDTH="75" HEIGHT="26" WC="0.93" CONTENT="talare,"/><SP WIDTH="11" VPOS="1500" HPOS="894"/>
							<String ID="string_483" HPOS="905" VPOS="1500" WIDTH="41" HEIGHT="22" WC="0.96" CONTENT="och"/><SP WIDTH="10" VPOS="1500" HPOS="946"/>
							<String ID="string_484" HPOS="956" VPOS="1501" WIDTH="29" HEIGHT="21" WC="0.96" CONTENT="dä"/>
						</TextLine>
						<TextLine ID="line_48" HPOS="136" VPOS="1525" WIDTH="850" HEIGHT="31">
							<String ID="string_485" HPOS="136" VPOS="1545" WIDTH="2" HEIGHT="2" WC="0.71" CONTENT="."/><SP WIDTH="20" VPOS="1545" HPOS="138"/>
							<String ID="string_486" HPOS="158" VPOS="1525" WIDTH="41" HEIGHT="22" WC="0.93" CONTENT="det"/><SP WIDTH="15" VPOS="1525" HPOS="199"/>
							<String ID="string_487" HPOS="214" VPOS="1529" WIDTH="63" HEIGHT="23" WC="0.96" CONTENT="synes"/><SP WIDTH="16" VPOS="1529" HPOS="277"/>
							<String ID="string_488" HPOS="293" VPOS="1532" WIDTH="47" HEIGHT="16" WC="0.96" CONTENT="som"/><SP WIDTH="15" VPOS="1532" HPOS="340"/>
							<String ID="string_489" HPOS="355" VPOS="1532" WIDTH="34" HEIGHT="16" WC="0.96" CONTENT="om"/><SP WIDTH="15" VPOS="1532" HPOS="389"/>
							<String ID="string_490" HPOS="404" VPOS="1526" WIDTH="66" HEIGHT="22" WC="0.92" CONTENT="redan"/><SP WIDTH="16" VPOS="1526" HPOS="470"/>
							<String ID="string_491" HPOS="486" VPOS="1534" WIDTH="28" HEIGHT="15" WC="0.92" CONTENT="nu"/><SP WIDTH="16" VPOS="1534" HPOS="514"/>
							<String ID="string_492" HPOS="530" VPOS="1527" WIDTH="150" HEIGHT="23" WC="0.96" CONTENT="diskussionen"/><SP WIDTH="15" VPOS="1527" HPOS="680"/>
							<String ID="string_493" HPOS="695" VPOS="1528" WIDTH="69" HEIGHT="22" WC="0.93" CONTENT="skulle"/><SP WIDTH="11" VPOS="1528" HPOS="764"/>
							<String ID="string_494" HPOS="775" VPOS="1528" WIDTH="87" HEIGHT="28" WC="0.93" CONTENT="öfvergä"/><SP WIDTH="10" VPOS="1528" HPOS="862"/>
							<String ID="string_495" HPOS="872" VPOS="1529" WIDTH="32" HEIGHT="21" WC="0.96" CONTENT="till"/><SP WIDTH="11" VPOS="1529" HPOS="904"/>
							<String ID="string_496" HPOS="915" VPOS="1529" WIDTH="71" HEIGHT="23" WC="0.96" CONTENT="denna"/>
						</TextLine>
					</TextBlock>
				</ComposedBlock>
			</PrintSpace>
		</Page>
	</Layout>
</alto>
