1073 1717
193 122 54 21 1038
509 121 43 18 Den
563 121 23 18 20
600 120 45 23 Maj.

163 186 90 22 Januari
269 188 64 25 1884;
347 192 33 15 nu
392 186 92 22 föreslär
499 187 109 21 utskottet
622 188 33 20 att
670 186 40 22 den
727 186 70 22 skulle
811 186 57 28 gälia
881 185 49 22 frän
945 186 40 22 och

163 214 50 22 med
229 216 10 20 1
256 214 88 23 Januari
362 216 53 20 1883
431 214 33 22 till
479 215 109 27 utgängen
603 214 22 22 af
640 217 61 24 1885,
717 215 60 21 hvari
791 215 68 27 ligger
873 221 27 15 en
910 214 75 28 betyd-

163 243 30 27 lig
216 242 90 22 skilnad.
335 243 34 21 Dä
392 243 37 21 det
451 244 24 20 är
490 243 113 26 sannolikt,
620 245 33 19 att
667 244 64 21 nästa
745 243 103 27 landtdag
861 243 50 22 icke
926 243 59 21 kom-

163 278 52 19 mer,
232 271 66 27 enligt
312 270 57 22 hvad
383 272 60 21 Hans
458 271 103 27 Majestät
578 271 50 28 själf
642 271 72 27 lofvat,
731 274 33 19 att
778 272 60 27 börja
847 271 73 22 förrän
931 271 55 22 efter

164 302 12 19 3
193 300 30 26 år,
239 300 84 21 således
338 300 92 26 troligen
445 300 46 21 icke
505 300 46 22 förr
565 302 28 20 än
610 302 54 19 1885
681 306 34 16 om
727 300 85 26 hösten,
823 300 70 22 skulle
903 300 83 22 kanske

163 328 49 22 icke
234 334 29 15 nu
277 328 124 26 förordning
419 328 66 22 hinna
502 334 100 16 emanera
616 328 46 22 före
677 328 143 28 landtdagens
835 329 50 25 slut,
900 328 86 22 hvarför

164 356 39 22 det
217 357 62 21 torde
293 356 66 22 blifva
373 356 131 28 nödvändigt
519 359 34 19 att
566 357 71 22 lemna
651 356 192 28 verkställigheten
856 357 130 22 åtminstone

164 385 34 21 till
213 385 25 21 år
254 387 60 19 1886.

233 414 56 21 Herr
303 414 140 22 Mechelin:
459 414 43 22 Det
517 417 24 19 är
555 414 48 22 icke
618 414 88 22 alldeles
722 414 96 28 ovigtigt,
833 414 105 22 huruvida
948 414 37 22 be-

163 442 278 27 villningsförfattningarne
465 443 56 26 gälla
538 443 34 22 för
594 443 41 21 den
653 443 164 27 budgetperiod,
836 444 46 20 som
899 443 26 22 de
940 442 46 22 afse
1007 445 3 5 '

164 472 34 20 att
220 471 93 27 betjena,
335 471 53 21 eller
406 477 34 16 :om
464 472 62 21 deras
542 472 99 21 tidsmätt
657 472 87 22 dermed
759 472 48 22 icke
822 472 163 21 sammanfaller.

164 500 45 21 Det
223 505 64 21 synes
301 506 52 15 vara
371 500 124 27 lämpligare
515 500 41 22 och
571 500 104 27 redigare,
692 502 33 20 att
740 507 26 15 en
782 500 23 22 af
817 501 117 21 ständerna
948 506 37 16 an-

164 530 66 24 tagen
252 528 251 28 bevillningsförfattning
523 529 109 27 begynner
650 529 48 21 med
713 529 217 27 landtdagsperioden
946 528 40 22 och

164 556 92 22 afslutar
269 557 50 21 med
335 557 129 21 densamma.
495 557 40 21 Om
550 558 36 20 vid
600 559 63 19 nästa
677 558 103 26 landtdag
796 564 25 15 en
832 558 84 26 förhöjd
927 558 59 21 skatt

164 584 97 22 befinnes
283 584 24 22 af
327 585 76 26 nöden,
426 585 25 22 så
466 586 69 21 måste
554 586 107 27 synnerlig
676 586 45 26 vigt
735 586 58 26 ligga
807 586 73 27 derpå,
896 587 34 20 att
945 586 42 21 den

164 612 99 28 förhöjda
285 614 87 21 skatten
393 614 42 21 blir
450 614 99 26 gällande
571 614 46 21 från
640 614 40 21 och
702 615 49 21 med
774 614 41 22 den
832 617 9 19 1
859 615 89 21 Januari
962 614 24 22 år

166 643 63 20 1886.
258 642 42 26 Jag
314 642 43 22 kan
373 642 22 22 af
409 642 60 22 detta
485 643 47 21 skäl
547 643 48 21 icke
609 643 115 21 instämma
734 643 49 21 med
790 643 50 21 herr
847 643 89 26 Munck;
952 649 35 15 om

162 670 39 27 jag
215 670 47 22 icke
277 670 68 22 hörde
360 672 63 24 orätt,
439 671 82 27 uppgaf
534 671 42 22 han
591 671 72 21 såsom
678 672 73 26 motiv,
767 673 33 20 att
810 673 63 19 nästa
882 671 104 27 landtdag

164 699 49 21 icke
229 699 70 22 skulle
313 699 73 27 börjas
401 699 72 22 förrän
493 706 35 15 om
546 700 76 22 hösten
638 700 25 21 år
679 702 61 20 1885.
770 700 42 22 För
826 700 43 22 min
885 700 35 22 del
934 700 53 21 kän-
1013 711 5 1 -

165 734 39 15 ner
216 727 38 28 jag
269 728 48 22 icke
332 728 66 27 något
412 728 89 27 faktum,
517 735 47 15 som
579 728 69 22 skulle
663 728 108 28 berättiga
786 730 33 20 att
833 728 70 22 uttala
917 729 71 27 någon

164 756 113 22 förmodan
299 762 34 16 om
349 757 41 21 den
408 763 41 15 ena
463 758 52 20 eller
530 758 67 21 andra
613 757 100 27 årstiden,
731 758 27 20 dä
772 758 131 26 landtdagen
918 757 70 22 skulle

166 785 166 27 sammanträda,
348 792 49 15 men
411 785 50 22 hela
481 786 41 22 den
537 786 82 28 period,
635 785 33 22 för
682 786 86 22 hvilken
782 786 132 27 landtdagen
929 786 58 22 anvi-

166 815 35 19 sat
223 814 300 27 karta-sigillata-bevillning,
544 817 24 19 är
582 815 111 21 beräknad
707 815 33 21 till
757 814 41 22 och
814 815 23 21 är
854 817 61 19 1885.
945 815 43 26 Jag

165 842 40 21 ber
220 842 85 22 säledes
320 844 33 20 att
367 842 22 22 fä
403 842 84 22 biträda
502 843 119 21 utskottets
635 842 80 28 förslag
730 844 7 20 i
753 844 69 20 denna
830 843 41 27 del,
883 843 39 21 och
931 843 57 22 hvad

160 870 195 28 utgångspunkten
369 870 32 22 för
417 871 69 21 denna
501 871 136 27 författnings
649 872 99 26 giltighet
759 871 106 26 beträffar,
877 872 31 26 sä,
920 872 68 21 ehuru

166 899 38 21 det
219 899 48 21 icke
281 899 69 27 ligger
364 900 70 26 nägon
449 900 45 26 vigt
513 900 72 27 derpä,
603 900 27 21 dä
645 906 49 16 man
709 900 48 22 icke
771 907 29 15 nu
816 900 64 22 söker
895 900 52 22 ernä
962 906 27 16 en

166 928 88 26 stegrad
269 928 100 26 inkomst,
385 934 63 21 synes
465 929 36 21 det
516 929 56 21 dock
587 934 51 16 vara
652 928 130 28 lämpligare,
799 930 32 20 att
845 935 50 15 man
910 929 78 27 begag-

166 962 39 15 nar
220 956 33 27 sig
268 956 23 21 af
304 956 37 22 det
359 956 110 27 förbehåll,
491 963 46 15 som
556 957 35 21 vid
605 958 187 26 promulgeringen
807 957 23 21 af
842 958 42 20 den
899 964 29 14 nu
944 957 44 27 gäl-

166 984 64 22 lande
251 984 152 28 författningen
426 985 67 27 gjorts
517 986 40 21 och
578 985 55 21 läter
655 986 40 21 den
719 985 145 22 sammanfalla
882 985 50 23 med
947 986 41 23 den

166 1013 170 27 statsreglering,
351 1013 39 22 för
399 1014 85 21 hvilken
503 1014 41 22 den
559 1020 30 15 nu
603 1014 97 22 kommer
715 1016 32 20 att
761 1014 111 22 behöfvas.

235 1042 34 20 Då
283 1042 50 22 herr
347 1042 90 22 Muncks
451 1042 80 28 förslag
546 1043 48 21 icke
609 1043 75 21 vunnit
698 1043 120 22 understöd
832 1043 41 22 och
887 1043 51 27 inga
950 1049 38 15 an-

165 1070 138 28 märkningar
317 1070 34 22 för
367 1070 63 28 öfrigt
445 1072 84 27 gjordes
546 1073 58 20 emot
618 1071 13 27 $
646 1073 33 25 41,
695 1072 46 22 blef
754 1072 123 22 densamma
892 1072 23 22 af
929 1072 59 21 stän-

167 1099 38 21 det
220 1099 64 26 gillad
299 1101 53 20 utan
367 1100 96 26 ändring.

236 1127 105 27 Slutligen
356 1128 114 26 godkände
485 1128 88 22 ständet
587 1128 118 22 utskottets
721 1129 29 27 pä
765 1128 40 22 sid.
824 1130 25 20 12
860 1128 76 28 gjorda
946 1128 42 22 för-

166 1156 48 26 slag
228 1156 34 21 till
277 1156 131 27 underdänig
423 1156 156 27 framställning
595 1163 34 15 om
639 1157 146 22 förskaffande
795 1157 23 25 af
827 1157 114 27 utredning
952 1163 37 15 an-

166 1184 83 27 gående
265 1184 26 22 de
307 1185 84 27 belopp,
408 1191 46 15 som
464 1192 76 20 genom
551 1185 269 27 stämpelskatten'influtit
827 1186 46 21 från
883 1185 107 22 särskilda

167 1213 124 21 densamma
305 1213 160 22 underkastade
480 1214 167 22 skatteföremäl.

237 1242 70 21 Sedan
326 1242 245 26 bevillningsutskottets
591 1242 136 22 betänkande
747 1242 90 22 härmed
854 1249 38 15 var
908 1242 81 22 slutbe-

166 1268 110 27 handladt,
292 1268 157 23 öfverlemnade
467 1270 50 20 herr
531 1270 206 21 Landtmarskalken
752 1270 34 21 till
800 1270 116 26 afgörande
932 1270 37 21 det
983 1270 7 20 i

167 1299 176 20 statsutskottets
366 1297 136 22 betänkande
521 1298 41 21 N:o
581 1300 27 19 14
623 1298 110 27 angående
749 1298 100 27 samtliga
862 1298 77 27 anslag
950 1297 40 23 be-

166 1325 83 22 roende
261 1326 98 22 lemnade
373 1332 63 16 mom.
453 1326 13 22 d
481 1325 22 22 af
518 1326 67 22 andra
599 1326 141 28 afdelningen.

235 1354 57 22 Herr
310 1354 129 22 Mechelin
464 1355 85 26 ytträde
568 1355 85 22 härom:
676 1355 34 22 Dä
732 1355 259 28 bevillningsutskottet
977 1350 16 37 i

167 1383 40 22 sitt
227 1390 30 15 nu
279 1384 162 27 genomgångna
460 1384 137 22 betänkande
612 1384 47 22 icke
674 1384 7 22 i
695 1384 102 22 afseende
812 1384 13 22 &
839 1384 116 22 resultatet
970 1383 23 23 af

167 1412 71 22 denna
252 1412 59 22 skatt
325 1412 90 22 kommit
429 1412 33 22 till
476 1413 71 27 nägon
563 1419 69 15 annan
647 1413 124 27 beräkning,
787 1415 28 20 än
830 1414 48 25 den,
895 1419 47 17 som
951 1413 40 27 lig-

167 1446 39 21 ger
221 1441 32 21 till
268 1441 69 27 grund
352 1442 33 21 för
399 1442 165 21 statsutskottet
578 1442 8 20 i
601 1442 38 21 det
654 1442 50 22 dess
720 1442 136 22 betänkande
871 1442 41 22 N:o
923 1442 26 22 14
960 1442 30 21 af-

166 1468 59 28 gifna
239 1469 80 28 förslag
335 1470 40 22 och
389 1470 70 28 nägon
475 1470 124 27 förändring
613 1470 24 22 af
645 1471 26 22 de
687 1470 7 22 i
705 1470 154 27 betänkandet,
867 1471 41 22 N:o
923 1472 26 20 14
959 1471 31 21 in-

166 1497 63 22 förda
250 1498 99 22 siffrorna
369 1499 49 21 icke
440 1501 24 19 är
482 1499 72 27 nödig,
570 1499 70 22 skulle
653 1499 37 28 jag
704 1500 34 25 be,
755 1501 33 19 att
803 1499 24 21 R.
844 1506 19 15 o.
879 1500 25 20 A.
921 1499 70 21 skulle

166 1526 114 27 godkänna
295 1528 124 27 momentet,
439 1528 61 21 hvari
518 1528 125 27 beräknats,
667 1530 32 20 att
714 1528 47 22 frän
778 1528 69 22 denna
862 1528 60 22 skatt
937 1527 55 22 skall
