1073 1725
417 110 43 18 Den
470 110 22 18 27
504 110 46 24 Maj.
814 112 57 21 1279

143 174 57 23 Herr
216 174 147 24 Hackman:
386 176 43 27 Jag
450 176 51 22 ville
523 176 78 23 endast
614 178 84 26 nämna,
713 178 34 21 att
758 177 39 28 jag
810 176 89 28 frångår

75 204 51 22 mitt
134 203 105 29 yrkande;
252 206 34 20 att
301 204 39 22 det
352 204 57 23 skall
422 211 52 16 vara
490 212 26 16 en
528 205 180 27 justitierääman;
723 211 47 16 som
786 206 55 22 skall
850 206 48 22 föra

74 232 138 28 protokoilet,.
227 232 57 23 blott
298 234 33 21 ett
339 233 119 28 protokoll,
474 234 147 22 innefattande
635 234 124 26 motiverna,
774 234 66 22 föres.

142 261 57 22 Herr
221 261 140 23 Mechelin:
386 262 43 22 Det
450 264 59 20 rätta
528 268 57 20 vore,
601 264 33 20 att
649 262 37 22 det
700 262 71 22 skulle
786 262 68 22 finnas
870 268 28 17 en

74 289 56 22 enda
144 296 124 20 gemensam
282 290 79 27 högsta
375 290 83 22 instans
472 290 34 22 för
520 290 50 22 hela
583 290 74 23 landet
671 290 226 28 itaxeringsärenden,

75 317 21 22 d
110 324 20 16 v.
146 324 18 16 s.
179 318 57 22 blott
249 319 8 21 i
271 318 61 27 fråga
346 325 35 16 om
395 319 161 28 tillämpningen
571 319 23 22 af
601 320 74 26 lagens
685 320 136 26 stadganden
832 320 66 27 angå-

75 346 55 22 ende
144 347 107 28 taxering;
267 348 25 21 sä
307 347 56 23 hade
378 348 66 22 också
459 348 168 22 skattekomitén
641 348 119 27 föreslagit,
771 348 29 22 dä
811 348 39 23 den
861 342 42 38 teg

74 375 115 23 initiativet
203 378 34 20 att
243 376 287 28 kommunalförfattningens
538 377 134 27 stadganden
683 384 34 16 om
724 377 99 28 taxering
830 377 68 23 borde

74 404 116 23 revideras.
220 406 44 22 Det
284 406 34 22 lär
335 406 65 22 likväl
418 406 63 23 hafva
496 407 85 21 ansetts
596 406 111 28 olämpligt
721 408 33 20 att
768 406 50 22 med
832 406 66 22 dessa

74 433 96 23 ärenden
184 434 85 22 belasta
283 434 85 22 landets
382 435 79 27 högsta
476 434 93 23 domstol
584 435 41 22 och
639 434 72 23 derför
724 434 57 23 hade
791 435 107 28 styrelsen

74 462 118 28 föreslagit,
208 465 33 20 att
255 469 49 16 man
320 464 70 22 skulle
406 464 71 22 såsom
492 464 79 27 högsta
581 464 82 22 instans
673 464 70 22 införa
752 464 88 22 hofrätt.
856 464 41 22 Till

75 490 50 23 dess
140 498 51 15 man
205 492 43 22 kan
263 493 149 21 åstadkomma
425 492 134 23 inrättandet
573 493 22 21 af
609 499 26 15 en
649 493 141 22 kammarrätt
805 492 53 22 eller
864 494 35 20 ett

73 520 219 28 kammarkollegium,
309 521 32 21 dit
356 522 93 22 ärenden
464 522 23 21 af
499 522 61 21 detta
575 522 47 26 slag
637 522 41 21 och
693 522 68 22 andra
773 521 74 22 kunde
862 521 35 27 gå,

74 549 63 21 torde
153 549 37 21 det
209 556 53 15 vara
280 550 50 21 bäst
348 551 33 21 att
394 550 60 22 hålla
468 550 33 27 sig
516 550 33 22 till
563 550 140 28 regeringens
717 550 142 28 proposition,
874 550 24 27 ty

75 577 139 28 ofullständig
236 580 24 20 är
281 579 37 26 lag
332 579 41 22 och
388 579 159 22 rättssäkerhet
562 579 25 22 så
600 580 65 26 länge
680 579 39 22 allt
733 579 55 22 skall
802 579 52 22 bero
868 579 30 27 på

74 605 201 28 pröfoingsnämnds
290 607 122 28 afgörande.
441 607 222 29 Pröfningsnämnden
676 608 93 22 befattar
779 608 34 26 sig
823 609 75 25 egent-

73 635 59 27 ligen
146 635 49 22 med
210 635 170 29 sifferbeloppen,
396 643 48 16 men
459 637 43 22 kan
516 637 49 22 icke
580 643 56 20 egna
650 637 67 27 nödig
732 635 128 24 vaksamhet
874 636 24 22 åt

74 663 76 28 sjelfva
165 664 161 28 tillämpningen
340 665 24 22 af
376 665 191 27 lagstadgandena.
591 666 42 26 Jag
646 665 33 22 får
690 666 71 21 derför
770 665 88 22 förorda
864 665 32 22 in-

74 692 100 23 förandet
188 693 24 22 af
224 695 32 20 ett
270 694 79 22 sådant
363 694 120 27 stadgande
498 701 33 16 om
547 702 26 15 en
587 695 67 26 högre
668 695 90 21 instans.

142 721 57 22 Herr
214 722 166 28 Gripenberg,
390 723 83 22 Alexis:
482 723 41 22 Om
530 723 52 23 det
570 717 10 38 i
590 723 75 28 sjelfva
672 723 75 22 verket
753 722 103 23 förhåller
864 723 34 26 sig

75 750 31 26 så,
116 755 49 17 som
174 749 50 23 herr
233 751 149 28 Montgomery
392 752 40 21 och
442 751 52 23 flere
504 753 49 21 med
563 753 79 22 honom
651 751 64 23 hafva
722 751 65 22 fattat
794 751 103 26 stadgan-

75 779 38 21 det
134 779 33 22 uti
188 779 79 27 nådiga
289 780 168 27 propositionen,
480 782 33 20 att
536 781 37 22 det
588 781 77 22 endast
679 783 24 19 är
719 780 59 22 öfver
791 779 107 28 lagöfver-

74 807 114 27 trädelser,
212 814 47 15 som
273 808 217 28 pröfningsnämnden
506 810 70 22 skulle
591 810 46 22 låta
651 810 34 26 sig
700 809 86 22 komma
800 809 33 21 till
847 808 50 27 last,

75 841 47 16 som
136 842 50 16 man
201 837 69 22 skulle
285 837 22 22 få
321 837 74 23 anföra
409 838 78 21 besvär
500 838 8 21 i
523 839 87 26 hofrätt,
626 838 26 22 så
667 844 63 15 anser
741 837 38 28 jag
794 837 103 27 stadgan-

76 865 36 21 det
134 872 52 15 vara
208 865 140 28 öfverflödigt,
364 868 23 26 ty
402 867 37 21 det
453 866 69 23 finnes
538 874 25 15 en
579 867 23 22 af
615 867 71 28 praxis
702 866 41 22 och
756 866 37 27 lag
808 866 90 22 anvisad

74 896 42 24 väg
131 896 33 19 att
178 894 54 22 söka
246 894 90 28 ändring
350 896 8 20 i
372 895 83 23 sådana
470 895 47 23 fall:
534 896 41 22 den
586 897 64 21 sökes
661 896 39 22 hos
711 896 133 26 guvernören
855 894 41 23 och

76 921 92 23 derifrån
184 923 7 21 i
206 925 101 20 senatens
323 924 267 28 ekonomiedepartement,
606 925 41 22 och
662 924 80 27 otaliga
757 926 37 20 äro
809 924 28 22 de
846 923 50 27 mål,

75 957 47 16 som
137 951 69 23 blifvit
220 954 110 26 upptagna
346 953 40 22 och
401 953 97 28 afgjorda
512 954 23 21 af
549 954 284 27 ekonomiedepartementet
847 952 50 22 med

75 980 115 28 anledning
205 980 62 23 deraf
280 983 33 20 att
327 982 230 28 taxeringsgrunderna
571 983 48 22 icke
633 982 56 22 varit
706 982 83 27 rigtiga.
819 982 31 21 Är
860 982 38 22 det

76 1009 47 21 åter
136 1010 32 26 så,
183 1016 47 16 som
245 1009 50 23 herr
309 1010 112 27 Mechelin,
437 1011 74 22 såvida
523 1012 38 27 jag
575 1011 110 28 uppfattat
698 1010 81 22 honom
792 1012 50 25 rätt,
859 1016 37 16 an-

75 1043 41 21 ser,
134 1040 33 20 att
181 1044 50 16 man
246 1038 70 22 skulle
330 1039 72 22 kunna
417 1040 59 22 öfver
490 1040 200 28 pröfningsnämnds
706 1039 102 27 åtgärder
822 1039 75 22 anföra

74 1066 79 23 besvär
174 1067 7 21 i
204 1067 66 22 andra
291 1067 79 28 frågor,
393 1068 132 22 beträffande
547 1069 217 27 taxeringsbeloppet,
788 1068 26 21 så
832 1074 64 21 synes

75 1094 38 23 det
134 1096 44 26 mig
199 1102 51 16 vara
272 1098 32 20 ett
326 1096 70 28 afsteg
414 1097 48 22 från
476 1098 110 27 principen
600 1098 8 21 i
622 1096 122 27 allmänhet,
760 1102 47 16 som
822 1096 74 28 tyckes

74 1130 52 15 vara
142 1124 47 27 den,
206 1127 32 19 att
253 1124 37 22 det
304 1127 25 20 är
343 1125 195 28 pröfningsnämnd,
554 1132 46 16 som
615 1126 8 22 i
638 1126 54 22 sista
705 1126 83 21 instans
799 1125 55 22 skall
864 1125 32 22 af-

74 1154 52 25 göra
142 1153 59 22 öfver
215 1154 109 27 beloppet.

142 1182 58 21 Herr
214 1182 140 26 Mechelin:
370 1183 44 22 Det
424 1185 24 20 är
458 1185 51 20 utan
524 1183 73 22 tvifvel
605 1184 25 21 så
637 1185 34 20 att
677 1183 218 27 taxeringsbeloppet,

74 1210 201 28 skattörebeloppet
294 1211 48 22 icke
358 1212 53 21 skall
426 1219 51 15 vara
491 1213 89 22 föremål
594 1213 33 21 för
641 1212 73 22 vidare
729 1211 99 24 revision,
844 1213 52 20 utan

76 1239 77 22 endast
167 1239 188 28 förfaringssättet,
370 1240 106 22 huruvida
490 1240 133 23 förfarandet
637 1241 55 22 varit
707 1240 109 27 lagenligt,
830 1240 67 21 huru-

75 1267 49 22 vida
146 1274 27 15 en
195 1274 77 21 person
296 1271 24 19 är
342 1269 86 28 skyldig
450 1271 32 20 att
504 1270 73 22 betala
591 1270 44 26 det,
651 1275 47 16 som
713 1269 78 22 honom
806 1268 89 28 påförts.

75 1296 44 22 Det
133 1298 31 25 är,
179 1297 73 22 säkom
266 1297 51 22 herr
332 1297 134 28 Gripenberg
479 1298 111 28 uppgifvit,
601 1298 68 27 fallet,
683 1300 32 19 att
725 1297 108 28 åtskilliga
844 1297 52 27 gän-

76 1330 38 23 ger
132 1325 79 22 besvär
225 1325 63 23 hafva
303 1328 37 25 egt
354 1332 47 16 rum
409 1326 47 23 hos
472 1329 133 25 guvernören
620 1327 41 22 och
675 1327 8 21 i
698 1328 101 21 senatens
816 1326 80 22 ekono-

75 1354 192 27 miedepartement
289 1355 59 20 öfver
369 1355 254 26 pröfningsnämndernas
644 1355 7 20 i
673 1355 50 20 stad
745 1355 78 26 utslag,
846 1361 50 14 men

76 1382 61 22 detta
155 1382 41 21 har
209 1382 59 21 skett
283 1382 87 22 utanför
388 1383 99 26 gällande
504 1383 42 27 lag,
567 1383 37 21 det
617 1383 39 21 har
670 1383 47 21 icke
733 1382 81 21 funnits
828 1382 69 27 något

75 1410 163 28 lagstadgande,
259 1416 47 16 som
328 1411 118 27 berättigar
467 1411 32 21 till
521 1413 33 20 att
575 1410 109 28 upphäfva
705 1412 32 20 ett
754 1410 23 22 af
789 1410 108 28 pröfnins-

75 1439 108 22 nämnden
203 1439 55 22 fäldt
278 1439 72 28 utslag
369 1439 41 22 och
428 1439 82 22 sådana
527 1440 72 27 utslag
611 1439 64 22 hafva
690 1439 70 22 blifvit
773 1439 125 22 kasserade.

75 1467 107 24 Hvarför?
210 1468 34 26 Jo,
268 1469 88 21 emedan
379 1469 166 27 rättsprincipen
567 1469 39 22 har
624 1470 73 20 manat
712 1468 33 22 till
761 1470 32 20 att
807 1469 90 21 kassera

77 1497 83 23 sådana
173 1497 73 22 beslut
260 1497 49 22 utaf
321 1497 195 28 pröfningsnämnd,
532 1503 46 17 som
593 1497 70 23 strida
677 1499 58 20 emot
749 1497 42 28 lag.
814 1497 34 22 Då
862 1503 35 16 se-

77 1527 64 22 naten
162 1526 71 28 ingått
254 1526 8 22 i
282 1526 99 28 pröfning
402 1526 24 22 af
445 1526 81 23 sådana
548 1527 43 27 fall,
607 1527 40 22 har
661 1527 36 22 det
712 1526 48 23 icke
775 1526 47 28 gält
836 1529 62 20 taxe-
