1073 1714
421 115 43 18 Den
475 116 23 17 20
509 115 45 23 Maj.
818 119 53 21 1071

77 179 94 24 varande
190 179 203 28 hufvudgrunderna
412 181 33 22 för
463 181 154 28 dispositionen
633 181 23 22 af
669 183 232 22 amortissementsfon-

77 209 49 22 den.
156 209 42 27 Jag
213 209 36 22 vill
265 209 72 22 derför
351 210 48 21 icke
415 212 52 25 säga
482 213 32 19 att
529 211 38 20 det
577 211 23 26 ej
612 210 49 22 med
672 211 59 22 tiden
741 212 43 21 kan
794 218 51 15 vara
853 213 48 21 skäl

78 239 34 21 att
126 236 98 29 företaga
239 237 71 27 någon
325 238 124 27 förändring
463 239 49 21 med
528 239 70 21 denna
613 239 56 26 fond,
685 245 49 16 men
745 239 48 23 icke
804 247 34 14 nu.

146 267 56 21 Herr
220 267 185 27 Montgomery:
427 267 43 26 Jag
487 267 70 22 skulle
579 267 34 22 för
626 268 43 21 min
684 267 36 22 del
736 269 84 21 biträda
835 271 66 20 stats-

78 296 121 21 utskottets
215 295 56 26 åsigt
286 301 34 15 om
336 295 37 22 det
388 295 122 27 oegentliga
524 295 39 26 uti,
579 297 33 20 att
627 296 132 22 statsverket
768 303 77 20 genom
855 298 47 21 sina

76 323 78 22 fonder
174 323 107 22 bedrifver
300 323 103 27 utlåning.
435 323 74 22 Sävidt
524 324 39 28 jag
577 324 42 21 kan
635 325 70 21 erinra
720 325 44 28 mig
778 325 124 28 utlåningen

78 352 47 22 från
140 352 270 27 amortissementsfonden,
426 351 101 23 förhåller
543 353 38 21 det
595 353 33 26 sig
643 353 32 21 till
689 353 96 28 betydlig
797 354 34 22 del
839 355 62 21 verk-

78 381 58 27 ligen
152 381 31 26 så,
199 386 46 16 som
260 386 27 16 en
302 380 130 27 föregående
447 381 53 21 ärad
516 381 73 25 talare,
601 381 86 22 hvilken
697 381 82 22 känner
787 382 115 23 förhållan-

77 409 45 27 det,
146 409 97 26 nämnde,
263 415 50 16 men
329 415 45 21 nog
392 410 39 21 har
447 409 36 22 det
498 410 91 21 lemnats
605 409 36 22 lån
657 410 22 21 åt
695 410 98 22 enskilda
807 411 41 22 och
864 412 38 22 det

77 439 41 21 har
140 438 57 22 varit
218 438 33 21 för
270 439 48 21 dem
337 444 26 15 en
379 440 46 20 stor
439 437 75 23 fördel.
543 439 42 26 Jag
599 438 36 22 vill
650 439 47 22 icke
713 439 62 26 neka,
791 441 33 20 att
839 440 64 22 dessa

78 467 37 22 lån
130 467 57 27 gjort
201 467 59 26 godt,
275 467 49 22 icke
339 467 55 21 blott
411 467 22 21 åt
449 467 54 26 dem,
520 473 46 16 som
581 467 42 21 fått
637 467 23 22 af
673 467 66 22 dessa
753 468 42 27 lån,
809 471 51 20 utan
872 469 30 22 öf-

79 496 185 27 verhufvudtaget,
287 500 49 17 men
356 496 118 26 oegentligt
488 498 25 19 är
528 496 38 21 det
579 495 8 22 i
602 495 43 22 alla
659 495 42 23 fall.
731 496 70 23 Dessa
813 497 36 22 lån
865 504 37 15 an-

78 527 52 25 taga
151 525 106 26 nämligen
280 525 7 21 i
309 530 46 16 mer
376 525 53 21 eller
448 525 81 22 mindre
549 524 53 28 grad
620 524 131 23 karakteren
770 525 23 22 af
809 526 94 27 speciela

78 553 209 28 gunstbevisningar,
297 553 60 22 -eller
371 553 100 27 lyckträff
483 553 34 22 för
532 553 49 22 dem
595 559 45 16 som
655 557 66 23 passa
738 554 34 27 pä.
789 555 31 21 De
830 555 73 22 kunna

78 583 50 21 icke
144 584 64 19 annat
224 583 26 20 än
265 582 8 21 i
288 582 43 21 viss
347 587 49 16 mon
411 582 111 21 motverka
536 582 144 27 uppkomsten
695 583 24 20 af
731 583 82 22 sädana
822 583 82 22 kredit-

79 611 154 25 institutioner,
249 616 46 16 som
312 610 69 22 skulle
396 612 53 25 göra
464 610 31 21 till
511 610 33 21 sin
559 610 84 28 uppgift
659 612 33 20 att
706 610 71 22 lemna
788 611 70 27 dylika
867 612 37 22 län

79 640 30 27 pä
131 646 26 15 en
179 638 66 27 nägot
264 639 75 26 längre
357 638 37 26 tid,
411 639 40 21 och
466 639 50 21 med
530 639 91 27 begväm
637 640 130 27 amortering
783 638 39 24 och
837 640 67 22 likväl

80 674 52 16 vore
146 668 39 21 det
199 667 100 27 önskligt,
316 668 33 21 att
363 667 21 21 vi
399 667 70 21 skulle
485 667 82 22 erhälla
582 667 81 29 sädana
675 668 110 21 anstalter.
801 668 63 23 Hvad
874 676 29 15 nu

79 696 103 22 beträffar
197 696 27 22 de
238 696 42 26 län,
297 702 46 16 som
358 695 71 27 gifvits
446 696 23 21 ät
483 696 125 22 kommuner
616 696 40 21 och
667 696 132 28 menigheter
808 697 34 22 för
849 704 54 21 upp-

78 725 92 23 förande
185 725 24 22 af
221 724 80 28 kyrkor
315 731 27 15 m.
362 731 33 19 m.,
413 724 24 22 sä
453 724 63 22 hafva
530 724 161 22 förhällandena
707 726 24 20 sä
745 726 111 22 utvecklat
871 728 34 25 sig

81 755 40 21 hos
137 759 42 20 oss,
196 755 33 20 att
244 753 37 22 det
295 754 48 21 icke
358 753 63 22 torde
436 760 51 15 vara
496 754 70 26 nägon
577 753 108 27 synnerlig
695 753 111 28 svärighet
815 754 33 22 för
856 755 48 22 dem

80 785 35 20 att
128 782 23 22 fä
165 782 35 22 län
215 782 41 22 och
269 782 37 27 jag
321 782 85 22 befarar
421 782 72 26 ocksä,
510 784 33 19 att
557 782 38 22 det
609 782 42 22 kan
662 782 79 27 uppstä
752 788 26 16 en
789 783 114 28 ojämnhet,

80 812 28 22 sä
122 813 34 20 att
170 811 97 21 enskilda
283 811 133 27 menigheter
435 811 41 21 och
491 811 74 21 städer
579 811 70 21 mäste
664 811 34 21 stä
713 810 95 27 tillbaka,
825 812 28 21 dä
868 813 37 21 det

80 840 50 22 icke
152 840 69 21 finnes
241 840 122 26 disponibla
384 839 115 27 tillgängar
521 840 41 20 och
584 840 27 20 dä
627 840 70 21 denna
712 840 194 28 amorteringsfond

80 869 51 21 icke
145 874 76 21 genom
236 868 117 27 upplåning
371 868 91 22 bereder
477 868 32 27 sig
523 868 71 22 medel
609 868 32 21 till
657 867 104 28 utlåning.
793 868 112 23 OÖfverhuf-

82 897 105 27 vudtaget
207 897 69 21 mäste
294 897 37 21 det
346 896 35 22 väl
396 896 40 21 ock
452 902 62 16 anses
530 896 50 26 föga
594 897 84 26 vigtigt,
694 898 33 19 att
741 898 72 20 staten
828 900 77 25 uppta-

82 932 39 21 ger
135 925 36 21 län
188 925 34 21 för
241 925 47 21 sina
303 931 55 20 egna
371 924 71 26 behof,
457 925 78 21 medan
551 925 42 21 den
607 925 39 21 har
661 924 108 28 betydliga
785 925 119 28 tillgångar,

82 955 59 21 samt
155 954 49 21 med
220 953 48 21 dem
283 953 109 22 bedrifver
406 959 26 15 en
448 954 86 24 rörelse,
550 959 45 15 som
610 953 8 21 i
633 952 76 28 själfva
724 954 76 21 verket
811 954 47 22 icke
869 961 36 21 eg-

83 989 40 15 nar
138 982 33 27 sig
193 982 34 21 för
250 982 130 22 densamma.
414 981 42 27 Jag
471 982 70 21 skulle
557 981 71 22 derför
642 981 33 22 för
690 982 42 20 min
748 982 34 22 del
798 984 59 25 sägä,
874 985 33 19 att

84 1017 36 16 om
143 1010 66 22 också
231 1010 47 22 icke
301 1010 263 22 amortissementsfonden
587 1012 24 19 är
631 1010 90 26 skadlig,
737 1010 38 22 det
789 1011 55 21 dock
858 1012 48 22 icke

84 1046 52 16 vore
151 1039 47 22 skäl
213 1041 33 19 att
260 1039 47 22 från
323 1038 143 22 statsverkets
482 1039 46 21 sida
544 1038 147 28 upprätthålla
703 1045 26 15 en
740 1039 68 21 sådan
818 1040 88 27 rörelse,

85 1070 34 20 att
134 1069 41 21 den
190 1068 91 22 sålunda
299 1067 72 22 kunde
390 1067 35 22 väl
441 1067 125 27 disponeras
583 1067 30 21 till
629 1070 70 23 annat,
715 1073 49 16 men
777 1067 38 28 jag
830 1068 76 22 erkän-

85 1104 45 20 ner,
146 1098 33 20 att
191 1097 38 27 jag
244 1096 40 22 har
301 1102 83 15 samma
398 1096 177 27 betänklighetet,
592 1102 45 15 som
653 1096 41 21 den
709 1095 130 27 föregående
853 1098 54 21 tala-

84 1132 40 16 ren
138 1125 49 22 med
202 1125 101 22 afseende
319 1125 12 21 å
346 1124 136 22 innehafvare
498 1125 22 21 af
534 1124 142 27 obligationer
691 1124 32 22 till
738 1124 60 22 lånet
808 1125 22 22 af
844 1127 63 21 1862.

85 1155 43 26 Jag
142 1154 37 21 vill
193 1154 49 21 icke
257 1153 96 23 bestrida
369 1154 43 26 det,
429 1155 32 20 att
476 1154 69 25 nägon
560 1155 49 20 rent
616 1153 94 27 juridisk
720 1152 132 28 förpligtelse
860 1154 48 22 icke

85 1183 112 25 existerar,
213 1188 48 16 men
276 1182 67 22 redan
359 1182 40 21 den
416 1182 195 26 omständigheten,
627 1182 33 20 att
675 1188 27 15 en
716 1181 124 28 förordning
851 1189 57 15 ema-

85 1213 69 24 nerat,
177 1216 47 16 som
246 1210 67 27 gifver
335 1210 64 22 osökt
418 1210 120 27 anledning,
559 1211 32 21 att
605 1209 79 22 fonden
699 1211 64 25 utgör
778 1211 83 25 garanti
876 1211 33 22 för

85 1241 35 21 ett
134 1240 41 26 län,
191 1238 116 22 innefattar
322 1239 7 20 i
344 1239 44 21 viss
403 1245 50 15 mon
469 1244 25 16 en
504 1238 134 28 förpligtelse
648 1240 33 20 att
690 1238 48 22 icke
748 1238 100 23 förändra
857 1240 51 26 den;

85 1274 30 16 en
129 1268 68 21 sådan
213 1268 101 26 ställning
329 1269 24 19 är
368 1268 6 20 i
391 1267 42 21 alla
447 1266 36 22 fall
499 1267 46 21 från
561 1274 26 15 en
603 1268 56 20 stats
675 1266 47 22 sida
737 1268 117 26 grannlaga
869 1268 41 22 och

87 1296 73 22 derför
174 1301 63 23 synes
254 1296 37 21 det
305 1296 49 26 mig,
371 1296 31 21 att
418 1296 37 21 det
469 1295 80 28 förslag
563 1299 45 18 som
625 1295 110 22 eventuelt
749 1295 6 21 i
771 1295 67 23 andra
852 1303 58 15 rum-

86 1327 47 20 met
147 1325 23 21 af
183 1325 165 21 statsutskottet
362 1324 126 26 framstälts,
504 1326 33 19 att
551 1324 90 21 fondens
656 1324 119 26 tillgångar,
790 1324 7 21 i
806 1324 104 23 händelse

87 1353 125 27 utläningen
235 1353 93 20 derifrän
349 1352 116 26 inhiberas,
488 1352 71 21 skulle
573 1351 110 22 användas
698 1351 33 22 för
746 1353 33 20 att
793 1353 117 27 päskynda,

86 1381 75 22 sävidt
175 1382 120 21 detsamma
309 1381 43 21 kan
367 1380 46 26 ske,
430 1381 157 26 amorteringen
602 1379 22 22 af
637 1380 8 20 i
660 1379 61 27 fräga
736 1381 92 20 varande
839 1381 73 27 skuld,

87 1416 54 15 vara
156 1411 33 20 att
203 1409 119 28 föredraga.
351 1408 68 23 Detta
433 1409 76 26 skulle,
524 1409 75 27 tyckes
614 1407 49 28 imig,
680 1414 50 16 vara
741 1408 41 22 den
794 1408 118 30 egentliga-

88 1441 36 20 ste
144 1438 174 27 användningen;
339 1438 41 23 och
398 1438 27 21 dä
438 1438 78 22 fonden
531 1437 90 28 ungefär
635 1438 120 21 motsvarar
769 1437 56 22 hvad
840 1441 72 20 staten

88 1470 26 20 är
137 1468 84 27 skyldig
242 1467 29 28 pä
292 1467 65 26 lånet,
380 1473 51 16 vore
453 1467 38 22 det
510 1473 28 16 en
552 1466 112 28 sjelffallen
679 1466 121 27 anledning.
829 1468 39 22 Att
882 1475 30 16 nu

89 1497 116 27 disponera
227 1497 41 22 den
290 1496 33 23 för
343 1502 42 22 nya
406 1495 90 28 företag,
516 1495 192 28 jernvägsföretag,
728 1495 70 22 skulle
812 1496 40 29 jag
865 1497 48 28 icke

89 1526 59 22 finna
163 1526 82 27 riktigt,
261 1526 28 21 dä
303 1526 38 22 det
353 1526 24 27 ju
392 1525 66 22 lättar
473 1527 83 20 statens
572 1524 102 27 ställning
688 1525 8 20 i
711 1525 33 21 sin
759 1530 50 16 mon
819 1526 41 22 och
874 1526 40 23 hö-
