1073 1720
200 106 56 22 1314
513 105 41 19 Den
566 106 23 17 30
600 104 45 24 Maj.

167 172 68 26 ligare
249 171 40 22 och
304 171 135 22 bestämdare
454 172 84 22 uttalad
553 174 27 19 än
594 170 57 23 hvad
666 176 46 16 som
727 172 25 20 är
766 170 60 22 fallet
835 170 8 22 i
853 170 40 21 den
904 176 28 15 nu
940 169 44 27 gäl-

167 200 65 22 lande
244 200 169 27 lagstiftningen.
442 200 134 27 Jordegaren
590 200 40 22 har
644 200 107 26 nämligen
766 199 121 21 tillerkänts
901 204 27 16 en
936 198 49 22 skä-

167 229 31 27 lig
213 228 61 27 afgift
287 228 34 22 för
335 229 150 27 begagnandet
500 229 23 21 af
535 229 53 21 hans
602 228 50 28 jord
667 228 39 22 och
721 228 69 27 grund
803 227 55 22 ifrån
865 226 82 28 början,
958 226 29 22 då

168 258 123 26 anspråken
312 258 64 25 göras
398 257 29 27 på
441 258 34 20 att
493 257 103 22 bearbeta
611 258 70 25 någon
695 256 111 28 fyndighet
820 256 28 27 på
863 256 52 21 hans
929 255 59 27 jord,

169 286 42 22 och
228 286 123 21 sedermera
365 286 40 22 har
419 286 66 22 också
499 286 8 20 i
522 286 63 27 öfrigt
600 286 53 21 hans
668 286 91 21 intresse
769 284 69 22 blifvit
847 284 141 28 tillgodosedt

167 314 62 22 äfven
242 314 46 27 just
302 314 7 22 i
325 315 40 21 den
380 315 69 26 punkt
463 320 46 16 som
524 314 50 22 herr
588 314 124 28 Furuhjelm
727 313 122 26 framhållit,
862 312 125 28 nämligen
976 308 14 38 i

167 343 76 27 frågan
266 348 34 16 om
321 343 130 27 sjömalmen.
485 343 96 22 Sålunda
595 343 89 21 innebär
698 342 243 27 författningsförslaget
955 342 32 20 ett

167 372 86 27 mycket
268 373 55 19 stort
337 371 109 27 framsteg,
461 378 49 15 men
523 372 37 27 jag
575 372 37 21 vill
627 374 103 19 annotera
745 371 55 21 hvad
815 370 73 22 dervid
899 370 87 22 erkänts

169 402 34 19 att
215 406 49 16 man
278 399 71 22 funnit
363 400 33 26 sig
410 400 121 22 föranlåten
546 402 34 20 att
589 400 76 27 frångå
675 399 234 27 inmutningsväsendet
919 398 34 22 till
960 404 27 16 en

168 428 122 26 väsendtlig
305 428 41 27 del,
362 429 108 26 nämligen
483 429 46 27 just
543 429 7 20 i
566 429 101 21 afseende
682 429 13 20 å
711 428 26 21 de
751 428 121 22 mineralier
887 433 46 16 som
943 427 43 26 sjö-

167 463 53 16 arne
233 457 115 21 innehålla.
377 457 42 26 Jag
433 457 68 22 finner
516 457 37 22 det
567 457 86 27 mycket
667 456 98 29 lämpligt
779 458 32 19 att
826 456 111 21 utsträcka
951 461 36 16 an-

167 485 135 26 vändningen
318 485 23 21 af
354 491 81 16 samma
449 486 70 21 tanke.
549 485 42 28 Jag
606 486 39 21 har
659 485 33 22 för
707 486 42 21 min
766 485 34 21 del
809 485 58 21 velat
876 486 59 26 yttra
944 484 43 27 mig

166 513 35 22 för
216 515 33 20 att
263 515 7 20 i
285 513 26 22 så
325 513 68 22 måtto
408 521 110 15 reservera
533 515 44 26 mig
592 516 58 20 emot
665 515 41 20 den
721 520 41 21 nya
769 513 217 27 lagstiftningsätgär-

168 543 49 25 den,
233 544 33 19 att
278 543 37 25 jag
331 548 63 15 anser
408 545 33 19 att
456 543 134 26 lagstiftaren
604 543 49 21 icke
668 543 74 26 längre
757 542 68 21 borde
839 544 65 18 vänta
913 542 34 21 för
955 543 32 19 att

167 573 53 24 taga
234 572 71 25 steget
320 570 49 21 fullt
383 572 25 19 ut
422 570 40 22 och
478 571 127 21 tillerkänna
617 571 130 27 jordegaren
763 570 40 22 och
813 576 78 20 egaren
899 570 23 21 af
930 572 57 19 vatt-

168 600 38 20 net
227 598 125 27 fullständig
370 600 45 20 rätt
433 599 33 21 till
483 600 154 22 mineralierna.
667 600 47 21 Den
730 599 55 22 enda
800 598 96 22 hållbara
911 598 75 27 grund,

168 628 29 26 på
219 627 84 21 hvilken
325 633 48 15 man
396 627 58 22 velat
472 629 63 21 stöda
550 628 209 26 inmutningsrätten,
776 629 23 20 är
813 629 33 19 att
861 627 41 21 den
917 626 70 22 skulle

168 655 101 22 befordra
283 656 133 27 upptäckten
431 656 22 21 af
467 656 210 27 mineraltillgängar.
707 657 76 21 Denna
797 655 69 27 grund
881 657 25 19 är
916 662 29 14 nu
955 655 33 21 uti

168 685 49 21 vårt
232 684 60 22 sekel
306 684 49 22 icke
369 690 59 16 mera
443 685 89 27 hållbar,
549 692 33 15 om
598 686 37 20 det
651 684 61 22 äfven
727 685 42 21 kan
785 684 112 26 erkännas,
906 685 33 20 att
948 690 39 16 un-

169 713 39 21 der
222 712 117 28 förgångna
354 713 55 21 tider
425 714 69 21 denna
507 714 36 22 fri-
559 714 40 22 och
615 714 104 26 rättighet
727 716 33 19 att
767 714 88 26 tillegna
865 713 32 27 sig
907 713 82 21 sådana

168 742 91 21 föremål
280 742 29 26 på
331 742 77 21 andras
430 743 61 21 mark
505 743 41 21 och
560 742 103 22 bearbeta
679 742 48 22 dem
742 742 39 22 har
795 742 83 21 kunnat
893 741 96 22 medföra

169 772 33 20 ett
217 770 183 27 tillgodogörande
415 770 23 22 af
450 771 84 22 landets
550 771 127 27 tiillgångar,
693 771 82 22 hvilket
791 771 54 22 dock
860 770 43 22 kan
919 772 68 20 sättas

168 799 8 21 i
196 798 63 27 fråga
279 800 50 20 med
344 799 100 22 afseende
460 800 13 20 å
487 800 57 22 hvad
559 807 46 15 som
620 800 100 22 anfördes
736 802 79 24 senast,
831 801 32 20 att
881 799 4 21 i
901 799 87 27 Sverige

168 827 47 22 före
231 828 40 21 den
287 828 31 21 tid
331 828 262 28 inmutningsrättigheten
603 829 120 21 existerade
733 828 26 22 de
766 828 63 23 flesta
836 828 105 26 bergverk
949 828 40 21 och

170 855 87 27 grufvor
272 856 129 27 uppkommo
416 859 51 19 utan
484 858 70 21 denna
569 858 106 21 stimulus.
691 858 43 21 Det
749 860 23 18 är
787 859 32 19 ett
826 856 113 22 historiskt
946 856 43 21 för-

168 884 102 21 hållande
293 890 46 16 som
361 885 48 21 icke
431 885 62 22 torde
514 886 76 27 jäfvas.
620 887 71 20 Jämte
707 886 36 22 det
756 886 37 27 jag
807 886 58 21 velat
879 885 110 21 framhälla

168 913 67 21 dessa
250 913 57 22 mina
321 913 78 22 tankar
413 913 7 22 i
436 914 73 26 saken,
525 915 69 21 skulle
607 915 37 27 jag
659 914 27 21 be
700 914 7 21 i
723 914 116 21 allmänhet
848 916 61 25 taget
919 913 22 21 få
950 919 39 15 un-

170 942 104 21 derstöda
287 942 118 21 utskottets
426 942 136 23 betänkande
581 943 160 22 förbehållande
760 943 43 26 mig
818 945 32 19 att
864 943 8 21 i
887 941 104 22 händelse

168 971 38 26 jag
227 969 68 22 finner
309 971 114 27 anledning
444 971 76 26 dertill,
536 974 39 19 när
589 972 153 26 förtattningen
757 971 131 27 paragrafvis
904 976 86 21 genom-

172 999 47 27 gås,
235 998 118 22 framställa
368 1000 26 20 de
409 1000 123 26 erinringar,
548 1001 85 20 hvartill
648 1000 47 21 skäl
709 1000 73 21 kunna
796 999 137 22 förekomma.

238 1027 98 27 Frikerre
357 1027 99 23 Linder
484 1028 60 27 afgaf
563 1028 94 28 följande
685 1029 109 27 yttrande:
823 1028 86 22 Tvänne
933 1027 58 22 inom

173 1055 164 23 samhällslifvet
354 1056 80 28 vigtiga
448 1057 108 27 principer
570 1057 65 22 hafva
649 1058 55 21 varit
718 1057 8 21 i
739 1057 67 27 fråga,
821 1056 120 28 kämpande
956 1062 35 16 om

173 1084 132 27 öfvervigten
327 1086 50 20 med
399 1086 126 21 hvarandra.
559 1086 48 21 Den
630 1093 39 15 ena
692 1088 24 20 är
737 1086 164 27 eganderättens
911 1085 78 27 helgd,

170 1113 43 21 den
229 1113 67 21 andra
311 1115 24 19 är
351 1114 100 21 behofvet
465 1114 33 22 för
513 1115 232 21 nationalrikedomens
766 1114 127 26 utveckling,
909 1120 45 15 som
970 1114 23 20 af

172 1141 83 28 hinder,
270 1142 65 26 lagde
355 1142 96 22 deremot
467 1143 22 21 af
503 1143 41 21 den
559 1143 102 26 enskilde,
678 1144 47 21 icke
740 1143 67 21 borde
814 1142 21 22 få
843 1143 85 21 hindras
943 1142 48 22 isin

172 1170 125 26 utveckling
311 1170 52 22 eller
377 1171 102 22 hämmas.

240 1198 43 22 För
304 1199 44 21 min
363 1199 34 21 del
415 1206 63 15 anser
495 1200 38 27 jag
549 1200 54 21 dock
619 1200 83 26 egande
716 1201 83 20 rättens
814 1200 64 26 helgd
894 1206 51 15 vara
959 1199 33 22 för

172 1227 115 21 samhället
301 1227 24 21 af
339 1234 25 14 en
379 1228 86 26 mycket
479 1230 70 20 större
565 1228 116 27 betydelse,
698 1228 40 22 och
753 1234 36 15 ser
801 1228 37 27 jag
847 1228 49 21 med
907 1228 84 26 fägnad,

173 1257 33 18 att
220 1256 7 19 i
243 1256 37 20 det
294 1262 29 14 nu
337 1255 118 26 framlagda
471 1257 146 20 betänkandet
631 1257 123 20 densamma
761 1263 59 14 mera
828 1256 69 21 blifvit
904 1256 88 26 respek-

173 1283 63 20 terad
251 1285 27 19 än
292 1283 61 21 fallet
367 1284 55 20 varit
437 1284 31 21 uti
479 1284 98 21 hitintills
585 1284 98 26 gällande
692 1284 59 21 äldre
758 1284 155 26 författningar,
925 1284 68 21 ehuru

174 1312 73 25 steget
269 1313 56 19 ännu
348 1311 18 27 ej
383 1311 68 21 blifvit
471 1311 49 22 fullt
535 1313 91 24 uttaget,
641 1313 100 26 möjligen
757 1311 76 26 derför,
850 1314 32 19 att
897 1312 41 21 den
954 1312 38 22 all-

174 1341 78 20 männa
265 1340 114 26 meningen
395 1341 57 20 ännu
468 1341 18 26 ej
506 1343 24 18 är
550 1346 77 21 mogen
643 1341 76 21 derför.
749 1341 10 21 1
774 1340 68 22 likhet
856 1340 49 22 med
920 1347 26 16 en
961 1339 32 24 fö-

174 1368 108 27 regående
305 1369 52 21 ärad
379 1369 69 21 talare
470 1369 71 22 helsar
553 1370 38 27 jag
606 1369 61 22 äfven
682 1370 8 21 i
705 1370 37 21 det
756 1369 61 22 fallet
830 1369 103 27 förslaget
947 1369 45 22 väl-

175 1398 102 25 kommet,
293 1397 55 22 dock
362 1397 57 22 blott
433 1398 72 21 såsom
521 1400 32 19 ett
568 1398 141 27 öfvergående
725 1399 83 21 sådant.
823 1398 34 21 Då
871 1405 29 14 nu
915 1399 78 21 inmut-

174 1425 136 26 ningsrätten
333 1425 68 22 blifvit
422 1426 8 21 i
452 1427 57 21 vissa
531 1427 37 22 fall
590 1427 121 22 bibehållen
734 1427 51 26 deri,
809 1433 35 16 om
865 1427 42 22 ock
928 1428 66 26 något

175 1454 114 22 inskränkt
310 1457 45 20 mot
375 1455 56 22 hvad
445 1454 58 23 förut
517 1456 56 22 varit
584 1455 69 27 fallet,
669 1456 233 23 öfverensstämmande
917 1456 77 22 sådant

175 1483 50 21 med
247 1482 56 22 hvad
325 1483 62 22 äfven
409 1484 7 20 i
438 1484 48 21 vårt
503 1485 103 26 granland
622 1484 87 27 Sverige
724 1485 73 27 yrkats
812 1485 23 21 af
847 1484 91 27 mången
953 1485 41 21 och

176 1511 66 21 bland
256 1514 67 19 annat
337 1512 23 22 af
373 1513 40 21 den
429 1512 22 22 af
464 1512 232 28 bergshandteringens
716 1516 79 19 vänner
810 1513 33 22 för
857 1519 81 16 samma
952 1513 43 22 frå-
