1078 1717
200 116 54 20 1372
517 113 42 18 Den
571 113 10 17 2
594 112 49 19 Juni.

171 181 24 19 är
210 184 87 16 snarare
318 180 32 20 ett
367 178 98 27 baksteg,
481 180 22 25 ty
518 178 52 22 flere
585 178 101 25 ärenden,
702 183 46 16 som
763 177 23 21 af
798 177 130 21 kommunen
942 176 47 22 fritt

170 207 41 21 och
226 206 146 28 sjelfständigt
386 207 83 21 kunnat
483 206 92 26 afgöras,
583 206 71 22 skulle
665 206 67 26 enligt
742 206 61 21 detta
812 205 81 27 förslag
902 205 87 22 komma

169 236 34 20 att
217 235 53 21 bero
284 235 29 27 på
331 236 145 26 guvernörens
491 234 156 22 fastställande.
677 234 67 21 Detta
759 236 25 19 är
798 233 85 23 således
899 233 48 22 icke
963 239 27 16 en

169 263 132 27 utvidgning,
318 264 37 21 det
370 265 24 19 är
408 263 57 22 blott
479 263 8 21 i
502 263 126 21 territorialt
643 261 107 25 afseende,
767 268 46 15 som
823 268 49 16 man
882 262 43 21 kan
936 264 54 25 säga

169 294 34 20 att
216 292 111 27 principen
342 292 107 27 tillämpas
464 292 29 26 på
508 293 33 20 ett
555 291 113 27 utvidgadt
683 293 51 19 sätt.
764 291 51 21 Man
829 290 103 22 behöfver
942 290 48 23 icke

169 320 65 22 hafva
248 320 26 22 så
287 326 57 21 noga
359 322 44 19 satt
418 320 33 26 sig
466 320 22 21 in
502 320 8 21 i
525 320 147 22 betänkandet
685 320 33 21 för
732 321 34 20 att
775 320 85 21 komma
869 318 121 23 underfund

170 349 49 22 med
240 351 32 19 att
290 349 94 26 länsting
403 349 76 21 endast
497 348 39 22 och
557 348 91 22 allenast
666 348 7 21 i
688 348 82 22 sådana
785 347 77 28 frågor,
879 354 47 16 som
940 350 51 20 röra

170 378 63 22 deras
248 377 47 22 inre
310 377 146 27 organisation
472 377 63 21 hafva
550 376 128 23 beslutande
693 378 53 25 rätt;
762 377 8 21 i
785 376 42 22 alla
842 376 69 28 öfriga
921 377 70 22 måste

168 407 134 26 guvernören
316 405 110 23 fastställa
439 406 79 21 beslut.
548 406 50 22 Men
613 406 111 21 dessutom
740 407 24 19 är
779 405 112 27 uppgiften
905 405 34 21 för
949 406 41 21 den

168 440 57 21 unga
239 434 152 22 institutionen
406 434 71 22 alltför
492 434 98 27 generelt
604 434 109 22 utkastad.
743 434 42 26 Jag
799 434 68 22 finner
882 434 66 22 också
958 436 34 20 att

167 463 51 21 hela
240 462 70 23 denna
331 463 122 21 institution
475 464 24 20 är
519 463 42 21 död
577 462 58 26 född,
652 462 8 22 i
674 462 105 22 händelse
794 462 41 22 den
850 462 48 22 icke
913 465 78 24 genast

168 491 48 21 från
231 491 75 27 början
322 491 40 21 har
377 491 67 27 något
459 492 33 20 att
507 491 74 21 skaffa.
612 490 78 22 Derför
704 491 70 21 måste
790 491 67 27 enligt
872 491 42 21 min
926 491 65 21 tanke

167 525 78 21 genom
265 520 81 26 speciel
364 519 134 27 lagstiftning
513 520 82 21 sådana
609 519 160 27 bestämningar
783 520 57 21 inom
856 519 98 21 området
971 519 22 21 af

169 548 42 21 den
226 548 139 22 ekonomiska
380 547 161 27 lagstiftningen
556 548 86 26 förutgå
655 548 52 21 eller
718 554 40 20 ega
767 554 53 20 rum,
831 553 77 21 genom
919 548 73 21 hvilka

168 582 50 16 man
232 576 43 22 kan
290 576 55 22 ifrån
361 577 27 21 de
403 576 155 27 myndigheter,
568 582 47 16 som
629 582 29 16 nu
674 575 122 23 handhafva
811 578 32 20 ett
858 576 52 22 eller
926 578 66 20 annat

167 605 88 27 ärende,
278 604 105 23 öfverläta
405 604 110 22 desamma
536 605 33 21 till
591 605 129 26 länstingen.
752 604 29 22 Sä
801 607 24 19 är
840 605 37 21 det
892 607 57 19 ännu
965 611 27 16 en

168 633 167 27 omständighet,
351 640 53 20 som,
418 634 37 26 jag
471 640 68 20 anser,
557 635 24 19 är
597 633 63 27 högst
674 633 117 27 betänklig.
815 634 44 21 Det
869 635 24 20 är
904 634 43 26 det,
958 635 34 20 att

167 662 89 22 ständet
271 662 43 21 -vid
337 662 69 22 denna
428 662 103 27 landtdag
553 662 95 24 beslutit,
668 664 32 18 att
720 662 41 21 den
777 662 68 26 andel,
861 662 131 22 kommunen

167 690 85 22 härtills
272 690 88 28 ätnjutit
379 690 24 22 af
420 690 194 27 bränvinsmedlen,
635 690 76 26 skulle,
727 690 7 21 i
750 690 103 22 händelse
868 690 123 27 länstingen

167 719 132 26 godkännes,
320 718 84 22 tillfalla
422 719 127 27 länstingen.
580 719 35 21 Nu
635 721 23 19 är
678 719 38 21 det
735 719 118 21 emellertid
868 719 74 26 kändt,
958 721 34 19 att

169 747 65 21 dessa
248 747 172 21 bränvinsmedel
435 747 8 20 i
459 747 26 21 de
500 747 63 21 flesta
578 747 37 21 fall
631 746 65 22 blifva
712 746 23 22 af
749 748 128 21 kommunen
893 748 99 21 använda

167 774 35 22 för
220 775 152 26 folkskolorna,
392 775 39 21 och
449 776 38 26 jag
507 778 23 18 är
548 774 125 28 öfvertygad
689 781 41 20 om,
746 777 33 19 att
793 775 52 22 flere
860 776 63 22 tiotal
938 776 54 21 folk-

167 803 74 22 skolor
259 804 72 21 skulle
350 805 8 19 i
372 804 74 20 landet
461 806 90 24 stängas
567 804 42 21 den
624 804 48 26 dag,
688 804 28 20 dä
730 804 74 26 frägan
820 810 34 15 om
868 804 124 27 länstingen

167 831 71 23 blefve
253 832 42 26 lag.
325 832 43 26 Jag
381 832 38 21 vill
433 831 33 22 för
477 832 64 26 öfrigt
555 832 8 20 i
579 832 38 21 allt
632 834 72 23 annat,
715 832 78 21 utom
784 827 9 36 i
804 832 37 21 det
848 832 38 27 jag
896 833 36 21 vid
942 833 48 21 bör-

165 860 39 27 jan
222 859 23 23 af
262 860 49 22 mitt
330 860 136 26 andragande
485 860 106 26 framhöll,
607 860 74 21 förena
696 860 42 26 mig
753 860 8 21 i
776 860 56 22 hvad
847 861 42 21 den
904 862 88 21 senaste

167 888 67 22 ärade
250 888 85 22 talaren
350 888 91 28 yttrade,
458 889 41 21 och
513 889 28 21 dä
552 888 39 28 jag
605 889 96 26 benäget
716 888 43 22 fätt
774 889 34 21 del
824 888 21 22 af
860 890 42 21 den
911 889 81 22 formu-

167 917 70 27 lering
251 917 51 21 herr
316 923 42 16 von
373 916 86 22 Alfthan
475 916 117 28 föreslagit,
603 917 65 21 innan
679 916 151 23 diskussionen
840 918 8 21 i
859 918 61 22 detta
930 920 62 20 ämne

167 946 100 26 begynte,
288 946 25 21 sä
332 946 40 21 ber
386 946 35 26 jag
434 947 33 20 att
481 946 8 21 i
504 946 41 21 allo
561 946 22 21 fä
597 945 109 28 tillstyrka
721 946 70 22 denna
805 945 139 28 formulering
959 947 33 21 till

167 974 79 22 beslut.

236 1002 56 22 Herr
306 1002 184 28 Montgomery:
505 1002 42 27 Jag
562 1004 47 20 tror
622 1002 34 22 för
670 1002 44 22 min
729 1002 35 22 del
779 1004 32 20 att
827 1004 36 21 det
877 1003 49 22 icke
941 1010 51 16 vore

169 1030 233 22 öfverensstämmande
421 1031 49 21 med
491 1031 36 21 det
547 1031 66 21 allvar
628 1030 41 22 och
685 1031 41 21 den
742 1031 172 27 betänksamhet,
930 1032 62 22 hvar-

167 1059 50 21 med
232 1065 42 21 nya
288 1060 62 26 lagar
365 1058 40 22 och
420 1066 41 20 nya
476 1059 147 22 institutioner
638 1059 53 21 böra
705 1059 94 27 pröfvas,
814 1060 65 21 innan
895 1060 27 22 de
936 1060 56 22 info-

168 1093 38 21 gas
229 1088 33 21 uti
283 1088 67 21 raden
375 1086 22 23 af
418 1088 275 26 samhällsinrättningarna
715 1088 40 21 hos
776 1089 32 21 ett
827 1088 51 26 folk,
895 1094 47 16 som
956 1089 36 21 vill

167 1118 159 25 samvetsgrant
341 1116 146 26 upprätthålla
503 1116 41 22 den
559 1116 90 26 ordning
665 1116 37 21 det
717 1122 27 16 en
760 1117 56 27 gång
832 1117 84 27 skapat,
933 1117 7 21 i
955 1117 37 21 fall

167 1151 36 19 nu,
223 1143 47 23 från
289 1144 102 22 Finlands
407 1144 100 22 ständers
523 1145 53 25 sida,
593 1145 61 21 detta
668 1144 116 27 lagförslag
799 1145 71 21 blefve
885 1146 107 27 upphöjdt

167 1173 34 21 till
219 1172 42 26 lag.
290 1172 42 28 Jag
351 1178 64 16 anser
434 1172 43 28 mig
496 1173 48 21 icke
563 1178 117 16 resonnera
697 1173 57 21 blott
770 1173 41 22 och
825 1174 50 21 bart
889 1173 33 22 för
938 1180 54 21 egen

167 1201 42 26 del,
225 1203 52 20 utan
292 1203 46 19 tror
352 1201 44 27 mig
411 1201 70 21 uttala
495 1202 73 26 nägot,
585 1207 46 15 som
645 1201 43 21 kan
698 1201 64 21 träffa
773 1202 22 21 in
804 1202 29 27 pä
843 1202 77 27 mänga
931 1202 59 22 med-

167 1230 89 22 lemmar
270 1230 49 21 icke
335 1230 57 21 blott
406 1230 23 21 af
443 1230 61 21 detta
518 1229 65 22 ständ
594 1230 56 21 utan
666 1229 22 22 af
701 1230 202 27 representationen
917 1231 8 21 i
940 1231 50 22 dess

166 1258 80 26 helhet,
267 1258 28 21 dä
312 1258 38 26 jag
369 1260 64 24 säger
453 1260 32 18 att
505 1259 72 20 hvilka
592 1259 116 25 sympatier
722 1258 54 21 eller
790 1259 101 26 möjligen
906 1260 84 26 antipa-

165 1286 50 26 tier,
230 1292 50 15 man
294 1287 27 19 än
336 1286 44 21 kan
394 1286 54 26 hysa
463 1285 33 22 för
511 1286 70 21 denna
595 1285 123 27 föreslagna
732 1286 129 27 institution,
878 1288 24 20 är
916 1288 74 21 omdö-

166 1315 45 20 met
229 1314 49 22 icke
296 1313 80 28 färdigt
394 1314 41 21 hos
451 1315 32 20 ett
497 1314 107 27 betydligt
618 1314 76 21 mertal
709 1314 7 21 i
732 1315 207 27 representationen,
952 1316 39 27 jag

166 1344 90 26 antager
278 1342 40 22 hos
340 1343 43 21 alla
406 1342 55 27 dem,
485 1349 46 15 som
550 1343 48 21 icke
617 1343 56 22 varit
689 1343 7 21 i
712 1342 84 23 tillfälle
811 1345 33 20 att
858 1344 7 21 i
880 1345 110 21 utskottet

166 1371 88 27 deltaga
268 1372 8 20 i
292 1372 101 21 ärendets
409 1371 137 27 behandling.
578 1371 41 23 Om
633 1378 49 15 man
697 1373 106 25 granskar
817 1373 120 22 utskottets
952 1374 38 21 be-

166 1400 116 27 tänkande,
299 1400 25 22 sä
338 1400 69 22 finner
421 1406 56 21 man,
493 1402 33 20 att
541 1400 58 22 inom
613 1401 109 21 utskottet
736 1401 8 21 i
759 1401 105 22 afseende
874 1402 14 22 å
898 1402 28 22 de
936 1402 52 22 allra

166 1429 115 27 vigtigaste
303 1429 122 27 punkterna
447 1429 90 27 stridiga
559 1430 80 27 äsigter
658 1429 64 22 hafva
739 1430 98 27 uttalats,
853 1431 41 22 och
908 1433 34 20 att
955 1433 33 20 ut-

166 1458 94 22 skottets
283 1458 138 22 betänkande
443 1458 8 21 i
473 1458 32 22 sin
525 1458 74 22 helhet
614 1458 96 27 äterigen
725 1458 8 22 i
748 1459 85 28 mycket
848 1459 81 29 vigtiga
944 1466 44 16 om-

165 1486 156 27 ständigheter,
342 1487 29 27 ja,
392 1487 38 27 jag
452 1486 73 22 kunde
543 1489 59 24 säga,
618 1487 8 21 i
641 1487 115 27 organiska
772 1488 59 22 delar
846 1488 82 22 afviker
942 1489 46 21 frän

166 1515 41 22 den
224 1515 80 27 nådiga
322 1515 167 28 propositionen.
520 1515 113 23 Utskottet
648 1515 39 22 har
702 1516 67 22 också
784 1516 58 28 sjelft
857 1517 82 27 erkänt,
956 1519 32 20 att
