1078 1714
199 120 54 22 1382
503 118 42 18 Den
557 120 10 16 2
580 118 50 19 Juni.

170 184 88 23 område
273 190 47 16 som
339 184 108 22 utskottet
466 183 111 28 föreslagit
594 184 72 22 kunde
681 184 124 22 förvärfvas.
836 184 50 22 Man
901 184 40 22 har
955 191 38 21 ge-

168 219 50 16 nom
234 215 79 25 sägner
327 212 42 22 fått
384 213 98 26 kunskap
499 219 34 15 om
549 215 32 19 att
598 214 53 20 1826
668 212 26 22 de
709 213 80 21 norska
803 213 190 22 kommissarierne

169 242 56 21 hade
241 241 100 22 vilseledt
361 242 41 20 den
421 241 65 27 ryska
501 241 168 26 kommissarien,
686 246 46 16 som
748 242 27 21 då
789 241 56 21 hade
861 243 33 19 att
908 242 84 27 reglera

170 272 99 24 gränsen,
290 270 41 21 och
353 269 106 27 uppgifvit
478 276 27 15 en
524 270 50 21 vida
590 269 101 26 ostligare
710 270 30 21 elf
753 270 72 21 såsom
841 270 41 22 den
896 270 96 28 verkliga

170 298 82 22 Jakobs
275 298 35 22 elf.
340 298 48 22 Den
407 298 96 26 verkliga
521 298 84 21 Jakobs
625 297 30 22 elf
673 298 70 22 skulle
758 298 63 21 hafva
837 298 38 22 sitt
889 298 103 22 utflöde
981 293 15 35 i

168 326 201 28 Warangerfjorden
385 326 40 22 och
441 326 32 21 dit
489 326 52 21 eller
555 326 32 21 till
603 326 201 27 Warangerfjorden
819 326 63 22 hafva
893 326 99 23 finnarne

170 354 47 22 haft
231 355 106 26 tillträde;
353 360 47 16 men
414 354 55 22 huru
484 354 89 22 härmed
583 354 35 22 må
626 354 90 22 förbålla
724 355 35 27 sig
765 355 43 21 kan
818 361 49 15 man
877 355 48 22 icke
933 358 61 25 säga.

238 384 57 21 Herr
309 389 42 16 von
365 382 123 22 Alfthans
504 382 81 28 förslag
599 382 45 22 blef
657 383 48 22 icke
720 384 130 21 understödt
860 384 40 22 och
908 384 85 22 utskot-

170 413 44 21 tets
229 412 138 22 betänkande
383 412 133 26 godkändes.

239 526 101 24 Härefter
361 528 49 26 togs
430 527 68 21 under
517 526 74 27 slutlig
605 526 99 27 pröfning
720 527 27 21 de
761 527 36 22 vid
813 528 180 21 sammanträdete

170 559 77 28 början
266 556 129 26 föredragna
418 555 40 22 och
480 555 32 21 till
535 555 49 21 dess
601 555 44 21 slut
660 555 119 27 bordlagda
794 557 78 21 tvänne
887 563 106 15 samman-

168 584 234 31 jämkningsförslagen
417 583 54 22 ifrån
487 583 165 22 statsutskottet
666 584 118 26 nämligen:

238 615 11 22 I
264 613 115 27 anledning
401 613 22 21 af
445 612 26 21 de
487 612 122 27 skiljaktiga
628 612 77 26 beslut,
722 613 59 21 hvari
797 613 92 22 stånden
905 615 87 20 stannat

168 644 36 21 vid
220 642 156 26 behandlingen
393 641 22 21 af
429 641 174 21 statsutskottets
615 641 136 21 betänkande
762 647 33 15 n:o
807 643 12 20 9
831 642 110 26 angående
950 642 42 21 den

169 673 25 21 af
206 670 221 27 finansexpeditionen
450 669 78 27 afgifna
543 669 117 21 relationen
676 675 34 15 om
726 670 142 22 statsverkets
883 670 109 27 tillstånd;

168 703 58 20 samt

237 729 7 21 i
259 728 115 26 anledning
389 726 22 21 af
424 725 79 27 nådiga
517 726 173 27 propositionens
706 726 110 27 angående
832 727 74 26 anslag
921 727 23 21 af
952 727 38 22 be-

168 758 98 26 villnings
281 756 70 22 medel
366 755 33 22 för
413 754 158 21 folkskolornas
586 754 8 21 i
604 754 74 21 landet
688 755 112 22 underhåll
812 757 55 20 samt
876 756 114 27 pensione-

168 787 47 25 ring
230 785 23 22 af
267 785 41 22 den
323 785 35 21 vid
374 784 64 21 dessa
453 783 72 21 skolor
540 783 99 21 anstälda
654 783 178 27 lärarepersonal.

236 814 62 21 Båda
313 813 65 22 dessa
399 811 299 27 sammanjämkningsförslag
713 811 70 23 blefvo
800 812 22 21 af
836 812 87 22 ståndet
938 814 52 20 utan

169 842 123 23 diskussion
311 840 120 29 godkända.

235 948 57 23 Ifrån
312 948 165 22 statsutskottet
495 950 56 21 hade
569 948 111 23 inkommit
695 949 40 21 och
751 948 110 27 föredrogs
878 954 27 16 nu
921 954 27 16 en
964 949 26 21 sä

166 978 93 28 lydande
274 977 122 22 skrifvelse:
686 981 3 3 :
926 1003 3 1 N

236 1006 70 22 Sedan
329 1006 25 21 R.
378 1011 19 15 o.
412 1005 33 26 A.,
459 1006 163 26 presteständet
641 1005 40 22 och
696 1004 180 28 borgareständet
891 1006 99 26 godkänt

167 1035 176 21 statsutskottets
366 1034 137 22 betänkande
525 1041 34 15 n:o
583 1036 13 19 8
618 1035 7 20 i
648 1034 114 26 anledning
778 1033 22 22 af
814 1034 177 26 borgarständets

166 1063 157 26 framställning
339 1068 34 16 om
389 1062 138 22 bestridande
543 1063 22 21 af
578 1064 27 21 de
615 1063 99 25 arvoden,
726 1068 47 16 som
784 1062 55 22 efter
846 1062 145 28 landtdagens

166 1091 123 22 afslutande
304 1091 119 21 tillkomma
438 1092 143 26 expeditions-
593 1092 40 21 och
641 1091 243 27 justeringsutskottens
893 1092 97 21 ledamö-

165 1122 40 25 ter,
221 1120 48 22 med
286 1120 107 21 allmänna
411 1120 77 24 medel,
509 1126 48 15 men
575 1120 159 22 bondeständet
748 1119 107 21 förkastat
869 1120 67 26 sagda
952 1120 39 21 be-

165 1149 110 21 tänkande
297 1149 62 25 samt,
381 1148 91 21 oaktadt
491 1149 68 21 skedd
574 1148 131 27 inbjudning,
721 1147 106 22 vidblifvit
841 1147 39 22 sitt
894 1148 73 22 beslut
982 1148 8 21 i

166 1178 73 25 saken,
256 1176 25 22 sä
295 1176 33 22 fär
343 1177 165 21 statsutskottet
523 1178 7 20 i
541 1177 101 21 afseende
654 1177 12 21 ä
676 1176 87 27 frägans
775 1176 87 26 slutliga
872 1176 119 27 afgörande

164 1206 33 20 till
212 1206 26 20 R.
254 1211 19 15 o.
288 1205 38 21 A:s
342 1204 157 27 godkännande
514 1205 120 22 framställa
644 1205 93 27 följande
746 1204 244 28 omröstningsproposi-

164 1234 46 22 tion
224 1234 33 21 till
271 1233 105 22 förstärkt
391 1234 152 22 statsutskott:

233 1278 10 10 »
247 1262 130 26 Godkänner
384 1262 118 20 förstärkta
509 1263 108 20 utskottet
628 1262 177 21 statsutskottets
815 1262 128 20 betänkande
954 1268 37 14 n:o

165 1290 24 21 8?
204 1290 47 21 Den
263 1290 36 21 det
315 1290 44 26 gör,
375 1296 74 15 svarar
459 1290 35 26 ja;
510 1290 74 21 vinner
593 1290 40 27 nej,
650 1296 62 15 anses
723 1289 77 26 frågan
808 1289 63 22 hafva
880 1289 110 21 förfallit.*

232 1318 75 22 Under
321 1318 156 26 förutsättning
495 1320 32 19 att
543 1318 153 22 ofvanstäende
710 1317 280 28 omröstningsproposition

164 1346 22 23 af
199 1347 25 22 R.
241 1353 19 16 o.
275 1347 25 22 A.
317 1347 132 27 godkännes,
465 1346 33 23 fär
508 1348 166 21 statsutskottet
684 1346 125 27 härigenom
816 1347 110 22 vördsamt
933 1352 56 22 upp-

163 1383 64 15 mana
248 1377 26 21 R.
298 1383 18 14 o.
332 1377 25 21 A.
373 1378 34 20 att
421 1379 50 19 utse
493 1375 54 23 elfva
561 1377 138 22 medlemmar
713 1375 33 22 för
761 1377 34 21 att
807 1376 67 28 jämte
890 1376 98 22 ständets

163 1405 58 22 förut
235 1405 63 22 valde
314 1404 46 29 fyra
375 1405 140 22 medlemmar
525 1405 7 22 i
543 1405 165 23 statsutskottet
717 1404 34 23 för
761 1405 100 22 ärendets
872 1405 119 27 afgörande

164 1433 58 23 bilda
244 1434 105 22 förstärkt
368 1435 151 26 statsutskott;
545 1435 40 22 och
600 1435 62 21 torde
677 1435 24 21 R.
718 1440 20 15 o.
753 1434 25 22 A.
795 1434 68 22 tillika
878 1436 49 20 utse
942 1433 48 29 fyra

162 1463 34 22 för
212 1464 38 26 att,
265 1463 8 21 i
288 1463 104 22 händelse
408 1463 23 21 af
444 1462 76 27 förfall,
536 1464 85 21 inträda
637 1463 6 22 i
660 1463 37 22 det
711 1463 119 22 förstärkta
844 1463 115 22 utskottet.

231 1492 11 21 I
257 1491 38 22 fall
310 1492 178 21 statsutskottets
504 1491 154 23 ofvanstäende
673 1492 81 26 förslag
761 1492 74 21 vinner
843 1492 25 21 R.
879 1498 19 15 o.
909 1492 37 21 A:s
957 1492 31 21 bi-

163 1519 44 28 fall,
213 1520 68 22 kallas
291 1521 69 21 tillika
369 1521 36 21 det
415 1520 118 23 förstärkta
541 1520 176 23 statsutskottets
725 1520 120 23 ledamöter
853 1520 40 22 och
901 1519 90 28 supple-
