1073 1723
200 115 55 21 1308
513 119 43 18 Den
568 120 22 17 30
602 119 44 23 Maj.

169 180 9 22 i
199 179 63 28 syfte,
284 180 33 20 att
337 179 99 22 dividend
454 179 46 22 från
520 180 68 21 aktie-
604 179 41 22 och
660 179 123 27 bankbolag
797 178 48 23 icke
859 178 71 22 skulle
945 180 46 20 sär-

171 208 67 22 skildt
252 208 119 21 beskattas.
919 212 6 5 :

238 236 99 22 Friherre
352 236 202 27 Langenskiöld:
568 236 11 22 I
601 237 7 26 $
625 238 23 19 11
665 242 64 15 mom.
744 242 13 15 a
770 236 64 22 heter
843 236 48 21 det:
905 234 87 23 Vid'ta-

170 264 76 27 xering
267 264 24 22 af
311 265 41 21 den
367 264 237 28 bevillningsskyldiges
619 264 95 22 inkomst
728 264 135 27 undantages
877 263 58 22 hvad
945 263 48 22 han

171 293 104 27 uppburit
296 294 72 21 såsom
391 293 99 29 dividend
505 293 48 21 från
568 294 68 21 aktie-
652 293 41 21 och
707 293 130 27 bankbolag,
853 293 73 21 hvilka
938 292 55 28 jäm-

172 322 42 22 likt
229 322 10 27 $
255 324 12 20 7
284 324 36 20 äro
335 322 211 27 inkomstbevillning
560 322 168 22 underkastade.
759 321 89 22 Således
863 321 42 22 blir
921 328 25 15 en
962 321 31 22 di-

171 351 80 22 vidend
265 350 48 22 icke
328 350 37 22 tvä
380 351 80 27 gänger
474 350 122 22 beskattad.

240 380 56 21 Herr
315 379 95 21 Munck
430 379 26 21 K.
473 379 33 21 F.:
523 379 29 21 Sä
564 380 45 21 vidt
622 379 39 27 jag
674 379 43 21 kan
731 379 56 21 fatta
801 384 64 16 mom.
881 385 19 19 a,
916 380 25 20 är
954 378 40 22 här

171 408 49 22 icke
234 408 68 26 nägot
316 408 126 26 stadgande,
459 414 46 15 som
520 408 70 21 skulle
605 408 108 26 berättiga
729 407 32 21 till
776 408 37 21 det
823 407 128 26 antagande,
961 408 34 20 att

171 437 146 26 aktie-egares
336 436 98 21 dividend
453 436 70 21 skulle
543 437 110 21 beskattas
669 436 108 25 särskildt,
793 436 66 21 sedan
874 436 67 21 redan
955 435 40 22 bo-

172 466 71 26 lagets
263 465 156 21 nettoinkomst
439 467 24 19 är
477 465 123 26 beskattad,
616 465 81 21 hvilket
711 465 130 26 sedermera,
857 465 72 21 säsom
944 463 51 22 frih.

173 493 160 27 Langenskiöld
349 493 105 26 anmärkt,
470 495 98 20 närmare
583 493 106 22 förklaras
705 493 7 21 i
727 493 13 26 $
757 495 33 19 11.

240 521 57 22 Herr
318 521 190 28 Montgomery:
531 522 50 21 Med
604 521 99 22 anhällan
723 527 34 16 om
775 521 76 22 ursäkt
870 521 39 22 ber
921 521 38 27 jag
973 521 22 22 fä

171 551 102 26 ätertaga
293 550 44 22 min
360 550 145 27 anmärkning,
529 557 45 14 som
594 551 39 26 jag
654 549 69 22 finner
744 551 49 20 med
809 550 101 22 afseende
925 550 14 21 å
954 550 42 21 den

172 579 211 26 undantagsklausul
398 585 46 15 som
459 578 40 22 fins
514 579 7 21 i
538 581 24 19 11
580 579 10 28 &
606 585 51 16 vara
672 579 110 26 obefogad.

241 608 56 21 Herr
319 613 41 16 von
383 607 127 26 Ovanten:
533 607 41 28 Jag
596 607 70 22 skulle
681 607 68 22 önska
765 609 32 20 att
812 609 45 20 mot
871 607 98 28 punkten
983 607 12 21 b

172 638 54 25 göra
249 643 25 15 en
296 636 53 21 liten
371 636 146 27 anmärkning.
547 636 37 22 Uti
607 636 95 27 punkten
721 643 12 14 a
747 636 131 21 bestämmes
894 636 55 21 huru
964 635 32 22 in-

174 666 73 21 komst
267 665 22 21 af
301 665 105 26 fastighet
420 665 115 26 beräknas,
550 665 32 21 uti
596 665 95 27 punkten
708 665 12 21 &
734 665 137 26 bestämmes,
887 666 33 20 att
935 665 61 20 dess-

172 696 62 20 utom
249 693 95 22 inkomst
359 693 22 22 af
395 694 84 21 arbete-
495 693 40 22 och
546 693 169 27 rörelsekapital,
728 699 45 16 som
782 693 105 28 jordbruk
897 693 98 26 erhäller,

172 725 119 25 yttermera
313 722 69 22 skulle
404 724 63 25 tagas
486 723 7 20 i
508 722 125 27 beräkning.
663 722 42 27 Jag
720 721 66 22 fattar
801 722 37 22 det
853 723 30 26 sä,
900 728 46 15 som
962 728 35 15 om

172 752 97 21 inkomst
283 751 23 21 af
319 751 82 21 arbets-
417 751 41 21 och
472 751 162 27 rörelsekapita]
651 751 69 21 skulle
735 753 78 24 utgöra
828 757 17 16 s.
856 751 21 21 k.
887 751 108 27 nyodling.

174 781 41 21 Om
235 787 27 14 en
282 780 57 27 gång
353 779 94 22 inkomst
463 779 22 22 af
498 779 103 28 fastighet
616 780 117 25 beskattas,
750 779 25 22 sä
791 780 39 21 bör
844 780 35 21 väl
894 779 103 28 nyodling

172 809 48 21 deri
238 809 51 26 ingå
304 808 55 22 efter
375 808 76 27 afdrag
465 808 22 21 af
501 809 126 26 kostnaden,
643 815 48 14 men
707 809 31 20 uti
754 815 62 14 mom.
832 809 18 26 b,
867 809 38 21 der
920 809 37 20 det
973 810 24 19 är

173 837 62 27 fräga
257 843 35 16 om
313 837 114 27 fastighets
450 837 120 27 bevillning,
592 843 35 16 ser
646 843 48 15 man
710 837 83 27 tydligt,
810 839 33 20 att
857 837 102 27 nyodling
973 839 24 19 är

174 867 144 26 undantagen,
334 866 20 21 d.
370 872 19 15 v.
406 872 17 15 s.
440 872 25 15 en
478 866 115 27 jordegare
609 866 68 22 skulle
688 866 85 22 komma
783 868 33 20 att
826 866 112 22 beskattas
949 866 49 22 icke

173 896 80 21 endast
274 894 34 22 för
330 894 49 22 hela
402 896 33 20 sin
457 895 99 27 inkomst,
580 897 51 19 utan
647 894 62 22 äfven
723 895 33 21 för
772 896 41 20 den
827 895 108 27 nyodling,
951 901 47 15 som

174 924 44 22 han
241 925 44 26 gör,
308 925 52 19 utan
383 923 75 26 afdrag
480 924 23 20 af
521 924 27 21 de
563 924 123 25 kostnader,
703 930 45 15 som
764 923 43 22 han
823 924 67 27 derpä
904 924 94 26 nedlagt.

176 953 44 21 Det
239 958 51 15 vore
309 953 33 20 att
356 951 89 22 alldeles
466 952 75 21 stäcka
560 952 53 21 hvar
627 952 41 21 och
683 958 26 15 en
723 951 154 28 jordbrukares
894 952 105 21 sträfvan-

176 981 43 22 den
237 981 33 21 till
285 981 107 27 nyodling,
408 981 7 20 i
425 980 37 21 fall
478 981 42 21 han
535 980 23 22 af
571 981 130 26 föregående
712 981 58 21 årets
781 981 100 26 inkomst,
897 980 33 22 för
944 981 55 21 hvil-

175 1010 44 21 ken
233 1009 42 22 han
290 1009 129 26 beskattäts,
429 1009 74 27 lägger
517 1010 42 21 ned
574 1010 28 27 pä
617 1009 100 27 nyodling
727 1009 40 22 och
778 1010 69 21 denna
858 1015 83 16 summa
951 1009 48 22 icke

176 1038 33 22 fär
229 1038 106 27 afdragas,
354 1039 25 20 sä
395 1040 31 19 att
439 1038 43 27 jag,
498 1037 33 22 för
546 1038 43 21 min
604 1038 41 25 del,
662 1038 70 21 skulle
748 1044 58 20 anse,
822 1040 33 19 att
870 1038 27 21 dä
912 1038 40 21 här
967 1038 32 21 in-

176 1069 63 24 tages
254 1067 95 21 inkomst
363 1066 23 22 af
398 1066 109 27 fastighet,
524 1067 37 21 det
576 1067 61 21 äfven
651 1067 67 21 borde
728 1067 51 26 ingä
789 1067 41 22 den
840 1067 101 25 inkomst,
953 1073 46 15 som

179 1095 92 22 erhålles
294 1095 23 22 af
333 1095 107 27 nyodling.
470 1095 41 27 Jag
534 1095 70 22 skulle
627 1095 72 22 derför
713 1095 51 27 vilja
779 1095 96 22 utesluta
890 1095 49 22 hela
954 1101 45 16 mo-

177 1126 88 20 mentet.

246 1152 66 27 Ingen
335 1151 23 22 af
378 1152 97 21 ständets
497 1152 139 21 medlemmar
653 1152 101 22 biträdde
769 1152 50 22 herr
833 1158 41 16 von
890 1152 109 26 Ovantens

177 1181 82 27 förslag
273 1181 41 22 och
328 1180 127 27 paragrafen
470 1181 125 26 godkändes
612 1180 135 22 oförändrad.

245 1210 24 26 $$
284 1211 83 20 10—18
383 1209 90 27 gillades
489 1211 53 20 utan
558 1209 129 22 diskussion.

246 1237 40 22 Vid
301 1239 11 25 &
328 1239 25 20 19
370 1238 111 21 anmärkte

244 1266 57 21 Herr
322 1266 160 25 Lagerborg,
505 1267 130 19 Alexander:
658 1266 43 26 Jag
721 1267 42 20 kan
787 1267 48 20 icke
857 1266 57 21 finna
933 1266 68 26 nägot

176 1294 55 25 skäl,
247 1293 86 22 hvarför
346 1293 246 26 bevillningsnämndens
608 1293 127 22 ordförande
751 1294 40 21 och
801 1294 119 21 ledamöter
930 1293 70 22 skulle

176 1320 81 24 aflönas
273 1321 50 22 med
337 1321 140 22 kommunens
491 1321 77 26 medel,
591 1321 41 22 och
646 1321 92 22 föreslär
753 1321 72 22 derför
839 1324 33 19 att
887 1323 62 20 deras
963 1321 37 22 'af-

180 1351 73 27 löning
268 1350 69 22 skulle
353 1350 52 27 utgå
420 1349 46 22 från
482 1349 217 28 hevillningsmedlen.

247 1379 57 23 Herr
326 1379 104 26 Antell,
452 1379 93 22 Kasten:
567 1379 60 22 Inom
650 1379 109 22 utskottet
771 1379 41 22 har
826 1380 67 21 också
907 1379 8 22 i
931 1381 70 21 denna

179 1409 70 27 punkt
271 1408 57 21 olika
350 1407 81 28 åsigter
452 1408 57 27 gjort
527 1408 33 27 sig
575 1407 106 28 gällande,
696 1409 23 27 ty
734 1409 49 21 med
797 1409 87 27 mycket
899 1409 47 22 skäl
961 1409 40 22 har

179 1443 50 16 man
247 1436 48 24 från
310 1443 27 16 en
352 1437 35 21 del
401 1436 44 22 håll
461 1438 77 25 ansett,
555 1438 33 20 att
602 1437 129 22 kommunen
745 1437 49 22 icke
810 1438 65 22 borde
891 1438 109 22 åhvälfvas

178 1466 95 22 kostnad
293 1465 34 22 för
349 1466 40 21 den
411 1465 122 27 bevillning,
557 1472 46 15 som
625 1466 95 22 tillfaller
734 1468 84 26 staten;
833 1473 49 16 men
897 1473 50 15 man
961 1466 40 22 har

179 1495 98 21 deremot
292 1494 105 26 anmärkt,
413 1496 39 25 att,
469 1494 66 28 enligt
550 1494 27 22 de
592 1494 123 23 statistiska
730 1496 171 26 anmärkningar,
914 1502 47 16 som
971 1502 30 16 nu

178 1524 83 22 kunnat
279 1523 81 23 företes
381 1523 60 22 öfver
454 1523 239 28 bevillnings-inkomst,
712 1524 39 22 har
766 1524 55 22 ifrån
835 1524 52 23 flere
903 1524 97 23 kommu-
