1067 1720
416 95 42 19 Den
469 96 22 18 26
504 96 44 23 Maj.
811 100 54 19 1227

139 161 57 24 Herr
216 161 145 27 Järnefelt,
385 162 88 23 Gustaf:
498 162 11 22 I
530 162 117 28 anledning
665 162 24 23 af
700 163 91 23 friherre
805 164 91 22 Wredes

71 190 70 28 replik
156 192 60 21 emot
230 190 50 28 mig,
303 190 34 23 får
352 190 39 28 jag
406 191 78 25 erinra,
499 192 34 21 att
543 192 39 28 jag
596 192 48 22 icke
657 192 86 28 påstod,
759 194 33 20 att
806 192 90 23 friherre

71 220 80 22 Wrede
166 219 56 22 varit
236 219 118 23 inskrifven
370 220 7 20 i
391 219 141 23 redaktionen
547 220 34 22 för
595 220 67 27 något
675 221 169 22 landsortsblad:
858 222 38 27 jag

72 248 41 23 har
128 248 57 22 blott
199 250 51 25 sagt
258 250 33 19 att
297 248 42 22 han
350 248 49 22 icke
409 248 46 22 står
462 248 80 28 fjärran
551 249 48 21 från
610 249 41 21 den
660 250 194 26 meningsriktning
855 244 8 36 .
871 266 1 5 .
890 266 5 5 .

139 276 57 22 Herr
210 276 209 22 Landtmarskalken
433 278 68 26 ansåg
515 278 33 26 sig
562 277 76 21 härvid
652 278 53 21 böra
719 278 85 27 afbryta
812 278 84 22 talaren

71 304 51 22 med
136 310 27 17 en
180 304 85 22 erinran
281 306 34 20 att
328 304 91 22 friherre
433 305 90 22 Wredes
539 305 102 27 ställning
655 305 48 23 icke
717 306 103 22 berördes
836 306 7 22 i
854 306 41 22 den

70 333 62 27 fråga
148 338 47 17 som
209 339 29 16 nu
253 332 157 23 diskuterades.

139 361 71 23 Sedan
232 362 50 21 herr
296 361 137 22 Järnefelt
449 361 74 22 härtill
536 361 111 27 förklarat,
663 364 32 20 att
709 362 42 22 han
766 362 58 22 blott
836 362 60 23 velat

70 390 92 28 upplysa
175 389 90 23 friherre
280 390 87 26 Wrede,
383 390 38 22 det
435 390 42 21 han
497 390 48 22 icke
559 390 85 28 påstått
658 393 34 19 att
705 391 105 22 friherren
824 392 71 22 skulle

70 424 52 16 vara
136 418 92 22 medlem
243 418 24 22 af
279 418 66 27 något
360 418 172 23 landsortsblads
547 419 119 26 redaktion,
678 420 111 22 lemnades
799 420 63 22 ordet
871 420 25 21 åt

138 447 56 22 Herr
216 446 86 23 Taube
325 453 46 16 som
392 447 96 27 yttrade:
513 448 10 21 I
542 449 33 20 ett
590 447 23 22 af
626 448 47 21 sina
688 448 153 27 andraganden
855 449 41 21 har

69 475 90 23 friherre
180 475 80 22 Wrede
281 477 68 26 yttrat
367 475 66 28 något
455 481 34 16 om
504 476 141 27 hänsynslösa
661 477 134 27 agitationer,
811 483 47 16 som
874 477 23 21 af

71 506 33 20 ett
117 505 57 26 parti
189 504 40 22 här
243 504 69 22 skulle
327 503 118 23 bedrifvits.
479 505 43 27 Jag
540 505 72 22 kunde
627 505 48 22 icke
689 507 47 20 rätt
749 505 75 27 förstå,
840 505 54 23 hvil-

70 533 38 22 ket
122 533 57 27 parti
194 531 103 29 friherren
311 533 97 22 menade.
438 532 67 28 Afsäg
519 534 43 21 han
572 533 133 23 finskhetens
713 537 87 23 vänner,
811 535 25 21 sä
843 540 52 22 pro-

70 564 94 20 testerar
184 562 38 27 jag
242 563 59 21 emot
323 563 32 20 ett
374 561 78 22 sädant
465 562 126 26 pästäende,
607 568 49 16 men
671 562 45 22 ifall
730 562 104 23 friherren
849 569 45 16 me-

70 590 56 22 nade
142 590 37 22 det
193 592 104 20 motsatta
311 590 86 28 partiet,
414 590 28 22 dä
457 590 124 22 instämmer
593 591 38 27 jag
645 591 50 22 med
709 591 80 22 honom
802 592 50 21 med
863 591 31 22 af-

71 619 79 22 seende
166 619 14 21 å
194 619 42 22 den
250 619 143 27 hänsynslösa
407 619 105 27 agitation
526 626 48 16 som
588 620 47 22 från
651 620 60 22 detta
721 620 44 22 håll
775 620 118 23 bedritvits.

138 648 34 21 Då
186 648 64 27 ingen
265 648 23 22 af
301 648 99 22 ståndets
415 648 138 22 medlemmar
567 648 74 22 vidare
655 649 68 22 utbad
738 649 33 27 sig
779 649 68 27 ordet,
858 656 36 16 an-

72 677 40 27 såg
124 676 52 23 herr
189 676 212 27 Landtmarskalken,
418 679 52 20 enär
483 677 64 27 ingen
562 676 23 22 af
599 678 54 25 dem,
670 683 47 17 som
731 678 7 21 i
750 678 74 27 frågan
838 684 55 22 upp-

71 706 65 26 trädt,
152 705 121 27 egentligen
289 705 58 28 gjort
360 706 68 26 några
443 706 165 26 anmärkningar
627 708 58 20 emot
700 706 75 28 sjelfva
789 706 105 28 förslaget

71 734 33 22 till
123 734 121 23 resolution
264 734 30 28 på
315 734 62 22 sidan
399 736 19 25 7,
441 735 34 27 sig
489 734 56 22 blott
559 734 72 22 kunna
646 734 95 28 tillfråga
755 735 88 23 ståndet
858 742 35 15 om

72 764 38 21 det
123 762 49 23 ville
187 762 114 28 godkänna
315 762 139 23 förenämnda
468 764 128 26 resolution;
612 764 40 22 och
663 769 46 17 som
719 764 88 22 ståndet
816 764 77 22 besva-

70 792 53 22 rade
138 792 70 22 denna
229 791 157 28 framställning
400 792 50 22 med
465 792 103 28 enhälligt
578 792 30 28 ja,
624 798 39 16 var
676 793 119 22 utskottets
810 793 8 22 i
832 793 62 27 fråga

70 820 95 22 varande
179 820 82 27 förslag
276 820 116 28 godkändt.

138 850 51 21 Med
212 849 115 27 anledning
349 850 22 21 af
392 850 37 21 det
448 849 49 22 utaf
509 850 108 21 utskottet
635 850 123 27 föreslagna
772 851 122 21 uttalandet

71 878 111 27 angående
198 877 11 28 $
226 880 9 19 1
252 879 85 26 yttrade

138 906 99 22 Friherre
251 906 101 27 Wrede,
368 906 96 27 August:
479 907 44 21 Det
537 906 62 22 torde
615 907 55 21 dock
685 906 24 22 af
721 907 42 21 alla
776 906 118 23 fraktioner

70 935 8 21 i
100 935 61 22 detta
176 934 115 28 höglofliga
311 935 64 22 stånd
395 935 106 22 erkännas
517 937 33 20 att
564 935 163 28 lagskipningen
743 937 25 19 är
783 938 32 19 ett
830 935 24 22 af
867 936 27 21 de

70 964 116 27 vigtigaste
202 969 65 22 organ
281 963 34 22 för
330 965 83 20 statens
428 963 144 22 verksamhet.
601 963 31 22 På
647 964 61 21 detta
723 969 66 22 organ
798 964 97 27 uppstäl-

70 993 32 22 las
118 992 104 22 särskildt
235 994 79 20 tvänne
328 992 128 27 fordringar,
472 993 41 21 den
529 999 40 15 ena
584 994 24 20 är
623 992 164 26 rättssäkerhet,
803 993 41 21 den
856 999 37 15 an-

71 1021 38 21 dra
124 1021 159 27 skyndsamhet.
312 1020 35 22 Nu
361 1022 25 20 är
401 1021 37 21 det
451 1021 35 21 väl
502 1020 25 22 så
541 1022 33 20 att
589 1020 113 23 domarens
713 1021 109 27 egentliga
831 1021 63 21 funk-

71 1050 45 21 tion
131 1048 85 28 upphör
230 1050 7 20 i
252 1049 41 22 och
307 1049 49 22 med
372 1049 119 22 detsamma
505 1055 47 16 som
566 1049 43 22 han
625 1050 54 21 efter
694 1050 111 21 verkstäld
816 1050 78 21 under-

72 1078 90 27 sökning
184 1077 82 27 afgifvit
285 1078 34 21 sin
342 1077 55 22 dom.
429 1078 50 21 Men
495 1078 28 22 då
536 1078 7 21 i
558 1078 49 22 vårt
620 1078 51 22 land
686 1078 130 22 öfverrätten
832 1078 62 22 äfven

69 1106 87 28 pröfvar
178 1106 144 26 bevisningen,
345 1106 70 22 måste
438 1106 101 22 domaren
559 1106 76 22 affatta
649 1106 189 28 förhandlingarna
853 1106 41 22 och

71 1136 37 20 sitt
123 1135 77 27 utslag,
217 1135 33 21 sin
265 1134 56 27 dom,
336 1134 127 28 skriftligen,
483 1135 41 22 och
540 1135 28 21 dä
582 1135 140 27 bevisningen
737 1136 40 21 hos
793 1141 35 16 oss
844 1136 8 21 i
867 1135 27 21 de

70 1164 53 21 allra
137 1163 63 22 flesta
215 1163 38 21 fall
267 1165 90 25 utgöres
373 1163 23 21 af
409 1170 27 15 en
451 1164 188 26 sammanfattning
654 1164 24 21 af
689 1164 96 26 indicier,
797 1164 47 21 skäl
852 1164 42 22 och

72 1191 190 28 omständigheter,
277 1198 46 16 mer
338 1191 53 23 eller
404 1191 83 22 mindre
502 1192 96 26 aflägsna
613 1192 47 22 frän
675 1192 76 27 sjelfva
764 1192 73 26 saken,
845 1198 49 16 men

71 1220 66 22 ocksä
151 1220 8 22 i
174 1221 34 21 sin
222 1226 49 16 mon
287 1220 210 28 sammanhängande
512 1220 50 22 med
577 1220 76 25 denna,
670 1221 25 21 sä
710 1220 83 22 fordras
802 1220 38 22 det
848 1220 48 22 utaf

71 1249 109 26 domaren,
203 1254 47 16 som
272 1249 56 21 skall
350 1248 80 22 skrifva
449 1249 136 27 protokollet,
601 1256 27 14 en
643 1249 208 27 samvetsgrannhet,
867 1255 28 15 en

71 1277 91 26 ordning
177 1277 40 22 och
234 1283 25 15 en
275 1277 129 27 skicklighet
423 1279 33 20 att
474 1278 97 26 begagna
586 1278 34 25 sig
635 1277 24 21 af
673 1277 38 22 det
725 1278 72 26 språk,
814 1277 81 27 hvarpä

70 1305 42 22 han
127 1305 86 23 affattar
226 1305 193 27 förhandlingarna,
436 1305 26 22 sä
477 1307 52 24 stor,
545 1307 32 20 alt
591 1305 132 28 protokollet
731 1306 55 21 skall
796 1305 98 22 fullkom-

68 1334 40 27 ligt
125 1336 73 25 troget
212 1333 107 28 ätergifva
333 1340 28 15 en
375 1333 44 22 bild
434 1333 48 22 utaf
496 1334 49 22 hela
552 1333 161 27 törhandlingen
724 1335 49 20 med
781 1336 113 25 parternas

70 1363 160 26 andraganden,
251 1362 113 21 vitnesmäl
390 1362 40 21 och
450 1362 82 21 domen.
561 1361 63 22 Huru
639 1368 29 16 nu
683 1364 32 19 ett
730 1362 78 21 sådant
822 1363 74 26 proto-

67 1390 45 21 koll
128 1390 56 22 skall
199 1391 72 21 kunna
286 1389 86 22 affattas
389 1389 24 22 sä
428 1390 29 27 pä
471 1392 33 19 ett
519 1389 71 28 spräk,
602 1395 47 16 som
657 1392 57 19 ännu
723 1390 79 21 saknar
808 1391 88 26 uttryck

70 1418 34 22 för
118 1419 27 21 de
158 1418 107 28 juridiska
279 1419 124 26 begreppen
419 1418 40 22 och
474 1417 23 22 af
509 1424 109 21 personer,
634 1424 46 16 som
690 1419 48 22 icke
749 1420 37 20 äro
797 1418 99 23 fullkom-

70 1447 40 28 ligt
133 1447 163 23 hemmastadda
311 1447 7 22 i
339 1447 61 22 detta
418 1447 72 28 spräk,
505 1447 42 22 kan
560 1447 38 28 jag
613 1447 18 28 ej
648 1447 95 28 begripa,
759 1454 48 15 men
822 1447 74 28 hvarje

69 1476 126 28 otydlighet,
204 1476 73 28 hvarje
286 1476 80 23 minsta
375 1476 55 22 brist
437 1476 8 22 i
453 1477 61 21 detta
520 1476 108 28 protokoll
636 1476 82 22 medför
725 1477 52 25 fara,
788 1477 41 21 kan
837 1477 59 21 med-

66 1506 40 22 öra
122 1512 28 16 en
165 1507 46 21 stor
226 1504 51 24 fara.
294 1505 77 23 Denna
385 1504 46 23 fara
447 1505 73 22 kunna
533 1506 67 27 några
610 1504 76 29 afsäga
696 1505 33 27 sig
737 1505 61 28 ifrån,
807 1511 48 17 men
862 1506 34 28 ju-
