1081 1720
195 108 56 25 1402
515 105 43 18 Den
569 106 10 17 3
591 105 51 21 Juni.

166 172 139 24 verksskolor
320 171 111 27 äfvensom
445 171 68 22 andra
527 171 102 28 åtgårder
643 171 33 22 till
685 170 255 29 yrkesundervisningens
948 170 40 25 hö-

163 201 74 28 jande,
253 202 57 22 samt

234 228 220 26 ekonomiutskottets
469 228 137 22 betänkande
625 228 8 22 i
648 228 116 27 anledning
778 228 24 23 af
815 230 33 20 ett
862 228 8 22 i
884 228 25 22 R.
926 233 20 18 o.
961 227 27 25 A.

167 257 124 26 framstäldt
304 256 187 29 petitionsförslag
505 257 112 27 angående
631 257 120 22 ordnandet
765 256 224 26 afarbetetilandets

164 286 117 28 fängelser.

234 343 35 26 Då
284 342 95 27 derefter
393 342 112 28 föredrogs
521 344 155 21 sammansatta
690 343 45 27 lag-
751 342 40 23 och
801 342 189 25 ekonomiutskot-

166 373 46 22 tets
224 372 138 26 betänkande
376 372 8 21 i
399 371 118 28 anledning
533 371 24 23 af
569 371 109 23 särskilda
691 372 34 21 till
739 372 160 25 bondeståndet
913 372 76 22 inlem-

165 402 56 22 nade
236 401 122 28 petitioner,
372 400 134 22 beträffande
521 400 95 28 eftergift
630 400 33 23 för
673 400 58 23 vissa
740 400 122 23 landsorter
872 400 33 22 uti
911 400 78 28 lagens

166 430 120 27 stadgande
301 429 112 27 angäende
429 429 136 28 svedjebruk,
580 429 96 28 yttrade:

233 458 57 22 Herr
303 459 190 26 Montgomery:
518 457 43 28 Jag
579 458 40 22 ber
632 458 8 21 i
655 458 62 22 detta
731 459 63 21 ämne
809 457 22 22 få
844 457 87 23 biträda
946 457 42 24 den

164 487 140 27 reservation,
320 493 48 16 som
383 489 24 19 är
421 486 87 28 bifogad
523 487 148 22 betänkandet
685 487 40 22 och
741 493 46 16 som
802 486 39 23 har
849 487 40 22 allt
899 487 47 22 skäl
954 486 34 25 för

165 517 39 27 sig.
234 516 44 22 Det
292 522 64 22 synes
371 515 50 28 mig,
437 517 33 20 att
485 522 35 15 om
533 516 41 22 ock
589 515 27 23 de
631 515 50 22 skäl
696 522 47 16 som
757 515 66 22 hafva
829 515 128 22 framhållits
966 515 23 22 af

164 545 144 28 petitionären
323 547 38 20 äro
377 544 67 22 värda
459 546 32 20 att
505 545 91 22 beaktas
611 544 23 23 af
647 545 84 22 landets
746 545 106 27 regering,
863 545 25 22 sä
898 545 43 22 kan
949 545 40 22 det

164 575 49 22 icke
235 580 52 16 vara
306 573 116 27 anledning
441 575 33 20 att
488 573 119 22 framställa
623 579 26 16 en
665 573 179 28 ständerpetition
861 573 40 22 och
917 573 71 22 skulle

162 603 39 28 jag
222 602 50 23 med
291 602 124 27 anslutning
433 602 34 22 till
484 604 162 21 reservanterne
661 601 22 23 få
697 602 97 28 afstyrka
809 603 41 21 den
864 602 124 27 föreslagna

163 627 129 36 petitionnn.
404 642 3 2 :

231 660 57 22 Herr
303 665 42 16 von
359 658 122 23 Alfthan:
496 659 43 27 Jag
553 665 64 16 anser
631 660 34 21 att
674 659 76 27 frägan
759 659 56 22 visst
824 661 25 20 är
859 659 82 27 ganska
949 659 38 22 be-

162 688 159 29 hjertansvärd,
336 694 50 16 men
401 687 70 28 någon
481 687 125 28 omöjlighet
616 687 32 23 för
656 688 55 26 dem,
720 694 47 16 som
775 688 139 27 ovilkorligen
922 687 66 23 hafva

163 717 67 23 behof
243 717 48 23 utaf
304 716 133 23 fortfarande
451 717 105 26 rättighet
571 718 33 21 att
619 717 47 21 med
682 717 59 22 vissa
755 716 106 23 förbehåll
871 717 22 21 få
905 716 81 28 svedja,

163 746 115 25 förefinnes
300 746 49 22 icke
368 747 33 20 att
420 745 71 22 dertill
506 745 39 22 hos
561 745 156 28 länestyrelsen
733 746 91 21 utverka
839 745 34 28 sig
887 745 100 30 tillstånd

163 775 41 23 och
227 775 28 22 dä
276 775 37 22 det
335 776 25 19 är
381 774 74 27 kändt,
472 775 33 20 att
520 781 26 15 en
561 781 27 21 ny
603 774 103 27 skogslag
721 776 24 20 är
760 774 69 22 under
843 774 145 22 utarbetande

162 803 71 23 finner
244 804 44 27 jag,
303 803 8 22 i
325 803 70 22 likhet
409 803 50 22 med
474 803 41 22 den
530 803 131 27 föregäende
676 803 65 22 ärade
752 803 88 27 talaren,
852 805 33 20 att
892 803 48 22 icke
948 809 38 17 an-

162 833 90 49 Tania
273 831 143 23 förekommer
439 833 33 20 att
492 832 92 22 besvära
605 831 60 22 Hans
680 832 104 27 Majestät
798 832 49 22 med
862 834 32 20 ett
909 832 77 22 sädant

164 867 87 16 ärende.

231 888 189 23 Underkännande
434 888 147 23 betänkandet
595 888 73 22 beslöt
683 889 88 22 ståndet
782 888 91 23 omfatta
883 889 42 22 den
934 888 7 23 i
951 895 37 16 re-

163 918 136 23 servationen
314 917 33 21 till
361 917 146 22 betänkandet
522 918 98 22 uttalade
640 918 90 27 äsigten.

234 1003 123 27 Föredrogs
372 1002 41 22 och
428 1003 125 27 godkändes
568 1004 53 21 utan
637 1003 135 22 diskussion:

234 1032 176 22 statsutskottets
433 1032 137 22 betänkande
592 1032 7 21 i
622 1032 115 27 anledning
752 1031 23 23 af
789 1033 32 21 ett
835 1032 33 22 till
883 1032 25 22 R.
924 1038 19 16 o.
959 1032 26 22 A.

161 1061 124 23 framstäldt
306 1060 185 28 petitionsförslag
513 1060 111 28 angående
646 1060 126 28 försäljning
794 1060 23 22 af
833 1060 153 23 kronobostäl-

160 1090 36 22 len
211 1092 57 20 samt

233 1118 107 22 allmänna
355 1118 208 22 besvärsutskottets
579 1118 137 22 betänkande
726 1124 35 16 n:o
773 1120 26 19 17
808 1118 112 27 angående
927 1118 57 22 inom

160 1147 183 27 borgareståndet
357 1147 64 21 väckt
435 1146 80 28 förslag
526 1149 33 19 att
574 1147 77 27 ålägga
665 1147 216 22 landskommunerna
889 1147 95 27 skyldig-

160 1176 40 21 het
215 1177 33 20 att
262 1175 55 22 efter
331 1175 163 27 befolkningens
510 1176 82 21 storlek
606 1176 80 21 inrätta
693 1175 57 22 fasta
757 1175 118 22 folkskolor
882 1177 57 20 samt
949 1182 35 15 om

161 1204 111 22 införande
294 1203 24 22 af
339 1203 114 27 skoltvång
474 1204 8 21 i
504 1204 103 21 städerna
629 1203 110 22 äfvensom
753 1204 152 21 fastställande
920 1203 23 22 af
956 1210 28 21 ny

160 1233 77 48 grund,
253 1232 67 49 enligt
334 1232 86 22 hvilken
436 1232 76 27 bidrag
527 1232 32 22 till
574 1232 147 22 folkskolorna
736 1233 39 21 bör
790 1232 23 22 af
826 1232 106 22 allmänna
939 1238 46 16 me-

177 1267 11 14 el
213 1263 59 24 utgå.

232 1316 108 22 allmänna
361 1315 210 23 besvärsutskottets
589 1316 120 27 bordlagda
723 1315 260 28 sammanjämkningsför-

161 1345 47 27 slag
230 1345 113 27 angående
362 1344 108 22 särskilda
487 1345 117 27 petitioner
619 1351 35 16 om
668 1344 123 22 inrättande
807 1344 22 22 af
841 1344 70 22 finska
925 1344 60 22 frun-

159 1374 172 22 timmersskolor
344 1373 112 28 föredrogs
472 1374 40 22 och
527 1374 115 22 förordade
657 1374 134 22 beträffande
805 1375 119 21 momentet
939 1380 18 15 a.

230 1403 99 22 Friherre
344 1403 106 27 Wrede,
465 1403 26 21 R.
506 1403 33 27 A.,
555 1405 33 20 att
601 1404 26 21 R.
643 1409 20 16 o.
679 1403 25 21 A.
713 1403 50 22 ville
773 1402 96 23 vidhålla
878 1403 39 22 sitt
928 1402 57 23 förut

157 1432 9 22 i
180 1432 67 22 saken
262 1432 82 22 fattade
359 1432 73 22 beslut
447 1432 40 22 och
503 1432 72 28 afböja
590 1432 241 28 sammanjämkningen.

229 1461 57 22 Herr
300 1461 105 27 Antell,
420 1461 89 27 Kasten,
525 1461 102 22 förenade
642 1461 33 27 sig
690 1462 49 21 med
754 1461 89 22 friherre
857 1460 86 23 Wrede.

228 1490 81 22 Herrar
320 1489 173 28 Godenhjelm
504 1490 40 22 och
555 1490 63 23 Rein
626 1490 117 28 tillstyrkte
751 1490 229 27 sammanjämknings-

157 1519 115 27 förslagets
287 1518 128 28 antagande.
