1073 1709
196 114 54 21 1282
513 111 42 19 Den
566 111 23 18 27
601 111 45 23 Maj.

163 178 71 26 heter,
256 184 48 16 -som
315 177 26 23 af
353 178 175 22 rådhusstämma
543 178 52 22 eller
609 175 196 29 stadsfullmägtige
820 175 112 27 tillsättas,
948 182 38 16 an-

163 207 77 21 ställes
261 206 38 22 vid
320 206 78 22 allmän
420 206 114 28 domstol",
556 206 27 22 sä
604 207 65 25 säger
685 211 50 15 man
752 205 111 27 ingenting
878 206 67 22 annat
958 206 29 21 än

164 235 58 22 hvad
244 241 47 16 som
302 229 34 38 är
346 234 123 28 sjelfklart.
498 234 69 23 Äfven
588 233 162 29 propositionen
773 236 64 25 säger
856 234 67 26 detta,
938 238 49 17 men

166 264 65 26 säger
246 264 37 21 det
296 263 49 22 icke
360 264 73 21 såsom
447 263 128 27 hufvudsak,
590 265 53 19 utan
657 262 72 22 såsom
739 262 121 23 hufvudsak
869 261 120 23 innehåller

166 292 42 21 den
231 298 28 16 en
276 292 95 27 antydan
386 298 41 20 om,
443 292 55 21 huru
513 298 27 15 en
554 291 111 26 förseelse,
681 291 102 22 hvarmed
798 291 143 22 ordföranden
954 290 34 22 för

162 320 197 28 stadsfullmägtige
375 320 52 22 eller
442 320 27 22 de
483 320 8 22 i
505 319 126 28 paragrafen
645 320 94 21 nämnda
753 320 148 27 myndigheter
915 319 72 23 beträ-

165 349 47 26 das,
236 349 55 22 skall:
313 348 110 28 bedömas,
439 348 20 22 d.
475 355 19 15 v.
510 355 17 16 s.
544 350 33 20 att
590 349 44 21 han
649 348 56 22 skall
721 348 52 22 böta
789 348 54 22 efter
857 348 130 22 förseelsens

164 377 151 23 beskaffenhet
337 378 41 22 och
400 379 83 21 ersätta
505 377 28 22 all
555 377 69 22 skada
641 377 42 22 och
697 376 66 23 blifva
777 376 47 22 från
838 376 151 28 befattningen

165 406 64 27 skild,
253 412 35 16 om
310 407 68 21 saken
401 406 72 22 dertill
495 406 126 22 föranleder.
651 405 86 27 Nådiga
755 406 163 27 propositionen
932 405 56 22 inför

165 436 66 21 dessa
245 435 166 27 bestämningar,
427 440 48 16 som
489 435 38 22 det
536 435 43 21 kan
589 440 52 16 vara
650 434 23 22 af
681 434 45 27 vigt
736 436 33 20 att
777 434 115 22 förefinnas
902 435 8 21 i
917 434 70 28 lagen,

163 464 30 21 då
215 464 71 26 någon
306 463 192 27 ansvarighetslag,
519 463 72 22 såvidt
604 463 45 27 mig
663 465 25 19 är
702 463 86 25 bekant,
803 463 48 22 icke
866 462 69 23 finnes
949 463 39 22 be-

165 492 106 22 träffande
294 492 65 22 dessa
381 491 214 23 stadsfunktionärer.
624 491 39 21 Att
678 492 56 21 blott
749 494 59 24 säga,
824 493 33 20 att
871 492 46 21 åtal
932 491 56 22 skall

165 527 41 21 ega
227 527 47 16 rum
296 520 36 22 vid
355 521 98 26 domstol,
477 522 24 20 är
521 520 136 27 öfverflödigt
679 520 70 22 såvidt
765 520 38 28 jag
817 520 43 22 kan
874 520 75 26 förstå,
965 521 23 26 ty

164 549 54 22 hvar
232 548 71 23 skulle
319 550 38 21 det
372 555 39 21 ega
426 555 47 15 rum
488 549 60 27 eljes.
570 549 44 22 Det
628 548 43 22 kan
685 549 112 21 betraktas
813 549 72 21 såsom
900 550 33 20 ett
947 548 41 22 för-

164 577 130 27 tydligande,
317 584 50 15 men
387 578 8 20 i
417 578 38 21 det
476 578 49 21 hela
544 583 63 21 synes
624 577 60 22 detta
699 583 51 16 vara
765 577 95 27 onödigt,
875 577 28 22 då
917 577 72 27 någon

164 606 144 27 misstydning
329 606 49 22 icke
399 606 44 22 kan
459 606 87 22 komma
560 606 8 21 i
582 606 67 26 fräga.
678 606 103 22 Deremot
797 608 36 20 äro
849 606 28 22 de
892 605 95 23 bestäm-

164 635 83 27 ningar,
263 640 47 16 som
323 634 69 22 finnas
407 634 8 22 i
429 635 78 26 nådiga
522 634 168 28 propositionen,
706 635 83 26 ganska
805 634 114 28 behöfliga.
944 634 44 22 Det

164 662 42 23 har
227 662 114 23 framträdt
362 663 82 22 sådana
465 663 37 22 fall
524 663 39 22 der
582 663 38 21 det
634 663 56 22 varit
705 663 60 21 svårt
778 664 39 25 att,
834 662 28 22 då
876 663 111 27 uppenbar

164 691 138 22 vårdslöshet
317 692 52 22 eller
383 692 105 27 brytande
503 692 23 22 af
539 692 36 26 lag
590 694 38 24 egt
641 698 54 20 rum,
711 692 63 27 skilja
789 698 32 16 en'
831 692 67 21 sådan
908 697 79 22 person

165 720 40 22 och
220 720 120 22 bestämma
353 721 70 27 någon
439 721 68 26 grund
522 720 33 22 för
570 720 171 27 ansvarigheten.
771 720 42 28 Jag
827 720 96 22 biträder
938 720 50 22 der-

164 748 34 22 för
213 748 41 22 den
268 749 79 27 nådiga
361 749 167 27 propositionen.

233 777 98 22 Friherre
345 778 201 26 Langenskiöld:
561 777 43 27 Jag
618 777 39 22 ber
670 776 22 22 få
707 777 132 22 understöda
852 777 51 22 herr
917 777 71 22 Mont-

164 812 95 20 gomery,
281 806 26 22 så
328 806 85 28 mycket
435 812 46 16 mer
503 812 46 16 som
566 806 38 28 jag
618 806 39 21 har
671 806 43 26 mig
729 806 86 27 bekant,
832 808 33 20 att
880 806 37 22 det
931 806 56 22 före-

164 834 91 22 kommit
269 834 107 22 särskilda
390 834 44 27 fall,
451 835 28 21 då
493 835 82 21 sådana
589 835 141 21 kommunens
740 834 175 22 förtroendemän
925 834 63 22 hafva

164 863 57 21 visat
244 864 111 26 uppenbar
375 863 50 21 väld
449 864 52 21 eller
513 863 50 22 låtit
579 863 33 26 sig
627 863 84 21 komma
726 862 149 23 försummelse
890 863 33 22 till
937 863 49 25 last,

164 897 49 16 men
235 892 121 21 domstolen
378 892 55 22 varit
455 892 87 27 mycket
563 892 125 27 tvehogsen,
711 892 82 22 hvilket
815 892 82 27 lagrum
920 892 68 21 borde

162 916 115 35 åberopas.
345 935 7 10 ,

233 948 57 22 Herr
310 955 47 16 von
374 948 121 22 Alfthan:
518 949 57 21 Herr
588 948 150 28 Montgomery
753 949 40 21 har
807 950 73 26 yttrat,
897 951 34 23 att
945 949 43 21 han

162 983 67 16 anser
244 977 120 23 utskottets
379 977 80 27 förslag
475 977 143 27 öfverflödigt;
632 978 37 27 jag
685 978 68 21 skulle
768 978 8 20 i
791 978 25 21 sä
825 978 68 22 mätto
903 978 86 22 biträda

164 1006 86 25 honom,
266 1007 34 21 att
313 1012 50 16 man
379 1006 72 22 kunde
467 1008 53 25 säga
535 1008 33 20 att
583 1006 43 22 alla
641 1006 72 28 dylika
727 1006 136 28 stadganden
877 1012 64 22 synas
957 1006 32 22 öf-

164 1034 123 28 verflödiga,
303 1036 23 26 ty
341 1041 35 15 om
391 1036 71 26 nägon
476 1035 74 27 förgär
565 1036 32 26 sig
612 1038 59 18 emot
685 1035 36 27 lag
736 1036 41 21 och
791 1035 157 27 författningar,
964 1037 25 20 är

164 1064 44 21 han
230 1063 62 22 straff
305 1063 155 22 underkastad.
491 1063 142 27 Svärigheten
648 1064 39 22 har
702 1064 60 26 legat
775 1064 8 22 i
799 1064 41 22 den
855 1063 133 27 omständig-

164 1092 45 26 het,
233 1098 46 16 som
299 1092 90 22 friherre
409 1092 159 27 Langenskiöld
582 1093 114 27 framstält,
713 1093 40 21 och
769 1092 28 22 dä
813 1093 36 21 det
864 1093 47 21 icke
927 1094 60 26 synts

163 1121 68 26 artigt
254 1123 58 19 emot
327 1121 141 21 kommunens
483 1121 181 26 förtroendemän,
681 1128 34 15 om
729 1128 49 15 man
793 1121 70 22 skulle
879 1123 59 25 säga,
955 1122 34 20 att

165 1150 27 21 de
208 1149 71 22 skulle
294 1150 25 20 sä
333 1149 67 27 förgä
410 1150 39 26 sig,
467 1152 33 18 att
515 1156 48 17 man
579 1149 70 22 skulle
664 1150 63 26 skilja
742 1150 49 21 dem
801 1149 46 22 frän
857 1149 132 27 fullmägtig-

162 1178 87 26 skapet,
274 1178 25 21 sä
313 1177 128 28 uppfattade
456 1178 109 22 utskottet
578 1178 114 26 meningen
707 1178 32 26 sä,
755 1180 33 20 att
803 1178 37 21 det
854 1178 56 22 blott
925 1177 64 27 gälde

164 1207 33 20 att
220 1206 120 22 bestämma
362 1206 37 22 det
417 1206 77 25 forum,
509 1206 55 22 hvar
583 1206 72 27 dylika
669 1206 140 28 förbrytelser
823 1206 70 22 skulle
909 1206 78 26 åtalas;

164 1240 35 16 om
215 1240 49 16 man
278 1234 49 22 icke
342 1234 37 22 vill
395 1237 78 25 antaga
487 1235 120 21 utskottets
622 1234 87 28 förslag,
725 1235 70 22 skulle
808 1235 40 27 jag
863 1234 28 22 då
901 1234 87 27 föreslå,

163 1264 35 20 att
213 1262 42 21 den
269 1262 79 27 nådiga
362 1263 172 27 propositionens
550 1263 138 27 bestämning
702 1263 49 21 icke
766 1263 69 21 häller
850 1263 70 21 skulle
935 1263 53 27 god-

163 1290 90 22 kännas.

233 1318 57 22 Herr
304 1318 188 27 Montgomery:
512 1320 43 20 Det
569 1319 43 21 kan
627 1319 84 22 ändock
725 1326 52 15 vara
792 1319 41 26 väl,
849 1321 34 20 att
898 1319 39 22 det
949 1319 40 23 fin-

163 1353 40 15 nes
226 1347 95 21 uttaladt
343 1347 7 21 i
370 1347 63 27 lagen
448 1347 71 21 såsom
534 1346 83 28 påföljd
632 1347 33 21 för
681 1348 68 26 dylikt
762 1347 123 22 förfarande
899 1347 48 22 från
962 1354 27 16 en

163 1375 70 21 sådan
248 1375 134 22 funktionärs
397 1375 54 26 sida,
467 1377 32 19 att
513 1376 45 21 han
572 1376 54 22 skall
642 1377 83 20 ersätta
740 1376 41 21 den
797 1376 74 26 skada,
882 1382 47 16 som
940 1376 48 22 der-

162 1403 88 27 igenom
264 1404 98 26 uppstår.
392 1403 71 22 Dessa
477 1404 160 27 bestämningar
651 1406 38 19 äro
703 1404 49 22 icke
767 1404 128 27 obehöfliga.

234 1431 56 22 Herr
313 1431 178 27 Gripenberg,
515 1432 81 22 Alexis:
612 1432 41 26 Jag
668 1432 39 21 har
721 1432 49 22 icke
785 1432 67 27 något
867 1434 58 20 emot
939 1432 50 22 herr

165 1459 160 27 Montgomerys
343 1459 88 27 förslag,
446 1466 50 15 men
509 1460 37 27 jag
561 1460 70 22 skulle
644 1460 56 22 blott
715 1460 49 26 vilja
780 1460 110 27 anmärka,
906 1462 33 20 att
951 1461 38 27 jag

164 1487 49 21 icke
236 1489 37 19 vet
295 1487 86 22 hvarför
402 1493 49 16 man
472 1488 56 21 skall
542 1488 123 24 förutsätta,
681 1490 33 19 att
727 1488 58 22 blott
799 1488 143 22 ordföranden
955 1488 34 22 för

166 1514 197 28 stadsfullmägtige
384 1515 56 22 'skall
462 1516 102 22 beträdas
587 1516 49 22 med
658 1515 127 28 lagstridiga
799 1516 138 27 handlingar;
951 1516 38 27 jag
