1075 1720
191 114 53 21 1052
509 110 42 18 Den
563 111 23 17 20
597 110 45 23 Maj.

162 178 57 22 nade
236 180 26 20 än
278 177 56 21 hvad
349 176 61 22 fallet
425 183 37 15 var
475 176 49 22 med
539 177 129 26 tjenstemän
683 176 32 21 uti
727 175 151 22 motsvarande
889 175 53 27 grad
951 175 36 21 vid

163 208 27 21 de
206 206 67 22 andra
288 205 296 27 administrationsgrenarne,
600 205 25 21 så
641 204 75 28 dröjde
731 204 38 21 det
782 203 48 22 icke
845 204 63 26 länge
916 203 71 22 förrän

162 234 157 27 framställning
333 233 48 22 från
397 234 41 21 den
453 240 77 15 senare
545 234 73 20 inkom
632 232 50 23 med
697 231 136 29 åberopande
849 234 33 19 att
896 232 91 21 rättvisa

164 264 40 22 och
219 263 98 27 billighet
330 262 101 22 fordrade
447 264 33 20 att
495 262 27 22 de
537 262 70 22 skulle
622 261 64 22 blifva
700 261 51 22 med
766 262 26 21 de
807 260 58 22 förra
879 260 108 22 likstälda.

162 293 32 21 På
210 292 42 22 den
266 291 60 22 tiden
341 291 108 22 inkommo
465 290 89 22 sålunda
570 290 141 28 oupphörliga
721 289 181 28 framställningar
912 296 36 16 om
957 289 32 22 lö-

163 320 180 28 neförhöjningar.
381 320 50 21 Med
454 320 116 26 anledning
592 319 63 22 häraf
674 319 67 27 ansåg
763 318 114 28 styrelsen,
893 320 33 20 att
940 325 50 15 man

163 350 73 22 kunde
252 349 149 22 åstadkomma
415 355 60 15 mera
487 348 99 28 jämnhet
601 348 41 22 och
656 348 105 26 billighet,
777 354 35 15 om
827 354 27 15 en
869 347 79 22 allmän
958 347 31 22 lö-

163 379 137 27 nereglering
315 378 55 27 egde
384 384 53 15 rum.
468 377 50 22 Men
531 378 47 26 just
594 377 70 21 denna
678 376 161 28 omständighet
849 378 33 20 att
891 376 99 28 lönereg-

164 408 97 26 leringen
271 406 51 23 'blef
336 406 79 22 allmän
434 406 57 21 hade
506 406 33 21 till
553 405 87 28 påföljd,
658 407 32 20 att
705 405 142 22 slutsumman
863 405 22 21 af
898 406 93 22 löneför-

164 436 117 27 höjningen
302 434 47 22 blef
368 435 49 26 hög.
447 435 61 21 Hade
531 434 223 27 löneförhöjningarne
773 434 48 27 gått
839 434 72 21 såsom
926 433 64 27 förut,

165 464 108 27 nämligen
295 465 33 20 att
349 469 50 16 man
418 463 37 22 det
474 469 40 16 ena
529 463 48 22 året
592 463 69 21 skulle
676 462 62 28 gifvit
753 463 23 20 åt
790 469 39 21 par
844 462 149 27 myndigheter

165 492 187 26 löneförbättring,
369 491 40 22 och
429 491 37 22 det
483 492 67 21 andra
565 492 48 21 året
627 491 27 22 de
670 492 72 25 andra,
759 491 24 21 så
798 491 55 22 hade
869 491 123 28 stegringen

165 521 49 22 icke
229 522 28 26 på
272 527 26 16 en
314 520 57 27 gång
385 520 56 22 varit
455 519 26 22 så
495 522 52 24 stor,
559 519 41 23 och
610 520 37 21 det
657 519 56 22 hade
725 519 134 27 naturligtvis
870 520 48 22 icke
928 519 64 22 fram-

166 550 68 22 kallat
256 548 141 27 anmärkning
416 549 7 21 i
443 554 81 16 samma
541 549 53 27 grad
610 554 46 16 som
672 548 28 22 då
714 548 29 28 på
759 554 26 16 en
800 549 57 27 gång
872 548 120 28 statsutgif-

167 582 63 19 terna
244 578 86 28 mycket
344 577 116 28 förhöjdes.
490 578 50 21 Men
553 578 38 27 jag
605 578 39 20 ber
658 577 22 22 få
694 579 85 25 nämna,
795 579 33 20 att
843 578 23 21 af
876 578 27 21 de
916 578 78 27 många

167 608 137 28 tjenstemän,
320 612 47 16 som
382 606 91 22 kommit
487 606 7 21 i
509 606 127 28 åtnjutande
651 608 21 19 at
687 612 27 16 en
729 605 178 29 löneförhöjning,
919 613 26 15 en
957 606 36 22 be-

167 636 69 28 tydlig
258 636 41 26 del,
320 641 38 16 var
380 635 67 21 sådan
466 641 46 16 som
528 636 118 21 ständerna
661 635 34 21 vid
711 637 86 20 senaste
812 635 103 27 landtdag
929 635 64 22 fram-

167 664 59 24 höllo
248 666 34 20 att
303 664 68 22 borde
393 664 155 27 ihägkommas.
578 664 44 22 Det
636 670 38 15 var
687 663 78 23 främst
779 664 214 24 kronolänsmännen,

168 700 48 16 som
230 694 67 21 redan
312 694 51 26 togo
379 692 8 22 i
402 693 93 27 anspräk
509 699 40 21 par
563 693 84 21 hundra
662 694 64 20 tusen
741 693 66 25 mark,
824 705 27 3 —
867 693 85 22 säledes
968 700 27 15 en

168 722 97 28 betydlig
280 722 42 21 del.
352 722 56 21 Näst
423 722 139 21 länsmännen
578 722 35 21 mä
628 723 88 20 nämnas
733 722 42 22 den
790 723 61 21 stora
865 722 130 22 landtmäte-

169 752 98 25 ristaten,
283 757 47 15 som
345 757 38 15 var
397 750 44 22 lika
457 750 58 22 snäft
529 750 85 22 aflönad
630 756 47 16 som
691 751 147 24 länsmännen,
853 750 87 23 hvarför
955 752 40 21 ock

170 781 38 21 det
222 786 38 15 var
281 780 60 21 svärt
364 780 32 20 att
417 779 34 21 för
470 780 70 21 denna
554 780 40 21 kär
609 779 81 21 erhälla
704 779 50 21 fullt
768 779 102 27 lämpliga
885 786 110 21 personer.

169 809 44 22 Det
227 814 38 16 var
280 810 57 20 ännu
346 808 110 26 ätskilliga
464 808 68 21 andra
539 808 137 27 tjenstemän,
685 808 72 22 säsom
765 808 150 26 kronofogdar,
924 808 72 22 hvilka

169 838 72 22 säsom
256 836 94 22 varande
366 836 235 27 kronouppbördsmän,
613 836 106 27 styrelsen
731 837 68 26 ansäg
809 836 53 22 böra
877 837 8 21 i
895 836 101 23 afseende

170 867 14 20 å
208 865 120 27 aflöningen
350 865 25 22 sä
397 865 82 26 ställas,
496 867 33 20 att
548 871 48 16 man
612 865 48 22 icke
675 865 70 22 skulle
761 865 110 27 äfventyra
886 867 33 20 att
934 865 26 22 de
976 865 22 22 af

170 895 72 22 nöden
257 894 69 21 skulle
342 894 84 26 tvingas
443 894 33 21 till
492 893 83 28 oredlig
590 893 130 28 förvaltning
735 893 22 22 af
765 894 93 22 kronans
869 894 76 23 medel.
960 894 36 21 Vi-

171 924 51 21 dare
237 930 38 15 var
289 923 143 21 läkarekären
453 923 68 21 ocksä
538 923 8 21 i
565 922 67 23 behof
646 921 24 23 af
682 922 180 28 löneförbättring
876 923 50 22 med
941 923 55 22 afse-

171 953 55 22 ende
241 953 13 20 å
269 951 42 22 den
325 951 126 28 långvariga
466 952 51 21 kurs
533 952 64 21 desse
612 952 131 27 tjenstemän
757 953 70 20 måste
841 952 107 27 genomgå
962 953 36 21 vid

170 981 152 22 universitetet
344 981 41 21 och
408 981 27 21 de
453 981 61 26 ringa
528 981 93 26 utsigter
636 981 32 21 till
683 980 114 22 befordran
813 987 46 15 som
875 981 28 22 de
917 981 57 22 hade
989 981 8 21 i

171 1010 121 21 framtiden.
322 1009 106 26 Slutligen
444 1015 38 15 var
498 1009 37 21 det
550 1009 62 21 äfven
627 1009 134 27 nödvändigt
775 1011 33 20 att
823 1009 57 27 gifva
890 1010 108 22 lärarekä-

172 1045 38 16 ren
225 1038 8 22 i
248 1036 74 24 landet
336 1037 177 27 löneförhöjning,
529 1038 69 21 ehuru
614 1038 41 21 den
670 1038 48 22 icke
733 1038 72 22 kunde
821 1038 135 27 genomföras
971 1039 28 26 pä

172 1073 82 16 samma
269 1066 57 27 gäng
340 1072 47 16 som
403 1066 41 22 den
460 1066 108 22 allmänna
582 1066 184 28 löneregleringen
781 1066 40 22 och
832 1067 18 27 ej
866 1067 133 22 annorlunda

173 1098 28 20 än
222 1095 147 28 provisionelt,
389 1095 89 22 emedan
501 1094 133 23 beträffande
654 1095 126 22 läroverken
796 1095 109 27 ätskilliga
919 1096 79 22 förhäl-

172 1125 79 21 landen
267 1126 57 20 ännu
339 1124 73 26 borde,
428 1123 64 22 innan
506 1124 42 21 den
564 1123 108 22 definitiva
681 1123 205 28 löneförhöjningen,
897 1125 102 26 regleras.

173 1153 42 27 Jag
228 1152 58 22 hade
301 1152 108 21 mähända
423 1154 57 19 ännu
495 1152 82 22 kunnat
587 1154 78 19 nämna
672 1152 110 26 åtskilliga
789 1152 155 28 myndigheter,
953 1158 47 16 som

174 1182 67 22 ocksä
262 1181 56 22 hade
340 1181 127 26 rättmätiga
488 1181 94 27 anspräk
597 1180 29 28 pä
640 1180 99 28 förhöjda
753 1181 133 27 löneanslag,
902 1188 48 15 men
963 1182 38 26 jag

173 1210 129 22 inskränker
322 1209 45 26 mig
385 1209 32 21 till
431 1209 57 21 hvad
505 1210 38 26 jag
557 1209 67 22 redan
639 1209 76 21 anfört.
746 1209 42 27 Jag
802 1210 49 21 ville
867 1210 84 22 ändock
965 1210 36 21 til-

174 1239 65 26 lägga
261 1239 39 25 att,
324 1237 35 21 vid
379 1240 87 19 senaste
485 1238 104 26 landtdag
603 1238 57 21 hade
675 1238 117 22 ständerna
806 1238 116 22 framhällit
937 1239 64 21 önsk-

174 1266 119 22 värdheten
308 1265 23 22 af
347 1267 32 19 att
397 1266 27 20 de
439 1266 60 25 lägre
513 1266 191 26 tjenstemännens,
719 1266 88 21 framför
822 1267 39 21 allt
875 1267 126 21 kronoläns-

174 1296 104 20 männens
294 1293 60 22 löner
369 1293 152 21 förbättrades.
538 1293 169 22 Statsutskottet
721 1293 57 22 hade
794 1294 40 21 ock
849 1295 106 21 beräknat
968 1296 33 19 att

166 1323 197 22 -embetsmännens
378 1321 61 22 löner
453 1321 72 22 kunde
537 1321 95 28 förhöjas
648 1321 54 22 efter
717 1323 59 20 vissa
785 1323 120 26 procenttal
916 1323 40 22 och
965 1323 34 21 sä-

176 1352 52 21 dant
242 1350 72 27 ingick
328 1349 63 22 äfven
405 1350 8 21 i
429 1350 175 22 statsutskottets
614 1349 148 29 finanskalkyl.
779 1351 169 22 Statsutskottet
961 1351 39 22 har

175 1379 118 24 framhällit
308 1381 32 20 att
355 1379 111 27 samtidigt
481 1379 48 21 med
544 1379 185 28 löneregleringen
744 1379 56 22 hade
811 1380 48 22 bort
869 1381 40 21 ske
920 1387 27 15 en
957 1380 43 23 för-

178 1409 86 26 enkling
279 1407 23 30 af
320 1407 158 27 förvaltningen
493 1407 40 22 och
549 1408 33 22 till
596 1407 53 28 följä
663 1408 63 22 deraf
739 1409 109 27 ätskilliga
862 1410 93 27 tjenster
969 1409 32 22 in-

177 1438 84 27 dragas.
277 1437 67 22 Äfven
359 1436 54 22 härä
427 1436 39 22 har
480 1437 218 27 uppmärksamheten
712 1437 71 22 blifvit
798 1439 76 26 egnad.
890 1437 58 25 Ifrån
956 1445 44 15 em-

176 1465 228 29 betsmyndigheterna
417 1465 65 22 hafva
497 1465 70 22 blifvit
582 1465 120 22 affordrade
717 1467 132 27 utlätanden,
866 1473 49 16 men
929 1469 72 25 tyvärr

176 1495 64 22 ledde
256 1494 61 22 detta
331 1494 50 22 icke
395 1494 32 21 till
442 1494 67 27 några
523 1495 122 27 synnerliga
659 1495 99 27 resultat,
770 1496 89 21 emedan
869 1496 47 22 från
927 1496 27 21 de
964 1496 37 21 fle-

177 1526 37 20 sta
227 1523 44 23 håll
286 1522 117 26 framhölls,
419 1524 34 21 att
467 1523 121 23 ärendenas
603 1524 79 26 mängd
697 1524 28 27 pä
741 1530 76 16 senare
832 1524 56 22 tider
901 1524 25 23 sä
935 1524 66 22 tillta-
