1064 1717
199 111 54 20 1154
513 110 41 18 Den
566 110 21 17 23
600 110 45 22 Maj.

166 174 72 22 måste
260 181 53 15 anse
332 177 33 19 att
385 175 41 21 den
444 175 143 26 nedprutning
602 174 22 24 af
637 174 90 23 arvodet
744 181 42 16 som
794 175 117 22 utskottet
924 175 66 27 gjort,

166 202 50 22 icke
239 204 24 20 är
277 203 99 27 lämplig;
396 203 42 21 den
452 203 87 21 hindrar
552 204 87 20 ståndet
653 202 55 22 ifrån
724 205 32 20 att
770 203 47 21 fritt
831 204 52 26 göra
896 203 39 23 sitt
949 203 40 23 val.

166 231 44 25 Jag
225 230 37 22 vill
276 231 53 27 yrka
343 232 29 26 pä
387 232 63 25 8,000
465 232 60 20 mark
540 232 23 20 åt
578 231 85 27 enhvar,
680 232 101 26 antingen
796 232 28 21 de
839 233 37 20 äro
891 230 48 23 från.
953 237 37 17 an-

168 266 43 14 nan
228 261 34 19 ort
276 260 54 21 eller
344 260 40 21 här
398 260 93 21 bosatta.
801 281 2 2 N

237 288 99 22 Friherre
354 288 103 26 Wrede,
477 288 84 22 Rabbe:
586 288 42 27 Jag
642 288 49 22 ville
707 288 77 22 endast
799 288 103 22 anmärka
916 290 75 25 gente-

168 318 47 19 mot
238 316 72 26 grefve
332 316 97 26 Armfelt,
453 318 33 20 att
509 322 25 16 en
549 316 189 28 bankfullmäktigs
753 316 105 28 uppdrag,
874 323 35 15 om
924 317 67 21 ocksä

169 345 77 27 vigtigt
268 345 41 21 och
330 344 145 27 ansvarsfullt,
493 345 85 22 likvisst
592 345 47 22 icke
655 348 61 24 tager
731 352 27 15 en
773 346 132 27 betydligare
921 346 35 21 del
971 345 23 22 af

168 373 55 21 hans
239 373 30 22 tid
285 374 7 21 i
308 374 99 27 anspråk.
437 374 11 21 I
462 374 73 26 regeln
549 374 68 24 hållas
632 374 174 22 sammanträden
822 380 26 16 en
860 374 69 27 gängi
941 380 50 16 vec-

168 402 50 21 kan.
248 402 65 22 Tider
327 402 63 22 hafva
405 402 141 27 förekommit,
561 402 8 22 i
581 402 115 27 synnerhet
711 402 69 22 under
795 402 41 22 den
852 403 54 21 sista
920 403 71 21 landt-

168 430 164 27 dagsperioden,
349 431 28 21 dä
396 431 188 21 sammanträdena
598 430 64 22 hafva
676 431 56 21 varit
747 431 85 27 mycket
847 433 53 23 täta,
916 431 76 27 betyd-

168 459 41 26 ligt
224 461 77 24 tätare,
317 465 49 16 men
386 459 61 22 detta
465 461 24 19 är
503 459 116 27 undantag,
636 459 41 22 och
692 459 7 22 i
715 459 117 22 allmänhet
846 461 25 20 är
886 460 37 21 det
936 459 56 22 blott

169 494 26 14 en
211 487 82 22 mindre
309 488 35 21 del
359 488 21 21 at
395 488 33 21 sin
439 488 38 25 tid,
489 494 45 15 som
545 488 205 27 bankfullmäktigen
761 488 64 22 ofirar
835 488 24 22 ät
870 488 60 22 detta
938 495 53 20 upp-

168 515 64 27 drag;
248 516 40 21 och
303 516 71 22 skulle
386 516 38 27 jag
440 515 71 22 derför
525 523 52 15 anse
593 517 26 21 de
635 516 22 21 af
671 517 109 22 utskottet
794 516 122 28 föreslagna
930 523 61 16 arvo-

168 545 57 21 dena
239 550 52 16 vara
306 545 125 27 tillräckligt
445 545 62 26 höga.

238 573 57 22 Herr
309 573 96 27 Antell,
422 573 91 22 Kasten:
529 573 35 22 Dä
576 573 38 28 jag
628 573 48 22 icke
688 573 130 27 observerat,
826 573 106 22 huruvida
943 574 49 22 herr

169 601 102 28 Pippings
293 601 87 28 förslag,
404 608 33 15 om
461 602 26 21 de
509 602 28 27 pä
556 602 61 22 sidan
633 604 26 19 36
675 604 110 25 upptagna
800 603 145 26 ersättningar
959 602 33 22 för

168 630 128 27 suppleants
312 631 40 21 och
367 631 93 21 revisors
475 631 166 22 resekostnader
651 631 69 21 blifvit
730 631 135 27 understödt,
875 631 25 22 sä
910 626 35 37 ber
956 631 36 28 jag

168 658 23 21 fä
206 658 74 22 förena
294 659 44 27 mig
352 665 35 16 om
403 659 61 22 detta
478 659 87 27 förslag.

238 687 99 22 Friherre
352 693 41 16 von
408 687 81 26 Troil,
507 687 86 22 Gustaf:
609 687 10 22 I
635 688 61 21 detta
710 689 96 21 moment
820 687 68 23 finnes
904 687 87 27 infördt,

167 717 36 19 att
216 716 89 21 arvodet
312 715 34 22 för
353 716 202 27 bankfullmäktiges
564 716 142 27 sekreterare,
716 717 149 27 expeditionen
874 717 40 21 och
920 716 72 23 kansli

168 744 64 21 skola
248 745 52 26 utgä
314 744 47 22 frän
376 745 95 22 bankens
487 745 76 22 medel.
593 745 42 26 Jag
649 745 36 21 vill
700 745 106 27 päminna,
822 747 33 20 att
864 745 62 23 äfven
937 745 54 22 revi-

168 778 90 16 sorerna
272 773 98 22 använda
384 773 135 22 sekreterare
534 773 40 22 och
590 773 69 21 kansli
674 773 41 22 och
730 775 33 20 att
771 774 59 21 detta
838 774 79 21 arvode
925 774 66 22 borde

168 801 35 21 väl
222 801 60 22 äfven
298 802 53 26 utgä
364 801 47 22 frän
426 802 96 22 bankens
537 802 77 22 medel.

238 830 56 21 Herr
312 830 180 27 Charpentier:
517 831 72 21 Jämte
605 831 37 20 det
654 831 38 26 jag
707 830 33 21 fär
754 831 132 22 understöda
901 831 91 22 friherre

169 864 42 15 von
233 858 69 21 Troils
324 858 80 28 förslag
422 865 34 15 om
471 861 32 19 att
522 859 3 21 i
540 861 118 20 momentet
672 859 70 22 skulle
756 859 84 26 intagas
856 865 27 16 en
897 859 94 22 bestäm-

168 887 53 26 ning
236 893 34 15 om
285 887 121 22 kostnaden
422 887 33 22 för
469 887 145 22 revisorernas
630 887 135 22 sekreterare
780 888 41 21 och
834 888 76 26 kansli,
921 888 71 21 skulle

166 915 39 26 jag
227 915 85 21 biträda
331 915 177 22 bankutskottets
523 915 81 27 förslag
619 916 91 21 rörande
726 917 95 20 arvodet.
851 917 33 21 En
899 916 93 27 aflöning

168 943 24 20 af
211 945 63 24 6,000
296 944 61 21 mark
380 944 45 21 stär
446 944 117 26 ingalunda
577 945 7 20 i
599 944 133 22 förhällande
748 945 32 20 till
796 944 36 22 det
848 945 81 25 arbete,
946 951 45 16 som

168 971 135 27 fullmäktige
318 972 68 26 hafva,
407 978 48 15 men
471 975 24 18 är
513 973 47 21 icke
575 972 68 21 häller
656 972 33 22 för
704 972 43 27 hög
761 973 7 21 i
784 973 108 22 anseende
906 973 34 21 till
955 973 37 22 det

167 999 59 27 höga
240 1006 79 16 ansvar
333 1007 46 15 som
394 1000 179 27 bankfullmäktig
588 1001 45 21 har.
649 1001 34 21 Dä
697 1001 61 21 detta
772 1007 79 16 ansvar
865 1001 42 22 blir
920 1001 72 22 förde-

168 1028 53 25 ladt,
237 1029 25 21 sä
276 1035 64 15 anser
352 1029 38 27 jag
405 1031 33 20 att
453 1030 89 21 arvodet
559 1030 41 21 kan
616 1029 120 22 nedsättas.

237 1057 57 22 Herr
308 1057 153 27 Schauman,
478 1058 94 27 August:
587 1058 42 26 Jag
644 1058 48 21 ville
709 1058 107 26 anmärka,
833 1059 33 21 att
880 1059 111 26 principen

168 1085 49 21 icke
240 1087 24 20 är
286 1086 77 27 tydligt
385 1086 40 21 och
448 1087 70 26 redigt
538 1087 105 26 uttryckt;
666 1093 50 14 man
731 1087 69 21 skulle
815 1087 73 21 kunna
902 1089 41 24 tro,
959 1089 33 20 att

167 1113 145 22 ordföranden
327 1115 7 20 i
349 1115 56 21 intet
419 1114 36 22 fall
471 1115 54 21 skall
541 1115 83 27 ätnjuta
639 1115 79 21 arvode
733 1121 59 15 mera
808 1117 27 20 än
849 1115 63 27 6,000
924 1116 66 25 mark,

168 1148 34 15 om
219 1141 42 22 han
276 1144 25 19 är
315 1142 47 21 frän
376 1143 135 26 Helsingfors
527 1143 52 22 eller
593 1143 46 21 frän
655 1149 69 16 annan
740 1145 34 20 ort
788 1143 105 28 inflyttad,
906 1144 26 21 dä
944 1144 47 21 der-

168 1171 46 20 mot
230 1170 68 27 öfriga
312 1171 112 27 inflyttade
439 1171 133 27 fullmäktige
588 1171 60 22 skola
655 1172 236 27 komma
743 1166 13 37 i
767 1172 119 27 åtnjutande
899 1172 23 21 af
928 1174 63 24 3,000

168 1199 68 21 mark.
265 1199 101 26 Troligen
382 1202 24 19 är
420 1201 112 26 meningen
547 1203 33 18 att
595 1199 142 22 ordföranden
748 1201 54 20 skall
811 1201 98 27 åtnjuta
900 1195 11 37 i
918 1201 73 27 hvarje

168 1227 37 21 fall
221 1229 64 24 2,000
300 1228 61 21 mark
376 1234 59 16 mera
450 1231 25 18 än
493 1229 26 21 de
535 1228 67 27 öfriga
616 1228 154 22 ledamöterna.

237 1255 98 22 Friherre
358 1257 101 25 Wrede,
476 1257 84 20 Rabbe:
585 1257 47 20 Den
647 1257 87 26 mening
748 1257 50 21 herr
814 1257 121 21 Schauman
951 1258 40 20 sist

167 1284 81 23 nämnt,
272 1285 46 19 tror
330 1284 38 26 jag
382 1284 62 21 äfven
460 1284 54 20 skall
529 1286 104 24 otvunget
647 1284 82 27 framgå
743 1291 27 14 ur
784 1287 128 19 momentets
928 1285 62 22 orda-

168 1311 88 27 lydelse,
273 1312 29 21 dä
316 1312 38 22 det
368 1312 63 22 heter
445 1314 33 19 att
494 1312 202 28 ,bankfullmäktige
712 1313 84 27 ätnjuta
811 1314 7 20 i
833 1313 65 27 ärligt
911 1314 79 22 arvode

166 1340 144 22 ordföranden
326 1346 38 16 sex
379 1343 70 23 tusen,
465 1340 67 27 öfrige
547 1340 133 28 fullmäktige
696 1342 80 22 enhvar
789 1342 47 27 fyra
850 1344 64 20 tusen
930 1343 61 22 mark

165 1368 69 22 finskt
255 1372 65 24 mynt,
344 1376 34 15 om
393 1370 27 22 de
435 1370 57 22 förut
507 1372 36 20 äro
559 1370 8 22 i
581 1370 135 28 Helsingfors
731 1371 93 27 bosatte,
840 1371 41 22 och
895 1372 47 22 åtta
957 1374 34 19 tu-

166 1404 40 15 sen
221 1398 67 27 mark,
305 1404 34 16 om
355 1399 26 22 de
396 1398 33 23 för
443 1400 92 21 nämnda
550 1399 131 27 befattnings
698 1400 56 22 skull
768 1399 48 24 frän
831 1406 69 16 annan
914 1402 35 21 ort
959 1401 32 22 dit

166 1426 114 29 infyttat."

236 1456 56 22 Herr
306 1456 23 22 af
342 1456 145 22 Forselles:
502 1457 42 27 Jag
559 1458 69 21 måste
643 1457 85 23 biträda
743 1458 50 22 herr
808 1458 133 23 Schaumans
953 1465 37 15 an-

166 1484 122 28 märkning:
305 1486 130 22 åtminstone
449 1486 42 21 kan
505 1486 37 27 jag
557 1486 48 22 icke
619 1486 22 21 få
656 1487 37 21 det
708 1488 33 20 att
756 1487 25 21 så
795 1487 57 22 klart
867 1487 84 27 framgå
965 1493 27 16 ur
