1086 1723
456 106 42 18 Den
510 106 11 18 3
533 106 48 18 Juni.
828 107 54 20 1449

90 173 27 22 RB.
133 179 20 16 o.
169 173 24 21 A.
208 172 36 22 vid
263 172 155 28 behandlingen
438 173 24 21 af
478 179 81 15 samma
573 173 95 21 utskotts
683 172 137 22 betänkande
834 177 36 16 n:o
887 173 25 20 18

89 202 117 22 förordade
220 202 84 27 planen.

161 230 42 26 2:0)
220 231 39 21 Att
275 230 64 22 bland
357 230 84 27 privata
456 231 105 25 läroverk,
577 236 46 16 som
638 230 23 22 af
674 232 71 20 staten
761 229 151 22 subventione-

91 264 48 22 ras,
152 259 94 21 svenska
260 259 83 27 lyceum
359 259 7 21 i
380 259 85 27 Kuopio
478 259 130 21 fortfarande
622 259 69 21 mätte
700 258 155 26 ihägkommas.

163 289 43 24 3:0)
222 288 39 20 Att
275 288 7 20 i
297 288 32 21 St.
345 287 89 22 Michels
448 288 84 26 lyceum
546 288 107 21 svenskan
667 287 131 21 fortfarande
806 287 67 21 måtte
881 286 32 21 bi-

93 316 98 22 behällas
206 316 73 22 säsom
293 316 234 27 undervisningsspräk.

161 345 63 21 Mom.
248 344 23 27 h)
294 344 7 22 i
323 344 118 22 utskottets
456 345 136 21 betänkande
607 344 125 27 godkändes
747 346 53 20 utan
815 343 98 22 anmärk-

95 380 58 21 ning.

161 402 117 26 Angäende
293 408 63 15 mom.
372 401 16 27 i)
406 402 84 27 yttrade

161 430 89 22 friherre.
270 430 23 21 af
306 429 141 22 Schultön:
473 431 43 21 Det
530 430 61 22 torde
606 430 49 21 med
669 431 58 20 rätta
742 429 73 22 kunna
829 431 84 19 anmär-

91 459 42 22 kas
147 461 38 24 att,
201 459 65 21 bland
282 459 26 22 de
323 459 120 21 inlemnade
458 460 147 25 petitionerna,
622 459 25 21 sä
661 459 45 20 vidt
718 459 38 27 jag
765 458 83 21 kunnat
857 464 54 21 upp-

93 488 71 26 täcka,
180 488 47 21 icke
243 488 62 27 ingår
319 487 66 28 något
400 487 79 22 sådant
494 487 183 28 petitionsförslag
692 493 45 16 som
753 487 38 22 det
805 487 7 21 i
825 493 62 15 mom.
899 486 14 26 i)

90 517 128 27 framlagda,
235 517 98 21 deremot
347 516 113 22 förefinnes
477 523 25 15 en
518 517 90 27 petition
623 523 34 14 om
672 516 133 21 inrättandet
819 516 7 21 i
836 515 78 22 Marie-

91 546 66 21 hamn
173 545 23 22 af
209 552 27 15 en
251 545 115 27 treklassig
380 545 138 22 bottenskola
532 545 39 22 och
588 546 13 21 &
616 545 67 22 andra
692 545 61 21 sidan
764 545 88 21 utredes
862 544 8 21 i
880 546 34 19 ut-

90 575 97 20 skottets
202 574 144 26 betänkande,
362 575 32 20 att
408 574 101 21 Bäckska
524 574 78 21 fonden
621 576 24 19 är
660 574 65 21 bland
740 575 66 20 annat
821 573 94 21 inrättad

89 603 36 21 till
140 603 81 22 förmån
236 603 33 21 för
284 603 190 26 skolinrättningar
488 604 28 26 pä
530 597 77 28 Äland.
637 603 42 26 Jag
694 602 70 21 skulle
780 601 85 22 anhålla
881 607 35 15 om

90 631 176 27 omformulering
281 631 23 21 af
317 632 60 21 detta
391 633 94 20 moment
501 631 90 22 sålunda
605 633 34 20 att
653 631 50 22 med
720 631 39 25 ,de
775 630 141 21 afframlidne

90 659 297 22 referendariesekreteraren
402 659 82 22 Henrik
498 660 106 21 Reinhold
619 660 60 21 Bäck
687 665 76 21 genom
773 660 142 20 testamenta-

91 689 47 21 risk
153 688 128 27 disposition
297 688 32 21 till
344 688 82 21 förmån
441 688 33 21 för
488 689 125 21 skolverket
630 688 7 21 i
654 688 57 21 förra
725 683 47 26 Åbo
789 687 46 22 stift
851 687 65 22 done-

90 717 55 21 rade
161 717 70 21 medel
246 717 68 21 måtte
329 723 26 15 en
371 717 115 26 treklassig
500 717 61 21 skola
579 717 4 20 i
598 717 131 21 Mariehamn
744 717 99 20 inrättas.
873 715 44 22 Det

92 747 27 20 är
134 746 119 21 detsamma
267 752 47 15 som
329 745 107 22 utskottet
450 745 38 22 har
504 745 84 28 äsyftat,
605 745 68 22 ehuru
685 745 38 27 jag
738 748 45 18 tror
799 746 32 20 att
846 745 71 20 denna

92 774 140 27 formulering
247 780 51 15 vore
313 773 163 27 formriktigare.

161 803 57 22 Herr
232 803 203 27 Pippingsköld:
456 802 301 23 Referendariesekreteraren
772 802 71 21 Bäcks
858 801 59 27 legat

93 832 54 22 eller
163 831 190 23 testamentariska
372 831 127 28 disposition
520 831 56 22 afser
594 831 38 22 det
646 831 94 22 latinska
755 831 99 26 spräkets
870 833 46 18 stu-

94 862 65 26 dium,
176 861 133 22 bekostande
325 860 22 22 af
364 860 70 22 lärare
452 861 45 21 deri
512 861 35 21 vid
562 861 125 21 läroverken
702 860 29 27 pä
746 859 121 27 aflägsnare
882 866 34 15 or-

93 892 35 20 ter
143 890 57 21 inom
235 890 26 21 Äbo
278 889 53 27 stift,
347 890 38 21 der
400 889 70 22 skilda
484 890 69 21 lärare
569 889 32 22 för
617 890 60 21 detta
691 889 66 27 spräk
772 889 47 21 icke
835 888 81 22 finnas:

94 918 58 22 afser
167 918 86 22 säledes
269 919 27 21 de
311 918 59 26 lägre
386 918 244 22 elementarläroverken
645 918 41 21 och
697 918 178 27 möjliggörandet
885 917 33 21 för

95 947 66 22 dessa
175 947 110 21 läroverks
301 947 71 21 elever
388 948 32 20 att
435 946 87 27 öfvergä
537 947 32 21 till
584 946 139 27 fullständiga
738 946 66 27 högre
814 946 103 21 lärdoms-

94 975 81 22 skolor.
204 975 10 22 I
229 975 71 22 denna
314 975 190 22 testamentariska
518 975 126 27 disposition
659 977 88 19 nämnes
763 974 104 21 särskildt
874 974 43 21 Ka-

92 1005 53 27 jana
167 1003 41 23 och
230 1004 63 21 äfven
334 1004 56 21 Åland.
419 1004 42 26 Jag
484 1004 35 21 vill
539 1004 70 21 erinra
623 1004 50 26 mig,
689 1003 69 22 ehuru
770 1003 38 27 jag
823 1003 48 21 icke
885 1002 33 21 för

96 1033 137 27 ögonblicket
248 1032 103 28 påträffar
366 1032 70 22 denna
450 1033 97 26 petition,
563 1034 33 20 att
611 1039 27 15 en
653 1032 68 21 sådan
729 1032 55 21 dock
794 1031 33 22 för
834 1031 84 28 Kajana

94 1061 70 22 finnes
186 1061 73 22 ibland
281 1062 28 21 de
331 1061 8 21 i
361 1061 60 22 detta
443 1061 58 22 häfte
521 1062 87 26 intagna
623 1061 101 27 speciella
739 1060 121 27 petitioner,
878 1060 40 21 och

94 1091 72 22 skulle
181 1090 72 22 derför
267 1090 52 27 vilja
332 1089 86 23 förorda
433 1090 29 27 på
476 1090 68 27 grund
560 1090 23 21 af
596 1091 75 21 senast
681 1089 112 22 anmärkta
803 1088 115 23 förhållan-

97 1120 34 25 de,
147 1119 110 22 äfvensom
273 1119 28 27 på
315 1119 69 27 grund
399 1118 23 22 af
435 1120 150 21 testamentets
601 1118 140 28 ordalydelse,
758 1120 33 19 att
801 1119 118 20 momentet

97 1148 119 22 bibehålles
232 1148 80 21 sådant
325 1148 37 21 det
376 1148 8 21 i
399 1148 118 21 utskottets
533 1147 135 22 betänkande
683 1150 25 19 är
721 1147 83 26 intaget
816 1147 8 21 i
832 1147 28 21 all
869 1146 49 21 dess

97 1177 123 26 allmänhet,
237 1176 101 29 eftersom
354 1177 40 21 den
410 1177 69 26 årliga
493 1179 76 19 räntan
583 1176 129 28 uppgående
727 1176 32 21 till
772 1175 76 26 12,000
858 1175 61 22 mark

96 1207 26 20 är
137 1205 120 27 disponibel
277 1206 47 26 just
345 1205 34 22 för
400 1205 144 22 bekostandet
566 1205 23 22 af
608 1205 70 21 lärare
693 1205 7 20 i
716 1205 93 20 latinska
824 1204 94 27 språket,

96 1235 40 20 der
151 1233 79 22 sådant
245 1234 42 21 kan
301 1234 76 27 nödigt
391 1240 51 15 vara
456 1234 8 20 i
479 1234 27 21 de
521 1234 129 27 aflägsnaste
666 1233 86 21 delarne
767 1233 23 21 af
803 1227 46 27 Åbo
866 1231 52 22 stift.

94 1262 45 27 Jag
154 1262 81 22 tillåter
250 1263 43 26 mig
307 1262 87 21 förorda
408 1265 129 19 momentets
552 1262 121 27 antagande
688 1261 144 22 oförändradt.

165 1290 100 23 Friherre
280 1290 22 22 af
317 1290 136 22 Schultén:
470 1291 32 21 Då
518 1291 41 22 den
575 1290 130 27 föregående
720 1290 83 21 talaren
816 1290 40 21 har
871 1291 49 25 sagt

96 1321 35 20 att
146 1319 66 22 också
234 1319 33 22 för
288 1319 84 28 Kajana
394 1320 149 26 petitionerats
563 1326 34 15 om
612 1325 26 16 en
654 1319 62 21 skola
731 1319 38 21 och
786 1320 33 19 att
834 1318 85 21 således

97 1354 64 15 mom.
183 1348 16 25 i)
220 1348 73 26 tyckes
313 1348 46 20 afse
376 1348 61 20 äfven
453 1355 26 13 en
494 1349 61 24 skola
571 1348 111 20 derstädes
698 1347 70 20 skulle
781 1347 38 26 jag
833 1347 85 23 föreslå,

97 1377 35 20 att
147 1376 65 21 dessa
226 1375 123 22 skolstäder
363 1375 68 22 måtte
446 1377 99 24 utsättas,
561 1375 34 22 för
605 1377 33 19 att
647 1375 48 21 icke
702 1374 130 27 invändning
840 1374 35 21 må
882 1375 38 25 gö-

97 1411 44 20 ras,
164 1406 33 19 att
218 1404 109 21 utskottet
345 1404 39 20 har
398 1403 57 28 gjort
470 1405 31 20 ett
516 1404 81 27 tillägg,
613 1409 47 16 som
674 1403 49 22 icke
737 1402 182 27 sammanhängde

98 1433 49 22 med
161 1433 27 22 de
203 1433 75 28 gjorda
291 1432 150 28 petitionerna.

99 1490 53 22 I
167 1462 99 21 Friherre
281 1461 99 27 Wrede,
395 1461 75 22 Rabbe
485 1461 59 27 Axel,
559 1461 147 21 understödde
716 1461 46 21 frih.
772 1460 23 22 af
806 1460 113 22 Schultens

109 1497 77 21 Orslag:

169 1520 56 22 Herr
240 1518 201 29 Pippingsköld:
466 1519 63 21 Mom.
543 1519 16 26 i)
574 1518 39 22 bar
628 1518 61 22 äfven
705 1518 122 22 tillkommit
841 1517 34 23 för
889 1520 33 20 att

831 1561 21 17 92
