1081 1717
205 108 55 26 1414
520 103 42 19 Den
571 104 10 17 3
593 103 51 20 Juni.

174 171 67 23 talats
256 172 46 20 mot
316 170 119 28 styrelsens
447 169 121 27 förfarande
582 169 8 22 i
605 169 100 22 afseende
720 169 14 21 å
744 169 27 22 de
780 168 36 22 vid
826 170 88 20 senaste
923 168 71 22 landt-

175 200 43 27 dag
231 199 96 26 begärda
344 198 69 21 finska
428 198 107 26 skolorna,
551 204 52 15 vara
616 197 130 26 fullkomligt
761 196 110 27 befogadt.
900 197 43 26 Jag
957 202 38 18 an-

174 234 42 20 ser,
237 229 32 21 att
288 227 107 27 styrelsen
413 226 48 22 icke
480 226 55 22 hade
549 227 72 26 någon
635 225 82 27 verklig
732 225 114 26 anledning
860 225 33 22 uti
907 226 87 21 senaste

174 256 101 22 ständers
290 255 112 22 uttalande
416 257 35 19 att
465 254 78 23 förfara
559 255 71 22 såsom
646 254 69 21 skedt.
746 254 91 24 Senaste
852 253 89 22 ständer
956 259 37 16 an-

173 285 58 22 höllo
247 284 79 23 endast
341 290 34 16 om
389 284 133 21 inrättandet
537 283 23 22 af
572 289 42 22 nya
628 282 70 23 finska
712 283 106 25 läroverk,
834 282 111 23 äfvensom
959 288 35 15 om

175 313 68 22 sådan
256 313 125 27 förändring
395 313 8 21 i
417 312 113 22 skolornas
544 311 143 27 läseordning,
702 311 88 22 hvilken
804 311 73 22 kunde
889 310 105 29 påkallas,

175 342 29 27 på
223 342 37 22 det
275 343 33 20 att
323 341 99 22 eleverna
437 341 38 22 allt
489 341 162 26 fullständigare
666 340 68 22 måtte
749 340 108 27 bibringas
873 340 99 27 kunskap
987 340 8 21 i

174 371 85 23 landets
275 370 68 22 andra
356 370 112 22 inhemska
483 370 72 27 språk.
577 369 96 22 Härmed
686 369 55 22 hade
754 369 116 24 ständerna
884 368 33 23 för
931 369 63 27 ingen

175 400 34 22 del
231 399 66 22 afsett
318 399 71 27 någon
411 399 26 22 så
457 399 130 27 vidtgående
608 398 123 27 förändring
746 397 23 22 af
781 398 153 23 skolväsendet
948 403 46 19 som

175 429 43 21 den
237 427 106 29 styrelsen
363 428 121 21 sedermera
503 428 50 22 sökt
571 429 60 20 sätta
644 427 8 21 i
666 427 81 26 verket,
763 429 27 19 än
806 427 80 24 mindre
901 426 47 23 haft
962 426 34 24 för

176 457 65 26 afsigt
255 459 34 20 att
302 456 34 23 för
351 463 26 15 en
392 457 74 26 längre
483 456 33 22 tid
533 456 147 23 åstadkomma
694 455 102 28 dröjsmål
810 455 49 22 med
873 455 122 22 inrättande

176 485 23 22 af
216 486 26 21 de
262 492 41 21 nya
322 485 133 22 läroverken.
484 485 39 22 Att
542 485 128 22 ständernas
685 485 86 26 mening
785 485 47 22 icke
848 485 56 21 varit
919 485 75 25 denna,

176 521 63 20 synes
259 514 88 22 alldeles
366 514 78 27 tydligt
463 513 66 27 deraf,
550 517 33 18 att
597 514 115 21 ständerna
726 513 85 22 anvisat
825 513 77 26 medel,
918 513 77 22 beräk-

175 543 56 22 nade
251 543 68 22 redan
332 542 47 21 från
393 543 156 21 höstterminen
567 544 60 25 1878,
644 543 33 20 att
690 542 53 27 utgå
756 541 34 22 för
805 543 26 20 de
846 548 41 21 nya
901 541 93 23 lärover-

175 572 50 21 ken.
247 571 34 22 Då
296 571 117 22 ständerna
427 571 78 22 endast
519 571 100 28 begärde,
635 573 33 19 att
683 571 36 22 det
729 570 69 22 skulle
808 571 100 26 vidtagas
918 571 78 26 åtgärd

175 600 34 23 till
230 600 128 27 förbättring
380 600 23 21 af
423 600 179 27 undervisningen
617 599 7 22 i
639 600 38 21 det
691 600 67 22 andra
772 599 112 22 inhemska
899 599 95 28 språket,

174 629 26 22 så
215 631 24 19 är
252 629 34 21 för
300 629 44 26 mig
359 628 130 22 åtminstone
505 629 102 27 ofattligt,
621 628 57 22 huru
692 629 72 26 någon
773 628 82 22 kunnat
865 628 60 22 tolka
936 628 60 21 detta

175 658 32 27 så,
223 659 33 20 att
271 657 106 22 derunder
392 657 70 22 skulle
477 657 58 27 legat
550 664 27 15 en
591 657 130 27 uppmaning
731 656 33 22 till
773 656 138 28 upptagande
922 656 23 22 af
953 656 42 24 frå-

174 692 42 22 gan
231 692 34 16 om
280 686 57 22 hvad
353 692 46 15 som
414 686 66 22 borde
495 688 78 25 utgöra
587 686 131 27 grundvalen
732 686 33 22 för
779 686 42 21 den
835 686 62 21 lärda
907 685 89 22 skolun-

176 715 150 27 dervisningen
348 714 207 28 öfverhufvudtaget.
586 714 40 22 Till
649 714 40 22 och
712 714 50 22 med
782 720 34 16 om
835 720 78 21 genom
928 720 26 15 en
969 713 26 22 fri

174 743 98 27 tolkning
292 743 23 21 af
332 742 128 24 ständernas
481 744 38 21 ord
539 744 26 21 de
580 743 56 21 hade
651 743 83 21 kunnat
748 743 25 21 så
788 742 72 26 fattas,
876 742 69 22 måste
958 742 38 27 jag

174 772 34 22 för
227 772 43 21 min
289 772 35 22 del
342 777 59 21 anse,
417 772 38 21 det
469 771 64 23 hafva
545 772 57 21 varit
617 772 32 22 ett
664 773 55 20 stort
733 771 99 27 politiskt
846 770 30 24 fel
891 773 33 20 att
939 770 56 28 gifva

176 800 48 22 dem
247 806 25 16 en
295 801 67 21 sådan
385 800 104 27 tolkning,
513 802 32 20 att
567 802 52 25 göra
641 800 133 22 inrättandet
794 800 23 21 af
832 800 65 22 dessa
916 800 78 26 skolor,

174 829 72 22 hvilka
260 828 43 22 den
318 828 70 22 finska
403 828 150 28 befolkningen
567 829 59 27 ifrigt
636 828 156 28 efterlängtade
803 828 41 22 och
853 828 73 22 hvilka
936 830 60 19 stän-

176 858 66 21 derna
260 857 57 21 hade
337 858 83 26 begärt,
438 857 109 22 beroende
567 857 48 22 utaf
628 864 26 15 en
670 863 69 15 annan
755 860 58 18 ännu
828 863 58 16 mera
900 857 46 21 vidt
960 856 36 27 gå-

175 886 55 22 ende
245 885 41 23 och
300 886 113 22 invecklad
428 885 145 28 reformfråga,
589 886 108 26 nämligen
712 886 76 26 frågan
804 891 34 16 om
848 885 147 27 anordningen

175 914 23 22 af
212 915 39 21 den
267 914 157 22 humanistiska
438 914 229 28 skolundervisningen
686 914 146 22 öfverhufvud.
857 914 67 22 Detta
939 920 56 15 sam-

174 943 156 27 mankedjande
350 943 23 21 af
390 942 38 22 två
443 943 82 22 sådana
539 943 73 28 frågor
627 950 38 15 var
681 944 119 26 onekligen,
816 943 72 21 såvidt
899 943 38 27 jag
952 942 43 22 kan

174 972 56 22 fatta
244 972 74 26 saken,
334 972 61 22 äfven
411 978 34 15 om
461 972 115 27 anledning
590 972 115 26 förefanns,
722 974 32 19 ett
770 974 56 20 stort
840 971 35 23 fel.
906 972 89 28 Följden

176 1000 61 22 deraf
254 1000 50 26 blef,
325 1002 33 20 att
375 1000 75 27 frågan
470 1007 35 15 om
521 1008 25 15 en
561 1001 130 26 förbättring
706 1000 23 22 af
742 1000 179 27 undervisningen
936 1001 8 21 i
959 1000 38 22 det

175 1029 68 22 andra
257 1029 89 28 språket
361 1029 61 22 sköts
438 1029 23 21 åt
476 1029 61 22 sidan
553 1030 41 21 och
609 1030 82 22 råkade
705 1030 7 20 i
723 1030 105 26 glömska,
838 1029 78 21 medan
926 1029 7 21 i
944 1029 52 22 stäl-

174 1058 32 21 let
221 1064 26 15 en
262 1058 55 21 strid
331 1059 94 25 utspann
440 1058 33 25 sig
488 1058 106 21 huruvida
608 1058 41 21 den
664 1059 58 20 rätta
736 1058 96 26 grunden
842 1057 34 22 för
885 1057 112 22 undervis-

175 1086 77 26 ningen
267 1087 7 20 i
291 1085 42 22 den
347 1086 62 21 lärda
424 1085 77 22 skolan
516 1093 50 16 vore
582 1086 27 22 de
624 1087 71 26 gamla
710 1087 93 26 språken
818 1085 52 23 eller
880 1086 117 27 någonting

175 1116 72 20 annat.
277 1114 50 22 Man
348 1114 78 22 väckte
445 1114 91 22 sålunda
551 1115 32 22 till
598 1115 35 21 lifs
649 1121 26 16 en
689 1115 67 26 fråga,
772 1115 85 22 hvilken
873 1114 8 21 i
896 1114 42 21 alla
953 1114 43 21 Eu-

174 1149 65 21 ropas
255 1143 148 21 kulturländer
416 1143 56 22 varit
487 1143 116 22 omtvistad
619 1143 40 22 och
674 1143 139 27 ingenstädes
830 1143 74 27 bragts
920 1143 33 21 till
964 1143 32 21 sin

174 1171 91 27 lösning.
297 1171 46 22 Och
363 1171 37 22 det
418 1177 38 16 var
475 1171 70 22 denna
559 1172 62 27 fråga
635 1178 49 15 man
699 1171 49 23 ville
763 1171 63 22 hafva
840 1172 44 21 löst
898 1171 40 22 hos
952 1177 44 19 oss,

174 1200 64 22 innan
260 1207 50 15 man
332 1200 105 27 beviljade
461 1200 26 21 de
509 1200 70 23 finska
599 1201 107 21 skolorna.
735 1200 69 22 Bland
820 1201 27 21 de
862 1200 72 27 motiv,
950 1206 46 15 som

174 1229 51 22 herr
239 1228 112 22 Molander
365 1228 72 22 anfört
451 1229 32 20 till
497 1229 83 22 försvar
594 1229 33 22 för
641 1229 116 27 styrelsens
772 1228 128 27 förfarande,
911 1229 39 21 har
960 1235 36 16 va-

174 1257 30 20 rit
226 1257 43 25 det,
293 1258 33 19 att
349 1257 148 20 erfarenheten
519 1258 57 20 visat
596 1257 167 26 olämpligheten
783 1257 23 20 af
819 1258 27 20 de
861 1257 136 21 existerande

175 1284 154 27 realskolorna,
352 1285 41 20 och
415 1286 33 19 att
471 1291 48 14 man
542 1285 58 22 velat
619 1285 64 21 ställa
697 1285 76 26 frågan
789 1291 35 15 om
837 1285 161 22 realskolornas

174 1313 127 26 indragning
315 1313 8 20 i
338 1312 104 21 samband
457 1313 49 20 med
521 1313 135 22 inrättandet
670 1313 22 21 af
705 1319 42 22 nya
761 1312 71 22 finska
842 1313 80 22 skolor.
947 1313 50 22 Men

174 1341 34 22 för
222 1341 43 22 min
281 1341 35 22 del
331 1343 45 20 tror
388 1341 45 27 jag,
445 1343 34 20 att
494 1347 25 16 en
535 1342 127 27 indragning
677 1341 22 22 af
713 1342 82 21 sådana
808 1342 126 27 realskolor,
950 1347 46 17 som

175 1370 68 22 sakna
263 1370 78 27 elever,
361 1370 86 27 mycket
465 1370 35 21 väl
519 1370 72 23 kunde
606 1377 41 20 ega
661 1377 47 15 rum
723 1373 53 19 utan
792 1373 32 20 att
839 1377 49 16 man
903 1371 94 22 behöfde

174 1401 52 26 taga
240 1399 69 22 under
323 1398 134 28 ompröfning
473 1399 123 28 skolfrågan
611 1400 7 21 i
633 1399 50 22 hela
697 1400 50 21 dess
763 1399 58 22 vidd.
850 1399 80 23 Vidare
944 1400 53 22 nöd-

175 1434 39 21 gas
231 1427 39 28 jag
284 1428 71 21 uttala
371 1428 39 21 den
427 1427 90 28 åsigten,
535 1431 32 19 att
583 1429 37 21 det
635 1430 46 20 sätt
694 1428 82 28 hvarpå
791 1429 105 27 styrelsen
911 1428 86 22 besatte

174 1457 112 27 platserna
301 1457 32 21 uti
349 1456 142 22 skolkomitén
506 1463 37 16 var
559 1458 80 27 egnadt
653 1459 32 20 att
698 1457 112 23 framkalla
828 1457 41 22 och
886 1457 110 27 verkligen

175 1485 62 22 äfven
252 1485 140 22 framkallade
405 1491 38 16 oro
459 1485 7 21 i
480 1486 80 22 landet.
585 1487 52 21 Man
652 1487 117 25 anmärkte,
786 1486 40 22 och
842 1487 37 21 det
888 1486 109 22 uttalades

175 1513 106 28 offentligt
299 1514 36 22 vid
354 1514 37 22 det
410 1514 107 23 allmänna
539 1514 192 28 skolläraremötet,
748 1521 46 16 som
808 1514 56 23 hölls
878 1514 50 23 kort
943 1514 55 22 efter
