1067 1725
432 105 42 19 Den
486 106 22 17 23
521 105 43 23 Maj.
819 108 52 20 1151

78 172 34 20 tet
126 170 23 22 af
162 171 36 21 två
213 176 108 22 personer.
357 172 43 21 Det
414 173 25 20 är
455 171 56 22 dock
525 177 59 17 mera
598 171 131 27 garanti
698 166 39 38 för
743 178 35 15 om
793 171 107 22 bankfull-

78 200 95 26 mäktige
196 201 37 19 äro
255 199 51 21 flere
329 200 41 21 och
385 206 37 16 om:
435 200 42 22 den
493 199 62 28 äsigt,
571 206 47 15 som
632 200 75 22 vinner
721 200 100 26 gällande
835 200 64 26 kraft,

78 230 26 21 är
115 228 144 22 understödd
281 227 23 21 af
321 234 28 15 en
368 228 136 27 uppfattning
519 228 38 22 hos
573 228 51 22 flere
638 234 109 22 personer.
778 228 44 22 Det
836 234 64 22 synes

79 256 45 26 mig
148 255 66 22 också
236 256 77 26 vigtigt
334 256 8 21 i
361 256 68 22 andra
447 256 101 26 frågor,
540 251 15 36 i
564 256 27 21 de
606 256 177 26 hemställanden,
799 262 47 16 som
861 256 39 22 ske

79 284 47 22 från
142 284 145 23 direktionens
304 284 47 22 sida
359 284 41 23 och
411 285 36 22 vid
454 285 126 22 uttalanden
587 284 47 22 från
641 284 203 27 bankfullmäktiges
853 284 48 22 sida

80 313 32 21 till
128 313 135 22 direktionen
278 314 33 20 att
327 313 26 22 de
368 313 85 27 yttrade
469 313 108 27 åsigterna
592 313 101 22 omfattas
708 313 23 21 af
744 313 58 22 flere.
818 313 44 22 Det
877 315 24 19 är

78 342 81 21 lättare
170 341 115 24 dessutom
301 343 32 20 att
347 342 58 27 välja
420 343 32 20 ett
467 343 70 20 större
551 342 59 21 antal
631 344 27 19 än
673 343 33 20 att
720 341 96 22 anförtro
832 342 70 22 denna

79 369 131 28 befogenhet
225 370 23 21 ät
262 370 63 22 färre.
359 371 42 26 Jag
419 371 70 21 skulle
501 371 47 26 just
562 370 49 22 med
626 371 82 27 hänsyn
724 370 77 27 dertill,
817 372 33 20 att
864 371 38 21 det

80 399 94 22 element
188 398 24 23 af
224 399 159 27 mänesidigare
397 399 96 26 insigter,
509 405 46 16 som
562 399 72 22 kunde
645 401 161 25 representeras
814 399 23 21 af
842 399 60 22 med-

79 428 117 21 lemmarne
213 427 8 21 i
235 433 27 16 en
278 427 173 27 diskontkomitö,
466 428 49 21 icke
530 427 144 22 numera:
637 423 36 35 kan
689 427 82 27 vinnas,
788 427 28 22 dä
825 427 77 22 försla-

80 458 38 25 get
132 456 75 21 härom
229 455 95 26 förfallit,
347 456 56 22 finna
426 458 26 19 än
475 463 60 15 mera.
548 457 47 20 skäl
612 458 33 19 att
659 456 56 27 välja
730 456 47 22 åtta
791 462 111 21 personer.

80 485 64 22 Valet
158 485 94 21 kommer
269 485 85 21 ändock
368 486 34 20 att
416 484 127 23 inskränkas
557 484 179 28 hufvudsakligen
746 485 33 21 till
786 485 115 22 härstädes

79 513 86 22 boende
187 513 42 22 och
251 513 37 23 det
311 515 24 20 är
356 513 47 22 icke
419 513 25 22 sä
458 513 89 22 alldeles
562 513 43 22 lätt
619 515 33 20 att
666 513 57 22 finna
737 513 46 28 fyra
798 519 105 22 personer

80 549 47 15 som
150 542 69 22 skulle
241 541 74 23 förena
338 542 27 21 de
385 542 120 22 önskvärda
520 541 205 28 gvalifikationerna,
740 542 113 23 hvaremot
868 542 36 22 vid

81 571 37 23 det
133 572 70 21 större
218 571 82 21 antalet
315 571 38 22 det
367 577 46 16 som
428 571 80 23 brister
521 571 40 22 hos
577 578 27 15 en
619 570 115 23 äterfinnes
742 571 40 22 hos
791 578 27 15 en
826 578 76 14 annan.

80 600 44 22 Min
141 600 122 22 erfarenhet
277 600 40 22 har
333 600 74 22 städse
422 600 55 22 varit
492 601 47 25 den,
555 602 33 20 att
603 600 38 22 det
655 600 7 22 i
677 600 77 27 mänga
768 600 44 26 fall,
828 600 28 22 dä
866 600 38 22 det

80 629 97 22 förekom
200 628 79 28 vigtiga
302 628 183 28 öfverläggningar
507 630 39 21 hos
562 628 199 28 bankfullmäktige,
777 629 56 22 hade
848 629 56 22 varit

81 658 53 26 godt
149 663 35 17 om
198 657 193 27 bankfullmäktige
405 658 56 21 varit
475 658 57 22 flere.
562 658 42 27 Jag
619 658 122 26 medgifver,
757 660 34 20 att
805 664 29 16 nu
842 660 62 19 anta-

80 687 32 22 let.
133 686 70 23 blefve
218 692 43 22 nog
279 688 67 21 stort:
366 686 37 22 det
417 686 56 22 hade
487 686 82 23 kanske
584 687 55 21 varit
653 686 125 28 tillräckligt
792 688 34 20 att
840 686 64 22 redu-

82 722 50 16 cera
153 716 38 21 det
212 716 33 22 till
266 715 43 22 fem
329 715 52 23 eller
399 722 43 20 sex,
458 722 49 20 men
522 716 61 22 detta
598 718 24 18 är
637 716 96 27 omöjligt
747 716 8 20 i
769 715 54 28 följd
843 715 22 21 af
878 715 24 21 L.

82 744 35 27 0.;
138 744 24 22 af
172 744 30 22 L.
219 744 26 22 O.
266 744 41 22 och
323 743 71 23 derför
409 744 69 22 skulle
491 745 38 27 jag
543 744 133 22 understöda
689 744 105 27 förslaget
808 750 34 16 om
858 744 46 22 åtta

81 772 202 28 bankfullmäktige;
296 773 38 27 jag
349 774 45 21 tror
408 779 50 15 man
473 774 28 25 pä
516 774 59 21 detta
590 774 45 20 sätt
650 773 54 21 skall
714 769 75 26 kuhna
798 778 106 16 samman-

82 803 58 19 sätta
162 802 33 20 ett
216 801 123 27 kollegium,
363 807 46 15 som
431 802 90 21 innebär
542 802 72 21 bättre
632 801 107 27 garantier
754 800 33 23 för
803 808 26 15 en
845 807 60 16 mera

81 829 157 28 framgängsrik
252 830 143 21 verksamhet.

150 858 99 23 Friherre
264 859 102 26 Wrede,
382 858 84 23 Rabbe:
481 858 42 28 Jag
538 859 39 22 ber
592 858 66 22 också
672 858 22 21 få
708 858 85 22 biträda
800 858 104 27 förslaget

82 887 74 22 derom
172 889 33 20 att
220 887 47 22 åtta
281 887 192 27 bankfullmäktige
491 888 70 22 skulle
575 889 61 20 utses
653 887 40 22 och
707 887 37 22 vill
759 887 32 22 till
807 887 27 22 de
850 887 54 26 skäl,

82 922 47 15 som
146 915 71 22 derför
231 916 63 22 hafva
309 916 134 26 framhållits,
459 916 60 22 såväl
533 917 7 21 i
555 923 27 15 en
589 916 130 27 föregående
727 916 123 22 diskussion
858 922 47 16 som

81 945 36 22 vid
132 945 61 22 detta
208 945 83 22 tillfälle
307 945 22 22 af
343 945 49 22 herr
407 945 154 28 Montgomery,
577 945 90 27 tillägga
681 945 78 22 endast
767 947 38 24 ett,
814 951 46 16 som
865 945 39 28 jag

83 979 65 17 anser
161 973 65 23 hafva
240 981 27 14 en
282 974 48 21 icke
345 974 61 27 ringa
421 973 118 28 betydelse,
556 974 107 27 nämligen
678 973 37 22 det
729 976 34 19 att
777 974 27 21 de
818 973 88 27 insigts-

82 1003 55 22 fulla
157 1003 42 22 och
218 1002 132 28 bepröfvade
367 1005 56 24 män,
442 1002 72 22 hvilka
528 1002 77 23 hittills
620 1002 97 22 innebaft
732 1003 60 21 detta
807 1008 99 16 ansvars-

83 1031 53 22 fulla
158 1031 104 28 uppdrag,
285 1031 74 22 såsom
378 1031 87 26 bekant,
481 1032 84 21 komma
580 1032 33 21 att
627 1031 33 21 till
674 1032 82 20 största
771 1031 63 22 delen
849 1030 56 28 afgå,

84 1060 26 22 så
125 1061 34 20 att
174 1061 36 20 det
225 1060 41 21 blir
282 1066 26 15 en
323 1067 28 20 ny
365 1060 141 27 uppsättning
521 1060 22 21 af
557 1059 110 23 oförsökta
681 1059 88 22 krafter.

153 1089 56 20 Herr
223 1089 95 21 Taube:
337 1089 11 21 I
363 1090 91 20 motsats
471 1091 57 18 emot
543 1089 27 21 de
584 1088 131 27 föregående
729 1088 103 26 talarene,
848 1089 58 20 utta-

84 1117 33 21 Jar
136 1117 39 26 jag
197 1117 44 26 mig
261 1117 92 22 rörande
376 1117 37 21 det
434 1117 59 21 antal
514 1116 135 27 fullmäktige
671 1123 46 15 som
740 1118 24 19 är
781 1116 126 27 föreslaget.

84 1145 57 22 Herr
163 1145 149 28 Montgomery
334 1145 87 22 anförde
445 1147 33 20 att
493 1145 38 22 det
545 1146 43 21 kan
603 1152 51 14 vara
669 1145 59 22 svårt
743 1147 32 20 att
790 1144 57 23 finna
861 1145 47 28 fyra

85 1180 47 16 som
148 1180 41 21 ega
204 1175 26 21 de
246 1174 176 27 qvalifikationer,
439 1176 33 19 att
487 1176 32 20 ett
533 1174 79 22 sådant
621 1174 44 21 kall
675 1174 42 21 kan
728 1173 49 23 dem
787 1174 117 26 ombetros;

85 1203 27 21 sä
132 1203 86 27 mycket
240 1203 87 21 svårare
350 1203 69 22 :mäste
442 1203 37 21 det
501 1203 28 21 då
549 1203 65 21 blifva
629 1204 34 20 att
676 1202 57 22 finna
748 1203 53 25 åtta,
818 1202 41 22 och
874 1202 34 22 till

87 1232 60 21 detta
162 1232 44 21 kall
220 1232 97 21 kommer
335 1232 33 21 väl
389 1232 48 21 icke
453 1233 32 20 att
499 1232 66 27 väljas
581 1231 68 22 andra
664 1233 28 19 än
706 1230 49 23 fullt
768 1231 140 27 kompetenta

85 1266 109 22 personer.
226 1260 40 22 Om
282 1260 64 22 bland
361 1260 191 27 bankfullmäktige
567 1261 53 21 sitta
634 1266 109 21 personer,
755 1266 47 15 som
812 1260 48 21 icke
870 1262 38 19 äro

86 1288 112 29 uppgiften
212 1295 77 20 vuxna,
305 1290 25 21 så
345 1291 24 19 är
384 1289 37 21 det
436 1290 56 20 ännu
507 1291 62 20 värre
585 1295 33 15 om
634 1289 27 21 de
669 1290 37 20 äro
714 1288 57 22 flere.
787 1288 45 22 När
840 1288 71 22 denna

86 1318 123 22 institution
224 1317 22 23 af
259 1318 191 26 bankfullmäktige
465 1318 100 25 infördes,
580 1320 49 24 togs
645 1317 107 27 exemplet
758 1316 48 22 från
814 1316 96 28 Sverige,

86 1352 48 14 som
148 1345 99 26 vänligen
262 1346 40 21 hos
319 1352 36 14 oss
375 1346 80 21 -brukar
473 1346 46 26 ske,
535 1346 40 20 och
591 1346 28 20 då
633 1346 20 20 vi
668 1346 63 20 hafva
744 1345 46 26 fyra
805 1345 65 21 stånd
885 1346 26 20 så

86 1373 125 22 bestämdes
234 1380 27 15 en
281 1373 179 26 bankfullmäktig
475 1375 33 19 att
521 1375 151 25 representera
685 1372 75 27 hvarje
775 1373 71 21 stånd.
875 1373 35 21 Nu

87 1401 91 22 föreslås:
200 1403 36 20 att
257 1402 60 21 detta
332 1402 59 21 antal
406 1401 56 22 skall
480 1402 52 21 ökas
548 1401 39 21 och
603 1401 103 26 naturligt
722 1403 24 19 är
761 1402 34 20 att
808 1401 38 21 det
861 1401 51 21 sker

88 1430 72 23 såsom
182 1430 23 22 L.
224 1430 29 23 0.
269 1430 144 23 föreskrifver
429 1430 48 22 med
493 1436 26 16 en
534 1429 179 28 bankfullmäktig
728 1429 32 22 till
775 1429 48 23 från
837 1429 74 28 hvarje

88 1460 69 21 stånd.
195 1460 129 27 Derigenom
347 1460 40 21 har
407 1466 50 15 man
469 1459 101 29 .kommit
583 1459 32 22 till
631 1459 52 26 åtta,
699 1465 49 16 men
763 1465 29 16 nu
808 1459 39 22 har
861 1463 50 18 man

88 1489 48 26 gått
148 1488 68 27 något
229 1489 76 26 längre
319 1491 28 20 än
361 1488 119 23 förebilden
495 1489 7 21 i
517 1488 99 27 Sverige;
632 1489 22 27 ty
665 1488 38 22 der
713 1487 68 23 finnas
792 1488 78 22 endast
877 1488 36 27 sju

88 1517 199 29 bankfullmäktige,
309 1524 50 16 men
381 1518 64 22 dessa
464 1517 34 28 sju
517 1519 37 21 äro
569 1517 48 22 icke
632 1517 43 22 alla
688 1517 8 21 i
710 1516 98 29 utöfning
823 1517 7 22 i
844 1517 68 22 bank-
