<?xml version="1.0" encoding="UTF-8"?>
<alto xmlns="http://www.loc.gov/standards/alto/ns-v3#" xmlns:xlink="http://www.w3.org/1999/xlink" xmlns:xsi="http://www.w3.org/2001/XMLSchema-instance" xsi:schemaLocation="http://www.loc.gov/standards/alto/ns-v3# http://www.loc.gov/alto/v3/alto-3-0.xsd">
	<Description>
		<MeasurementUnit>pixel</MeasurementUnit>
		<sourceImageInformation>
			<fileName>/tmp/tess_lt3a4nb0_input.PNG</fileName>
		</sourceImageInformation>
		<OCRProcessing ID="OCR_0">
			<ocrProcessingStep>
				<processingSoftware>
					<softwareName>tesseract 5.3.4</softwareName>
				</processingSoftware>
			</ocrProcessingStep>
		</OCRProcessing>
	</Description>
	<Layout>
		<Page WIDTH="1078" HEIGHT="1717" PHYSICAL_IMG_NR="0" ID="page_0">
			<PrintSpace HPOS="0" VPOS="0" WIDTH="1078" HEIGHT="1717">
				<ComposedBlock ID="cblock_0" HPOS="194" VPOS="108" WIDTH="445" HEIGHT="27">
					<TextBlock ID="block_0" HPOS="194" VPOS="108" WIDTH="445" HEIGHT="27">
						<TextLine ID="line_0" HPOS="194" VPOS="108" WIDTH="445" HEIGHT="27">
							<String ID="string_0" HPOS="194" VPOS="114" WIDTH="55" HEIGHT="21" WC="0.95" CONTENT="1380"/><SP WIDTH="263" VPOS="114" HPOS="249"/>
							<String ID="string_1" HPOS="512" VPOS="109" WIDTH="42" HEIGHT="17" WC="0.96" CONTENT="Den"/><SP WIDTH="13" VPOS="109" HPOS="554"/>
							<String ID="string_2" HPOS="567" VPOS="109" WIDTH="10" HEIGHT="17" WC="0.96" CONTENT="2"/><SP WIDTH="12" VPOS="109" HPOS="577"/>
							<String ID="string_3" HPOS="589" VPOS="108" WIDTH="50" HEIGHT="18" WC="0.95" CONTENT="Juni."/>
						</TextLine>
					</TextBlock>
				</ComposedBlock>
				<ComposedBlock ID="cblock_1" HPOS="165" VPOS="173" WIDTH="830" HEIGHT="1364">
					<TextBlock ID="block_1" HPOS="165" VPOS="173" WIDTH="825" HEIGHT="171">
						<TextLine ID="line_1" HPOS="166" VPOS="173" WIDTH="822" HEIGHT="29">
							<String ID="string_4" HPOS="166" VPOS="177" WIDTH="22" HEIGHT="22" WC="0.94" CONTENT="af"/><SP WIDTH="14" VPOS="177" HPOS="188"/>
							<String ID="string_5" HPOS="202" VPOS="179" WIDTH="33" HEIGHT="20" WC="0.95" CONTENT="ett"/><SP WIDTH="15" VPOS="179" HPOS="235"/>
							<String ID="string_6" HPOS="250" VPOS="177" WIDTH="7" HEIGHT="21" WC="0.93" CONTENT="i"/><SP WIDTH="22" VPOS="177" HPOS="257"/>
							<String ID="string_7" HPOS="279" VPOS="175" WIDTH="182" HEIGHT="27" WC="0.91" CONTENT="borgareståndet"/><SP WIDTH="14" VPOS="175" HPOS="461"/>
							<String ID="string_8" HPOS="475" VPOS="174" WIDTH="122" HEIGHT="22" WC="0.92" CONTENT="framstäldt"/><SP WIDTH="14" VPOS="174" HPOS="597"/>
							<String ID="string_9" HPOS="611" VPOS="173" WIDTH="184" HEIGHT="27" WC="0.90" CONTENT="petitionsförslag"/><SP WIDTH="15" VPOS="173" HPOS="795"/>
							<String ID="string_10" HPOS="810" VPOS="179" WIDTH="34" HEIGHT="15" WC="0.93" CONTENT="om"/><SP WIDTH="15" VPOS="179" HPOS="844"/>
							<String ID="string_11" HPOS="859" VPOS="173" WIDTH="129" HEIGHT="27" WC="0.91" CONTENT="vidtagande"/>
						</TextLine>
						<TextLine ID="line_2" HPOS="166" VPOS="201" WIDTH="822" HEIGHT="31">
							<String ID="string_12" HPOS="166" VPOS="206" WIDTH="22" HEIGHT="21" WC="0.96" CONTENT="af"/><SP WIDTH="21" VPOS="206" HPOS="188"/>
							<String ID="string_13" HPOS="209" VPOS="204" WIDTH="102" HEIGHT="28" WC="0.96" CONTENT="åtgärder"/><SP WIDTH="13" VPOS="204" HPOS="311"/>
							<String ID="string_14" HPOS="324" VPOS="205" WIDTH="8" HEIGHT="20" WC="0.96" CONTENT="i"/><SP WIDTH="15" VPOS="205" HPOS="332"/>
							<String ID="string_15" HPOS="347" VPOS="204" WIDTH="79" HEIGHT="21" WC="0.96" CONTENT="sådant"/><SP WIDTH="19" VPOS="204" HPOS="426"/>
							<String ID="string_16" HPOS="445" VPOS="202" WIDTH="62" HEIGHT="28" WC="0.96" CONTENT="syfte,"/><SP WIDTH="17" VPOS="202" HPOS="507"/>
							<String ID="string_17" HPOS="524" VPOS="204" WIDTH="33" HEIGHT="20" WC="0.96" CONTENT="att"/><SP WIDTH="15" VPOS="204" HPOS="557"/>
							<String ID="string_18" HPOS="572" VPOS="202" WIDTH="27" HEIGHT="22" WC="0.96" CONTENT="de"/><SP WIDTH="14" VPOS="202" HPOS="599"/>
							<String ID="string_19" HPOS="613" VPOS="202" WIDTH="81" HEIGHT="26" WC="0.96" CONTENT="hinder,"/><SP WIDTH="17" VPOS="202" HPOS="694"/>
							<String ID="string_20" HPOS="711" VPOS="207" WIDTH="46" HEIGHT="16" WC="0.96" CONTENT="som"/><SP WIDTH="16" VPOS="207" HPOS="757"/>
							<String ID="string_21" HPOS="773" VPOS="201" WIDTH="76" HEIGHT="21" WC="0.93" CONTENT="hittills"/><SP WIDTH="16" VPOS="201" HPOS="849"/>
							<String ID="string_22" HPOS="865" VPOS="201" WIDTH="53" HEIGHT="22" WC="0.91" CONTENT="stält"/><SP WIDTH="15" VPOS="201" HPOS="918"/>
							<String ID="string_23" HPOS="933" VPOS="201" WIDTH="33" HEIGHT="27" WC="0.96" CONTENT="sig"/><SP WIDTH="14" VPOS="201" HPOS="966"/>
							<String ID="string_24" HPOS="980" VPOS="202" WIDTH="8" HEIGHT="20" WC="0.96" CONTENT="i"/>
						</TextLine>
						<TextLine ID="line_3" HPOS="165" VPOS="230" WIDTH="824" HEIGHT="30">
							<String ID="string_25" HPOS="165" VPOS="236" WIDTH="69" HEIGHT="24" WC="0.96" CONTENT="vägen"/><SP WIDTH="14" VPOS="236" HPOS="234"/>
							<String ID="string_26" HPOS="248" VPOS="233" WIDTH="34" HEIGHT="21" WC="0.96" CONTENT="för"/><SP WIDTH="14" VPOS="233" HPOS="282"/>
							<String ID="string_27" HPOS="296" VPOS="232" WIDTH="172" HEIGHT="26" WC="0.96" CONTENT="förverkligande"/><SP WIDTH="16" VPOS="232" HPOS="468"/>
							<String ID="string_28" HPOS="484" VPOS="231" WIDTH="21" HEIGHT="21" WC="0.96" CONTENT="at"/><SP WIDTH="10" VPOS="231" HPOS="505"/>
							<String ID="string_29" HPOS="515" VPOS="231" WIDTH="37" HEIGHT="21" WC="0.96" CONTENT="det"/><SP WIDTH="10" VPOS="231" HPOS="552"/>
							<String ID="string_30" HPOS="562" VPOS="230" WIDTH="7" HEIGHT="21" WC="0.96" CONTENT="i"/><SP WIDTH="7" VPOS="230" HPOS="569"/>
							<String ID="string_31" HPOS="576" VPOS="230" WIDTH="143" HEIGHT="26" WC="0.96" CONTENT="kungörelsen"/><SP WIDTH="11" VPOS="230" HPOS="719"/>
							<String ID="string_32" HPOS="730" VPOS="230" WIDTH="42" HEIGHT="21" WC="0.96" CONTENT="den"/><SP WIDTH="11" VPOS="230" HPOS="772"/>
							<String ID="string_33" HPOS="783" VPOS="231" WIDTH="26" HEIGHT="19" WC="0.96" CONTENT="15"/><SP WIDTH="11" VPOS="231" HPOS="809"/>
							<String ID="string_34" HPOS="820" VPOS="230" WIDTH="104" HEIGHT="21" WC="0.96" CONTENT="Februari"/><SP WIDTH="9" VPOS="230" HPOS="924"/>
							<String ID="string_35" HPOS="933" VPOS="231" WIDTH="56" HEIGHT="20" WC="0.96" CONTENT="1864"/>
						</TextLine>
						<TextLine ID="line_4" HPOS="167" VPOS="258" WIDTH="823" HEIGHT="31">
							<String ID="string_36" HPOS="167" VPOS="262" WIDTH="96" HEIGHT="27" WC="0.95" CONTENT="inrymda"/><SP WIDTH="15" VPOS="262" HPOS="263"/>
							<String ID="string_37" HPOS="278" VPOS="260" WIDTH="120" HEIGHT="26" WC="0.96" CONTENT="stadgande"/><SP WIDTH="15" VPOS="260" HPOS="398"/>
							<String ID="string_38" HPOS="413" VPOS="266" WIDTH="35" HEIGHT="15" WC="0.97" CONTENT="om"/><SP WIDTH="14" VPOS="266" HPOS="448"/>
							<String ID="string_39" HPOS="462" VPOS="259" WIDTH="135" HEIGHT="28" WC="0.96" CONTENT="upplåtande"/><SP WIDTH="12" VPOS="259" HPOS="597"/>
							<String ID="string_40" HPOS="609" VPOS="259" WIDTH="23" HEIGHT="21" WC="0.96" CONTENT="åt"/><SP WIDTH="13" VPOS="259" HPOS="632"/>
							<String ID="string_41" HPOS="645" VPOS="258" WIDTH="102" HEIGHT="22" WC="0.93" CONTENT="Finlands"/><SP WIDTH="16" VPOS="258" HPOS="747"/>
							<String ID="string_42" HPOS="763" VPOS="258" WIDTH="143" HEIGHT="27" WC="0.91" CONTENT="innebyggare"/><SP WIDTH="16" VPOS="258" HPOS="906"/>
							<String ID="string_43" HPOS="922" VPOS="258" WIDTH="22" HEIGHT="21" WC="0.96" CONTENT="af"/><SP WIDTH="14" VPOS="258" HPOS="944"/>
							<String ID="string_44" HPOS="958" VPOS="259" WIDTH="32" HEIGHT="21" WC="0.96" CONTENT="ett"/>
						</TextLine>
						<TextLine ID="line_5" HPOS="168" VPOS="286" WIDTH="822" HEIGHT="30">
							<String ID="string_45" HPOS="168" VPOS="290" WIDTH="86" HEIGHT="22" WC="0.95" CONTENT="område"/><SP WIDTH="15" VPOS="290" HPOS="254"/>
							<String ID="string_46" HPOS="269" VPOS="289" WIDTH="36" HEIGHT="22" WC="0.96" CONTENT="vid"/><SP WIDTH="13" VPOS="289" HPOS="305"/>
							<String ID="string_47" HPOS="318" VPOS="289" WIDTH="65" HEIGHT="27" WC="0.93" CONTENT="ryska"/><SP WIDTH="11" VPOS="289" HPOS="383"/>
							<String ID="string_48" HPOS="394" VPOS="287" WIDTH="151" HEIGHT="23" WC="0.92" CONTENT="Ishafskusten"/><SP WIDTH="16" VPOS="287" HPOS="545"/>
							<String ID="string_49" HPOS="561" VPOS="288" WIDTH="19" HEIGHT="21" WC="0.92" CONTENT="ö."/><SP WIDTH="16" VPOS="288" HPOS="580"/>
							<String ID="string_50" HPOS="596" VPOS="293" WIDTH="35" HEIGHT="15" WC="0.96" CONTENT="om"/><SP WIDTH="14" VPOS="293" HPOS="631"/>
							<String ID="string_51" HPOS="645" VPOS="286" WIDTH="82" HEIGHT="22" WC="0.96" CONTENT="Jakobs"/><SP WIDTH="16" VPOS="286" HPOS="727"/>
							<String ID="string_52" HPOS="743" VPOS="286" WIDTH="34" HEIGHT="27" WC="0.96" CONTENT="elf,"/><SP WIDTH="9" VPOS="286" HPOS="777"/>
							<String ID="string_53" HPOS="786" VPOS="287" WIDTH="49" HEIGHT="21" WC="0.96" CONTENT="med"/><SP WIDTH="10" VPOS="287" HPOS="835"/>
							<String ID="string_54" HPOS="845" VPOS="287" WIDTH="35" HEIGHT="21" WC="0.96" CONTENT="det"/><SP WIDTH="12" VPOS="287" HPOS="880"/>
							<String ID="string_55" HPOS="892" VPOS="288" WIDTH="98" HEIGHT="20" WC="0.96" CONTENT="snaraste"/>
						</TextLine>
						<TextLine ID="line_6" HPOS="167" VPOS="316" WIDTH="251" HEIGHT="28">
							<String ID="string_56" HPOS="167" VPOS="319" WIDTH="68" HEIGHT="21" WC="0.90" CONTENT="varda"/><SP WIDTH="14" VPOS="319" HPOS="235"/>
							<String ID="string_57" HPOS="249" VPOS="316" WIDTH="169" HEIGHT="28" WC="0.90" CONTENT="undanrödjade."/>
						</TextLine>
					</TextBlock>
					<TextBlock ID="block_2" HPOS="166" VPOS="343" WIDTH="829" HEIGHT="1194">
						<TextLine ID="line_7" HPOS="234" VPOS="343" WIDTH="756" HEIGHT="27">
							<String ID="string_58" HPOS="234" VPOS="346" WIDTH="56" HEIGHT="22" WC="0.96" CONTENT="Herr"/><SP WIDTH="14" VPOS="346" HPOS="290"/>
							<String ID="string_59" HPOS="304" VPOS="352" WIDTH="41" HEIGHT="16" WC="0.93" CONTENT="von"/><SP WIDTH="16" VPOS="352" HPOS="345"/>
							<String ID="string_60" HPOS="361" VPOS="345" WIDTH="111" HEIGHT="22" WC="0.91" CONTENT="Alfthan"/><SP WIDTH="15" VPOS="345" HPOS="472"/>
							<String ID="string_61" HPOS="487" VPOS="344" WIDTH="68" HEIGHT="22" WC="0.91" CONTENT="utbad"/><SP WIDTH="15" VPOS="344" HPOS="555"/>
							<String ID="string_62" HPOS="570" VPOS="344" WIDTH="34" HEIGHT="26" WC="0.96" CONTENT="sig"/><SP WIDTH="15" VPOS="344" HPOS="604"/>
							<String ID="string_63" HPOS="619" VPOS="343" WIDTH="63" HEIGHT="22" WC="0.97" CONTENT="ordet"/><SP WIDTH="15" VPOS="343" HPOS="682"/>
							<String ID="string_64" HPOS="697" VPOS="344" WIDTH="41" HEIGHT="20" WC="0.96" CONTENT="och"/><SP WIDTH="15" VPOS="344" HPOS="738"/>
							<String ID="string_65" HPOS="753" VPOS="344" WIDTH="95" HEIGHT="26" WC="0.96" CONTENT="yttrade:"/><SP WIDTH="24" VPOS="344" HPOS="848"/>
							<String ID="string_66" HPOS="872" VPOS="343" WIDTH="76" HEIGHT="22" WC="0.88" CONTENT="Ibland"/><SP WIDTH="16" VPOS="343" HPOS="948"/>
							<String ID="string_67" HPOS="964" VPOS="343" WIDTH="26" HEIGHT="21" WC="0.96" CONTENT="de"/>
						</TextLine>
						<TextLine ID="line_8" HPOS="167" VPOS="372" WIDTH="824" HEIGHT="30">
							<String ID="string_68" HPOS="167" VPOS="375" WIDTH="72" HEIGHT="27" WC="0.95" CONTENT="frågor"/><SP WIDTH="15" VPOS="375" HPOS="239"/>
							<String ID="string_69" HPOS="254" VPOS="380" WIDTH="47" HEIGHT="16" WC="0.95" CONTENT="som"/><SP WIDTH="14" VPOS="380" HPOS="301"/>
							<String ID="string_70" HPOS="315" VPOS="374" WIDTH="132" HEIGHT="22" WC="0.96" CONTENT="förekomma"/><SP WIDTH="15" VPOS="374" HPOS="447"/>
							<String ID="string_71" HPOS="462" VPOS="373" WIDTH="35" HEIGHT="21" WC="0.96" CONTENT="vid"/><SP WIDTH="15" VPOS="373" HPOS="497"/>
							<String ID="string_72" HPOS="512" VPOS="372" WIDTH="144" HEIGHT="22" WC="0.93" CONTENT="innevarande"/><SP WIDTH="18" VPOS="372" HPOS="656"/>
							<String ID="string_73" HPOS="674" VPOS="372" WIDTH="103" HEIGHT="27" WC="0.90" CONTENT="landtdag"/><SP WIDTH="14" VPOS="372" HPOS="777"/>
							<String ID="string_74" HPOS="791" VPOS="372" WIDTH="41" HEIGHT="21" WC="0.96" CONTENT="fins"/><SP WIDTH="17" VPOS="372" HPOS="832"/>
							<String ID="string_75" HPOS="849" VPOS="372" WIDTH="37" HEIGHT="22" WC="0.96" CONTENT="det"/><SP WIDTH="14" VPOS="372" HPOS="886"/>
							<String ID="string_76" HPOS="900" VPOS="372" WIDTH="28" HEIGHT="26" WC="0.96" CONTENT="få,"/><SP WIDTH="16" VPOS="372" HPOS="928"/>
							<String ID="string_77" HPOS="944" VPOS="378" WIDTH="47" HEIGHT="16" WC="0.96" CONTENT="som"/>
						</TextLine>
						<TextLine ID="line_9" HPOS="169" VPOS="400" WIDTH="821" HEIGHT="30">
							<String ID="string_78" HPOS="169" VPOS="404" WIDTH="33" HEIGHT="21" WC="0.95" CONTENT="till"/><SP WIDTH="15" VPOS="404" HPOS="202"/>
							<String ID="string_79" HPOS="217" VPOS="404" WIDTH="42" HEIGHT="21" WC="0.96" CONTENT="den"/><SP WIDTH="15" VPOS="404" HPOS="259"/>
							<String ID="string_80" HPOS="274" VPOS="402" WIDTH="53" HEIGHT="28" WC="0.96" CONTENT="grad"/><SP WIDTH="15" VPOS="402" HPOS="327"/>
							<String ID="string_81" HPOS="342" VPOS="403" WIDTH="117" HEIGHT="21" WC="0.96" CONTENT="intressera"/><SP WIDTH="15" VPOS="403" HPOS="459"/>
							<String ID="string_82" HPOS="474" VPOS="402" WIDTH="43" HEIGHT="26" WC="0.96" CONTENT="mig"/><SP WIDTH="14" VPOS="402" HPOS="517"/>
							<String ID="string_83" HPOS="531" VPOS="401" WIDTH="137" HEIGHT="27" WC="0.95" CONTENT="personligen"/><SP WIDTH="18" VPOS="401" HPOS="668"/>
							<String ID="string_84" HPOS="686" VPOS="406" WIDTH="46" HEIGHT="16" WC="0.95" CONTENT="som"/><SP WIDTH="17" VPOS="406" HPOS="732"/>
							<String ID="string_85" HPOS="749" VPOS="401" WIDTH="76" HEIGHT="21" WC="0.95" CONTENT="denna."/><SP WIDTH="25" VPOS="401" HPOS="825"/>
							<String ID="string_86" HPOS="850" VPOS="401" WIDTH="50" HEIGHT="21" WC="0.93" CONTENT="Man"/><SP WIDTH="15" VPOS="401" HPOS="900"/>
							<String ID="string_87" HPOS="915" VPOS="400" WIDTH="75" HEIGHT="22" WC="0.91" CONTENT="behöf-"/>
						</TextLine>
						<TextLine ID="line_10" HPOS="167" VPOS="428" WIDTH="825" HEIGHT="31">
							<String ID="string_88" HPOS="167" VPOS="439" WIDTH="38" HEIGHT="15" WC="0.96" CONTENT="ver"/><SP WIDTH="14" VPOS="439" HPOS="205"/>
							<String ID="string_89" HPOS="219" VPOS="432" WIDTH="73" HEIGHT="21" WC="0.96" CONTENT="såsom"/><SP WIDTH="13" VPOS="432" HPOS="292"/>
							<String ID="string_90" HPOS="305" VPOS="432" WIDTH="37" HEIGHT="27" WC="0.96" CONTENT="jag"/><SP WIDTH="19" VPOS="432" HPOS="342"/>
							<String ID="string_91" HPOS="361" VPOS="430" WIDTH="63" HEIGHT="22" WC="0.96" CONTENT="hafva"/><SP WIDTH="18" VPOS="430" HPOS="424"/>
							<String ID="string_92" HPOS="442" VPOS="430" WIDTH="79" HEIGHT="21" WC="0.96" CONTENT="vistats"/><SP WIDTH="21" VPOS="430" HPOS="521"/>
							<String ID="string_93" HPOS="542" VPOS="431" WIDTH="32" HEIGHT="20" WC="0.96" CONTENT="ett"/><SP WIDTH="15" VPOS="431" HPOS="574"/>
							<String ID="string_94" HPOS="589" VPOS="429" WIDTH="61" HEIGHT="22" WC="0.96" CONTENT="tiotal"/><SP WIDTH="16" VPOS="429" HPOS="650"/>
							<String ID="string_95" HPOS="666" VPOS="429" WIDTH="24" HEIGHT="22" WC="0.96" CONTENT="år"/><SP WIDTH="14" VPOS="429" HPOS="690"/>
							<String ID="string_96" HPOS="704" VPOS="429" WIDTH="7" HEIGHT="21" WC="0.96" CONTENT="i"/><SP WIDTH="15" VPOS="429" HPOS="711"/>
							<String ID="string_97" HPOS="726" VPOS="429" WIDTH="102" HEIGHT="22" WC="0.96" CONTENT="Finlands"/><SP WIDTH="16" VPOS="429" HPOS="828"/>
							<String ID="string_98" HPOS="844" VPOS="430" WIDTH="52" HEIGHT="21" WC="0.96" CONTENT="nord"/><SP WIDTH="15" VPOS="430" HPOS="896"/>
							<String ID="string_99" HPOS="911" VPOS="428" WIDTH="33" HEIGHT="23" WC="0.96" CONTENT="för"/><SP WIDTH="15" VPOS="428" HPOS="944"/>
							<String ID="string_100" HPOS="959" VPOS="430" WIDTH="33" HEIGHT="21" WC="0.96" CONTENT="att"/>
						</TextLine>
						<TextLine ID="line_11" HPOS="168" VPOS="457" WIDTH="824" HEIGHT="29">
							<String ID="string_101" HPOS="168" VPOS="461" WIDTH="32" HEIGHT="21" WC="0.93" CONTENT="till"/><SP WIDTH="16" VPOS="461" HPOS="200"/>
							<String ID="string_102" HPOS="216" VPOS="460" WIDTH="51" HEIGHT="22" WC="0.92" CONTENT="fullo"/><SP WIDTH="15" VPOS="460" HPOS="267"/>
							<String ID="string_103" HPOS="282" VPOS="460" WIDTH="73" HEIGHT="21" WC="0.96" CONTENT="kunna"/><SP WIDTH="15" VPOS="460" HPOS="355"/>
							<String ID="string_104" HPOS="370" VPOS="459" WIDTH="118" HEIGHT="27" WC="0.96" CONTENT="uppskatta"/><SP WIDTH="15" VPOS="459" HPOS="488"/>
							<String ID="string_105" HPOS="503" VPOS="459" WIDTH="41" HEIGHT="21" WC="0.96" CONTENT="den"/><SP WIDTH="15" VPOS="459" HPOS="544"/>
							<String ID="string_106" HPOS="559" VPOS="457" WIDTH="184" HEIGHT="28" WC="0.96" CONTENT="utomordentliga"/><SP WIDTH="15" VPOS="457" HPOS="743"/>
							<String ID="string_107" HPOS="758" VPOS="458" WIDTH="117" HEIGHT="27" WC="0.96" CONTENT="betydelse,"/><SP WIDTH="17" VPOS="458" HPOS="875"/>
							<String ID="string_108" HPOS="892" VPOS="464" WIDTH="46" HEIGHT="16" WC="0.93" CONTENT="som"/><SP WIDTH="10" VPOS="464" HPOS="938"/>
							<String ID="string_109" HPOS="948" VPOS="457" WIDTH="44" HEIGHT="22" WC="0.92" CONTENT="för-"/>
						</TextLine>
						<TextLine ID="line_12" HPOS="167" VPOS="486" WIDTH="825" HEIGHT="27">
							<String ID="string_110" HPOS="167" VPOS="489" WIDTH="126" HEIGHT="21" WC="0.91" CONTENT="värfvandet"/><SP WIDTH="14" VPOS="489" HPOS="293"/>
							<String ID="string_111" HPOS="307" VPOS="488" WIDTH="24" HEIGHT="21" WC="0.95" CONTENT="af"/><SP WIDTH="13" VPOS="488" HPOS="331"/>
							<String ID="string_112" HPOS="344" VPOS="495" WIDTH="26" HEIGHT="14" WC="0.96" CONTENT="en"/><SP WIDTH="15" VPOS="495" HPOS="370"/>
							<String ID="string_113" HPOS="385" VPOS="488" WIDTH="140" HEIGHT="21" WC="0.96" CONTENT="kuststräcka"/><SP WIDTH="14" VPOS="488" HPOS="525"/>
							<String ID="string_114" HPOS="539" VPOS="487" WIDTH="35" HEIGHT="21" WC="0.93" CONTENT="vid"/><SP WIDTH="15" VPOS="487" HPOS="574"/>
							<String ID="string_115" HPOS="589" VPOS="486" WIDTH="96" HEIGHT="22" WC="0.91" CONTENT="Ishafvet"/><SP WIDTH="14" VPOS="486" HPOS="685"/>
							<String ID="string_116" HPOS="699" VPOS="487" WIDTH="70" HEIGHT="21" WC="0.95" CONTENT="skulle"/><SP WIDTH="15" VPOS="487" HPOS="769"/>
							<String ID="string_117" HPOS="784" VPOS="486" WIDTH="70" HEIGHT="27" WC="0.96" CONTENT="hafva,"/><SP WIDTH="16" VPOS="486" HPOS="854"/>
							<String ID="string_118" HPOS="870" VPOS="487" WIDTH="48" HEIGHT="22" WC="0.96" CONTENT="icke"/><SP WIDTH="17" VPOS="487" HPOS="918"/>
							<String ID="string_119" HPOS="935" VPOS="487" WIDTH="57" HEIGHT="21" WC="0.96" CONTENT="blott"/>
						</TextLine>
						<TextLine ID="line_13" HPOS="167" VPOS="515" WIDTH="825" HEIGHT="28">
							<String ID="string_120" HPOS="167" VPOS="517" WIDTH="33" HEIGHT="22" WC="0.96" CONTENT="för"/><SP WIDTH="15" VPOS="517" HPOS="200"/>
							<String ID="string_121" HPOS="215" VPOS="517" WIDTH="28" HEIGHT="22" WC="0.97" CONTENT="de"/><SP WIDTH="14" VPOS="517" HPOS="243"/>
							<String ID="string_122" HPOS="257" VPOS="517" WIDTH="68" HEIGHT="26" WC="0.96" CONTENT="några"/><SP WIDTH="15" VPOS="517" HPOS="325"/>
							<String ID="string_123" HPOS="340" VPOS="517" WIDTH="98" HEIGHT="24" WC="0.96" CONTENT="socknar,"/><SP WIDTH="17" VPOS="517" HPOS="438"/>
							<String ID="string_124" HPOS="455" VPOS="522" WIDTH="46" HEIGHT="15" WC="0.96" CONTENT="som"/><SP WIDTH="15" VPOS="522" HPOS="501"/>
							<String ID="string_125" HPOS="516" VPOS="515" WIDTH="109" HEIGHT="22" WC="0.93" CONTENT="utskottet"/><SP WIDTH="14" VPOS="515" HPOS="625"/>
							<String ID="string_126" HPOS="639" VPOS="515" WIDTH="124" HEIGHT="27" WC="0.92" CONTENT="uppräknar"/><SP WIDTH="15" VPOS="515" HPOS="763"/>
							<String ID="string_127" HPOS="778" VPOS="515" WIDTH="7" HEIGHT="21" WC="0.96" CONTENT="i"/><SP WIDTH="16" VPOS="515" HPOS="785"/>
							<String ID="string_128" HPOS="801" VPOS="516" WIDTH="39" HEIGHT="21" WC="0.96" CONTENT="sitt"/><SP WIDTH="15" VPOS="516" HPOS="840"/>
							<String ID="string_129" HPOS="855" VPOS="515" WIDTH="137" HEIGHT="22" WC="0.96" CONTENT="betänkande"/>
						</TextLine>
						<TextLine ID="line_14" HPOS="167" VPOS="543" WIDTH="826" HEIGHT="28">
							<String ID="string_130" HPOS="167" VPOS="548" WIDTH="53" HEIGHT="19" WC="0.96" CONTENT="utan"/><SP WIDTH="14" VPOS="548" HPOS="220"/>
							<String ID="string_131" HPOS="234" VPOS="545" WIDTH="34" HEIGHT="22" WC="0.95" CONTENT="för"/><SP WIDTH="21" VPOS="545" HPOS="268"/>
							<String ID="string_132" HPOS="289" VPOS="545" WIDTH="82" HEIGHT="21" WC="0.96" CONTENT="hälften"/><SP WIDTH="16" VPOS="545" HPOS="371"/>
							<String ID="string_133" HPOS="387" VPOS="544" WIDTH="22" HEIGHT="22" WC="0.96" CONTENT="af"/><SP WIDTH="17" VPOS="544" HPOS="409"/>
							<String ID="string_134" HPOS="426" VPOS="544" WIDTH="120" HEIGHT="27" WC="0.96" CONTENT="Uleåborgs"/><SP WIDTH="21" VPOS="544" HPOS="546"/>
							<String ID="string_135" HPOS="567" VPOS="544" WIDTH="41" HEIGHT="21" WC="0.96" CONTENT="län."/><SP WIDTH="31" VPOS="544" HPOS="608"/>
							<String ID="string_136" HPOS="639" VPOS="543" WIDTH="73" HEIGHT="22" WC="0.93" CONTENT="Under"/><SP WIDTH="21" VPOS="543" HPOS="712"/>
							<String ID="string_137" HPOS="733" VPOS="543" WIDTH="141" HEIGHT="22" WC="0.91" CONTENT="missväxtsår"/><SP WIDTH="16" VPOS="543" HPOS="874"/>
							<String ID="string_138" HPOS="890" VPOS="545" WIDTH="103" HEIGHT="20" WC="0.95" CONTENT="strömma"/>
						</TextLine>
						<TextLine ID="line_15" HPOS="169" VPOS="572" WIDTH="825" HEIGHT="27">
							<String ID="string_139" HPOS="169" VPOS="575" WIDTH="76" HEIGHT="21" WC="0.96" CONTENT="skaror"/><SP WIDTH="22" VPOS="575" HPOS="245"/>
							<String ID="string_140" HPOS="267" VPOS="573" WIDTH="48" HEIGHT="22" WC="0.92" CONTENT="utaf"/><SP WIDTH="18" VPOS="573" HPOS="315"/>
							<String ID="string_141" HPOS="333" VPOS="573" WIDTH="133" HEIGHT="25" WC="0.92" CONTENT="hundraden,"/><SP WIDTH="14" VPOS="573" HPOS="466"/>
							<String ID="string_142" HPOS="480" VPOS="573" WIDTH="23" HEIGHT="26" WC="0.93" CONTENT="ja"/><SP WIDTH="15" VPOS="573" HPOS="503"/>
							<String ID="string_143" HPOS="518" VPOS="573" WIDTH="106" HEIGHT="21" WC="0.92" CONTENT="tusenden"/><SP WIDTH="15" VPOS="573" HPOS="624"/>
							<String ID="string_144" HPOS="639" VPOS="578" WIDTH="44" HEIGHT="21" WC="0.96" CONTENT="upp"/><SP WIDTH="15" VPOS="578" HPOS="683"/>
							<String ID="string_145" HPOS="698" VPOS="572" WIDTH="32" HEIGHT="21" WC="0.93" CONTENT="till"/><SP WIDTH="16" VPOS="572" HPOS="730"/>
							<String ID="string_146" HPOS="746" VPOS="572" WIDTH="97" HEIGHT="22" WC="0.91" CONTENT="Ishafvet"/><SP WIDTH="15" VPOS="572" HPOS="843"/>
							<String ID="string_147" HPOS="858" VPOS="572" WIDTH="33" HEIGHT="22" WC="0.96" CONTENT="för"/><SP WIDTH="15" VPOS="572" HPOS="891"/>
							<String ID="string_148" HPOS="906" VPOS="573" WIDTH="33" HEIGHT="20" WC="0.96" CONTENT="att"/><SP WIDTH="16" VPOS="573" HPOS="939"/>
							<String ID="string_149" HPOS="955" VPOS="572" WIDTH="39" HEIGHT="21" WC="0.96" CONTENT="der"/>
						</TextLine>
						<TextLine ID="line_16" HPOS="169" VPOS="600" WIDTH="823" HEIGHT="27">
							<String ID="string_150" HPOS="169" VPOS="603" WIDTH="54" HEIGHT="21" WC="0.96" CONTENT="söka"/><SP WIDTH="15" VPOS="603" HPOS="223"/>
							<String ID="string_151" HPOS="238" VPOS="602" WIDTH="33" HEIGHT="22" WC="0.96" CONTENT="sin"/><SP WIDTH="15" VPOS="602" HPOS="271"/>
							<String ID="string_152" HPOS="286" VPOS="602" WIDTH="103" HEIGHT="21" WC="0.96" CONTENT="utkomst."/><SP WIDTH="34" VPOS="602" HPOS="389"/>
							<String ID="string_153" HPOS="423" VPOS="601" WIDTH="74" HEIGHT="21" WC="0.95" CONTENT="Fisket"/><SP WIDTH="15" VPOS="601" HPOS="497"/>
							<String ID="string_154" HPOS="512" VPOS="601" WIDTH="83" HEIGHT="21" WC="0.96" CONTENT="infaller"/><SP WIDTH="14" VPOS="601" HPOS="595"/>
							<String ID="string_155" HPOS="609" VPOS="600" WIDTH="29" HEIGHT="27" WC="0.96" CONTENT="på"/><SP WIDTH="15" VPOS="600" HPOS="638"/>
							<String ID="string_156" HPOS="653" VPOS="606" WIDTH="27" HEIGHT="15" WC="0.96" CONTENT="en"/><SP WIDTH="14" VPOS="606" HPOS="680"/>
							<String ID="string_157" HPOS="694" VPOS="601" WIDTH="38" HEIGHT="26" WC="0.96" CONTENT="tid,"/><SP WIDTH="17" VPOS="601" HPOS="732"/>
							<String ID="string_158" HPOS="749" VPOS="601" WIDTH="28" HEIGHT="20" WC="0.96" CONTENT="då"/><SP WIDTH="15" VPOS="601" HPOS="777"/>
							<String ID="string_159" HPOS="792" VPOS="607" WIDTH="69" HEIGHT="15" WC="0.92" CONTENT="annan"/><SP WIDTH="16" VPOS="607" HPOS="861"/>
							<String ID="string_160" HPOS="877" VPOS="600" WIDTH="115" HEIGHT="22" WC="0.92" CONTENT="arbetsför-"/>
						</TextLine>
						<TextLine ID="line_17" HPOS="168" VPOS="628" WIDTH="826" HEIGHT="30">
							<String ID="string_161" HPOS="168" VPOS="631" WIDTH="68" HEIGHT="27" WC="0.91" CONTENT="tjenst"/><SP WIDTH="15" VPOS="631" HPOS="236"/>
							<String ID="string_162" HPOS="251" VPOS="630" WIDTH="47" HEIGHT="22" WC="0.96" CONTENT="icke"/><SP WIDTH="15" VPOS="630" HPOS="298"/>
							<String ID="string_163" HPOS="313" VPOS="631" WIDTH="48" HEIGHT="20" WC="0.96" CONTENT="står"/><SP WIDTH="18" VPOS="631" HPOS="361"/>
							<String ID="string_164" HPOS="379" VPOS="631" WIDTH="33" HEIGHT="20" WC="0.96" CONTENT="att"/><SP WIDTH="18" VPOS="631" HPOS="412"/>
							<String ID="string_165" HPOS="430" VPOS="629" WIDTH="29" HEIGHT="26" WC="0.96" CONTENT="få,"/><SP WIDTH="16" VPOS="629" HPOS="459"/>
							<String ID="string_166" HPOS="475" VPOS="629" WIDTH="106" HEIGHT="27" WC="0.96" CONTENT="nämligen"/><SP WIDTH="14" VPOS="629" HPOS="581"/>
							<String ID="string_167" HPOS="595" VPOS="629" WIDTH="6" HEIGHT="20" WC="0.96" CONTENT="i"/><SP WIDTH="14" VPOS="629" HPOS="601"/>
							<String ID="string_168" HPOS="615" VPOS="628" WIDTH="81" HEIGHT="22" WC="0.96" CONTENT="medlet"/><SP WIDTH="15" VPOS="628" HPOS="696"/>
							<String ID="string_169" HPOS="711" VPOS="628" WIDTH="22" HEIGHT="21" WC="0.96" CONTENT="af"/><SP WIDTH="15" VPOS="628" HPOS="733"/>
							<String ID="string_170" HPOS="748" VPOS="629" WIDTH="57" HEIGHT="21" WC="0.97" CONTENT="Mars"/><SP WIDTH="16" VPOS="629" HPOS="805"/>
							<String ID="string_171" HPOS="821" VPOS="629" WIDTH="77" HEIGHT="21" WC="0.96" CONTENT="månad"/><SP WIDTH="16" VPOS="629" HPOS="898"/>
							<String ID="string_172" HPOS="914" VPOS="629" WIDTH="40" HEIGHT="22" WC="0.96" CONTENT="och"/><SP WIDTH="16" VPOS="629" HPOS="954"/>
							<String ID="string_173" HPOS="970" VPOS="631" WIDTH="24" HEIGHT="19" WC="0.96" CONTENT="är"/>
						</TextLine>
						<TextLine ID="line_18" HPOS="169" VPOS="657" WIDTH="825" HEIGHT="26">
							<String ID="string_174" HPOS="169" VPOS="660" WIDTH="44" HEIGHT="21" WC="0.93" CONTENT="slut"/><SP WIDTH="14" VPOS="660" HPOS="213"/>
							<String ID="string_175" HPOS="227" VPOS="659" WIDTH="165" HEIGHT="24" WC="0.91" CONTENT="Johannetiden,"/><SP WIDTH="17" VPOS="659" HPOS="392"/>
							<String ID="string_176" HPOS="409" VPOS="658" WIDTH="28" HEIGHT="21" WC="0.93" CONTENT="då"/><SP WIDTH="15" VPOS="658" HPOS="437"/>
							<String ID="string_177" HPOS="452" VPOS="657" WIDTH="144" HEIGHT="22" WC="0.92" CONTENT="utvandrarne"/><SP WIDTH="16" VPOS="657" HPOS="596"/>
							<String ID="string_178" HPOS="612" VPOS="657" WIDTH="116" HEIGHT="21" WC="0.96" CONTENT="återvända"/><SP WIDTH="16" VPOS="657" HPOS="728"/>
							<String ID="string_179" HPOS="744" VPOS="658" WIDTH="40" HEIGHT="21" WC="0.96" CONTENT="och"/><SP WIDTH="15" VPOS="658" HPOS="784"/>
							<String ID="string_180" HPOS="799" VPOS="659" WIDTH="38" HEIGHT="20" WC="0.95" CONTENT="äro"/><SP WIDTH="14" VPOS="659" HPOS="837"/>
							<String ID="string_181" HPOS="851" VPOS="658" WIDTH="5" HEIGHT="21" WC="0.91" CONTENT="i"/><SP WIDTH="8" VPOS="658" HPOS="856"/>
							<String ID="string_182" HPOS="864" VPOS="657" WIDTH="88" HEIGHT="22" WC="0.91" CONTENT="tillfälle"/><SP WIDTH="9" VPOS="657" HPOS="952"/>
							<String ID="string_183" HPOS="961" VPOS="659" WIDTH="33" HEIGHT="20" WC="0.96" CONTENT="att"/>
						</TextLine>
						<TextLine ID="line_19" HPOS="170" VPOS="685" WIDTH="823" HEIGHT="28">
							<String ID="string_184" HPOS="170" VPOS="687" WIDTH="81" HEIGHT="22" WC="0.93" CONTENT="erhålla"/><SP WIDTH="23" VPOS="687" HPOS="251"/>
							<String ID="string_185" HPOS="274" VPOS="686" WIDTH="174" HEIGHT="27" WC="0.91" CONTENT="arbetsförtjenst"/><SP WIDTH="17" VPOS="686" HPOS="448"/>
							<String ID="string_186" HPOS="465" VPOS="686" WIDTH="91" HEIGHT="21" WC="0.92" CONTENT="hemma."/><SP WIDTH="32" VPOS="686" HPOS="556"/>
							<String ID="string_187" HPOS="588" VPOS="685" WIDTH="96" HEIGHT="22" WC="0.91" CONTENT="Oaktadt"/><SP WIDTH="14" VPOS="685" HPOS="684"/>
							<String ID="string_188" HPOS="698" VPOS="686" WIDTH="42" HEIGHT="21" WC="0.96" CONTENT="den"/><SP WIDTH="15" VPOS="686" HPOS="740"/>
							<String ID="string_189" HPOS="755" VPOS="686" WIDTH="64" HEIGHT="21" WC="0.96" CONTENT="svåra"/><SP WIDTH="15" VPOS="686" HPOS="819"/>
							<String ID="string_190" HPOS="834" VPOS="686" WIDTH="136" HEIGHT="27" WC="0.96" CONTENT="belägenhet,"/><SP WIDTH="15" VPOS="686" HPOS="970"/>
							<String ID="string_191" HPOS="985" VPOS="686" WIDTH="8" HEIGHT="21" WC="0.97" CONTENT="i"/>
						</TextLine>
						<TextLine ID="line_20" HPOS="169" VPOS="714" WIDTH="825" HEIGHT="30">
							<String ID="string_192" HPOS="169" VPOS="716" WIDTH="86" HEIGHT="21" WC="0.96" CONTENT="hvilken"/><SP WIDTH="23" VPOS="716" HPOS="255"/>
							<String ID="string_193" HPOS="278" VPOS="715" WIDTH="26" HEIGHT="22" WC="0.96" CONTENT="de"/><SP WIDTH="16" VPOS="715" HPOS="304"/>
							<String ID="string_194" HPOS="320" VPOS="714" WIDTH="85" HEIGHT="23" WC="0.96" CONTENT="befinna"/><SP WIDTH="15" VPOS="714" HPOS="405"/>
							<String ID="string_195" HPOS="420" VPOS="715" WIDTH="39" HEIGHT="29" WC="0.96" CONTENT="sig"/><SP WIDTH="15" VPOS="715" HPOS="459"/>
							<String ID="string_196" HPOS="474" VPOS="715" WIDTH="59" HEIGHT="21" WC="0.96" CONTENT="såväl"/><SP WIDTH="15" VPOS="715" HPOS="533"/>
							<String ID="string_197" HPOS="548" VPOS="714" WIDTH="29" HEIGHT="27" WC="0.97" CONTENT="pä"/><SP WIDTH="15" VPOS="714" HPOS="577"/>
							<String ID="string_198" HPOS="592" VPOS="714" WIDTH="64" HEIGHT="27" WC="0.96" CONTENT="ryska"/><SP WIDTH="14" VPOS="714" HPOS="656"/>
							<String ID="string_199" HPOS="670" VPOS="720" WIDTH="47" HEIGHT="15" WC="0.96" CONTENT="som"/><SP WIDTH="15" VPOS="720" HPOS="717"/>
							<String ID="string_200" HPOS="732" VPOS="715" WIDTH="80" HEIGHT="20" WC="0.92" CONTENT="norska"/><SP WIDTH="15" VPOS="715" HPOS="812"/>
							<String ID="string_201" HPOS="827" VPOS="715" WIDTH="68" HEIGHT="26" WC="0.93" CONTENT="sidan,"/><SP WIDTH="16" VPOS="715" HPOS="895"/>
							<String ID="string_202" HPOS="911" VPOS="715" WIDTH="83" HEIGHT="21" WC="0.96" CONTENT="händer"/>
						</TextLine>
						<TextLine ID="line_21" HPOS="170" VPOS="743" WIDTH="823" HEIGHT="27">
							<String ID="string_203" HPOS="170" VPOS="745" WIDTH="38" HEIGHT="20" WC="0.96" CONTENT="det"/><SP WIDTH="14" VPOS="745" HPOS="208"/>
							<String ID="string_204" HPOS="222" VPOS="746" WIDTH="33" HEIGHT="19" WC="0.96" CONTENT="att"/><SP WIDTH="15" VPOS="746" HPOS="255"/>
							<String ID="string_205" HPOS="270" VPOS="744" WIDTH="33" HEIGHT="26" WC="0.96" CONTENT="de,"/><SP WIDTH="16" VPOS="744" HPOS="303"/>
							<String ID="string_206" HPOS="319" VPOS="749" WIDTH="35" HEIGHT="15" WC="0.96" CONTENT="om"/><SP WIDTH="16" VPOS="749" HPOS="354"/>
							<String ID="string_207" HPOS="370" VPOS="743" WIDTH="27" HEIGHT="21" WC="0.96" CONTENT="de"/><SP WIDTH="14" VPOS="743" HPOS="397"/>
							<String ID="string_208" HPOS="411" VPOS="745" WIDTH="37" HEIGHT="19" WC="0.96" CONTENT="äro"/><SP WIDTH="16" VPOS="745" HPOS="448"/>
							<String ID="string_209" HPOS="464" VPOS="743" WIDTH="126" HEIGHT="26" WC="0.96" CONTENT="ordentliga,"/><SP WIDTH="17" VPOS="743" HPOS="590"/>
							<String ID="string_210" HPOS="607" VPOS="743" WIDTH="118" HEIGHT="20" WC="0.96" CONTENT="återvända"/><SP WIDTH="15" VPOS="743" HPOS="725"/>
							<String ID="string_211" HPOS="740" VPOS="743" WIDTH="48" HEIGHT="21" WC="0.96" CONTENT="med"/><SP WIDTH="15" VPOS="743" HPOS="788"/>
							<String ID="string_212" HPOS="803" VPOS="744" WIDTH="44" HEIGHT="20" WC="0.96" CONTENT="rätt"/><SP WIDTH="15" VPOS="744" HPOS="847"/>
							<String ID="string_213" HPOS="862" VPOS="743" WIDTH="43" HEIGHT="27" WC="0.93" CONTENT="god"/><SP WIDTH="10" VPOS="743" HPOS="905"/>
							<String ID="string_214" HPOS="915" VPOS="743" WIDTH="78" HEIGHT="27" WC="0.92" CONTENT="bespa-"/>
						</TextLine>
						<TextLine ID="line_22" HPOS="170" VPOS="771" WIDTH="824" HEIGHT="28">
							<String ID="string_215" HPOS="170" VPOS="773" WIDTH="53" HEIGHT="26" WC="0.96" CONTENT="ring."/><SP WIDTH="30" VPOS="773" HPOS="223"/>
							<String ID="string_216" HPOS="253" VPOS="772" WIDTH="42" HEIGHT="27" WC="0.96" CONTENT="Jag"/><SP WIDTH="19" VPOS="772" HPOS="295"/>
							<String ID="string_217" HPOS="314" VPOS="773" WIDTH="52" HEIGHT="24" WC="0.95" CONTENT="tror,"/><SP WIDTH="17" VPOS="773" HPOS="366"/>
							<String ID="string_218" HPOS="383" VPOS="773" WIDTH="32" HEIGHT="20" WC="0.93" CONTENT="att"/><SP WIDTH="14" VPOS="773" HPOS="415"/>
							<String ID="string_219" HPOS="429" VPOS="771" WIDTH="141" HEIGHT="26" WC="0.90" CONTENT="israeliterne,"/><SP WIDTH="18" VPOS="771" HPOS="570"/>
							<String ID="string_220" HPOS="588" VPOS="773" WIDTH="39" HEIGHT="18" WC="0.96" CONTENT="när"/><SP WIDTH="16" VPOS="773" HPOS="627"/>
							<String ID="string_221" HPOS="643" VPOS="771" WIDTH="26" HEIGHT="20" WC="0.96" CONTENT="de"/><SP WIDTH="16" VPOS="771" HPOS="669"/>
							<String ID="string_222" HPOS="685" VPOS="771" WIDTH="133" HEIGHT="21" WC="0.96" CONTENT="utvandrade"/><SP WIDTH="15" VPOS="771" HPOS="818"/>
							<String ID="string_223" HPOS="833" VPOS="771" WIDTH="47" HEIGHT="21" WC="0.96" CONTENT="från"/><SP WIDTH="14" VPOS="771" HPOS="880"/>
							<String ID="string_224" HPOS="894" VPOS="771" WIDTH="100" HEIGHT="28" WC="0.96" CONTENT="Egypten"/>
						</TextLine>
						<TextLine ID="line_23" HPOS="169" VPOS="799" WIDTH="824" HEIGHT="28">
							<String ID="string_225" HPOS="169" VPOS="801" WIDTH="48" HEIGHT="21" WC="0.96" CONTENT="icke"/><SP WIDTH="16" VPOS="801" HPOS="217"/>
							<String ID="string_226" HPOS="233" VPOS="807" WIDTH="58" HEIGHT="14" WC="0.96" CONTENT="mera"/><SP WIDTH="14" VPOS="807" HPOS="291"/>
							<String ID="string_227" HPOS="305" VPOS="800" WIDTH="103" HEIGHT="27" WC="0.96" CONTENT="längtade"/><SP WIDTH="15" VPOS="800" HPOS="408"/>
							<String ID="string_228" HPOS="423" VPOS="801" WIDTH="33" HEIGHT="20" WC="0.97" CONTENT="att"/><SP WIDTH="15" VPOS="801" HPOS="456"/>
							<String ID="string_229" HPOS="471" VPOS="800" WIDTH="86" HEIGHT="21" WC="0.96" CONTENT="komma"/><SP WIDTH="14" VPOS="800" HPOS="557"/>
							<String ID="string_230" HPOS="571" VPOS="799" WIDTH="33" HEIGHT="21" WC="0.93" CONTENT="till"/><SP WIDTH="15" VPOS="799" HPOS="604"/>
							<String ID="string_231" HPOS="619" VPOS="799" WIDTH="100" HEIGHT="21" WC="0.92" CONTENT="Kanaans"/><SP WIDTH="11" VPOS="799" HPOS="719"/>
							<String ID="string_232" HPOS="730" VPOS="799" WIDTH="58" HEIGHT="27" WC="0.96" CONTENT="land,"/><SP WIDTH="16" VPOS="799" HPOS="788"/>
							<String ID="string_233" HPOS="804" VPOS="802" WIDTH="27" HEIGHT="19" WC="0.96" CONTENT="än"/><SP WIDTH="13" VPOS="802" HPOS="831"/>
							<String ID="string_234" HPOS="844" VPOS="800" WIDTH="37" HEIGHT="27" WC="0.96" CONTENT="jag"/><SP WIDTH="16" VPOS="800" HPOS="881"/>
							<String ID="string_235" HPOS="897" VPOS="799" WIDTH="55" HEIGHT="22" WC="0.96" CONTENT="efter"/><SP WIDTH="16" VPOS="799" HPOS="952"/>
							<String ID="string_236" HPOS="968" VPOS="806" WIDTH="25" HEIGHT="15" WC="0.95" CONTENT="en"/>
						</TextLine>
						<TextLine ID="line_24" HPOS="170" VPOS="827" WIDTH="824" HEIGHT="28">
							<String ID="string_237" HPOS="170" VPOS="829" WIDTH="32" HEIGHT="21" WC="0.96" CONTENT="bit"/><SP WIDTH="15" VPOS="829" HPOS="202"/>
							<String ID="string_238" HPOS="217" VPOS="828" WIDTH="22" HEIGHT="21" WC="0.93" CONTENT="af"/><SP WIDTH="14" VPOS="828" HPOS="239"/>
							<String ID="string_239" HPOS="253" VPOS="828" WIDTH="106" HEIGHT="22" WC="0.92" CONTENT="Ishafvets"/><SP WIDTH="20" VPOS="828" HPOS="359"/>
							<String ID="string_240" HPOS="379" VPOS="829" WIDTH="81" HEIGHT="24" WC="0.96" CONTENT="kuster,"/><SP WIDTH="16" VPOS="829" HPOS="460"/>
							<String ID="string_241" HPOS="476" VPOS="834" WIDTH="49" HEIGHT="15" WC="0.96" CONTENT="men"/><SP WIDTH="13" VPOS="834" HPOS="525"/>
							<String ID="string_242" HPOS="538" VPOS="828" WIDTH="47" HEIGHT="27" WC="0.96" CONTENT="just"/><SP WIDTH="16" VPOS="828" HPOS="585"/>
							<String ID="string_243" HPOS="601" VPOS="827" WIDTH="89" HEIGHT="22" WC="0.96" CONTENT="emedan"/><SP WIDTH="12" VPOS="827" HPOS="690"/>
							<String ID="string_244" HPOS="702" VPOS="828" WIDTH="38" HEIGHT="26" WC="0.96" CONTENT="jag"/><SP WIDTH="15" VPOS="828" HPOS="740"/>
							<String ID="string_245" HPOS="755" VPOS="833" WIDTH="65" HEIGHT="16" WC="0.93" CONTENT="anser"/><SP WIDTH="14" VPOS="833" HPOS="820"/>
							<String ID="string_246" HPOS="834" VPOS="827" WIDTH="160" HEIGHT="22" WC="0.89" CONTENT="förvärfvandet"/>
						</TextLine>
						<TextLine ID="line_25" HPOS="170" VPOS="855" WIDTH="824" HEIGHT="28">
							<String ID="string_247" HPOS="170" VPOS="856" WIDTH="23" HEIGHT="22" WC="0.96" CONTENT="af"/><SP WIDTH="13" VPOS="856" HPOS="193"/>
							<String ID="string_248" HPOS="206" VPOS="863" WIDTH="26" HEIGHT="15" WC="0.96" CONTENT="en"/><SP WIDTH="16" VPOS="863" HPOS="232"/>
							<String ID="string_249" HPOS="248" VPOS="857" WIDTH="67" HEIGHT="21" WC="0.96" CONTENT="sådan"/><SP WIDTH="16" VPOS="857" HPOS="315"/>
							<String ID="string_250" HPOS="331" VPOS="857" WIDTH="86" HEIGHT="20" WC="0.96" CONTENT="sträcka"/><SP WIDTH="13" VPOS="857" HPOS="417"/>
							<String ID="string_251" HPOS="430" VPOS="856" WIDTH="34" HEIGHT="21" WC="0.96" CONTENT="för"/><SP WIDTH="14" VPOS="856" HPOS="464"/>
							<String ID="string_252" HPOS="478" VPOS="856" WIDTH="74" HEIGHT="21" WC="0.96" CONTENT="landet"/><SP WIDTH="14" VPOS="856" HPOS="552"/>
							<String ID="string_253" HPOS="566" VPOS="862" WIDTH="52" HEIGHT="15" WC="0.96" CONTENT="vara"/><SP WIDTH="11" VPOS="862" HPOS="618"/>
							<String ID="string_254" HPOS="629" VPOS="862" WIDTH="26" HEIGHT="15" WC="0.96" CONTENT="en"/><SP WIDTH="11" VPOS="862" HPOS="655"/>
							<String ID="string_255" HPOS="666" VPOS="855" WIDTH="89" HEIGHT="28" WC="0.96" CONTENT="ofantlig"/><SP WIDTH="10" VPOS="855" HPOS="755"/>
							<String ID="string_256" HPOS="765" VPOS="856" WIDTH="68" HEIGHT="27" WC="0.96" CONTENT="lycka,"/><SP WIDTH="12" VPOS="856" HPOS="833"/>
							<String ID="string_257" HPOS="845" VPOS="856" WIDTH="39" HEIGHT="21" WC="0.85" CONTENT="har"/><SP WIDTH="5" VPOS="856" HPOS="884"/>
							<String ID="string_258" HPOS="889" VPOS="857" WIDTH="39" HEIGHT="26" WC="0.85" CONTENT="jag"/><SP WIDTH="8" VPOS="857" HPOS="928"/>
							<String ID="string_259" HPOS="936" VPOS="857" WIDTH="58" HEIGHT="20" WC="0.95" CONTENT="svårt"/>
						</TextLine>
						<TextLine ID="line_26" HPOS="170" VPOS="884" WIDTH="823" HEIGHT="28">
							<String ID="string_260" HPOS="170" VPOS="887" WIDTH="33" HEIGHT="19" WC="0.96" CONTENT="att"/><SP WIDTH="14" VPOS="887" HPOS="203"/>
							<String ID="string_261" HPOS="217" VPOS="885" WIDTH="90" HEIGHT="27" WC="0.96" CONTENT="hoppas,"/><SP WIDTH="16" VPOS="885" HPOS="307"/>
							<String ID="string_262" HPOS="323" VPOS="886" WIDTH="33" HEIGHT="20" WC="0.96" CONTENT="att"/><SP WIDTH="15" VPOS="886" HPOS="356"/>
							<String ID="string_263" HPOS="371" VPOS="885" WIDTH="38" HEIGHT="21" WC="0.96" CONTENT="det"/><SP WIDTH="14" VPOS="885" HPOS="409"/>
							<String ID="string_264" HPOS="423" VPOS="885" WIDTH="109" HEIGHT="26" WC="0.96" CONTENT="verkligen"/><SP WIDTH="12" VPOS="885" HPOS="532"/>
							<String ID="string_265" HPOS="544" VPOS="884" WIDTH="104" HEIGHT="26" WC="0.96" CONTENT="någonsin"/><SP WIDTH="12" VPOS="884" HPOS="648"/>
							<String ID="string_266" HPOS="660" VPOS="884" WIDTH="55" HEIGHT="21" WC="0.95" CONTENT="skall"/><SP WIDTH="15" VPOS="884" HPOS="715"/>
							<String ID="string_267" HPOS="730" VPOS="885" WIDTH="86" HEIGHT="20" WC="0.93" CONTENT="komma"/><SP WIDTH="11" VPOS="885" HPOS="816"/>
							<String ID="string_268" HPOS="827" VPOS="885" WIDTH="87" HEIGHT="20" WC="0.89" CONTENT="derhän."/><SP WIDTH="16" VPOS="885" HPOS="914"/>
							<String ID="string_269" HPOS="930" VPOS="885" WIDTH="63" HEIGHT="21" WC="0.92" CONTENT="Eme-"/>
						</TextLine>
						<TextLine ID="line_27" HPOS="171" VPOS="912" WIDTH="823" HEIGHT="28">
							<String ID="string_270" HPOS="171" VPOS="914" WIDTH="41" HEIGHT="21" WC="0.96" CONTENT="dan"/><SP WIDTH="13" VPOS="914" HPOS="212"/>
							<String ID="string_271" HPOS="225" VPOS="914" WIDTH="38" HEIGHT="26" WC="0.96" CONTENT="jag"/><SP WIDTH="14" VPOS="914" HPOS="263"/>
							<String ID="string_272" HPOS="277" VPOS="919" WIDTH="63" HEIGHT="16" WC="0.96" CONTENT="anser"/><SP WIDTH="13" VPOS="919" HPOS="340"/>
							<String ID="string_273" HPOS="353" VPOS="912" WIDTH="76" HEIGHT="27" WC="0.95" CONTENT="frågan"/><SP WIDTH="13" VPOS="912" HPOS="429"/>
							<String ID="string_274" HPOS="442" VPOS="913" WIDTH="64" HEIGHT="21" WC="0.96" CONTENT="hafva"/><SP WIDTH="16" VPOS="913" HPOS="506"/>
							<String ID="string_275" HPOS="522" VPOS="919" WIDTH="26" HEIGHT="15" WC="0.96" CONTENT="en"/><SP WIDTH="15" VPOS="919" HPOS="548"/>
							<String ID="string_276" HPOS="563" VPOS="913" WIDTH="26" HEIGHT="20" WC="0.96" CONTENT="så"/><SP WIDTH="14" VPOS="913" HPOS="589"/>
							<String ID="string_277" HPOS="603" VPOS="914" WIDTH="46" HEIGHT="19" WC="0.96" CONTENT="stor"/><SP WIDTH="14" VPOS="914" HPOS="649"/>
							<String ID="string_278" HPOS="663" VPOS="912" WIDTH="118" HEIGHT="27" WC="0.95" CONTENT="betydelse,"/><SP WIDTH="10" VPOS="912" HPOS="781"/>
							<String ID="string_279" HPOS="791" VPOS="912" WIDTH="108" HEIGHT="22" WC="0.96" CONTENT="förefaller"/><SP WIDTH="8" VPOS="912" HPOS="899"/>
							<String ID="string_280" HPOS="907" VPOS="913" WIDTH="37" HEIGHT="21" WC="0.96" CONTENT="det"/><SP WIDTH="7" VPOS="913" HPOS="944"/>
							<String ID="string_281" HPOS="951" VPOS="913" WIDTH="43" HEIGHT="26" WC="0.96" CONTENT="mig"/>
						</TextLine>
						<TextLine ID="line_28" HPOS="170" VPOS="941" WIDTH="824" HEIGHT="28">
							<String ID="string_282" HPOS="170" VPOS="942" WIDTH="127" HEIGHT="27" WC="0.96" CONTENT="betänkligt,"/><SP WIDTH="23" VPOS="942" HPOS="297"/>
							<String ID="string_283" HPOS="320" VPOS="947" WIDTH="35" HEIGHT="16" WC="0.96" CONTENT="om"/><SP WIDTH="22" VPOS="947" HPOS="355"/>
							<String ID="string_284" HPOS="377" VPOS="947" WIDTH="49" HEIGHT="15" WC="0.96" CONTENT="man"/><SP WIDTH="23" VPOS="947" HPOS="426"/>
							<String ID="string_285" HPOS="449" VPOS="947" WIDTH="76" HEIGHT="21" WC="0.95" CONTENT="genom"/><SP WIDTH="20" VPOS="947" HPOS="525"/>
							<String ID="string_286" HPOS="545" VPOS="941" WIDTH="70" HEIGHT="26" WC="0.95" CONTENT="någon"/><SP WIDTH="18" VPOS="941" HPOS="615"/>
							<String ID="string_287" HPOS="633" VPOS="941" WIDTH="57" HEIGHT="26" WC="0.96" CONTENT="slags"/><SP WIDTH="17" VPOS="941" HPOS="690"/>
							<String ID="string_288" HPOS="707" VPOS="941" WIDTH="106" HEIGHT="26" WC="0.96" CONTENT="otålighet"/><SP WIDTH="14" VPOS="941" HPOS="813"/>
							<String ID="string_289" HPOS="827" VPOS="941" WIDTH="69" HEIGHT="22" WC="0.93" CONTENT="skulle"/><SP WIDTH="16" VPOS="941" HPOS="896"/>
							<String ID="string_290" HPOS="912" VPOS="941" WIDTH="82" HEIGHT="28" WC="0.92" CONTENT="påyrka"/>
						</TextLine>
						<TextLine ID="line_29" HPOS="169" VPOS="969" WIDTH="824" HEIGHT="27">
							<String ID="string_291" HPOS="169" VPOS="969" WIDTH="88" HEIGHT="27" WC="0.96" CONTENT="frågans"/><SP WIDTH="22" VPOS="969" HPOS="257"/>
							<String ID="string_292" HPOS="279" VPOS="970" WIDTH="86" HEIGHT="25" WC="0.96" CONTENT="lösning"/><SP WIDTH="21" VPOS="970" HPOS="365"/>
							<String ID="string_293" HPOS="386" VPOS="969" WIDTH="36" HEIGHT="21" WC="0.95" CONTENT="vid"/><SP WIDTH="23" VPOS="969" HPOS="422"/>
							<String ID="string_294" HPOS="445" VPOS="975" WIDTH="26" HEIGHT="16" WC="0.95" CONTENT="en"/><SP WIDTH="23" VPOS="975" HPOS="471"/>
							<String ID="string_295" HPOS="494" VPOS="969" WIDTH="108" HEIGHT="26" WC="0.96" CONTENT="tidpunkt,"/><SP WIDTH="23" VPOS="969" HPOS="602"/>
							<String ID="string_296" HPOS="625" VPOS="975" WIDTH="47" HEIGHT="15" WC="0.96" CONTENT="som"/><SP WIDTH="22" VPOS="975" HPOS="672"/>
							<String ID="string_297" HPOS="694" VPOS="969" WIDTH="72" HEIGHT="22" WC="0.95" CONTENT="härför"/><SP WIDTH="15" VPOS="969" HPOS="766"/>
							<String ID="string_298" HPOS="781" VPOS="969" WIDTH="48" HEIGHT="22" WC="0.96" CONTENT="icke"/><SP WIDTH="16" VPOS="969" HPOS="829"/>
							<String ID="string_299" HPOS="845" VPOS="969" WIDTH="69" HEIGHT="22" WC="0.96" CONTENT="skulle"/><SP WIDTH="16" VPOS="969" HPOS="914"/>
							<String ID="string_300" HPOS="930" VPOS="975" WIDTH="63" HEIGHT="16" WC="0.96" CONTENT="anses"/>
						</TextLine>
						<TextLine ID="line_30" HPOS="169" VPOS="997" WIDTH="825" HEIGHT="28">
							<String ID="string_301" HPOS="169" VPOS="998" WIDTH="94" HEIGHT="27" WC="0.95" CONTENT="lämplig."/><SP WIDTH="38" VPOS="998" HPOS="263"/>
							<String ID="string_302" HPOS="301" VPOS="998" WIDTH="113" HEIGHT="21" WC="0.87" CONTENT="Utskottet"/><SP WIDTH="21" VPOS="998" HPOS="414"/>
							<String ID="string_303" HPOS="435" VPOS="997" WIDTH="40" HEIGHT="22" WC="0.96" CONTENT="har"/><SP WIDTH="21" VPOS="997" HPOS="475"/>
							<String ID="string_304" HPOS="496" VPOS="998" WIDTH="49" HEIGHT="21" WC="0.96" CONTENT="icke"/><SP WIDTH="22" VPOS="998" HPOS="545"/>
							<String ID="string_305" HPOS="567" VPOS="997" WIDTH="47" HEIGHT="22" WC="0.96" CONTENT="haft"/><SP WIDTH="20" VPOS="997" HPOS="614"/>
							<String ID="string_306" HPOS="634" VPOS="999" WIDTH="33" HEIGHT="19" WC="0.96" CONTENT="att"/><SP WIDTH="15" VPOS="999" HPOS="667"/>
							<String ID="string_307" HPOS="682" VPOS="997" WIDTH="62" HEIGHT="26" WC="0.96" CONTENT="tillgå"/><SP WIDTH="15" VPOS="997" HPOS="744"/>
							<String ID="string_308" HPOS="759" VPOS="997" WIDTH="42" HEIGHT="22" WC="0.95" CONTENT="alla"/><SP WIDTH="16" VPOS="997" HPOS="801"/>
							<String ID="string_309" HPOS="817" VPOS="998" WIDTH="177" HEIGHT="27" WC="0.96" CONTENT="upplysningar"/><SP WIDTH="-13" VPOS="998" HPOS="994"/>
							<String ID="string_310" HPOS="981" VPOS="993" WIDTH="17" HEIGHT="36" WC="0.96" CONTENT="i"/>
						</TextLine>
						<TextLine ID="line_31" HPOS="171" VPOS="1025" WIDTH="823" HEIGHT="28">
							<String ID="string_311" HPOS="171" VPOS="1027" WIDTH="70" HEIGHT="22" WC="0.95" CONTENT="denna"/><SP WIDTH="14" VPOS="1027" HPOS="241"/>
							<String ID="string_312" HPOS="255" VPOS="1026" WIDTH="46" HEIGHT="26" WC="0.95" CONTENT="sak,"/><SP WIDTH="16" VPOS="1026" HPOS="301"/>
							<String ID="string_313" HPOS="317" VPOS="1032" WIDTH="47" HEIGHT="15" WC="0.96" CONTENT="som"/><SP WIDTH="15" VPOS="1032" HPOS="364"/>
							<String ID="string_314" HPOS="379" VPOS="1026" WIDTH="100" HEIGHT="27" WC="0.95" CONTENT="möjligen"/><SP WIDTH="15" VPOS="1026" HPOS="479"/>
							<String ID="string_315" HPOS="494" VPOS="1027" WIDTH="83" HEIGHT="20" WC="0.96" CONTENT="kunnat"/><SP WIDTH="15" VPOS="1027" HPOS="577"/>
							<String ID="string_316" HPOS="592" VPOS="1025" WIDTH="98" HEIGHT="26" WC="0.96" CONTENT="erhållas,"/><SP WIDTH="16" VPOS="1025" HPOS="690"/>
							<String ID="string_317" HPOS="706" VPOS="1032" WIDTH="48" HEIGHT="15" WC="0.96" CONTENT="men"/><SP WIDTH="16" VPOS="1032" HPOS="754"/>
							<String ID="string_318" HPOS="770" VPOS="1026" WIDTH="84" HEIGHT="22" WC="0.96" CONTENT="ändock"/><SP WIDTH="15" VPOS="1026" HPOS="854"/>
							<String ID="string_319" HPOS="869" VPOS="1026" WIDTH="125" HEIGHT="27" WC="0.96" CONTENT="tillräckligt"/>
						</TextLine>
						<TextLine ID="line_32" HPOS="169" VPOS="1054" WIDTH="825" HEIGHT="27">
							<String ID="string_320" HPOS="169" VPOS="1055" WIDTH="34" HEIGHT="21" WC="0.96" CONTENT="för"/><SP WIDTH="21" VPOS="1055" HPOS="203"/>
							<String ID="string_321" HPOS="224" VPOS="1056" WIDTH="33" HEIGHT="20" WC="0.96" CONTENT="att"/><SP WIDTH="22" VPOS="1056" HPOS="257"/>
							<String ID="string_322" HPOS="279" VPOS="1061" WIDTH="26" HEIGHT="15" WC="0.96" CONTENT="en"/><SP WIDTH="15" VPOS="1061" HPOS="305"/>
							<String ID="string_323" HPOS="320" VPOS="1055" WIDTH="59" HEIGHT="25" WC="0.96" CONTENT="hvar,"/><SP WIDTH="16" VPOS="1055" HPOS="379"/>
							<String ID="string_324" HPOS="395" VPOS="1060" WIDTH="45" HEIGHT="19" WC="0.93" CONTENT="som"/><SP WIDTH="17" VPOS="1060" HPOS="440"/>
							<String ID="string_325" HPOS="457" VPOS="1055" WIDTH="120" HEIGHT="26" WC="0.92" CONTENT="genomläst"/><SP WIDTH="14" VPOS="1055" HPOS="577"/>
							<String ID="string_326" HPOS="591" VPOS="1054" WIDTH="153" HEIGHT="26" WC="0.96" CONTENT="betänkandet,"/><SP WIDTH="16" VPOS="1054" HPOS="744"/>
							<String ID="string_327" HPOS="760" VPOS="1054" WIDTH="83" HEIGHT="21" WC="0.96" CONTENT="kunnat"/><SP WIDTH="14" VPOS="1054" HPOS="843"/>
							<String ID="string_328" HPOS="857" VPOS="1061" WIDTH="31" HEIGHT="19" WC="0.96" CONTENT="se,"/><SP WIDTH="16" VPOS="1061" HPOS="888"/>
							<String ID="string_329" HPOS="904" VPOS="1056" WIDTH="32" HEIGHT="20" WC="0.93" CONTENT="att"/><SP WIDTH="14" VPOS="1056" HPOS="936"/>
							<String ID="string_330" HPOS="950" VPOS="1055" WIDTH="44" HEIGHT="21" WC="0.93" CONTENT="frå-"/>
						</TextLine>
						<TextLine ID="line_33" HPOS="170" VPOS="1082" WIDTH="824" HEIGHT="28">
							<String ID="string_331" HPOS="170" VPOS="1089" WIDTH="42" HEIGHT="20" WC="0.93" CONTENT="gan"/><SP WIDTH="13" VPOS="1089" HPOS="212"/>
							<String ID="string_332" HPOS="225" VPOS="1085" WIDTH="24" HEIGHT="19" WC="0.96" CONTENT="är"/><SP WIDTH="14" VPOS="1085" HPOS="249"/>
							<String ID="string_333" HPOS="263" VPOS="1083" WIDTH="23" HEIGHT="21" WC="0.96" CONTENT="af"/><SP WIDTH="13" VPOS="1083" HPOS="286"/>
							<String ID="string_334" HPOS="299" VPOS="1083" WIDTH="106" HEIGHT="27" WC="0.96" CONTENT="synnerlig"/><SP WIDTH="15" VPOS="1083" HPOS="405"/>
							<String ID="string_335" HPOS="420" VPOS="1083" WIDTH="51" HEIGHT="26" WC="0.96" CONTENT="vigt."/><SP WIDTH="30" VPOS="1083" HPOS="471"/>
							<String ID="string_336" HPOS="501" VPOS="1083" WIDTH="34" HEIGHT="20" WC="0.96" CONTENT="En"/><SP WIDTH="14" VPOS="1083" HPOS="535"/>
							<String ID="string_337" HPOS="549" VPOS="1083" WIDTH="64" HEIGHT="21" WC="0.95" CONTENT="lucka"/><SP WIDTH="15" VPOS="1083" HPOS="613"/>
							<String ID="string_338" HPOS="628" VPOS="1082" WIDTH="143" HEIGHT="22" WC="0.96" CONTENT="förekommer"/><SP WIDTH="10" VPOS="1082" HPOS="771"/>
							<String ID="string_339" HPOS="781" VPOS="1083" WIDTH="104" HEIGHT="21" WC="0.96" CONTENT="särskildt"/><SP WIDTH="8" VPOS="1083" HPOS="885"/>
							<String ID="string_340" HPOS="893" VPOS="1083" WIDTH="31" HEIGHT="21" WC="0.96" CONTENT="uti"/><SP WIDTH="10" VPOS="1083" HPOS="924"/>
							<String ID="string_341" HPOS="934" VPOS="1083" WIDTH="60" HEIGHT="22" WC="0.96" CONTENT="detta"/>
						</TextLine>
						<TextLine ID="line_34" HPOS="169" VPOS="1111" WIDTH="824" HEIGHT="27">
							<String ID="string_342" HPOS="169" VPOS="1111" WIDTH="143" HEIGHT="26" WC="0.96" CONTENT="betänkande,"/><SP WIDTH="15" VPOS="1111" HPOS="312"/>
							<String ID="string_343" HPOS="327" VPOS="1111" WIDTH="106" HEIGHT="26" WC="0.96" CONTENT="nämligen"/><SP WIDTH="17" VPOS="1111" HPOS="433"/>
							<String ID="string_344" HPOS="450" VPOS="1113" WIDTH="33" HEIGHT="19" WC="0.96" CONTENT="att"/><SP WIDTH="15" VPOS="1113" HPOS="483"/>
							<String ID="string_345" HPOS="498" VPOS="1111" WIDTH="37" HEIGHT="21" WC="0.96" CONTENT="det"/><SP WIDTH="14" VPOS="1111" HPOS="535"/>
							<String ID="string_346" HPOS="549" VPOS="1111" WIDTH="80" HEIGHT="21" WC="0.96" CONTENT="saknas"/><SP WIDTH="16" VPOS="1111" HPOS="629"/>
							<String ID="string_347" HPOS="645" VPOS="1111" WIDTH="129" HEIGHT="27" WC="0.96" CONTENT="upplysning"/><SP WIDTH="15" VPOS="1111" HPOS="774"/>
							<String ID="string_348" HPOS="789" VPOS="1117" WIDTH="34" HEIGHT="15" WC="0.96" CONTENT="om"/><SP WIDTH="16" VPOS="1117" HPOS="823"/>
							<String ID="string_349" HPOS="839" VPOS="1113" WIDTH="82" HEIGHT="20" WC="0.96" CONTENT="antalet"/><SP WIDTH="11" VPOS="1113" HPOS="921"/>
							<String ID="string_350" HPOS="932" VPOS="1111" WIDTH="22" HEIGHT="22" WC="0.96" CONTENT="af"/><SP WIDTH="13" VPOS="1111" HPOS="954"/>
							<String ID="string_351" HPOS="967" VPOS="1111" WIDTH="26" HEIGHT="22" WC="0.96" CONTENT="de"/>
						</TextLine>
						<TextLine ID="line_35" HPOS="169" VPOS="1139" WIDTH="823" HEIGHT="27">
							<String ID="string_352" HPOS="169" VPOS="1139" WIDTH="70" HEIGHT="22" WC="0.96" CONTENT="finska"/><SP WIDTH="21" VPOS="1139" HPOS="239"/>
							<String ID="string_353" HPOS="260" VPOS="1139" WIDTH="126" HEIGHT="26" WC="0.96" CONTENT="kolonister,"/><SP WIDTH="23" VPOS="1139" HPOS="386"/>
							<String ID="string_354" HPOS="409" VPOS="1145" WIDTH="47" HEIGHT="15" WC="0.96" CONTENT="som"/><SP WIDTH="22" VPOS="1145" HPOS="456"/>
							<String ID="string_355" HPOS="478" VPOS="1146" WIDTH="29" HEIGHT="14" WC="0.96" CONTENT="nu"/><SP WIDTH="22" VPOS="1146" HPOS="507"/>
							<String ID="string_356" HPOS="529" VPOS="1140" WIDTH="65" HEIGHT="21" WC="0.96" CONTENT="redan"/><SP WIDTH="17" VPOS="1140" HPOS="594"/>
							<String ID="string_357" HPOS="611" VPOS="1139" WIDTH="73" HEIGHT="21" WC="0.96" CONTENT="bosatt"/><SP WIDTH="14" VPOS="1139" HPOS="684"/>
							<String ID="string_358" HPOS="698" VPOS="1139" WIDTH="34" HEIGHT="26" WC="0.96" CONTENT="sig"/><SP WIDTH="15" VPOS="1139" HPOS="732"/>
							<String ID="string_359" HPOS="747" VPOS="1139" WIDTH="28" HEIGHT="27" WC="0.93" CONTENT="pä"/><SP WIDTH="15" VPOS="1139" HPOS="775"/>
							<String ID="string_360" HPOS="790" VPOS="1139" WIDTH="106" HEIGHT="22" WC="0.88" CONTENT="Ishafvets"/><SP WIDTH="14" VPOS="1139" HPOS="896"/>
							<String ID="string_361" HPOS="910" VPOS="1140" WIDTH="82" HEIGHT="21" WC="0.96" CONTENT="kuster."/>
						</TextLine>
						<TextLine ID="line_36" HPOS="169" VPOS="1167" WIDTH="825" HEIGHT="27">
							<String ID="string_362" HPOS="169" VPOS="1168" WIDTH="43" HEIGHT="26" WC="0.96" CONTENT="Jag"/><SP WIDTH="13" VPOS="1168" HPOS="212"/>
							<String ID="string_363" HPOS="225" VPOS="1168" WIDTH="40" HEIGHT="21" WC="0.96" CONTENT="har"/><SP WIDTH="15" VPOS="1168" HPOS="265"/>
							<String ID="string_364" HPOS="280" VPOS="1167" WIDTH="40" HEIGHT="22" WC="0.96" CONTENT="här"/><SP WIDTH="13" VPOS="1167" HPOS="320"/>
							<String ID="string_365" HPOS="333" VPOS="1167" WIDTH="88" HEIGHT="22" WC="0.96" CONTENT="framför"/><SP WIDTH="14" VPOS="1167" HPOS="421"/>
							<String ID="string_366" HPOS="435" VPOS="1168" WIDTH="44" HEIGHT="26" WC="0.96" CONTENT="mig"/><SP WIDTH="16" VPOS="1168" HPOS="479"/>
							<String ID="string_367" HPOS="495" VPOS="1174" WIDTH="26" HEIGHT="15" WC="0.93" CONTENT="en"/><SP WIDTH="15" VPOS="1174" HPOS="521"/>
							<String ID="string_368" HPOS="536" VPOS="1168" WIDTH="96" HEIGHT="26" WC="0.91" CONTENT="broskyr,"/><SP WIDTH="16" VPOS="1168" HPOS="632"/>
							<String ID="string_369" HPOS="648" VPOS="1169" WIDTH="90" HEIGHT="25" WC="0.96" CONTENT="uppsatt"/><SP WIDTH="16" VPOS="1169" HPOS="738"/>
							<String ID="string_370" HPOS="754" VPOS="1167" WIDTH="23" HEIGHT="22" WC="0.96" CONTENT="af"/><SP WIDTH="12" VPOS="1167" HPOS="777"/>
							<String ID="string_371" HPOS="789" VPOS="1167" WIDTH="56" HEIGHT="22" WC="0.96" CONTENT="finsk"/><SP WIDTH="15" VPOS="1167" HPOS="845"/>
							<String ID="string_372" HPOS="860" VPOS="1174" WIDTH="50" HEIGHT="15" WC="0.96" CONTENT="man"/><SP WIDTH="14" VPOS="1174" HPOS="910"/>
							<String ID="string_373" HPOS="924" VPOS="1167" WIDTH="34" HEIGHT="22" WC="0.96" CONTENT="för"/><SP WIDTH="9" VPOS="1167" HPOS="958"/>
							<String ID="string_374" HPOS="967" VPOS="1168" WIDTH="27" HEIGHT="21" WC="0.96" CONTENT="de"/>
						</TextLine>
						<TextLine ID="line_37" HPOS="169" VPOS="1195" WIDTH="824" HEIGHT="28">
							<String ID="string_375" HPOS="169" VPOS="1196" WIDTH="64" HEIGHT="27" WC="0.92" CONTENT="ryska"/><SP WIDTH="21" VPOS="1196" HPOS="233"/>
							<String ID="string_376" HPOS="254" VPOS="1196" WIDTH="147" HEIGHT="21" WC="0.89" CONTENT="ministrarnes"/><SP WIDTH="23" VPOS="1196" HPOS="401"/>
							<String ID="string_377" HPOS="424" VPOS="1195" WIDTH="97" HEIGHT="27" WC="0.95" CONTENT="räkning,"/><SP WIDTH="22" VPOS="1195" HPOS="521"/>
							<String ID="string_378" HPOS="543" VPOS="1195" WIDTH="86" HEIGHT="22" WC="0.96" CONTENT="hvarför"/><SP WIDTH="16" VPOS="1195" HPOS="629"/>
							<String ID="string_379" HPOS="645" VPOS="1195" WIDTH="41" HEIGHT="22" WC="0.96" CONTENT="den"/><SP WIDTH="16" VPOS="1195" HPOS="686"/>
							<String ID="string_380" HPOS="702" VPOS="1196" WIDTH="41" HEIGHT="21" WC="0.96" CONTENT="ock"/><SP WIDTH="15" VPOS="1196" HPOS="743"/>
							<String ID="string_381" HPOS="758" VPOS="1196" WIDTH="69" HEIGHT="21" WC="0.93" CONTENT="blifvit"/><SP WIDTH="15" VPOS="1196" HPOS="827"/>
							<String ID="string_382" HPOS="842" VPOS="1196" WIDTH="103" HEIGHT="22" WC="0.91" CONTENT="öfversatt"/><SP WIDTH="15" VPOS="1196" HPOS="945"/>
							<String ID="string_383" HPOS="960" VPOS="1197" WIDTH="33" HEIGHT="20" WC="0.96" CONTENT="till"/>
						</TextLine>
						<TextLine ID="line_38" HPOS="169" VPOS="1224" WIDTH="825" HEIGHT="28">
							<String ID="string_384" HPOS="169" VPOS="1225" WIDTH="41" HEIGHT="21" WC="0.96" CONTENT="och"/><SP WIDTH="15" VPOS="1225" HPOS="210"/>
							<String ID="string_385" HPOS="225" VPOS="1225" WIDTH="71" HEIGHT="27" WC="0.96" CONTENT="tryckt"/><SP WIDTH="14" VPOS="1225" HPOS="296"/>
							<String ID="string_386" HPOS="310" VPOS="1225" WIDTH="28" HEIGHT="26" WC="0.96" CONTENT="på"/><SP WIDTH="19" VPOS="1225" HPOS="338"/>
							<String ID="string_387" HPOS="357" VPOS="1225" WIDTH="65" HEIGHT="26" WC="0.96" CONTENT="ryska"/><SP WIDTH="18" VPOS="1225" HPOS="422"/>
							<String ID="string_388" HPOS="440" VPOS="1224" WIDTH="95" HEIGHT="27" WC="0.96" CONTENT="språket,"/><SP WIDTH="16" VPOS="1224" HPOS="535"/>
							<String ID="string_389" HPOS="551" VPOS="1224" WIDTH="54" HEIGHT="22" WC="0.96" CONTENT="ifrån"/><SP WIDTH="15" VPOS="1224" HPOS="605"/>
							<String ID="string_390" HPOS="620" VPOS="1224" WIDTH="86" HEIGHT="21" WC="0.96" CONTENT="hvilken"/><SP WIDTH="15" VPOS="1224" HPOS="706"/>
							<String ID="string_391" HPOS="721" VPOS="1225" WIDTH="38" HEIGHT="20" WC="0.96" CONTENT="det"/><SP WIDTH="14" VPOS="1225" HPOS="759"/>
							<String ID="string_392" HPOS="773" VPOS="1225" WIDTH="43" HEIGHT="21" WC="0.93" CONTENT="kan"/><SP WIDTH="14" VPOS="1225" HPOS="816"/>
							<String ID="string_393" HPOS="830" VPOS="1225" WIDTH="114" HEIGHT="26" WC="0.90" CONTENT="inhemtas,"/><SP WIDTH="16" VPOS="1225" HPOS="944"/>
							<String ID="string_394" HPOS="960" VPOS="1227" WIDTH="34" HEIGHT="19" WC="0.96" CONTENT="att"/>
						</TextLine>
						<TextLine ID="line_39" HPOS="168" VPOS="1252" WIDTH="825" HEIGHT="24">
							<String ID="string_395" HPOS="168" VPOS="1253" WIDTH="66" HEIGHT="20" WC="0.96" CONTENT="redan"/><SP WIDTH="25" VPOS="1253" HPOS="234"/>
							<String ID="string_396" HPOS="259" VPOS="1255" WIDTH="54" HEIGHT="18" WC="0.93" CONTENT="1872"/><SP WIDTH="20" VPOS="1255" HPOS="313"/>
							<String ID="string_397" HPOS="333" VPOS="1253" WIDTH="20" HEIGHT="20" WC="0.91" CONTENT="d."/><SP WIDTH="16" VPOS="1253" HPOS="353"/>
							<String ID="string_398" HPOS="369" VPOS="1259" WIDTH="18" HEIGHT="14" WC="0.96" CONTENT="v."/><SP WIDTH="17" VPOS="1259" HPOS="387"/>
							<String ID="string_399" HPOS="404" VPOS="1259" WIDTH="17" HEIGHT="14" WC="0.93" CONTENT="s."/><SP WIDTH="19" VPOS="1259" HPOS="421"/>
							<String ID="string_400" HPOS="440" VPOS="1253" WIDTH="49" HEIGHT="21" WC="0.96" CONTENT="icke"/><SP WIDTH="22" VPOS="1253" HPOS="489"/>
							<String ID="string_401" HPOS="511" VPOS="1253" WIDTH="49" HEIGHT="20" WC="0.96" CONTENT="fullt"/><SP WIDTH="15" VPOS="1253" HPOS="560"/>
							<String ID="string_402" HPOS="575" VPOS="1253" WIDTH="30" HEIGHT="20" WC="0.96" CONTENT="tio"/><SP WIDTH="16" VPOS="1253" HPOS="605"/>
							<String ID="string_403" HPOS="621" VPOS="1253" WIDTH="24" HEIGHT="20" WC="0.96" CONTENT="år"/><SP WIDTH="16" VPOS="1253" HPOS="645"/>
							<String ID="string_404" HPOS="661" VPOS="1252" WIDTH="54" HEIGHT="21" WC="0.96" CONTENT="efter"/><SP WIDTH="15" VPOS="1252" HPOS="715"/>
							<String ID="string_405" HPOS="730" VPOS="1253" WIDTH="39" HEIGHT="21" WC="0.96" CONTENT="det"/><SP WIDTH="14" VPOS="1253" HPOS="769"/>
							<String ID="string_406" HPOS="783" VPOS="1253" WIDTH="28" HEIGHT="21" WC="0.96" CONTENT="de"/><SP WIDTH="15" VPOS="1253" HPOS="811"/>
							<String ID="string_407" HPOS="826" VPOS="1253" WIDTH="68" HEIGHT="21" WC="0.93" CONTENT="första"/><SP WIDTH="14" VPOS="1253" HPOS="894"/>
							<String ID="string_408" HPOS="908" VPOS="1253" WIDTH="85" HEIGHT="23" WC="0.92" CONTENT="bosätt-"/>
						</TextLine>
						<TextLine ID="line_40" HPOS="168" VPOS="1280" WIDTH="825" HEIGHT="28">
							<String ID="string_409" HPOS="168" VPOS="1281" WIDTH="102" HEIGHT="26" WC="0.92" CONTENT="ningarne"/><SP WIDTH="15" VPOS="1281" HPOS="270"/>
							<String ID="string_410" HPOS="285" VPOS="1280" WIDTH="107" HEIGHT="27" WC="0.91" CONTENT="börjades,"/><SP WIDTH="17" VPOS="1280" HPOS="392"/>
							<String ID="string_411" HPOS="409" VPOS="1280" WIDTH="47" HEIGHT="22" WC="0.92" CONTENT="icke"/><SP WIDTH="15" VPOS="1280" HPOS="456"/>
							<String ID="string_412" HPOS="471" VPOS="1280" WIDTH="82" HEIGHT="22" WC="0.96" CONTENT="mindre"/><SP WIDTH="16" VPOS="1280" HPOS="553"/>
							<String ID="string_413" HPOS="569" VPOS="1282" WIDTH="27" HEIGHT="20" WC="0.96" CONTENT="än"/><SP WIDTH="16" VPOS="1282" HPOS="596"/>
							<String ID="string_414" HPOS="612" VPOS="1281" WIDTH="42" HEIGHT="20" WC="0.96" CONTENT="400"/><SP WIDTH="16" VPOS="1281" HPOS="654"/>
							<String ID="string_415" HPOS="670" VPOS="1286" WIDTH="103" HEIGHT="21" WC="0.93" CONTENT="personer"/><SP WIDTH="14" VPOS="1286" HPOS="773"/>
							<String ID="string_416" HPOS="787" VPOS="1281" WIDTH="74" HEIGHT="21" WC="0.92" CONTENT="bosatt"/><SP WIDTH="15" VPOS="1281" HPOS="861"/>
							<String ID="string_417" HPOS="876" VPOS="1281" WIDTH="32" HEIGHT="27" WC="0.96" CONTENT="sig"/><SP WIDTH="15" VPOS="1281" HPOS="908"/>
							<String ID="string_418" HPOS="923" VPOS="1281" WIDTH="29" HEIGHT="27" WC="0.96" CONTENT="pä"/><SP WIDTH="14" VPOS="1281" HPOS="952"/>
							<String ID="string_419" HPOS="966" VPOS="1281" WIDTH="27" HEIGHT="22" WC="0.95" CONTENT="de"/>
						</TextLine>
						<TextLine ID="line_41" HPOS="168" VPOS="1308" WIDTH="824" HEIGHT="28">
							<String ID="string_420" HPOS="168" VPOS="1310" WIDTH="7" HEIGHT="20" WC="0.91" CONTENT="i"/><SP WIDTH="22" VPOS="1310" HPOS="175"/>
							<String ID="string_421" HPOS="197" VPOS="1309" WIDTH="120" HEIGHT="21" WC="0.91" CONTENT="utskottets"/><SP WIDTH="20" VPOS="1309" HPOS="317"/>
							<String ID="string_422" HPOS="337" VPOS="1309" WIDTH="138" HEIGHT="21" WC="0.91" CONTENT="betänkande"/><SP WIDTH="21" VPOS="1309" HPOS="475"/>
							<String ID="string_423" HPOS="496" VPOS="1308" WIDTH="139" HEIGHT="28" WC="0.92" CONTENT="uppräknade"/><SP WIDTH="16" VPOS="1308" HPOS="635"/>
							<String ID="string_424" HPOS="651" VPOS="1309" WIDTH="98" HEIGHT="21" WC="0.92" CONTENT="ställena."/><SP WIDTH="35" VPOS="1309" HPOS="749"/>
							<String ID="string_425" HPOS="784" VPOS="1310" WIDTH="43" HEIGHT="20" WC="0.96" CONTENT="Det"/><SP WIDTH="15" VPOS="1310" HPOS="827"/>
							<String ID="string_426" HPOS="842" VPOS="1312" WIDTH="23" HEIGHT="18" WC="0.93" CONTENT="är"/><SP WIDTH="15" VPOS="1312" HPOS="865"/>
							<String ID="string_427" HPOS="880" VPOS="1310" WIDTH="112" HEIGHT="26" WC="0.91" CONTENT="antagligt,"/>
						</TextLine>
						<TextLine ID="line_42" HPOS="168" VPOS="1336" WIDTH="825" HEIGHT="30">
							<String ID="string_428" HPOS="168" VPOS="1339" WIDTH="39" HEIGHT="25" WC="0.96" CONTENT="att,"/><SP WIDTH="24" VPOS="1339" HPOS="207"/>
							<String ID="string_429" HPOS="231" VPOS="1338" WIDTH="28" HEIGHT="21" WC="0.96" CONTENT="dä"/><SP WIDTH="18" VPOS="1338" HPOS="259"/>
							<String ID="string_430" HPOS="277" VPOS="1337" WIDTH="126" HEIGHT="28" WC="0.96" CONTENT="ytterligare"/><SP WIDTH="20" VPOS="1337" HPOS="403"/>
							<String ID="string_431" HPOS="423" VPOS="1340" WIDTH="12" HEIGHT="18" WC="0.96" CONTENT="8"/><SP WIDTH="17" VPOS="1340" HPOS="435"/>
							<String ID="string_432" HPOS="452" VPOS="1337" WIDTH="24" HEIGHT="21" WC="0.95" CONTENT="är"/><SP WIDTH="18" VPOS="1337" HPOS="476"/>
							<String ID="string_433" HPOS="494" VPOS="1338" WIDTH="68" HEIGHT="21" WC="0.96" CONTENT="sedan"/><SP WIDTH="17" VPOS="1338" HPOS="562"/>
							<String ID="string_434" HPOS="579" VPOS="1338" WIDTH="50" HEIGHT="22" WC="0.93" CONTENT="dess"/><SP WIDTH="15" VPOS="1338" HPOS="629"/>
							<String ID="string_435" HPOS="644" VPOS="1336" WIDTH="96" HEIGHT="28" WC="0.92" CONTENT="förflutit,"/><SP WIDTH="17" VPOS="1336" HPOS="740"/>
							<String ID="string_436" HPOS="757" VPOS="1338" WIDTH="69" HEIGHT="22" WC="0.93" CONTENT="denna"/><SP WIDTH="15" VPOS="1338" HPOS="826"/>
							<String ID="string_437" HPOS="841" VPOS="1338" WIDTH="123" HEIGHT="28" WC="0.92" CONTENT="befolkning"/><SP WIDTH="14" VPOS="1338" HPOS="964"/>
							<String ID="string_438" HPOS="978" VPOS="1338" WIDTH="15" HEIGHT="22" WC="0.91" CONTENT="f."/>
						</TextLine>
						<TextLine ID="line_43" HPOS="166" VPOS="1366" WIDTH="827" HEIGHT="28">
							<String ID="string_439" HPOS="166" VPOS="1373" WIDTH="21" HEIGHT="15" WC="0.93" CONTENT="n."/><SP WIDTH="16" VPOS="1373" HPOS="187"/>
							<String ID="string_440" HPOS="203" VPOS="1366" WIDTH="84" HEIGHT="28" WC="0.91" CONTENT="uppgär"/><SP WIDTH="13" VPOS="1366" HPOS="287"/>
							<String ID="string_441" HPOS="300" VPOS="1366" WIDTH="33" HEIGHT="22" WC="0.96" CONTENT="till"/><SP WIDTH="15" VPOS="1366" HPOS="333"/>
							<String ID="string_442" HPOS="348" VPOS="1366" WIDTH="37" HEIGHT="22" WC="0.93" CONTENT="det"/><SP WIDTH="16" VPOS="1366" HPOS="385"/>
							<String ID="string_443" HPOS="401" VPOS="1366" WIDTH="80" HEIGHT="22" WC="0.91" CONTENT="dubbla"/><SP WIDTH="14" VPOS="1366" HPOS="481"/>
							<String ID="string_444" HPOS="495" VPOS="1366" WIDTH="23" HEIGHT="22" WC="0.96" CONTENT="af"/><SP WIDTH="15" VPOS="1366" HPOS="518"/>
							<String ID="string_445" HPOS="533" VPOS="1366" WIDTH="60" HEIGHT="22" WC="0.96" CONTENT="detta"/><SP WIDTH="15" VPOS="1366" HPOS="593"/>
							<String ID="string_446" HPOS="608" VPOS="1366" WIDTH="58" HEIGHT="22" WC="0.92" CONTENT="antal"/><SP WIDTH="17" VPOS="1366" HPOS="666"/>
							<String ID="string_447" HPOS="683" VPOS="1366" WIDTH="40" HEIGHT="22" WC="0.93" CONTENT="och"/><SP WIDTH="16" VPOS="1366" HPOS="723"/>
							<String ID="string_448" HPOS="739" VPOS="1367" WIDTH="85" HEIGHT="21" WC="0.92" CONTENT="säledes"/><SP WIDTH="8" VPOS="1367" HPOS="824"/>
							<String ID="string_449" HPOS="832" VPOS="1369" WIDTH="121" HEIGHT="20" WC="0.93" CONTENT="motsvarar"/><SP WIDTH="8" VPOS="1369" HPOS="953"/>
							<String ID="string_450" HPOS="961" VPOS="1368" WIDTH="32" HEIGHT="20" WC="0.92" CONTENT="in-"/>
						</TextLine>
						<TextLine ID="line_44" HPOS="168" VPOS="1395" WIDTH="823" HEIGHT="28">
							<String ID="string_451" HPOS="168" VPOS="1395" WIDTH="132" HEIGHT="22" WC="0.91" CONTENT="nevänarnes"/><SP WIDTH="23" VPOS="1395" HPOS="300"/>
							<String ID="string_452" HPOS="323" VPOS="1395" WIDTH="59" HEIGHT="21" WC="0.93" CONTENT="antal"/><SP WIDTH="18" VPOS="1395" HPOS="382"/>
							<String ID="string_453" HPOS="400" VPOS="1395" WIDTH="7" HEIGHT="21" WC="0.93" CONTENT="i"/><SP WIDTH="23" VPOS="1395" HPOS="407"/>
							<String ID="string_454" HPOS="430" VPOS="1401" WIDTH="27" HEIGHT="15" WC="0.92" CONTENT="en"/><SP WIDTH="22" VPOS="1401" HPOS="457"/>
							<String ID="string_455" HPOS="479" VPOS="1395" WIDTH="72" HEIGHT="27" WC="0.92" CONTENT="vanlig"/><SP WIDTH="22" VPOS="1395" HPOS="551"/>
							<String ID="string_456" HPOS="573" VPOS="1395" WIDTH="80" HEIGHT="22" WC="0.96" CONTENT="socken"/><SP WIDTH="22" VPOS="1395" HPOS="653"/>
							<String ID="string_457" HPOS="675" VPOS="1395" WIDTH="7" HEIGHT="21" WC="0.93" CONTENT="i"/><SP WIDTH="15" VPOS="1395" HPOS="682"/>
							<String ID="string_458" HPOS="697" VPOS="1395" WIDTH="161" HEIGHT="28" WC="0.91" CONTENT="Lappmarkens"/><SP WIDTH="16" VPOS="1395" HPOS="858"/>
							<String ID="string_459" HPOS="874" VPOS="1396" WIDTH="74" HEIGHT="22" WC="0.90" CONTENT="härad."/><SP WIDTH="18" VPOS="1396" HPOS="948"/>
							<String ID="string_460" HPOS="966" VPOS="1408" WIDTH="25" HEIGHT="4" WC="0.92" CONTENT="—"/>
						</TextLine>
						<TextLine ID="line_45" HPOS="168" VPOS="1423" WIDTH="824" HEIGHT="28">
							<String ID="string_461" HPOS="168" VPOS="1424" WIDTH="70" HEIGHT="21" WC="0.96" CONTENT="Dessa"/><SP WIDTH="14" VPOS="1424" HPOS="238"/>
							<String ID="string_462" HPOS="252" VPOS="1430" WIDTH="104" HEIGHT="21" WC="0.93" CONTENT="personer"/><SP WIDTH="13" VPOS="1430" HPOS="356"/>
							<String ID="string_463" HPOS="369" VPOS="1425" WIDTH="40" HEIGHT="26" WC="0.96" CONTENT="äro"/><SP WIDTH="17" VPOS="1425" HPOS="409"/>
							<String ID="string_464" HPOS="426" VPOS="1424" WIDTH="55" HEIGHT="21" WC="0.93" CONTENT="dock"/><SP WIDTH="14" VPOS="1424" HPOS="481"/>
							<String ID="string_465" HPOS="495" VPOS="1424" WIDTH="48" HEIGHT="21" WC="0.96" CONTENT="icke"/><SP WIDTH="16" VPOS="1424" HPOS="543"/>
							<String ID="string_466" HPOS="559" VPOS="1424" WIDTH="42" HEIGHT="22" WC="0.96" CONTENT="alla"/><SP WIDTH="14" VPOS="1424" HPOS="601"/>
							<String ID="string_467" HPOS="615" VPOS="1423" WIDTH="74" HEIGHT="26" WC="0.93" CONTENT="finnar,"/><SP WIDTH="17" VPOS="1423" HPOS="689"/>
							<String ID="string_468" HPOS="706" VPOS="1425" WIDTH="90" HEIGHT="21" WC="0.96" CONTENT="emedan"/><SP WIDTH="15" VPOS="1425" HPOS="796"/>
							<String ID="string_469" HPOS="811" VPOS="1424" WIDTH="72" HEIGHT="22" WC="0.96" CONTENT="ibland"/><SP WIDTH="15" VPOS="1424" HPOS="883"/>
							<String ID="string_470" HPOS="898" VPOS="1425" WIDTH="48" HEIGHT="21" WC="0.93" CONTENT="dem"/><SP WIDTH="16" VPOS="1425" HPOS="946"/>
							<String ID="string_471" HPOS="962" VPOS="1425" WIDTH="30" HEIGHT="21" WC="0.77" CONTENT="äf-"/>
						</TextLine>
						<TextLine ID="line_46" HPOS="168" VPOS="1452" WIDTH="825" HEIGHT="27">
							<String ID="string_472" HPOS="168" VPOS="1458" WIDTH="40" HEIGHT="16" WC="0.92" CONTENT="ven"/><SP WIDTH="15" VPOS="1458" HPOS="208"/>
							<String ID="string_473" HPOS="223" VPOS="1452" WIDTH="132" HEIGHT="23" WC="0.92" CONTENT="förekomma"/><SP WIDTH="14" VPOS="1452" HPOS="355"/>
							<String ID="string_474" HPOS="369" VPOS="1454" WIDTH="106" HEIGHT="20" WC="0.92" CONTENT="norrmän."/><SP WIDTH="30" VPOS="1454" HPOS="475"/>
							<String ID="string_475" HPOS="505" VPOS="1452" WIDTH="42" HEIGHT="27" WC="0.96" CONTENT="Jag"/><SP WIDTH="14" VPOS="1452" HPOS="547"/>
							<String ID="string_476" HPOS="561" VPOS="1453" WIDTH="39" HEIGHT="22" WC="0.95" CONTENT="har"/><SP WIDTH="15" VPOS="1453" HPOS="600"/>
							<String ID="string_477" HPOS="615" VPOS="1452" WIDTH="55" HEIGHT="22" WC="0.95" CONTENT="varit"/><SP WIDTH="14" VPOS="1452" HPOS="670"/>
							<String ID="string_478" HPOS="684" VPOS="1452" WIDTH="7" HEIGHT="22" WC="0.93" CONTENT="i"/><SP WIDTH="15" VPOS="1452" HPOS="691"/>
							<String ID="string_479" HPOS="706" VPOS="1453" WIDTH="83" HEIGHT="22" WC="0.92" CONTENT="tillfälle"/><SP WIDTH="15" VPOS="1453" HPOS="789"/>
							<String ID="string_480" HPOS="804" VPOS="1455" WIDTH="33" HEIGHT="20" WC="0.94" CONTENT="att"/><SP WIDTH="13" VPOS="1455" HPOS="837"/>
							<String ID="string_481" HPOS="850" VPOS="1454" WIDTH="8" HEIGHT="21" WC="0.94" CONTENT="i"/><SP WIDTH="15" VPOS="1454" HPOS="858"/>
							<String ID="string_482" HPOS="873" VPOS="1454" WIDTH="59" HEIGHT="21" WC="0.96" CONTENT="tiden"/><SP WIDTH="15" VPOS="1454" HPOS="932"/>
							<String ID="string_483" HPOS="947" VPOS="1454" WIDTH="46" HEIGHT="22" WC="0.96" CONTENT="läsa"/>
						</TextLine>
						<TextLine ID="line_47" HPOS="168" VPOS="1481" WIDTH="824" HEIGHT="29">
							<String ID="string_484" HPOS="168" VPOS="1488" WIDTH="27" HEIGHT="14" WC="0.96" CONTENT="en"/><SP WIDTH="14" VPOS="1488" HPOS="195"/>
							<String ID="string_485" HPOS="209" VPOS="1482" WIDTH="87" HEIGHT="26" WC="0.93" CONTENT="mycket"/><SP WIDTH="15" VPOS="1482" HPOS="296"/>
							<String ID="string_486" HPOS="311" VPOS="1481" WIDTH="88" HEIGHT="27" WC="0.96" CONTENT="utförlig"/><SP WIDTH="15" VPOS="1481" HPOS="399"/>
							<String ID="string_487" HPOS="414" VPOS="1481" WIDTH="133" HEIGHT="27" WC="0.96" CONTENT="beskrifning"/><SP WIDTH="14" VPOS="1481" HPOS="547"/>
							<String ID="string_488" HPOS="561" VPOS="1482" WIDTH="29" HEIGHT="28" WC="0.42" CONTENT="pä"/><SP WIDTH="7" VPOS="1482" HPOS="590"/>
							<String ID="string_489" HPOS="597" VPOS="1482" WIDTH="49" HEIGHT="21" WC="0.42" CONTENT="hela"/><SP WIDTH="11" VPOS="1482" HPOS="646"/>
							<String ID="string_490" HPOS="657" VPOS="1481" WIDTH="69" HEIGHT="22" WC="0.93" CONTENT="denna"/><SP WIDTH="10" VPOS="1481" HPOS="726"/>
							<String ID="string_491" HPOS="736" VPOS="1482" WIDTH="129" HEIGHT="26" WC="0.93" CONTENT="Ishafskust,"/><SP WIDTH="11" VPOS="1482" HPOS="865"/>
							<String ID="string_492" HPOS="876" VPOS="1482" WIDTH="55" HEIGHT="21" WC="0.93" CONTENT="ifrån"/><SP WIDTH="8" VPOS="1482" HPOS="931"/>
							<String ID="string_493" HPOS="939" VPOS="1483" WIDTH="53" HEIGHT="21" WC="0.91" CONTENT="hvil-"/>
						</TextLine>
						<TextLine ID="line_48" HPOS="166" VPOS="1509" WIDTH="829" HEIGHT="28">
							<String ID="string_494" HPOS="166" VPOS="1509" WIDTH="42" HEIGHT="22" WC="0.96" CONTENT="ken"/><SP WIDTH="13" VPOS="1509" HPOS="208"/>
							<String ID="string_495" HPOS="221" VPOS="1510" WIDTH="37" HEIGHT="27" WC="0.96" CONTENT="jag"/><SP WIDTH="15" VPOS="1510" HPOS="258"/>
							<String ID="string_496" HPOS="273" VPOS="1510" WIDTH="36" HEIGHT="22" WC="0.93" CONTENT="vill"/><SP WIDTH="16" VPOS="1510" HPOS="309"/>
							<String ID="string_497" HPOS="325" VPOS="1510" WIDTH="67" HEIGHT="27" WC="0.92" CONTENT="draga"/><SP WIDTH="14" VPOS="1510" HPOS="392"/>
							<String ID="string_498" HPOS="406" VPOS="1510" WIDTH="43" HEIGHT="27" WC="0.96" CONTENT="mig"/><SP WIDTH="15" VPOS="1510" HPOS="449"/>
							<String ID="string_499" HPOS="464" VPOS="1510" WIDTH="31" HEIGHT="21" WC="0.93" CONTENT="till"/><SP WIDTH="16" VPOS="1510" HPOS="495"/>
							<String ID="string_500" HPOS="511" VPOS="1510" WIDTH="90" HEIGHT="27" WC="0.93" CONTENT="minnes,"/><SP WIDTH="16" VPOS="1510" HPOS="601"/>
							<String ID="string_501" HPOS="617" VPOS="1512" WIDTH="32" HEIGHT="20" WC="0.96" CONTENT="att"/><SP WIDTH="14" VPOS="1512" HPOS="649"/>
							<String ID="string_502" HPOS="663" VPOS="1510" WIDTH="8" HEIGHT="21" WC="0.93" CONTENT="i"/><SP WIDTH="15" VPOS="1510" HPOS="671"/>
							<String ID="string_503" HPOS="686" VPOS="1511" WIDTH="108" HEIGHT="22" WC="0.93" CONTENT="anseende"/><SP WIDTH="11" VPOS="1511" HPOS="794"/>
							<String ID="string_504" HPOS="805" VPOS="1511" WIDTH="32" HEIGHT="21" WC="0.88" CONTENT="till"/><SP WIDTH="11" VPOS="1511" HPOS="837"/>
							<String ID="string_505" HPOS="848" VPOS="1512" WIDTH="112" HEIGHT="21" WC="0.93" CONTENT="strandens"/><SP WIDTH="12" VPOS="1512" HPOS="960"/>
							<String ID="string_506" HPOS="972" VPOS="1511" WIDTH="23" HEIGHT="21" WC="0.97" CONTENT="af"/>
						</TextLine>
					</TextBlock>
				</ComposedBlock>
			</PrintSpace>
		</Page>
	</Layout>
</alto>
