<?xml version="1.0" encoding="UTF-8"?>
<alto xmlns="http://www.loc.gov/standards/alto/ns-v3#" xmlns:xlink="http://www.w3.org/1999/xlink" xmlns:xsi="http://www.w3.org/2001/XMLSchema-instance" xsi:schemaLocation="http://www.loc.gov/standards/alto/ns-v3# http://www.loc.gov/alto/v3/alto-3-0.xsd">
	<Description>
		<MeasurementUnit>pixel</MeasurementUnit>
		<sourceImageInformation>
			<fileName>/tmp/tess_95lywazv_input.PNG</fileName>
		</sourceImageInformation>
		<OCRProcessing ID="OCR_0">
			<ocrProcessingStep>
				<processingSoftware>
					<softwareName>tesseract 5.3.4</softwareName>
				</processingSoftware>
			</ocrProcessingStep>
		</OCRProcessing>
	</Description>
	<Layout>
		<Page WIDTH="1064" HEIGHT="1723" PHYSICAL_IMG_NR="0" ID="page_0">
			<PrintSpace HPOS="0" VPOS="0" WIDTH="1064" HEIGHT="1723">
				<ComposedBlock ID="cblock_0" HPOS="408" VPOS="102" WIDTH="453" HEIGHT="25">
					<TextBlock ID="block_0" HPOS="408" VPOS="102" WIDTH="453" HEIGHT="25">
						<TextLine ID="line_0" HPOS="408" VPOS="102" WIDTH="453" HEIGHT="25">
							<String ID="string_0" HPOS="408" VPOS="102" WIDTH="42" HEIGHT="18" WC="0.96" CONTENT="Den"/><SP WIDTH="11" VPOS="102" HPOS="450"/>
							<String ID="string_1" HPOS="461" VPOS="103" WIDTH="22" HEIGHT="17" WC="0.96" CONTENT="26"/><SP WIDTH="12" VPOS="103" HPOS="483"/>
							<String ID="string_2" HPOS="495" VPOS="102" WIDTH="44" HEIGHT="23" WC="0.96" CONTENT="Maj."/><SP WIDTH="269" VPOS="102" HPOS="539"/>
							<String ID="string_3" HPOS="808" VPOS="106" WIDTH="53" HEIGHT="21" WC="0.96" CONTENT="1205"/>
						</TextLine>
					</TextBlock>
				</ComposedBlock>
				<ComposedBlock ID="cblock_1" HPOS="67" VPOS="164" WIDTH="828" HEIGHT="1374">
					<TextBlock ID="block_1" HPOS="68" VPOS="164" WIDTH="824" HEIGHT="61">
						<TextLine ID="line_1" HPOS="69" VPOS="164" WIDTH="823" HEIGHT="34">
							<String ID="string_4" HPOS="69" VPOS="164" WIDTH="56" HEIGHT="22" WC="0.96" CONTENT="sista"/><SP WIDTH="15" VPOS="164" HPOS="125"/>
							<String ID="string_5" HPOS="140" VPOS="166" WIDTH="117" HEIGHT="21" WC="0.95" CONTENT="momentet"/><SP WIDTH="15" VPOS="166" HPOS="257"/>
							<String ID="string_6" HPOS="272" VPOS="165" WIDTH="22" HEIGHT="22" WC="0.96" CONTENT="af"/><SP WIDTH="15" VPOS="165" HPOS="294"/>
							<String ID="string_7" HPOS="309" VPOS="168" WIDTH="39" HEIGHT="21" WC="0.93" CONTENT="119"/><SP WIDTH="16" VPOS="168" HPOS="348"/>
							<String ID="string_8" HPOS="364" VPOS="168" WIDTH="20" HEIGHT="26" WC="0.92" CONTENT="$,"/><SP WIDTH="16" VPOS="168" HPOS="384"/>
							<String ID="string_9" HPOS="400" VPOS="168" WIDTH="79" HEIGHT="22" WC="0.96" CONTENT="sådant"/><SP WIDTH="14" VPOS="168" HPOS="479"/>
							<String ID="string_10" HPOS="493" VPOS="169" WIDTH="37" HEIGHT="22" WC="0.96" CONTENT="det"/><SP WIDTH="14" VPOS="169" HPOS="530"/>
							<String ID="string_11" HPOS="544" VPOS="168" WIDTH="60" HEIGHT="28" WC="0.94" CONTENT="lyder"/><SP WIDTH="10" VPOS="168" HPOS="604"/>
							<String ID="string_12" HPOS="614" VPOS="169" WIDTH="7" HEIGHT="22" WC="0.96" CONTENT="i"/><SP WIDTH="10" VPOS="169" HPOS="621"/>
							<String ID="string_13" HPOS="631" VPOS="170" WIDTH="150" HEIGHT="22" WC="0.96" CONTENT="motsvarande"/><SP WIDTH="9" VPOS="170" HPOS="781"/>
							<String ID="string_14" HPOS="790" VPOS="170" WIDTH="102" HEIGHT="28" WC="0.96" CONTENT="paragraf"/>
						</TextLine>
						<TextLine ID="line_2" HPOS="68" VPOS="193" WIDTH="706" HEIGHT="32">
							<String ID="string_15" HPOS="68" VPOS="193" WIDTH="26" HEIGHT="22" WC="0.96" CONTENT="af"/><SP WIDTH="13" VPOS="193" HPOS="94"/>
							<String ID="string_16" HPOS="107" VPOS="194" WIDTH="41" HEIGHT="22" WC="0.96" CONTENT="den"/><SP WIDTH="15" VPOS="194" HPOS="148"/>
							<String ID="string_17" HPOS="163" VPOS="194" WIDTH="33" HEIGHT="21" WC="0.95" CONTENT="till"/><SP WIDTH="16" VPOS="194" HPOS="196"/>
							<String ID="string_18" HPOS="212" VPOS="195" WIDTH="117" HEIGHT="22" WC="0.93" CONTENT="ständerna"/><SP WIDTH="14" VPOS="195" HPOS="329"/>
							<String ID="string_19" HPOS="343" VPOS="196" WIDTH="80" HEIGHT="23" WC="0.92" CONTENT="aflåtna"/><SP WIDTH="14" VPOS="196" HPOS="423"/>
							<String ID="string_20" HPOS="437" VPOS="198" WIDTH="78" HEIGHT="26" WC="0.96" CONTENT="nådiga"/><SP WIDTH="14" VPOS="198" HPOS="515"/>
							<String ID="string_21" HPOS="529" VPOS="198" WIDTH="174" HEIGHT="27" WC="0.96" CONTENT="propositionen;"/><SP WIDTH="15" VPOS="198" HPOS="703"/>
							<String ID="string_22" HPOS="718" VPOS="201" WIDTH="56" HEIGHT="19" WC="0.96" CONTENT="samt"/>
						</TextLine>
					</TextBlock>
					<TextBlock ID="block_2" HPOS="67" VPOS="222" WIDTH="822" HEIGHT="87">
						<TextLine ID="line_3" HPOS="139" VPOS="222" WIDTH="750" HEIGHT="31">
							<String ID="string_23" HPOS="139" VPOS="224" WIDTH="34" HEIGHT="20" WC="0.71" CONTENT="3:0"/><SP WIDTH="16" VPOS="224" HPOS="173"/>
							<String ID="string_24" HPOS="189" VPOS="222" WIDTH="132" HEIGHT="24" WC="0.93" CONTENT="beträffande"/><SP WIDTH="15" VPOS="222" HPOS="321"/>
							<String ID="string_25" HPOS="336" VPOS="224" WIDTH="11" HEIGHT="28" WC="0.73" CONTENT="$"/><SP WIDTH="17" VPOS="224" HPOS="347"/>
							<String ID="string_26" HPOS="364" VPOS="227" WIDTH="46" HEIGHT="24" WC="0.96" CONTENT="166,"/><SP WIDTH="17" VPOS="227" HPOS="410"/>
							<String ID="string_27" HPOS="427" VPOS="226" WIDTH="35" HEIGHT="21" WC="0.96" CONTENT="vid"/><SP WIDTH="15" VPOS="226" HPOS="462"/>
							<String ID="string_28" HPOS="477" VPOS="226" WIDTH="156" HEIGHT="27" WC="0.96" CONTENT="behandlingen"/><SP WIDTH="15" VPOS="226" HPOS="633"/>
							<String ID="string_29" HPOS="648" VPOS="226" WIDTH="23" HEIGHT="22" WC="0.96" CONTENT="af"/><SP WIDTH="12" VPOS="226" HPOS="671"/>
							<String ID="string_30" HPOS="683" VPOS="227" WIDTH="63" HEIGHT="21" WC="0.95" CONTENT="hvars"/><SP WIDTH="16" VPOS="227" HPOS="746"/>
							<String ID="string_31" HPOS="762" VPOS="227" WIDTH="68" HEIGHT="21" WC="0.93" CONTENT="andra"/><SP WIDTH="14" VPOS="227" HPOS="830"/>
							<String ID="string_32" HPOS="844" VPOS="233" WIDTH="45" HEIGHT="15" WC="0.91" CONTENT="mo-"/>
						</TextLine>
						<TextLine ID="line_4" HPOS="69" VPOS="250" WIDTH="820" HEIGHT="32">
							<String ID="string_33" HPOS="69" VPOS="252" WIDTH="60" HEIGHT="21" WC="0.96" CONTENT="ment"/><SP WIDTH="15" VPOS="252" HPOS="129"/>
							<String ID="string_34" HPOS="144" VPOS="250" WIDTH="88" HEIGHT="22" WC="0.96" CONTENT="ståndet"/><SP WIDTH="14" VPOS="250" HPOS="232"/>
							<String ID="string_35" HPOS="246" VPOS="251" WIDTH="50" HEIGHT="22" WC="0.95" CONTENT="fann"/><SP WIDTH="16" VPOS="251" HPOS="296"/>
							<String ID="string_36" HPOS="312" VPOS="253" WIDTH="47" HEIGHT="21" WC="0.93" CONTENT="skäl"/><SP WIDTH="15" VPOS="253" HPOS="359"/>
							<String ID="string_37" HPOS="374" VPOS="253" WIDTH="72" HEIGHT="23" WC="0.93" CONTENT="bifalla"/><SP WIDTH="15" VPOS="253" HPOS="446"/>
							<String ID="string_38" HPOS="461" VPOS="254" WIDTH="32" HEIGHT="21" WC="0.93" CONTENT="till"/><SP WIDTH="15" VPOS="254" HPOS="493"/>
							<String ID="string_39" HPOS="508" VPOS="254" WIDTH="103" HEIGHT="28" WC="0.95" CONTENT="förslaget"/><SP WIDTH="14" VPOS="254" HPOS="611"/>
							<String ID="string_40" HPOS="625" VPOS="256" WIDTH="34" HEIGHT="20" WC="0.93" CONTENT="att"/><SP WIDTH="14" VPOS="256" HPOS="659"/>
							<String ID="string_41" HPOS="673" VPOS="255" WIDTH="63" HEIGHT="22" WC="0.93" CONTENT="ordet"/><SP WIDTH="15" VPOS="255" HPOS="736"/>
							<String ID="string_42" HPOS="751" VPOS="256" WIDTH="87" HEIGHT="25" WC="0.87" CONTENT=",aktor*"/><SP WIDTH="17" VPOS="256" HPOS="838"/>
							<String ID="string_43" HPOS="855" VPOS="258" WIDTH="34" HEIGHT="19" WC="0.93" CONTENT="ut-"/>
						</TextLine>
						<TextLine ID="line_5" HPOS="67" VPOS="279" WIDTH="418" HEIGHT="30">
							<String ID="string_44" HPOS="67" VPOS="279" WIDTH="74" HEIGHT="27" WC="0.96" CONTENT="byttes"/><SP WIDTH="16" VPOS="279" HPOS="141"/>
							<String ID="string_45" HPOS="157" VPOS="281" WIDTH="45" HEIGHT="21" WC="0.93" CONTENT="mot"/><SP WIDTH="16" VPOS="281" HPOS="202"/>
							<String ID="string_46" HPOS="218" VPOS="296" WIDTH="9" HEIGHT="10" WC="0.92" CONTENT=","/><SP WIDTH="4" VPOS="296" HPOS="227"/>
							<String ID="string_47" HPOS="231" VPOS="280" WIDTH="121" HEIGHT="28" WC="0.82" CONTENT="åklagare&quot;;"/><SP WIDTH="14" VPOS="280" HPOS="352"/>
							<String ID="string_48" HPOS="366" VPOS="281" WIDTH="119" HEIGHT="28" WC="0.88" CONTENT="hvarjämte"/>
						</TextLine>
					</TextBlock>
					<TextBlock ID="block_3" HPOS="69" VPOS="308" WIDTH="819" HEIGHT="58">
						<TextLine ID="line_6" HPOS="138" VPOS="308" WIDTH="750" HEIGHT="32">
							<String ID="string_49" HPOS="138" VPOS="308" WIDTH="88" HEIGHT="32" WC="0.96" CONTENT="ståndet"/><SP WIDTH="17" VPOS="308" HPOS="226"/>
							<String ID="string_50" HPOS="243" VPOS="308" WIDTH="101" HEIGHT="28" WC="0.96" CONTENT="slutligen"/><SP WIDTH="16" VPOS="308" HPOS="344"/>
							<String ID="string_51" HPOS="360" VPOS="310" WIDTH="164" HEIGHT="22" WC="0.95" CONTENT="vidkommande"/><SP WIDTH="15" VPOS="310" HPOS="524"/>
							<String ID="string_52" HPOS="539" VPOS="311" WIDTH="14" HEIGHT="26" WC="0.86" CONTENT="8"/><SP WIDTH="15" VPOS="311" HPOS="553"/>
							<String ID="string_53" HPOS="568" VPOS="312" WIDTH="41" HEIGHT="20" WC="0.96" CONTENT="218"/><SP WIDTH="15" VPOS="312" HPOS="609"/>
							<String ID="string_54" HPOS="624" VPOS="311" WIDTH="72" HEIGHT="22" WC="0.96" CONTENT="beslöt"/><SP WIDTH="14" VPOS="311" HPOS="696"/>
							<String ID="string_55" HPOS="710" VPOS="313" WIDTH="34" HEIGHT="20" WC="0.93" CONTENT="att"/><SP WIDTH="14" VPOS="313" HPOS="744"/>
							<String ID="string_56" HPOS="758" VPOS="312" WIDTH="130" HEIGHT="21" WC="0.90" CONTENT="öfverlemna"/>
						</TextLine>
						<TextLine ID="line_7" HPOS="69" VPOS="336" WIDTH="819" HEIGHT="30">
							<String ID="string_57" HPOS="69" VPOS="336" WIDTH="24" HEIGHT="22" WC="0.95" CONTENT="åt"/><SP WIDTH="13" VPOS="336" HPOS="93"/>
							<String ID="string_58" HPOS="106" VPOS="342" WIDTH="129" HEIGHT="22" WC="0.96" CONTENT="regeringen"/><SP WIDTH="13" VPOS="342" HPOS="235"/>
							<String ID="string_59" HPOS="248" VPOS="339" WIDTH="34" HEIGHT="20" WC="0.96" CONTENT="att"/><SP WIDTH="9" VPOS="339" HPOS="282"/>
							<String ID="string_60" HPOS="291" VPOS="338" WIDTH="120" HEIGHT="23" WC="0.96" CONTENT="bestämma"/><SP WIDTH="9" VPOS="338" HPOS="411"/>
							<String ID="string_61" HPOS="420" VPOS="339" WIDTH="65" HEIGHT="26" WC="0.96" CONTENT="tiden,"/><SP WIDTH="12" VPOS="339" HPOS="485"/>
							<String ID="string_62" HPOS="497" VPOS="340" WIDTH="28" HEIGHT="21" WC="0.96" CONTENT="då"/><SP WIDTH="8" VPOS="340" HPOS="525"/>
							<String ID="string_63" HPOS="533" VPOS="339" WIDTH="63" HEIGHT="27" WC="0.96" CONTENT="lagen"/><SP WIDTH="10" VPOS="339" HPOS="596"/>
							<String ID="string_64" HPOS="606" VPOS="340" WIDTH="40" HEIGHT="21" WC="0.96" CONTENT="bör"/><SP WIDTH="9" VPOS="340" HPOS="646"/>
							<String ID="string_65" HPOS="655" VPOS="340" WIDTH="64" HEIGHT="22" WC="0.96" CONTENT="träda"/><SP WIDTH="9" VPOS="340" HPOS="719"/>
							<String ID="string_66" HPOS="728" VPOS="340" WIDTH="8" HEIGHT="22" WC="0.96" CONTENT="i"/><SP WIDTH="10" VPOS="340" HPOS="736"/>
							<String ID="string_67" HPOS="746" VPOS="340" WIDTH="142" HEIGHT="22" WC="0.96" CONTENT="verksamhet."/>
						</TextLine>
					</TextBlock>
					<TextBlock ID="block_4" HPOS="68" VPOS="365" WIDTH="822" HEIGHT="137">
						<TextLine ID="line_8" HPOS="155" VPOS="365" WIDTH="735" HEIGHT="31">
							<String ID="string_68" HPOS="155" VPOS="365" WIDTH="56" HEIGHT="24" WC="0.96" CONTENT="edan"/><SP WIDTH="21" VPOS="365" HPOS="211"/>
							<String ID="string_69" HPOS="232" VPOS="366" WIDTH="111" HEIGHT="27" WC="0.96" CONTENT="ingressen"/><SP WIDTH="22" VPOS="366" HPOS="343"/>
							<String ID="string_70" HPOS="365" VPOS="368" WIDTH="41" HEIGHT="21" WC="0.96" CONTENT="och"/><SP WIDTH="19" VPOS="368" HPOS="406"/>
							<String ID="string_71" HPOS="425" VPOS="368" WIDTH="101" HEIGHT="22" WC="0.93" CONTENT="rubriken"/><SP WIDTH="17" VPOS="368" HPOS="526"/>
							<String ID="string_72" HPOS="543" VPOS="368" WIDTH="53" HEIGHT="22" WC="0.90" CONTENT="härå"/><SP WIDTH="15" VPOS="368" HPOS="596"/>
							<String ID="string_73" HPOS="611" VPOS="368" WIDTH="68" HEIGHT="22" WC="0.96" CONTENT="blifvit"/><SP WIDTH="15" VPOS="368" HPOS="679"/>
							<String ID="string_74" HPOS="694" VPOS="368" WIDTH="123" HEIGHT="28" WC="0.96" CONTENT="godkända,"/><SP WIDTH="15" VPOS="368" HPOS="817"/>
							<String ID="string_75" HPOS="832" VPOS="370" WIDTH="58" HEIGHT="21" WC="0.96" CONTENT="samt"/>
						</TextLine>
						<TextLine ID="line_9" HPOS="68" VPOS="394" WIDTH="821" HEIGHT="32">
							<String ID="string_76" HPOS="68" VPOS="395" WIDTH="34" HEIGHT="21" WC="0.96" CONTENT="ett"/><SP WIDTH="21" VPOS="395" HPOS="102"/>
							<String ID="string_77" HPOS="123" VPOS="394" WIDTH="58" HEIGHT="24" WC="0.96" CONTENT="inom"/><SP WIDTH="23" VPOS="394" HPOS="181"/>
							<String ID="string_78" HPOS="204" VPOS="395" WIDTH="87" HEIGHT="22" WC="0.96" CONTENT="ståndet"/><SP WIDTH="17" VPOS="395" HPOS="291"/>
							<String ID="string_79" HPOS="308" VPOS="396" WIDTH="65" HEIGHT="21" WC="0.96" CONTENT="väckt"/><SP WIDTH="17" VPOS="396" HPOS="373"/>
							<String ID="string_80" HPOS="390" VPOS="396" WIDTH="87" HEIGHT="28" WC="0.96" CONTENT="förslag,"/><SP WIDTH="16" VPOS="396" HPOS="477"/>
							<String ID="string_81" HPOS="493" VPOS="399" WIDTH="33" HEIGHT="19" WC="0.96" CONTENT="att"/><SP WIDTH="14" VPOS="399" HPOS="526"/>
							<String ID="string_82" HPOS="540" VPOS="397" WIDTH="109" HEIGHT="22" WC="0.96" CONTENT="utskottet"/><SP WIDTH="14" VPOS="397" HPOS="649"/>
							<String ID="string_83" HPOS="663" VPOS="398" WIDTH="71" HEIGHT="21" WC="0.93" CONTENT="skulle"/><SP WIDTH="15" VPOS="398" HPOS="734"/>
							<String ID="string_84" HPOS="749" VPOS="398" WIDTH="140" HEIGHT="28" WC="0.91" CONTENT="bemyndigas"/>
						</TextLine>
						<TextLine ID="line_10" HPOS="69" VPOS="423" WIDTH="821" HEIGHT="31">
							<String ID="string_85" HPOS="69" VPOS="424" WIDTH="34" HEIGHT="21" WC="0.96" CONTENT="att"/><SP WIDTH="13" VPOS="424" HPOS="103"/>
							<String ID="string_86" HPOS="116" VPOS="425" WIDTH="60" HEIGHT="20" WC="0.96" CONTENT="rätta"/><SP WIDTH="14" VPOS="425" HPOS="176"/>
							<String ID="string_87" HPOS="190" VPOS="423" WIDTH="27" HEIGHT="22" WC="0.96" CONTENT="de"/><SP WIDTH="14" VPOS="423" HPOS="217"/>
							<String ID="string_88" HPOS="231" VPOS="423" WIDTH="8" HEIGHT="21" WC="0.96" CONTENT="i"/><SP WIDTH="15" VPOS="423" HPOS="239"/>
							<String ID="string_89" HPOS="254" VPOS="424" WIDTH="41" HEIGHT="22" WC="0.96" CONTENT="den"/><SP WIDTH="15" VPOS="424" HPOS="295"/>
							<String ID="string_90" HPOS="310" VPOS="424" WIDTH="70" HEIGHT="22" WC="0.96" CONTENT="finska"/><SP WIDTH="13" VPOS="424" HPOS="380"/>
							<String ID="string_91" HPOS="393" VPOS="425" WIDTH="109" HEIGHT="27" WC="0.96" CONTENT="lagtexten"/><SP WIDTH="15" VPOS="425" HPOS="502"/>
							<String ID="string_92" HPOS="517" VPOS="425" WIDTH="174" HEIGHT="23" WC="0.96" CONTENT="förekommande"/><SP WIDTH="13" VPOS="425" HPOS="691"/>
							<String ID="string_93" HPOS="704" VPOS="426" WIDTH="90" HEIGHT="27" WC="0.96" CONTENT="tryckfel"/><SP WIDTH="14" VPOS="426" HPOS="794"/>
							<String ID="string_94" HPOS="808" VPOS="426" WIDTH="82" HEIGHT="28" WC="0.93" CONTENT="jämväl"/>
						</TextLine>
						<TextLine ID="line_11" HPOS="69" VPOS="452" WIDTH="821" HEIGHT="50">
							<String ID="string_95" HPOS="69" VPOS="452" WIDTH="115" HEIGHT="50" WC="0.25" CONTENT="Jo"/><SP WIDTH="23" VPOS="452" HPOS="184"/>
							<String ID="string_96" HPOS="207" VPOS="454" WIDTH="77" HEIGHT="26" WC="0.91" CONTENT="antogs"/><SP WIDTH="22" VPOS="454" HPOS="284"/>
							<String ID="string_97" HPOS="306" VPOS="453" WIDTH="104" HEIGHT="22" WC="0.91" CONTENT="likaledes"/><SP WIDTH="19" VPOS="453" HPOS="410"/>
							<String ID="string_98" HPOS="429" VPOS="454" WIDTH="117" HEIGHT="22" WC="0.93" CONTENT="utskottets"/><SP WIDTH="15" VPOS="454" HPOS="546"/>
							<String ID="string_99" HPOS="561" VPOS="454" WIDTH="82" HEIGHT="27" WC="0.96" CONTENT="förslag"/><SP WIDTH="14" VPOS="454" HPOS="643"/>
							<String ID="string_100" HPOS="657" VPOS="454" WIDTH="33" HEIGHT="22" WC="0.96" CONTENT="till"/><SP WIDTH="14" VPOS="454" HPOS="690"/>
							<String ID="string_101" HPOS="704" VPOS="454" WIDTH="156" HEIGHT="28" WC="0.93" CONTENT="framställning"/><SP WIDTH="16" VPOS="454" HPOS="860"/>
							<String ID="string_102" HPOS="876" VPOS="455" WIDTH="14" HEIGHT="21" WC="0.93" CONTENT="&amp;"/>
						</TextLine>
						<TextLine ID="line_12" HPOS="69" VPOS="481" WIDTH="111" HEIGHT="21">
							<String ID="string_103" HPOS="69" VPOS="481" WIDTH="62" HEIGHT="21" WC="0.96" CONTENT="sidan"/><SP WIDTH="15" VPOS="481" HPOS="131"/>
							<String ID="string_104" HPOS="146" VPOS="482" WIDTH="34" HEIGHT="20" WC="0.96" CONTENT="57."/>
						</TextLine>
					</TextBlock>
					<TextBlock ID="block_5" HPOS="68" VPOS="509" WIDTH="821" HEIGHT="116">
						<TextLine ID="line_13" HPOS="136" VPOS="509" WIDTH="753" HEIGHT="29">
							<String ID="string_105" HPOS="136" VPOS="509" WIDTH="34" HEIGHT="22" WC="0.93" CONTENT="De"/><SP WIDTH="12" VPOS="509" HPOS="170"/>
							<String ID="string_106" HPOS="182" VPOS="510" WIDTH="126" HEIGHT="26" WC="0.90" CONTENT="erinringar,"/><SP WIDTH="19" VPOS="510" HPOS="308"/>
							<String ID="string_107" HPOS="327" VPOS="511" WIDTH="109" HEIGHT="22" WC="0.96" CONTENT="utskottet"/><SP WIDTH="19" VPOS="511" HPOS="436"/>
							<String ID="string_108" HPOS="455" VPOS="512" WIDTH="100" HEIGHT="26" WC="0.96" CONTENT="slutligen"/><SP WIDTH="14" VPOS="512" HPOS="555"/>
							<String ID="string_109" HPOS="569" VPOS="511" WIDTH="112" HEIGHT="27" WC="0.96" CONTENT="föreslagit"/><SP WIDTH="15" VPOS="511" HPOS="681"/>
							<String ID="string_110" HPOS="696" VPOS="512" WIDTH="48" HEIGHT="22" WC="0.93" CONTENT="med"/><SP WIDTH="15" VPOS="512" HPOS="744"/>
							<String ID="string_111" HPOS="759" VPOS="512" WIDTH="101" HEIGHT="22" WC="0.93" CONTENT="afseende"/><SP WIDTH="16" VPOS="512" HPOS="860"/>
							<String ID="string_112" HPOS="876" VPOS="512" WIDTH="13" HEIGHT="21" WC="0.81" CONTENT="ä"/>
						</TextLine>
						<TextLine ID="line_14" HPOS="69" VPOS="538" WIDTH="819" HEIGHT="30">
							<String ID="string_113" HPOS="69" VPOS="538" WIDTH="42" HEIGHT="23" WC="0.93" CONTENT="den"/><SP WIDTH="15" VPOS="538" HPOS="111"/>
							<String ID="string_114" HPOS="126" VPOS="538" WIDTH="117" HEIGHT="22" WC="0.92" CONTENT="ständerna"/><SP WIDTH="14" VPOS="538" HPOS="243"/>
							<String ID="string_115" HPOS="257" VPOS="538" WIDTH="32" HEIGHT="22" WC="0.93" CONTENT="till"/><SP WIDTH="15" VPOS="538" HPOS="289"/>
							<String ID="string_116" HPOS="304" VPOS="539" WIDTH="121" HEIGHT="22" WC="0.92" CONTENT="kännedom"/><SP WIDTH="16" VPOS="539" HPOS="425"/>
							<String ID="string_117" HPOS="441" VPOS="540" WIDTH="40" HEIGHT="22" WC="0.93" CONTENT="och"/><SP WIDTH="14" VPOS="540" HPOS="481"/>
							<String ID="string_118" HPOS="495" VPOS="540" WIDTH="128" HEIGHT="28" WC="0.92" CONTENT="upplysning"/><SP WIDTH="14" VPOS="540" HPOS="623"/>
							<String ID="string_119" HPOS="637" VPOS="540" WIDTH="128" HEIGHT="22" WC="0.92" CONTENT="meddelade"/><SP WIDTH="11" VPOS="540" HPOS="765"/>
							<String ID="string_120" HPOS="776" VPOS="540" WIDTH="112" HEIGHT="27" WC="0.91" CONTENT="ordnings-"/>
						</TextLine>
						<TextLine ID="line_15" HPOS="69" VPOS="566" WIDTH="820" HEIGHT="30">
							<String ID="string_121" HPOS="69" VPOS="567" WIDTH="92" HEIGHT="27" WC="0.92" CONTENT="stadgan"/><SP WIDTH="17" VPOS="567" HPOS="161"/>
							<String ID="string_122" HPOS="178" VPOS="566" WIDTH="34" HEIGHT="22" WC="0.96" CONTENT="för"/><SP WIDTH="19" VPOS="566" HPOS="212"/>
							<String ID="string_123" HPOS="231" VPOS="567" WIDTH="41" HEIGHT="22" WC="0.96" CONTENT="den"/><SP WIDTH="14" VPOS="567" HPOS="272"/>
							<String ID="string_124" HPOS="286" VPOS="567" WIDTH="70" HEIGHT="23" WC="0.93" CONTENT="finska"/><SP WIDTH="14" VPOS="567" HPOS="356"/>
							<String ID="string_125" HPOS="370" VPOS="568" WIDTH="113" HEIGHT="27" WC="0.93" CONTENT="militären,"/><SP WIDTH="16" VPOS="568" HPOS="483"/>
							<String ID="string_126" HPOS="499" VPOS="569" WIDTH="96" HEIGHT="27" WC="0.90" CONTENT="gillades,"/><SP WIDTH="15" VPOS="569" HPOS="595"/>
							<String ID="string_127" HPOS="610" VPOS="569" WIDTH="41" HEIGHT="21" WC="0.93" CONTENT="och"/><SP WIDTH="16" VPOS="569" HPOS="651"/>
							<String ID="string_128" HPOS="667" VPOS="571" WIDTH="65" HEIGHT="25" WC="0.91" CONTENT="antog"/><SP WIDTH="16" VPOS="571" HPOS="732"/>
							<String ID="string_129" HPOS="748" VPOS="569" WIDTH="88" HEIGHT="22" WC="0.91" CONTENT="ständet"/><SP WIDTH="16" VPOS="569" HPOS="836"/>
							<String ID="string_130" HPOS="852" VPOS="568" WIDTH="37" HEIGHT="22" WC="0.96" CONTENT="det"/>
						</TextLine>
						<TextLine ID="line_16" HPOS="68" VPOS="594" WIDTH="820" HEIGHT="31">
							<String ID="string_131" HPOS="68" VPOS="595" WIDTH="82" HEIGHT="27" WC="0.96" CONTENT="förslag"/><SP WIDTH="14" VPOS="595" HPOS="150"/>
							<String ID="string_132" HPOS="164" VPOS="596" WIDTH="33" HEIGHT="20" WC="0.95" CONTENT="till"/><SP WIDTH="14" VPOS="596" HPOS="197"/>
							<String ID="string_133" HPOS="211" VPOS="594" WIDTH="156" HEIGHT="30" WC="0.93" CONTENT="framställning"/><SP WIDTH="14" VPOS="594" HPOS="367"/>
							<String ID="string_134" HPOS="381" VPOS="597" WIDTH="108" HEIGHT="22" WC="0.96" CONTENT="utskottet"/><SP WIDTH="14" VPOS="597" HPOS="489"/>
							<String ID="string_135" HPOS="503" VPOS="598" WIDTH="57" HEIGHT="27" WC="0.93" CONTENT="gjort"/><SP WIDTH="15" VPOS="598" HPOS="560"/>
							<String ID="string_136" HPOS="575" VPOS="598" WIDTH="13" HEIGHT="20" WC="0.86" CONTENT="&amp;"/><SP WIDTH="15" VPOS="598" HPOS="588"/>
							<String ID="string_137" HPOS="603" VPOS="597" WIDTH="61" HEIGHT="22" WC="0.97" CONTENT="sidan"/><SP WIDTH="15" VPOS="597" HPOS="664"/>
							<String ID="string_138" HPOS="679" VPOS="600" WIDTH="27" HEIGHT="19" WC="0.89" CONTENT="59"/><SP WIDTH="10" VPOS="600" HPOS="706"/>
							<String ID="string_139" HPOS="716" VPOS="598" WIDTH="8" HEIGHT="21" WC="0.89" CONTENT="i"/><SP WIDTH="10" VPOS="598" HPOS="724"/>
							<String ID="string_140" HPOS="734" VPOS="598" WIDTH="154" HEIGHT="26" WC="0.95" CONTENT="betänkandet;"/>
						</TextLine>
					</TextBlock>
					<TextBlock ID="block_6" HPOS="137" VPOS="624" WIDTH="507" HEIGHT="25">
						<TextLine ID="line_17" HPOS="137" VPOS="624" WIDTH="507" HEIGHT="25">
							<String ID="string_141" HPOS="137" VPOS="624" WIDTH="48" HEIGHT="21" WC="0.96" CONTENT="från"/><SP WIDTH="15" VPOS="624" HPOS="185"/>
							<String ID="string_142" HPOS="200" VPOS="624" WIDTH="200" HEIGHT="25" WC="0.95" CONTENT="bondeståndet"/><SP WIDTH="12" VPOS="624" HPOS="400"/>
							<String ID="string_143" HPOS="412" VPOS="626" WIDTH="50" HEIGHT="21" WC="0.93" CONTENT="med"/><SP WIDTH="15" VPOS="626" HPOS="462"/>
							<String ID="string_144" HPOS="477" VPOS="626" WIDTH="167" HEIGHT="22" WC="0.96" CONTENT="underrättelse:"/>
						</TextLine>
					</TextBlock>
					<TextBlock ID="block_7" HPOS="67" VPOS="653" WIDTH="822" HEIGHT="86">
						<TextLine ID="line_18" HPOS="138" VPOS="653" WIDTH="751" HEIGHT="27">
							<String ID="string_145" HPOS="138" VPOS="654" WIDTH="34" HEIGHT="20" WC="0.96" CONTENT="att"/><SP WIDTH="14" VPOS="654" HPOS="172"/>
							<String ID="string_146" HPOS="186" VPOS="653" WIDTH="88" HEIGHT="22" WC="0.96" CONTENT="ståndet"/><SP WIDTH="15" VPOS="653" HPOS="274"/>
							<String ID="string_147" HPOS="289" VPOS="654" WIDTH="95" HEIGHT="26" WC="0.96" CONTENT="godkänt"/><SP WIDTH="14" VPOS="654" HPOS="384"/>
							<String ID="string_148" HPOS="398" VPOS="654" WIDTH="107" HEIGHT="22" WC="0.93" CONTENT="allmänna"/><SP WIDTH="14" VPOS="654" HPOS="505"/>
							<String ID="string_149" HPOS="519" VPOS="655" WIDTH="208" HEIGHT="21" WC="0.91" CONTENT="besvärsutskottets"/><SP WIDTH="11" VPOS="655" HPOS="727"/>
							<String ID="string_150" HPOS="738" VPOS="654" WIDTH="151" HEIGHT="22" WC="0.95" CONTENT="betänkanden"/>
						</TextLine>
						<TextLine ID="line_19" HPOS="68" VPOS="681" WIDTH="821" HEIGHT="30">
							<String ID="string_151" HPOS="68" VPOS="681" WIDTH="41" HEIGHT="23" WC="0.96" CONTENT="N:o"/><SP WIDTH="18" VPOS="681" HPOS="109"/>
							<String ID="string_152" HPOS="127" VPOS="683" WIDTH="25" HEIGHT="20" WC="0.96" CONTENT="15"/><SP WIDTH="15" VPOS="683" HPOS="152"/>
							<String ID="string_153" HPOS="167" VPOS="688" WIDTH="36" HEIGHT="15" WC="0.96" CONTENT="om"/><SP WIDTH="15" VPOS="688" HPOS="203"/>
							<String ID="string_154" HPOS="218" VPOS="688" WIDTH="27" HEIGHT="16" WC="0.93" CONTENT="en"/><SP WIDTH="15" VPOS="688" HPOS="245"/>
							<String ID="string_155" HPOS="260" VPOS="682" WIDTH="210" HEIGHT="28" WC="0.91" CONTENT="ständerdelegation"/><SP WIDTH="13" VPOS="682" HPOS="470"/>
							<String ID="string_156" HPOS="483" VPOS="683" WIDTH="33" HEIGHT="22" WC="0.93" CONTENT="för"/><SP WIDTH="13" VPOS="683" HPOS="516"/>
							<String ID="string_157" HPOS="529" VPOS="683" WIDTH="163" HEIGHT="28" WC="0.91" CONTENT="kejsarestoden"/><SP WIDTH="16" VPOS="683" HPOS="692"/>
							<String ID="string_158" HPOS="708" VPOS="683" WIDTH="40" HEIGHT="22" WC="0.96" CONTENT="och"/><SP WIDTH="14" VPOS="683" HPOS="748"/>
							<String ID="string_159" HPOS="762" VPOS="684" WIDTH="41" HEIGHT="21" WC="0.96" CONTENT="N:o"/><SP WIDTH="14" VPOS="684" HPOS="803"/>
							<String ID="string_160" HPOS="817" VPOS="685" WIDTH="26" HEIGHT="19" WC="0.96" CONTENT="16"/><SP WIDTH="11" VPOS="685" HPOS="843"/>
							<String ID="string_161" HPOS="854" VPOS="689" WIDTH="35" HEIGHT="16" WC="0.96" CONTENT="om"/>
						</TextLine>
						<TextLine ID="line_20" HPOS="67" VPOS="710" WIDTH="821" HEIGHT="29">
							<String ID="string_162" HPOS="67" VPOS="710" WIDTH="147" HEIGHT="23" WC="0.91" CONTENT="förskaffande"/><SP WIDTH="15" VPOS="710" HPOS="214"/>
							<String ID="string_163" HPOS="229" VPOS="710" WIDTH="23" HEIGHT="22" WC="0.92" CONTENT="af"/><SP WIDTH="12" VPOS="710" HPOS="252"/>
							<String ID="string_164" HPOS="264" VPOS="711" WIDTH="135" HEIGHT="27" WC="0.92" CONTENT="gångbarhet"/><SP WIDTH="14" VPOS="711" HPOS="399"/>
							<String ID="string_165" HPOS="413" VPOS="711" WIDTH="34" HEIGHT="22" WC="0.96" CONTENT="för"/><SP WIDTH="15" VPOS="711" HPOS="447"/>
							<String ID="string_166" HPOS="462" VPOS="712" WIDTH="37" HEIGHT="21" WC="0.96" CONTENT="det"/><SP WIDTH="14" VPOS="712" HPOS="499"/>
							<String ID="string_167" HPOS="513" VPOS="712" WIDTH="69" HEIGHT="22" WC="0.93" CONTENT="finska"/><SP WIDTH="14" VPOS="712" HPOS="582"/>
							<String ID="string_168" HPOS="596" VPOS="712" WIDTH="134" HEIGHT="27" WC="0.91" CONTENT="guldmyntet"/><SP WIDTH="14" VPOS="712" HPOS="730"/>
							<String ID="string_169" HPOS="744" VPOS="712" WIDTH="8" HEIGHT="22" WC="0.96" CONTENT="i"/><SP WIDTH="9" VPOS="712" HPOS="752"/>
							<String ID="string_170" HPOS="761" VPOS="712" WIDTH="127" HEIGHT="26" WC="0.96" CONTENT="Frankrike;"/>
						</TextLine>
					</TextBlock>
					<TextBlock ID="block_8" HPOS="69" VPOS="739" WIDTH="825" HEIGHT="113">
						<TextLine ID="line_21" HPOS="140" VPOS="739" WIDTH="749" HEIGHT="29">
							<String ID="string_171" HPOS="140" VPOS="740" WIDTH="33" HEIGHT="20" WC="0.96" CONTENT="att"/><SP WIDTH="14" VPOS="740" HPOS="173"/>
							<String ID="string_172" HPOS="187" VPOS="739" WIDTH="87" HEIGHT="22" WC="0.96" CONTENT="ståndet"/><SP WIDTH="15" VPOS="739" HPOS="274"/>
							<String ID="string_173" HPOS="289" VPOS="740" WIDTH="97" HEIGHT="26" WC="0.92" CONTENT="godkänt"/><SP WIDTH="12" VPOS="740" HPOS="386"/>
							<String ID="string_174" HPOS="398" VPOS="740" WIDTH="220" HEIGHT="28" WC="0.91" CONTENT="jernvägsutskottets"/><SP WIDTH="11" VPOS="740" HPOS="618"/>
							<String ID="string_175" HPOS="629" VPOS="740" WIDTH="260" HEIGHT="28" WC="0.91" CONTENT="sammanjämkningsför-"/>
						</TextLine>
						<TextLine ID="line_22" HPOS="69" VPOS="767" WIDTH="825" HEIGHT="29">
							<String ID="string_176" HPOS="69" VPOS="768" WIDTH="50" HEIGHT="28" WC="0.96" CONTENT="slag"/><SP WIDTH="21" VPOS="768" HPOS="119"/>
							<String ID="string_177" HPOS="140" VPOS="767" WIDTH="111" HEIGHT="27" WC="0.96" CONTENT="angående"/><SP WIDTH="22" VPOS="767" HPOS="251"/>
							<String ID="string_178" HPOS="273" VPOS="768" WIDTH="73" HEIGHT="22" WC="0.93" CONTENT="vidare"/><SP WIDTH="19" VPOS="768" HPOS="346"/>
							<String ID="string_179" HPOS="365" VPOS="769" WIDTH="201" HEIGHT="27" WC="0.91" CONTENT="jernvägsbyggnad"/><SP WIDTH="18" VPOS="769" HPOS="566"/>
							<String ID="string_180" HPOS="584" VPOS="770" WIDTH="60" HEIGHT="21" WC="0.96" CONTENT="utom"/><SP WIDTH="17" VPOS="770" HPOS="644"/>
							<String ID="string_181" HPOS="661" VPOS="769" WIDTH="57" HEIGHT="21" WC="0.96" CONTENT="hvad"/><SP WIDTH="14" VPOS="769" HPOS="718"/>
							<String ID="string_182" HPOS="732" VPOS="768" WIDTH="102" HEIGHT="23" WC="0.96" CONTENT="beträffar"/><SP WIDTH="17" VPOS="768" HPOS="834"/>
							<String ID="string_183" HPOS="851" VPOS="769" WIDTH="43" HEIGHT="21" WC="0.95" CONTENT="den"/>
						</TextLine>
						<TextLine ID="line_23" HPOS="70" VPOS="796" WIDTH="824" HEIGHT="28">
							<String ID="string_184" HPOS="70" VPOS="796" WIDTH="178" HEIGHT="22" WC="0.95" CONTENT="Österbottniska"/><SP WIDTH="22" VPOS="796" HPOS="248"/>
							<String ID="string_185" HPOS="270" VPOS="796" WIDTH="82" HEIGHT="22" WC="0.96" CONTENT="banans"/><SP WIDTH="22" VPOS="796" HPOS="352"/>
							<String ID="string_186" HPOS="374" VPOS="798" WIDTH="130" HEIGHT="26" WC="0.95" CONTENT="sträckning,"/><SP WIDTH="19" VPOS="798" HPOS="504"/>
							<String ID="string_187" HPOS="523" VPOS="798" WIDTH="8" HEIGHT="21" WC="0.96" CONTENT="i"/><SP WIDTH="14" VPOS="798" HPOS="531"/>
							<String ID="string_188" HPOS="545" VPOS="798" WIDTH="102" HEIGHT="22" WC="0.93" CONTENT="afseende"/><SP WIDTH="14" VPOS="798" HPOS="647"/>
							<String ID="string_189" HPOS="661" VPOS="798" WIDTH="66" HEIGHT="22" WC="0.91" CONTENT="hvarå"/><SP WIDTH="15" VPOS="798" HPOS="727"/>
							<String ID="string_190" HPOS="742" VPOS="798" WIDTH="87" HEIGHT="22" WC="0.93" CONTENT="ståndet"/><SP WIDTH="17" VPOS="798" HPOS="829"/>
							<String ID="string_191" HPOS="846" VPOS="797" WIDTH="48" HEIGHT="21" WC="0.92" CONTENT="vid-"/>
						</TextLine>
						<TextLine ID="line_24" HPOS="70" VPOS="824" WIDTH="302" HEIGHT="28">
							<String ID="string_192" HPOS="70" VPOS="824" WIDTH="47" HEIGHT="22" WC="0.96" CONTENT="höll"/><SP WIDTH="15" VPOS="824" HPOS="117"/>
							<String ID="string_193" HPOS="132" VPOS="825" WIDTH="39" HEIGHT="21" WC="0.95" CONTENT="sitt"/><SP WIDTH="15" VPOS="825" HPOS="171"/>
							<String ID="string_194" HPOS="186" VPOS="825" WIDTH="91" HEIGHT="26" WC="0.96" CONTENT="tidigare"/><SP WIDTH="15" VPOS="825" HPOS="277"/>
							<String ID="string_195" HPOS="292" VPOS="826" WIDTH="80" HEIGHT="26" WC="0.96" CONTENT="beslut;"/>
						</TextLine>
					</TextBlock>
					<TextBlock ID="block_9" HPOS="72" VPOS="853" WIDTH="822" HEIGHT="114">
						<TextLine ID="line_25" HPOS="141" VPOS="853" WIDTH="753" HEIGHT="28">
							<String ID="string_196" HPOS="141" VPOS="854" WIDTH="33" HEIGHT="21" WC="0.96" CONTENT="att"/><SP WIDTH="15" VPOS="854" HPOS="174"/>
							<String ID="string_197" HPOS="189" VPOS="853" WIDTH="86" HEIGHT="22" WC="0.96" CONTENT="ståndet"/><SP WIDTH="15" VPOS="853" HPOS="275"/>
							<String ID="string_198" HPOS="290" VPOS="854" WIDTH="96" HEIGHT="27" WC="0.93" CONTENT="godkänt"/><SP WIDTH="14" VPOS="854" HPOS="386"/>
							<String ID="string_199" HPOS="400" VPOS="855" WIDTH="176" HEIGHT="21" WC="0.92" CONTENT="statsutskottets"/><SP WIDTH="14" VPOS="855" HPOS="576"/>
							<String ID="string_200" HPOS="590" VPOS="854" WIDTH="138" HEIGHT="22" WC="0.96" CONTENT="betänkande"/><SP WIDTH="15" VPOS="854" HPOS="728"/>
							<String ID="string_201" HPOS="743" VPOS="854" WIDTH="41" HEIGHT="22" WC="0.96" CONTENT="N:o"/><SP WIDTH="16" VPOS="854" HPOS="784"/>
							<String ID="string_202" HPOS="800" VPOS="856" WIDTH="12" HEIGHT="20" WC="0.93" CONTENT="9"/><SP WIDTH="16" VPOS="856" HPOS="812"/>
							<String ID="string_203" HPOS="828" VPOS="854" WIDTH="66" HEIGHT="27" WC="0.91" CONTENT="angå-"/>
						</TextLine>
						<TextLine ID="line_26" HPOS="72" VPOS="881" WIDTH="822" HEIGHT="24">
							<String ID="string_204" HPOS="72" VPOS="881" WIDTH="55" HEIGHT="22" WC="0.95" CONTENT="ende"/><SP WIDTH="16" VPOS="881" HPOS="127"/>
							<String ID="string_205" HPOS="143" VPOS="882" WIDTH="119" HEIGHT="21" WC="0.96" CONTENT="relationen"/><SP WIDTH="16" VPOS="882" HPOS="262"/>
							<String ID="string_206" HPOS="278" VPOS="888" WIDTH="34" HEIGHT="15" WC="0.93" CONTENT="om"/><SP WIDTH="20" VPOS="888" HPOS="312"/>
							<String ID="string_207" HPOS="332" VPOS="883" WIDTH="142" HEIGHT="21" WC="0.92" CONTENT="statsverkets"/><SP WIDTH="16" VPOS="883" HPOS="474"/>
							<String ID="string_208" HPOS="490" VPOS="883" WIDTH="96" HEIGHT="22" WC="0.96" CONTENT="tillstånd"/><SP WIDTH="15" VPOS="883" HPOS="586"/>
							<String ID="string_209" HPOS="601" VPOS="885" WIDTH="60" HEIGHT="19" WC="0.96" CONTENT="utom"/><SP WIDTH="15" VPOS="885" HPOS="661"/>
							<String ID="string_210" HPOS="676" VPOS="883" WIDTH="134" HEIGHT="22" WC="0.93" CONTENT="beträffande"/><SP WIDTH="15" VPOS="883" HPOS="810"/>
							<String ID="string_211" HPOS="825" VPOS="888" WIDTH="69" HEIGHT="17" WC="0.90" CONTENT="amor-"/>
						</TextLine>
						<TextLine ID="line_27" HPOS="72" VPOS="910" WIDTH="822" HEIGHT="28">
							<String ID="string_212" HPOS="72" VPOS="910" WIDTH="211" HEIGHT="27" WC="0.91" CONTENT="tissementsfonden,"/><SP WIDTH="15" VPOS="910" HPOS="283"/>
							<String ID="string_213" HPOS="298" VPOS="911" WIDTH="48" HEIGHT="21" WC="0.96" CONTENT="från"/><SP WIDTH="16" VPOS="911" HPOS="346"/>
							<String ID="string_214" HPOS="362" VPOS="911" WIDTH="87" HEIGHT="22" WC="0.96" CONTENT="hvilken"/><SP WIDTH="15" VPOS="911" HPOS="449"/>
							<String ID="string_215" HPOS="464" VPOS="912" WIDTH="87" HEIGHT="22" WC="0.96" CONTENT="ståndet"/><SP WIDTH="15" VPOS="912" HPOS="551"/>
							<String ID="string_216" HPOS="566" VPOS="912" WIDTH="68" HEIGHT="26" WC="0.96" CONTENT="ansåg"/><SP WIDTH="15" VPOS="912" HPOS="634"/>
							<String ID="string_217" HPOS="649" VPOS="911" WIDTH="37" HEIGHT="22" WC="0.96" CONTENT="lån"/><SP WIDTH="14" VPOS="911" HPOS="686"/>
							<String ID="string_218" HPOS="700" VPOS="911" WIDTH="131" HEIGHT="22" WC="0.95" CONTENT="fortfarande"/><SP WIDTH="10" VPOS="911" HPOS="831"/>
							<String ID="string_219" HPOS="841" VPOS="911" WIDTH="53" HEIGHT="22" WC="0.96" CONTENT="böra"/>
						</TextLine>
						<TextLine ID="line_28" HPOS="72" VPOS="939" WIDTH="525" HEIGHT="28">
							<String ID="string_220" HPOS="72" VPOS="939" WIDTH="100" HEIGHT="26" WC="0.90" CONTENT="utgifvas,"/><SP WIDTH="17" VPOS="939" HPOS="172"/>
							<String ID="string_221" HPOS="189" VPOS="939" WIDTH="55" HEIGHT="21" WC="0.96" CONTENT="dock"/><SP WIDTH="16" VPOS="939" HPOS="244"/>
							<String ID="string_222" HPOS="260" VPOS="939" WIDTH="78" HEIGHT="22" WC="0.97" CONTENT="endast"/><SP WIDTH="15" VPOS="939" HPOS="338"/>
							<String ID="string_223" HPOS="353" VPOS="940" WIDTH="23" HEIGHT="21" WC="0.96" CONTENT="åt"/><SP WIDTH="14" VPOS="940" HPOS="376"/>
							<String ID="string_224" HPOS="390" VPOS="940" WIDTH="135" HEIGHT="27" WC="0.96" CONTENT="kommuner;"/><SP WIDTH="17" VPOS="940" HPOS="525"/>
							<String ID="string_225" HPOS="542" VPOS="942" WIDTH="55" HEIGHT="19" WC="0.96" CONTENT="samt"/>
						</TextLine>
					</TextBlock>
					<TextBlock ID="block_10" HPOS="72" VPOS="967" WIDTH="822" HEIGHT="81">
						<TextLine ID="line_29" HPOS="140" VPOS="967" WIDTH="754" HEIGHT="28">
							<String ID="string_226" HPOS="140" VPOS="969" WIDTH="33" HEIGHT="20" WC="0.95" CONTENT="att"/><SP WIDTH="10" VPOS="969" HPOS="173"/>
							<String ID="string_227" HPOS="183" VPOS="967" WIDTH="86" HEIGHT="22" WC="0.96" CONTENT="ståndet"/><SP WIDTH="10" VPOS="967" HPOS="269"/>
							<String ID="string_228" HPOS="279" VPOS="968" WIDTH="35" HEIGHT="21" WC="0.96" CONTENT="vid"/><SP WIDTH="12" VPOS="968" HPOS="314"/>
							<String ID="string_229" HPOS="326" VPOS="968" WIDTH="156" HEIGHT="27" WC="0.96" CONTENT="behandlingen"/><SP WIDTH="11" VPOS="968" HPOS="482"/>
							<String ID="string_230" HPOS="493" VPOS="969" WIDTH="23" HEIGHT="21" WC="0.92" CONTENT="af"/><SP WIDTH="8" VPOS="969" HPOS="516"/>
							<String ID="string_231" HPOS="524" VPOS="968" WIDTH="177" HEIGHT="22" WC="0.92" CONTENT="bankutskottets"/><SP WIDTH="8" VPOS="968" HPOS="701"/>
							<String ID="string_232" HPOS="709" VPOS="969" WIDTH="117" HEIGHT="22" WC="0.96" CONTENT="berättelse"/><SP WIDTH="9" VPOS="969" HPOS="826"/>
							<String ID="string_233" HPOS="835" VPOS="967" WIDTH="59" HEIGHT="23" WC="0.95" CONTENT="öfver"/>
						</TextLine>
						<TextLine ID="line_30" HPOS="72" VPOS="996" WIDTH="822" HEIGHT="29">
							<String ID="string_234" HPOS="72" VPOS="996" WIDTH="112" HEIGHT="24" WC="0.91" CONTENT="verkstäld"/><SP WIDTH="22" VPOS="996" HPOS="184"/>
							<String ID="string_235" HPOS="206" VPOS="996" WIDTH="130" HEIGHT="27" WC="0.96" CONTENT="granskning"/><SP WIDTH="19" VPOS="996" HPOS="336"/>
							<String ID="string_236" HPOS="355" VPOS="996" WIDTH="23" HEIGHT="22" WC="0.96" CONTENT="af"/><SP WIDTH="15" VPOS="996" HPOS="378"/>
							<String ID="string_237" HPOS="393" VPOS="997" WIDTH="102" HEIGHT="22" WC="0.95" CONTENT="Finlands"/><SP WIDTH="18" VPOS="997" HPOS="495"/>
							<String ID="string_238" HPOS="513" VPOS="998" WIDTH="70" HEIGHT="21" WC="0.96" CONTENT="banks"/><SP WIDTH="18" VPOS="998" HPOS="583"/>
							<String ID="string_239" HPOS="601" VPOS="997" WIDTH="93" HEIGHT="28" WC="0.96" CONTENT="styrelse"/><SP WIDTH="15" VPOS="997" HPOS="694"/>
							<String ID="string_240" HPOS="709" VPOS="997" WIDTH="41" HEIGHT="22" WC="0.96" CONTENT="och"/><SP WIDTH="14" VPOS="997" HPOS="750"/>
							<String ID="string_241" HPOS="764" VPOS="997" WIDTH="130" HEIGHT="27" WC="0.96" CONTENT="förvaltning"/>
						</TextLine>
						<TextLine ID="line_31" HPOS="72" VPOS="1024" WIDTH="320" HEIGHT="24">
							<String ID="string_242" HPOS="72" VPOS="1024" WIDTH="52" HEIGHT="24" WC="0.93" CONTENT="åren"/><SP WIDTH="16" VPOS="1024" HPOS="124"/>
							<String ID="string_243" HPOS="140" VPOS="1026" WIDTH="140" HEIGHT="20" WC="0.90" CONTENT="1877—1881"/><SP WIDTH="17" VPOS="1026" HPOS="280"/>
							<String ID="string_244" HPOS="297" VPOS="1025" WIDTH="95" HEIGHT="22" WC="0.96" CONTENT="beslutat"/>
						</TextLine>
					</TextBlock>
					<TextBlock ID="block_11" HPOS="71" VPOS="1053" WIDTH="823" HEIGHT="113">
						<TextLine ID="line_32" HPOS="139" VPOS="1053" WIDTH="754" HEIGHT="28">
							<String ID="string_245" HPOS="139" VPOS="1055" WIDTH="33" HEIGHT="19" WC="0.96" CONTENT="att"/><SP WIDTH="14" VPOS="1055" HPOS="172"/>
							<String ID="string_246" HPOS="186" VPOS="1054" WIDTH="118" HEIGHT="21" WC="0.96" CONTENT="ständerna"/><SP WIDTH="14" VPOS="1054" HPOS="304"/>
							<String ID="string_247" HPOS="318" VPOS="1054" WIDTH="70" HEIGHT="21" WC="0.96" CONTENT="skulle"/><SP WIDTH="15" VPOS="1054" HPOS="388"/>
							<String ID="string_248" HPOS="403" VPOS="1054" WIDTH="128" HEIGHT="27" WC="0.93" CONTENT="bemyndiga"/><SP WIDTH="14" VPOS="1054" HPOS="531"/>
							<String ID="string_249" HPOS="545" VPOS="1053" WIDTH="191" HEIGHT="27" WC="0.92" CONTENT="bankfullmäktige"/><SP WIDTH="10" VPOS="1053" HPOS="736"/>
							<String ID="string_250" HPOS="746" VPOS="1055" WIDTH="34" HEIGHT="21" WC="0.96" CONTENT="att"/><SP WIDTH="10" VPOS="1055" HPOS="780"/>
							<String ID="string_251" HPOS="790" VPOS="1053" WIDTH="33" HEIGHT="22" WC="0.96" CONTENT="till"/><SP WIDTH="10" VPOS="1053" HPOS="823"/>
							<String ID="string_252" HPOS="833" VPOS="1054" WIDTH="60" HEIGHT="21" WC="0.95" CONTENT="Hans"/>
						</TextLine>
						<TextLine ID="line_33" HPOS="71" VPOS="1081" WIDTH="823" HEIGHT="28">
							<String ID="string_253" HPOS="71" VPOS="1081" WIDTH="122" HEIGHT="27" WC="0.96" CONTENT="Kejserliga"/><SP WIDTH="21" VPOS="1081" HPOS="193"/>
							<String ID="string_254" HPOS="214" VPOS="1082" WIDTH="103" HEIGHT="27" WC="0.96" CONTENT="Majestät"/><SP WIDTH="21" VPOS="1082" HPOS="317"/>
							<String ID="string_255" HPOS="338" VPOS="1082" WIDTH="52" HEIGHT="26" WC="0.96" CONTENT="ingå"/><SP WIDTH="16" VPOS="1082" HPOS="390"/>
							<String ID="string_256" HPOS="406" VPOS="1082" WIDTH="50" HEIGHT="22" WC="0.92" CONTENT="med"/><SP WIDTH="18" VPOS="1082" HPOS="456"/>
							<String ID="string_257" HPOS="474" VPOS="1083" WIDTH="132" HEIGHT="25" WC="0.92" CONTENT="underdånig"/><SP WIDTH="18" VPOS="1083" HPOS="606"/>
							<String ID="string_258" HPOS="624" VPOS="1082" WIDTH="129" HEIGHT="22" WC="0.95" CONTENT="hemställan"/><SP WIDTH="19" VPOS="1082" HPOS="753"/>
							<String ID="string_259" HPOS="772" VPOS="1082" WIDTH="74" HEIGHT="22" WC="0.95" CONTENT="derom"/><SP WIDTH="15" VPOS="1082" HPOS="846"/>
							<String ID="string_260" HPOS="861" VPOS="1084" WIDTH="33" HEIGHT="20" WC="0.95" CONTENT="att"/>
						</TextLine>
						<TextLine ID="line_34" HPOS="71" VPOS="1109" WIDTH="823" HEIGHT="29">
							<String ID="string_261" HPOS="71" VPOS="1110" WIDTH="105" HEIGHT="27" WC="0.95" CONTENT="beloppet"/><SP WIDTH="14" VPOS="1110" HPOS="176"/>
							<String ID="string_262" HPOS="190" VPOS="1109" WIDTH="24" HEIGHT="22" WC="0.96" CONTENT="af"/><SP WIDTH="14" VPOS="1109" HPOS="214"/>
							<String ID="string_263" HPOS="228" VPOS="1110" WIDTH="37" HEIGHT="22" WC="0.96" CONTENT="det"/><SP WIDTH="14" VPOS="1110" HPOS="265"/>
							<String ID="string_264" HPOS="279" VPOS="1110" WIDTH="33" HEIGHT="22" WC="0.96" CONTENT="till"/><SP WIDTH="10" VPOS="1110" HPOS="312"/>
							<String ID="string_265" HPOS="322" VPOS="1111" WIDTH="139" HEIGHT="27" WC="0.96" CONTENT="nedsättning"/><SP WIDTH="9" VPOS="1111" HPOS="461"/>
							<String ID="string_266" HPOS="470" VPOS="1111" WIDTH="114" HEIGHT="22" WC="0.96" CONTENT="bestämda"/><SP WIDTH="8" VPOS="1111" HPOS="584"/>
							<String ID="string_267" HPOS="592" VPOS="1110" WIDTH="71" HEIGHT="23" WC="0.93" CONTENT="finska"/><SP WIDTH="11" VPOS="1110" HPOS="663"/>
							<String ID="string_268" HPOS="674" VPOS="1110" WIDTH="154" HEIGHT="28" WC="0.90" CONTENT="silfvermyntet"/><SP WIDTH="9" VPOS="1110" HPOS="828"/>
							<String ID="string_269" HPOS="837" VPOS="1110" WIDTH="57" HEIGHT="28" WC="0.96" CONTENT="finge"/>
						</TextLine>
						<TextLine ID="line_35" HPOS="72" VPOS="1138" WIDTH="407" HEIGHT="28">
							<String ID="string_270" HPOS="72" VPOS="1138" WIDTH="114" HEIGHT="22" WC="0.91" CONTENT="nedsättas"/><SP WIDTH="15" VPOS="1138" HPOS="186"/>
							<String ID="string_271" HPOS="201" VPOS="1138" WIDTH="33" HEIGHT="22" WC="0.96" CONTENT="till"/><SP WIDTH="14" VPOS="1138" HPOS="234"/>
							<String ID="string_272" HPOS="248" VPOS="1140" WIDTH="33" HEIGHT="20" WC="0.96" CONTENT="tre"/><SP WIDTH="16" VPOS="1140" HPOS="281"/>
							<String ID="string_273" HPOS="297" VPOS="1139" WIDTH="97" HEIGHT="27" WC="0.96" CONTENT="miljoner"/><SP WIDTH="14" VPOS="1139" HPOS="394"/>
							<String ID="string_274" HPOS="408" VPOS="1140" WIDTH="71" HEIGHT="26" WC="0.93" CONTENT="mark;"/>
						</TextLine>
					</TextBlock>
					<TextBlock ID="block_12" HPOS="71" VPOS="1167" WIDTH="824" HEIGHT="141">
						<TextLine ID="line_36" HPOS="140" VPOS="1167" WIDTH="755" HEIGHT="28">
							<String ID="string_275" HPOS="140" VPOS="1168" WIDTH="32" HEIGHT="20" WC="0.96" CONTENT="att"/><SP WIDTH="14" VPOS="1168" HPOS="172"/>
							<String ID="string_276" HPOS="186" VPOS="1167" WIDTH="118" HEIGHT="21" WC="0.96" CONTENT="ständerna"/><SP WIDTH="14" VPOS="1167" HPOS="304"/>
							<String ID="string_277" HPOS="318" VPOS="1168" WIDTH="67" HEIGHT="21" WC="0.96" CONTENT="måtte"/><SP WIDTH="15" VPOS="1168" HPOS="385"/>
							<String ID="string_278" HPOS="400" VPOS="1168" WIDTH="36" HEIGHT="21" WC="0.96" CONTENT="vid"/><SP WIDTH="10" VPOS="1168" HPOS="436"/>
							<String ID="string_279" HPOS="446" VPOS="1168" WIDTH="143" HEIGHT="22" WC="0.93" CONTENT="innevarande"/><SP WIDTH="9" VPOS="1168" HPOS="589"/>
							<String ID="string_280" HPOS="598" VPOS="1168" WIDTH="104" HEIGHT="27" WC="0.92" CONTENT="landtdag"/><SP WIDTH="9" VPOS="1168" HPOS="702"/>
							<String ID="string_281" HPOS="711" VPOS="1169" WIDTH="50" HEIGHT="21" WC="0.96" CONTENT="utse"/><SP WIDTH="11" VPOS="1169" HPOS="761"/>
							<String ID="string_282" HPOS="772" VPOS="1168" WIDTH="46" HEIGHT="22" WC="0.93" CONTENT="åtta"/><SP WIDTH="9" VPOS="1168" HPOS="818"/>
							<String ID="string_283" HPOS="827" VPOS="1167" WIDTH="68" HEIGHT="22" WC="0.92" CONTENT="bank-"/>
						</TextLine>
						<TextLine ID="line_37" HPOS="71" VPOS="1194" WIDTH="824" HEIGHT="30">
							<String ID="string_284" HPOS="71" VPOS="1194" WIDTH="142" HEIGHT="28" WC="0.96" CONTENT="fullmäktige,"/><SP WIDTH="22" VPOS="1194" HPOS="213"/>
							<String ID="string_285" HPOS="235" VPOS="1196" WIDTH="37" HEIGHT="21" WC="0.96" CONTENT="två"/><SP WIDTH="18" VPOS="1196" HPOS="272"/>
							<String ID="string_286" HPOS="290" VPOS="1196" WIDTH="34" HEIGHT="21" WC="0.96" CONTENT="för"/><SP WIDTH="18" VPOS="1196" HPOS="324"/>
							<String ID="string_287" HPOS="342" VPOS="1196" WIDTH="74" HEIGHT="28" WC="0.96" CONTENT="hvarje"/><SP WIDTH="18" VPOS="1196" HPOS="416"/>
							<String ID="string_288" HPOS="434" VPOS="1197" WIDTH="70" HEIGHT="26" WC="0.96" CONTENT="stånd,"/><SP WIDTH="17" VPOS="1197" HPOS="504"/>
							<String ID="string_289" HPOS="521" VPOS="1196" WIDTH="109" HEIGHT="23" WC="0.96" CONTENT="äfvensom"/><SP WIDTH="15" VPOS="1196" HPOS="630"/>
							<String ID="string_290" HPOS="645" VPOS="1196" WIDTH="46" HEIGHT="27" WC="0.96" CONTENT="fyra"/><SP WIDTH="15" VPOS="1196" HPOS="691"/>
							<String ID="string_291" HPOS="706" VPOS="1196" WIDTH="141" HEIGHT="28" WC="0.96" CONTENT="suppleanter"/><SP WIDTH="14" VPOS="1196" HPOS="847"/>
							<String ID="string_292" HPOS="861" VPOS="1195" WIDTH="34" HEIGHT="22" WC="0.96" CONTENT="för"/>
						</TextLine>
						<TextLine ID="line_38" HPOS="72" VPOS="1223" WIDTH="823" HEIGHT="29">
							<String ID="string_293" HPOS="72" VPOS="1223" WIDTH="74" HEIGHT="28" WC="0.96" CONTENT="hvarje"/><SP WIDTH="16" VPOS="1223" HPOS="146"/>
							<String ID="string_294" HPOS="162" VPOS="1224" WIDTH="70" HEIGHT="25" WC="0.96" CONTENT="stånd,"/><SP WIDTH="16" VPOS="1224" HPOS="232"/>
							<String ID="string_295" HPOS="248" VPOS="1226" WIDTH="57" HEIGHT="20" WC="0.96" CONTENT="samt"/><SP WIDTH="14" VPOS="1226" HPOS="305"/>
							<String ID="string_296" HPOS="319" VPOS="1226" WIDTH="33" HEIGHT="20" WC="0.96" CONTENT="att"/><SP WIDTH="14" VPOS="1226" HPOS="352"/>
							<String ID="string_297" HPOS="366" VPOS="1224" WIDTH="91" HEIGHT="22" WC="0.96" CONTENT="arvodet"/><SP WIDTH="14" VPOS="1224" HPOS="457"/>
							<String ID="string_298" HPOS="471" VPOS="1224" WIDTH="33" HEIGHT="22" WC="0.92" CONTENT="för"/><SP WIDTH="14" VPOS="1224" HPOS="504"/>
							<String ID="string_299" HPOS="518" VPOS="1225" WIDTH="185" HEIGHT="27" WC="0.91" CONTENT="bankfullmäktig,"/><SP WIDTH="17" VPOS="1225" HPOS="703"/>
							<String ID="string_300" HPOS="720" VPOS="1231" WIDTH="46" HEIGHT="15" WC="0.96" CONTENT="som"/><SP WIDTH="14" VPOS="1231" HPOS="766"/>
							<String ID="string_301" HPOS="780" VPOS="1224" WIDTH="59" HEIGHT="22" WC="0.96" CONTENT="förut"/><SP WIDTH="15" VPOS="1224" HPOS="839"/>
							<String ID="string_302" HPOS="854" VPOS="1224" WIDTH="41" HEIGHT="22" WC="0.96" CONTENT="är"/><SP WIDTH="-10" VPOS="1224" HPOS="895"/>
							<String ID="string_303" HPOS="885" VPOS="1219" WIDTH="15" HEIGHT="38" WC="0.96" CONTENT="i"/>
						</TextLine>
						<TextLine ID="line_39" HPOS="72" VPOS="1252" WIDTH="823" HEIGHT="29">
							<String ID="string_304" HPOS="72" VPOS="1252" WIDTH="134" HEIGHT="27" WC="0.96" CONTENT="Helsingfors"/><SP WIDTH="15" VPOS="1252" HPOS="206"/>
							<String ID="string_305" HPOS="221" VPOS="1252" WIDTH="74" HEIGHT="22" WC="0.96" CONTENT="bosatt"/><SP WIDTH="15" VPOS="1252" HPOS="295"/>
							<String ID="string_306" HPOS="310" VPOS="1253" WIDTH="40" HEIGHT="21" WC="0.96" CONTENT="och"/><SP WIDTH="15" VPOS="1253" HPOS="350"/>
							<String ID="string_307" HPOS="365" VPOS="1253" WIDTH="49" HEIGHT="21" WC="0.96" CONTENT="icke"/><SP WIDTH="13" VPOS="1253" HPOS="414"/>
							<String ID="string_308" HPOS="427" VPOS="1255" WIDTH="24" HEIGHT="19" WC="0.96" CONTENT="är"/><SP WIDTH="10" VPOS="1255" HPOS="451"/>
							<String ID="string_309" HPOS="461" VPOS="1253" WIDTH="145" HEIGHT="28" WC="0.96" CONTENT="fullmäktiges"/><SP WIDTH="11" VPOS="1253" HPOS="606"/>
							<String ID="string_310" HPOS="617" VPOS="1253" WIDTH="135" HEIGHT="27" WC="0.96" CONTENT="ordförande,"/><SP WIDTH="12" VPOS="1253" HPOS="752"/>
							<String ID="string_311" HPOS="764" VPOS="1253" WIDTH="70" HEIGHT="22" WC="0.93" CONTENT="skulle"/><SP WIDTH="10" VPOS="1253" HPOS="834"/>
							<String ID="string_312" HPOS="844" VPOS="1252" WIDTH="51" HEIGHT="22" WC="0.91" CONTENT="ned-"/>
						</TextLine>
						<TextLine ID="line_40" HPOS="73" VPOS="1280" WIDTH="393" HEIGHT="28">
							<String ID="string_313" HPOS="73" VPOS="1282" WIDTH="69" HEIGHT="20" WC="0.96" CONTENT="sättas"/><SP WIDTH="16" VPOS="1282" HPOS="142"/>
							<String ID="string_314" HPOS="158" VPOS="1280" WIDTH="32" HEIGHT="22" WC="0.93" CONTENT="till"/><SP WIDTH="16" VPOS="1280" HPOS="190"/>
							<String ID="string_315" HPOS="206" VPOS="1282" WIDTH="62" HEIGHT="25" WC="0.91" CONTENT="4,000"/><SP WIDTH="15" VPOS="1282" HPOS="268"/>
							<String ID="string_316" HPOS="283" VPOS="1281" WIDTH="61" HEIGHT="21" WC="0.96" CONTENT="mark"/><SP WIDTH="16" VPOS="1281" HPOS="344"/>
							<String ID="string_317" HPOS="360" VPOS="1288" WIDTH="34" HEIGHT="15" WC="0.96" CONTENT="om"/><SP WIDTH="16" VPOS="1288" HPOS="394"/>
							<String ID="string_318" HPOS="410" VPOS="1282" WIDTH="56" HEIGHT="26" WC="0.94" CONTENT="året;"/>
						</TextLine>
					</TextBlock>
					<TextBlock ID="block_13" HPOS="137" VPOS="1309" WIDTH="320" HEIGHT="28">
						<TextLine ID="line_41" HPOS="137" VPOS="1309" WIDTH="320" HEIGHT="28">
							<String ID="string_319" HPOS="137" VPOS="1309" WIDTH="69" HEIGHT="27" WC="0.96" CONTENT="jämte"/><SP WIDTH="15" VPOS="1309" HPOS="206"/>
							<String ID="string_320" HPOS="221" VPOS="1310" WIDTH="37" HEIGHT="21" WC="0.96" CONTENT="det"/><SP WIDTH="16" VPOS="1310" HPOS="258"/>
							<String ID="string_321" HPOS="274" VPOS="1310" WIDTH="88" HEIGHT="22" WC="0.96" CONTENT="ståndet"/><SP WIDTH="14" VPOS="1310" HPOS="362"/>
							<String ID="string_322" HPOS="376" VPOS="1310" WIDTH="81" HEIGHT="27" WC="0.95" CONTENT="beslöt;"/>
						</TextLine>
					</TextBlock>
					<TextBlock ID="block_14" HPOS="72" VPOS="1338" WIDTH="823" HEIGHT="142">
						<TextLine ID="line_42" HPOS="140" VPOS="1338" WIDTH="754" HEIGHT="28">
							<String ID="string_323" HPOS="140" VPOS="1339" WIDTH="33" HEIGHT="20" WC="0.96" CONTENT="att"/><SP WIDTH="15" VPOS="1339" HPOS="173"/>
							<String ID="string_324" HPOS="188" VPOS="1338" WIDTH="116" HEIGHT="22" WC="0.96" CONTENT="ständerna"/><SP WIDTH="15" VPOS="1338" HPOS="304"/>
							<String ID="string_325" HPOS="319" VPOS="1338" WIDTH="35" HEIGHT="22" WC="0.96" CONTENT="vid"/><SP WIDTH="15" VPOS="1338" HPOS="354"/>
							<String ID="string_326" HPOS="369" VPOS="1339" WIDTH="70" HEIGHT="22" WC="0.91" CONTENT="denna"/><SP WIDTH="15" VPOS="1339" HPOS="439"/>
							<String ID="string_327" HPOS="454" VPOS="1339" WIDTH="103" HEIGHT="27" WC="0.91" CONTENT="landtdag"/><SP WIDTH="14" VPOS="1339" HPOS="557"/>
							<String ID="string_328" HPOS="571" VPOS="1339" WIDTH="70" HEIGHT="21" WC="0.96" CONTENT="skulle"/><SP WIDTH="14" VPOS="1339" HPOS="641"/>
							<String ID="string_329" HPOS="655" VPOS="1338" WIDTH="91" HEIGHT="22" WC="0.96" CONTENT="likasom"/><SP WIDTH="15" VPOS="1338" HPOS="746"/>
							<String ID="string_330" HPOS="761" VPOS="1338" WIDTH="35" HEIGHT="22" WC="0.93" CONTENT="vid"/><SP WIDTH="14" VPOS="1338" HPOS="796"/>
							<String ID="string_331" HPOS="810" VPOS="1338" WIDTH="84" HEIGHT="26" WC="0.92" CONTENT="föregå-"/>
						</TextLine>
						<TextLine ID="line_43" HPOS="72" VPOS="1366" WIDTH="823" HEIGHT="28">
							<String ID="string_332" HPOS="72" VPOS="1366" WIDTH="56" HEIGHT="21" WC="0.93" CONTENT="ende"/><SP WIDTH="14" VPOS="1366" HPOS="128"/>
							<String ID="string_333" HPOS="142" VPOS="1366" WIDTH="130" HEIGHT="27" WC="0.90" CONTENT="landtdagar"/><SP WIDTH="9" VPOS="1366" HPOS="272"/>
							<String ID="string_334" HPOS="281" VPOS="1366" WIDTH="56" HEIGHT="22" WC="0.96" CONTENT="varit"/><SP WIDTH="9" VPOS="1366" HPOS="337"/>
							<String ID="string_335" HPOS="346" VPOS="1366" WIDTH="61" HEIGHT="22" WC="0.96" CONTENT="fallet"/><SP WIDTH="10" VPOS="1366" HPOS="407"/>
							<String ID="string_336" HPOS="417" VPOS="1368" WIDTH="48" HEIGHT="20" WC="0.96" CONTENT="utse"/><SP WIDTH="11" VPOS="1368" HPOS="465"/>
							<String ID="string_337" HPOS="476" VPOS="1367" WIDTH="45" HEIGHT="27" WC="0.93" CONTENT="fyra"/><SP WIDTH="10" VPOS="1367" HPOS="521"/>
							<String ID="string_338" HPOS="531" VPOS="1366" WIDTH="199" HEIGHT="27" WC="0.90" CONTENT="bankfullmäktige,"/><SP WIDTH="12" VPOS="1366" HPOS="730"/>
							<String ID="string_339" HPOS="742" VPOS="1372" WIDTH="27" HEIGHT="16" WC="0.96" CONTENT="en"/><SP WIDTH="9" VPOS="1372" HPOS="769"/>
							<String ID="string_340" HPOS="778" VPOS="1366" WIDTH="34" HEIGHT="22" WC="0.96" CONTENT="för"/><SP WIDTH="9" VPOS="1366" HPOS="812"/>
							<String ID="string_341" HPOS="821" VPOS="1366" WIDTH="74" HEIGHT="27" WC="0.94" CONTENT="hvarje"/>
						</TextLine>
						<TextLine ID="line_44" HPOS="73" VPOS="1394" WIDTH="821" HEIGHT="28">
							<String ID="string_342" HPOS="73" VPOS="1394" WIDTH="72" HEIGHT="24" WC="0.96" CONTENT="stånd,"/><SP WIDTH="19" VPOS="1394" HPOS="145"/>
							<String ID="string_343" HPOS="164" VPOS="1394" WIDTH="34" HEIGHT="22" WC="0.96" CONTENT="för"/><SP WIDTH="14" VPOS="1394" HPOS="198"/>
							<String ID="string_344" HPOS="212" VPOS="1396" WIDTH="34" HEIGHT="20" WC="0.95" CONTENT="att"/><SP WIDTH="13" VPOS="1396" HPOS="246"/>
							<String ID="string_345" HPOS="259" VPOS="1395" WIDTH="56" HEIGHT="21" WC="0.96" CONTENT="intill"/><SP WIDTH="15" VPOS="1395" HPOS="315"/>
							<String ID="string_346" HPOS="330" VPOS="1396" WIDTH="64" HEIGHT="20" WC="0.93" CONTENT="nästa"/><SP WIDTH="13" VPOS="1396" HPOS="394"/>
							<String ID="string_347" HPOS="407" VPOS="1395" WIDTH="104" HEIGHT="27" WC="0.91" CONTENT="landtdag"/><SP WIDTH="15" VPOS="1395" HPOS="511"/>
							<String ID="string_348" HPOS="526" VPOS="1395" WIDTH="74" HEIGHT="22" WC="0.92" CONTENT="utöfva"/><SP WIDTH="13" VPOS="1395" HPOS="600"/>
							<String ID="string_349" HPOS="613" VPOS="1394" WIDTH="104" HEIGHT="22" WC="0.92" CONTENT="inseende"/><SP WIDTH="15" VPOS="1394" HPOS="717"/>
							<String ID="string_350" HPOS="732" VPOS="1394" WIDTH="61" HEIGHT="22" WC="0.93" CONTENT="öfver"/><SP WIDTH="13" VPOS="1394" HPOS="793"/>
							<String ID="string_351" HPOS="806" VPOS="1394" WIDTH="88" HEIGHT="22" WC="0.92" CONTENT="förvalt-"/>
						</TextLine>
						<TextLine ID="line_45" HPOS="73" VPOS="1422" WIDTH="822" HEIGHT="28">
							<String ID="string_352" HPOS="73" VPOS="1423" WIDTH="79" HEIGHT="27" WC="0.96" CONTENT="ningen"/><SP WIDTH="16" VPOS="1423" HPOS="152"/>
							<String ID="string_353" HPOS="168" VPOS="1422" WIDTH="23" HEIGHT="22" WC="0.96" CONTENT="af"/><SP WIDTH="8" VPOS="1422" HPOS="191"/>
							<String ID="string_354" HPOS="199" VPOS="1422" WIDTH="102" HEIGHT="23" WC="0.84" CONTENT="Finlands"/><SP WIDTH="12" VPOS="1422" HPOS="301"/>
							<String ID="string_355" HPOS="313" VPOS="1423" WIDTH="63" HEIGHT="27" WC="0.96" CONTENT="bank,"/><SP WIDTH="12" VPOS="1423" HPOS="376"/>
							<String ID="string_356" HPOS="388" VPOS="1422" WIDTH="109" HEIGHT="23" WC="0.96" CONTENT="äfvensom"/><SP WIDTH="11" VPOS="1422" HPOS="497"/>
							<String ID="string_357" HPOS="508" VPOS="1425" WIDTH="33" HEIGHT="20" WC="0.96" CONTENT="tre"/><SP WIDTH="11" VPOS="1425" HPOS="541"/>
							<String ID="string_358" HPOS="552" VPOS="1423" WIDTH="140" HEIGHT="27" WC="0.95" CONTENT="suppleanter"/><SP WIDTH="10" VPOS="1423" HPOS="692"/>
							<String ID="string_359" HPOS="702" VPOS="1422" WIDTH="33" HEIGHT="23" WC="0.96" CONTENT="för"/><SP WIDTH="11" VPOS="1422" HPOS="735"/>
							<String ID="string_360" HPOS="746" VPOS="1422" WIDTH="72" HEIGHT="28" WC="0.96" CONTENT="hvarje"/><SP WIDTH="12" VPOS="1422" HPOS="818"/>
							<String ID="string_361" HPOS="830" VPOS="1422" WIDTH="65" HEIGHT="22" WC="0.96" CONTENT="stånd"/>
						</TextLine>
						<TextLine ID="line_46" HPOS="73" VPOS="1451" WIDTH="737" HEIGHT="29">
							<String ID="string_362" HPOS="73" VPOS="1452" WIDTH="34" HEIGHT="21" WC="0.96" CONTENT="för"/><SP WIDTH="14" VPOS="1452" HPOS="107"/>
							<String ID="string_363" HPOS="121" VPOS="1453" WIDTH="34" HEIGHT="21" WC="0.96" CONTENT="att"/><SP WIDTH="14" VPOS="1453" HPOS="155"/>
							<String ID="string_364" HPOS="169" VPOS="1452" WIDTH="37" HEIGHT="22" WC="0.93" CONTENT="vid"/><SP WIDTH="14" VPOS="1452" HPOS="206"/>
							<String ID="string_365" HPOS="220" VPOS="1451" WIDTH="127" HEIGHT="26" WC="0.91" CONTENT="inträffande"/><SP WIDTH="14" VPOS="1451" HPOS="347"/>
							<String ID="string_366" HPOS="361" VPOS="1451" WIDTH="71" HEIGHT="23" WC="0.96" CONTENT="förfall"/><SP WIDTH="15" VPOS="1451" HPOS="432"/>
							<String ID="string_367" HPOS="447" VPOS="1452" WIDTH="73" HEIGHT="28" WC="0.96" CONTENT="intaga"/><SP WIDTH="14" VPOS="1452" HPOS="520"/>
							<String ID="string_368" HPOS="534" VPOS="1452" WIDTH="63" HEIGHT="24" WC="0.96" CONTENT="deras"/><SP WIDTH="16" VPOS="1452" HPOS="597"/>
							<String ID="string_369" HPOS="613" VPOS="1452" WIDTH="74" HEIGHT="26" WC="0.96" CONTENT="ställe;"/><SP WIDTH="121" VPOS="1452" HPOS="687"/>
							<String ID="string_370" HPOS="808" VPOS="1458" WIDTH="2" HEIGHT="2" WC="0.71" CONTENT="N"/>
						</TextLine>
					</TextBlock>
					<TextBlock ID="block_15" HPOS="75" VPOS="1480" WIDTH="819" HEIGHT="58">
						<TextLine ID="line_47" HPOS="142" VPOS="1480" WIDTH="752" HEIGHT="28">
							<String ID="string_371" HPOS="142" VPOS="1482" WIDTH="56" HEIGHT="21" WC="0.96" CONTENT="samt"/><SP WIDTH="18" VPOS="1482" HPOS="198"/>
							<String ID="string_372" HPOS="216" VPOS="1482" WIDTH="34" HEIGHT="20" WC="0.93" CONTENT="att"/><SP WIDTH="16" VPOS="1482" HPOS="250"/>
							<String ID="string_373" HPOS="266" VPOS="1480" WIDTH="108" HEIGHT="23" WC="0.92" CONTENT="arvodena"/><SP WIDTH="17" VPOS="1480" HPOS="374"/>
							<String ID="string_374" HPOS="391" VPOS="1480" WIDTH="34" HEIGHT="23" WC="0.93" CONTENT="för"/><SP WIDTH="15" VPOS="1480" HPOS="425"/>
							<String ID="string_375" HPOS="440" VPOS="1476" WIDTH="105" HEIGHT="37" WC="0.90" CONTENT="ordinarie"/><SP WIDTH="15" VPOS="1476" HPOS="545"/>
							<String ID="string_376" HPOS="560" VPOS="1476" WIDTH="191" HEIGHT="37" WC="0.90" CONTENT="bankfullmäktige"/><SP WIDTH="16" VPOS="1476" HPOS="751"/>
							<String ID="string_377" HPOS="767" VPOS="1480" WIDTH="69" HEIGHT="23" WC="0.93" CONTENT="skulle"/><SP WIDTH="16" VPOS="1480" HPOS="836"/>
							<String ID="string_378" HPOS="852" VPOS="1480" WIDTH="42" HEIGHT="22" WC="0.93" CONTENT="för-"/>
						</TextLine>
						<TextLine ID="line_48" HPOS="75" VPOS="1508" WIDTH="455" HEIGHT="30">
							<String ID="string_379" HPOS="75" VPOS="1508" WIDTH="65" HEIGHT="24" WC="0.92" CONTENT="blifva"/><SP WIDTH="14" VPOS="1508" HPOS="140"/>
							<String ID="string_380" HPOS="154" VPOS="1510" WIDTH="36" HEIGHT="22" WC="0.93" CONTENT="vid"/><SP WIDTH="15" VPOS="1510" HPOS="190"/>
							<String ID="string_381" HPOS="205" VPOS="1509" WIDTH="99" HEIGHT="23" WC="0.92" CONTENT="härförut"/><SP WIDTH="13" VPOS="1509" HPOS="304"/>
							<String ID="string_382" HPOS="317" VPOS="1510" WIDTH="114" HEIGHT="25" WC="0.96" CONTENT="bestämda"/><SP WIDTH="14" VPOS="1510" HPOS="431"/>
							<String ID="string_383" HPOS="445" VPOS="1510" WIDTH="85" HEIGHT="28" WC="0.96" CONTENT="belopp."/>
						</TextLine>
					</TextBlock>
				</ComposedBlock>
			</PrintSpace>
		</Page>
	</Layout>
</alto>
