1081 1720
202 124 42 20 992
508 121 42 18 Den
562 122 21 18 19
596 121 44 23 Maj.

175 194 41 21 per
236 187 78 27 fartyg.
342 186 43 28 Jag
406 186 109 23 förmodar
537 188 32 20 att
592 187 37 21 det
647 186 48 22 icke
714 186 56 22 varit
784 186 26 22 så
824 186 96 21 särdeles
936 186 62 21 stora

176 216 76 28 fartyg,
268 222 47 16 som
329 215 83 22 betalat
426 216 7 21 i
447 214 127 28 kanalafgift
590 215 64 22 dessa
668 215 84 27 belopp.
782 215 43 21 För
834 214 165 28 passerande.af

177 244 121 28 Sapakoski
314 244 64 22 kanal
393 244 63 22 hafva
472 245 40 20 138
527 243 69 29 fartyg
611 244 70 27 erlagt
696 245 26 20 39
737 243 61 22 mark
817 243 40 22 och
872 243 36 21 vid
928 242 70 22 Jako-

176 274 64 21 koski
255 275 26 19 45
297 272 71 28 fartyg
387 274 25 24 16
427 272 67 22 mark.
524 272 129 28 Betydelsen
675 272 26 21 af
711 272 89 22 kanaler
815 271 7 22 i
837 271 117 22 allmänhet
964 274 33 24 är,

176 302 72 22 säsom
264 302 42 22 den
322 301 128 28 delegation,
465 306 46 17 som
525 301 40 22 har
580 301 85 28 pröfvat
679 300 145 28 föreliggande
830 300 66 27 fräga,
908 299 91 27 uttalat,

176 332 47 21 stor
244 330 58 23 blott
324 330 38 23 der
384 330 70 28 nägon
478 330 97 27 ansenlig
599 331 199 26 trävarutransport
822 336 51 20 eger
901 335 53 16 rum.

175 359 140 27 förbigående
330 359 64 27 sagdt
409 364 63 23 synes
488 360 37 20 det
539 359 43 28 mig
596 358 72 22 såsom
684 358 95 22 särdeles
790 354 106 37 önskligt,
915 359 33 20 att
961 359 35 21 ta-

175 394 42 17 xan
239 388 33 22 för
294 388 64 22 dessa
380 388 89 22 känaler
490 387 70 23 skulle
575 387 95 27 undergå
685 394 26 15 en
726 387 99 27 grundlig
839 382 99 36 revision,
954 382 50 36 ech:

177 419 33 20 att
232 417 27 21 de
280 417 123 28 principer,
413 416 29 28 pä
458 417 68 26 grund
540 416 23 22 af
576 416 72 21 hvilka
664 416 36 21 det
715 418 25 19 är
754 416 84 27 möjligt
852 417 33 20 att
899 416 96 25 kanaler,

176 451 47 16 som
245 445 74 22 kostat
341 444 92 27 500,000
454 445 68 26 mark,
542 445 86 21 afkasta
646 446 41 21 335
702 445 62 21 mark
779 445 6 20 i
801 443 61 28 afgift
877 444 40 22 och
932 444 66 28 kosta

177 474 82 27 årligen
273 475 63 25 2,265
352 474 67 26 märk,
435 473 69 22 skulle
518 474 96 26 undergå
629 473 70 26 någon
709 473 113 27 justering.
852 473 49 22 Men
916 472 34 22 för
963 475 33 19 att

176 503 86 22 komma
276 502 33 24 till
325 503 41 23 den
380 500 146 29 föreliggande
540 502 82 27 frågan,
638 501 26 22 sä
678 503 60 25 tager
754 501 32 27 sig
797 502 37 21 det
843 501 155 28 kanalsystem,

176 537 47 16 som
238 531 127 27 regeringen
378 531 40 21 har
432 531 98 27 planerat
544 531 29 27 pä
587 531 77 21 kartan
679 530 176 26 utomordentligt
869 530 89 21 vackert
972 532 25 18 ut

177 560 41 22 och
237 560 39 27 jag
298 561 25 19 är
344 560 61 26 längt
421 559 54 21 ifrän
491 560 32 20 att
537 560 7 20 i
559 559 60 27 fräga
634 560 58 20 sätta
707 559 41 21 den
764 560 59 20 stora
838 560 74 25 nyttan
928 558 24 22 af
964 558 33 21 ät-

176 588 107 22 minstone
306 593 26 16 en
355 588 35 21 del
410 586 23 23 af
451 588 61 21 detta
527 589 87 26 system,
630 593 48 16 men
694 587 59 21 svärt
767 587 63 21 torde
846 587 38 21 det
898 593 51 15 vara
964 588 33 20 att

176 616 57 23 neka
255 618 33 20 att
309 616 48 22 icke
380 622 26 16 en
429 622 69 16 annan
523 616 34 22 del
573 616 22 21 af
608 617 104 26 systemet
726 616 98 21 kommer
838 617 33 19 att
886 615 67 27 enligt
968 615 29 21 all

177 645 137 22 sannolikhet
338 645 91 27 uppvisa
451 645 71 21 såsom
545 645 91 21 resultat
657 644 71 28 dylika
742 644 76 26 siffror,
834 650 47 15 som
896 644 49 22 dem
958 644 39 27 jag

176 674 56 21 hade
248 675 56 20 äran
314 674 98 26 uppläsa,
427 674 23 26 ty
465 673 197 27 kanaliseringarna
678 673 90 22 emellan
782 672 76 22 Tisvesi
880 672 40 22 och
937 673 59 21 Kon-

176 702 74 22 nevesi
266 702 40 22 och
319 702 123 22 Konnevesi
457 702 40 22 och
511 702 88 28 Päijäne
614 702 85 21 komma
712 701 49 22 icke
776 703 34 20 att
823 701 49 22 leda
882 701 33 21 till
925 702 73 26 någon

175 730 118 22 nämnvärd
315 730 70 27 trafik,
408 736 49 16 men
480 731 96 21 deremot
598 730 72 22 kunde
684 730 126 27 visserligen
824 730 172 26 kanaliseringen

176 760 91 22 emellan
282 759 88 28 Päijäne
385 759 41 21 och
440 759 85 22 Keitele
540 758 62 22 hafva
618 759 32 21 sin
667 759 116 27 betydelse.
815 758 77 22 Derför
910 758 86 22 förenar

173 789 38 27 jag
233 788 43 27 mig
298 788 49 22 med
366 788 114 21 utskottet.
510 788 42 22 Det
568 794 63 21 synes
646 788 44 26 mig
705 794 46 15 som
767 793 34 16 om
816 788 116 21 ständernä
946 788 52 21 med

177 816 48 22 skäl
240 816 72 23 kunde
326 818 67 21 vänta
407 818 33 20 att
454 816 84 28 företag
552 816 33 22 till
601 816 166 21 underlättande
782 816 23 22 af
817 816 180 22 kommunikatio-

175 852 43 15 nen
236 845 23 22 af
272 852 26 15 en
314 845 68 22 sädan
396 845 111 28 betydelse
522 851 46 15 som
584 845 37 21 det
634 844 154 27 föreliggande,
803 844 48 21 icke
866 845 70 21 skulle
952 846 44 19 sät-

176 875 34 20 tas
226 874 7 21 i
248 873 76 24 verket
345 873 71 22 förrän
439 874 27 21 de
488 873 151 22 underkastats
653 873 79 27 jämväl
744 873 131 22 ständernas
890 873 107 27 pröfning-

175 902 43 27 Jag
239 902 68 22 finner
330 902 62 21 desto
413 908 60 15 mera
492 902 48 21 skäl
554 901 33 23 för
601 901 43 22 min
658 902 56 27 äsigt
732 902 4 21 i
751 901 41 22 den
808 902 188 27 omständigheten

176 933 33 20 att
232 931 40 22 den
294 930 92 23 relation
409 930 59 22 öfver
489 931 142 22 statsverkeis
648 930 119 22 inkomster
782 930 39 22 och
837 929 95 28 utgifter,
948 936 47 16 som

175 959 41 22 har
229 959 57 22 varit
299 959 110 27 framlagd,
425 959 40 22 och
482 960 25 21 de
523 958 75 27 siffror,
614 965 48 16 som
672 959 107 22 utskottet
791 959 8 21 i
809 958 39 22 sitt
857 959 137 22 betänkande

174 993 36 16 n:0
227 990 11 19 9
255 988 39 22 har
309 988 55 26 tagit
378 994 26 15 ur
414 987 47 23 den
475 988 125 25 relationen,
616 988 28 26 pä
658 987 44 27 mig
716 987 57 27 gjort
788 989 32 20 ett
833 987 162 27 deprimerande

174 1016 90 28 intryck,
288 1016 42 22 och
351 1016 76 22 verkat
446 1016 71 22 såsom
533 1022 25 16 en
573 1015 134 28 påminnelse
722 1014 33 23 till
771 1016 41 21 den
826 1018 94 26 yttersta
934 1022 60 21 spar-

175 1045 85 22 samhet
283 1045 40 22 och
339 1046 82 21 största
436 1045 99 21 omtanke
549 1045 8 21 i
572 1044 39 22 allt
625 1044 57 22 hvad
696 1051 42 21 nya
751 1044 85 28 företag
849 1044 73 27 gäller.
952 1045 43 27 Jag

174 1074 58 22 läste
252 1074 42 22 den
308 1074 51 21 kort
374 1072 54 24 efter
443 1076 33 19 att
489 1073 63 22 hafva
567 1073 115 28 sysselsatt
695 1073 44 27 mig
753 1074 49 21 med
814 1074 180 27 jernvägsstyrel-

175 1108 50 16 sens
246 1102 126 23 berättelse.
401 1102 11 22 I
424 1102 219 28 jernvägsstyrelsens
669 1102 118 22 berättelse
802 1102 56 22 läste
870 1102 38 27 jag
923 1102 7 21 i
945 1102 49 22 bör-

172 1131 45 27 jan,
240 1131 34 22 att
295 1131 41 21 den
358 1130 108 22 indirekta
479 1131 85 22 vinsten
579 1130 23 22 af
614 1130 52 22 våra
680 1136 41 22 nya
733 1130 116 28 jernvägar
864 1130 128 28 uppskattas

174 1159 33 22 till
229 1158 59 23 öfver
312 1160 140 26 100,000,000
471 1159 67 27 mark,
554 1165 48 15 som
616 1159 90 21 kommit
719 1159 75 21 landet
807 1159 33 21 till
855 1160 63 25 godo.
948 1159 46 21 Här

174 1188 39 27 såg
230 1188 38 27 jag
282 1188 104 25 deremot,
405 1189 33 20 att
452 1188 27 22 de
493 1188 108 21 indirekta
615 1188 111 21 skatterna
741 1188 53 21 eller
807 1188 187 22 tullinkomsterna

173 1216 48 22 från
244 1216 24 22 är
291 1218 54 20 1875
367 1216 47 22 visa
433 1218 32 20 ett
480 1216 155 27 nedåtgående,
651 1216 77 22 endast
743 1216 94 22 afbrutet
854 1216 23 21 af
890 1216 24 22 är
930 1218 61 20 1877.

173 1244 43 27 Jag
230 1244 72 28 frågar
316 1244 49 27 mig,
381 1244 63 22 hvart
457 1244 63 22 hafva
535 1245 64 21 dessa
614 1245 141 25 100,000,000
770 1244 133 22 försvunnit?
923 1244 70 22 Hafva

174 1272 27 21 de
215 1272 48 22 icke
277 1272 85 22 kunnat
375 1272 87 21 inverka
473 1273 25 20 så
506 1272 87 27 mycket
601 1273 29 25 på
642 1272 85 21 landets
738 1272 140 21 ekonomiska
887 1272 105 26 tillstånd,

174 1301 34 21 att
223 1300 27 22 de
263 1300 58 22 hade
334 1300 84 21 kunnat
432 1300 42 21 öka
488 1299 269 28 konsumtions-förmågan
772 1300 40 21 hos
826 1300 80 27 landet,
922 1300 26 22 så
958 1303 34 18 att

174 1328 66 23 desse
251 1350 2 2 .
260 1327 109 32 indirekta
389 1328 84 22 skatter
488 1328 69 22 skulle
572 1327 62 28 hafya
648 1328 83 22 kunnat
745 1328 57 27 stiga
816 1329 41 21 och
872 1329 78 27 stiga:i
963 1329 28 22 en

171 1358 59 27 jämn
245 1356 143 30 progression.
418 1357 42 28 Jag
475 1357 77 28 drager
567 1357 23 22 af
602 1357 65 22 dessa
682 1356 70 23 sifiror
766 1357 42 23 den
824 1357 123 28 slutsatsen,
958 1359 34 21 att

173 1387 21 22 vi
215 1386 49 22 icke
286 1387 53 22 böra
354 1386 133 23 öfverskatta
501 1387 38 21 vår
554 1386 139 22 ekonomiska
708 1387 74 28 styrka
797 1386 40 22 och
852 1387 42 22 den
909 1387 84 22 snabba

172 1414 110 29 utvecklig
304 1415 22 22 af
346 1415 52 22 .våra
407 1415 145 22 ekonomiska
565 1420 104 22 resurser,
685 1421 47 16 som
745 1415 134 23 förbättrade
892 1415 98 23 kommu-

172 1444 122 22 nikationer
315 1444 41 22 hos
379 1450 36 16 oss
438 1444 61 23 skola
518 1444 155 22 åstadkomma.
704 1445 72 22 Också
799 1445 70 22 denna
883 1445 108 28 synpunkt

170 1473 62 21 leder
254 1473 44 28 mig
312 1472 34 22 till
361 1475 33 20 att
408 1473 34 21 för
456 1473 44 21 min
516 1473 40 26 del,
572 1473 72 21 såsöm
656 1473 38 27 jag
709 1473 71 27 sagdt,
795 1473 75 22 förena
884 1473 43 28 mig
941 1475 50 21 med

171 1501 109 29 utskottet
302 1501 41 22 och
364 1501 70 23 uttala
453 1502 38 22 det
504 1501 89 28 hoppet,
609 1502 33 21 att
658 1501 36 22 det
709 1501 115 28 höglofliga
838 1502 89 22 ståndet
940 1502 52 22 ville

170 1529 69 23 också
252 1529 76 23 förena
342 1530 34 28 sig
390 1530 8 22 i
412 1530 119 22 utskottets
546 1530 89 26 förslag.
