1073 1725
203 114 55 21 1242
518 112 42 18 Den
572 113 22 17 26
607 111 45 24 Maj.

172 180 32 21 ett
219 178 81 28 förslag
314 184 41 22 om,
372 179 33 21 att
418 178 162 22 universitetets
596 178 170 22 observatorium
781 178 69 22 skulle
858 179 53 21 utan
921 178 74 22 vidare

171 207 23 23 få
207 207 71 22 lemna
292 207 58 28 plats
366 206 33 23 för
413 208 34 22 ett
461 207 137 22 ständerhus.
614 206 43 22 Det
672 208 24 20 är
710 206 119 28 någonting
843 206 33 22 till
891 206 41 22 den
942 208 53 26 grad

172 236 173 27 öfverraskande,
366 237 34 21 att
416 235 109 22 utskottet
539 236 49 22 icke
603 236 73 21 ansett
691 235 33 27 sig
738 236 73 21 kunna
824 236 50 21 med
888 234 53 23 flere
956 236 39 21 ord

172 267 27 20 än
221 264 41 22 bär
284 266 24 20 är
330 264 97 29 uttryckt
448 264 92 22 besvara
562 264 61 22 detta
641 264 111 27 hugskott,
768 270 48 16 men
830 264 38 28 jag
882 264 44 22 kan
941 264 56 22 dock

172 294 90 27 tillägga
277 300 27 16 en
319 293 84 28 ganska
420 294 118 21 intressant
556 293 104 22 historisk
674 293 128 28 upplysning
817 299 34 16 om
865 294 57 21 huru
935 293 61 28 bety-

172 322 71 23 dande
259 323 70 21 denna
342 322 58 27 plats
414 324 29 20 är.
474 322 43 21 Det
532 324 24 19 är
571 329 26 15 en
613 321 23 23 af
648 322 99 27 Europas
762 323 83 21 största
854 325 142 24 astronomer,

172 357 47 16 som
234 351 48 22 vårt
296 351 52 22 land
362 351 69 22 under
445 357 27 16 en
487 351 32 21 tid
534 351 23 21 af
570 351 24 22 år
608 351 58 22 hade
681 352 51 21 äran
748 352 34 20 att
795 351 68 22 räkna
873 351 72 22 såsom
955 351 39 26 sin,

172 386 47 16 som
233 381 70 21 utsett
318 379 70 22 denna
401 379 64 28 plats,
482 379 40 22 den
538 381 25 20 är
578 379 82 23 erkänd
674 379 65 22 bland
755 379 43 22 alla
812 380 98 27 Europas
926 382 69 19 astro-

171 415 76 16 nomer
268 408 72 22 såsom
363 415 27 15 en
409 408 23 22 af
445 409 26 22 de
486 408 186 28 fördelaktigaste.
702 408 47 22 Den
764 415 38 15 var
816 409 79 22 honom
910 408 25 23 så
948 409 48 27 kär,

172 439 34 20 att
220 437 28 22 då
263 437 69 22 under
347 437 38 22 det
403 439 50 20 näst
467 437 130 28 föregående
612 437 140 22 orientaliska
765 437 72 28 kriget
852 438 27 21 de
894 437 102 22 allierade

171 467 103 22 flottorna
295 466 51 28 lågo
361 466 40 22 här
419 466 92 27 utanför,
527 465 110 28 professor
650 466 136 27 Argillander
799 466 47 22 från
861 467 61 21 Ronn
939 467 57 21 satte

172 496 33 27 sig
226 496 8 21 i
255 495 186 22 kommunikation
462 495 8 22 i
489 495 125 22 ministeriel
628 497 42 25 väg
684 495 49 22 med
748 495 104 27 engelska
866 495 74 22 hofvet
955 495 41 22 och

170 525 42 21 hos
235 524 110 27 drottning
367 524 96 22 Viktoria
486 524 118 22 utverkade
625 524 37 21 det
680 526 32 19 att
727 524 55 22 intet
797 524 61 22 skott
872 524 42 22 fick
927 525 68 21 riktas

172 555 58 20 emot
245 553 176 27 observatorium,
437 554 52 20 utan
504 553 38 22 det
556 553 50 22 stod
621 552 71 22 såsom
708 559 27 16 en
750 553 58 27 helig
823 553 63 27 plats:
904 553 42 22 alla
956 553 40 22 ku-

170 582 35 22 lor
220 582 63 28 gingo
298 582 8 22 i
320 588 70 15 annan
405 582 113 22 direktion.
548 582 44 21 Det
606 582 64 21 korta
685 582 117 27 utlåtande,
818 588 46 16 som
880 582 115 22 tillförord-

171 611 57 22 nade
249 610 113 28 prefekten
383 610 34 22 för
439 611 60 21 detta
514 610 170 22 observatorium
701 610 89 28 afgifvit,
806 610 190 23 öfverensstämma

172 639 49 22 med
238 640 26 21 de
280 640 86 26 åsigter,
383 645 46 16 som
443 645 50 15 man
509 645 77 16 annars
601 639 41 21 hör
656 639 7 21 i
679 638 41 23 den
735 639 62 22 lärda
811 640 88 22 verlden
914 640 80 21 uttalas

172 674 35 16 om
223 668 49 22 dess
288 668 119 28 synnerligt
421 667 144 28 fördelaktiga
579 668 49 27 läge
642 667 33 22 för
690 668 167 26 observationer,
868 670 24 26 ty
901 668 21 22 vi
932 668 64 22 hafva

172 703 26 16 en
213 696 27 22 fri
254 697 99 21 horisont
368 698 58 20 emot
441 697 69 27 söder,
526 696 83 22 hvilket
624 698 23 20 är
662 696 23 22 af
698 697 108 28 synnerlig
820 697 51 27 vigt.
888 697 25 21 Vi
923 698 73 21 kunde

171 726 8 21 i
193 726 109 21 utskottet
323 726 49 21 icke
394 726 77 20 utröna
492 726 64 21 hvart
576 732 49 15 man
644 726 62 21 tänkt
722 726 39 27 sig,
778 728 32 20 att
825 726 171 22 observatorium

172 754 70 22 skulle
263 754 79 28 flyttas.
393 754 92 22 Utskottet
503 754 57 22 hade
575 755 49 21 hört
646 754 161 28 ryktesvis,
773 750 41 36 att
822 760 49 16 man
886 755 111 27 föreslagit

172 784 85 27 platsen
271 784 29 27 på
314 784 80 26 bergen
409 783 78 22 bakom
503 784 53 22 Tölö
572 784 68 25 viken,
656 789 49 15 men
721 784 42 21 den
778 784 84 28 platsen
872 786 24 19 är
907 784 89 22 alldeles

172 812 94 28 omöjlig,
289 812 90 22 emedan
403 812 38 22 det
461 812 28 22 då
503 812 97 22 kommer
615 814 33 19 att
663 814 58 20 emot
736 813 41 21 den
792 813 64 22 södra
871 813 125 21 horisonten

171 840 65 23 hafva
252 841 70 21 denna
336 841 49 21 stad
400 840 48 22 med
464 841 47 21 sina
525 841 113 28 rökpelare
654 840 41 22 och
711 841 95 21 dunster.
836 842 43 21 Det
893 842 41 20 blir
948 842 48 21 icke

172 870 71 27 någon
258 870 111 27 möjlighet
389 871 32 20 att
440 869 61 28 flytta
519 871 161 21 universitetets
696 870 176 26 observatorium,
888 873 60 19 utom
964 873 34 19 att

172 899 38 22 det
230 899 51 27 föga
303 899 108 21 sannolikt
434 898 70 23 skulle
525 899 63 21 vinna
602 898 118 27 framgång,
736 905 34 15 om
786 905 48 15 man
848 899 70 22 skulle
932 899 64 22 fram-

172 927 64 22 ställa
252 929 32 20 ett
298 927 79 21 sådant
392 927 91 28 projekt.
512 927 44 22 Det
570 927 103 27 förslaget
687 927 70 22 måste
773 928 84 21 således
867 928 129 21 elimineras.

171 955 81 22 Likaså
273 961 38 16 var
325 955 62 22 fallet
401 955 49 22 med
470 955 109 28 åtskilliga
594 955 23 22 af
630 956 27 21 de
673 955 67 28 öfriga
754 955 117 28 förslagen:
897 956 36 21 vill
947 963 49 14 man

172 985 61 28 flytta
248 984 153 21 ständerhuset
415 985 73 20 vester
503 990 35 15 om
554 984 174 26 observatorium,
745 985 69 22 stöter
828 991 50 15 man
892 985 29 28 på
930 991 25 15 en
962 984 36 22 för

173 1015 32 21 ett
220 1013 77 27 vigtigt
311 1013 99 21 ändamål
425 1013 125 22 reserverad
565 1015 61 24 tomt,
642 1013 38 22 det
689 1013 107 22 blifvande
807 1013 121 28 kirurgiska
938 1013 58 28 sjuk-

172 1042 83 22 husets.
284 1041 64 22 Hvad
364 1041 47 22 åter
425 1041 181 28 packhustomten
620 1042 139 26 vidkommer,
774 1042 40 21 har
828 1049 78 20 egaren
922 1042 31 21 till
970 1042 27 21 de

172 1071 85 28 gårdar,
280 1076 47 16 som
348 1070 69 22 skulle
438 1070 87 27 inlösas,
548 1070 104 22 förklarat
667 1071 116 25 bestämdt,
799 1072 33 20 att
847 1071 41 22 han
903 1071 48 22 icke
966 1070 32 22 af-

172 1099 50 23 stod
238 1100 54 21 dem.
322 1099 31 22 Pä
368 1105 82 16 samma
465 1101 45 20 sätt
525 1099 49 22 med
590 1101 108 26 gvarteret
708 1099 99 22 Bäfvern.
823 1099 44 23 Der
874 1099 123 22 förklarade

172 1135 26 15 en
213 1127 23 22 af
249 1127 152 28 gärdsegarne,
417 1129 33 20 att
465 1128 41 21 han
521 1128 29 27 pä
559 1128 51 26 inga
624 1128 69 21 vilkor
707 1127 99 28 försäljer
820 1129 32 20 sin
873 1129 59 26 gård.
949 1128 48 21 Den

172 1157 56 22 enda
249 1158 63 25 tomt,
334 1162 48 16 som
404 1156 104 27 klarligen
531 1156 67 28 enligt
612 1156 43 22 min
670 1157 66 21 tanke
752 1156 40 22 och
808 1157 66 27 enligt
888 1158 109 21 utskottet

170 1186 59 26 äsigt
242 1185 68 22 borde
324 1184 73 22 kunna
411 1185 8 21 i
433 1184 60 28 fräga
510 1185 92 27 komma,
618 1187 24 19 är
656 1186 184 26 mynthustomten
854 1198 28 3 —
896 1186 22 21 vi
933 1185 64 22 hafva

171 1214 47 21 haft
239 1213 103 29 förnyade
360 1213 147 27 besigtningar
527 1213 39 23 der
581 1226 25 3 —
622 1214 40 21 och
678 1214 102 21 särskildt
795 1214 69 22 under
880 1214 40 22 den
935 1214 63 26 form,

171 1248 47 16 som
240 1248 76 21 genom
334 1248 27 15 en
383 1242 152 27 sakkännares,
554 1242 97 27 ingeniör
665 1242 106 28 Tallgvist
785 1242 71 28 inlaga
870 1242 126 22 framstälts.

170 1270 67 22 Detta
251 1270 81 26 förslag
346 1270 97 20 kommer
457 1271 33 20 väl
505 1271 8 20 i
528 1270 51 21 elfte
594 1271 98 25 stunden,
709 1277 49 15 men
774 1271 36 21 det
826 1274 23 18 är
862 1272 134 26 behjertans-

170 1298 70 24 värdt,
255 1298 89 22 emedan
360 1297 42 21 han
417 1298 72 21 såsom
503 1298 81 22 vorden
600 1298 158 27 stadsingeniör
771 1298 119 22 undersökt
904 1299 94 27 platsen,

171 1326 41 22 och
226 1327 49 21 med
291 1333 26 15 en
332 1326 52 22 liten
396 1326 144 28 omplacering
554 1326 70 22 skulle
638 1332 49 16 man
702 1327 73 22 kunna
789 1327 23 21 fä
826 1333 25 16 en
868 1328 78 21 vacker
956 1328 41 22 och

170 1355 88 29 lämplig
272 1355 64 28 plats.
356 1354 45 22 Der
416 1356 67 21 stötte
498 1356 21 21 vi
528 1356 57 22 blott
594 1355 28 28 pä
633 1362 26 15 en
670 1358 117 25 reservant,
798 1356 50 22 herr
857 1356 83 28 Heikel,
949 1362 48 16 som

170 1391 64 16 anser
248 1386 34 21 att
296 1384 89 23 stadens
400 1383 113 24 financiela
526 1385 92 22 intresse
634 1384 69 23 skulle
718 1385 44 22 lida
776 1385 92 28 inträng,
880 1386 68 28 jämte
960 1386 37 22 det

170 1414 42 22 han
234 1414 82 29 tycker,
339 1415 33 21 att
394 1414 32 21 ett
448 1414 128 22 ständerhus
596 1414 48 22 icke
665 1414 35 22 väl
722 1414 72 23 skulle
816 1417 127 25 presentera
964 1416 33 26 sig

170 1443 30 28 pä
215 1450 26 16 en
256 1444 64 27 plats,
337 1443 38 22 der
390 1443 13 21 ä
418 1449 41 16 ena
472 1443 61 22 sidan
549 1444 64 27 ryska
627 1443 81 28 kyrkan
724 1444 46 22 stär
785 1445 41 22 och
837 1443 11 22 ä
857 1444 67 23 andra
935 1444 59 22 sidan

172 1473 65 22 dessa
251 1473 123 27 magasiner
388 1472 40 22 och
443 1472 66 23 andra
525 1473 71 28 dylika
610 1472 112 27 praktiska
728 1473 131 28 byggnader,
868 1473 72 23 hvilka
947 1474 51 21 med

172 1501 60 22 tiden
256 1501 70 22 skulle
348 1501 85 22 komma
448 1502 33 21 att
496 1501 86 28 uppstä.
612 1501 60 22 Hans
688 1502 94 26 grunder
796 1502 73 22 kunna
882 1502 48 22 icke
946 1508 51 15 vara

172 1530 136 28 synnerligen
323 1529 44 23 fast
380 1529 83 28 rotade,
479 1531 90 21 emedan
584 1530 97 28 ingeniör
696 1530 104 28 Tallgvist
816 1533 24 20 är
852 1531 47 28 just
913 1537 83 15 samma
