1075 1723
425 116 42 18 Den
479 117 22 17 20
513 116 43 23 Maj.
827 119 52 20 1051

86 181 78 22 honom
180 181 39 22 allt
233 181 56 22 hvad
304 182 43 22 han
362 182 42 22 kan
420 183 39 22 och
475 183 58 22 hvad
546 183 78 22 honom
641 183 86 27 åligger.
758 183 26 21 Vi
799 183 64 22 hafva
877 183 34 22 för

86 211 67 27 några
168 211 68 26 dagar
251 211 67 22 sedan
334 213 44 20 sett
392 212 8 21 i
415 211 140 28 tidningarne,
572 211 39 22 och
627 212 37 26 jag
679 214 96 24 antager,
791 213 33 20 att
839 212 37 21 det
886 215 25 18 är

86 239 97 25 faktiskt,
200 241 32 20 att
247 239 169 28 flyttningshjelp
432 240 69 22 blifvit
515 240 93 27 beviljad
627 247 25 14 en
668 241 140 25 embetsman,
824 241 29 21 då
866 241 43 21 han

85 268 79 21 kallats
179 267 47 22 från
242 274 26 15 en
284 269 34 20 ort
333 268 32 21 till
381 275 26 14 en
423 275 80 20 annän;
519 269 59 21 detta
594 271 23 18 är
632 269 44 20 lika
685 269 122 26 betänkligt
817 275 47 15 som
874 275 35 21 sy-

86 298 80 19 stemet
180 296 48 21 med
247 296 175 26 gratifikationer.
453 297 105 26 Slutligen
574 299 64 24 säger
653 297 108 21 utskottet
777 297 85 26 ,säsom
877 299 33 20 ett

86 325 161 26 önskningsmål
270 331 63 15 anser
355 325 34 27 sig
410 326 165 21 statsutskottet
596 325 54 22 böra
667 325 119 26 framhålla,
802 327 33 20 att
850 325 59 22 öfver

85 353 43 22 alla
143 353 107 22 särskilda
265 354 33 21 till
313 353 70 22 finska
397 355 133 20 statsverket
544 354 94 21 hörande
648 353 77 22 fonder
734 353 69 22 blefve
813 354 96 22 inrättad

86 389 26 15 en
128 381 233 28 generalhufvudbok*.
391 382 11 21 I
417 383 60 21 detta
492 383 110 22 uttalande
617 382 85 22 förenar
714 383 40 27 jag
766 382 43 27 mig
820 383 39 22 och
871 390 38 15 an-

85 417 35 16 ser
137 411 37 21 det
189 417 51 15 vara
254 411 89 22 alldeles
359 411 137 28 oeftergifligt
510 411 33 22 för
558 413 33 20 att
605 411 22 22 få
643 417 26 16 en
684 411 47 22 klar
745 411 80 22 inblick
840 412 7 21 i
857 412 52 22 våra

84 439 292 28 räkenskapsförhållanden.

152 469 96 21 Emedan
268 469 50 21 herr
337 469 74 21 Taube
431 469 7 20 i
459 469 60 21 detta
534 469 38 21 sitt
588 468 137 27 andragande
740 470 68 25 yttrat
823 469 33 27 sig
870 471 39 20 nä-

84 499 48 20 stan
149 497 59 22 öfver
224 497 42 22 alla
281 498 26 21 de
322 497 69 22 under
405 497 113 22 rubriken:
542 514 9 9 ,
556 497 112 26 Allmänna
683 497 147 22 statsfonden*
848 498 60 27 ingä-

84 527 54 20 ende
153 527 127 26 punkterna,
297 526 68 26 ansäg
376 526 49 21 herr
435 526 207 21 Landtmarskalken
653 526 33 26 sig
697 526 53 21 böra
760 525 33 22 för
802 526 106 22 vinnande

83 554 22 22 af
118 556 71 20 större
204 555 52 20 reda
272 555 40 21 och
332 554 90 27 ordning
441 555 32 20 uti
489 555 149 21 diskussionen
654 554 116 21 hemställa
785 554 31 21 till
833 555 26 21 de
875 557 33 19 ta-

83 583 51 26 lare,
151 589 47 15 som
212 583 114 22 framdeles
341 583 50 21 ville
401 583 114 26 uppträda,
524 583 105 21 huruvida
640 582 26 22 de
677 583 48 21 icke
735 583 49 21 ville
792 583 116 22 inskränka

82 612 47 21 sina
143 612 114 27 yttranden
272 612 33 21 till
320 611 74 27 hvarje
409 612 70 25 punkt
494 611 102 22 särskildt
611 611 33 22 för
659 611 39 27 sig,
714 611 29 27 pä
758 611 37 21 det
809 612 98 27 proposi-

82 641 98 20 tionerna
201 641 79 20 lättare
302 639 73 22 kunde
397 640 120 27 uppställas
540 647 34 14 om
597 640 109 21 desamma
722 640 40 21 och
777 640 86 22 säledes
878 648 30 14 nu

82 669 76 22 främst
173 669 110 27 angäende
299 668 150 27 önskligheten
465 669 22 21 af
495 669 236 27 kapitalräkningarnes
742 669 106 22 rationela
855 676 53 21 upp-

105 698 91 21 ällande.

150 727 56 21 Herr
221 727 87 21 Taube
323 725 128 27 förklarade,
469 726 36 21 det
520 726 41 21 han
578 725 55 22 hade
650 725 22 22 af
685 725 91 28 misstag
791 725 114 28 uppfattat,

82 755 72 22 säsom
169 755 70 22 skulle
254 755 74 28 hvarje
342 755 83 27 kapitel
445 755 8 21 i
468 755 146 22 betänkandet
629 755 28 27 pä
673 761 26 15 en
714 755 58 27 gäng
787 755 119 22 behandlas

81 785 7 21 i
104 785 32 21 sin
151 785 81 21 helhet.

149 814 34 20 Då
198 814 63 26 ingen
276 819 70 15 annan
362 812 23 22 af
398 812 98 22 ständets
506 812 140 22 medlemmar
654 812 97 22 önskade
761 814 58 26 yttra
829 813 34 27 sig
871 820 35 14 an-

80 842 84 27 gäende
180 842 42 21 den
237 848 29 15 nu
280 842 129 26 föredragna
423 841 97 28 punkten
530 841 134 22 beträffande
672 841 232 28 kapitalräkningarne,

80 871 72 22 beslöt
168 871 87 21 ständet
270 871 115 26 godkänna
400 871 176 21 statsutskottets
592 870 112 21 uttalande
720 870 81 21 härom.

148 900 57 21 Utan
222 900 140 25 anmärkning
377 899 125 26 godkändes
517 899 119 21 utskottets
647 899 112 21 uttalande
769 899 29 26 pä
808 899 66 21 slutet
885 899 22 22 af

81 928 56 27 3:dje
160 928 40 21 och
224 928 75 27 början
319 927 22 22 af
355 927 49 22 4:de
420 927 67 26 sidan,
504 927 110 28 angäende
629 927 67 27 nägra
712 927 171 28 oegentligheter
897 928 7 21 i

81 957 205 26 statsbokföringen.

148 986 51 21 Med
218 985 115 26 anledning
352 984 23 23 af
393 985 117 21 utskottets
525 985 73 22 vidare
614 985 112 21 uttalande
741 985 28 26 pä
784 985 39 22 sid.
841 987 12 19 4
869 991 35 16 om

80 1015 27 22 de
130 1015 68 22 under
218 1016 86 20 senaste
323 1013 192 28 landtdagsperiod
534 1013 22 22 af
570 1013 106 28 styrelsen
691 1013 106 28 beviljade
811 1013 93 23 löneför-

80 1044 82 27 ningar,
179 1043 69 22 utbad

148 1073 50 21 herr
220 1072 134 22 Molander
377 1071 33 27 sig
430 1071 58 22 talan
504 1071 39 22 och
559 1071 95 28 yttrade:
680 1071 170 22 Statsutskottet
865 1071 39 22 har

79 1101 123 26 framhällit,
226 1103 32 19 att
282 1107 26 15 en
330 1101 70 21 större
422 1100 170 27 löneförhöjning
615 1101 36 25 egt
670 1106 47 15 rum
734 1100 69 21 under
817 1103 87 19 senaste

78 1130 192 27 landtdagsperiod
289 1129 40 22 och
348 1129 69 21 tillika
433 1129 103 26 anmärkt,
552 1131 33 19 att
599 1135 50 14 man
663 1128 7 21 i
686 1129 154 26 sammanhang
856 1129 47 22 der-

78 1159 50 21 med
144 1159 62 21 äfven
221 1159 56 21 hade
296 1159 51 20 bort
364 1157 88 27 vidtaga
466 1157 77 27 åtgärd
559 1163 33 16 om
608 1157 120 26 förenkling
743 1157 23 21 af
778 1157 125 22 förvaltnin-

79 1193 47 21 gen,
142 1188 32 21 till
189 1187 52 28 följd
256 1186 76 23 hvaraf
347 1187 109 26 ätskilliga
472 1187 90 26 tjenster
576 1187 83 20 kunnat
673 1186 109 26 indragas.
801 1186 62 21 Hvad
873 1193 30 15 nu

78 1216 224 27 löneförhöjningarne
317 1215 110 25 beträffar,
443 1215 25 21 sä
483 1221 37 15 var
535 1215 37 21 det
586 1215 29 26 pä
631 1215 40 20 den
687 1215 38 26 tid,
737 1220 46 15 som
795 1215 26 21 de
831 1215 72 21 förbe-

78 1244 95 22 redande
196 1244 129 27 ätgärderna
346 1243 34 22 för
398 1243 184 27 löneregleringen
601 1243 106 26 vidtogos,
727 1243 89 21 allmänt
830 1242 73 23 insedt

79 1275 33 19 att
133 1279 26 15 en
181 1272 180 26 löneförbättring
382 1273 28 25 pä
429 1272 88 26 mänget
535 1272 42 21 häll
592 1277 38 15 var
645 1271 128 26 nödvändig.
804 1271 98 22 Orsaken

78 1301 86 22 hvarför
178 1307 49 15 man
243 1301 65 21 skred
327 1301 33 20 till
378 1307 26 14 en
420 1300 78 21 allmän
513 1300 162 27 lönereglering,
691 1300 54 21 eller
758 1300 33 21 lät
805 1306 51 15 vara
870 1300 32 22 lö-

78 1329 164 28 neförbättring,
258 1336 37 15 var
310 1329 49 26 den,
379 1330 32 20 att
425 1329 68 21 under
509 1329 40 21 den
564 1328 129 27 föregäende
709 1328 60 22 tiden
784 1328 56 22 hade
855 1328 56 23 frän'

79 1359 27 21 de
121 1358 106 21 särskilda
246 1358 176 27 myndigheterna
437 1357 111 20 inkommit
562 1357 181 26 framställningar
757 1357 92 21 rörande
865 1357 37 21 be-

78 1386 74 22 hofvet
174 1386 23 22 af
216 1385 135 23 förbättrade
373 1385 60 21 löner
452 1384 33 22 för
501 1385 26 21 de
542 1384 160 27 underlydande
719 1384 182 22 embetsmännen.

78 1415 129 27 Derigenom
223 1416 33 20 att
270 1420 49 16 man
334 1414 59 21 förut
407 1413 88 27 partielt
506 1413 54 27 tagit
570 1413 68 21 under
648 1412 99 28 pröfning
758 1413 26 21 de
795 1414 108 21 särskilda

78 1444 187 27 myndigheternas
281 1442 186 26 framställninger,
483 1442 57 21 hade
554 1448 49 15 man
618 1441 48 21 icke
677 1441 82 22 kunnat
767 1442 94 21 undvika
869 1444 33 20 att

79 1473 109 27 ojämnhet
204 1472 41 22 och
260 1471 112 27 obillighet
387 1472 44 20 ofta
447 1472 105 26 uppstått,
568 1470 82 22 hvilket
664 1469 46 23 haft
725 1470 33 22 till
772 1469 81 29 påföljd
869 1473 33 19 att

79 1508 33 15 om
129 1501 22 22 af
166 1508 26 15 en
208 1501 52 22 eller
275 1507 69 15 annan
361 1500 64 22 orsak
439 1500 68 27 nägra
522 1500 128 27 tjenstemän
665 1499 35 22 vid
714 1501 33 19 ett
758 1499 143 26 embetsverk,

79 1537 46 15 som
140 1530 86 22 erhällit
242 1536 27 22 ny
284 1529 156 27 aflöningsstat,
455 1529 89 21 kommit
559 1530 33 20 att
606 1528 65 22 blifva
685 1528 67 28 nägot
767 1528 66 28 högre
849 1528 52 23 aflö-
