<?xml version="1.0" encoding="UTF-8"?>
<alto xmlns="http://www.loc.gov/standards/alto/ns-v3#" xmlns:xlink="http://www.w3.org/1999/xlink" xmlns:xsi="http://www.w3.org/2001/XMLSchema-instance" xsi:schemaLocation="http://www.loc.gov/standards/alto/ns-v3# http://www.loc.gov/alto/v3/alto-3-0.xsd">
	<Description>
		<MeasurementUnit>pixel</MeasurementUnit>
		<sourceImageInformation>
			<fileName>/tmp/tess_pgx1a9nm_input.PNG</fileName>
		</sourceImageInformation>
		<OCRProcessing ID="OCR_0">
			<ocrProcessingStep>
				<processingSoftware>
					<softwareName>tesseract 5.3.4</softwareName>
				</processingSoftware>
			</ocrProcessingStep>
		</OCRProcessing>
	</Description>
	<Layout>
		<Page WIDTH="1103" HEIGHT="1786" PHYSICAL_IMG_NR="0" ID="page_0">
			<PrintSpace HPOS="0" VPOS="0" WIDTH="1103" HEIGHT="1786">
				<ComposedBlock ID="cblock_0" HPOS="219" VPOS="126" WIDTH="563" HEIGHT="23">
					<TextBlock ID="block_0" HPOS="219" VPOS="126" WIDTH="563" HEIGHT="23">
						<TextLine ID="line_0" HPOS="219" VPOS="126" WIDTH="563" HEIGHT="23">
							<String ID="string_0" HPOS="219" VPOS="126" WIDTH="53" HEIGHT="21" WC="0.96" CONTENT="1906"/><SP WIDTH="122" VPOS="126" HPOS="272"/>
							<String ID="string_1" HPOS="394" VPOS="131" WIDTH="159" HEIGHT="18" WC="0.90" CONTENT="Presteståndet"/><SP WIDTH="14" VPOS="131" HPOS="553"/>
							<String ID="string_2" HPOS="567" VPOS="131" WIDTH="54" HEIGHT="18" WC="0.96" CONTENT="1877."/><SP WIDTH="23" VPOS="131" HPOS="621"/>
							<String ID="string_3" HPOS="644" VPOS="132" WIDTH="13" HEIGHT="17" WC="0.96" CONTENT="2"/><SP WIDTH="11" VPOS="132" HPOS="657"/>
							<String ID="string_4" HPOS="668" VPOS="132" WIDTH="114" HEIGHT="17" WC="0.96" CONTENT="november."/>
						</TextLine>
					</TextBlock>
				</ComposedBlock>
				<GraphicalElement ID="cblock_1" HPOS="189" VPOS="157" WIDTH="818" HEIGHT="7"></GraphicalElement >
				<ComposedBlock ID="cblock_2" HPOS="187" VPOS="199" WIDTH="820" HEIGHT="368">
					<TextBlock ID="block_1" HPOS="187" VPOS="199" WIDTH="820" HEIGHT="368">
						<TextLine ID="line_1" HPOS="256" VPOS="199" WIDTH="751" HEIGHT="26">
							<String ID="string_5" HPOS="256" VPOS="199" WIDTH="110" HEIGHT="21" WC="0.92" CONTENT="Professor"/><SP WIDTH="22" VPOS="199" HPOS="366"/>
							<String ID="string_6" HPOS="388" VPOS="199" WIDTH="162" HEIGHT="21" WC="0.91" CONTENT="Ehrström:"/><SP WIDTH="22" VPOS="199" HPOS="550"/>
							<String ID="string_7" HPOS="572" VPOS="199" WIDTH="40" HEIGHT="26" WC="0.96" CONTENT="Jag"/><SP WIDTH="23" VPOS="199" HPOS="612"/>
							<String ID="string_8" HPOS="635" VPOS="201" WIDTH="24" HEIGHT="19" WC="0.95" CONTENT="är"/><SP WIDTH="14" VPOS="201" HPOS="659"/>
							<String ID="string_9" HPOS="673" VPOS="199" WIDTH="65" HEIGHT="21" WC="0.95" CONTENT="redan"/><SP WIDTH="15" VPOS="199" HPOS="738"/>
							<String ID="string_10" HPOS="753" VPOS="199" WIDTH="142" HEIGHT="21" WC="0.96" CONTENT="förekommen"/><SP WIDTH="16" VPOS="199" HPOS="895"/>
							<String ID="string_11" HPOS="911" VPOS="199" WIDTH="23" HEIGHT="21" WC="0.93" CONTENT="af"/><SP WIDTH="14" VPOS="199" HPOS="934"/>
							<String ID="string_12" HPOS="948" VPOS="199" WIDTH="59" HEIGHT="21" WC="0.92" CONTENT="dom-"/>
						</TextLine>
						<TextLine ID="line_2" HPOS="188" VPOS="227" WIDTH="819" HEIGHT="27">
							<String ID="string_13" HPOS="188" VPOS="229" WIDTH="85" HEIGHT="25" WC="0.96" CONTENT="prosten"/><SP WIDTH="16" VPOS="229" HPOS="273"/>
							<String ID="string_14" HPOS="289" VPOS="227" WIDTH="57" HEIGHT="26" WC="0.96" CONTENT="Borg"/><SP WIDTH="14" VPOS="227" HPOS="346"/>
							<String ID="string_15" HPOS="360" VPOS="227" WIDTH="6" HEIGHT="20" WC="0.96" CONTENT="i"/><SP WIDTH="16" VPOS="227" HPOS="366"/>
							<String ID="string_16" HPOS="382" VPOS="228" WIDTH="42" HEIGHT="25" WC="0.96" CONTENT="det,"/><SP WIDTH="16" VPOS="228" HPOS="424"/>
							<String ID="string_17" HPOS="440" VPOS="233" WIDTH="43" HEIGHT="15" WC="0.96" CONTENT="som"/><SP WIDTH="14" VPOS="233" HPOS="483"/>
							<String ID="string_18" HPOS="497" VPOS="227" WIDTH="36" HEIGHT="26" WC="0.96" CONTENT="jag"/><SP WIDTH="16" VPOS="227" HPOS="533"/>
							<String ID="string_19" HPOS="549" VPOS="227" WIDTH="88" HEIGHT="21" WC="0.96" CONTENT="ämnade"/><SP WIDTH="11" VPOS="227" HPOS="637"/>
							<String ID="string_20" HPOS="648" VPOS="229" WIDTH="56" HEIGHT="25" WC="0.96" CONTENT="yttra"/><SP WIDTH="10" VPOS="229" HPOS="704"/>
							<String ID="string_21" HPOS="714" VPOS="231" WIDTH="58" HEIGHT="18" WC="0.96" CONTENT="emot"/><SP WIDTH="10" VPOS="231" HPOS="772"/>
							<String ID="string_22" HPOS="782" VPOS="229" WIDTH="85" HEIGHT="25" WC="0.96" CONTENT="prosten"/><SP WIDTH="12" VPOS="229" HPOS="867"/>
							<String ID="string_23" HPOS="879" VPOS="227" WIDTH="64" HEIGHT="27" WC="0.96" CONTENT="Hjelt."/><SP WIDTH="22" VPOS="227" HPOS="943"/>
							<String ID="string_24" HPOS="965" VPOS="228" WIDTH="42" HEIGHT="21" WC="0.96" CONTENT="Det"/>
						</TextLine>
						<TextLine ID="line_3" HPOS="188" VPOS="255" WIDTH="819" HEIGHT="27">
							<String ID="string_25" HPOS="188" VPOS="258" WIDTH="25" HEIGHT="18" WC="0.96" CONTENT="är"/><SP WIDTH="13" VPOS="258" HPOS="213"/>
							<String ID="string_26" HPOS="226" VPOS="255" WIDTH="33" HEIGHT="21" WC="0.96" CONTENT="för"/><SP WIDTH="14" VPOS="255" HPOS="259"/>
							<String ID="string_27" HPOS="273" VPOS="255" WIDTH="61" HEIGHT="26" WC="0.96" CONTENT="ingen"/><SP WIDTH="16" VPOS="255" HPOS="334"/>
							<String ID="string_28" HPOS="350" VPOS="255" WIDTH="38" HEIGHT="21" WC="0.96" CONTENT="här"/><SP WIDTH="15" VPOS="255" HPOS="388"/>
							<String ID="string_29" HPOS="403" VPOS="255" WIDTH="6" HEIGHT="21" WC="0.96" CONTENT="i"/><SP WIDTH="15" VPOS="255" HPOS="409"/>
							<String ID="string_30" HPOS="424" VPOS="256" WIDTH="85" HEIGHT="21" WC="0.96" CONTENT="ståndet"/><SP WIDTH="14" VPOS="256" HPOS="509"/>
							<String ID="string_31" HPOS="523" VPOS="255" WIDTH="98" HEIGHT="26" WC="0.96" CONTENT="obekant,"/><SP WIDTH="17" VPOS="255" HPOS="621"/>
							<String ID="string_32" HPOS="638" VPOS="257" WIDTH="31" HEIGHT="20" WC="0.96" CONTENT="att"/><SP WIDTH="15" VPOS="257" HPOS="669"/>
							<String ID="string_33" HPOS="684" VPOS="255" WIDTH="6" HEIGHT="20" WC="0.96" CONTENT="i"/><SP WIDTH="10" VPOS="255" HPOS="690"/>
							<String ID="string_34" HPOS="700" VPOS="258" WIDTH="30" HEIGHT="18" WC="0.93" CONTENT="ett"/><SP WIDTH="11" VPOS="258" HPOS="730"/>
							<String ID="string_35" HPOS="741" VPOS="255" WIDTH="131" HEIGHT="27" WC="0.92" CONTENT="fräjdebetyg"/><SP WIDTH="10" VPOS="255" HPOS="872"/>
							<String ID="string_36" HPOS="882" VPOS="256" WIDTH="39" HEIGHT="21" WC="0.96" CONTENT="ock"/><SP WIDTH="7" VPOS="256" HPOS="921"/>
							<String ID="string_37" HPOS="928" VPOS="255" WIDTH="79" HEIGHT="22" WC="0.96" CONTENT="införas"/>
						</TextLine>
						<TextLine ID="line_4" HPOS="187" VPOS="283" WIDTH="820" HEIGHT="27">
							<String ID="string_38" HPOS="187" VPOS="284" WIDTH="79" HEIGHT="21" WC="0.74" CONTENT="sådana"/><SP WIDTH="23" VPOS="284" HPOS="266"/>
							<String ID="string_39" HPOS="289" VPOS="283" WIDTH="85" HEIGHT="21" WC="0.95" CONTENT="meriter"/><SP WIDTH="22" VPOS="283" HPOS="374"/>
							<String ID="string_40" HPOS="396" VPOS="289" WIDTH="44" HEIGHT="16" WC="0.96" CONTENT="som"/><SP WIDTH="23" VPOS="289" HPOS="440"/>
							<String ID="string_41" HPOS="463" VPOS="287" WIDTH="32" HEIGHT="17" WC="0.96" CONTENT="att"/><SP WIDTH="19" VPOS="287" HPOS="495"/>
							<String ID="string_42" HPOS="514" VPOS="284" WIDTH="68" HEIGHT="26" WC="0.96" CONTENT="någon"/><SP WIDTH="21" VPOS="284" HPOS="582"/>
							<String ID="string_43" HPOS="603" VPOS="284" WIDTH="38" HEIGHT="20" WC="0.96" CONTENT="har"/><SP WIDTH="15" VPOS="284" HPOS="641"/>
							<String ID="string_44" HPOS="656" VPOS="284" WIDTH="72" HEIGHT="25" WC="0.96" CONTENT="begått"/><SP WIDTH="15" VPOS="284" HPOS="728"/>
							<String ID="string_45" HPOS="743" VPOS="290" WIDTH="25" HEIGHT="15" WC="0.93" CONTENT="en"/><SP WIDTH="16" VPOS="290" HPOS="768"/>
							<String ID="string_46" HPOS="784" VPOS="284" WIDTH="129" HEIGHT="26" WC="0.92" CONTENT="förbrytelse."/><SP WIDTH="31" VPOS="284" HPOS="913"/>
							<String ID="string_47" HPOS="944" VPOS="284" WIDTH="63" HEIGHT="20" WC="0.96" CONTENT="Emot"/>
						</TextLine>
						<TextLine ID="line_5" HPOS="187" VPOS="312" WIDTH="820" HEIGHT="27">
							<String ID="string_48" HPOS="187" VPOS="312" WIDTH="55" HEIGHT="21" WC="0.96" CONTENT="hvad"/><SP WIDTH="16" VPOS="312" HPOS="242"/>
							<String ID="string_49" HPOS="258" VPOS="312" WIDTH="134" HEIGHT="26" WC="0.96" CONTENT="domprosten"/><SP WIDTH="16" VPOS="312" HPOS="392"/>
							<String ID="string_50" HPOS="408" VPOS="312" WIDTH="56" HEIGHT="26" WC="0.97" CONTENT="Borg"/><SP WIDTH="15" VPOS="312" HPOS="464"/>
							<String ID="string_51" HPOS="479" VPOS="315" WIDTH="71" HEIGHT="18" WC="0.96" CONTENT="senast"/><SP WIDTH="14" VPOS="315" HPOS="550"/>
							<String ID="string_52" HPOS="564" VPOS="313" WIDTH="83" HEIGHT="26" WC="0.96" CONTENT="yttrade"/><SP WIDTH="15" VPOS="313" HPOS="647"/>
							<String ID="string_53" HPOS="662" VPOS="312" WIDTH="78" HEIGHT="21" WC="0.96" CONTENT="tillåter"/><SP WIDTH="14" VPOS="312" HPOS="740"/>
							<String ID="string_54" HPOS="754" VPOS="312" WIDTH="35" HEIGHT="27" WC="0.96" CONTENT="jag"/><SP WIDTH="15" VPOS="312" HPOS="789"/>
							<String ID="string_55" HPOS="804" VPOS="313" WIDTH="42" HEIGHT="26" WC="0.97" CONTENT="mig"/><SP WIDTH="15" VPOS="313" HPOS="846"/>
							<String ID="string_56" HPOS="861" VPOS="312" WIDTH="7" HEIGHT="20" WC="0.96" CONTENT="i"/><SP WIDTH="15" VPOS="312" HPOS="868"/>
							<String ID="string_57" HPOS="883" VPOS="312" WIDTH="66" HEIGHT="21" WC="0.96" CONTENT="likhet"/><SP WIDTH="11" VPOS="312" HPOS="949"/>
							<String ID="string_58" HPOS="960" VPOS="313" WIDTH="47" HEIGHT="20" WC="0.96" CONTENT="med"/>
						</TextLine>
						<TextLine ID="line_6" HPOS="187" VPOS="340" WIDTH="819" HEIGHT="27">
							<String ID="string_59" HPOS="187" VPOS="340" WIDTH="106" HEIGHT="27" WC="0.96" CONTENT="professor"/><SP WIDTH="22" VPOS="340" HPOS="293"/>
							<String ID="string_60" HPOS="315" VPOS="341" WIDTH="87" HEIGHT="21" WC="0.96" CONTENT="Donner"/><SP WIDTH="22" VPOS="341" HPOS="402"/>
							<String ID="string_61" HPOS="424" VPOS="340" WIDTH="111" HEIGHT="22" WC="0.95" CONTENT="framhålla"/><SP WIDTH="22" VPOS="340" HPOS="535"/>
							<String ID="string_62" HPOS="557" VPOS="341" WIDTH="42" HEIGHT="25" WC="0.95" CONTENT="det,"/><SP WIDTH="23" VPOS="341" HPOS="599"/>
							<String ID="string_63" HPOS="622" VPOS="343" WIDTH="31" HEIGHT="19" WC="0.96" CONTENT="att"/><SP WIDTH="15" VPOS="343" HPOS="653"/>
							<String ID="string_64" HPOS="668" VPOS="340" WIDTH="54" HEIGHT="22" WC="0.96" CONTENT="intet"/><SP WIDTH="16" VPOS="340" HPOS="722"/>
							<String ID="string_65" HPOS="738" VPOS="340" WIDTH="86" HEIGHT="22" WC="0.96" CONTENT="hindrar"/><SP WIDTH="15" VPOS="340" HPOS="824"/>
							<String ID="string_66" HPOS="839" VPOS="341" WIDTH="39" HEIGHT="21" WC="0.93" CONTENT="den"/><SP WIDTH="16" VPOS="341" HPOS="878"/>
							<String ID="string_67" HPOS="894" VPOS="340" WIDTH="112" HEIGHT="22" WC="0.91" CONTENT="ostraffade"/>
						</TextLine>
						<TextLine ID="line_7" HPOS="187" VPOS="368" WIDTH="820" HEIGHT="28">
							<String ID="string_68" HPOS="187" VPOS="369" WIDTH="79" HEIGHT="26" WC="0.92" CONTENT="tjufven"/><SP WIDTH="15" VPOS="369" HPOS="266"/>
							<String ID="string_69" HPOS="281" VPOS="370" WIDTH="33" HEIGHT="20" WC="0.96" CONTENT="att"/><SP WIDTH="14" VPOS="370" HPOS="314"/>
							<String ID="string_70" HPOS="328" VPOS="369" WIDTH="48" HEIGHT="21" WC="0.96" CONTENT="låna"/><SP WIDTH="15" VPOS="369" HPOS="376"/>
							<String ID="string_71" HPOS="391" VPOS="369" WIDTH="37" HEIGHT="21" WC="0.96" CONTENT="sitt"/><SP WIDTH="15" VPOS="369" HPOS="428"/>
							<String ID="string_72" HPOS="443" VPOS="375" WIDTH="62" HEIGHT="15" WC="0.95" CONTENT="namn"/><SP WIDTH="15" VPOS="375" HPOS="505"/>
							<String ID="string_73" HPOS="520" VPOS="370" WIDTH="23" HEIGHT="20" WC="0.96" CONTENT="åt"/><SP WIDTH="15" VPOS="370" HPOS="543"/>
							<String ID="string_74" HPOS="558" VPOS="369" WIDTH="40" HEIGHT="21" WC="0.96" CONTENT="den"/><SP WIDTH="15" VPOS="369" HPOS="598"/>
							<String ID="string_75" HPOS="613" VPOS="368" WIDTH="98" HEIGHT="22" WC="0.93" CONTENT="straffade"/><SP WIDTH="16" VPOS="368" HPOS="711"/>
							<String ID="string_76" HPOS="727" VPOS="369" WIDTH="79" HEIGHT="27" WC="0.92" CONTENT="tjufven"/><SP WIDTH="15" VPOS="369" HPOS="806"/>
							<String ID="string_77" HPOS="821" VPOS="382" WIDTH="27" HEIGHT="2" WC="0.91" CONTENT="—"/><SP WIDTH="13" VPOS="382" HPOS="848"/>
							<String ID="string_78" HPOS="861" VPOS="370" WIDTH="94" HEIGHT="20" WC="0.96" CONTENT="rörelsen"/><SP WIDTH="10" VPOS="370" HPOS="955"/>
							<String ID="string_79" HPOS="965" VPOS="370" WIDTH="42" HEIGHT="20" WC="0.96" CONTENT="kan"/>
						</TextLine>
						<TextLine ID="line_8" HPOS="187" VPOS="397" WIDTH="819" HEIGHT="27">
							<String ID="string_80" HPOS="187" VPOS="397" WIDTH="81" HEIGHT="22" WC="0.93" CONTENT="således"/><SP WIDTH="15" VPOS="397" HPOS="268"/>
							<String ID="string_81" HPOS="283" VPOS="397" WIDTH="105" HEIGHT="21" WC="0.92" CONTENT="bedrifvas"/><SP WIDTH="16" VPOS="397" HPOS="388"/>
							<String ID="string_82" HPOS="404" VPOS="398" WIDTH="47" HEIGHT="20" WC="0.96" CONTENT="med"/><SP WIDTH="15" VPOS="398" HPOS="451"/>
							<String ID="string_83" HPOS="466" VPOS="398" WIDTH="141" HEIGHT="25" WC="0.96" CONTENT="kringgående"/><SP WIDTH="16" VPOS="398" HPOS="607"/>
							<String ID="string_84" HPOS="623" VPOS="397" WIDTH="22" HEIGHT="21" WC="0.96" CONTENT="af"/><SP WIDTH="14" VPOS="397" HPOS="645"/>
							<String ID="string_85" HPOS="659" VPOS="404" WIDTH="25" HEIGHT="14" WC="0.96" CONTENT="en"/><SP WIDTH="16" VPOS="404" HPOS="684"/>
							<String ID="string_86" HPOS="700" VPOS="398" WIDTH="65" HEIGHT="21" WC="0.96" CONTENT="sådan"/><SP WIDTH="15" VPOS="398" HPOS="765"/>
							<String ID="string_87" HPOS="780" VPOS="398" WIDTH="42" HEIGHT="26" WC="0.96" CONTENT="lag,"/><SP WIDTH="14" VPOS="398" HPOS="822"/>
							<String ID="string_88" HPOS="836" VPOS="404" WIDTH="45" HEIGHT="14" WC="0.96" CONTENT="som"/><SP WIDTH="15" VPOS="404" HPOS="881"/>
							<String ID="string_89" HPOS="896" VPOS="404" WIDTH="28" HEIGHT="15" WC="0.96" CONTENT="nu"/><SP WIDTH="16" VPOS="404" HPOS="924"/>
							<String ID="string_90" HPOS="940" VPOS="398" WIDTH="66" HEIGHT="20" WC="0.96" CONTENT="skulle"/>
						</TextLine>
						<TextLine ID="line_9" HPOS="187" VPOS="426" WIDTH="819" HEIGHT="27">
							<String ID="string_91" HPOS="187" VPOS="426" WIDTH="76" HEIGHT="22" WC="0.75" CONTENT="stiftas,"/><SP WIDTH="30" VPOS="426" HPOS="263"/>
							<String ID="string_92" HPOS="293" VPOS="426" WIDTH="72" HEIGHT="21" WC="0.90" CONTENT="Skulle"/><SP WIDTH="22" VPOS="426" HPOS="365"/>
							<String ID="string_93" HPOS="387" VPOS="426" WIDTH="59" HEIGHT="21" WC="0.96" CONTENT="dessa"/><SP WIDTH="16" VPOS="426" HPOS="446"/>
							<String ID="string_94" HPOS="462" VPOS="426" WIDTH="39" HEIGHT="21" WC="0.96" CONTENT="ord"/><SP WIDTH="15" VPOS="426" HPOS="501"/>
							<String ID="string_95" HPOS="516" VPOS="432" WIDTH="35" HEIGHT="15" WC="0.96" CONTENT="om"/><SP WIDTH="14" VPOS="432" HPOS="551"/>
							<String ID="string_96" HPOS="565" VPOS="426" WIDTH="42" HEIGHT="26" WC="0.93" CONTENT="god"/><SP WIDTH="16" VPOS="426" HPOS="607"/>
							<String ID="string_97" HPOS="623" VPOS="426" WIDTH="53" HEIGHT="26" WC="0.92" CONTENT="fräjd"/><SP WIDTH="15" VPOS="426" HPOS="676"/>
							<String ID="string_98" HPOS="691" VPOS="426" WIDTH="61" HEIGHT="21" WC="0.96" CONTENT="hafva"/><SP WIDTH="15" VPOS="426" HPOS="752"/>
							<String ID="string_99" HPOS="767" VPOS="426" WIDTH="93" HEIGHT="27" WC="0.96" CONTENT="saknats,"/><SP WIDTH="16" VPOS="426" HPOS="860"/>
							<String ID="string_100" HPOS="876" VPOS="426" WIDTH="67" HEIGHT="22" WC="0.93" CONTENT="skulle"/><SP WIDTH="16" VPOS="426" HPOS="943"/>
							<String ID="string_101" HPOS="959" VPOS="427" WIDTH="47" HEIGHT="25" WC="0.90" CONTENT="$:en"/>
						</TextLine>
						<TextLine ID="line_10" HPOS="187" VPOS="454" WIDTH="818" HEIGHT="27">
							<String ID="string_102" HPOS="187" VPOS="454" WIDTH="71" HEIGHT="22" WC="0.96" CONTENT="säkert"/><SP WIDTH="15" VPOS="454" HPOS="258"/>
							<String ID="string_103" HPOS="273" VPOS="454" WIDTH="47" HEIGHT="22" WC="0.96" CONTENT="icke"/><SP WIDTH="15" VPOS="454" HPOS="320"/>
							<String ID="string_104" HPOS="335" VPOS="454" WIDTH="62" HEIGHT="21" WC="0.96" CONTENT="väckt"/><SP WIDTH="15" VPOS="454" HPOS="397"/>
							<String ID="string_105" HPOS="412" VPOS="454" WIDTH="69" HEIGHT="26" WC="0.96" CONTENT="någon"/><SP WIDTH="15" VPOS="454" HPOS="481"/>
							<String ID="string_106" HPOS="496" VPOS="455" WIDTH="186" HEIGHT="26" WC="0.96" CONTENT="uppmärksamhet"/><SP WIDTH="16" VPOS="455" HPOS="682"/>
							<String ID="string_107" HPOS="698" VPOS="455" WIDTH="38" HEIGHT="21" WC="0.96" CONTENT="och"/><SP WIDTH="16" VPOS="455" HPOS="736"/>
							<String ID="string_108" HPOS="752" VPOS="455" WIDTH="54" HEIGHT="21" WC="0.96" CONTENT="blott"/><SP WIDTH="16" VPOS="455" HPOS="806"/>
							<String ID="string_109" HPOS="822" VPOS="456" WIDTH="40" HEIGHT="20" WC="0.93" CONTENT="den"/><SP WIDTH="16" VPOS="456" HPOS="862"/>
							<String ID="string_110" HPOS="878" VPOS="455" WIDTH="127" HEIGHT="26" WC="0.91" CONTENT="omständig-"/>
						</TextLine>
						<TextLine ID="line_11" HPOS="187" VPOS="483" WIDTH="820" HEIGHT="27">
							<String ID="string_111" HPOS="187" VPOS="483" WIDTH="69" HEIGHT="26" WC="0.96" CONTENT="heten,"/><SP WIDTH="16" VPOS="483" HPOS="256"/>
							<String ID="string_112" HPOS="272" VPOS="485" WIDTH="32" HEIGHT="19" WC="0.96" CONTENT="att"/><SP WIDTH="16" VPOS="485" HPOS="304"/>
							<String ID="string_113" HPOS="320" VPOS="483" WIDTH="25" HEIGHT="21" WC="0.96" CONTENT="de"/><SP WIDTH="16" VPOS="483" HPOS="345"/>
							<String ID="string_114" HPOS="361" VPOS="489" WIDTH="27" HEIGHT="15" WC="0.96" CONTENT="nu"/><SP WIDTH="15" VPOS="489" HPOS="388"/>
							<String ID="string_115" HPOS="403" VPOS="484" WIDTH="33" HEIGHT="20" WC="0.96" CONTENT="stå"/><SP WIDTH="16" VPOS="484" HPOS="436"/>
							<String ID="string_116" HPOS="452" VPOS="484" WIDTH="43" HEIGHT="25" WC="0.96" CONTENT="der,"/><SP WIDTH="16" VPOS="484" HPOS="495"/>
							<String ID="string_117" HPOS="511" VPOS="484" WIDTH="38" HEIGHT="20" WC="0.96" CONTENT="har"/><SP WIDTH="15" VPOS="484" HPOS="549"/>
							<String ID="string_118" HPOS="564" VPOS="484" WIDTH="61" HEIGHT="26" WC="0.96" CONTENT="gjort,"/><SP WIDTH="17" VPOS="484" HPOS="625"/>
							<String ID="string_119" HPOS="642" VPOS="486" WIDTH="32" HEIGHT="18" WC="0.96" CONTENT="att"/><SP WIDTH="14" VPOS="486" HPOS="674"/>
							<String ID="string_120" HPOS="688" VPOS="490" WIDTH="49" HEIGHT="14" WC="0.96" CONTENT="man"/><SP WIDTH="15" VPOS="490" HPOS="737"/>
							<String ID="string_121" HPOS="752" VPOS="484" WIDTH="42" HEIGHT="20" WC="0.96" CONTENT="fäst"/><SP WIDTH="16" VPOS="484" HPOS="794"/>
							<String ID="string_122" HPOS="810" VPOS="484" WIDTH="31" HEIGHT="26" WC="0.96" CONTENT="sig"/><SP WIDTH="10" VPOS="484" HPOS="841"/>
							<String ID="string_123" HPOS="851" VPOS="484" WIDTH="35" HEIGHT="20" WC="0.96" CONTENT="vid"/><SP WIDTH="11" VPOS="484" HPOS="886"/>
							<String ID="string_124" HPOS="897" VPOS="484" WIDTH="46" HEIGHT="21" WC="0.95" CONTENT="den."/><SP WIDTH="22" VPOS="484" HPOS="943"/>
							<String ID="string_125" HPOS="965" VPOS="484" WIDTH="42" HEIGHT="20" WC="0.96" CONTENT="För"/>
						</TextLine>
						<TextLine ID="line_12" HPOS="187" VPOS="511" WIDTH="820" HEIGHT="28">
							<String ID="string_126" HPOS="187" VPOS="512" WIDTH="63" HEIGHT="26" WC="0.95" CONTENT="öfrigt"/><SP WIDTH="21" VPOS="512" HPOS="250"/>
							<String ID="string_127" HPOS="271" VPOS="511" WIDTH="39" HEIGHT="21" WC="0.96" CONTENT="har"/><SP WIDTH="20" VPOS="511" HPOS="310"/>
							<String ID="string_128" HPOS="330" VPOS="512" WIDTH="36" HEIGHT="26" WC="0.96" CONTENT="jag"/><SP WIDTH="22" VPOS="512" HPOS="366"/>
							<String ID="string_129" HPOS="388" VPOS="512" WIDTH="23" HEIGHT="20" WC="0.96" CONTENT="af"/><SP WIDTH="13" VPOS="512" HPOS="411"/>
							<String ID="string_130" HPOS="424" VPOS="512" WIDTH="55" HEIGHT="20" WC="0.96" CONTENT="hvad"/><SP WIDTH="16" VPOS="512" HPOS="479"/>
							<String ID="string_131" HPOS="495" VPOS="512" WIDTH="135" HEIGHT="26" WC="0.96" CONTENT="domprosten"/><SP WIDTH="16" VPOS="512" HPOS="630"/>
							<String ID="string_132" HPOS="646" VPOS="512" WIDTH="56" HEIGHT="27" WC="0.97" CONTENT="Borg"/><SP WIDTH="14" VPOS="512" HPOS="702"/>
							<String ID="string_133" HPOS="716" VPOS="512" WIDTH="92" HEIGHT="27" WC="0.96" CONTENT="yttrade,"/><SP WIDTH="15" VPOS="512" HPOS="808"/>
							<String ID="string_134" HPOS="823" VPOS="512" WIDTH="45" HEIGHT="22" WC="0.96" CONTENT="icke"/><SP WIDTH="16" VPOS="512" HPOS="868"/>
							<String ID="string_135" HPOS="884" VPOS="512" WIDTH="67" HEIGHT="22" WC="0.93" CONTENT="blifvit"/><SP WIDTH="15" VPOS="512" HPOS="951"/>
							<String ID="string_136" HPOS="966" VPOS="512" WIDTH="41" HEIGHT="21" WC="0.92" CONTENT="för-"/>
						</TextLine>
						<TextLine ID="line_13" HPOS="187" VPOS="540" WIDTH="468" HEIGHT="27">
							<String ID="string_137" HPOS="187" VPOS="540" WIDTH="76" HEIGHT="22" WC="0.92" CONTENT="anledd"/><SP WIDTH="15" VPOS="540" HPOS="263"/>
							<String ID="string_138" HPOS="278" VPOS="543" WIDTH="32" HEIGHT="18" WC="0.96" CONTENT="att"/><SP WIDTH="14" VPOS="543" HPOS="310"/>
							<String ID="string_139" HPOS="324" VPOS="540" WIDTH="74" HEIGHT="26" WC="0.96" CONTENT="frångå"/><SP WIDTH="15" VPOS="540" HPOS="398"/>
							<String ID="string_140" HPOS="413" VPOS="540" WIDTH="54" HEIGHT="21" WC="0.96" CONTENT="hvad"/><SP WIDTH="13" VPOS="540" HPOS="467"/>
							<String ID="string_141" HPOS="480" VPOS="541" WIDTH="36" HEIGHT="26" WC="0.96" CONTENT="jag"/><SP WIDTH="15" VPOS="541" HPOS="516"/>
							<String ID="string_142" HPOS="531" VPOS="540" WIDTH="56" HEIGHT="22" WC="0.96" CONTENT="förut"/><SP WIDTH="16" VPOS="540" HPOS="587"/>
							<String ID="string_143" HPOS="603" VPOS="543" WIDTH="52" HEIGHT="23" WC="0.96" CONTENT="sagt."/>
						</TextLine>
					</TextBlock>
				</ComposedBlock>
				<ComposedBlock ID="cblock_3" HPOS="187" VPOS="603" WIDTH="820" HEIGHT="56">
					<TextBlock ID="block_2" HPOS="187" VPOS="603" WIDTH="820" HEIGHT="56">
						<TextLine ID="line_14" HPOS="256" VPOS="603" WIDTH="751" HEIGHT="26">
							<String ID="string_144" HPOS="256" VPOS="603" WIDTH="68" HEIGHT="21" WC="0.96" CONTENT="Sedan"/><SP WIDTH="16" VPOS="603" HPOS="324"/>
							<String ID="string_145" HPOS="340" VPOS="603" WIDTH="143" HEIGHT="21" WC="0.96" CONTENT="diskussionen"/><SP WIDTH="13" VPOS="603" HPOS="483"/>
							<String ID="string_146" HPOS="496" VPOS="603" WIDTH="87" HEIGHT="21" WC="0.92" CONTENT="härmed"/><SP WIDTH="9" VPOS="603" HPOS="583"/>
							<String ID="string_147" HPOS="592" VPOS="603" WIDTH="103" HEIGHT="24" WC="0.92" CONTENT="afslutats,"/><SP WIDTH="8" VPOS="603" HPOS="695"/>
							<String ID="string_148" HPOS="703" VPOS="603" WIDTH="111" HEIGHT="26" WC="0.92" CONTENT="uppstälde"/><SP WIDTH="11" VPOS="603" HPOS="814"/>
							<String ID="string_149" HPOS="825" VPOS="603" WIDTH="48" HEIGHT="21" WC="0.93" CONTENT="herr"/><SP WIDTH="15" VPOS="603" HPOS="873"/>
							<String ID="string_150" HPOS="888" VPOS="603" WIDTH="119" HEIGHT="21" WC="0.90" CONTENT="talman-"/>
						</TextLine>
						<TextLine ID="line_15" HPOS="187" VPOS="631" WIDTH="341" HEIGHT="28">
							<String ID="string_151" HPOS="187" VPOS="638" WIDTH="33" HEIGHT="15" WC="0.96" CONTENT="nen"/><SP WIDTH="36" VPOS="638" HPOS="220"/>
							<String ID="string_152" HPOS="256" VPOS="631" WIDTH="93" HEIGHT="27" WC="0.96" CONTENT="följande"/><SP WIDTH="15" VPOS="631" HPOS="349"/>
							<String ID="string_153" HPOS="364" VPOS="632" WIDTH="164" HEIGHT="27" WC="0.95" CONTENT="propositioner:"/>
						</TextLine>
					</TextBlock>
				</ComposedBlock>
				<ComposedBlock ID="cblock_4" HPOS="187" VPOS="694" WIDTH="821" HEIGHT="143">
					<TextBlock ID="block_3" HPOS="187" VPOS="694" WIDTH="821" HEIGHT="58">
						<TextLine ID="line_16" HPOS="257" VPOS="694" WIDTH="751" HEIGHT="28">
							<String ID="string_154" HPOS="257" VPOS="696" WIDTH="39" HEIGHT="20" WC="0.69" CONTENT="1:0."/><SP WIDTH="24" VPOS="696" HPOS="296"/>
							<String ID="string_155" HPOS="320" VPOS="695" WIDTH="127" HEIGHT="21" WC="0.91" CONTENT="Godkännes"/><SP WIDTH="22" VPOS="695" HPOS="447"/>
							<String ID="string_156" HPOS="469" VPOS="694" WIDTH="67" HEIGHT="22" WC="0.96" CONTENT="första"/><SP WIDTH="23" VPOS="694" HPOS="536"/>
							<String ID="string_157" HPOS="559" VPOS="695" WIDTH="109" HEIGHT="27" WC="0.96" CONTENT="meningen"/><SP WIDTH="16" VPOS="695" HPOS="668"/>
							<String ID="string_158" HPOS="684" VPOS="695" WIDTH="6" HEIGHT="21" WC="0.96" CONTENT="i"/><SP WIDTH="15" VPOS="695" HPOS="690"/>
							<String ID="string_159" HPOS="705" VPOS="695" WIDTH="159" HEIGHT="26" WC="0.96" CONTENT="ifrågavarande"/><SP WIDTH="16" VPOS="695" HPOS="864"/>
							<String ID="string_160" HPOS="880" VPOS="702" WIDTH="61" HEIGHT="14" WC="0.96" CONTENT="mom."/><SP WIDTH="19" VPOS="702" HPOS="941"/>
							<String ID="string_161" HPOS="960" VPOS="698" WIDTH="9" HEIGHT="19" WC="0.96" CONTENT="1"/><SP WIDTH="17" VPOS="698" HPOS="969"/>
							<String ID="string_162" HPOS="986" VPOS="695" WIDTH="22" HEIGHT="21" WC="0.96" CONTENT="af"/>
						</TextLine>
						<TextLine ID="line_17" HPOS="187" VPOS="724" WIDTH="752" HEIGHT="28">
							<String ID="string_163" HPOS="187" VPOS="724" WIDTH="12" HEIGHT="28" WC="0.92" CONTENT="8"/><SP WIDTH="14" VPOS="724" HPOS="199"/>
							<String ID="string_164" HPOS="213" VPOS="724" WIDTH="13" HEIGHT="20" WC="0.92" CONTENT="2"/><SP WIDTH="15" VPOS="724" HPOS="226"/>
							<String ID="string_165" HPOS="241" VPOS="724" WIDTH="7" HEIGHT="20" WC="0.92" CONTENT="i"/><SP WIDTH="15" VPOS="724" HPOS="248"/>
							<String ID="string_166" HPOS="263" VPOS="724" WIDTH="141" HEIGHT="26" WC="0.93" CONTENT="föreliggande"/><SP WIDTH="16" VPOS="724" HPOS="404"/>
							<String ID="string_167" HPOS="420" VPOS="724" WIDTH="227" HEIGHT="21" WC="0.92" CONTENT="utskottsbetänkande"/><SP WIDTH="16" VPOS="724" HPOS="647"/>
							<String ID="string_168" HPOS="663" VPOS="724" WIDTH="133" HEIGHT="26" WC="0.96" CONTENT="oförändrad,"/><SP WIDTH="17" VPOS="724" HPOS="796"/>
							<String ID="string_169" HPOS="813" VPOS="724" WIDTH="51" HEIGHT="21" WC="0.96" CONTENT="eller"/><SP WIDTH="15" VPOS="724" HPOS="864"/>
							<String ID="string_170" HPOS="879" VPOS="724" WIDTH="60" HEIGHT="22" WC="0.96" CONTENT="icke?"/>
						</TextLine>
					</TextBlock>
					<TextBlock ID="block_4" HPOS="187" VPOS="752" WIDTH="820" HEIGHT="85">
						<TextLine ID="line_18" HPOS="255" VPOS="752" WIDTH="752" HEIGHT="27">
							<String ID="string_171" HPOS="255" VPOS="752" WIDTH="79" HEIGHT="22" WC="0.96" CONTENT="Vinner"/><SP WIDTH="15" VPOS="752" HPOS="334"/>
							<String ID="string_172" HPOS="349" VPOS="753" WIDTH="40" HEIGHT="26" WC="0.96" CONTENT="nej,"/><SP WIDTH="16" VPOS="753" HPOS="389"/>
							<String ID="string_173" HPOS="405" VPOS="752" WIDTH="38" HEIGHT="21" WC="0.96" CONTENT="har"/><SP WIDTH="14" VPOS="752" HPOS="443"/>
							<String ID="string_174" HPOS="457" VPOS="753" WIDTH="84" HEIGHT="21" WC="0.93" CONTENT="ståndet"/><SP WIDTH="16" VPOS="753" HPOS="541"/>
							<String ID="string_175" HPOS="557" VPOS="753" WIDTH="86" HEIGHT="21" WC="0.92" CONTENT="beslutit"/><SP WIDTH="14" VPOS="753" HPOS="643"/>
							<String ID="string_176" HPOS="657" VPOS="752" WIDTH="155" HEIGHT="22" WC="0.93" CONTENT="återremittera"/><SP WIDTH="20" VPOS="752" HPOS="812"/>
							<String ID="string_177" HPOS="832" VPOS="754" WIDTH="47" HEIGHT="25" WC="0.87" CONTENT="$:en"/><SP WIDTH="13" VPOS="754" HPOS="879"/>
							<String ID="string_178" HPOS="892" VPOS="753" WIDTH="6" HEIGHT="21" WC="0.96" CONTENT="i"/><SP WIDTH="11" VPOS="753" HPOS="898"/>
							<String ID="string_179" HPOS="909" VPOS="753" WIDTH="98" HEIGHT="21" WC="0.96" CONTENT="afseende"/>
						</TextLine>
						<TextLine ID="line_19" HPOS="187" VPOS="780" WIDTH="820" HEIGHT="28">
							<String ID="string_180" HPOS="187" VPOS="782" WIDTH="12" HEIGHT="20" WC="0.93" CONTENT="å"/><SP WIDTH="16" VPOS="782" HPOS="199"/>
							<String ID="string_181" HPOS="215" VPOS="781" WIDTH="68" HEIGHT="21" WC="0.96" CONTENT="denna"/><SP WIDTH="15" VPOS="781" HPOS="283"/>
							<String ID="string_182" HPOS="298" VPOS="780" WIDTH="65" HEIGHT="22" WC="0.96" CONTENT="första"/><SP WIDTH="16" VPOS="780" HPOS="363"/>
							<String ID="string_183" HPOS="379" VPOS="781" WIDTH="83" HEIGHT="27" WC="0.96" CONTENT="mening"/><SP WIDTH="16" VPOS="781" HPOS="462"/>
							<String ID="string_184" HPOS="478" VPOS="781" WIDTH="33" HEIGHT="21" WC="0.96" CONTENT="för"/><SP WIDTH="14" VPOS="781" HPOS="511"/>
							<String ID="string_185" HPOS="525" VPOS="784" WIDTH="32" HEIGHT="18" WC="0.93" CONTENT="att"/><SP WIDTH="15" VPOS="784" HPOS="557"/>
							<String ID="string_186" HPOS="572" VPOS="781" WIDTH="140" HEIGHT="26" WC="0.91" CONTENT="omredigeras"/><SP WIDTH="16" VPOS="781" HPOS="712"/>
							<String ID="string_187" HPOS="728" VPOS="782" WIDTH="5" HEIGHT="20" WC="0.96" CONTENT="i"/><SP WIDTH="17" VPOS="782" HPOS="733"/>
							<String ID="string_188" HPOS="750" VPOS="782" WIDTH="36" HEIGHT="20" WC="0.96" CONTENT="det"/><SP WIDTH="14" VPOS="782" HPOS="786"/>
							<String ID="string_189" HPOS="800" VPOS="780" WIDTH="23" HEIGHT="22" WC="0.96" CONTENT="af"/><SP WIDTH="14" VPOS="780" HPOS="823"/>
							<String ID="string_190" HPOS="837" VPOS="782" WIDTH="106" HEIGHT="26" WC="0.91" CONTENT="professor"/><SP WIDTH="10" VPOS="782" HPOS="943"/>
							<String ID="string_191" HPOS="953" VPOS="782" WIDTH="54" HEIGHT="21" WC="0.91" CONTENT="Ehr-"/>
						</TextLine>
						<TextLine ID="line_20" HPOS="187" VPOS="809" WIDTH="238" HEIGHT="28">
							<String ID="string_192" HPOS="187" VPOS="812" WIDTH="66" HEIGHT="19" WC="0.93" CONTENT="ström"/><SP WIDTH="16" VPOS="812" HPOS="253"/>
							<String ID="string_193" HPOS="269" VPOS="809" WIDTH="83" HEIGHT="27" WC="0.88" CONTENT="angifna"/><SP WIDTH="15" VPOS="809" HPOS="352"/>
							<String ID="string_194" HPOS="367" VPOS="809" WIDTH="58" HEIGHT="28" WC="0.96" CONTENT="syfte."/>
						</TextLine>
					</TextBlock>
				</ComposedBlock>
				<ComposedBlock ID="cblock_5" HPOS="255" VPOS="872" WIDTH="402" HEIGHT="27">
					<TextBlock ID="block_5" HPOS="255" VPOS="872" WIDTH="402" HEIGHT="27">
						<TextLine ID="line_21" HPOS="255" VPOS="872" WIDTH="402" HEIGHT="27">
							<String ID="string_195" HPOS="255" VPOS="872" WIDTH="130" HEIGHT="22" WC="0.91" CONTENT="Besvarades"/><SP WIDTH="15" VPOS="872" HPOS="385"/>
							<String ID="string_196" HPOS="400" VPOS="872" WIDTH="47" HEIGHT="21" WC="0.93" CONTENT="med"/><SP WIDTH="16" VPOS="872" HPOS="447"/>
							<String ID="string_197" HPOS="463" VPOS="872" WIDTH="152" HEIGHT="27" WC="0.92" CONTENT="öfvervägande"/><SP WIDTH="13" VPOS="872" HPOS="615"/>
							<String ID="string_198" HPOS="628" VPOS="872" WIDTH="29" HEIGHT="27" WC="0.96" CONTENT="ja."/>
						</TextLine>
					</TextBlock>
				</ComposedBlock>
				<ComposedBlock ID="cblock_6" HPOS="188" VPOS="934" WIDTH="819" HEIGHT="115">
					<TextBlock ID="block_6" HPOS="188" VPOS="934" WIDTH="817" HEIGHT="54">
						<TextLine ID="line_22" HPOS="256" VPOS="934" WIDTH="749" HEIGHT="27">
							<String ID="string_199" HPOS="256" VPOS="935" WIDTH="39" HEIGHT="20" WC="0.87" CONTENT="2:0."/><SP WIDTH="25" VPOS="935" HPOS="295"/>
							<String ID="string_200" HPOS="320" VPOS="934" WIDTH="125" HEIGHT="22" WC="0.91" CONTENT="Godkännes"/><SP WIDTH="24" VPOS="934" HPOS="445"/>
							<String ID="string_201" HPOS="469" VPOS="935" WIDTH="40" HEIGHT="21" WC="0.96" CONTENT="den"/><SP WIDTH="23" VPOS="935" HPOS="509"/>
							<String ID="string_202" HPOS="532" VPOS="941" WIDTH="74" HEIGHT="15" WC="0.96" CONTENT="senare"/><SP WIDTH="23" VPOS="941" HPOS="606"/>
							<String ID="string_203" HPOS="629" VPOS="935" WIDTH="59" HEIGHT="21" WC="0.96" CONTENT="delen"/><SP WIDTH="19" VPOS="935" HPOS="688"/>
							<String ID="string_204" HPOS="707" VPOS="935" WIDTH="21" HEIGHT="21" WC="0.95" CONTENT="af"/><SP WIDTH="14" VPOS="935" HPOS="728"/>
							<String ID="string_205" HPOS="742" VPOS="935" WIDTH="158" HEIGHT="26" WC="0.96" CONTENT="ifrågavarande"/><SP WIDTH="16" VPOS="935" HPOS="900"/>
							<String ID="string_206" HPOS="916" VPOS="942" WIDTH="62" HEIGHT="15" WC="0.96" CONTENT="mom."/><SP WIDTH="17" VPOS="942" HPOS="978"/>
							<String ID="string_207" HPOS="995" VPOS="937" WIDTH="10" HEIGHT="20" WC="0.96" CONTENT="1"/>
						</TextLine>
						<TextLine ID="line_23" HPOS="188" VPOS="963" WIDTH="274" HEIGHT="25">
							<String ID="string_208" HPOS="188" VPOS="963" WIDTH="132" HEIGHT="25" WC="0.90" CONTENT="oförändrad,"/><SP WIDTH="16" VPOS="963" HPOS="320"/>
							<String ID="string_209" HPOS="336" VPOS="963" WIDTH="51" HEIGHT="21" WC="0.93" CONTENT="eller"/><SP WIDTH="15" VPOS="963" HPOS="387"/>
							<String ID="string_210" HPOS="402" VPOS="963" WIDTH="60" HEIGHT="21" WC="0.91" CONTENT="icke?"/>
						</TextLine>
					</TextBlock>
					<TextBlock ID="block_7" HPOS="189" VPOS="991" WIDTH="818" HEIGHT="58">
						<TextLine ID="line_24" HPOS="257" VPOS="991" WIDTH="750" HEIGHT="27">
							<String ID="string_211" HPOS="257" VPOS="991" WIDTH="79" HEIGHT="22" WC="0.92" CONTENT="Vinner"/><SP WIDTH="22" VPOS="991" HPOS="336"/>
							<String ID="string_212" HPOS="358" VPOS="992" WIDTH="40" HEIGHT="26" WC="0.96" CONTENT="nej,"/><SP WIDTH="21" VPOS="992" HPOS="398"/>
							<String ID="string_213" HPOS="419" VPOS="992" WIDTH="38" HEIGHT="21" WC="0.93" CONTENT="har"/><SP WIDTH="16" VPOS="992" HPOS="457"/>
							<String ID="string_214" HPOS="473" VPOS="992" WIDTH="84" HEIGHT="21" WC="0.92" CONTENT="ständet"/><SP WIDTH="15" VPOS="992" HPOS="557"/>
							<String ID="string_215" HPOS="572" VPOS="992" WIDTH="87" HEIGHT="21" WC="0.92" CONTENT="beslutit"/><SP WIDTH="14" VPOS="992" HPOS="659"/>
							<String ID="string_216" HPOS="673" VPOS="994" WIDTH="32" HEIGHT="19" WC="0.93" CONTENT="att"/><SP WIDTH="14" VPOS="994" HPOS="705"/>
							<String ID="string_217" HPOS="719" VPOS="993" WIDTH="156" HEIGHT="21" WC="0.92" CONTENT="äterremittera"/><SP WIDTH="16" VPOS="993" HPOS="875"/>
							<String ID="string_218" HPOS="891" VPOS="993" WIDTH="68" HEIGHT="22" WC="0.96" CONTENT="denna"/><SP WIDTH="16" VPOS="993" HPOS="959"/>
							<String ID="string_219" HPOS="975" VPOS="993" WIDTH="32" HEIGHT="22" WC="0.96" CONTENT="del"/>
						</TextLine>
						<TextLine ID="line_25" HPOS="189" VPOS="1020" WIDTH="817" HEIGHT="29">
							<String ID="string_220" HPOS="189" VPOS="1020" WIDTH="20" HEIGHT="21" WC="0.93" CONTENT="af"/><SP WIDTH="15" VPOS="1020" HPOS="209"/>
							<String ID="string_221" HPOS="224" VPOS="1022" WIDTH="114" HEIGHT="19" WC="0.92" CONTENT="momentet"/><SP WIDTH="14" VPOS="1022" HPOS="338"/>
							<String ID="string_222" HPOS="352" VPOS="1020" WIDTH="33" HEIGHT="21" WC="0.93" CONTENT="för"/><SP WIDTH="16" VPOS="1020" HPOS="385"/>
							<String ID="string_223" HPOS="401" VPOS="1020" WIDTH="152" HEIGHT="27" WC="0.92" CONTENT="omredigering"/><SP WIDTH="14" VPOS="1020" HPOS="553"/>
							<String ID="string_224" HPOS="567" VPOS="1021" WIDTH="7" HEIGHT="21" WC="0.96" CONTENT="i"/><SP WIDTH="16" VPOS="1021" HPOS="574"/>
							<String ID="string_225" HPOS="590" VPOS="1021" WIDTH="35" HEIGHT="21" WC="0.97" CONTENT="det"/><SP WIDTH="16" VPOS="1021" HPOS="625"/>
							<String ID="string_226" HPOS="641" VPOS="1021" WIDTH="21" HEIGHT="21" WC="0.92" CONTENT="af"/><SP WIDTH="8" VPOS="1021" HPOS="662"/>
							<String ID="string_227" HPOS="670" VPOS="1023" WIDTH="86" HEIGHT="25" WC="0.92" CONTENT="prosten"/><SP WIDTH="11" VPOS="1023" HPOS="756"/>
							<String ID="string_228" HPOS="767" VPOS="1021" WIDTH="57" HEIGHT="26" WC="0.93" CONTENT="Hjelt"/><SP WIDTH="14" VPOS="1021" HPOS="824"/>
							<String ID="string_229" HPOS="838" VPOS="1022" WIDTH="91" HEIGHT="27" WC="0.93" CONTENT="antydda"/><SP WIDTH="8" VPOS="1022" HPOS="929"/>
							<String ID="string_230" HPOS="937" VPOS="1022" WIDTH="69" HEIGHT="27" WC="0.88" CONTENT="syftet."/>
						</TextLine>
					</TextBlock>
				</ComposedBlock>
				<ComposedBlock ID="cblock_7" HPOS="256" VPOS="1077" WIDTH="751" HEIGHT="86">
					<TextBlock ID="block_8" HPOS="256" VPOS="1077" WIDTH="751" HEIGHT="86">
						<TextLine ID="line_26" HPOS="256" VPOS="1077" WIDTH="402" HEIGHT="28">
							<String ID="string_231" HPOS="256" VPOS="1077" WIDTH="130" HEIGHT="22" WC="0.92" CONTENT="Besvarades"/><SP WIDTH="16" VPOS="1077" HPOS="386"/>
							<String ID="string_232" HPOS="402" VPOS="1077" WIDTH="46" HEIGHT="21" WC="0.93" CONTENT="med"/><SP WIDTH="16" VPOS="1077" HPOS="448"/>
							<String ID="string_233" HPOS="464" VPOS="1077" WIDTH="152" HEIGHT="28" WC="0.92" CONTENT="öfvervägande"/><SP WIDTH="13" VPOS="1077" HPOS="616"/>
							<String ID="string_234" HPOS="629" VPOS="1078" WIDTH="29" HEIGHT="27" WC="0.96" CONTENT="ja."/>
						</TextLine>
						<TextLine ID="line_27" HPOS="256" VPOS="1133" WIDTH="751" HEIGHT="30">
							<String ID="string_235" HPOS="256" VPOS="1134" WIDTH="45" HEIGHT="21" WC="0.94" CONTENT="Och"/><SP WIDTH="23" VPOS="1134" HPOS="301"/>
							<String ID="string_236" HPOS="324" VPOS="1141" WIDTH="37" HEIGHT="14" WC="0.93" CONTENT="var"/><SP WIDTH="23" VPOS="1141" HPOS="361"/>
							<String ID="string_237" HPOS="384" VPOS="1133" WIDTH="81" HEIGHT="22" WC="0.96" CONTENT="således"/><SP WIDTH="16" VPOS="1133" HPOS="465"/>
							<String ID="string_238" HPOS="481" VPOS="1141" WIDTH="61" HEIGHT="15" WC="0.96" CONTENT="mom."/><SP WIDTH="19" VPOS="1141" HPOS="542"/>
							<String ID="string_239" HPOS="561" VPOS="1137" WIDTH="8" HEIGHT="19" WC="0.94" CONTENT="1"/><SP WIDTH="18" VPOS="1137" HPOS="569"/>
							<String ID="string_240" HPOS="587" VPOS="1135" WIDTH="22" HEIGHT="22" WC="0.93" CONTENT="af"/><SP WIDTH="14" VPOS="1135" HPOS="609"/>
							<String ID="string_241" HPOS="623" VPOS="1135" WIDTH="12" HEIGHT="28" WC="0.56" CONTENT="&amp;"/><SP WIDTH="16" VPOS="1135" HPOS="635"/>
							<String ID="string_242" HPOS="651" VPOS="1136" WIDTH="12" HEIGHT="19" WC="0.91" CONTENT="2"/><SP WIDTH="15" VPOS="1136" HPOS="663"/>
							<String ID="string_243" HPOS="678" VPOS="1135" WIDTH="6" HEIGHT="21" WC="0.91" CONTENT="i"/><SP WIDTH="16" VPOS="1135" HPOS="684"/>
							<String ID="string_244" HPOS="700" VPOS="1135" WIDTH="40" HEIGHT="22" WC="0.92" CONTENT="allo"/><SP WIDTH="17" VPOS="1135" HPOS="740"/>
							<String ID="string_245" HPOS="757" VPOS="1135" WIDTH="21" HEIGHT="22" WC="0.93" CONTENT="af"/><SP WIDTH="14" VPOS="1135" HPOS="778"/>
							<String ID="string_246" HPOS="792" VPOS="1136" WIDTH="85" HEIGHT="21" WC="0.93" CONTENT="ståndet"/><SP WIDTH="14" VPOS="1136" HPOS="877"/>
							<String ID="string_247" HPOS="891" VPOS="1137" WIDTH="116" HEIGHT="26" WC="0.92" CONTENT="godkändt."/>
						</TextLine>
					</TextBlock>
				</ComposedBlock>
				<ComposedBlock ID="cblock_8" HPOS="257" VPOS="1190" WIDTH="235" HEIGHT="26">
					<TextBlock ID="block_9" HPOS="257" VPOS="1190" WIDTH="235" HEIGHT="26">
						<TextLine ID="line_28" HPOS="257" VPOS="1190" WIDTH="235" HEIGHT="26">
							<String ID="string_248" HPOS="257" VPOS="1190" WIDTH="65" HEIGHT="21" WC="0.95" CONTENT="Mom."/><SP WIDTH="15" VPOS="1190" HPOS="322"/>
							<String ID="string_249" HPOS="337" VPOS="1192" WIDTH="12" HEIGHT="19" WC="0.92" CONTENT="2"/><SP WIDTH="15" VPOS="1192" HPOS="349"/>
							<String ID="string_250" HPOS="364" VPOS="1191" WIDTH="128" HEIGHT="25" WC="0.92" CONTENT="godkändes."/>
						</TextLine>
					</TextBlock>
				</ComposedBlock>
				<ComposedBlock ID="cblock_9" HPOS="550" VPOS="1253" WIDTH="99" HEIGHT="21">
					<TextBlock ID="block_10" HPOS="550" VPOS="1253" WIDTH="99" HEIGHT="21">
						<TextLine ID="line_29" HPOS="550" VPOS="1253" WIDTH="99" HEIGHT="21">
							<String ID="string_251" HPOS="550" VPOS="1253" WIDTH="64" HEIGHT="21" WC="0.96" CONTENT="Mom."/><SP WIDTH="16" VPOS="1253" HPOS="614"/>
							<String ID="string_252" HPOS="630" VPOS="1254" WIDTH="19" HEIGHT="20" WC="0.96" CONTENT="3."/>
						</TextLine>
					</TextBlock>
				</ComposedBlock>
				<ComposedBlock ID="cblock_10" HPOS="187" VPOS="1309" WIDTH="820" HEIGHT="144">
					<TextBlock ID="block_11" HPOS="187" VPOS="1309" WIDTH="820" HEIGHT="144">
						<TextLine ID="line_30" HPOS="256" VPOS="1309" WIDTH="751" HEIGHT="29">
							<String ID="string_253" HPOS="256" VPOS="1310" WIDTH="88" HEIGHT="20" WC="0.92" CONTENT="Prosten"/><SP WIDTH="16" VPOS="1310" HPOS="344"/>
							<String ID="string_254" HPOS="360" VPOS="1309" WIDTH="85" HEIGHT="26" WC="0.96" CONTENT="Hjelt:"/><SP WIDTH="17" VPOS="1309" HPOS="445"/>
							<String ID="string_255" HPOS="462" VPOS="1309" WIDTH="45" HEIGHT="21" WC="0.96" CONTENT="Här"/><SP WIDTH="14" VPOS="1309" HPOS="507"/>
							<String ID="string_256" HPOS="521" VPOS="1309" WIDTH="39" HEIGHT="21" WC="0.96" CONTENT="har"/><SP WIDTH="15" VPOS="1309" HPOS="560"/>
							<String ID="string_257" HPOS="575" VPOS="1310" WIDTH="64" HEIGHT="26" WC="0.96" CONTENT="enligt"/><SP WIDTH="16" VPOS="1310" HPOS="639"/>
							<String ID="string_258" HPOS="655" VPOS="1310" WIDTH="41" HEIGHT="21" WC="0.93" CONTENT="min"/><SP WIDTH="16" VPOS="1310" HPOS="696"/>
							<String ID="string_259" HPOS="712" VPOS="1310" WIDTH="54" HEIGHT="26" WC="0.93" CONTENT="äsigt"/><SP WIDTH="8" VPOS="1310" HPOS="766"/>
							<String ID="string_260" HPOS="774" VPOS="1311" WIDTH="104" HEIGHT="21" WC="0.92" CONTENT="utskottet"/><SP WIDTH="11" VPOS="1311" HPOS="878"/>
							<String ID="string_261" HPOS="889" VPOS="1312" WIDTH="118" HEIGHT="26" WC="0.92" CONTENT="onödigtvis"/>
						</TextLine>
						<TextLine ID="line_31" HPOS="188" VPOS="1337" WIDTH="818" HEIGHT="29">
							<String ID="string_262" HPOS="188" VPOS="1337" WIDTH="88" HEIGHT="26" WC="0.95" CONTENT="vidtagit"/><SP WIDTH="20" VPOS="1337" HPOS="276"/>
							<String ID="string_263" HPOS="296" VPOS="1343" WIDTH="25" HEIGHT="15" WC="0.89" CONTENT="en"/><SP WIDTH="15" VPOS="1343" HPOS="321"/>
							<String ID="string_264" HPOS="336" VPOS="1337" WIDTH="128" HEIGHT="26" WC="0.96" CONTENT="förändring."/><SP WIDTH="29" VPOS="1337" HPOS="464"/>
							<String ID="string_265" HPOS="493" VPOS="1338" WIDTH="42" HEIGHT="20" WC="0.96" CONTENT="Det"/><SP WIDTH="14" VPOS="1338" HPOS="535"/>
							<String ID="string_266" HPOS="549" VPOS="1337" WIDTH="39" HEIGHT="21" WC="0.93" CONTENT="har"/><SP WIDTH="15" VPOS="1337" HPOS="588"/>
							<String ID="string_267" HPOS="603" VPOS="1338" WIDTH="108" HEIGHT="20" WC="0.96" CONTENT="förändrat"/><SP WIDTH="16" VPOS="1338" HPOS="711"/>
							<String ID="string_268" HPOS="727" VPOS="1339" WIDTH="61" HEIGHT="21" WC="0.93" CONTENT="ordet"/><SP WIDTH="16" VPOS="1339" HPOS="788"/>
							<String ID="string_269" HPOS="804" VPOS="1340" WIDTH="97" HEIGHT="26" WC="0.75" CONTENT=",styrke*"/><SP WIDTH="17" VPOS="1340" HPOS="901"/>
							<String ID="string_270" HPOS="918" VPOS="1340" WIDTH="32" HEIGHT="20" WC="0.92" CONTENT="till"/><SP WIDTH="16" VPOS="1340" HPOS="950"/>
							<String ID="string_271" HPOS="966" VPOS="1340" WIDTH="40" HEIGHT="26" WC="0.72" CONTENT=",bi-"/>
						</TextLine>
						<TextLine ID="line_32" HPOS="187" VPOS="1365" WIDTH="818" HEIGHT="29">
							<String ID="string_272" HPOS="187" VPOS="1366" WIDTH="61" HEIGHT="25" WC="0.92" CONTENT="lägge"/><SP WIDTH="22" VPOS="1366" HPOS="248"/>
							<String ID="string_273" HPOS="270" VPOS="1366" WIDTH="71" HEIGHT="26" WC="0.87" CONTENT="intyg*"/><SP WIDTH="16" VPOS="1366" HPOS="341"/>
							<String ID="string_274" HPOS="357" VPOS="1371" WIDTH="25" HEIGHT="15" WC="0.93" CONTENT="en"/><SP WIDTH="16" VPOS="1371" HPOS="382"/>
							<String ID="string_275" HPOS="398" VPOS="1365" WIDTH="127" HEIGHT="27" WC="0.92" CONTENT="förändring,"/><SP WIDTH="15" VPOS="1365" HPOS="525"/>
							<String ID="string_276" HPOS="540" VPOS="1372" WIDTH="46" HEIGHT="14" WC="0.96" CONTENT="som"/><SP WIDTH="16" VPOS="1372" HPOS="586"/>
							<String ID="string_277" HPOS="602" VPOS="1366" WIDTH="38" HEIGHT="20" WC="0.93" CONTENT="har"/><SP WIDTH="15" VPOS="1366" HPOS="640"/>
							<String ID="string_278" HPOS="655" VPOS="1366" WIDTH="59" HEIGHT="21" WC="0.93" CONTENT="äfven"/><SP WIDTH="17" VPOS="1366" HPOS="714"/>
							<String ID="string_279" HPOS="731" VPOS="1367" WIDTH="35" HEIGHT="20" WC="0.96" CONTENT="det"/><SP WIDTH="16" VPOS="1367" HPOS="766"/>
							<String ID="string_280" HPOS="782" VPOS="1370" WIDTH="56" HEIGHT="18" WC="0.96" CONTENT="emot"/><SP WIDTH="16" VPOS="1370" HPOS="838"/>
							<String ID="string_281" HPOS="854" VPOS="1368" WIDTH="35" HEIGHT="26" WC="0.96" CONTENT="sig,"/><SP WIDTH="16" VPOS="1368" HPOS="889"/>
							<String ID="string_282" HPOS="905" VPOS="1371" WIDTH="32" HEIGHT="17" WC="0.93" CONTENT="att"/><SP WIDTH="14" VPOS="1371" HPOS="937"/>
							<String ID="string_283" HPOS="951" VPOS="1368" WIDTH="54" HEIGHT="21" WC="0.93" CONTENT="före-"/>
						</TextLine>
						<TextLine ID="line_33" HPOS="188" VPOS="1393" WIDTH="817" HEIGHT="29">
							<String ID="string_284" HPOS="188" VPOS="1393" WIDTH="60" HEIGHT="22" WC="0.91" CONTENT="skrift"/><SP WIDTH="22" VPOS="1393" HPOS="248"/>
							<String ID="string_285" HPOS="270" VPOS="1393" WIDTH="76" HEIGHT="22" WC="0.96" CONTENT="saknas"/><SP WIDTH="23" VPOS="1393" HPOS="346"/>
							<String ID="string_286" HPOS="369" VPOS="1400" WIDTH="34" HEIGHT="15" WC="0.93" CONTENT="om"/><SP WIDTH="23" VPOS="1400" HPOS="403"/>
							<String ID="string_287" HPOS="426" VPOS="1393" WIDTH="70" HEIGHT="22" WC="0.92" CONTENT="hvilka"/><SP WIDTH="22" VPOS="1393" HPOS="496"/>
							<String ID="string_288" HPOS="518" VPOS="1400" WIDTH="100" HEIGHT="21" WC="0.91" CONTENT="personer"/><SP WIDTH="15" VPOS="1400" HPOS="618"/>
							<String ID="string_289" HPOS="633" VPOS="1396" WIDTH="35" HEIGHT="19" WC="0.91" CONTENT="äro"/><SP WIDTH="17" VPOS="1396" HPOS="668"/>
							<String ID="string_290" HPOS="685" VPOS="1394" WIDTH="99" HEIGHT="28" WC="0.96" CONTENT="behöriga"/><SP WIDTH="16" VPOS="1394" HPOS="784"/>
							<String ID="string_291" HPOS="800" VPOS="1397" WIDTH="32" HEIGHT="20" WC="0.93" CONTENT="att"/><SP WIDTH="15" VPOS="1397" HPOS="832"/>
							<String ID="string_292" HPOS="847" VPOS="1396" WIDTH="82" HEIGHT="22" WC="0.91" CONTENT="utfärda"/><SP WIDTH="16" VPOS="1396" HPOS="929"/>
							<String ID="string_293" HPOS="945" VPOS="1396" WIDTH="60" HEIGHT="22" WC="0.97" CONTENT="dessa"/>
						</TextLine>
						<TextLine ID="line_34" HPOS="188" VPOS="1422" WIDTH="816" HEIGHT="31">
							<String ID="string_294" HPOS="188" VPOS="1423" WIDTH="63" HEIGHT="26" WC="0.79" CONTENT="intyg."/><SP WIDTH="30" VPOS="1423" HPOS="251"/>
							<String ID="string_295" HPOS="281" VPOS="1423" WIDTH="41" HEIGHT="26" WC="0.96" CONTENT="Jag"/><SP WIDTH="21" VPOS="1423" HPOS="322"/>
							<String ID="string_296" HPOS="343" VPOS="1422" WIDTH="67" HEIGHT="22" WC="0.93" CONTENT="skulle"/><SP WIDTH="24" VPOS="1422" HPOS="410"/>
							<String ID="string_297" HPOS="434" VPOS="1422" WIDTH="69" HEIGHT="22" WC="0.93" CONTENT="derför"/><SP WIDTH="21" VPOS="1422" HPOS="503"/>
							<String ID="string_298" HPOS="524" VPOS="1423" WIDTH="110" HEIGHT="27" WC="0.92" CONTENT="föredraga"/><SP WIDTH="23" VPOS="1423" HPOS="634"/>
							<String ID="string_299" HPOS="657" VPOS="1423" WIDTH="40" HEIGHT="22" WC="0.93" CONTENT="den"/><SP WIDTH="11" VPOS="1423" HPOS="697"/>
							<String ID="string_300" HPOS="708" VPOS="1424" WIDTH="118" HEIGHT="28" WC="0.96" CONTENT="Kejserliga"/><SP WIDTH="15" VPOS="1424" HPOS="826"/>
							<String ID="string_301" HPOS="841" VPOS="1425" WIDTH="163" HEIGHT="28" WC="0.96" CONTENT="propositionen."/>
						</TextLine>
					</TextBlock>
				</ComposedBlock>
				<ComposedBlock ID="cblock_11" HPOS="189" VPOS="1480" WIDTH="816" HEIGHT="60">
					<TextBlock ID="block_12" HPOS="189" VPOS="1480" WIDTH="816" HEIGHT="60">
						<TextLine ID="line_35" HPOS="256" VPOS="1480" WIDTH="748" HEIGHT="30">
							<String ID="string_302" HPOS="256" VPOS="1480" WIDTH="83" HEIGHT="21" WC="0.96" CONTENT="Doktor"/><SP WIDTH="14" VPOS="1480" HPOS="339"/>
							<String ID="string_303" HPOS="353" VPOS="1480" WIDTH="174" HEIGHT="21" WC="0.93" CONTENT="Nordström:"/><SP WIDTH="16" VPOS="1480" HPOS="527"/>
							<String ID="string_304" HPOS="543" VPOS="1480" WIDTH="120" HEIGHT="22" WC="0.93" CONTENT="Utskottets"/><SP WIDTH="16" VPOS="1480" HPOS="663"/>
							<String ID="string_305" HPOS="679" VPOS="1481" WIDTH="132" HEIGHT="23" WC="0.92" CONTENT="betänkande"/><SP WIDTH="16" VPOS="1481" HPOS="811"/>
							<String ID="string_306" HPOS="827" VPOS="1483" WIDTH="70" HEIGHT="27" WC="0.96" CONTENT="skiljer"/><SP WIDTH="15" VPOS="1483" HPOS="897"/>
							<String ID="string_307" HPOS="912" VPOS="1483" WIDTH="31" HEIGHT="27" WC="0.93" CONTENT="sig"/><SP WIDTH="15" VPOS="1483" HPOS="943"/>
							<String ID="string_308" HPOS="958" VPOS="1483" WIDTH="46" HEIGHT="23" WC="0.93" CONTENT="frän"/>
						</TextLine>
						<TextLine ID="line_36" HPOS="189" VPOS="1508" WIDTH="816" HEIGHT="32">
							<String ID="string_309" HPOS="189" VPOS="1508" WIDTH="39" HEIGHT="22" WC="0.93" CONTENT="den"/><SP WIDTH="18" VPOS="1508" HPOS="228"/>
							<String ID="string_310" HPOS="246" VPOS="1508" WIDTH="116" HEIGHT="28" WC="0.92" CONTENT="Kejserliga"/><SP WIDTH="22" VPOS="1508" HPOS="362"/>
							<String ID="string_311" HPOS="384" VPOS="1509" WIDTH="163" HEIGHT="27" WC="0.93" CONTENT="propositionen,"/><SP WIDTH="22" VPOS="1509" HPOS="547"/>
							<String ID="string_312" HPOS="569" VPOS="1510" WIDTH="68" HEIGHT="21" WC="0.92" CONTENT="säsom"/><SP WIDTH="24" VPOS="1510" HPOS="637"/>
							<String ID="string_313" HPOS="661" VPOS="1512" WIDTH="85" HEIGHT="24" WC="0.91" CONTENT="prosten"/><SP WIDTH="22" VPOS="1512" HPOS="746"/>
							<String ID="string_314" HPOS="768" VPOS="1511" WIDTH="58" HEIGHT="27" WC="0.96" CONTENT="Hjelt"/><SP WIDTH="20" VPOS="1511" HPOS="826"/>
							<String ID="string_315" HPOS="846" VPOS="1512" WIDTH="39" HEIGHT="21" WC="0.93" CONTENT="har"/><SP WIDTH="17" VPOS="1512" HPOS="885"/>
							<String ID="string_316" HPOS="902" VPOS="1513" WIDTH="103" HEIGHT="27" WC="0.93" CONTENT="anmärkt,"/>
						</TextLine>
					</TextBlock>
				</ComposedBlock>
			</PrintSpace>
		</Page>
	</Layout>
</alto>
