1120 1798
334 128 159 21 Presteständet
505 129 53 17 1877.
583 129 27 17 24
621 129 114 17 november.
873 123 55 21 2215

141 198 73 28 tionen
230 204 50 14 vore
296 197 109 22 föranledd
421 197 23 21 af
458 203 25 15 en
498 198 67 21 under
574 198 128 26 landtdagen
713 198 98 21 inträffad
822 198 136 26 tilldragelse.

140 226 69 22 Afven
228 226 37 27 jag
286 226 58 21 delar
366 226 40 20 den
421 226 87 26 åsigten,
524 229 32 19 att
571 226 68 21 denna
654 226 61 26 fråga
729 227 68 21 måste
812 232 61 15 anses
889 226 69 21 såsom

142 262 25 14 en
182 255 131 26 tilldragelse
328 255 67 21 under
410 254 134 27 landtdagen,
560 260 45 16 som
618 254 117 27 medgifver
745 261 24 15 en
782 254 65 22 sådan
857 255 101 26 petitions

139 284 142 20 inlemnande.
312 283 48 21 Men
382 283 54 21 hvad
459 283 100 21 beträffar
576 283 119 27 petitioner,
715 289 44 15 som
776 282 27 27 gå
818 283 33 21 till
866 283 92 21 enskildt

141 312 90 24 utskott,
254 312 118 21 innehåller
394 312 226 26 landtdagsordningen
643 312 25 25 ej,
690 312 69 21 sävidt
776 312 37 27 jag
832 312 41 20 kan
889 312 69 21 erinra

142 341 49 27 mig,
207 340 65 28 nägot
287 340 76 22 förbud
379 340 33 22 för
425 340 61 22 deras
500 340 134 28 upptagande
650 342 37 19 när
703 347 44 15 som
762 340 61 22 helst.

209 398 143 26 Domprosten
375 398 77 27 Borg:
482 398 41 27 Jag
545 400 24 19 är
590 397 130 28 fullkomligt
742 404 50 14 ense
814 398 47 21 med
882 398 76 21 doktor

142 426 113 28 Hornborg
278 427 78 25 derom,
380 429 32 19 att
432 426 68 27 någon
520 427 89 27 petition
630 426 23 22 af
671 428 72 20 rektor
761 426 101 22 Kihlman
877 427 7 20 i
900 427 58 21 detta

139 457 64 19 ämne
219 456 17 26 ej
253 462 58 15 mera
327 456 40 20 kan
383 456 109 20 inlemnas.
512 456 81 21 Rektor
608 455 111 22 Kihlmans
734 455 85 27 mening
832 462 42 19 var,
888 454 70 23 sävidt

138 484 38 27 jag
192 484 70 21 kunde
281 484 61 26 fatta,
358 484 46 26 den,
421 486 31 19 att
467 484 32 21 till
514 485 88 21 allmänt
617 484 82 21 utskott
713 484 92 21 inlemna
820 484 32 21 sin
868 484 90 27 petition

140 513 41 21 och
201 516 32 18 att
251 512 28 28 pä
298 513 38 21 den
356 514 67 25 vägen
442 513 21 21 fä
479 513 38 21 den
534 512 88 22 framför
642 513 83 21 landets
740 514 85 20 ständer
840 513 34 21 vid
890 513 68 21 denna

142 542 107 26 landtdag.
276 542 48 20 Men
340 542 27 20 dä
382 544 61 24 säger
455 542 37 26 jag
507 542 122 25 detsamma,
645 548 44 14 som
706 542 76 20 doktor
794 542 119 27 Hornborg,
927 544 31 18 att

143 570 45 21 isä
209 570 36 21 fall
267 570 67 22 skulle
356 570 35 21 det
409 570 68 27 aldrig
492 570 66 21 blifva
572 572 69 24 nägon
657 570 54 21 ände
725 570 28 27 pä
767 570 120 27 petitioner.
917 570 41 21 Det

142 599 67 21 mäste
225 605 51 15 vara
291 605 25 14 en
332 599 96 21 bestämd
444 600 43 24 sak,
504 606 32 14 om
552 599 84 21 hvilken
653 600 35 20 det
703 599 54 21 varit
772 599 59 27 fräga
844 599 34 21 vid
890 599 68 21 landt-

140 628 76 26 dagen,
229 634 45 14 som
287 628 41 20 kan
342 628 108 21 föranleda
464 628 31 20 till
508 631 32 18 att
551 628 139 21 framkomma
702 628 47 20 med
760 634 25 14 en
796 628 97 26 petition,
909 627 48 21 Men

142 656 69 22 sävidt
229 657 38 26 jag
285 659 41 22 vet,
348 658 23 19 är
392 657 58 21 detta
471 656 18 28 ej
510 656 60 22 fallet
586 656 44 22 här.
661 656 44 22 Här
721 656 39 21 har
774 657 19 27 ej
809 656 68 28 nägon
893 656 65 22 skildt

142 686 137 26 petitionerat
294 692 33 14 om
343 686 63 26 ryska
422 685 91 27 spräket.
544 686 40 26 Jag
598 686 41 20 kan
656 685 71 21 derför
742 686 18 26 ej
776 689 70 23 annat,
861 687 26 19 än
900 687 58 20 rösta

140 716 59 19 emot
214 715 129 27 rättigheten
359 717 32 19 att
405 714 91 21 inlemna
512 715 89 26 petition
616 715 7 20 i
639 714 68 22 denna
722 714 44 21 sak.

209 772 110 21 Professor
336 772 122 21 Donner:
489 772 72 21 Säsom
583 772 106 26 professor
710 772 110 21 Ehrström
839 772 65 20 redan
919 772 39 20 har

140 800 125 24 framhållit,
281 802 61 20 torde
358 800 11 28 $
386 801 25 21 51
429 801 5 20 i
451 800 227 27 landtdagsordningen
695 801 17 26 ej
729 800 110 21 förhindra
854 800 68 27 någon
938 801 21 20 af

141 830 97 20 ständets
259 829 136 21 medlemmar
410 831 32 19 att
457 830 47 20 med
519 829 113 27 anledning
647 829 24 21 af
685 832 30 18 ett
729 829 78 21 fattadt
823 829 68 21 beslut
906 830 52 24 göra

140 865 27 15 en
183 858 96 26 petition,
294 858 85 21 hvilken
395 858 95 21 kommer
500 858 6 20 i
517 858 77 22 sådant
604 858 37 21 fall
652 860 32 19 att
695 858 123 27 hänskjutas
829 858 31 20 till
871 858 88 20 allmänt

142 888 93 21 utskotts
251 887 133 28 behandling.
416 887 38 22 Om
471 893 25 15 en
512 886 163 23 ständsmedlem
691 893 61 15 anser
768 887 45 21 skäl
829 886 130 22 förekomma

140 919 34 19 att
188 917 67 20 väcka
271 923 25 14 en
308 916 96 27 petition,
418 923 44 14 som
473 916 44 21 står
527 917 6 20 i
544 916 152 27 sammanhang
707 916 46 21 med
764 918 31 19 ett
805 916 64 21 redan
880 916 79 21 fattadt

143 946 75 25 beslut,
241 945 33 22 för
294 949 32 18 att
343 945 128 21 underkasta
487 945 35 21 det
538 946 94 21 ständets
647 945 52 20 eller
714 945 124 21 ständernas
854 945 104 27 pröfning,

140 975 43 21 kan
198 975 42 20 hon
257 975 64 26 enligt
337 975 42 20 min
394 974 135 27 uppfattning
544 975 112 26 omöjligen
668 974 44 21 deri
723 974 92 21 hindras.
835 974 41 22 Det
886 974 73 21 tillhör

142 1003 33 21 väl
191 1003 65 22 sedan
273 1004 83 21 ständet
372 1006 32 18 att
419 1003 80 27 afgöra,
515 1010 32 15 om
564 1003 36 22 det
615 1003 39 21 alls
670 1003 36 21 vill
717 1003 71 26 lyssna
799 1003 32 21 till
842 1006 31 18 ett
884 1003 75 21 sädant

142 1032 86 27 förslag.
258 1033 41 27 Jag
320 1033 68 21 skulle
410 1033 52 20 dock
482 1038 56 21 anse,
558 1035 32 18 att
610 1033 69 20 denna
699 1032 38 21 sak
752 1039 27 14 nu
794 1032 70 21 kunde
879 1032 80 21 lemnas

142 1061 99 21 hvilande
257 1061 31 21 till
305 1062 47 21 dess
365 1061 103 21 definitivt
480 1067 74 20 genom
567 1061 106 21 allmänna
684 1061 189 21 besvärsutskottet
884 1061 76 21 under-

142 1091 87 20 rättelse
245 1091 102 26 erhällits,
364 1090 6 21 i
386 1090 81 21 hvilket
482 1090 69 21 beslut
566 1090 113 21 ständerna
695 1092 91 19 stannat.

211 1147 89 20 Prosten
317 1147 90 26 Hjelt:
427 1147 41 26 Jag
484 1149 49 22 tror,
549 1150 32 18 att
597 1147 39 20 den
652 1146 23 21 af
689 1147 71 20 rektor
770 1146 101 21 Kihlman
884 1147 75 20 väckta

142 1175 75 27 frägan
237 1175 44 21 stär
301 1176 5 19 i
327 1175 53 21 strid
401 1175 48 21 med
468 1177 30 19 ett
519 1175 23 21 af
560 1175 83 22 ständet
659 1175 56 21 förut
729 1175 77 21 fattadt
822 1175 75 21 beslut.
927 1174 33 21 Dä

142 1204 86 21 ständet
244 1205 111 26 godkände
371 1206 119 23 momentet,
507 1204 155 21 öfverlemnade
678 1204 84 21 ständet
775 1203 22 21 ät
807 1204 58 20 Hans
875 1203 84 27 Kejser-

144 1233 42 27 liga
197 1233 100 26 Majestät
308 1236 32 18 att
350 1235 50 24 taga
409 1234 66 20 under
486 1233 132 27 ompröfning
629 1233 25 20 de
665 1232 160 27 förändringar
818 1228 9 36 i
835 1233 125 20 elementar-

142 1261 137 22 läroverkens
299 1262 141 27 läseordning,
456 1268 43 15 som
517 1262 32 21 till
565 1262 52 27 följd
632 1261 23 21 af
669 1263 68 20 denna
752 1261 89 27 petition
857 1263 36 19 äro
909 1261 50 20 nöd-

143 1291 98 26 vändiga.
271 1291 10 21 I
297 1291 58 21 detta
370 1294 93 18 moment
478 1291 60 26 ingår
550 1291 82 21 säledes
645 1291 65 20 redan
725 1291 55 20 hvad
792 1297 43 14 som
847 1292 35 19 rör
893 1290 68 21 denna

146 1319 66 26 fråga.
243 1319 112 21 Dessutom
377 1319 69 27 hyllar
464 1319 36 27 jag
521 1319 39 21 den
576 1319 55 27 äsigt
647 1325 33 15 om
697 1320 24 20 51
739 1319 10 27 8
765 1319 5 20 i
787 1319 112 26 landtdags
914 1319 46 20 ord-

144 1348 85 27 ningen,
245 1350 32 19 att
292 1355 49 14 man
357 1348 18 26 ej
391 1349 42 20 kan
449 1348 31 21 till
497 1348 51 27 följd
562 1348 23 21 af
596 1348 26 21 de
633 1348 75 25 beslut,
720 1354 44 14 som
778 1347 37 21 här
825 1349 36 19 äro
873 1347 87 25 fattade,

144 1376 101 27 nägonsin
262 1377 84 20 komma
361 1377 53 20 fram
431 1377 46 20 med
492 1383 25 14 en
534 1377 43 24 sak,
594 1382 44 15 som
653 1382 49 15 man
717 1376 39 21 har
771 1376 82 21 försökt
866 1378 31 19 att
909 1376 7 20 i
929 1375 31 21 sin

144 1405 130 20 reservation
292 1405 68 20 drifva
375 1405 89 26 igenom,
480 1411 48 14 men
543 1405 18 26 ej
578 1405 40 21 fätt
632 1405 90 25 igenom.

211 1460 82 21 Rektor
313 1460 145 21 Kihlman:
488 1460 41 21 Det
549 1460 67 21 skulle
639 1460 18 26 ej
679 1459 64 21 hafva
761 1459 55 21 fallit
835 1459 44 27 mig
893 1459 21 21 in
930 1462 32 18 att

144 1489 67 21 väcka
230 1489 60 26 fråga
311 1495 33 15 om
366 1489 69 21 denna
455 1489 45 24 sak,
515 1488 6 21 i
537 1488 38 21 fall
591 1489 35 20 det
641 1494 50 15 vore
705 1488 43 21 min
764 1487 84 28 mening
863 1489 32 20 att
910 1488 52 21 söka

144 1517 146 28 genomdrifva
309 1525 25 14 en
356 1517 38 22 sak
415 1517 27 28 pä
457 1519 31 19 ett
503 1520 64 19 annat
583 1519 48 24 sätt,
647 1517 64 21 sedan
725 1517 35 27 jag
776 1517 39 21 har
830 1516 132 27 misslyckats
