1103 1786
221 132 54 20 1918
407 136 158 17 Presteståndet
577 136 54 18 1872,
655 136 11 16 6
678 137 113 15 november.

259 205 77 21 Pastor
351 204 92 21 Lilius
457 204 100 20 förenade
575 204 31 25 sig
617 204 47 20 med
679 205 86 24 prosten
776 203 105 21 Johnsson
894 203 39 20 och
944 203 65 25 ansåg

192 233 36 21 det
250 233 62 26 högst
334 232 87 27 obilligt,
442 238 33 15 om
492 238 25 15 en
532 231 252 27 lägenhetsinnehafvare,
800 238 44 14 som
860 231 68 21 under
943 230 66 22 nödår

192 262 54 20 hade
261 268 26 15 en
303 262 75 26 mängd
393 261 120 21 nödställda
528 260 177 26 underhafvande,
721 260 46 21 icke
777 260 68 21 skulle
857 266 39 20 ega
907 259 101 26 rättighet

192 292 32 19 att
239 290 48 27 sjelf
300 290 56 20 förse
372 290 47 20 dem
435 290 46 20 med
497 292 112 18 matvaror.

261 346 151 27 Kyrkoherden
434 346 143 21 Stenbäck
600 345 98 22 framhöll
720 347 32 20 att
774 345 12 28 $
810 346 13 21 9
845 346 108 27 stadgade,
977 348 32 19 att

192 375 65 22 sådan
280 375 85 23 handel,
387 381 44 15 som
452 375 70 20 kunde
541 374 98 21 hänföras
655 374 65 21 under
735 374 120 27 fattigvård,
872 376 24 19 är
911 374 98 27 frigifven

193 405 39 20 och
254 406 32 19 att
307 403 80 22 således
403 403 45 21 icke
463 403 65 21 sådan
544 403 103 26 kollision,
662 409 44 15 som
722 406 86 24 prosten
824 403 105 21 Johnsson
946 403 62 27 påpe-

192 433 43 25 kat,
258 433 70 20 kudde
350 432 83 26 uppstå,
456 431 85 22 hvarför
563 432 80 21 talaren
665 431 113 22 förordade
794 432 119 27 antagande
928 432 24 21 af
966 438 42 15 mo-

193 463 79 19 mentet
288 461 142 21 oförändradt.

262 518 87 21 Prosten
373 517 150 21 Johnsson:
553 517 90 20 Prosten
666 516 59 27 Hjelt
744 517 96 25 nämnde,
857 518 38 23 att,
912 523 33 15 om
961 523 49 15 man

194 546 67 20 skulle
284 546 69 20 tillåta
371 545 245 26 lägenhetsinnehafvare
631 546 31 20 att
678 545 77 20 handla
771 545 47 21 med
833 545 100 21 utländsk
948 551 61 21 span-

194 575 41 20 mål
261 574 38 21 och
324 576 113 22 matvaror,
459 573 68 21 skulle
550 580 47 14 man
617 575 52 24 göra
690 573 81 26 förfång
787 574 22 20 åt
823 573 187 26 landthandlande,

193 609 45 14 som
261 602 70 21 betala
353 602 32 21 till
407 602 80 20 kronan
510 601 59 27 afgift
592 601 33 21 för
647 602 31 20 sin
693 602 83 20 handel.
807 602 44 21 Den
867 601 81 26 handel,
964 608 45 15 som

193 630 246 27 lägenhetsinnehafvare
463 631 48 20 idka
537 631 45 20 med
609 631 49 26 rysk
681 630 101 27 spanmål,
808 632 24 19 är
853 631 23 20 så
898 631 66 26 ringa,
980 633 31 19 att

194 659 218 22 landthandlanderne
433 659 114 27 ingalunda
568 659 67 21 skulle
656 659 89 21 behöfva
760 659 73 21 befara
848 660 64 25 något
928 666 45 15 men
990 659 23 22 af

195 689 39 20 den
250 689 137 24 konkurrens,
404 694 44 15 som
464 689 61 20 häraf
539 688 66 21 skulle
621 689 134 25 uppkomma.
781 688 152 27 Kyrkoherden
950 689 61 20 Sten-

194 717 53 21 bäck
270 717 91 21 nämnde
384 723 39 20 om,
440 718 31 19 att
487 723 47 14 man
549 716 70 21 kunde
635 723 49 14 anse
700 716 65 21 sådan
781 717 76 20 handel
874 717 70 21 kunna
959 717 52 21 hän-

194 745 56 21 föras
272 745 66 21 under
353 745 175 26 fattigunderstöd
544 745 38 21 och
599 745 80 20 således
695 751 49 15 vara
759 745 88 25 tillåten,
864 746 26 20 då
908 746 39 20 den
962 746 50 20 sker

195 774 66 21 under
275 774 73 26 nödär,
364 780 48 14 men
427 773 58 22 fallet
501 776 23 19 är
539 773 46 21 icke
601 773 42 26 det,
660 775 21 25 ty
697 773 68 22 såsom
779 774 37 26 jag
832 774 64 21 redan
913 775 95 24 nämnde,

194 803 63 20 hafva
271 802 244 27 lägenhetsinnehafvare
531 803 32 20 för
579 803 35 20 det
629 804 32 19 att
676 802 26 21 de
718 803 66 20 under
799 803 68 20 nödår
877 803 62 20 hafva
950 803 62 20 utmi-

194 833 85 19 nuterat
302 831 21 20 ät
339 831 45 20 sina
400 831 129 20 behöfvande
545 831 169 20 medmenniskor
729 831 101 26 spanmål,
847 837 44 14 som
908 831 25 21 de
948 831 64 21 hafva

194 860 81 20 kunnat
301 859 100 21 förskaffa
426 859 37 26 sig,
488 859 67 21 blifvit
577 859 126 26 pliktfällda.
736 859 43 21 Det
800 859 66 21 finnes
890 862 62 23 orter,
975 860 37 21 der

195 888 216 26 sädesproduktionen
428 890 23 18 är
466 888 23 20 så
505 888 65 25 ringa,
586 890 31 18 att
633 888 26 20 de
677 888 45 20 icke
737 889 64 25 något
812 888 24 20 år
846 888 72 20 kunna
927 889 85 20 komma

195 916 31 22 till
242 918 57 19 rätta
313 917 48 21 med
377 916 54 21 hvad
448 916 25 21 de
488 916 72 26 sjelfva
575 916 125 27 producera,
715 918 51 19 utan
783 916 59 22 alltid
856 918 66 20 måste
933 917 79 26 impor-

194 948 46 18 tera
262 945 50 27 mjöl
334 945 47 21 från
402 945 110 27 Ryssland.
543 945 30 21 På
588 945 79 21 sådana
683 946 76 20 ställen
775 945 52 27 sälja
843 946 168 26 lägenhetsinne-

195 974 113 22 hafvarene
330 974 22 21 åt
375 974 44 21 sina
440 974 169 28 underhafvande
625 974 45 21 icke
686 974 32 21 för
734 977 31 18 att
780 975 69 25 vinna,
866 977 50 19 utan
932 974 33 22 för
980 976 32 20 att

195 1003 69 27 hjelpa
286 1003 39 21 och
347 1002 22 22 få
391 1002 67 26 plikta
480 1003 75 21 derför.
586 1003 41 21 Det
649 1004 24 19 är
688 1004 44 24 just
751 1003 26 27 på
793 1003 78 21 sådana
887 1005 63 24 orter,
966 1010 46 15 som

196 1032 138 25 olägenheten
350 1032 22 20 af
386 1034 31 18 att
432 1032 90 20 handeln
539 1032 45 20 icke
601 1034 23 18 är
639 1031 96 26 frigifven
750 1032 84 26 uppstå.
859 1032 40 25 Jag
914 1032 39 20 har
963 1032 49 21 hört

195 1060 110 26 uppgifvas
328 1059 22 21 af
370 1059 122 26 trovärdiga
510 1066 106 19 personer,
632 1062 32 18 att
679 1059 57 21 inom
751 1060 82 27 Kajana
849 1060 100 25 domsaga
964 1060 6 20 i
986 1061 26 20 de

195 1088 108 26 fattigaste
325 1088 180 26 församlingarna,
522 1089 37 20 der
574 1088 217 26 sädesproduktionen
807 1090 24 19 är
847 1089 83 26 mycket
945 1089 66 25 ringa,

195 1117 121 20 husbönder
339 1116 106 27 åtskilliga
466 1117 79 26 gånger
559 1117 41 20 fått
615 1116 67 27 plikta
697 1117 33 20 för
745 1119 32 18 att
793 1117 24 20 de
833 1117 53 20 visat
903 1117 108 21 barmher-

196 1145 67 26 tighet
278 1147 57 19 emot
350 1145 31 20 sin
397 1145 119 21 nödstälida
531 1146 67 20 nästa.

263 1202 110 20 Professor
394 1202 155 21 Ehrström:
579 1202 61 20 Hvad
660 1204 87 24 prosten
761 1202 106 21 Johnsson
882 1208 28 15 nu
926 1202 86 26 egentli-

194 1236 39 20 gen
250 1231 54 20 talar
319 1230 38 26 för,
374 1232 23 18 är
412 1231 69 25 nägot,
498 1236 44 15 som
557 1231 41 25 jag,
613 1230 70 21 säsom
696 1230 36 27 jag
747 1231 64 21 redan
827 1231 100 26 antydde,
944 1231 67 21 mäste

195 1258 56 22 finna
267 1259 154 26 presteständet
437 1259 63 21 redan
515 1258 63 22 hafva
593 1259 87 21 beslutit
695 1265 40 15 om.
763 1259 61 21 Hvad
841 1260 39 20 den
896 1266 28 14 nu
940 1260 72 20 disku-

195 1287 72 21 terade
283 1288 12 20 8
312 1287 47 27 &:en
374 1286 104 26 beträffar,
493 1287 65 27 angår
574 1288 39 20 den
629 1288 55 20 blott
699 1288 100 25 allmoges
814 1288 101 25 rättighet
931 1290 31 18 att
978 1288 34 20 till

195 1316 45 20 salu
264 1315 55 21 hälla
338 1316 41 24 det,
401 1322 44 14 som
461 1316 26 25 pä
503 1316 60 20 deras
578 1316 122 25 lägenheter
715 1316 129 25 produceras
859 1316 38 20 och
913 1316 23 20 af
950 1316 61 20 deras

195 1343 84 20 husfolk
294 1349 75 19 genom
385 1343 101 25 hemslöjd
503 1343 161 21 ästadkommes.
690 1344 44 20 Här
749 1346 23 18 är
788 1344 86 20 alldeles
889 1344 46 20 icke
951 1344 61 25 fråga

195 1377 34 14 om
251 1370 77 21 handel
351 1371 48 20 med
417 1370 56 26 mjöl,
489 1377 47 14 men
553 1373 32 18 att
600 1371 91 21 handeln
707 1371 60 21 äfven
783 1372 85 20 dermed
884 1374 23 18 är
923 1371 88 25 tilläten,

194 1399 91 27 framgår
300 1398 22 22 af
337 1400 9 20 1
364 1399 55 27 $:en,
434 1405 44 15 som
493 1401 70 25 säger:
579 1399 91 27 ,Hvarje
686 1400 54 20 finsk
755 1400 137 27 medborgare
904 1402 23 20 är
940 1400 71 22 berät-

195 1428 58 26 tigad
268 1430 31 18 att
315 1428 66 20 under
396 1428 26 21 de
437 1428 74 26 vilkor,
527 1434 44 15 som
587 1429 38 20 här
641 1428 67 22 nedan
724 1429 85 26 stadgas
826 1429 71 21 utöfva
913 1430 35 20 det
960 1430 52 20 eller

196 1458 24 20 de
235 1457 152 27 näringsyrken
402 1457 40 21 han
459 1457 32 21 för
506 1457 50 25 godt
571 1456 73 27 finner,
660 1458 39 20 och
716 1457 67 21 denna
799 1458 101 26 rättighet
910 1458 101 21 omfattar

195 1485 57 21 såväl
267 1486 96 20 handels-
378 1491 45 16 som
439 1485 89 22 fabriks-
545 1486 38 21 och
599 1486 225 21 handtverksrörelse*.
858 1487 45 21 Den
919 1489 24 19 är
958 1487 52 21 säle-

195 1514 36 21 des
252 1514 127 27 berättigad.
409 1515 31 20 De
462 1515 163 26 bestämningar,
649 1521 44 15 som
712 1515 38 21 här
766 1515 21 22 af
801 1515 126 27 föregående
942 1516 68 21 talare
