1103 1795
219 138 55 21 1752
408 143 159 17 Presteståndet
579 143 54 17 1877.
657 143 26 17 29
695 143 92 16 oktober.

189 218 58 15 mera
269 217 63 21 pomp
355 213 26 19 än
403 211 45 21 från
464 212 41 21 min
521 211 45 22 sida
581 212 55 21 varit
650 211 86 27 vanligt,
752 212 39 21 och
806 211 71 25 likväl,
892 211 65 26 vågar
970 211 36 26 jag

189 240 87 26 tillägga
291 241 47 20 med
353 240 29 21 all
400 240 184 27 anspråkslöshet;
600 241 36 21 det
650 241 23 20 är
689 240 55 21 blott
758 240 43 21 min
817 239 138 27 öfvertygelse
967 240 39 21 och

189 269 43 20 min
248 270 70 19 värme
333 269 34 20 för
381 269 66 21 saken
462 275 44 15 som
522 269 61 26 gjort,
598 271 32 19 att
644 268 35 27 jag
695 269 23 20 så
733 269 61 26 länge
804 269 78 21 måstat
892 268 48 21 med
950 268 57 21 mina

189 297 148 27 andraganden
353 297 113 28 uppehålla
480 297 90 22 ståndet.

258 353 153 28 Kyrkoherden
430 353 153 22 Stenbäck:
606 354 40 27 Jag
660 353 49 22 ville
724 354 75 21 endast
810 353 95 27 begagna
916 353 91 22 tillfället

189 384 32 20 att
235 383 68 20 uttala
319 389 26 14 en
360 383 128 20 reservation
508 384 56 20 emot
579 383 36 21 det
630 385 48 23 sätt,
697 383 27 26 på
739 383 80 20 hvilket
834 389 47 14 man
897 382 39 21 har
951 381 56 22 velat

189 411 45 22 från
250 411 85 27 politisk
350 411 47 21 sida
413 411 96 22 betrakta
524 411 119 22 fördelarna
658 411 21 22 af
693 414 33 18 att
741 411 78 21 inrätta
834 414 31 18 ett
875 410 133 28 fullständigt

189 440 134 21 seminarium
339 440 6 20 i
360 440 120 21 Sordavala.
510 440 42 21 Det
566 441 62 20 torde
642 441 45 20 icke
703 446 49 15 vara
768 440 32 21 för
814 441 65 20 saken
893 440 113 27 gagneligt,

190 471 49 19 utan
254 469 80 21 kanske
349 475 45 15 mer
409 469 31 21 till
456 469 47 21 dess
518 469 65 22 skada
598 472 33 18 att
645 469 48 21 med
708 469 85 26 slagord
808 468 22 22 af
841 469 39 21 den
892 468 115 27 beskaffen-

189 498 42 26 het,
248 503 44 16 som
308 504 29 15 nu
351 500 70 19 senast
437 498 39 21 här
490 498 138 27 begagnades,
644 498 51 21 söka
709 497 87 22 inverka
807 497 27 27 på
844 497 105 27 allvarligt
961 499 45 20 tän-

189 527 68 21 kande
277 528 59 19 mäns
356 526 144 27 öfvertygelse.
530 527 40 26 Jag
590 529 50 22 tror,
661 529 30 19 att
711 533 26 14 en
753 526 162 22 civilisationens
930 525 76 28 skylt
994 521 15 37 i

189 555 127 22 ödemarken
339 555 46 21 icke
407 555 66 22 skulle
496 555 70 22 kunna
588 555 67 22 införa
674 556 6 20 i
701 555 143 26 verkligheten
866 556 40 21 den
928 557 79 20 vester-

189 584 89 21 ländska
293 583 106 26 kulturen,
420 586 50 19 utan
488 585 36 26 jag
545 586 51 23 tror,
617 586 33 19 att
669 585 39 20 den
725 584 158 21 vesterländska
897 584 111 21 kulturens

189 613 109 21 införande
320 613 47 20 bäst
389 613 111 26 befrämjes
514 619 75 20 genom
604 615 33 18 att
651 613 145 26 anspråkslöst
811 613 59 26 börja
885 613 46 20 från
946 614 61 20 roten

190 641 38 21 och
245 642 18 26 ej
279 641 45 21 från
340 643 78 24 toppen
433 644 54 18 samt
502 641 99 22 stoltsera
616 641 47 21 med
678 641 120 22 storartade
813 641 145 27 inrättningar.

258 698 82 21 Doktor
355 698 161 27 Hornborg:
546 698 40 26 Jag
602 699 12 20 å
629 698 42 21 min
686 699 46 20 sida
748 698 91 27 begärde
855 698 60 21 ordet
931 698 31 21 för
977 700 32 19 att

189 729 51 24 göra
256 733 25 15 en
297 729 88 25 protest,
406 727 104 27 nämligen
531 730 55 19 emot
608 727 90 27 tilltaget
714 730 31 19 att
761 729 68 20 såsom
845 727 35 21 blå
895 727 63 22 dunst
973 727 35 22 be-

189 756 76 21 teckna
280 756 65 26 fakta,
361 755 71 22 hvilka
447 756 91 22 hvarken
554 763 48 15 man
617 756 47 27 sjelf
678 756 51 22 eller
741 757 68 26 någon
820 762 68 15 annan
899 756 110 22 människa

189 784 78 22 förmår
282 785 131 26 vederlägga.

259 842 109 21 Professor
383 842 145 22 Forsman:
558 843 40 27 Jag
613 842 47 21 ville
675 842 87 27 tillägga
776 843 8 20 i
799 843 97 21 afseende
911 843 13 21 ä
937 843 72 21 tviste-

189 871 74 26 frägan
278 873 51 20 utan
345 872 97 21 afseende
457 871 27 27 pä
499 871 55 22 hvad
564 872 38 21 här
612 871 132 27 personligen
755 873 22 20 ät
788 873 35 20 det
833 878 39 15 ena
882 871 51 22 eller
943 872 67 21 andra

190 899 65 22 hället
270 900 81 21 kunnat
370 900 64 21 blifva
454 900 81 27 yttradt
557 900 21 22 af
592 902 73 25 pastor
679 900 55 27 Lyra
750 900 39 22 och
805 900 76 22 doktor
896 900 113 27 Hornborg

189 929 108 26 uttrycket
312 929 6 20 i
334 929 123 26 hufvudsak,
478 932 32 18 att
526 929 40 26 det,
583 929 81 22 hvaruti
680 929 25 21 de
726 929 61 27 skilja
802 929 31 27 sig
848 929 45 21 från
909 929 48 26 mig,
971 930 39 25 går

190 960 23 19 ut
228 958 27 26 pä
270 959 32 20 att
317 957 86 28 Nyslott
417 957 46 22 icke
479 957 53 22 skall
548 957 79 22 erhälla
642 960 30 19 ett
687 957 64 22 finskt
766 958 140 21 seminarium.
929 958 42 21 Det
986 960 24 19 är

190 986 40 21 den
245 987 98 26 negativa
358 986 60 21 delen
433 987 7 20 i
453 987 61 20 deras
528 987 114 26 yrkanden,
661 993 46 14 som
720 987 37 26 jag
771 993 63 15 anser
848 987 42 26 mig
906 987 51 20 böra
973 987 36 26 pä-

189 1015 59 27 peka.
279 1015 76 21 Pastor
370 1015 55 27 Lyra
447 1015 39 21 har
500 1015 115 22 framhällit
636 1015 45 22 icke
704 1018 51 18 utan
776 1015 47 22 skäl
838 1016 37 21 vär
889 1015 121 27 skyldighet

190 1045 32 20 att
236 1044 65 21 tänka
316 1044 27 26 pä
359 1044 40 20 den
415 1044 43 21 dels
474 1043 22 22 af
509 1043 89 22 Finland
615 1044 92 25 intresse,
724 1050 45 15 som
781 1045 23 20 är
816 1045 54 20 1812
881 1044 129 21 äterförena-

190 1073 36 21 des
242 1073 47 20 med
305 1072 36 21 det
356 1072 67 27 öfriga
439 1072 76 22 landet.
540 1073 45 21 Han
601 1073 116 27 förglömde
728 1073 44 21 helt
783 1073 38 21 och
832 1073 65 22 hället
907 1075 32 19 att
949 1072 60 22 äfven

189 1101 85 28 Nyslott
289 1101 66 20 hörde
371 1101 31 21 till
418 1102 60 21 dessa
493 1101 133 25 landsändar,
648 1108 48 15 men
711 1101 53 22 hans
780 1102 73 21 kärlek
866 1102 38 21 har
920 1108 27 15 nu
963 1104 46 19 ute-

190 1129 96 22 slutande
301 1129 42 22 fäst
357 1131 32 24 sig
405 1131 32 20 vid
452 1130 90 27 Kymölä
558 1131 39 20 och
613 1130 116 22 Sordavala
744 1131 40 20 och
797 1131 35 20 det
844 1131 41 21 kan
896 1131 61 26 ingen
969 1131 40 20 för-

190 1159 65 21 tänka
271 1158 84 21 honom.
377 1158 40 27 Jag
433 1159 34 20 vill
484 1158 55 22 blott
554 1159 88 27 päpeka,
659 1162 31 18 att
705 1160 42 23 det,
761 1165 44 16 som
814 1159 37 28 jag
861 1159 148 22 reservätions-

191 1187 29 21 vis
235 1187 38 20 har
294 1187 114 20 framhållit
431 1187 38 21 och
492 1193 44 14 som
558 1188 116 26 egentligen
697 1191 24 18 är
740 1187 269 28 folkskoleöfversyrelsens

189 1215 84 26 förslag,
289 1216 39 25 går
343 1218 24 17 ut
382 1216 27 25 pä
424 1218 31 18 att
470 1215 71 27 likväl,
558 1216 66 21 ehuru
634 1217 6 19 i
651 1223 74 14 senare
737 1217 52 25 grad
801 1217 111 26 tillgodose
922 1216 87 27 Ladoga

189 1244 138 21 strändernas
341 1244 109 21 intressen.
475 1245 46 20 Den
537 1245 65 20 andra
618 1245 93 26 punkten
726 1245 7 20 i
749 1245 42 20 min
807 1245 130 21 reservation
952 1245 57 20 inne-

190 1272 67 21 häller
273 1274 31 19 att
316 1272 66 26 jemte
398 1273 41 23 det,
462 1273 36 20 det
518 1273 66 20 andra
602 1273 68 20 finska
685 1274 121 20 seminariet
821 1273 68 21 skulle
904 1273 105 26 förläggas

189 1300 33 21 till
237 1300 86 27 Nyslott
337 1303 30 18 ett
384 1301 66 25 tredje
464 1301 64 21 finskt
543 1301 133 21 seminarium
693 1302 32 20 till
740 1307 26 16 en
780 1301 74 27 början
864 1301 145 26 ofullständigt

190 1335 47 13 men
253 1329 47 19 med
315 1329 96 24 förmäga
425 1331 32 18 att
472 1330 97 20 utveckla
584 1330 31 24 sig
628 1329 52 20 efter
691 1330 35 20 det
737 1331 31 24 sig
778 1330 121 20 företeende
912 1330 97 20 behofvet

190 1356 66 20 mätte
271 1355 103 27 förläggas
390 1356 6 20 i
411 1356 121 21 Sordavala.

258 1401 33 22 Dä
305 1401 62 28 ingen
383 1401 71 21 vidare
470 1401 92 22 önskade
577 1403 58 26 yttra
649 1402 38 26 sig,
709 1402 132 22 förklarades
864 1402 145 23 diskussionen

189 1429 91 22 afslutad
295 1430 40 21 och
350 1430 49 21 herr
414 1431 159 21 talmannen
588 1430 123 22 framstälde
727 1431 91 27 följande
833 1431 139 28 proposition:

259 1470 39 22 Vill
321 1471 85 21 ståndet
429 1471 112 26 godkänna
566 1471 114 22 utskottets
702 1472 7 21 i
731 1471 158 28 ifrågavarande
915 1475 94 19 moment

189 1499 123 22 framstälda
327 1499 78 26 förslag
420 1506 32 15 om
474 1500 145 27 förläggandet
641 1500 22 21 af
682 1503 31 18 ett
728 1501 133 26 fullständigt
876 1501 64 22 finskt
955 1501 53 22 folk-

189 1528 127 22 skollärare-
331 1529 40 21 och
386 1528 239 23 lärarinneseminarium
642 1529 32 21 till
689 1529 91 28 Kymölä
796 1530 50 21 eller
862 1530 33 27 ej?
