1109 1792
337 134 160 18 Presteståndet
510 134 55 18 1877.
589 136 22 16 15
623 135 114 17 november.
863 130 55 21 2141

126 209 38 16 ren
179 204 25 20 är
218 203 105 26 anmärkt,
339 205 74 20 nästan
429 204 68 27 aldrig
512 204 61 21 torde
588 204 98 21 förnekas
701 204 84 26 dispens
799 204 23 21 åt
837 204 25 21 de
877 210 74 21 perso-

127 238 45 19 ner,
188 232 72 21 hvilka
275 232 71 21 kunna
360 232 106 26 bestyrka,
482 234 33 20 att
530 233 27 20 de
572 238 39 20 ega
626 232 88 26 behörig
728 232 132 26 skicklighet.
890 232 59 22 Peti-

125 261 96 20 tionären
245 260 39 21 och
303 260 61 21 äfven
379 260 40 21 den
435 264 84 17 senaste
533 260 83 21 talaren
628 260 67 27 hafva
709 260 77 26 anfört,
801 262 33 20 att
850 262 30 20 ett
895 262 55 19 stort

126 288 58 21 antal
207 288 69 27 fartvg
298 289 33 20 för
353 288 131 21 närvarande
505 289 58 26 segla
577 288 28 27 på
620 288 108 26 Östersjön
744 288 39 21 och
799 290 32 19 att
846 289 26 20 de
888 288 62 21 hafva

124 316 57 27 gjort
197 318 81 25 ganska
291 317 57 26 goda
363 319 64 24 turer,
443 317 56 23 eller,
515 317 70 20 såsom
601 317 140 26 petitionären
756 318 70 25 yttrar
840 317 33 26 sig
888 317 62 24 ,med

125 345 80 22 besked
220 345 81 21 kunnat
316 345 63 21 sköta
394 346 37 20 sitt
445 345 114 27 uppdrag”.
586 345 50 21 Icke
651 345 67 21 finner
730 345 43 27 jag,
789 347 32 19 att
838 345 59 21 detta
904 345 46 26 just

126 373 83 22 bevisar
224 375 70 25 något.
323 373 31 27 Ty
367 374 44 26 just
427 374 113 26 desamma,
556 379 44 16 som
616 374 27 26 på
658 373 37 22 det
709 375 66 20 sättet
791 373 62 22 hafva
868 374 82 21 kunnat

127 401 48 23 med
198 402 80 22 besked
293 402 92 26 fullgöra
399 403 38 20 sitt
451 403 104 26 uppdrag,
571 402 62 22 hafva
648 401 55 22 måst
718 408 51 15 vara
783 402 80 21 sådana
878 408 71 21 perso-

126 437 44 20 ner,
191 437 45 16 som
252 431 63 21 hafva
331 431 41 22 fått
387 431 83 26 dispens
485 431 47 22 från
548 437 99 20 examen;
672 431 7 20 i
694 437 69 15 annan
779 431 101 21 händelse
895 431 54 21 hade

128 461 27 20 de
169 460 35 21 väl
219 460 19 27 ej
254 460 81 21 kunnat
350 461 114 20 tvärtemot
479 460 35 27 lag
529 460 39 21 och
583 459 98 28 gällande
691 459 149 28 författningar
849 460 101 26 navigera

126 489 65 26 något
206 489 155 21 vidsträcktare
376 491 80 19 vatten.
481 489 41 27 Jag
536 489 42 22 kan
593 489 84 22 derföre
692 489 32 20 för
740 489 41 21 min
797 489 33 21 del
841 489 46 21 icke
896 489 54 26 god-

126 518 71 21 känna
219 518 123 27 petitionen,
364 522 51 17 utan
438 517 86 22 förenar
546 518 43 27 mig
609 518 47 21 med
671 517 104 22 utskottet
791 524 33 15 om
840 518 109 26 petitions-

126 546 112 27 förslagets
253 546 142 22 förkastande.

195 603 155 28 Kyrkoherden
370 603 166 22 Stenbäck:
562 604 42 21 Det
624 603 67 22 första
711 604 70 25 motiv,
804 609 44 16 som
864 603 24 22 af
901 609 48 21 pro-

126 634 47 19 sten
197 632 123 27 Rosengren
345 632 98 21 anfördes
464 633 48 20 med
532 632 99 22 afseende
654 632 12 21 å
688 631 160 27 ifrågavarande
863 633 85 22 ärende,

126 661 107 26 nämligen
254 663 33 19 att
306 661 122 26 regeringen
444 661 39 21 har
498 661 125 22 försummat
638 663 32 19 att
685 661 55 21 förse
755 661 72 21 landet
842 661 48 21 med
906 660 43 21 till-

127 689 80 26 börligt
221 690 59 21 antal
294 689 205 28 navigationsskolor
515 690 48 21 med
578 689 82 22 finskan
673 689 32 21 till
715 689 233 27 undervisningsspråk,

126 720 24 19 är
173 718 122 27 visserligen
317 720 31 19 ett
370 719 85 21 talande
477 719 53 26 skäl,
552 725 45 15 som
621 719 38 20 bör
676 718 95 25 beaktas,
787 718 38 21 och
842 725 24 14 en
882 719 66 21 sådan

126 747 97 26 petition,
244 753 45 15 som
311 747 48 25 den,
380 747 203 26 landtdagsmannen
599 747 85 26 Langén
700 747 32 21 till
747 747 155 21 bondeståndet
916 747 32 20 in-

125 775 68 26 gifvit,
215 775 55 22 hade
293 775 136 22 tvifvelsutan
445 776 65 26 enligt
524 776 56 21 hvad
593 777 36 26 jag
645 776 41 20 kan
701 775 102 24 förmoda,
817 775 47 22 icke
881 775 68 22 blifvit

125 804 114 25 inlemnad,
255 804 73 21 såvida
342 805 123 26 regeringen
481 805 148 26 tillmötesgått
645 805 40 20 den
699 803 154 22 finskatalande
869 804 80 21 befolk-

125 833 89 26 ningens
229 833 92 26 anspråk
335 832 28 27 på
378 833 123 27 tillräckligt
516 833 59 22 antal
589 833 69 21 finska
668 833 210 26 navigationsskolor.
899 833 49 21 Men

125 861 29 21 då
169 861 34 21 vid
219 861 142 21 innevarande
376 861 101 27 landtdag
493 862 33 21 för
542 862 47 21 icke
604 861 23 22 så
642 861 73 21 alltför
725 861 126 27 längesedan
863 861 85 26 petitio-

125 896 39 14 ner
178 890 7 20 i
200 889 160 27 ifrågavarande
381 889 54 27 syfte
458 890 64 21 hafva
544 890 68 21 blifvit
627 890 60 20 äfven
702 889 23 21 af
739 890 157 26 presteståndet
910 896 39 14 an-

126 922 71 22 tagna,
213 918 6 20 i
235 918 53 27 syfte
311 918 111 26 nämligen,
445 921 32 19 att
496 918 122 28 regeringen
640 918 67 22 måtte
727 918 80 21 inrätta
826 918 123 27 tillräckligt

125 946 60 22 antal
207 947 205 26 navigationsskolor
431 948 48 20 med
497 947 82 21 finskan
595 947 31 21 till
641 946 231 28 undervisningsspråk,
889 947 59 21 torde

126 976 37 20 det
185 975 117 21 förnämsta
326 976 83 20 hindret
429 976 34 20 för
483 975 154 22 finskatalande
652 975 143 21 befälhafvare
811 978 32 18 att
857 974 92 27 fullgöra

126 1004 106 27 sjölagens
255 1004 116 27 stadgande
390 1004 7 21 i
413 1005 58 21 detta
492 1004 120 22 hänseende
634 1010 51 15 vara
707 1004 141 26 tillgodosedt.
884 1004 64 21 Dess-

126 1035 59 19 utom
201 1033 55 21 hade
270 1034 67 20 under
353 1033 40 21 den
405 1033 126 25 diskussion,
542 1039 45 15 som
598 1033 112 26 försiggick
721 1032 58 22 öfver
789 1032 160 27 ifrägavarande

126 1064 61 18 ämne
211 1062 34 20 vid
268 1062 147 26 ridderskapet
438 1062 39 21 och
499 1062 74 21 adelns
595 1062 163 25 sammanträde,
780 1062 35 21 det
830 1061 46 21 frän
892 1067 57 21 rege-

126 1090 85 27 ringens
227 1090 46 22 sida
287 1091 68 21 blifvit
370 1090 91 27 upplyst,
473 1093 32 19 att
514 1091 124 26 regeringen
649 1090 33 21 för
692 1090 131 22 närvarande
835 1090 37 21 har
882 1090 68 21 under

126 1119 116 27 görningen
261 1126 25 14 en
303 1120 76 26 ätgärd
395 1119 84 25 derhän,
495 1122 32 18 att
543 1119 206 27 navigationsskolan
764 1119 6 21 i
786 1119 80 26 Viborg
881 1118 69 22 skulle

126 1147 105 27 utvidgas,
253 1148 24 21 sä
298 1150 33 19 att
353 1148 40 21 den
415 1148 70 22 kunde
506 1148 155 22 tillfredsställa
684 1148 98 21 behofvet
799 1148 151 21 åtminstone
935 1143 19 35 i

126 1178 59 19 östra
207 1177 96 25 Finland,
327 1176 39 22 och
389 1183 48 15 man
460 1177 60 21 torde
542 1178 35 20 väl
600 1176 86 28 hoppas,
707 1178 32 19 att
757 1176 122 26 regeringen
895 1176 54 21 skall

126 1205 56 21 fästa
201 1204 97 22 afseende
313 1206 34 20 vid
362 1206 142 26 petitionerna
518 1212 34 14 om
568 1206 121 21 inrättande
705 1205 22 21 af
739 1205 52 21 flera
806 1205 144 26 navigations-

125 1234 73 21 skolor
221 1234 60 21 äfven
304 1234 34 22 för
360 1235 40 20 den
419 1237 70 19 vestra
506 1235 59 21 delen
581 1234 22 21 af
617 1234 78 26 landet,
709 1234 24 21 sä
747 1236 33 18 att
795 1234 36 21 det
846 1234 103 20 abnorma

126 1262 132 22 förhållande
281 1263 46 21 icke
348 1263 73 27 längre
443 1264 65 20 måtte
527 1263 91 26 gvarstä,
633 1268 45 16 som
694 1262 22 21 af
729 1262 142 27 petitionären
886 1262 63 21 fram-

126 1290 73 22 hälles.
227 1292 112 21 Allmänna
354 1291 199 27 besvärsutskottet,
570 1291 32 22 till
617 1292 62 21 hvars
694 1290 152 28 förberedning
862 1290 87 22 ärendet

127 1319 23 21 af
163 1320 155 21 bondeständet
333 1320 108 26 hänsköts,
457 1321 66 26 ansäg
538 1320 27 26 pä
581 1320 25 21 de
621 1320 100 26 grunder,
732 1326 45 14 som
787 1320 7 20 i
805 1319 145 21 betänkandet

126 1348 69 22 finnas
213 1349 124 26 framlagda,
353 1351 32 19 att
400 1349 62 26 ingen
477 1350 72 20 vidare
564 1349 75 26 ätgärd
655 1348 45 22 frän
716 1348 125 22 ständernas
857 1348 46 20 sida
917 1347 33 21 för

127 1378 131 20 närvarande
279 1378 65 21 borde
368 1378 99 26 vidtagas,
490 1378 54 21 helst
567 1378 122 26 regeringen
711 1378 24 20 är
754 1377 7 20 i
777 1378 31 20 sin
830 1377 56 27 goda
907 1378 43 20 rätt

126 1407 34 19 att
181 1406 106 26 antingen,
308 1412 75 20 genom
406 1406 138 21 användande
561 1406 22 21 af
597 1406 184 26 suspensionsrätt,
804 1404 95 28 generelt
914 1405 36 20 be-

127 1432 41 22 fria
183 1434 158 20 vederbörande
357 1433 143 21 befälhafvare
516 1434 32 20 för
563 1434 68 25 nägon
648 1434 29 20 tid
693 1434 47 20 frän
756 1434 146 25 skyldigheten
918 1434 32 20 att

127 1461 95 27 undergä
244 1468 94 20 examen,
362 1462 52 20 eller
433 1462 63 21 ocksä
511 1462 7 20 i
534 1462 90 26 speciela
639 1461 37 21 fall
691 1460 97 22 meddela
804 1460 84 27 dispens
902 1460 47 22 frän

127 1496 94 15 examen.
250 1490 41 21 Det
306 1490 61 22 torde
383 1490 96 27 föröfrigt
493 1490 47 21 icke
555 1496 51 15 vara
621 1490 6 21 i
643 1490 31 20 sin
686 1490 95 26 ordning,
793 1491 32 19 att
836 1490 114 21 ständerna

127 1518 69 22 skulle
218 1519 49 27 ingä
287 1519 47 22 med
350 1525 25 16 en
390 1525 122 20 gemensam
527 1519 89 27 petition
631 1518 6 21 i
653 1517 55 28 syfte
723 1519 33 20 att
771 1518 79 26 begära
865 1517 84 28 dispens
