1103 1786
302 131 159 19 Presteståndet
474 133 54 17 1877.
552 134 12 16 2
576 134 115 17 november.
829 127 52 21 1865

97 207 33 15 om
146 201 82 21 säledes
244 201 38 21 allt
297 201 55 22 hvad
367 201 25 22 lif
405 201 38 22 och
459 203 54 20 anda
528 203 39 20 har
581 202 7 21 i
604 203 31 21 St.
651 202 87 21 Michels
753 202 43 26 län,
811 208 45 15 som
871 202 42 21 kan

95 231 89 24 antagas
206 229 67 21 under
296 231 68 25 någon
386 230 151 27 förutsättning
559 231 70 20 kunna
651 231 46 20 litet
720 231 95 25 svenska,
832 231 81 25 tages
903 225 14 36 i

95 258 100 26 anspråk,
218 258 24 21 så
264 257 31 22 fås
318 259 46 20 icke
385 259 37 20 full
445 259 119 26 besättning
578 260 7 20 i
601 261 32 19 ett
648 259 84 21 svenskt
748 259 96 21 läroverk
859 259 6 20 i
881 259 31 21 St.

95 286 84 21 Michel.
209 286 49 21 Men
273 287 71 21 dertill
361 287 97 21 svarades
474 287 23 21 af
511 290 173 24 representanten
699 288 32 20 för
746 287 30 21 St.
788 287 83 26 Michel,
881 289 32 18 att

96 314 36 22 det
153 321 38 15 var
215 317 31 19 ett
267 318 55 18 stort
342 316 88 26 misstag
444 317 33 19 att
494 316 46 21 icke
555 318 40 23 tro,
611 318 34 18 att
660 316 39 20 den
714 315 199 27 bildningssökande

95 343 144 21 allmänheten
260 344 6 20 i
290 344 30 21 St.
340 344 88 21 Michels
449 344 35 21 län
499 345 46 21 icke
560 344 67 22 skulle
643 344 129 27 småningom
788 344 79 21 förmås
882 346 32 18 att

95 372 74 21 skicka
191 372 46 21 sina
258 372 52 21 barn
332 373 33 20 till
386 372 29 22 St.
433 372 76 22 Michel
524 373 33 21 för
572 375 33 19 att
620 373 21 21 få
656 373 47 21 dem
718 375 33 19 att
766 373 44 21 tala
825 372 89 21 svenska

96 400 39 22 och
160 400 82 22 således
267 401 48 26 sjelf
338 402 77 26 antaga
438 401 35 22 det
496 402 88 21 svenska
606 401 91 27 språket.
728 402 42 20 Det
790 403 23 19 är
828 401 86 21 alldeles

95 429 110 27 påtagligt,
222 431 31 19 att
269 430 39 20 den
319 430 64 20 värde
400 432 182 24 representantens
593 430 84 26 mening
687 436 43 20 var,
741 432 33 19 att
785 430 30 20 St.
827 429 87 21 Michels

95 458 109 21 läroverks
220 458 82 26 uppgift
317 464 38 15 var
371 460 31 19 att
416 459 97 25 plantera
528 465 26 14 en
569 459 51 21 liten
637 459 75 21 svensk
727 458 85 25 provins
827 458 6 21 i
850 458 64 21 Savo-

95 486 46 21 laks
164 486 39 22 och
226 486 61 22 deraf
307 489 52 24 göra
380 488 31 20 ett
426 487 46 21 litet
486 486 105 22 materielt
607 487 101 26 underlag
722 488 32 20 för
770 487 40 21 den
826 487 88 21 svenska

95 515 107 26 kulturen,
218 516 20 20 d.
261 522 18 14 v.
301 522 16 14 s.
341 516 40 20 den
404 516 89 21 svenska
514 516 254 21 embetsmannaklassens
783 515 130 21 fortfarande

96 543 114 22 svenskhet
231 544 7 21 i
253 544 48 20 vårt
324 544 56 20 land.
410 544 40 26 Jag
466 545 35 20 vill
517 544 69 22 lemna
600 545 13 21 å
629 544 44 22 sido
690 544 54 21 hvad
759 544 23 20 af
796 544 61 21 dessa
872 544 42 20 för-

96 572 108 27 klaringar
219 573 6 20 i
241 572 174 27 borgareståndet
430 573 41 21 kan
487 574 109 20 betraktas
612 573 69 21 såsom
697 572 91 26 officielt,
801 578 47 16 men
859 572 56 21 hvad

94 601 37 26 jag
153 601 74 21 endast
249 601 48 21 ville
319 603 52 24 säga
390 602 24 20 är
429 602 41 26 det,
485 604 32 18 att
532 601 36 22 det
583 603 24 19 är
622 601 132 26 oförklarligt
770 601 36 20 det
821 601 37 26 nit,
875 601 40 20 den

95 629 106 27 fanatism,
224 630 47 20 med
294 629 83 22 hvilken
398 637 47 14 man
466 630 38 21 har
522 631 48 21 sökt
586 630 37 22 der
638 630 130 27 grundlägga
784 632 30 19 ett
830 629 85 22 svenskt

96 658 97 22 läroverk
210 659 53 20 midt
277 658 7 21 i
301 659 35 21 det
351 658 68 22 finska
434 659 107 21 Savolaks.
557 672 28 2 —
600 659 42 21 Det
657 661 23 19 är
696 659 22 21 af
732 660 58 20 detta
806 658 51 26 skäl,
870 665 44 15 som

94 686 35 27 jag
152 688 85 20 förenar
259 688 42 25 mig
326 694 33 14 om
381 688 76 20 doktor
479 688 123 26 Hornborgs
622 688 94 26 yrkande
732 688 26 26 på
774 689 32 19 att
821 694 62 14 mom.
899 688 16 26 1)

96 716 67 21 mätte
179 715 85 21 affattas
279 716 6 20 i
301 716 217 21 öfverensstämmelse
534 717 47 21 med
598 717 52 20 hans
665 716 136 21 reservation.

164 773 89 21 Prosten
275 773 178 27 Rosengren:
483 774 114 26 Angående
619 780 62 14 mom.
702 774 14 24 i)
737 773 38 21 ber
793 773 37 27 jag
848 774 32 20 att
895 772 20 21 få

96 801 84 22 biträda
196 802 77 20 doktor
289 801 124 27 Hornborgs
428 803 135 20 reservation.
585 803 42 24 Jag
641 804 45 18 tror
700 802 59 24 visst,
775 804 32 19 att
822 802 31 20 till
869 796 46 26 Åbo

96 831 97 21 läroverk
216 830 79 20 infinna
317 830 32 26 sig
371 830 22 21 så
409 831 75 25 många
499 831 75 24 elever,
589 833 33 19 att
638 831 25 20 de
679 832 75 19 tvänne
770 830 90 21 svenska
875 830 40 20 ele-

96 858 207 22 mentarläroverken
325 859 60 21 äfven
405 858 131 23 fortfarande
557 860 59 21 skola
636 865 51 15 vara
706 860 53 19 nära
773 858 37 22 full
826 858 89 24 besatte,

96 893 48 16 men
157 888 36 26 jag
215 887 38 21 har
268 888 39 19 den
323 888 79 21 tanken
417 890 32 18 att
464 893 34 15 om
514 890 30 19 ett
559 888 65 21 finskt
639 888 80 26 lyceum
735 887 90 22 inrättas
840 887 6 21 i
882 887 33 24 Åbo,

96 915 23 22 så
140 916 38 26 går
198 922 25 15 en
245 915 34 21 hel
301 916 41 27 hop
358 916 57 25 barn,
434 923 44 14 som
495 923 27 14 nu
538 919 36 19 äro
590 917 35 20 vid
641 916 35 21 det
691 917 89 20 svenska
795 916 73 27 lycéet,
883 917 33 19 att

96 944 114 22 framdeles
233 944 52 22 söka
300 945 31 21 sin
353 945 93 26 bildning
462 945 6 20 i
484 945 36 22 det
534 945 68 22 finska
617 945 72 27 lycéet,
706 945 40 21 och
758 945 37 26 jag
810 947 50 23 tror,
878 946 37 23 att,

97 980 34 15 om
151 979 48 16 man
221 973 95 22 besluter
335 974 30 26 så,
387 976 32 19 att
439 974 61 21 dessa
520 974 56 21 båda
590 973 90 22 svenska
698 973 69 27 lycéer
790 973 60 21 skola
865 979 51 14 vara

97 1002 89 21 svenska
209 1002 38 21 och
267 1004 32 19 att
321 1005 31 19 ett
373 1002 64 21 finskt
452 1003 80 26 lyceum
554 1003 53 21 först
628 1003 71 24 sedan,
715 1003 27 20 då
757 1003 35 20 det
809 1001 67 22 blifvit
891 1007 26 14 en

97 1031 110 26 möjlighet
222 1031 33 20 för
269 1033 77 24 staten,
361 1031 97 27 inrättas,
474 1032 68 21 skulle
557 1037 48 16 man
621 1031 31 21 till
669 1037 26 14 en
711 1030 110 22 obestämd
832 1030 85 21 framtid

97 1059 116 28 uppskjuta
233 1059 36 22 det
288 1059 68 22 finska
378 1060 77 27 lycéets
470 1061 120 20 inrättande
606 1059 39 22 och
661 1060 35 21 det
711 1059 137 22 förevarande
863 1059 54 20 bild-

97 1088 162 28 ningsbehofvet
280 1089 67 21 skulle
363 1089 46 21 icke
425 1089 64 21 blifva
504 1089 164 21 tillfredsstäldt.
699 1089 43 20 För
757 1088 63 27 öfrigt
835 1094 33 15 ser
881 1088 36 27 jag

97 1117 115 27 ingenting,
234 1124 45 15 som
300 1118 67 21 skulle
387 1118 75 21 hindra
483 1118 83 21 ståndet
589 1120 31 19 att
639 1117 112 27 godkänna
766 1117 102 26 förslaget
884 1123 33 14 om

97 1146 132 21 inrättandet
251 1146 22 21 af
290 1148 31 19 ett
338 1146 121 27 fyrklassigt
478 1147 80 26 lyceum
574 1147 5 20 i
595 1146 138 27 Björneborg,
749 1148 22 25 ty
787 1145 132 27 Björneborg

98 1175 39 21 har
159 1175 67 21 behof
245 1176 24 20 af
287 1179 32 18 ett
337 1175 64 21 finskt
417 1175 103 21 läroverk.
550 1175 40 26 Jag
605 1175 67 21 skulle
688 1178 32 18 tro
737 1175 39 21 den
792 1177 60 18 orten
868 1180 50 14 vara

98 1204 7 20 i
121 1203 64 22 behof
200 1204 21 21 af
235 1206 31 19 ett
285 1204 134 26 fullständigt
434 1204 64 21 finskt
512 1203 103 25 läroverk,
632 1206 22 24 ty
669 1204 35 20 det
720 1205 23 19 är
758 1209 26 15 en
800 1202 22 21 af
836 1202 25 21 de
877 1203 42 21 för-

99 1234 110 25 mögnaste
229 1234 63 25 orter,
314 1233 39 21 och
374 1232 36 22 det
429 1233 39 21 har
489 1232 53 22 visat
560 1232 38 27 sig,
618 1233 32 21 att
664 1232 105 26 allmogen
784 1231 135 27 deromkring

99 1261 39 21 har
157 1260 64 28 flitigt
239 1264 43 19 satt
303 1262 46 21 sina
369 1261 50 22 barn
440 1262 6 20 i
468 1261 66 24 skola,
556 1261 81 21 hvilket
657 1261 53 21 dock
730 1261 8 20 i
753 1260 103 27 väsentlig
871 1260 48 21 män

99 1290 97 21 hindrats
212 1290 127 27 derigenom,
355 1292 32 20 att
403 1291 37 21 der
454 1290 47 21 icke
516 1290 79 21 funnits
610 1289 68 22 finska
693 1290 77 20 skolor.
793 1288 48 22 Med
850 1289 70 21 anled-

100 1319 50 27 ning
165 1319 24 21 af
202 1319 146 27 kyrkoherden
363 1318 151 22 Fredrikssons
528 1318 99 27 yttrande
643 1318 38 21 ber
694 1318 35 26 jag
744 1320 32 19 att
786 1317 21 21 få
816 1317 103 26 försäkra,

100 1349 33 19 att
145 1348 37 26 jag
197 1348 46 21 icke
259 1348 114 21 beherskas
389 1348 22 21 af
425 1348 65 26 några
505 1347 166 26 partiintressen,
687 1353 48 15 men
751 1346 35 21 vill
799 1346 54 21 blott
864 1346 56 21 fästa

100 1376 215 27 uppmärksamheten
338 1376 35 22 vid
396 1376 35 22 det
454 1376 146 26 besynnerliga
614 1376 7 20 i
637 1376 35 20 det
688 1375 132 27 påståendet,
836 1376 33 20 att
884 1375 36 20 det

100 1411 50 15 vore
173 1412 24 14 en
221 1405 184 21 himmelskriande
423 1404 109 25 orättvisa,
548 1406 31 19 att
594 1406 31 19 ett
640 1404 85 21 svenskt
740 1403 98 21 läroverk
852 1403 68 21 skulle

100 1432 122 22 förvandlas
241 1433 32 20 till
289 1433 70 26 finskt,
375 1433 71 21 förrän
462 1432 35 21 det
512 1432 82 21 bevisat
610 1432 37 25 sig,
663 1433 32 19 att
709 1431 122 21 läroverket
845 1437 75 20 genom

101 1461 138 22 elevantalets
260 1461 123 26 nedgående
404 1462 25 19 är
451 1460 119 26 obehöfligt.
600 1460 66 21 Detta
686 1461 24 19 är
730 1465 25 15 en
770 1459 151 26 förutsättning

101 1496 45 15 som
168 1490 48 21 icke
237 1491 25 19 är
283 1489 94 27 hållbar;
400 1488 73 22 såvida
495 1488 37 22 det
546 1488 67 22 finnes
629 1490 30 19 ett
674 1487 66 22 behof
754 1487 38 22 hos
807 1487 67 21 folket
888 1489 33 19 att

101 1519 57 28 gifva
180 1518 47 22 sina
249 1518 52 22 -barn
323 1518 95 27 bildning
440 1517 39 22 och
502 1517 132 27 uppfostran,
650 1516 40 22 blir
705 1516 58 22 detta
778 1516 50 28 folk,
843 1516 27 22 då
885 1516 36 21 det
