1103 1789
311 138 159 17 Presteståndet
485 138 54 17 1877.
563 139 14 16 8
589 137 114 18 november.
830 131 54 21 1989

95 209 33 20 att
150 207 84 22 straffas
256 207 133 22 annorlunda
409 206 34 22 för
459 207 66 26 brott,
541 208 26 19 än
583 206 67 21 andra
664 206 146 27 medborgare.
840 205 74 22 Skulle

93 235 37 27 jag
144 235 64 22 hafva
222 235 63 22 suttit
299 235 7 21 i
321 235 111 25 utskottet,
448 235 67 21 skulle
529 235 36 26 jag
580 234 67 26 äfven,
663 235 76 21 liksom
754 235 77 20 doktor
845 234 69 21 Horn-

96 265 58 26 borg,
177 263 63 22 hafva
259 264 75 21 ändrat
355 263 61 22 ordet
434 263 76 27 ,felar*
526 263 32 21 till
575 263 105 26 ,,bryter",
696 269 47 15 men
756 263 37 26 jag
808 264 24 19 är
847 262 67 21 öfver-

95 293 64 26 tygad
174 298 35 15 om
224 294 39 24 att,
279 293 60 20 äfven
355 298 34 15 om
405 292 36 21 det
455 291 34 22 får
503 292 92 26 qvarstå,
610 292 62 26 ingen
688 291 85 21 domare
789 291 62 21 deraf
859 291 55 21 skall

96 321 110 20 vilseledas
222 322 32 20 att
268 320 51 21 fälla
334 321 69 26 någon
418 320 32 21 till
465 319 66 25 straff,
548 326 34 15 om
597 320 42 21 han
655 319 93 22 befinnes
763 326 51 15 vara
829 319 86 27 oduglig

96 351 32 19 att
150 349 90 26 fullgöra
262 349 38 21 sitt
320 349 73 21 arbete
412 349 52 20 eller
484 348 39 21 har
538 355 26 14 en
580 348 80 27 obotlig
674 348 104 26 sjukdom.
809 348 42 21 Det
865 354 51 15 vore

97 373 62 58 dock,
170 377 76 27 bättre,
263 379 32 20 att
310 377 62 26 lagen
387 383 49 16 vore
451 377 68 27 tydlig
534 377 39 22 och
589 379 32 19 att
636 377 40 21 den
691 377 93 26 antydda
799 376 116 27 ändringen

96 411 89 22 gjordes.

164 463 91 21 Prosten
276 463 145 26 Dahlberg
443 463 74 21 trodde
539 463 54 26 icke,
613 464 32 19 att
663 463 68 26 någon
747 463 86 21 domare
847 461 69 22 skulle

96 491 108 28 pliktfälla
220 498 25 15 en
259 498 78 20 person
353 491 70 21 derför
438 493 33 19 att
485 491 42 21 han
542 497 38 15 var
596 491 91 27 obotligt
702 491 53 26 sjuk,
771 495 51 17 utan
837 491 56 21 blott
908 491 7 20 i

96 521 100 21 händelse
212 520 41 21 han
269 527 76 20 genom
361 526 25 15 en
401 519 126 28 förbrytelse
542 520 66 21 vållat
622 519 73 22 skada.

164 578 91 21 Prosten
276 577 73 22 Roos
370 577 95 22 uttalade
487 577 32 28 sig
541 577 7 21 i
570 583 81 15 samma
674 577 93 26 riktning
782 583 45 15 som
842 577 75 26 pastor

96 606 145 22 Westerlund.
272 607 42 21 Det
335 607 70 20 kunde
426 606 23 27 ju
472 606 77 26 hända,
572 608 32 19 att
627 612 25 15 en
674 606 66 21 sådan
762 605 92 27 ungdom
869 605 48 22 icke

96 636 82 21 känner
193 635 46 22 sina
254 635 107 26 naturliga
376 635 62 27 anlag
453 634 40 22 och
508 635 32 21 till
553 641 31 15 ex.
600 634 66 27 gifver
681 635 31 26 sig
727 635 21 20 in
764 634 6 21 i
781 634 136 21 skomakare-

96 665 53 25 lära,
169 665 27 20 då
219 665 41 20 han
283 664 118 27 egentligen
424 664 65 21 borde
509 664 62 21 hafva
587 663 68 21 blifvit
669 663 120 26 urmakare,
805 663 54 21 skall
875 662 41 22 han

97 699 29 15 nu
147 693 115 26 pilktfällas
285 693 32 21 för
340 692 35 22 det
397 694 32 20 att
450 692 43 21 han
512 693 56 26 gjort
582 692 136 25 urmakeriet,
733 692 32 21 till
781 692 79 21 hvilket
875 691 41 21 han

96 721 55 22 varit
176 721 78 28 duglig,
277 721 67 22 skada
366 721 39 22 och
429 721 68 27 ingått
518 721 34 21 vid
569 721 147 26 skomakeriet,
732 721 32 20 till
779 720 81 21 hvilket
875 719 41 22 han

97 753 24 18 är
136 751 104 26 komplett
256 750 91 27 oduglig.

165 807 81 22 Rektor
268 807 136 22 Hallsten
427 806 104 27 framhöll,
553 808 32 20 att
603 806 38 21 fall
656 806 71 21 kunde
742 805 91 27 inträffa,
849 805 27 22 då
890 812 27 15 en

99 838 91 20 mästare
206 836 33 21 led
255 836 82 27 verklig
351 836 67 21 skada
433 835 22 22 af
469 842 25 15 en
511 835 86 28 oduglig
611 835 103 21 arbetare.
745 834 39 21 Om
800 835 42 21 han
857 836 15 19 t.
884 841 32 14 ex.

98 865 67 22 måste
187 865 108 27 reqvirera
316 871 26 15 en
363 865 98 20 arbetare
477 864 45 21 från
538 871 25 14 en
579 870 69 15 annan
664 864 47 21 stad
727 863 39 22 och
782 863 67 22 denne
865 869 52 22 upp-

98 893 38 28 gaf
156 895 32 26 sig
210 894 71 21 kunna
303 895 81 20 uträtta
407 893 41 27 det,
463 899 45 15 som
524 893 22 20 af
559 893 77 21 honom
652 892 116 27 fordrades,
785 894 75 25 antogs
876 892 42 21 han

99 923 39 21 och
152 924 107 20 mästaren
275 922 116 21 bekostade
407 922 77 21 honom
499 921 68 27 skjuts
583 921 39 22 och
637 921 41 26 dyl.
708 921 41 21 Vid
765 921 153 21 framkomsten

100 951 87 22 befanns
203 951 41 21 han
260 951 86 27 oduglig
361 951 31 20 till
408 953 32 19 att
451 950 91 27 fullgöra
552 951 38 20 sitt
600 949 80 22 arbete.
700 949 72 22 Skulle
783 949 46 22 icke
839 951 78 20 mästa-

99 987 37 15 ren
162 980 28 21 då
214 980 71 21 kunna
309 979 62 27 skilja
392 979 77 21 honom
492 979 46 21 från
557 979 31 21 sin
609 978 71 27 tjenst,
695 978 71 22 kunde
781 978 42 21 han
838 978 80 21 förlora

99 1009 81 27 ganska
194 1009 90 27 mycket.

168 1067 110 21 Professor
293 1066 153 22 Ehrström:
476 1065 43 21 För
533 1071 26 15 en
575 1065 86 20 domare
676 1065 24 20 är
716 1063 35 22 det
766 1063 83 28 tydligt,
865 1065 31 20 att
911 1063 7 21 i

100 1096 68 21 denna
183 1095 106 26 paragraf,
305 1095 67 21 ehuru
387 1095 40 20 den
442 1094 46 21 icke
504 1095 23 19 är
542 1093 34 21 väl
591 1092 114 24 stiliserad,
720 1093 36 20 det
771 1095 23 18 är
809 1092 60 26 fråga
884 1098 34 15 om

100 1130 25 15 en
150 1124 89 20 enstaka
261 1123 106 27 handling,
389 1129 45 15 som
455 1122 115 21 innefattar
590 1127 25 15 en
637 1120 132 27 förbrytelse,
785 1120 33 21 för
833 1120 86 22 hvilken

100 1151 62 23 straff
182 1152 55 21 skall
259 1152 87 21 ådömas
366 1151 39 21 och
420 1151 67 21 skada
501 1150 54 22 skall
571 1151 96 20 ersättas.
698 1148 73 22 Skulle
786 1149 67 21 skada
868 1148 50 27 eljes

100 1187 51 15 vara
172 1180 96 27 tillfogad
283 1182 92 19 mästare
390 1179 22 21 af
426 1186 25 14 en
467 1179 104 25 arbetare,
589 1180 51 19 utan
655 1179 32 20 att
702 1178 73 20 dervid
790 1178 70 26 någon
875 1177 45 21 för-

101 1210 91 26 brytelse
214 1215 49 15 vore
284 1208 115 27 begången,
423 1208 66 26 gifver
511 1208 36 20 det
566 1206 112 26 anledning
700 1206 33 21 till
751 1212 24 14 en
792 1206 47 21 civil
855 1207 65 19 rätte-

100 1238 56 27 gång
170 1244 34 14 om
221 1237 135 27 skadestånd,
372 1242 47 16 men
435 1236 45 21 icke
496 1242 33 15 om
545 1236 36 20 det
596 1234 134 26 skadestånd,
747 1240 44 15 som
802 1234 117 27 preciseras

101 1267 34 20 för
157 1272 25 15 en
204 1266 133 26 förbrytelse.
367 1264 42 22 Det
431 1270 61 21 synes
515 1264 43 26 mig
577 1263 84 21 derföre
682 1263 45 21 icke
742 1262 72 22 kunna
829 1262 90 26 befaras,

101 1297 33 19 att
158 1301 26 14 en
207 1294 91 22 domstol
320 1293 68 21 skulle
410 1294 85 20 komma
515 1295 33 19 att
570 1292 96 26 tillämpa
690 1292 68 20 denna
777 1290 102 27 paragraf
892 1290 28 27 på

101 1323 130 27 handlingar,
247 1329 45 15 som
307 1322 47 21 icke
368 1322 103 21 innefatta
486 1328 26 14 en
527 1320 132 27 förbrytelse.
674 1332 28 3 —
713 1319 47 21 Men
772 1319 69 21 såsom
852 1319 68 26 sagdt,

101 1352 84 21 förenar
204 1352 36 26 jag
260 1352 43 26 mig
322 1350 47 22 med
393 1350 76 21 doktor
490 1349 112 25 Hornborg
616 1348 7 21 i
638 1350 32 19 att
685 1348 61 21 ordet
761 1347 76 27 ,felar"
853 1347 67 21 borde

101 1380 86 28 utbytas
210 1382 57 19 emot
287 1380 62 20 ordet
368 1379 93 27 ,bryter*
476 1378 39 21 och
531 1378 37 21 ber
583 1377 34 21 för
631 1376 63 26 öfrigt
709 1376 48 21 med
772 1376 113 26 anledning
900 1376 23 20 af

103 1411 31 19 ett
154 1408 39 21 här
208 1409 53 20 fäldt
275 1408 100 26 yttrande
391 1409 32 19 att
439 1407 20 20 fä
475 1406 92 26 tillägga,
584 1408 33 18 att
632 1405 27 21 dä
674 1405 61 25 lagen
750 1405 129 20 bestämmer
894 1410 26 14 en

102 1436 143 26 strafflatitud,
267 1436 36 21 det
324 1435 79 27 åligger
419 1434 124 25 domstolen,
559 1439 45 16 som
619 1432 54 21 skall
688 1432 95 26 tillämpa
799 1432 74 25 denna,
888 1433 34 19 att

103 1464 110 23 föreställa
236 1465 31 25 sig
289 1464 43 21 alla
354 1462 86 28 möjliga
461 1462 42 26 fall,
519 1468 45 14 som
579 1461 72 21 kunna
671 1461 85 20 komma
771 1460 66 21 under
853 1460 69 20 denna

104 1494 83 26 latitud,
211 1493 39 22 och
269 1492 48 22 med
331 1492 82 27 hänsyn
429 1491 32 21 till
475 1490 152 28 förbrytelsens
641 1489 85 21 svärare
742 1488 51 22 eller
808 1488 114 27 lindrigare

105 1522 144 23 beskaffenhet
264 1523 83 21 utsätta
361 1521 59 21 detta
434 1520 61 22 straff
508 1522 96 19 närmare
618 1518 114 21 maximum
744 1518 52 21 eller
806 1518 115 24 minimum,
