1700 1950
513 211 55 21 1800
699 215 160 18 Presteståndet
873 215 55 17 1877.
952 215 23 17 31
988 214 92 17 oktober.

483 283 108 22 materielt
613 283 127 21 hänseende.
771 283 45 20 Den
834 283 35 21 vill
885 283 46 21 icke
946 282 68 21 rubba
1029 282 39 21 den
1084 281 106 21 klassiska
1204 281 102 26 grunden,

483 312 88 21 emedan
595 312 40 21 den
655 314 50 22 tror,
721 313 32 20 att
768 311 62 27 ingen
847 311 23 21 af
883 311 51 22 våra
949 313 58 19 stora
1022 312 48 19 män
1085 309 65 22 hafva
1165 310 82 21 kunnat
1261 309 43 22 till-

484 347 54 21 egna
560 341 32 26 sig
614 341 149 20 modersmålet
785 340 134 27 fullständigt
940 340 49 21 med
1011 339 82 22 mindre
1112 341 28 18 än
1154 340 33 20 att
1199 339 27 20 de
1241 338 65 21 hafva

483 370 96 26 inträngt
590 369 8 21 i
612 370 39 21 den
663 369 104 22 klassiska
777 369 140 22 litteraturen.
937 368 43 21 För
989 368 117 21 reformens
1117 368 91 27 lyckliga
1218 373 86 21 genom-

483 398 88 22 förande
590 399 36 20 vill
642 398 134 21 minoriteten
791 398 53 26 yrka
858 398 29 27 på
901 399 33 20 att
948 397 99 21 förökadt
1062 397 58 20 antal
1135 396 170 27 undervisnings-

483 427 87 22 timmar
592 427 67 22 måtte
675 427 6 20 i
697 427 75 21 skolan
795 427 70 21 anslås
886 427 33 21 för
934 426 119 21 inlärandet
1068 425 23 21 af
1105 425 26 22 de
1143 425 55 22 båda
1214 425 90 27 språken

483 457 40 20 och
546 462 69 20 anser,
639 458 32 19 att
693 455 62 22 dessa
775 455 85 22 timmar
880 455 71 22 kunde
972 457 51 19 utan
1045 457 32 19 att
1092 455 131 26 väsentligen
1237 454 68 21 rubba

484 485 111 22 skolornas
619 485 166 26 lektionsplaner
807 484 74 21 lättast
896 485 74 20 vinnas
985 484 129 27 derigenom,
1130 486 32 19 att
1177 483 93 22 studium
1285 483 24 22 af

484 515 65 26 ryska
571 514 87 27 språket
681 513 61 27 finge,
758 514 7 21 i
780 513 68 22 likhet
863 514 47 20 med
926 513 55 21 hvad
996 512 58 22 förut
1069 519 37 15 var
1121 512 66 27 öfligt,
1203 512 59 27 börja
1278 512 27 27 på

485 543 86 22 skolans
593 543 19 21 V
635 543 64 21 klass.
729 543 74 20 Såsom
819 542 66 21 motiv
900 543 33 20 för
945 548 26 15 en
987 541 65 22 sådan
1068 541 116 26 anordning
1199 541 42 22 kan
1257 541 48 21 icke

484 572 71 21 bättre
577 571 131 24 framhållas,
731 573 26 19 än
780 571 25 21 de
828 571 136 21 välbetänkta
987 571 38 20 och
1044 571 33 20 väl
1093 570 65 27 sagda
1174 570 45 25 ord,
1234 569 72 22 hvilka

484 601 73 20 rektor
579 600 101 21 Kihlman
703 599 8 21 i
733 600 33 20 sin
781 600 33 20 till
829 599 238 22 utskottsbetänkandet
1083 599 76 26 fogade
1175 599 131 20 reservation

485 629 38 20 har
538 629 86 26 uttalat,
640 629 27 20 dä
682 628 41 21 han
741 629 7 20 i
763 635 26 14 en
805 628 130 26 underdånig
950 627 99 22 anhållan
1065 628 33 21 till
1113 627 59 21 Hans
1187 627 121 27 Kejserliga

484 658 101 27 Majestät
607 664 34 14 om
663 657 89 27 ryskans
775 657 132 27 förflyttning
929 657 33 21 till
984 656 19 21 V
1019 657 83 21 klassen
1117 656 81 21 uttalar
1214 656 94 28 följande

484 688 50 20 ord:
564 686 53 25 ,Om
639 693 29 14 nu
691 686 59 21 detta
772 686 171 22 sakförhållande
959 686 68 21 skulle
1042 686 55 20 inför
1113 686 59 20 Hans
1186 685 120 27 Kejserliga

483 715 102 27 Majestät
609 715 23 20 af
654 715 84 20 landets
763 716 86 20 ständer
873 714 136 25 framställas,
1033 721 34 14 om
1091 714 124 25 Ständerna,
1238 714 68 21 under

484 744 136 21 erkännande
643 743 23 22 af
687 744 40 21 den
749 743 68 22 finska
840 743 84 22 skolars
939 743 54 28 pligt
1008 745 32 19 att
1056 743 131 21 fortfarande
1202 743 40 21 och
1258 743 48 21 med

484 773 67 21 allvar
573 773 65 21 vårda
659 772 32 27 sig
713 779 33 15 om
769 773 35 20 det
819 773 63 27 ryska
897 772 96 27 språkets
1009 772 100 27 studium,
1125 771 68 22 skulle
1208 772 7 20 i
1230 771 76 22 under-

484 802 101 27 dånighet.
608 801 91 26 anhålla,
722 803 32 19 att
776 802 59 21 Hans
857 801 101 27 Majestät
973 801 48 21 ville
1037 807 76 20 genom
1129 807 25 15 en
1170 801 77 26 partiel
1262 801 45 21 för-

484 831 89 26 ändring
595 830 24 21 af
640 831 86 20 skolans
748 830 96 27 läroplan
866 830 70 21 lindra
958 830 41 21 den
1018 829 73 27 börda,
1107 836 45 15 som
1169 829 13 22 f.
1198 836 20 14 n.
1234 829 73 22 alltför

482 859 64 21 hårdt
567 859 85 28 trycker
674 859 50 21 våra
746 859 59 26 barn,
829 859 23 21 så
869 859 61 21 torde
945 865 49 14 man
1009 859 72 20 kunna
1096 859 86 27 hoppas,
1199 861 32 18 att
1246 859 62 21 Hans

484 888 108 27 Majestät,
608 894 45 15 som
668 887 129 28 högsinnadt
812 887 84 28 aflyftat
911 888 24 21 så
949 888 76 27 många
1041 888 116 26 tryckande
1172 887 79 22 bördor
1266 887 41 22 och

483 917 64 21 lättat
571 917 22 21 så
614 916 77 27 många
710 917 129 26 bekymmer,
860 917 62 21 äfven
944 917 54 20 skall
1013 917 97 26 behjerta
1125 917 50 20 våra
1190 917 64 20 barns
1269 917 37 20 be-

483 946 84 26 tryckta
590 946 47 27 läge
659 945 40 21 och
714 945 7 21 i
736 945 65 22 nåder
824 945 74 22 bifalla
913 945 33 21 till
961 951 25 15 en
1003 945 65 21 sådan
1083 945 107 24 anhållan,
1206 945 59 21 detta
1283 946 23 21 så

483 975 84 26 mycket
582 975 74 25 hällre,
673 974 28 21 då
715 975 41 20 den
772 974 87 21 afsedda
875 974 149 27 förändringen
1041 974 70 21 tillika
1123 974 68 21 skulle
1206 974 7 21 i
1228 974 24 21 så
1264 974 44 27 hög

482 1003 53 26 grad
558 1003 132 27 undanrödja
705 1003 88 21 hindren
809 1003 32 22 för
855 1003 148 27 utvecklingen
1019 1003 23 21 af
1056 1003 48 21 hela
1119 1003 77 22 folkets
1212 1003 93 21 kultur."

483 1045 28 3 —
526 1033 41 26 Jag
590 1033 38 21 ber
651 1031 70 22 derför
744 1033 27 26 på
790 1033 68 26 grund
873 1033 24 20 af
911 1032 55 21 hvad
979 1032 37 27 jag
1030 1033 69 26 yttrat
1113 1033 155 20 vördsammast
1284 1032 21 21 få

483 1061 84 26 föreslå,
588 1064 33 19 att
637 1061 36 22 det
687 1061 131 27 högvördiga
834 1062 84 21 ståndet
934 1061 48 21 med
997 1061 136 22 förkastande
1149 1063 23 20 af
1185 1067 85 16 momm.
1286 1063 21 25 a)

483 1091 38 21 och
538 1091 22 26 b)
573 1091 7 20 i
591 1091 116 21 utskottets
716 1091 80 27 förslag
807 1093 89 25 antager
907 1091 39 21 den
959 1090 24 21 af
993 1091 72 21 rektor
1075 1091 100 21 Kihlman
1188 1091 33 21 till
1232 1091 73 21 betän-

482 1120 80 21 kandet
577 1119 77 28 fogade
669 1120 164 21 reservationen.

551 1177 91 21 Prosten
661 1177 82 21 Roos:
769 1177 38 21 Att
823 1177 40 21 den
878 1177 69 21 finska
961 1177 86 21 talande
1063 1177 60 21 delen
1140 1177 22 21 af
1176 1177 67 22 folket
1259 1177 48 21 icke

482 1206 42 20 kan
547 1212 51 14 vara
620 1206 97 26 betjenad
732 1206 52 20 eller
799 1206 83 20 belåten
899 1207 48 19 med
963 1206 177 26 svenskspråkiga
1154 1206 78 25 skolor,
1248 1206 59 21 inser

482 1234 40 21 och
544 1234 105 21 erkänner
670 1234 52 21 hvar
744 1234 40 21 och
807 1240 32 19 en,
855 1234 88 21 likasom
959 1234 63 26 ingen
1038 1234 66 22 heller
1119 1234 73 26 längre
1207 1234 99 22 betviflar

482 1269 80 15 samma
584 1262 56 21 folks
661 1265 59 19 stora
735 1262 66 22 behof
815 1262 23 20 af
851 1263 133 26 upplysning.
1014 1263 41 21 Det
1071 1262 145 28 föreliggande
1231 1262 73 22 betän-

482 1291 80 22 kandet
585 1291 117 22 innehåller
717 1291 64 22 också
795 1298 26 15 en
837 1291 34 22 hel
887 1298 69 15 massa
971 1292 120 26 petitioner,
1108 1291 73 22 hvilka
1196 1292 42 21 alla
1254 1292 52 26 vilja

482 1326 51 15 vara
555 1320 82 21 skrifna
651 1321 8 20 i
675 1321 39 20 den
735 1319 68 22 finska
823 1320 149 27 språkfrågans
987 1320 98 21 intresse.
1115 1321 42 26 Jag
1172 1322 45 19 tror
1232 1320 74 25 likväl,

482 1352 32 18 att
529 1356 34 14 om
579 1355 48 15 man
644 1351 97 19 närmare
756 1349 39 21 och
811 1349 105 26 opartiskt
927 1349 109 21 betraktar
1047 1349 61 21 dessa
1118 1349 120 26 petitioner,
1250 1349 54 21 skall

482 1383 48 15 man
551 1377 63 26 finna,
629 1379 33 19 att
677 1378 27 21 de
720 1377 65 21 hafva
799 1377 75 28 skjutit
889 1377 64 28 något
969 1377 58 22 öfver
1042 1378 66 21 målet
1123 1377 39 22 och
1178 1377 125 28 näppeligen

481 1406 61 20 skola
563 1407 100 20 befordra
683 1407 40 20 den
738 1407 55 24 goda
809 1407 71 24 saken,
896 1413 45 14 som
957 1407 26 20 de
999 1407 54 20 dock
1068 1413 51 14 anse
1133 1407 38 25 sig,
1186 1407 53 20 eller
1254 1407 50 24 vilja

480 1433 113 27 befrämja.
623 1433 50 21 Man
688 1433 39 21 har
742 1433 33 21 för
791 1435 31 19 att
837 1434 86 20 komma
937 1433 34 21 till
986 1434 65 20 målet
1065 1434 89 21 alldeles
1169 1434 47 21 icke
1232 1436 72 24 sparat

480 1461 29 26 på
529 1461 105 26 sidohugg
656 1461 33 21 till
712 1462 65 25 höger
792 1462 40 20 och
853 1464 91 23 venster,
967 1462 154 21 insinuationer
1144 1462 40 20 och
1200 1462 90 26 sidohugi

481 1492 57 19 emot
558 1489 90 22 embets-
664 1489 39 22 och
719 1489 134 28 tjenstemän,
868 1489 64 22 utfall
947 1492 64 24 emot,
1027 1490 70 22 såsom
1112 1496 48 15 man
1176 1490 68 21 kallar
1260 1491 43 24 det,

480 1518 66 27 högre
568 1519 39 21 och
627 1518 58 27 lägre
700 1518 103 28 regioner.
834 1519 39 21 Att
887 1518 66 27 något
967 1519 116 27 synnerligt
1099 1519 86 22 dermed
1200 1519 55 21 skall
1270 1521 34 20 ut-

480 1549 75 24 rättas,
571 1549 46 20 tror
629 1547 37 27 jag
681 1547 26 27 ej,
723 1554 34 15 om
773 1547 46 21 icke
835 1547 64 27 ovilja
913 1547 39 22 hos
968 1548 45 25 den,
1027 1553 45 16 som
1085 1548 48 21 med
1146 1554 44 15 mer
1202 1549 103 26 sansning

480 1575 57 22 läser
558 1576 62 21 dessa
642 1576 110 27 märkliga,
777 1576 69 21 såsom
869 1577 36 20 det
919 1576 67 25 heter,
1002 1577 67 21 akter.
1099 1577 73 28 Några
1187 1577 28 21 ha
1230 1577 74 22 drifvit

480 1604 74 29 frågan
577 1605 33 22 till
625 1605 32 21 sin
673 1607 64 26 spets,
753 1605 56 21 ända
824 1605 86 27 derhän,
925 1607 34 20 att
973 1605 73 22 fordra
1061 1606 121 22 inrättande
1198 1605 24 22 af
1235 1606 70 23 finska
