1103 1775
209 120 56 20 1944
391 124 158 22 Presteståndet
564 124 54 17 1877.
643 124 12 17 6
667 124 114 18 november.

251 192 129 22 Godkännas
395 193 12 20 2
423 192 39 21 och
478 194 12 19 3
506 198 84 16 momm.
607 192 148 26 oförändrade,
772 192 52 22 eller
838 192 60 21 icke?
920 192 82 22 Vinner

181 220 42 27 uej,
243 220 39 22 har
303 220 85 22 ståndet
403 220 87 22 beslutit
505 220 156 22 återremittera
676 220 62 22 dessa
753 222 95 20 moment
862 220 33 22 för
910 221 91 21 omredi-

181 249 76 27 gering
271 249 7 21 i
294 250 36 20 det
345 249 24 21 af
383 250 136 26 domprosten
533 249 89 21 Renvall
639 249 86 27 angifna
741 249 71 27 syftet.

249 306 131 22 Besvarades
395 306 47 22 med
458 306 154 28 öfvervägande
625 307 30 27 ja.

250 364 64 22 Mom,
330 366 14 19 4
359 364 129 27 godkändes.

541 450 64 21 Mom.
621 450 19 20 5.

250 507 142 27 Domprosten
416 508 121 20 Renvall:
567 508 46 20 Den
639 507 71 21 ömhet
736 507 32 21 för
790 507 143 27 utländingar,
956 513 45 15 som

181 535 128 27 paragrafen
331 536 33 21 för
385 536 63 27 öfrigt
470 536 85 25 uttalar,
572 536 52 21 ökar
640 536 40 20 den
695 536 48 21 med
760 536 35 21 det
811 536 52 21 sista
878 538 122 19 momentet.

182 564 144 27 Utländingen
348 565 40 20 har
408 565 38 21 här
465 567 68 19 större
546 565 126 27 rättigheter
686 567 27 19 än
729 565 97 21 inhemsk
841 571 54 19 man,
912 565 41 21 han
969 564 35 21 får

181 592 110 28 öfverallt
311 593 6 21 i
333 593 72 22 landet
419 594 101 27 uppköpa
534 593 204 22 landtmannaalster
754 594 114 26 äfvensom,
883 594 49 21 med
947 593 55 22 iakt-

182 623 92 25 tagande
289 622 23 21 af
327 622 162 21 föreskrifterna
505 623 6 20 i
528 622 193 27 tullagstiftningen
737 623 39 20 och
789 623 212 27 hamnordningarne,

181 650 7 21 i
204 651 111 21 städernas
337 651 88 21 hamnar
448 651 34 21 vid
504 653 82 19 masten
608 651 87 27 försälja
716 651 59 21 såväl
796 651 110 22 inhemska
921 658 45 15 som
982 650 26 22 af

182 679 78 22 honom
276 679 51 27 sjelf
340 680 33 21 till
388 680 73 21 landet
476 679 85 22 införda
572 681 123 24 matvaror”,
707 686 47 15 men
766 680 101 21 behöfver
875 681 46 20 icke
932 680 73 21 betala

183 708 71 27 någon
269 709 58 20 skatt
342 709 52 20 eller
409 709 79 26 afgäld,
504 709 81 21 hvilket
600 709 51 27 eljes
667 709 97 20 inhemsk
779 715 49 15 man
844 709 32 21 för
892 709 114 21 drifvande

182 737 24 20 af
227 737 65 21 sådan
315 737 80 22 rörelse
417 737 67 21 måste
502 739 57 25 göra.
590 737 35 22 Nu
641 737 65 22 borde
722 737 128 22 åtminstone
865 738 139 26 utländingen

181 771 52 16 vara
255 765 130 28 fullkomligt
407 766 84 21 belåten
514 766 48 21 med
585 767 26 20 de
633 767 127 26 rättigheter
780 767 42 20 han
844 766 90 22 erhållit.
963 767 42 26 Jag

182 795 64 26 yrkar
261 795 28 26 på
304 797 31 18 att
351 797 115 19 momentet
481 795 34 21 må
535 795 56 27 utgå.

250 851 143 26 Domprosten
415 850 83 28 Borg:
528 852 42 27 Jag
592 851 84 22 förenar
698 852 44 27 mig
762 852 7 21 i
788 852 42 21 allo
845 852 7 20 i
868 853 136 26 domprosten

181 879 102 21 Renvalls
306 879 136 27 andragande
464 880 40 20 och
526 881 42 20 kan
589 880 47 21 icke
651 879 63 28 finna,
731 882 32 19 att
779 881 58 20 detta
852 882 95 20 moment
962 881 42 21 kan

182 907 70 22 såsom
277 908 76 20 sådant
377 908 130 26 godkännas,
531 912 51 18 utan
604 910 65 25 yrkar
692 909 72 21 derför
785 910 28 26 på
834 909 121 21 återremiss
971 909 33 21 till

182 936 106 21 utskottet
303 936 6 21 i
325 936 36 21 det
377 936 61 27 syfte,
454 939 32 19 att
500 937 112 27 utländing
628 937 33 21 för
678 937 58 21 detta
752 937 56 28 slags
819 938 74 26 näring
904 938 39 21 bör
953 944 52 15 vara

181 965 145 21 underkastad
342 965 43 21 lika
400 966 136 27 beskattning
552 966 47 22 med
614 966 97 21 inhemsk
726 972 55 15 man.

250 1022 143 28 Domprosten
413 1022 141 22 Kihlman:
577 1023 101 21 Inhemsk
696 1030 48 14 man
760 1023 68 21 måste
844 1024 71 20 betala
929 1023 75 22 bevill-

181 1050 52 27 ning
257 1051 40 21 och
321 1052 139 26 statsutlagor
482 1052 33 21 för
538 1052 32 21 sin
590 1052 85 24 rörelse,
699 1052 35 21 det
757 1054 24 19 är
800 1052 63 22 alltså
878 1052 48 22 från
943 1052 61 22 dessa

182 1079 69 28 bägge
270 1085 45 16 som
334 1080 136 26 utländingar
490 1080 68 22 skulle
576 1080 68 22 blifva
658 1080 102 22 befriade.
789 1081 33 21 Då
835 1082 38 26 jag
887 1088 68 19 anser,
971 1083 34 19 att

181 1114 50 15 man
246 1108 47 22 icke
308 1109 39 21 bör
361 1115 51 15 vara
421 1109 38 21 till
475 1109 39 21 den
530 1109 52 27 grad
597 1110 184 26 tillmötesgående
792 1112 56 19 emot
861 1110 142 26 utländingar,

182 1138 34 20 att
233 1144 49 14 man
301 1137 69 27 gifver
389 1138 47 21 dem
451 1140 68 19 större
535 1138 92 21 fördelar
642 1140 26 19 än
684 1138 98 22 inhemsk
796 1144 56 20 man,
868 1138 85 22 förenar
966 1139 39 26 jag

181 1166 45 27 mig
240 1166 8 21 i
263 1166 43 21 allo
322 1166 49 21 med
386 1167 25 20 de
424 1168 77 19 tvänne
516 1166 127 28 föregäende
658 1167 101 21 talarene.

251 1223 84 22 Doktor
355 1223 155 28 Hornborg:
543 1224 43 21 För
608 1225 32 20 att
665 1224 53 27 sälja
740 1224 36 21 vid
791 1226 83 19 masten
895 1226 110 20 matvaror

183 1252 52 22 eller
253 1252 100 27 uppköpa
371 1252 204 22 landtmannaalster
597 1255 46 20 tror
663 1253 37 27 jag
716 1255 32 19 att
763 1254 63 25 ingen
841 1253 97 22 inhemsk
953 1260 50 15 man

182 1283 24 19 är
221 1281 97 21 belastad
333 1281 48 21 med
396 1281 116 28 bevillning
527 1281 51 22 eller
593 1281 66 22 andra
675 1281 72 28 dylika
762 1282 93 27 afgifter.
885 1281 119 28 Utländing

182 1309 33 21 får
239 1310 91 20 likasom
353 1310 98 20 inländsk
474 1317 48 13 man
545 1311 47 19 med
614 1311 138 26 iakttagande
773 1311 23 20 af
818 1311 185 20 föreskrifterna
991 1305 15 36 i

182 1336 193 28 tullagstiftningen
402 1337 39 21 och
464 1337 208 27 hamnordningarne
694 1339 8 20 i
724 1339 111 20 städernas
857 1339 89 20 hamnar
967 1339 36 20 vid

182 1368 82 19 masten
287 1365 88 28 försälja
397 1366 59 20 såväl
476 1365 112 22 iohemska
610 1372 45 15 som
678 1366 24 21 af
720 1366 77 21 honom
819 1367 49 26 sjelf
881 1367 34 21 till
930 1367 73 21 landet

182 1393 86 22 införda
287 1396 113 20 matvaror.
431 1395 41 26 Jag
487 1397 45 19 tror
546 1397 32 19 att
593 1395 110 21 inhemske
718 1395 40 22 och
773 1395 113 22 utländske
900 1397 49 20 män
965 1397 39 20 äro

183 1423 130 28 fullkomligt
328 1423 110 21 likställda
453 1423 39 22 och
508 1423 66 22 finner
589 1423 47 22 icke
651 1424 69 27 någon
732 1423 46 22 fara
791 1424 44 21 deri
846 1427 32 19 att
889 1425 115 21 utländska

182 1454 49 20 män
254 1452 35 21 vid
310 1454 83 19 masten
414 1452 86 27 försälja
518 1455 113 19 matvaror.
661 1453 10 21 I
687 1453 68 22 denna
771 1453 48 22 höst
834 1453 33 22 får
881 1460 49 15 man
946 1454 56 21 elän-

183 1481 50 28 diga
256 1483 91 26 potäter,
370 1487 34 16 om
426 1488 48 15 man
496 1481 66 28 köper
576 1481 118 28 inhemska,
710 1488 47 15 men
772 1483 115 27 utmärkta,
904 1489 34 15 om
953 1489 50 15 man

182 1511 67 27 köper
263 1510 47 22 från
325 1510 90 21 Estland
429 1510 127 22 inhemtade.
