1700 1948
623 221 162 19 Presteståndet
798 223 54 16 1877.
877 222 26 17 29
916 223 116 17 november.
1156 218 55 22 2291

417 290 71 26 fråga:
512 290 40 22 har
576 290 57 21 inom
658 289 92 22 Finland
776 290 108 26 verkligen
907 292 30 20 ett
959 293 65 19 annat
1045 291 194 22 rättsmedvetande

416 319 136 26 uppkommit
566 318 40 21 och
622 318 108 21 utvecklat
745 319 32 25 sig
792 319 67 21 under
874 319 47 26 fyra
935 318 24 21 år
973 318 46 22 från
1028 319 25 21 år
1065 320 53 20 1873
1131 319 31 21 till
1176 321 63 24 1877;

417 347 40 21 har
479 349 31 19 ett
533 346 77 22 sådant
631 347 194 21 rättsmedvetande
840 347 47 21 icke
903 347 108 21 utvecklat
1025 348 37 26 sig,
1077 348 24 20 så
1116 349 24 19 är
1156 348 35 20 det
1206 348 34 21 väl

417 375 33 21 för
465 376 63 26 tidigt
543 378 32 18 att
591 375 60 21 stifta
666 382 26 14 en
711 375 40 27 lag,
769 382 44 14 som
830 375 17 26 ej
864 376 67 21 hvilar
946 376 27 26 på
989 378 31 18 ett
1035 376 76 20 sådant
1127 377 113 20 rättsmed-

417 404 98 21 vetande.
546 404 49 21 Men
619 406 24 19 är
667 404 36 21 det
725 404 107 26 verkligen
855 404 67 23 fallet,
945 406 32 19 att
999 404 65 27 enligt
1080 405 104 21 komiténs
1200 405 39 21 och

417 433 66 27 enligt
503 432 118 22 utskottets
641 433 138 21 förmenande
799 440 25 14 en
840 433 66 21 sådan
921 433 124 27 förändring
1059 434 7 20 i
1082 434 35 20 det
1133 434 107 21 allmänna

417 462 131 21 tänkesättet
563 462 40 21 har
618 462 126 26 försiggätt?
766 462 40 27 Jag
821 462 34 21 för
870 462 42 21 min
929 462 33 21 del
977 463 65 25 vågar
1058 462 65 26 draga
1139 463 5 20 i
1158 462 81 26 tvifvel,

417 490 104 22 huruvida
544 490 59 22 detta
621 492 24 19 är
666 492 36 20 det
717 490 95 27 verkliga
827 490 141 22 förhållandet
983 490 39 22 och
1038 490 46 22 icke
1101 491 87 21 fastmer
1204 492 36 20 det

418 520 107 20 skenbara
546 519 147 21 förhållandet.
723 519 41 27 Jag
782 519 101 26 beklagar
898 519 66 27 djupt,
980 522 32 18 att
1027 520 26 20 de
1069 526 107 20 personer,
1192 526 46 14 som

416 548 64 21 hafva
499 547 47 21 haft
563 550 33 19 att
615 548 67 26 syssla
697 548 48 20 med
760 548 194 26 trähandteringen,
971 548 62 21 hafva
1048 549 102 25 uppträdt
1164 548 28 26 på
1207 552 32 17 ett

416 577 77 21 sådant
509 578 51 24 sätt,
576 578 32 20 att
624 577 25 20 de
665 576 63 22 hafva
743 576 122 22 framkallat
881 583 25 14 en
922 576 63 27 ovilja
1000 576 46 21 icke
1062 577 55 21 blott
1132 579 57 19 emot
1199 577 38 26 sig,

416 607 53 19 utan
485 607 57 19 emot
558 605 48 21 hela
621 606 40 20 den
677 605 97 25 industri,
791 606 46 20 med
853 605 84 21 hvilken
954 606 26 20 de
994 605 74 26 syssla,
1084 612 47 14 men
1148 612 47 14 man
1207 605 32 22 får

414 634 24 27 ju
459 634 39 21 här
518 634 18 26 ej
561 634 66 21 tänka
648 633 29 27 på
699 640 135 20 personerna,
856 637 51 17 utan
922 633 28 27 på
965 634 72 26 saken,
1052 640 45 15 som
1113 636 24 19 är
1152 634 6 20 i
1174 634 65 26 fråga.

417 663 111 21 Utskottet
550 662 39 22 har
609 663 7 20 i
640 662 75 26 själfva
736 662 74 22 verket
824 668 75 20 genom
915 664 32 20 att
962 662 85 22 förorda
1063 663 38 21 den
1118 663 120 25 grundsats,

416 697 45 15 som
483 691 23 20 af
528 691 93 20 komitén
645 691 69 20 blifvit
739 692 106 25 uppstäld,
868 690 95 27 godkänt
988 697 25 14 en
1035 697 28 20 ny
1085 692 88 26 princip,
1192 698 45 14 som

416 721 46 20 står
482 719 7 21 i
513 720 80 26 verklig
616 719 53 21 strid
691 722 56 19 emot
769 720 39 20 den
831 720 87 26 princip,
939 719 80 26 hvarpå
1035 720 54 21 1873
1105 720 33 21 års
1154 719 84 22 författ-

416 749 51 26 ning
489 750 23 19 är
534 749 61 26 bygd.
625 748 42 21 Det
689 750 24 19 är
734 754 25 15 en
782 748 117 27 principiel,
921 755 25 14 en
966 748 104 27 väsentlig
1089 749 87 25 olikhet,
1192 754 45 15 som

416 777 113 21 förefinnes
549 777 89 21 emellan
660 777 40 21 den
721 783 40 14 ena
778 777 151 26 författningen
947 777 23 20 af
983 777 23 20 är
1024 778 53 19 1873
1093 777 38 21 och
1148 778 90 21 emellan

416 806 41 21 den
478 806 67 21 andra
563 805 158 27 författningen,
737 811 44 15 som
797 805 67 22 skulle
880 805 63 21 blifva
954 805 23 21 af
985 807 23 18 år
1022 807 59 20 1878.
1113 805 50 22 Man
1179 806 59 21 etab-

416 835 56 20 lerar
491 833 38 22 här
548 834 70 21 denna
635 834 88 27 princip,
738 836 33 19 att
783 834 126 26 jordegaren
924 836 24 19 är
964 834 117 26 berättigad
1095 837 32 18 att
1142 835 96 25 uppbära

416 863 58 20 skatt
496 863 34 21 för
550 865 33 18 att
605 862 41 22 han
669 862 74 21 tillåtit
765 869 26 15 en
812 869 76 20 person
906 865 32 18 att
956 862 71 21 färdas
1045 863 27 26 på
1087 863 53 20 hans
1155 866 82 18 vatten-

416 891 52 26 drag
497 891 46 26 och,
566 891 37 26 jag
627 891 116 26 medgifver
768 892 41 24 det,
835 891 67 21 håller
925 897 48 14 man
995 893 84 25 strängt
1101 891 28 27 på
1146 892 91 25 egande-

416 922 77 23 rätten,
517 920 23 21 så
563 922 24 19 är
608 919 24 28 ju
655 919 122 26 visserligen
796 922 48 19 sant
859 922 32 19 att
906 920 53 20 hans
974 921 125 26 eganderätt
1115 920 38 20 har
1168 920 70 21 blifvit

415 948 129 27 förnärmad,
569 949 26 20 då
617 955 47 14 man
681 949 39 20 har
736 948 85 21 beträdt
837 949 53 20 hans
906 951 79 23 vatten,
1001 955 47 14 men
1065 949 68 20 denna
1148 949 90 26 egande-

416 979 44 19 rätt
475 978 41 21 blir
528 978 24 26 ju
568 977 65 22 också
647 977 128 25 förnärmad,
792 984 33 14 om
839 977 37 27 jag
886 978 99 20 beträder
998 977 52 21 hans
1061 978 59 20 mark
1131 978 39 21 och
1181 980 56 18 ännu

416 1007 39 21 har
478 1007 36 21 det
533 1006 23 27 ju
572 1006 46 21 icke
633 1008 80 19 ansetts
729 1006 82 27 olofligt
826 1008 33 19 att
874 1006 88 21 beträda
978 1012 25 14 en
1019 1012 79 15 annans
1113 1006 66 26 mark,
1194 1006 44 21 tills

417 1036 36 20 det
478 1036 41 20 kan
543 1035 89 26 bevisas,
656 1036 32 20 att
710 1035 59 21 detta
792 1035 129 21 beträdande
945 1034 39 21 har
1005 1035 152 21 åstadkommit
1172 1035 65 21 sådan

416 1064 76 26 skada,
516 1066 31 18 att
570 1070 48 15 man
636 1064 39 20 har
696 1063 81 21 kunnat
796 1063 101 21 förskaffa
912 1063 32 27 sig
958 1064 136 20 vitesförbud.
1125 1064 34 21 Då
1174 1064 63 20 emel-

416 1092 64 22 lertid
504 1093 40 20 den
566 1092 96 21 enskilde
677 1091 140 27 jordegarens
833 1092 88 21 intresse
937 1092 39 20 här
991 1092 94 21 kommer
1100 1092 7 20 i
1123 1093 51 20 strid
1190 1092 48 21 icke

417 1121 48 21 med
486 1122 163 26 strandegarens
670 1133 26 3 —
713 1121 36 21 det
765 1127 60 15 anser
838 1120 37 28 jag
890 1121 38 20 här
943 1126 51 16 vara
1009 1127 26 15 en
1051 1120 77 27 oriktig
1143 1121 94 26 uppfatt-

416 1150 51 27 ning
482 1152 32 18 att
529 1150 64 20 ställa
609 1150 26 20 de
649 1149 36 21 två
701 1152 56 18 emot
773 1150 120 20 hvarandra
907 1162 28 2 —
951 1152 51 18 utan
1017 1150 48 20 med
1077 1150 36 20 det
1123 1150 114 22 allmänna,

417 1178 27 22 då
460 1178 66 22 måste
543 1178 38 22 här
596 1184 81 16 samma
692 1178 113 27 grundsats
821 1178 20 21 få
855 1180 64 24 göras
933 1177 105 27 gällande,
1053 1184 45 14 som
1113 1178 6 21 i
1131 1178 107 21 allmänna

417 1208 61 26 lagen
501 1207 39 21 har
562 1208 69 20 blifvit
649 1207 96 21 faststäld
764 1207 39 21 och
818 1213 45 15 som
879 1207 67 21 kallas
961 1207 165 26 expropriation.
1157 1206 79 22 Genom

416 1236 158 27 expropriation
598 1236 41 20 blir
658 1235 60 21 äfven
736 1236 151 26 eganderätten
902 1235 85 26 kränkt,
1003 1236 39 20 den
1059 1236 94 20 enskilde
1169 1236 68 20 måste

416 1265 55 21 afstä
495 1265 33 21 sin
553 1265 109 26 egendom,
687 1271 48 14 men
758 1264 42 20 han
823 1264 66 22 mäste
912 1265 51 25 göra
981 1264 35 21 det
1032 1264 33 20 för
1080 1264 35 21 det
1130 1264 107 21 allmänna

416 1294 68 21 bästa.
515 1293 29 22 Sä
566 1294 68 20 mäste
657 1294 63 20 ocksä
742 1293 39 21 här
803 1293 40 21 den
858 1292 94 22 enskilde
968 1292 63 22 hafva
1046 1292 136 28 olägenheter
1197 1292 40 21 och

416 1324 52 25 göra
492 1322 153 27 uppoffringar,
671 1328 34 15 om
728 1328 26 15 en
777 1322 175 21 trävaruindustri
974 1322 55 20 skall
1051 1322 72 21 kunna
1138 1321 98 21 existera.

415 1351 51 21 Man
488 1351 36 21 mä
546 1351 60 21 stifta
629 1351 72 21 hvilka
716 1351 59 25 lagar
791 1356 44 16 som
851 1351 62 23 helst,
929 1356 33 15 om
978 1350 104 27 nämligen
1099 1357 26 15 en
1140 1352 97 19 trävaru-

415 1380 90 20 industri
528 1380 97 21 kommer
646 1382 33 19 att
699 1379 94 26 fortfara,
816 1380 23 21 sä
853 1380 85 20 komma
954 1380 25 20 de
994 1381 33 19 att
1042 1379 94 21 medföra
1152 1378 84 27 olägen-

415 1408 61 22 heter
499 1409 39 21 och
561 1408 114 22 konflikter
692 1408 39 21 och
748 1408 61 21 dessa
824 1407 115 21 konflikter
954 1408 61 20 skola
1027 1407 24 27 ju
1067 1408 27 20 dä
1109 1414 61 14 anses
1185 1413 53 15 vara

415 1437 125 27 ytterligare
562 1437 66 21 motiv
651 1437 33 21 för
706 1443 25 15 en
752 1442 28 21 ny
802 1436 138 27 lagstiftning,
960 1436 88 21 likasom
1065 1442 48 15 man
1129 1442 29 14 nu
1174 1435 62 22 fram-

414 1466 70 21 häller
504 1465 142 22 konflikterna
661 1465 69 21 säsom
746 1466 63 20 orsak
824 1465 32 21 till
871 1466 33 19 att
921 1465 53 21 1873
990 1464 35 21 ärs
1042 1465 33 26 lag
1091 1465 38 20 bör
1144 1466 93 19 ersättas

415 1494 49 20 med
488 1500 77 15 annan.
595 1494 74 20 Redan
694 1494 40 20 den
757 1494 120 20 nuvarande
900 1493 148 21 diskussionen
1070 1494 7 20 i
1100 1493 59 21 detta
1174 1493 63 21 ständ

416 1527 61 20 synes
496 1523 43 25 mig
554 1521 132 26 ädagalägga
701 1521 128 20 åtminstone
845 1522 36 24 ett,
897 1521 106 26 nämligen
1019 1522 32 19 att
1066 1527 33 14 om
1116 1520 64 21 också
1196 1521 40 20 den

415 1556 29 15 nu
459 1549 97 27 gällande
572 1549 61 27 lagen
649 1549 22 21 af
685 1549 24 21 är
726 1549 53 21 1873
795 1548 68 21 skulle
879 1549 71 20 kunna
965 1554 51 15 vara
1030 1548 6 21 i
1053 1548 64 21 behof
1130 1548 23 21 af
1166 1549 70 25 nägon

414 1578 130 27 förändring,
566 1578 25 21 sä
613 1579 24 20 är
653 1577 63 22 likväl
732 1577 40 21 den
789 1577 118 26 föreslagna
921 1577 63 26 lagen
998 1577 115 26 ingalunda
1128 1583 26 14 en
1170 1576 66 21 sådan

415 1608 42 27 lag,
479 1614 45 15 som
543 1609 23 19 är
587 1607 87 26 lämplig
689 1608 32 20 att
737 1608 66 19 sättas
818 1606 7 21 i
840 1606 72 21 stället
927 1606 32 21 för
975 1606 39 20 den
1030 1606 70 27 gamla
1116 1605 39 22 och
1171 1606 27 21 dä
1213 1606 24 21 sä

414 1636 101 22 förhäller
530 1637 38 26 sig,
585 1636 27 22 dä
627 1642 49 15 man
690 1635 46 22 icke
752 1635 38 22 har
805 1637 32 20 att
851 1635 63 21 ställa
929 1637 31 18 ett
972 1634 71 22 bättre
1057 1637 56 19 emot
1123 1636 31 20 ett
1167 1637 69 19 sämre
