1103 1789
213 127 54 36 1986
400 137 160 18 Presteståndet
575 137 54 18 1877.
651 138 14 17 8
676 139 115 16 november.

182 206 34 21 till
241 206 77 27 många
343 205 161 27 förvecklingar.
539 206 46 20 Den
608 205 89 26 Kejserl
719 206 159 26 propositionen
893 207 109 26 begagnar

182 235 62 21 ordet
258 234 148 27 ,sysselsättas
419 234 47 21 med
477 236 66 19 annat
554 234 87 21 arbete”
652 234 40 21 och
703 233 125 22 förutsätter
838 235 82 20 således
930 235 70 21 såsom

183 265 31 19 ett
236 263 58 21 brott
315 262 24 21 af
352 263 129 24 kontraktet,
505 265 32 18 att
560 262 103 27 lärlingen
681 263 46 20 icke
743 263 41 21 blir
799 263 127 21 undervisad
941 263 7 21 i
964 264 36 21 det

181 292 59 26 yrke,
263 291 41 22 han
326 291 54 21 skall
400 291 46 21 lära
464 291 38 26 sig.
532 291 121 21 Utskottets
668 291 134 22 betänkande
817 291 107 28 begagnar
940 292 60 21 ordet

183 319 121 28 »åläggas",
327 319 81 22 hvilket
429 319 68 28 syftar
519 320 28 26 på
567 319 65 28 något
646 319 105 27 tillfälligt
765 320 80 21 arbete.
876 321 32 21 En
923 321 79 26 lärling

182 349 69 20 skulle
271 348 89 25 således,
382 348 8 21 i
412 348 38 21 fall
472 348 65 27 något
558 348 33 21 för
610 348 62 27 yrket
687 348 132 22 främmande
834 349 73 21 arbete
922 349 77 21 honom

181 377 34 21 för
230 377 94 21 tillfället
339 376 92 28 ålägges,
446 383 40 20 ega
501 377 102 27 rättighet
618 379 32 18 att
665 377 63 26 skilja
743 377 32 27 sig
790 377 47 21 från
853 377 31 22 sin
900 377 71 28 tjenst.

250 434 90 21 Prosten
360 433 158 28 Dahlberg:
548 434 42 21 Det
609 433 42 22 kan
667 434 43 21 ofta
725 433 132 22 förekomma
873 434 43 27 fall,
932 435 28 21 då
974 441 26 15 en

182 465 92 20 mästare
299 462 102 22 behöfver
426 463 32 21 sin
481 463 76 27 lärling
580 462 33 22 för
635 465 32 19 att
689 465 82 19 uträtta
791 466 31 18 ett
837 464 96 27 uppdrag
948 464 54 21 eller

183 492 41 27 dyl.
240 492 39 21 och
295 492 27 21 då
337 492 41 20 kan
394 492 36 20 det
445 491 66 22 oftast
526 498 52 15 vara
592 491 33 22 till
641 492 39 21 och
695 492 47 21 med
759 492 116 22 helsosamt
887 492 33 22 för
932 493 69 21 denne

181 523 33 19 att
235 520 21 22 få
275 523 51 24 taga
340 520 32 27 sig
387 520 53 22 frisk
455 521 47 25 luft,
517 520 99 22 hvarföre
631 521 75 21 sådant
721 521 48 21 icke
784 521 65 21 borde
864 522 77 20 honom
958 521 43 21 för-

181 555 81 20 menas,
284 551 39 19 när
345 549 41 21 han
410 549 70 21 dertill
503 550 125 26 samtycker.
659 544 92 32 Ålägges
768 550 43 20 han
832 550 36 21 det
882 550 46 21 åter
943 552 59 19 emot

182 578 33 21 sin
230 578 56 27 vilja,
303 580 24 19 är
340 578 43 21 han
398 578 27 20 fri
441 577 47 22 från
503 578 33 21 sin
551 580 99 19 mästare.
924 583 4 1 E

250 635 153 27 Kyrkoherden
415 634 126 22 Stenbäck
552 635 64 27 ansåg
627 635 26 21 de
661 635 45 21 skäl
716 637 85 25 prosten
811 636 108 27 Dahlberg
929 636 71 21 anfört

182 664 33 21 till
231 664 83 21 försvar
329 663 33 21 för
376 664 116 21 utskottets
503 664 133 21 betänkande
647 664 84 26 mycket
741 664 101 21 haltande
852 665 39 21 och
902 664 99 22 biträdde

182 696 87 24 prosten
284 692 69 28 Hjelts
369 692 56 27 åsigt
440 698 33 16 om
490 694 32 20 att
537 693 39 21 den
592 692 89 27 Kejserl.
698 693 156 26 propositionen
870 694 7 21 i
893 694 59 21 detta
962 693 38 21 fall

182 728 50 15 vore
255 724 32 19 att
306 721 118 27 föredraga,
440 721 70 21 såsom
526 721 47 21 icke
588 721 98 27 gifvande
701 722 114 27 anledning
830 722 33 21 till
878 724 31 19 ett
924 722 77 22 sådant

183 750 109 27 sjelfsvåld
312 749 48 21 från
380 750 115 27 lärlingens
511 750 52 25 sida,
578 756 46 15 som
639 750 70 21 kunde
724 751 83 26 uppstå,
823 750 46 22 ifall
883 751 117 21 utskottets

181 778 113 22 redaktion
308 781 82 24 antogs.

250 836 83 21 Doktor
350 834 157 28 Hornborg:
537 836 41 26 Jag
592 835 40 21 har
646 835 41 21 fäst
702 836 43 26 mig
760 836 36 21 vid
811 836 61 21 ordet
888 836 112 27 ,älägges*

182 864 69 22 säsom
274 864 93 21 varande
387 864 36 20 det
446 863 76 27 farliga
545 864 66 27 ordet,
632 870 48 15 men
699 866 24 19 är
738 864 129 28 fullkomligt
882 865 23 21 af
919 871 81 15 samma

181 893 91 27 mening,
292 898 45 16 som
353 894 86 25 prosten
454 892 114 28 Dahlberg,
585 894 32 20 att
632 892 35 21 det
682 893 46 21 icke
744 895 23 19 är
783 893 78 27 farligt,
877 900 33 15 om
927 894 73 20 lärlin-

181 928 40 20 gen
244 921 97 27 frivilligt
360 921 74 27 ätager
454 920 39 28 sig,
514 923 33 19 att
562 921 27 21 dä
604 920 40 22 och
659 921 27 21 dä
701 922 26 26 gå
743 924 30 18 ett
789 922 47 21 litet
851 922 83 26 ärende,
951 929 48 14 men

181 956 34 15 om
236 949 166 28 arbetsgifvaren
423 949 87 27 älägger
527 949 78 21 honom
620 952 32 18 att
667 950 124 26 sysselsätta
806 950 31 27 sig
852 951 48 21 med
915 951 85 26 sädant,

181 985 45 14 som
246 978 46 21 icke
312 978 39 21 hör
369 978 33 21 till
417 978 68 26 yrket,
501 984 62 15 anser
576 978 37 28 jag
628 978 35 21 det
679 985 50 15 vara
745 979 83 27 mycket
843 979 100 27 farligare
959 980 40 20 och

181 1007 41 21 blir
244 1007 36 21 det
302 1009 31 19 ett
355 1006 64 27 tvång
440 1006 33 21 för
494 1007 104 27 lärlingen
619 1009 32 19 att
666 1008 124 26 sysselsätta
805 1008 33 26 sig
853 1008 47 21 med
916 1008 82 25 sådant,

181 1035 55 21 skall
259 1036 41 20 han
322 1036 34 20 väl
378 1034 64 22 hafva
457 1037 43 19 rätt
515 1037 33 19 att
563 1035 63 27 skilja
640 1035 33 27 sig
687 1036 40 20 och
742 1036 53 27 afgä.
826 1037 42 26 Jag
882 1037 119 27 tillstyrker

181 1064 84 21 derföre
271 1064 123 21 "utskottets
409 1064 139 20 betänkande.

249 1120 90 22 Prosten
361 1120 89 27 Hjelt:
480 1120 43 21 För
543 1122 33 20 att
594 1122 56 19 ännu
665 1127 26 14 en
706 1121 56 27 gång
777 1121 96 27 begagna
888 1121 25 21 de
929 1128 69 15 exem-

180 1149 42 27 pel,
240 1155 46 15 som
301 1150 37 20 äro
353 1149 96 27 nyttjade
464 1148 24 21 af
501 1151 85 24 prosten
602 1149 115 27 Dahlberg,
733 1150 69 20 skulle
817 1150 81 21 således
914 1157 26 15 en
950 1151 48 21 sko-

180 1178 180 20 makaremästare
380 1183 51 15 vara
453 1179 92 25 tvungen
567 1179 33 19 att
618 1178 145 20 underhandla
784 1179 48 20 med
849 1179 33 20 sin
897 1179 104 27 lärpojke,

181 1212 33 15 om
230 1206 42 20 han
287 1206 37 21 vill
339 1206 74 20 skicka
427 1205 78 21 honom
520 1206 48 20 med
584 1208 31 19 ett
629 1212 38 20 par
683 1206 73 21 stöflar
771 1206 33 22 till
819 1213 26 15 en
859 1207 64 21 kund.
954 1207 47 27 Mig

181 1240 61 21 synes
258 1234 83 21 derföre
357 1234 36 21 det
407 1234 24 21 af
443 1236 86 24 prosten
546 1234 108 27 Dahlberg
669 1234 89 22 anförda
773 1235 47 21 icke
832 1242 50 15 vara
894 1236 28 27 pä
932 1236 67 21 saken

180 1263 114 26 verkande,
310 1265 50 19 utan
376 1264 91 20 tvärtom
483 1262 48 21 leda
546 1263 33 21 till
594 1263 85 27 mycket
694 1263 158 27 förvecklingar.

249 1320 82 20 Doktor
346 1319 156 26 Hornborg:
534 1319 39 21 Om
588 1319 69 26 någon
673 1320 85 26 älägges
773 1322 32 19 att
819 1322 52 24 göra
880 1321 120 26 någonting

180 1348 67 20 under
269 1353 25 15 en
315 1347 72 27 längre
410 1347 37 25 tid,
469 1348 25 19 är
512 1347 36 21 det
567 1347 71 27 nägot,
654 1353 45 15 som
714 1348 47 20 icke
776 1354 45 15 mer
836 1350 23 19 är
874 1349 123 21 momentelt

180 1378 50 18 utan
246 1377 129 25 permanent.
405 1375 39 21 Om
463 1381 49 15 man
527 1377 57 19 emot
600 1375 31 21 sin
647 1376 50 26 vilja
712 1376 85 27 älägges
813 1378 32 19 att
859 1378 52 26 göra
925 1377 72 27 nägot,

180 1406 24 19 är
219 1404 36 21 det
268 1404 24 27 ju
307 1403 84 28 mycket
405 1410 58 14 mera
478 1406 58 19 emot
550 1404 40 21 den
605 1404 136 22 individuella
757 1404 97 28 friheten,
864 1408 26 19 än
902 1412 35 16 om
948 1412 49 16 man

179 1433 48 21 med
243 1433 37 21 sitt
296 1432 147 28 medgifvande
458 1434 39 26 gör
512 1433 70 27 nägot.

248 1490 88 22 Prosten
351 1490 140 27 Bergroth
506 1490 104 28 upplyste,
626 1492 32 20 att
673 1491 111 22 enahanda
799 1492 60 28 fräga
875 1492 101 22 förevarit
989 1493 8 21 i

179 1520 105 21 utskottet
304 1519 39 22 och
365 1519 68 21 anslöt
451 1519 32 27 sig
505 1519 33 21 för
560 1520 32 21 sin
608 1520 34 21 del
657 1520 32 21 till
705 1520 36 22 det
755 1520 24 22 af
793 1521 76 22 doktor
884 1522 115 28 Hornborg

179 1549 100 21 uttalade.
