1109 1803
327 128 161 19 Presteständet
500 129 53 18 1877.
577 129 23 17 31
614 129 91 18 oktober.
837 123 55 22 1795

100 198 104 26 nemligen
225 198 30 26 sä,
277 198 69 24 såsom
369 198 77 22 doktor
467 198 115 28 Hornborg
601 198 95 27 anförde,
712 199 40 21 den
767 200 32 20 att
813 198 51 27 fylla
880 198 41 22 den

99 226 73 28 klyfta,
188 233 45 15 som
249 226 65 22 finnes
328 226 89 23 emellan
432 227 26 22 de
473 227 68 23 finska
556 228 39 21 och
610 228 89 21 svenska
713 227 85 22 talande
808 227 113 21 inneväna-

99 262 51 16 rene
164 256 7 20 i
181 255 48 22 vårt
244 255 55 21 land.
318 255 86 22 Kanske
412 256 35 21 det
455 255 65 23 finnes
528 263 26 15 en
569 256 65 22 sådan
642 256 72 27 klyfta,
721 256 37 26 jag
768 258 45 19 tror
821 256 35 21 det
866 256 53 21 icke.

98 284 12 21 I
132 284 40 21 den
193 284 59 21 trakt
266 283 23 22 af
302 284 78 26 landet,
397 284 37 21 der
446 284 37 27 jag
498 284 45 26 bor,
559 287 35 19 vet
610 291 47 14 man
673 284 46 22 icke
734 284 22 21 af
770 284 69 26 någon
854 284 67 22 sådan

98 312 74 27 klyfta.
201 312 41 27 Jag
256 312 39 22 har
310 312 72 21 derför
396 312 105 22 föreställt
516 313 48 27 mig,
579 314 32 20 att
625 312 49 22 hela
689 313 69 21 denna
772 312 66 28 klyfta
853 314 24 20 är
890 314 31 20 ett

99 341 126 27 hjernspöke
248 341 39 21 och
309 341 40 21 den
364 340 91 27 fruktan,
471 348 45 15 som
531 342 84 27 nyligen
630 342 21 21 af
666 348 25 15 en
706 341 67 22 talare
788 341 6 21 i
810 343 31 19 ett
856 343 64 20 annat

99 369 62 22 ständ
184 370 48 21 med
254 370 58 21 tärar
334 369 111 26 uttalades,
468 372 32 20 att
520 370 104 27 nämligen
639 370 111 27 meningen
765 377 28 14 nu
808 376 50 15 vore
873 369 47 22 frän

100 399 26 21 de
140 398 152 22 finsktalandes
306 398 46 22 sida
368 400 32 20 att
413 399 45 21 helt
473 399 39 22 och
528 399 65 22 hället
608 399 65 27 dräpa
688 399 139 22 svenskheten
842 398 39 22 och
894 399 26 21 de

99 427 161 23 svensktalande
288 427 6 21 i
316 427 47 22 värt
380 427 54 22 land
456 429 46 20 tror
519 428 37 27 jag
571 435 37 15 var
622 427 87 23 alldeles
724 428 115 27 ogrundad.
870 427 50 22 Men

98 456 68 22 skulle
184 456 65 23 också
264 456 106 27 verkligen
386 463 25 15 en
426 457 66 21 sådan
507 457 67 27 klyfta
588 457 119 26 förefinnas,
723 463 61 15 anser
796 457 37 26 jag
848 456 36 21 det
898 456 24 22 af

98 486 105 21 utskottet
225 485 107 27 tillgripna
354 485 79 22 medlet
450 485 46 27 just
510 492 50 15 vara
575 486 78 27 egnadt
668 487 32 20 att
714 487 52 24 göra
782 485 40 22 den
837 484 82 28 klyftan

99 514 85 28 omöjlig
199 515 33 21 att
246 514 104 27 igenfylla.
372 514 40 27 Jag
427 514 75 22 tänker
517 515 42 27 mig
573 515 65 21 saken
653 515 30 26 sä,
698 516 33 20 att
746 521 34 14 om
792 520 48 15 man
852 513 67 22 befal-

98 543 32 22 ler
150 550 27 15 en
198 543 164 22 svensktalande
377 549 75 20 person
468 545 32 20 att
515 543 161 27 nödvändigtvis
690 543 46 22 lära
750 543 32 26 sig
796 543 74 26 finska,
886 542 32 21 för

98 574 33 20 att
145 572 41 22 han
202 571 53 22 skall
270 572 71 21 kunna
356 571 46 22 frän
417 571 74 22 skolan
506 573 141 21 utdimitteras
662 572 33 22 till
710 571 152 27 universitetet,
878 571 40 22 och

98 601 88 22 befaller
201 607 49 15 man
265 603 31 19 att
311 607 26 15 en
352 600 140 22 finsktalande
507 601 45 22 elev
562 601 159 27 nödvändigtvis
731 601 54 21 skall
795 600 33 21 för
838 606 81 15 samma

98 629 98 22 ändamål
218 630 46 21 lära
286 629 31 26 sig
339 629 95 27 svenska,
451 630 24 21 sä
489 630 157 22 åstadkommer
661 636 48 15 man
724 629 108 27 ingenting
847 631 71 24 annat,

98 661 26 20 än
147 661 32 20 att
201 658 77 28 oviljan
300 659 47 21 frän
368 658 114 22 hvartdera
503 659 66 22 hället
584 659 41 21 blir
640 661 56 19 ännu
710 660 68 20 större
794 660 26 19 än
836 657 82 27 hittills,

97 688 123 28 isynnerhet
240 694 44 15 som
308 694 48 15 man
378 687 73 22 ställer
472 689 28 25 pä
522 688 46 21 dem
590 688 80 21 sädana
684 687 125 27 fordringar,
825 693 45 15 som
886 686 32 23 för

98 718 47 21 dem
168 719 37 19 äro
228 717 99 27 omöjliga
349 719 32 19 att
400 716 56 28 fylla,
471 717 44 22 ifall
530 717 105 27 nämligen
650 717 74 21 skolan
740 716 54 22 skall
808 718 52 25 göra
875 716 43 21 det.

98 746 39 22 Om
161 746 35 22 det
218 745 67 22 finnes
307 752 26 15 en
353 745 66 22 sädan
439 745 72 28 klyfta,
526 752 45 16 som
587 746 123 27 omtalades,
726 745 77 22 önskar
817 745 62 27 ingen
894 745 24 21 sä

97 775 84 28 mycket
203 782 45 15 som
267 775 43 27 jag,
327 776 32 20 att
374 775 40 21 den
430 776 66 21 mätte
511 775 117 27 igenfyllas,
644 782 47 14 men
706 776 28 26 pä
748 776 32 20 ett
794 774 44 21 helt
853 776 65 19 annat

97 806 49 21 sätt.
176 804 41 27 Jag
237 804 74 28 tycker
332 804 34 21 för
388 804 42 22 min
453 804 40 26 del,
513 806 32 20 att
564 805 36 21 det
615 804 66 22 borde
696 804 37 22 ske
748 804 30 25 sä,
794 809 44 15 som
854 802 64 22 ocksä

96 834 74 22 rektor
184 834 99 21 Kihlman
300 833 35 22 det
350 832 94 28 föreslär,
460 835 32 19 att
508 834 109 21 timmarne
633 833 32 21 för
680 833 36 21 det
731 833 66 21 andra
809 832 109 21 inhemska

97 864 86 26 spräket
198 862 67 22 skulle
281 863 57 27 ökas,
353 863 27 26 pä
396 862 35 22 det
446 864 32 19 att
493 862 73 22 skolan
582 862 66 22 mätte
663 862 70 22 kunna
748 861 97 22 meddela
860 861 6 20 i
882 861 36 21 det

97 892 65 22 andra
184 892 110 21 inhemska
314 892 88 27 -spräket
419 892 23 21 sä
458 892 83 26 mycket
555 893 68 20 större
638 891 92 26 insigter,
746 893 27 19 än
788 891 7 21 i
810 891 26 21 de
851 890 67 27 öfriga

97 922 101 20 moderna
220 921 97 27 spräken,
333 927 44 16 som
395 920 34 22 det
444 920 86 27 spräket
545 921 44 21 stär
604 926 34 16 oss
654 922 101 19 närmare.
788 919 39 22 Om
843 919 75 21 skolan

97 950 73 22 dervid
192 949 61 28 fyller
274 950 31 21 sin
328 949 87 27 uppgift,
438 956 33 14 om
487 950 39 20 den
542 956 75 20 genom
633 949 138 21 meddelande
786 948 21 22 af
822 954 25 15 en
860 948 58 26 jemn

96 978 150 27 undervisning
260 978 7 21 i
282 979 42 21 alla
338 978 122 22 läroämnen
476 978 118 27 uppväcker
610 978 38 21 hos
663 978 71 21 eleven
748 978 43 21 lust
806 978 32 20 att
851 976 67 22 skaffa

97 1008 31 27 sig
149 1007 95 27 bildning
266 1008 39 21 och
327 1013 75 21 genom
425 1007 147 21 meddelandet
591 1006 22 22 af
631 1007 158 27 kunskapernas
804 1006 114 21 elementer

97 1037 107 22 meddelar
226 1037 78 21 honom
325 1036 95 27 förmåga
443 1038 31 20 att
495 1036 85 27 tillegna
602 1036 32 26 sig
655 1036 127 25 densamma,
798 1041 33 15 om
846 1034 72 22 vidare

97 1066 74 21 skolan
189 1065 104 28 uppfyller
314 1066 37 21 sitt
374 1066 96 21 ändamål
489 1067 32 19 att
536 1065 111 21 förbereda
662 1064 71 22 eleven
748 1066 32 19 att
794 1064 7 21 i
817 1070 25 15 en
854 1064 64 21 fram-

97 1095 31 22 tid
148 1095 62 22 sköta
232 1095 69 26 nägon
324 1094 63 27 tjenst
410 1094 6 21 i
439 1093 81 28 kyrkan
540 1093 50 22 eller
612 1094 7 20 i
641 1095 70 20 staten
733 1099 61 22 synes
814 1093 42 26 mig
871 1092 47 21 icke

97 1125 65 26 nägot
176 1125 65 20 annat
257 1123 106 25 behöfvas,
379 1125 27 20 än
420 1125 33 19 att
467 1124 23 20 ät
506 1123 78 26 eleven,
600 1123 64 21 sedan
679 1123 42 21 han
736 1122 38 21 har
790 1121 128 22 valedicerat

97 1153 243 25 elementarläroverket;
366 1152 80 21 lemnas
471 1152 37 21 full
529 1151 63 22 frihet
614 1153 32 20 att
667 1151 46 21 lära
735 1151 31 26 sig
788 1150 67 21 finska
878 1149 40 22 och

97 1181 95 22 svenska.
223 1181 66 27 Säger
311 1187 47 15 man
382 1181 22 20 ät
426 1181 40 21 den
489 1181 89 21 svenska
599 1186 75 20 gossen
690 1186 28 15 nu
732 1179 32 22 fär
780 1179 27 21 du
822 1179 46 21 lära
883 1178 35 27 dig

96 1211 74 25 finska,
187 1216 34 15 om
237 1210 26 21 du
279 1210 42 26 vill,
337 1209 104 27 nämligen
456 1216 76 20 genom
547 1211 103 24 umgänge
666 1209 46 21 med
727 1207 140 22 finsktalande
878 1207 39 22 och

97 1240 27 26 pä
146 1245 80 15 samma
246 1241 43 19 sätt
309 1239 23 20 ät
347 1244 25 15 en
388 1237 145 27 finsktalande,
549 1238 23 21 sä
588 1237 53 21 skall
656 1237 44 21 helt
715 1237 72 21 säkert
801 1236 69 21 lusten
885 1237 33 19 att

96 1268 105 20 förvärfva
221 1267 31 26 sig
267 1267 95 26 bildning
377 1266 67 21 drifva
460 1267 60 21 dessa
534 1266 110 26 ynglingar
659 1268 31 18 att
704 1267 52 25 göra
771 1265 31 26 sig
818 1270 44 16 mer
877 1264 40 21 och

97 1302 45 15 mer
156 1296 92 20 bekante
263 1296 47 20 med
326 1295 36 21 det
376 1294 70 27 spräk,
462 1296 26 25 pä
503 1294 79 22 hvilket
597 1294 131 26 bildningens
743 1294 81 20 skatter
834 1293 23 21 ät
869 1292 47 21 dem

97 1324 98 27 erbjudas
217 1324 39 21 och
270 1324 28 26 pä
313 1323 79 22 hvilket
408 1323 24 21 de
448 1323 71 21 kunna
534 1322 65 22 blifva
614 1322 60 22 deraf
688 1322 113 26 delaktiga.
830 1320 87 22 Tanken

96 1354 28 26 pä
146 1353 61 21 deras
229 1352 86 22 framtid
337 1352 53 23 skall
410 1352 64 21 ocksä
492 1351 66 22 drifva
573 1351 79 21 enhvar
666 1350 23 22 af
703 1350 47 22 dem
766 1352 32 20 att
812 1349 105 22 förvärfva

96 1382 32 26 sig
143 1382 63 26 insigt
220 1382 7 20 i
243 1382 36 21 det
294 1381 70 27 spräk,
379 1386 45 16 som
440 1382 24 20 är
478 1380 129 26 nödvändigt
621 1380 28 26 pä
664 1380 40 21 den
719 1379 62 26 bana,
797 1384 45 16 som
858 1378 59 21 deät

96 1410 32 27 sig
150 1410 101 21 utstakat.
280 1410 72 22 Skulle
374 1410 64 20 saken
461 1409 73 21 ställas
553 1408 28 27 pä
596 1408 37 22 det
647 1410 65 20 sättet
727 1408 39 20 och
781 1407 39 22 allt
834 1407 84 25 tvängs-

96 1438 72 22 försök
189 1438 46 21 frän
258 1439 62 20 deras
341 1438 46 20 sida
401 1443 45 14 som
462 1438 60 19 hafva
537 1437 86 20 makten
638 1437 6 19 i
660 1436 44 20 sina
719 1436 81 20 händer
815 1434 103 26 aflägsnas

96 1466 25 21 sä
143 1467 23 19 är
190 1467 35 20 det
243 1466 77 25 säkert,
337 1467 32 18 att
384 1465 40 20 den
439 1464 161 21 svensktalande
614 1469 76 21 gossen
705 1469 65 20 gerna
785 1462 67 21 skulle
868 1464 50 23 taga

97 1495 41 21 den
153 1493 139 22 finsktalande
307 1499 75 21 gossen
397 1493 7 21 i
418 1493 57 21 hand
490 1492 39 22 och
544 1494 51 25 säga
609 1493 23 20 ät
647 1492 76 21 honom
740 1491 19 22 vi
774 1490 60 22 skola
845 1489 72 28 hjelpa

97 1523 119 22 hvarandra
231 1523 33 21 för
278 1524 33 21 att
325 1522 45 22 lära
386 1528 33 16 oss
434 1521 129 22 hvarandras
578 1521 65 27 spräk
658 1520 39 22 och
712 1520 20 22 vi
746 1519 89 22 behöfva
846 1519 25 26 ju
881 1519 37 21 det
