1106 1792
316 130 160 18 Presteståndet
489 132 55 17 1877.
568 132 24 17 31
604 132 92 17 oktober.
835 126 50 20 1821

97 200 122 27 uppställas,
241 206 34 15 om
295 200 47 22 icke
363 200 132 28 synpunkten
518 200 68 22 blifvit
605 200 44 22 helt
664 200 39 22 och
718 200 66 22 hållet
798 200 119 27 förvrängd.

96 230 34 20 Då
145 235 49 15 man
208 228 110 22 fasthåller
332 230 40 20 den
388 229 112 27 synpunkt,
510 236 45 15 som
566 229 111 27 föreligger
687 230 6 20 i
703 229 147 27 petitionerna,
864 229 54 21 hade

96 264 48 14 man
160 257 69 27 aldrig
242 258 82 21 kunnat
338 258 84 20 komma
437 258 33 20 till
480 258 79 22 sådana
571 258 155 21 förvändheter.
749 258 41 26 Jag
800 258 50 20 sade
859 259 60 19 strax

96 286 7 21 i
119 286 81 26 början,
223 288 32 18 att
274 286 38 27 jag
333 292 63 14 anser
410 286 43 26 mig
468 286 52 21 böra
535 288 118 25 protestera
668 288 57 19 emot
740 288 31 19 ett
786 286 76 21 sådant
877 284 40 21 för-

96 313 110 22 vändande
222 313 22 22 af
256 314 140 27 synpunkten.
425 314 41 26 Jag
480 315 75 20 trodde
570 314 42 26 mig
627 313 52 22 böra
693 315 52 25 göra
761 314 35 21 det
810 314 8 19 i
832 313 86 21 skolans

97 348 69 15 namn.
197 341 49 22 Man
262 343 38 21 har
315 343 39 20 här
368 345 53 24 sagt,
444 344 32 19 att
498 343 73 21 skolan
587 342 45 21 icke
648 342 38 21 har
700 343 37 20 sitt
752 341 98 22 ändamål
865 342 7 20 i
887 342 32 26 sig

97 370 52 27 sjelf,
164 373 50 19 utan
230 371 6 20 i
249 371 117 21 samhället.
397 371 41 21 Det
461 373 23 19 är
505 374 50 19 utan
578 371 71 21 tvifvel
672 371 54 22 både
747 373 44 19 rätt
806 370 39 21 och
861 372 58 19 orätt

97 399 72 27 sagdt;
190 399 40 22 den
245 399 39 22 har
299 400 43 21 lika
357 400 47 21 litet
418 400 37 21 sitt
471 399 97 22 ändamål
584 399 6 22 i
606 399 32 28 sig
652 399 52 27 sjelf,
724 406 45 15 som
785 400 5 20 i
806 399 113 21 samhället

98 427 50 23 eller
162 427 44 22 lika
221 429 89 26 mycket,
332 431 22 24 ty
370 429 47 21 dess
432 429 96 21 ändamål
544 431 24 19 är
583 429 117 26 naturligen
716 429 46 21 icke
774 429 65 26 något
854 431 65 18 annat

97 459 27 19 än
145 457 130 26 ungdomens
298 457 98 27 bildning.
427 457 33 22 Då
476 464 47 15 man
538 457 64 22 sedan
618 457 55 22 talar
688 464 34 15 om
737 457 74 22 skolan
827 457 30 24 så,
873 463 45 15 som

97 492 48 15 man
160 485 39 22 här
214 486 137 27 mångfaldigt
365 486 62 27 gjort,
443 486 67 22 skulle
526 487 36 20 det
577 485 79 22 kanske
667 486 53 21 varit
730 486 51 27 godt
791 487 33 20 att
833 485 87 22 komma

96 515 56 26 ihåg,
176 517 31 19 att
230 515 35 21 det
281 521 37 15 var
333 515 59 26 fråga
408 521 33 15 om
457 515 73 27 begge,
551 515 45 21 icke
612 515 74 21 endast
700 521 35 15 om
750 515 102 25 lärarene,
867 517 58 18 utan"

97 543 61 21 äfven
174 549 34 16 om
223 544 82 21 landets
320 544 99 26 ungdom.
441 544 48 21 Man
505 547 45 18 tror
565 544 31 26 sig
611 544 47 21 med
673 543 51 27 godt
740 545 92 20 samvete
848 543 70 21 kunna

75 585 3 2 +
97 574 57 24 Säga,
170 575 32 18 att
217 572 74 21 skolan
306 572 55 21 skall
376 572 57 26 tjena
448 573 78 20 sociala
542 571 104 28 ändamål,
662 579 47 14 men
725 573 75 20 månne
811 577 48 15 man
871 571 48 21 med

98 600 42 21 lika
162 601 52 27 godt
236 603 93 19 samvete
350 601 40 21 kan
413 603 51 24 säga
484 603 30 19 att
534 600 147 22 fosterlandets
696 601 92 26 ungdom
804 599 32 22 får
850 599 68 22 bildas

98 629 54 20 huru
167 636 45 15 som
228 629 61 26 helst,
306 629 54 22 blott
376 630 106 27 partierna
496 629 111 22 försvinna.
632 629 41 26 Jag
688 632 51 22 tror,
755 631 61 24 säger
830 628 41 27 jag,
887 631 32 18 att

98 663 34 15 om
155 664 48 15 man
224 658 64 21 fattar
307 658 75 21 skolan
403 658 91 21 afslutad
509 658 6 21 i
531 658 37 27 sig,
588 657 24 22 så
631 659 75 25 drager
726 664 48 15 man
794 657 31 26 sig
840 657 33 21 för
888 659 31 19 ett

97 686 77 21 sådant
196 686 115 22 utlåtande.
342 687 48 21 Men
413 687 55 20 hvad
492 687 34 21 det
542 686 64 27 sagda
622 687 70 26 angår,
707 686 34 21 må
754 687 36 20 det
805 685 114 27 ingalunda

97 715 24 21 så
135 715 83 27 förstås,
240 721 45 16 som
305 715 67 22 skulle
385 716 37 26 jag
436 715 46 22 icke
498 722 50 15 anse
563 718 31 19 att
610 715 73 22 skolan
699 717 23 19 är
736 714 135 28 förpligtigad
887 716 32 19 att

97 745 50 25 taga
162 744 67 27 någon
246 744 79 27 hänsyn
341 744 31 21 till
388 745 36 20 det
438 745 66 20 andra
519 744 109 21 inhemska
649 744 92 27 språket,
765 744 35 21 det
822 745 24 19 är
861 743 57 26 inga-

97 771 65 23 lunda
177 773 42 21 min
235 773 90 26 mening.
356 773 79 22 Skolan
451 773 53 21 skall
520 773 132 27 naturligtvis
667 773 57 20 bilda
740 772 117 25 ungdomen
873 772 45 21 icke

97 801 56 22 blott
167 801 21 22 in
204 801 114 26 abstracto,
334 803 69 20 såsom
418 802 36 21 det
470 801 65 27 heter,
552 805 49 18 utan
617 801 54 22 skall
682 801 40 21 den
732 801 57 22 bilda
799 801 120 26 ungdomen

98 831 28 26 så,
142 833 32 18 att
189 831 38 20 den
244 831 64 26 duger
323 831 32 21 för
370 831 174 21 fäderneslandet.
567 831 39 21 Till
622 830 50 27 följd
688 830 60 21 deraf
761 830 33 21 får
808 829 111 27 naturligt-

98 859 30 21 vis
143 859 18 27 ej
178 859 66 21 heller
258 859 73 26 frågan
347 865 34 16 om
397 859 35 21 det
448 860 65 20 andra
526 859 109 22 inhemska
645 859 87 26 språket
742 858 86 22 alldeles
839 859 80 20 lemnas

98 888 65 24 åsido,
186 889 91 19 tvärtom
296 889 36 20 det
354 891 24 18 är
392 894 25 15 en
441 888 83 26 mycket
538 889 65 25 vigtig
624 887 64 27 fråga,
711 894 48 14 men
780 894 25 14 en
820 887 59 26 fråga
894 893 25 14 ur

98 916 133 26 synpunkten
247 916 23 21 af
283 917 129 27 ungdomens
435 916 100 27 bildning,
557 916 47 22 icke
626 922 26 16 en
672 916 59 26 fråga
746 922 25 14 ur
786 915 133 27 synpunkten

98 944 21 21 af
134 946 36 20 det
184 944 79 22 sociala
278 945 58 22 lifvet
351 945 39 21 och
406 946 46 20 dess
468 945 148 21 förhållanden.
648 945 69 26 Fråga
732 945 19 21 vi
767 951 28 15 nu
810 944 37 21 då:
863 943 56 21 hvad

98 974 42 20 kan
156 974 39 21 och
211 974 38 20 bör
264 974 74 22 skolan
354 976 51 24 göra
419 974 32 21 för
467 974 35 21 det
517 974 66 21 andra
598 974 109 21 inhemska
723 974 101 26 språket?
839 972 24 22 så
877 973 42 20 kan

99 1003 39 21 den
154 1003 73 26 frågan
242 1002 52 22 först
309 1003 109 22 betraktas
433 1009 26 15 ur
474 1004 131 26 synpunkten
621 1002 21 22 af
656 1002 54 22 hvad
726 1002 71 22 eleven
813 1002 39 21 bör
867 1002 52 24 lära,

98 1032 19 20 d.
133 1038 19 14 v.
168 1038 16 14 s.
200 1038 25 14 ur
240 1032 96 22 materiel
350 1032 112 27 synpunkt.
493 1032 34 21 Nu
550 1032 38 21 har
603 1038 47 15 man
672 1031 63 22 oftast
757 1031 49 21 ridit
828 1030 28 28 på
879 1030 40 22 den

97 1062 77 25 satsen,
191 1063 31 18 att
238 1061 174 26 undervisningen
428 1060 52 22 skall
498 1067 49 15 vara
562 1060 96 28 praktisk
674 1061 38 21 och
729 1060 85 21 dermed
825 1061 53 20 trott
888 1059 31 27 sig

97 1089 68 21 uttala
180 1095 26 15 en
221 1090 130 21 trollformel.
382 1090 41 20 Det
445 1090 41 21 kan
509 1090 45 21 icke
577 1089 60 21 alltid
660 1095 49 16 vara
730 1090 24 20 så
768 1089 40 21 lätt
824 1090 30 20 att
869 1090 50 24 säga

97 1118 55 21 hvad
168 1124 26 15 en
209 1119 95 25 praktisk
327 1118 149 27 undervisning
492 1120 30 22 är,
545 1124 47 15 men
615 1124 72 15 menar
702 1124 48 15 man
771 1118 92 25 dermed,
887 1119 32 19 att

97 1146 75 22 skolan
188 1146 53 22 skall
256 1149 56 19 sätta
327 1148 31 26 sig
373 1147 41 21 ned
429 1148 39 20 och
484 1147 44 21 lära
544 1147 96 21 eleverna
658 1146 95 22 säkallad
770 1146 149 24 ,,köksfnska"

98 1175 51 21 eller
164 1176 174 25 ,,kökssvenska",
361 1176 24 20 så
407 1178 23 19 är
452 1176 36 21 det
508 1178 49 18 utan
578 1175 71 21 tvifvel
669 1178 30 18 ett
719 1175 79 27 ganska
813 1174 106 27 praktiskt

97 1203 126 26 förfarande,
239 1210 48 16 men
300 1204 36 27 jag
352 1204 78 26 frågar:
447 1206 23 19 är
486 1205 36 20 det
538 1204 31 21 väl
584 1204 84 21 skolans
683 1204 45 25 sak,
748 1206 24 18 är
787 1204 37 20 det
838 1202 81 26 skolan,

98 1238 45 15 som
165 1232 54 22 skall
241 1232 97 28 bibringa
361 1233 68 21 denna
452 1233 105 25 färdighet
577 1233 23 20 åt
621 1232 134 27 ungdomen?
784 1232 46 20 Har
845 1232 75 20 skolan

98 1262 6 20 i
121 1261 59 21 detta
195 1261 35 21 fall
246 1262 65 26 något
325 1261 117 27 åliggande,
465 1268 45 14 som
528 1261 38 21 den
588 1261 170 26 ovedersägligen
774 1260 46 26 har,
839 1260 24 21 så
878 1260 41 21 kan

99 1290 36 20 det
149 1290 46 21 icke
212 1296 49 15 vara
276 1290 65 26 något
362 1294 64 17 annat
447 1292 26 18 än
489 1292 32 18 att
536 1290 44 20 lära
596 1289 97 21 eleverna
708 1289 105 26 verkligen
826 1289 93 25 språket,

99 1318 20 21 d.
134 1324 20 15 v.
169 1325 15 15 s.
201 1319 46 20 lära
263 1318 46 21 dem
325 1320 31 20 att
371 1318 66 22 förstå
456 1318 40 22 och
516 1318 54 21 fatta
584 1317 106 22 formerna
706 1318 39 21 och
759 1317 98 27 bibringa
873 1318 47 20 dem

100 1346 36 21 det
150 1347 168 27 språkmaterial,
334 1349 32 19 att
382 1348 26 20 de
425 1347 68 21 förmå
513 1347 97 26 intränga
624 1347 7 21 i
646 1346 132 22 litteraturen
795 1346 39 21 och
849 1346 70 26 också,

99 1382 35 14 om
149 1376 26 21 de
191 1375 95 27 behöfva,
302 1376 44 21 lära
362 1376 31 26 sig
408 1376 86 26 språket
508 1376 24 20 så
547 1376 105 26 praktiskt
667 1382 45 14 som
728 1375 86 27 möjligt.
840 1375 42 21 Det
897 1377 24 19 är

99 1404 133 26 naturligtvis
248 1405 70 25 något,
334 1410 45 16 som
394 1404 175 26 sammanhänger
585 1404 47 21 med
648 1404 39 21 den
702 1404 112 26 synpunkt,
830 1410 45 14 som
884 1404 37 26 jag

100 1434 57 19 strax
172 1432 46 20 från
234 1432 73 26 början
323 1432 120 26 framhållit,
460 1434 32 18 att
506 1438 48 14 man
570 1434 68 18 ansett
654 1432 67 20 såsom
733 1432 144 24 axiomatiskt,
889 1433 31 19 att

100 1460 123 21 menniskan
239 1460 45 20 icke
300 1460 42 21 kan
358 1460 45 21 lära
423 1460 31 26 sig
473 1461 64 25 något
552 1462 64 18 annat
631 1462 26 18 än
672 1459 55 21 hvad
742 1458 74 22 skolan
832 1459 89 26 pluggar

100 1488 6 21 i
122 1488 74 21 henne.
227 1488 72 21 Skulle
322 1488 35 22 det
378 1488 90 21 förhålla
491 1488 31 25 sig
543 1488 29 25 sä,
595 1488 67 21 skulle
682 1487 19 21 vi
721 1488 132 25 sannerligen
874 1487 46 21 icke

100 1517 85 21 komma
200 1517 78 27 längre,
294 1519 22 25 ty
331 1517 46 21 icke
392 1517 41 20 kan
449 1516 74 21 skolan
539 1516 44 22 lära
599 1516 37 21 allt
652 1515 85 27 möjligt.
760 1515 28 22 Så
802 1517 59 20 snart
872 1521 48 16 man
