1103 1792
208 139 55 22 2112
393 144 158 18 Presteståndet
564 145 54 17 1877.
643 145 22 16 15
677 146 114 16 november.

179 213 69 21 skulle
264 212 100 22 tillsättas
379 213 27 25 pä
421 215 42 19 sätt
478 213 6 21 i
500 214 11 25 &
524 214 27 20 66
564 219 35 15 var
610 212 117 26 föreslaget,
738 212 107 26 föreslagit
855 212 43 21 lika
908 212 88 26 mycket.

180 241 50 22 Men
252 241 26 21 då
301 241 58 21 detta
381 241 77 27 förslag
481 248 27 15 nu
530 241 38 21 har
590 240 91 28 förfallit,
697 241 38 21 har
754 240 162 22 bankutskottet
931 240 33 22 väl
979 240 18 27 ej

181 276 45 15 mer
248 270 45 21 skäl
316 273 32 18 att
370 270 97 21 fasthålla
490 270 33 21 vid
546 270 36 20 sitt
597 270 77 26 förslag
689 270 6 20 i
711 269 58 22 detta
785 269 123 27 hänseende,
924 269 74 21 åtmin-

179 301 62 19 stone
256 298 35 27 jag
306 299 32 20 för
353 299 41 20 min
410 299 95 21 enskilda
520 298 34 21 del
565 298 83 21 förenar
663 298 40 26 mig
719 299 47 20 med
782 298 53 26 dem,
852 297 70 22 hvilka
937 297 62 22 hafva

181 327 95 22 förordat
292 327 152 21 ordförandens
459 327 35 21 lön
509 327 31 21 till
556 327 74 21 inalles
647 327 74 25 15,000
737 327 65 21 mark.

255 384 68 22 Sedan
346 385 142 21 diskussionen
512 384 128 21 beträffande
656 385 67 20 denna
739 385 67 25 punkt
820 384 87 21 härmed
922 383 77 22 förkla-

182 415 44 19 rats
242 413 97 27 afslutad,
354 413 120 21 framstälde
490 413 48 22 herr
554 413 103 21 talman
672 413 91 26 följande
779 413 163 27 propositioner:

251 466 82 25 Önskar
348 471 85 20 ståndet
448 470 30 21 till
494 470 206 27 kontraproposition
723 470 102 27 yrkandet
841 469 26 27 på
882 469 118 28 förhöjning

183 498 47 21 med
250 499 61 23 1,000
328 499 57 20 mark
403 499 22 20 af
438 498 149 22 ordförandens
602 499 34 20 lön
652 499 51 21 eiler
718 499 60 20 icke?
794 499 77 20 Vinner
886 500 40 24 nej,
942 501 59 18 anta-

182 533 39 20 ges
237 527 32 21 till
285 527 205 26 kontraproposition
513 527 105 27 yrkandet
632 528 27 25 på
675 534 24 14 en
715 527 119 26 förhöjning
849 527 48 21 med
912 527 89 22 nämnda

184 555 76 28 belopp
276 557 22 20 af
312 555 150 22 ordförandens
476 555 180 28 taffelpenningar.

254 613 129 22 Besvarades
399 614 46 21 med
461 614 26 20 22
499 613 24 27 ja
539 613 38 22 och
594 613 11 21 9
622 613 42 26 nej;
682 615 53 20 samt

255 670 127 22 Godkännes
405 671 170 21 bankutskottets
598 670 77 27 förslag
689 671 7 20 i
711 670 97 22 afseende
823 671 13 21 å
851 670 151 22 ordförandens

185 700 6 20 i
208 699 82 21 banken
307 699 161 22 löneinkomster
484 699 50 21 eller
549 699 61 22 icke?
639 699 79 21 Vinner
733 699 39 26 nej,
789 699 38 21 har
839 699 83 22 ståndet
934 699 69 22 beslu-

184 728 33 25 tit,
234 730 31 19 att
280 728 150 21 ordförandens
446 728 34 21 lön
495 728 92 26 förhöjes
602 727 30 22 till
650 729 61 24 9,000
727 728 66 21 mark.

253 784 130 21 Besvarades
405 785 47 20 med
468 786 12 20 8
494 784 22 26 ja
532 785 37 20 och
586 785 26 20 22
632 784 43 27 nej;
698 784 84 21 hvarför
803 784 81 22 således
900 785 107 20 ordföran-

185 813 52 21 dens
253 813 5 20 i
275 813 81 20 banken
372 813 152 21 löneförmäner
546 813 67 21 skulle
629 813 64 26 enligt
707 813 96 20 ständets
818 813 68 21 beslut
901 813 59 26 höjas
976 813 31 21 till

186 841 75 22 inalles
279 842 73 25 15,000
367 841 65 24 mark,
449 841 74 22 hvaraf
537 842 63 25 9,000
618 841 103 21 beräknas
733 842 69 21 såsom
813 841 41 26 lön,
866 842 62 25 3,000
938 842 68 21 såsom

186 870 131 26 hyresmedel
333 870 38 21 och
387 870 62 24 3,000
464 871 69 20 såsom
550 869 184 27 taffelpenningar.

254 926 98 22 Rörande
368 926 156 22 direktörernes
540 927 153 21 löneförmåner
708 928 93 26 yttrade:

257 984 110 21 Professor
382 984 131 21 Forsman:
543 984 111 22 Utskottet
670 984 39 21 har
724 984 60 21 äfven
795 984 6 21 i
813 984 68 22 denna
895 987 47 24 post
953 984 55 27 gjort

186 1019 27 14 en
229 1012 127 27 afprutning,
380 1019 44 15 som
447 1013 71 21 består
540 1013 181 26 hufvudsakligast
739 1014 50 24 deri,
804 1015 32 19 att
850 1013 104 21 utskottet
970 1012 37 22 har

187 1041 119 25 bortdragit
329 1041 24 21 de
377 1042 24 20 så
421 1041 82 21 kallade
526 1041 199 27 taffelpenningarne
747 1042 123 26 uppgående
893 1042 32 20 till
946 1042 61 23 1,590

189 1070 60 20 mark
264 1069 32 21 för
311 1069 104 21 hvardera
430 1070 126 21 direktören.
587 1070 33 21 Nu
636 1072 23 18 är
675 1070 35 20 det
725 1070 51 21 visst
791 1073 54 22 sant,
861 1073 31 18 att
904 1071 104 21 utskottet

187 1098 19 26 ej
223 1098 39 21 har
276 1100 70 20 ansett
369 1099 30 25 sig
421 1098 49 27 vilja
492 1102 128 24 uppmuntra
641 1099 24 21 sä
680 1099 121 21 beskaffade
825 1099 122 27 direktörer,
962 1105 45 15 som

188 1133 50 15 vore
258 1126 89 22 tillsatta
369 1128 26 26 pä
417 1126 74 27 lifstid,
509 1128 39 21 och
564 1128 104 21 utskottet
682 1127 40 21 har
737 1128 71 20 derför
823 1127 107 27 föreslagit
946 1134 61 15 even-

187 1156 61 24 tuelt,
264 1158 32 18 att
311 1156 44 21 ifall
371 1156 117 21 Ständerna
504 1156 67 21 skulle
587 1159 76 23 antaga
680 1156 101 26 förslaget
797 1163 33 15 om
844 1157 130 21 tillsättande
988 1156 22 22 af

187 1184 148 21 direktörerne
351 1185 74 20 endast
440 1185 32 20 för
488 1187 32 19 tre
536 1186 30 26 är,
582 1185 62 21 deras
661 1187 32 18 lön
705 1185 67 21 skulle
783 1185 67 21 blifva
862 1186 76 24 14,000
948 1186 60 20 mark

189 1212 79 21 inalles.
300 1212 48 22 Men
370 1214 66 20 under
456 1213 157 27 förutsättning,
636 1215 31 19 att
691 1220 34 18 nu,
744 1213 69 22 såsom
830 1220 47 15 man
892 1214 7 20 i
914 1214 43 21 alla
972 1213 37 22 fall

188 1240 67 22 mäste
278 1242 87 26 hoppas,
385 1242 26 21 de
427 1242 124 26 direktörer,
574 1248 44 15 som
634 1242 101 22 Finlands
751 1242 56 22 bank
823 1242 60 22 äfven
898 1244 27 25 pä
941 1243 67 21 denna

188 1271 40 25 väg
243 1270 98 26 erhäller,
357 1272 36 20 äro
410 1270 89 27 duglige,
525 1277 62 15 anser
604 1271 36 27 jag
656 1271 35 21 det
707 1272 131 26 synnerligen
855 1271 106 27 riskabelt,
977 1273 32 19 att

189 1298 57 20 hålla
262 1298 62 21 deras
346 1299 34 20 lön
404 1300 132 25 synnerligen
552 1300 40 26 låg,
609 1300 18 26 ej
643 1299 62 21 hafva
721 1300 59 20 desse
796 1302 48 18 män
859 1300 33 20 väl
908 1300 101 25 aflönade,

187 1326 41 20 och
251 1327 59 21 detta
330 1328 66 25 gäller
412 1328 17 25 ej
446 1328 76 20 endast
537 1335 33 13 om
587 1328 150 22 direktörerne,
754 1330 49 18 utan
820 1328 140 20 öfverhufvud
975 1335 33 13 om

188 1354 42 20 alla
253 1354 94 22 bankens
370 1355 135 26 tjänstemän.
536 1356 40 20 Det
598 1357 24 19 är
644 1356 64 25 något
723 1355 24 21 af
761 1356 146 20 erfarenheten
923 1356 86 21 konsta-

187 1382 77 22 teradt,
281 1386 32 18 att
328 1383 102 21 Finlands
445 1384 57 20 bank
517 1384 32 20 till
565 1384 52 26 följd
633 1383 23 21 af
671 1384 39 20 den
726 1390 64 20 svaga
805 1384 98 26 aflöning,
920 1385 40 20 den
973 1384 36 21 be-

188 1410 45 22 står
253 1411 45 21 sina
322 1412 89 21 embets-
435 1412 39 21 och
490 1412 133 26 tjenstemän,
639 1413 18 26 ej
674 1412 32 22 får
723 1412 82 22 behålla
821 1414 26 20 de
862 1413 86 27 dugliga
963 1419 46 21 per-

188 1445 90 16 sonerna
302 1440 38 22 hos
364 1441 37 27 sig,
423 1443 50 19 utan
497 1441 61 21 dessa
577 1448 116 21 engageras
709 1442 44 27 just
768 1442 23 20 af
806 1442 25 21 de
846 1443 83 26 privata
944 1442 65 22 bank-

189 1469 176 28 inrättningarna,
383 1470 71 21 hvilka
470 1469 88 27 erbjuda
573 1470 39 21 och
627 1470 71 21 kunna
713 1471 88 27 erbjuda
816 1471 59 27 långt
889 1471 121 27 rundligare

189 1497 107 22 förmåner
318 1499 39 21 och
380 1499 78 26 följden
481 1500 23 19 är
528 1499 45 25 den,
590 1502 32 19 att
637 1499 101 26 Finlands
753 1499 56 22 bank
825 1501 7 20 i
847 1499 74 28 sjelfva
936 1501 73 21 verket

189 1526 39 21 har
243 1526 90 23 förlorat
348 1528 84 27 mycket
448 1527 84 28 dugligt
546 1527 50 27 folk,
614 1534 44 15 som
674 1528 46 27 gått
734 1529 21 21 in
771 1529 6 20 i
793 1529 69 26 privat
873 1529 70 27 tjenst.
970 1529 40 27 Jag
