1103 1795
181 140 56 21 2236
368 146 158 17 Presteståndet
539 147 54 16 1877.
617 146 26 17 27
653 147 116 16 november.

153 213 116 22 kussionen
291 213 36 22 vid
353 214 35 21 det
409 214 57 21 förra
486 213 93 22 tillfället
594 214 102 25 utvisade,
709 216 33 19 att
757 213 25 22 de
798 213 73 26 talare,
887 220 46 15 som
948 214 29 21 då

153 242 128 27 uppträdde,
298 243 117 26 medgåfvo,
432 245 32 18 att
479 242 105 22 reformen
600 249 37 14 var
653 243 67 26 nyttig
736 242 40 21 och
789 243 126 26 nödvändig,
927 248 47 15 men

154 271 70 21 kunde
240 271 131 27 uppskjutas.
401 271 63 21 Hvad
478 273 86 25 prosten
580 271 124 27 Rosengren
719 273 38 19 har
772 273 68 25 yttrat
852 277 34 15 om
898 271 77 21 bonde-

155 299 98 22 ståndets
267 300 56 27 åsigt
339 305 33 15 om
388 299 184 22 häradsrätternas
588 306 125 21 permanens
728 301 24 20 är
766 300 47 21 icke
826 299 66 22 heller
902 300 73 25 exakt;

151 328 39 27 jag
205 328 40 21 bar
260 328 41 21 läst
316 335 75 20 genom
407 328 41 21 alla
466 329 106 26 protokoll
591 329 112 21 tillkomna
722 329 35 20 vid
773 329 25 20 de
814 328 105 21 särskilda
937 329 39 20 hä-

154 357 153 26 radsrätterna,
330 357 27 21 då
377 357 73 28 frågan
465 357 33 21 för
512 358 78 27 många
604 357 25 21 år
644 357 64 22 sedan
724 363 38 16 var
776 357 46 21 före
837 357 55 21 inför
907 358 66 20 dessa.

154 386 33 21 De
208 386 71 21 utvisa
301 388 32 19 att
351 386 128 21 åtminstone
494 392 25 15 en
535 386 103 27 tredjedel
653 386 24 21 af
691 386 119 26 tingslagen
825 385 102 22 förenade
942 386 33 27 sig

155 421 34 15 om
210 416 33 19 att
265 415 94 21 erkänna
379 417 74 25 nyttan
474 415 24 21 af
517 415 185 21 häradsrätternas
721 421 132 20 permanens.
889 415 42 27 Jag
951 417 24 18 är

155 443 64 21 också
235 443 125 27 öfvertygad
375 449 34 15 om
425 445 32 19 att
472 444 36 20 det
523 444 99 26 upplysta
637 443 101 26 förstånd,
754 449 45 15 som
814 443 7 21 i
838 444 58 20 detta
911 444 76 20 stånd
979 439 12 35 .

154 472 73 25 finnes,
247 472 56 20 skall
325 471 101 26 erkänna,
449 474 32 18 att
504 472 105 21 reformen
633 472 60 20 äfven
708 472 87 26 partielt
811 472 76 25 utförd,
903 472 71 21 såsom

155 501 40 21 den
218 506 28 15 nu
268 502 24 19 är
313 500 125 27 föreslagen,
456 501 69 21 skulle
546 506 50 16 vara
618 500 68 28 nyttig
705 500 39 21 och
760 500 48 27 god,
824 506 47 16 men
884 500 37 28 jag
936 501 40 21 har

153 529 70 21 funnit
239 530 22 20 af
275 529 55 21 hvad
346 536 44 14 som
407 530 57 20 skett
479 530 39 20 och
534 529 66 21 delvis
618 529 61 21 äfven
695 530 37 20 här
748 529 68 21 blifvit
831 530 97 25 erkändt,
943 531 33 19 att

155 558 36 21 det
213 560 24 18 är
260 560 31 18 ett
312 558 128 24 biändamål,
464 564 44 15 som
533 558 86 28 bringar
641 558 68 20 denna
724 558 58 26 fråga
797 558 28 26 på
840 558 43 26 fall,
898 560 32 19 ett
943 558 32 22 bi-

155 586 104 25 ändamål,
283 592 44 15 som
351 587 60 21 torde
430 587 71 21 kunna
516 586 74 22 vinnas
606 586 61 22 äfven
682 587 28 27 på
725 590 65 18 annat
805 588 48 20 sätt.
883 586 41 28 Jag
939 587 36 21 vill

155 616 47 20 icke
218 615 89 21 bedöma
323 615 25 21 de
365 616 73 24 motiv,
454 621 44 15 som
514 616 39 20 här
568 616 55 27 gjort
639 616 31 26 sig
684 616 109 25 gällande;
810 616 36 26 jag
860 616 37 20 vill
913 616 61 21 äfven

155 650 50 15 vara
227 644 125 27 öfvertygad
378 650 39 19 om,
441 646 32 19 att
498 644 84 24 enhvar,
605 650 46 16 som
673 646 68 19 röstat
760 647 57 18 emot
833 645 70 25 saken,
920 645 57 26 gjort

156 673 35 21 det
207 673 47 20 med
269 673 52 27 godt
337 675 98 23 samvete,
449 673 37 27 jag
502 673 101 27 beklagar
618 673 55 21 blott
688 675 33 19 att
736 680 25 14 en
777 673 66 27 vigtig
855 674 122 26 utveckling

155 702 6 20 i
177 702 47 20 vårt
239 702 146 20 rättsväsende
401 701 88 21 härmed
505 702 107 26 fördröjts.

224 758 141 26 Domprosten
381 758 122 21 Renvall:
533 760 39 20 Att
586 758 116 22 rättvisans
717 758 103 26 skipande
835 758 38 21 bör
883 765 51 14 vara
945 761 30 19 ett

155 786 23 21 af
192 787 26 20 de
233 787 113 26 vigtigaste
361 786 205 22 samhällsintressen
585 788 61 20 torde
661 787 61 25 ingen
738 787 72 21 kunna
824 787 55 21 neka
895 787 38 21 och
949 788 28 20 då

155 816 41 20 den
212 815 78 27 nådiga
304 815 160 27 propositionen
480 816 47 20 med
544 816 25 20 de
584 814 176 26 modifikationer,
777 822 44 14 som
837 816 7 20 i
860 816 116 21 utskottets

155 843 134 22 betänkande
309 843 123 23 innehäiias,
454 845 27 25 pä
504 846 37 23 ett,
564 844 71 21 såsom
658 844 42 26 mig
716 850 68 20 synes,
800 844 177 28 ändamålsenligt

156 874 43 19 sätt
221 872 142 27 tillmötesgår
386 873 58 21 detta
467 872 71 25 behof,
561 873 23 21 så
607 872 67 22 skulle
696 873 42 26 jag,
758 879 45 15 som
819 873 39 21 har
873 872 46 22 haft
935 874 40 20 den

155 902 52 19 äran
230 903 31 18 att
285 901 48 21 med
352 901 42 21 min
417 903 45 18 röst
481 902 82 20 biträda
578 901 32 21 till
627 901 34 21 det
678 901 94 26 resultat,
788 901 32 22 till
836 901 81 22 hvilket
931 902 45 27 lag-

155 929 106 22 utskottet
276 930 39 21 har
330 929 89 22 kommit
434 930 39 20 och
489 936 43 14 som
549 930 47 21 med
612 930 95 21 ståndets
719 930 146 27 vederbörliga
876 931 100 20 tillåtelse

155 964 37 15 var
212 958 146 23 frånvarande,
379 959 27 20 då
421 964 81 15 samma
517 961 61 18 ämne
594 958 67 21 första
676 958 81 27 gången
774 959 153 24 diskuterades,
943 959 33 21 för

155 987 43 20 min
214 987 33 21 del
263 987 51 26 vilja
329 986 87 21 förorda
438 988 129 25 antagandet
588 987 22 21 af
625 988 38 20 den
679 987 85 22 reform,
781 993 44 15 som
836 987 39 21 här
885 989 24 19 är
920 987 56 22 före-

155 1015 74 27 slagen
249 1015 63 22 äfven
334 1016 6 20 i
364 1016 36 21 det
415 1015 105 26 afseende,
536 1019 32 18 att
589 1015 318 28 häradshöfdingsbostädernas
922 1023 54 20 upp-

155 1044 113 27 byggande
283 1045 46 20 icke
345 1044 68 21 skulle
428 1045 65 20 blifva
509 1044 149 27 obligatoriskt
673 1045 32 20 för
720 1045 125 26 tingslagen,
861 1048 50 17 utan
924 1046 51 20 bero

154 1072 23 21 af
191 1073 63 20 deras
270 1073 40 20 fria
325 1073 54 26 vilja.
411 1073 61 20 Hvad
489 1074 25 20 de
529 1073 52 26 skäl,
597 1073 39 20 här
651 1073 63 21 hafva
729 1073 69 22 blifvit
814 1074 89 21 anförda
918 1077 58 18 emot

155 1101 129 26 antagandet
306 1101 23 21 af
350 1101 40 21 den
412 1101 88 22 afsedda
522 1101 112 26 reformen,
657 1102 107 25 beträffar,
779 1102 97 21 förefalla
891 1103 26 20 de
932 1102 44 27 mig

154 1130 69 21 såsom
239 1136 45 15 mer
299 1130 74 21 sökta:
390 1131 35 21 det
440 1133 32 18 att
486 1131 175 21 häradsrätterna
675 1131 46 21 icke
734 1131 72 21 kunna
816 1137 28 15 nu
855 1131 119 27 omorgani-

154 1164 59 16 seras
236 1158 131 28 fullkomligt
390 1159 47 21 med
460 1159 99 21 afseende
582 1160 12 21 å
619 1160 36 20 det
674 1160 44 20 inre
734 1162 24 18 är
773 1160 46 21 icke
835 1162 31 19 ett
880 1160 47 21 skäl
942 1163 32 18 att

154 1188 47 20 icke
217 1188 51 20 söka
283 1188 64 20 vinna
362 1188 39 20 den
418 1187 82 26 reform,
517 1194 44 15 som
577 1195 28 14 nu
620 1190 25 18 är
659 1188 73 27 möjlig
740 1192 31 17 att
783 1188 57 26 ernå,
851 1189 46 21 icke
907 1189 67 21 heller

154 1222 63 21 synes
240 1217 49 25 mig,
312 1219 32 18 att
367 1216 40 21 den
430 1217 128 21 omnämnda
578 1216 138 28 språkfrågan
732 1217 68 21 skulle
816 1217 33 21 stå
863 1217 7 21 i
883 1218 24 20 så
922 1219 52 19 nära

153 1245 154 26 sammanhang
330 1245 47 21 med
393 1246 40 20 den
448 1245 66 26 fråga,
530 1252 45 14 som
591 1252 27 14 nu
634 1245 118 27 föreligger.
784 1246 190 21 Häradsrätternas

154 1274 45 20 inre
220 1274 143 26 organisation
382 1274 40 20 kan
445 1274 45 20 icke
512 1274 158 21 åstadkommas
691 1274 127 26 derigenom,
839 1277 31 18 att
890 1281 25 14 en
931 1274 42 27 lag-

153 1301 59 22 faren
233 1302 96 21 bisittare
350 1304 94 24 antages,
460 1304 51 19 utan
526 1302 68 22 måste
610 1303 26 21 de
651 1308 51 15 vara
716 1304 36 20 två
767 1304 51 20 eller
831 1303 55 25 flere,
902 1303 24 21 så
941 1305 32 19 att

154 1330 26 20 de
201 1330 58 20 bilda
277 1333 31 17 ett
326 1330 110 25 kollegialt
452 1331 50 19 verk
518 1331 38 20 och
573 1332 26 19 då
614 1331 67 20 måste
697 1332 103 19 nämnden
817 1332 99 25 antingen
931 1332 42 19 för-

153 1357 74 21 svinna
242 1357 51 21 eller
308 1358 94 25 undergå
417 1364 25 14 en
458 1357 123 26 fullständig
596 1358 170 26 omgestaltning.
797 1359 41 21 Det
854 1361 23 19 är
890 1359 83 21 således

154 1391 25 14 en
196 1385 59 26 fråga
270 1385 22 21 af
306 1386 80 25 ganska
401 1385 45 21 vidt
460 1386 102 21 utseende
578 1385 150 27 beskaffenhet,
744 1393 52 19 som,
813 1393 33 14 om
862 1393 49 15 man
921 1393 52 21 upp-

153 1413 81 27 skjuter
258 1414 47 21 med
327 1416 32 19 att
375 1414 51 21 söka
444 1414 147 22 åstadkomma
610 1416 68 20 tätare
702 1415 103 22 sessioner
827 1415 39 22 hos
887 1416 86 21 härads-

153 1444 101 24 rätterna,
277 1443 95 21 kommer
393 1446 32 18 att
446 1443 125 26 uppskjutas
587 1444 32 21 till
635 1449 26 16 en
675 1445 85 26 mycket
774 1445 92 26 aflägsen
881 1445 92 22 framtid.

152 1471 41 28 Jag
208 1471 68 22 skulle
291 1473 33 20 för
339 1473 44 20 min
397 1472 34 21 del
446 1472 87 21 förorda
548 1473 129 26 antagandet
692 1473 22 21 af
728 1473 38 21 den
783 1473 129 28 inbjudning,
926 1480 46 15 som

152 1500 47 21 från
220 1501 147 26 ridderskapet
388 1501 39 21 och
445 1501 60 22 adeln
521 1502 39 21 och
576 1501 174 27 borgareståndet
765 1503 39 21 har
819 1503 71 27 utgått
903 1504 28 26 på
947 1503 26 21 de

153 1529 53 26 skäl,
229 1535 45 16 som
296 1531 7 20 i
326 1530 115 21 utskottets
464 1530 132 22 betänkande
620 1531 65 21 redan
701 1531 117 22 innehållas
834 1532 39 21 och
888 1532 45 22 icke
949 1532 24 21 så
