1103 1792
225 136 54 20 1916
410 141 158 17 Presteståndet
582 142 53 16 1877.
660 141 12 16 6
683 142 115 16 november.

264 209 111 21 Professor
395 209 153 21 Ehrström:
580 209 41 21 Det
642 215 62 21 synes
727 209 42 26 mig
787 209 46 21 icke
848 215 51 15 vara
914 208 46 22 skäl
975 211 38 23 att,

197 238 69 20 såsom
286 239 85 25 prosten
388 237 57 27 Hjelt
460 238 122 21 alternativt
598 238 38 20 har
651 237 68 27 yrkat,
735 238 116 26 bordlägga
866 238 68 20 denna
949 238 12 25 $
976 237 39 22 och

196 266 86 21 dermed
297 266 94 27 fördröja
405 267 99 21 ärendets
519 266 161 27 handläggning.
705 266 47 26 Om,
767 266 70 22 såsom
848 269 86 24 prosten
945 266 69 27 Hjelts

195 295 78 27 förslag
296 301 61 22 synes
379 295 107 25 innebära,
507 295 63 22 orden
590 295 114 28 ,särskilda
720 295 102 28 stämpel"
838 295 67 22 skulle
920 296 57 26 utgå,
993 296 23 21 sä

195 324 71 21 kunde
289 324 74 27 frågan
387 331 33 14 om
436 325 178 26 stämpelafgiften
630 325 86 21 komma
730 326 32 20 att
778 324 51 22 bero
845 325 22 20 af
881 325 55 21 hvad
951 327 64 19 stäm-

195 353 277 27 pelpappersförordningen
487 354 96 21 kommer
598 355 31 19 att
644 353 112 22 innehålla.

265 410 76 21 Pastor
355 411 80 26 Lyra:
457 407 66 25 Äfven
536 411 36 26 jag
588 410 66 21 skulle
670 410 92 27 förorda,
779 412 32 19 att
826 410 115 21 ”särskilda
952 412 62 20 stäm-

196 439 47 26 pel*
264 439 68 21 skulle
350 439 51 26 utgå
416 439 39 21 och
470 439 46 27 &:en
532 439 27 21 dä
574 441 95 24 antagas,
687 439 22 21 sä
725 439 84 26 mycket
824 439 67 21 hellre
905 445 45 15 som
968 439 48 21 bor-

196 467 136 26 gareständet
348 467 39 21 har
401 468 56 26 gjort
472 475 80 14 samma
567 467 130 28 uteslutning
712 468 39 21 och
768 467 65 27 nägra
848 468 46 21 skäl
909 469 32 20 till
953 467 62 22 bord-

197 496 98 26 läggning
309 496 46 21 icke
371 496 27 21 dä
413 497 67 20 skulle
496 497 119 21 förefinnas.

266 553 75 20 Pastor
356 552 102 22 Lilius:
489 553 38 21 Att
548 554 34 21 det
605 555 24 19 är
650 553 87 22 alldeles
760 553 82 27 tydligt,
865 555 32 19 att
917 553 39 21 här
970 553 47 22 icke

195 581 68 22 skulle
286 587 49 16 vara
357 581 58 27 fräga
436 588 33 15 om
493 581 69 27 vanlig
577 582 247 27 stämpelpappersafgift,
840 582 93 26 framgär
949 582 66 24 deraf,

197 612 31 19 att
244 610 35 21 det
295 610 38 21 här
349 611 60 20 heter
422 611 19 24 ,i
452 611 48 20 stad
510 611 120 21 fastställda
639 611 135 26 antagnings-
787 610 38 22 och
836 611 105 21 särskilda
952 613 63 19 stäm-

196 639 140 26 pelafgifter*.

265 696 88 21 Prosten
376 696 76 26 Hjelt
472 696 89 25 medgaf,
577 699 32 18 att
624 697 107 26 uttrycket
748 696 212 27 ,antagningsafgift*
977 696 42 21 vis-

197 725 89 26 serligen
309 725 70 26 gällde
401 725 53 25 stad,
478 724 105 22 äfvensom
607 725 59 21 ordet
689 725 180 26 ,stämpelafgift*,
889 731 48 16 men
953 725 65 27 ansåg

198 754 59 20 detta
273 759 73 16 senare
361 754 60 20 äfven
438 754 70 20 kunna
523 753 89 22 hänföra
628 754 30 25 sig
674 754 32 21 till
723 754 247 27 stämpelpappersafgift.

264 811 78 20 Pastor
363 811 187 21 Westerlund:
582 811 41 26 Jag
641 811 35 20 vill
695 811 55 22 fästa
769 813 86 25 prosten
876 811 71 28 Hjelts
963 817 53 21 upp-

197 839 145 21 märksamhet
362 840 34 26 pä,
419 841 31 19 att
466 840 36 21 det
518 840 62 21 likväl
596 840 73 26 längre
684 840 54 21 fram
754 840 6 20 i
776 841 46 26 &:en
838 842 50 24 står,
905 842 31 19 att
951 840 66 21 sådan

197 867 61 27 afgift
277 867 54 22 skall
346 868 63 21 hafva
425 869 77 26 erlagts
518 869 33 20 till
566 869 54 25 stad,
636 869 270 26 stämpelpappersafgiften
922 869 95 27 erlägges

197 897 31 21 till
245 897 81 21 kronan
342 897 46 21 ieke
403 896 31 22 till
450 897 80 21 staden.

267 954 82 22 Doktor
372 954 161 27 Hornborg:
565 955 41 21 Det
628 956 23 20 är
670 954 7 21 i
692 955 116 21 utskottets
824 955 134 21 betänkande
974 955 43 22 till-

198 982 61 28 fylles
275 983 132 25 motiveradt,
423 986 32 18 att
470 984 38 20 här
523 984 46 21 icke
584 983 55 21 afses
655 984 177 26 stämpelpapper.

266 1040 48 21 Med
333 1040 111 26 anledning
460 1041 22 20 af
496 1040 39 22 den
551 1040 74 27 gjorda
640 1040 166 27 anmärkningen
822 1041 130 21 framställde
968 1041 50 21 herr

199 1068 145 22 talmannen
360 1068 92 27 följande
465 1070 142 26 proposition
597 1064 12 36 :

267 1125 128 22 Godkännes
410 1132 27 15 nu
452 1126 160 26 ifrägavaraude
628 1127 12 25 &
656 1128 11 19 7
684 1126 135 26 oförändrad,
830 1126 51 21 eller
891 1126 57 22 icke?
968 1127 49 21 Vin-

198 1161 37 15 ner
259 1154 38 26 nej,
317 1156 24 19 är
357 1156 43 24 &:en
416 1157 90 24 antagen
522 1155 48 21 med
585 1155 65 21 sådan
666 1155 90 27 ändring
771 1155 51 26 deri,
838 1158 33 18 att
886 1156 65 20 orden
968 1162 50 18 ,an-

198 1184 108 25 tagnings-
322 1183 39 21 och
377 1183 103 21 särskilda
496 1184 186 26 stämpelafgifter*
699 1184 86 26 utbytas
796 1187 57 18 emot
863 1184 61 21 ordet
934 1186 83 25 ,antag-

198 1211 143 27 ningsafgift*.

266 1269 131 21 Besvarades
413 1270 46 20 med
475 1270 27 20 20
515 1270 23 26 ja
555 1270 38 20 och
610 1270 25 21 10
651 1270 40 26 nej.

582 1354 14 26 8
613 1354 19 20 8.

560 1410 63 21 Mom.
642 1411 18 20 1.

266 1467 90 21 Prosten
381 1466 146 28 Dahlberg
552 1467 132 25 hemställde,
710 1467 104 22 huruvida
839 1468 35 21 det
898 1468 47 21 icke
967 1474 51 16 vore

198 1496 97 27 lämpligt
318 1498 31 19 att
365 1497 6 20 i
388 1497 31 20 ett
433 1497 152 26 sammanhang
600 1497 108 20 diskutera
724 1497 53 26 8:de,
797 1499 54 20 11:te
866 1498 39 21 och
921 1497 40 21 den
977 1504 40 20 nya

199 1526 51 27 S:en,
269 1531 43 16 som
329 1527 24 18 är
367 1525 106 26 inskjuten
490 1525 89 21 emellan
596 1526 26 20 14
638 1525 38 21 och
694 1527 25 20 15
736 1526 20 26 $,
773 1526 87 21 emedan
876 1527 6 20 i
898 1526 42 21 alla
956 1527 63 21 dessa
