1103 1792
209 135 56 21 2170
399 140 158 18 Presteståndet
569 142 53 16 1877.
646 142 22 16 17
679 142 115 16 november.

181 208 41 20 kan
238 208 33 20 väl
286 208 47 20 icke
347 208 66 21 heller
428 214 49 15 vara
492 208 65 26 något
571 208 46 22 skäl
633 211 31 19 att
679 210 100 20 motsätta
793 208 32 26 sig
837 208 114 27 petitionen
962 214 34 16 om

180 242 26 15 en
221 242 26 20 ny
263 236 70 21 skolas
356 236 119 21 inrättande
489 237 6 20 i
510 236 123 22 Jakobstad.
664 236 39 22 Om
726 243 25 15 en
767 236 65 22 sådan
855 236 142 27 omorganisa-

180 264 44 22 tion
239 264 96 22 kommer
357 264 144 22 realskolorna
516 264 31 22 till
563 265 39 26 del,
619 268 23 18 är
657 266 36 20 det
708 264 109 28 sjelffallet,
834 267 31 19 att
880 265 40 21 den
936 266 60 20 äfven

179 293 96 21 kommer
297 292 118 22 realskolan
431 294 6 20 i
452 293 116 21 Jakobstad
589 294 32 21 till
643 294 61 26 godo.
734 294 46 21 Den
803 293 125 27 erfarenhet,
951 300 45 15 som

179 328 49 14 man
242 321 39 21 har
296 322 73 20 vunnit
391 322 89 21 rörande
502 322 154 22 realskolornas
677 322 138 26 verksamhet,
831 324 24 20 är
870 323 126 20 åtminstune

179 352 74 23 större,
276 352 26 19 än
326 350 47 25 den,
395 356 48 15 man
465 350 39 22 har
524 351 74 21 vunnit
619 351 90 21 rörande
730 350 206 25 industriskolornas,
958 350 38 22 och

179 379 104 21 utskottet
305 378 96 22 förordar
415 379 6 20 i
437 378 41 22 alla
499 379 36 21 fall
553 392 24 2 —
593 380 39 20 och
655 379 44 21 deri
721 381 24 19 är
763 380 38 26 jag
823 380 47 21 med
892 380 105 21 utskottet

178 407 127 26 fullkomligt
321 414 48 14 ense
386 419 25 3 —
428 410 31 18 att
474 414 26 14 en
515 408 150 21 industriskola
684 408 67 21 skulle
766 408 89 21 inrättas
869 408 6 20 i
890 408 105 21 Tammer-

178 435 49 22 fors.
257 436 42 20 Det
316 436 8 20 1
343 442 62 15 mom.
421 436 67 21 skulle
503 436 80 22 således
599 436 59 22 äfven
672 436 36 26 jag
723 436 65 21 önska
804 436 90 22 ändradt
910 436 85 25 derhän,

178 466 32 19 att
225 470 25 15 en
265 464 90 26 petition
371 464 90 21 rörande
476 471 25 15 en
517 465 114 21 realskolas
644 465 118 21 inrättande
777 466 6 20 i
799 465 116 21 Jakobstad
928 464 67 22 skulle

179 492 91 26 afgifvas.
301 492 41 22 Det
357 493 13 20 2
386 499 62 14 mom.
471 493 94 21 deremot
581 493 34 21 vill
627 493 37 27 jag
680 493 47 21 med
742 494 42 20 min
800 496 44 18 röst
859 492 137 23 oförändradt

178 521 117 26 godkänna.

247 577 88 21 Prosten
351 577 158 22 Helander:
535 578 32 22 Då
578 578 145 27 kyrkoherden
736 578 105 22 Stenbäck
853 578 55 22 velat
918 579 77 25 ådaga-

178 605 67 27 lägga,
268 608 33 19 att
323 606 88 26 afsigten
435 606 46 21 med
504 607 49 21 herr
575 607 134 26 Tengströms
725 607 88 26 petition
828 613 37 15 var
880 609 32 19 att
927 607 68 21 uttala

178 636 31 19 ett
224 634 88 22 klander
327 637 57 19 emot
399 635 25 21 de
439 636 104 26 åtgärder,
566 642 45 14 som
634 635 67 21 blifvit
724 636 98 26 vidtagna
837 636 47 21 med
899 636 74 21 skolan
988 636 7 21 i

177 662 124 27 Jakobstad,
324 663 73 21 tänkte
417 663 36 27 jag
475 664 78 26 begära
575 664 61 21 ordet
655 664 33 20 för
708 666 32 19 att
754 664 101 25 försäkra,
872 667 31 18 att
918 665 76 21 åtmin-

178 693 60 19 stone
261 692 35 20 det
318 692 46 20 icke
380 692 37 20 har
433 692 52 20 varit
500 693 137 21 kommunens
653 693 82 25 mening
751 695 31 19 att
798 693 62 26 klaga
875 693 57 22 öfver
947 693 26 21 de
988 693 6 21 i

178 720 115 26 förgångna
309 720 54 21 tider
377 720 58 21 lidna
456 721 146 24 orättvisorna,
619 722 86 20 emedan
722 721 39 21 den
777 721 65 26 skola,
859 728 44 14 som
919 728 75 19 genom

177 748 113 26 styrelsens
312 749 75 25 åtgärd
403 748 6 21 i
424 750 73 20 staden
520 750 101 26 uppstått,
645 749 38 21 har
704 749 141 22 tillfredsstält
867 751 40 20 den
923 752 71 20 ortens

177 776 171 27 bildningsbehof
361 777 55 21 ända
431 777 31 21 till
478 778 68 20 denna
561 778 38 21 tid.
629 778 48 21 Men
694 778 35 21 det
743 778 39 21 har
792 778 53 22 varit
856 778 138 22 kommunens

177 805 84 26 mening
275 808 32 18 att
321 806 46 21 icke
389 806 73 21 endast
484 806 111 22 framhålla
616 806 35 21 det
665 809 58 19 stora
739 806 97 22 behofvet
851 808 22 20 af
886 813 25 15 en
926 809 68 19 större

176 833 132 25 läroanstalt,
323 836 27 18 än
367 834 39 21 den
422 841 27 14 nu
465 835 96 24 varande,
578 836 27 26 på
620 834 68 22 förfall
704 835 78 21 råkade
797 836 58 25 lägre
871 835 123 22 elementar-

176 862 81 26 skolan,
280 864 50 20 utan
353 863 63 21 också
436 863 49 27 visa,
500 866 33 18 att
548 864 125 20 kommunen
688 864 13 21 å
716 864 32 21 sin
764 864 45 21 sida
823 870 75 20 genom
915 864 79 28 uppoff-

176 892 71 25 ringar
261 891 39 22 har
315 892 48 21 sökt
378 894 32 19 att
424 894 51 24 göra
490 892 54 21 hvad
563 892 40 21 den
620 892 37 21 har
672 892 86 27 kunnat,
775 893 32 21 för
821 895 32 19 att
867 893 67 22 skaffa
949 894 45 21 sina

176 919 52 22 barn
251 920 81 21 tillfälle
355 920 31 21 till
409 921 92 26 nöjaktig
525 921 151 26 undervisning,
699 928 48 15 men
772 923 37 25 att,
831 922 87 21 oaktadt
933 923 61 21 deras

175 948 150 27 uppoffringar,
348 949 123 27 ställningen
488 949 63 21 likväl
569 950 40 21 har
624 949 66 22 blifvit
705 951 71 24 sådan,
792 952 32 19 att
839 952 36 19 det
889 953 24 18 är
928 951 66 27 omöj-

175 977 39 26 ligt
235 977 32 21 för
288 977 137 22 kommunens
441 978 136 22 medlemmar
593 981 31 18 att
639 978 20 21 få
674 979 45 21 sina
739 979 51 21 barn
814 980 136 21 undervisade
966 980 27 26 på

176 1005 36 21 det
234 1007 48 24 sätt,
305 1006 26 21 de
353 1006 68 21 skulle
444 1007 71 26 önska,
537 1007 39 22 och
595 1007 58 21 detta
668 1008 73 26 tycker
754 1008 35 27 jag
805 1008 26 21 de
846 1008 62 21 hafva
923 1008 71 21 anfört

175 1034 69 21 såsom
267 1036 30 19 ett
320 1034 120 22 bevekande
462 1035 45 21 skäl
527 1035 54 22 blott
596 1036 33 20 för
643 1038 32 18 att
690 1036 120 26 derigenom
826 1037 74 20 liksom
916 1037 76 26 ådaga-

174 1061 68 28 lägga,
266 1063 54 21 huru
342 1065 55 20 stort
419 1065 70 20 ortens
509 1063 63 22 behof
586 1066 24 19 är
625 1064 39 21 och
680 1064 87 26 innerlig
783 1065 60 21 deras
859 1065 86 26 önskan,
961 1067 32 19 att

176 1091 58 20 detta
249 1092 66 20 måtte
330 1098 50 15 vara
395 1092 141 25 tillgodosedt.
566 1093 43 20 För
625 1092 61 26 öfrigt
701 1093 39 20 har
754 1094 135 26 domprosten
905 1093 87 22 Renvall

174 1119 82 21 bemött
271 1119 76 22 doktor
363 1120 123 26 Hornborgs
501 1121 158 26 invändningar,
675 1121 97 22 hvarföre
785 1121 37 27 jag
836 1122 46 21 icke
893 1122 100 22 behöfver

174 1148 64 26 något
253 1148 71 21 vidare
339 1148 7 21 i
361 1149 65 21 saken
440 1151 62 25 yttra.

242 1205 111 22 Professor
376 1205 147 22 Forsman:
554 1206 10 21 I
586 1208 89 20 motsats
697 1209 44 19 mot
762 1207 146 27 kyrkoherden
930 1208 63 21 Sten-

174 1233 65 22 bäcks
254 1234 99 26 yttrande
367 1234 68 21 skulle
448 1235 36 26 jag
499 1241 50 15 anse
564 1237 38 24 att,
620 1235 3 20 i
639 1235 99 22 händelse
753 1236 129 21 Jakobstads
893 1237 99 21 kommun

174 1262 107 26 verkligen
304 1262 39 21 har
365 1262 99 27 beklagat
484 1263 31 27 sig
535 1263 57 22 öfver
606 1264 65 26 några
686 1263 57 22 lidna
757 1265 119 24 orättvisor,
892 1265 36 21 det
943 1271 50 15 vore

174 1290 52 27 skäl,
242 1292 32 19 att
289 1291 113 21 ständerna
424 1291 67 21 skulle
513 1292 62 25 åtaga
597 1291 30 27 sig
652 1292 39 21 den
706 1292 95 22 lidandes
816 1293 45 26 sak,
876 1293 116 27 hvaremot,

174 1325 34 14 om
223 1318 60 26 fråga
298 1321 24 19 är
337 1319 55 21 blott
407 1319 39 22 och
461 1320 48 21 bart
523 1326 34 15 om
573 1323 32 18 att
620 1321 79 20 erhålla
714 1327 25 14 en
755 1321 111 26 fyrklassig
880 1322 112 25 realskola,

175 1346 58 21 detta
249 1346 32 21 väl
297 1346 70 21 kunde
389 1346 156 22 åstadkommas
569 1350 50 18 utan
641 1348 124 21 ständernas
781 1349 132 21 medverkan.
944 1349 49 22 Men

174 1374 138 21 öfverhufvud
335 1380 61 15 anser
417 1375 36 26 jag
476 1375 68 21 denna
568 1375 59 26 fråga
649 1382 51 14 vara
722 1376 21 21 af
766 1376 106 22 allmänna
896 1377 97 22 besvärs-

175 1402 103 21 utskottet
293 1401 27 28 på
336 1404 31 19 ett
382 1402 205 23 otillfredsställande
602 1405 43 20 sätt
660 1403 68 28 belyst
743 1404 39 21 och
797 1405 68 21 skulle
880 1405 66 22 önska
961 1408 32 19 att

173 1430 143 22 betänkandet
330 1431 7 21 i
353 1431 68 22 denna
443 1431 33 21 del
500 1432 199 21 återremitterades.
728 1433 42 22 Det
790 1435 24 20 är
835 1433 32 22 för
888 1434 41 27 mig
947 1434 46 22 icke

173 1459 63 27 klart,
258 1459 55 22 huru
335 1459 36 22 det
394 1467 27 14 nu
441 1461 112 26 rätteligen
567 1460 99 23 förhåller
681 1462 32 26 sig
728 1462 48 21 med
791 1462 40 22 den
847 1463 146 27 Lindskogska

173 1487 84 27 fonden,
281 1488 55 21 huru
359 1489 40 21 den
420 1489 39 21 har
480 1489 67 22 blifvit
569 1490 81 21 använd
673 1491 39 20 och
733 1491 54 22 huru
809 1493 70 20 staten
894 1492 39 21 har
946 1493 47 26 gått

173 1517 87 28 tillväga
274 1517 7 22 i
296 1517 98 22 afseende
409 1518 13 21 å
437 1518 126 22 densamma.
592 1518 41 28 Jag
655 1519 86 28 känner,
764 1522 33 20 att
814 1520 36 23 det
865 1521 127 23 åtminstone
