1103 1786
220 137 55 21 1850
415 141 160 18 Presteständet
587 142 55 17 1877.
665 142 23 16 31
701 142 92 17 oktober.

187 210 81 27 lydelse
284 212 45 23 ,att
344 211 26 20 de
389 209 75 22 härom
481 210 74 27 gjorda
570 210 123 27 yrkandena
707 209 47 22 icke
770 209 66 22 måtte
851 209 32 22 till
899 209 76 27 åtgärd
989 210 24 21 af

186 239 118 20 ständerna
319 238 129 21 föranleda".

257 295 84 21 Doktor
356 295 162 25 Hornborg:
534 295 41 26 Jag
590 294 67 22 skulle
672 295 78 21 föreslå
766 296 38 23 att,
820 295 60 21 detta
889 300 62 15 mom.
963 295 48 20 icke

187 323 72 22 skulle
282 324 166 24 omformuleras,
469 325 51 19 utan
542 323 85 21 ståndet
644 322 94 22 förklara
752 325 32 19 att
799 324 61 26 ingen
876 322 75 28 åtgärd
967 323 44 21 vid-

186 355 63 24 tages
264 352 6 20 i
285 352 114 26 anledning
413 351 65 22 deraf.

257 408 110 22 Professor
407 415 133 15 Forsman:
564 409 42 27 Jag
620 408 69 22 skulle
702 408 48 22 icke
765 408 50 27 vilja
830 415 51 15 vara
893 409 6 21 i
911 409 98 25 antagoni

191 436 50 23 med
263 438 75 26 någon,
353 444 48 14 men
416 439 68 20 mäste
499 438 6 20 i
521 438 41 21 alla
577 438 38 20 fall
630 438 97 20 bekänna
742 439 32 19 att
788 438 36 26 jag
839 438 46 21 icke
900 438 41 20 kan
957 437 54 21 fatta

189 467 65 21 dessa
275 466 110 28 yrkanden
401 466 132 21 annorlunda
548 468 26 20 än
590 467 69 21 såsom
675 473 25 14 en
716 466 102 27 högtidlig
833 466 116 26 förklaring
964 465 47 22 från

186 496 128 21 ständernas
337 495 51 27 sida,
410 497 32 19 att
465 496 26 20 de
514 495 45 21 icke
582 495 27 27 på
630 495 66 26 något
709 496 45 20 sätt
768 495 113 26 godkänna
896 494 115 27 principen,

186 524 23 21 d.
219 530 17 15 v.
247 530 16 15 s.
273 523 93 22 förkasta
379 523 113 27 principen,
504 524 99 26 antingen
614 524 68 21 denna
694 524 118 26 förklaring
822 524 27 20 då
859 524 55 21 blott
924 526 88 19 stannar

186 553 9 21 i
210 553 127 21 ständernas
351 552 107 27 protokoll
474 552 51 22 eller
541 552 99 27 möjligen
655 552 96 22 kommer
766 554 32 19 att
810 552 48 26 ingå
870 552 7 21 i
887 552 124 27 petitionen,

189 588 47 14 men
253 581 34 21 för
301 582 33 19 att
349 581 93 20 undvika
457 581 28 20 all
501 581 118 26 otydlighet
631 581 68 21 skulle
707 582 37 26 jag
754 581 54 26 yrka
817 581 27 26 på
854 583 32 19 att
898 581 36 21 det
944 580 68 22 skulle

189 609 56 28 heta,
268 611 45 26 ,att
337 609 26 21 de
386 609 73 21 härom
482 609 74 27 gjorda
578 609 122 27 yrkandena
712 610 47 21 icke
774 609 66 21 måtte
856 609 109 22 föranleda
980 609 32 21 till

187 638 72 27 någon
274 638 75 27 åtgärd
364 637 46 22 från
425 639 125 20 ständernas
566 638 63 21 sida”.

257 695 110 22 Professor
389 695 172 22 Ehrström:
592 695 42 21 Det
656 697 23 19 är
699 695 126 27 uppenbart,
842 696 32 20 att
888 695 7 21 i
911 695 101 22 händelse

187 724 71 27 någon
273 723 89 27 petition
377 723 76 22 blifver
468 724 26 26 af,
510 724 143 27 expeditions-
665 724 39 21 och
713 724 227 27 justeringsutskotten
951 724 61 21 skola

189 752 64 22 hafva
275 753 33 20 för
324 753 32 26 sig
370 752 63 27 klart,
448 753 104 21 huruvida
568 753 59 21 detta
643 755 103 18 moments
761 752 93 21 innehåll
870 753 53 21 skall
939 752 74 28 inflyta

186 781 9 21 i
211 781 147 27 expeditionen
382 781 51 21 eller
448 781 52 21 icke.
530 782 40 27 Jag
592 781 68 22 skulle
682 781 63 27 tycka
766 784 32 19 att
819 781 35 21 det
874 781 66 22 borde
955 781 58 27 heta,

187 811 35 20 att
238 811 25 20 de
278 810 74 21 härom
371 810 75 26 gjorda
460 810 124 26 yrkandena
598 810 46 21 icke
660 811 65 20 måtte
741 810 32 21 till
788 810 70 26 någon
873 810 76 27 åtgärd
965 811 47 21 från

187 839 117 21 ständerna
319 839 110 21 föranleda
444 839 52 20 eller
511 839 6 21 i
532 839 126 21 ständernas
672 839 90 26 petition
778 839 54 26 ingå.

257 895 90 22 Prosten
389 901 144 20 Rosengren
548 895 99 22 biträdde
661 896 108 26 professor
784 896 109 21 Forsman.

257 952 32 22 På
310 953 49 21 herr
380 952 186 22 talmannens
587 952 155 27 framställning
764 953 70 21 beslöt
856 953 156 27 presteståndet

185 981 111 26 angående
319 988 63 14 mom.
405 982 13 21 f.
440 983 33 19 att
496 982 26 21 de
545 982 37 20 der
605 981 139 22 omförmälda
765 982 122 26 yrkandena
909 981 32 22 för
963 984 50 19 när-

187 1010 94 21 varande
303 1010 46 22 icke
372 1010 65 22 borde
460 1010 47 22 från
530 1010 123 22 ständernas
673 1011 47 21 sida
742 1011 32 20 till
792 1010 70 27 någon
878 1010 76 28 åtgärd
969 1011 44 21 för-

186 1038 84 22 anleda.

257 1095 42 22 Vid
314 1095 149 28 föredragning
478 1096 22 21 af
514 1102 62 16 mom.
591 1097 22 26 g)
629 1096 84 28 yttrade

257 1152 110 21 Professor
409 1159 101 14 Donner:
536 1153 66 21 Innan
618 1153 85 21 ständet
718 1152 81 21 skrider
811 1153 32 21 till
854 1155 31 19 ett
895 1153 116 27 afgörande

185 1181 26 21 af
228 1182 61 19 dessa
305 1181 56 20 olika
376 1181 85 26 förslag,
477 1187 45 14 som
537 1181 49 26 ingä
600 1181 67 20 under
682 1181 50 21 flere
748 1182 97 25 punkter,
861 1182 48 20 ville
922 1182 37 26 jag
974 1188 36 13 an-

188 1209 57 21 hälla
261 1215 33 15 om
310 1209 96 20 ständets
421 1209 95 27 benägna
531 1209 187 27 uppmärksamhet
732 1209 34 20 för
780 1210 66 25 nägra
862 1210 44 26 ord,
922 1209 89 22 emedan

188 1237 49 21 mitt
257 1237 135 26 andragande
407 1239 35 19 rör
458 1238 46 21 dem
521 1237 47 22 alla.
599 1238 49 20 Man
663 1238 39 21 har
717 1237 87 28 pästätt,
819 1240 31 19 att
865 1239 105 26 yrkandet
985 1238 27 27 pä

185 1265 55 21 Pera
261 1265 67 21 finska
351 1265 72 21 skolor
444 1267 7 19 i
472 1266 46 21 vårt
538 1266 49 21 land
608 1266 63 26 utgår
691 1267 46 20 icke
752 1266 48 21 från
815 1268 32 19 ett
860 1267 68 20 kändt
943 1266 69 27 behof,

188 1294 46 21 icke
257 1296 24 19 är
301 1294 102 20 baseradt
424 1295 27 26 pä
474 1301 25 14 en
520 1294 49 27 djup
589 1295 56 20 inom
661 1295 41 20 alla
717 1295 127 21 folkklasser
859 1295 56 21 känd
931 1295 80 21 önskan

187 1328 36 15 om
239 1323 72 25 dylika
326 1323 39 19 och
381 1324 31 19 ett
427 1323 138 20 medvetande
581 1329 34 14 om
630 1323 183 26 nödvändigheten
826 1323 22 20 af
858 1326 32 17 att
900 1323 60 21 äfven
971 1325 41 19 den

185 1349 72 21 finska
279 1350 148 25 befolkningen
442 1351 7 19 i
464 1350 154 21 vidsträcktare
640 1351 67 20 måtto
730 1351 84 20 komme
828 1351 7 20 i
851 1351 124 26 åtnjutande
990 1351 23 21 af

187 1377 66 27 högre
275 1377 102 27 bildning,
400 1380 51 19 utan
472 1380 32 19 att
526 1379 59 20 detta
606 1378 95 27 yrkande
723 1379 32 20 till
771 1380 78 20 största
865 1380 60 21 delen
941 1381 71 25 utgätt

186 1406 49 21 frän
250 1413 26 14 en
291 1407 110 27 agitation,
416 1407 48 21 frän
479 1409 31 19 ett
526 1406 121 22 sträfvande
661 1407 47 21 frän
724 1408 56 21 vissa
795 1413 112 21 personers
923 1409 46 20 sida
979 1410 33 20 att

185 1435 115 22 framkalla
322 1435 72 28 dylika
415 1436 115 27 yrkanden.
559 1436 40 26 Jag
622 1438 51 23 tror,
696 1438 32 19 att
750 1443 48 15 man
821 1437 75 21 endast
911 1437 100 22 behöfver

186 1465 72 21 vända
277 1465 83 21 blicken
376 1464 89 21 tillbaka
479 1465 28 27 pä
523 1465 26 21 de
563 1468 83 19 senaste
661 1465 101 22 förflutna
777 1467 13 20 8
806 1465 49 22 åren
871 1466 7 21 i
893 1466 48 21 vårt
955 1466 57 27 land,

186 1492 36 22 för
243 1495 33 19 att
297 1493 132 27 fullständigt
451 1493 119 28 öfvertygas
585 1499 34 16 om
634 1496 124 20 motsatsen.
788 1494 41 22 Vid
844 1494 129 28 landtdagen
988 1495 25 21 är

189 1522 54 22 1867
259 1522 104 22 förelades
379 1522 69 22 denna
458 1524 31 20 ett
499 1522 79 28 förslag
588 1522 32 22 till
632 1523 168 26 reorganisation
811 1523 23 23 af
842 1524 169 28 undervisnings-
