1109 1789
325 128 159 17 Presteståndet
496 129 55 18 1877.
575 129 23 16 18
610 129 114 16 november.
848 123 55 21 2075

114 196 40 21 har
178 197 61 23 trott,
260 198 32 19 att
314 197 68 20 denna
404 197 77 22 reform
503 197 47 22 icke
570 197 52 22 skall
644 197 134 27 genomföras
794 198 74 21 endast
884 199 47 20 med

114 224 203 27 bevillningsmedel;
343 225 105 22 utskottet
473 228 46 19 tror
544 227 30 25 sig
596 227 71 20 kunna
686 227 49 25 visa,
757 228 33 19 att
804 227 127 20 statsverket

114 259 50 20 eger
186 253 78 26 nödiga
287 253 113 27 tillgångar
421 254 77 21 dertill.
528 255 42 20 Det
594 255 60 20 torde
670 261 50 14 vara
736 256 47 19 bäst
798 257 32 18 att
845 255 86 20 afvakta

114 282 36 20 det
172 281 142 24 betänkande,
336 288 45 15 som
404 282 124 27 framlägger
550 283 122 26 finansläget
687 283 71 21 förrän
774 283 68 20 denna
856 283 40 20 sak
910 283 22 20 af

114 310 85 21 ståndet
214 309 87 27 afgöres.
322 310 72 27 Enligt
409 310 54 21 hvad
478 313 85 24 prosten
580 311 57 26 Hjelt
647 311 39 20 här
696 311 38 21 har
744 311 108 26 uppgifvit,
863 311 68 21 skulle

114 339 78 26 nödiga
207 339 123 20 statsmedel
346 338 112 22 förefinnas
473 339 33 22 för
522 341 31 20 att
568 339 49 28 fylla
632 340 36 21 det
683 339 131 22 närvarande
826 339 104 22 behofvet.

112 367 30 21 Ar
164 367 59 21 fallet
245 368 83 25 sådant,
350 368 72 21 kunna
446 368 19 21 vi
486 369 37 20 allt
546 369 92 20 inhemta
661 369 36 20 det
719 368 22 21 af
766 368 36 21 det
824 369 106 20 allmänna

113 396 142 26 betänkande,
271 403 44 15 som
330 397 96 21 kommer
441 399 32 19 att
488 397 133 27 framläggas.
644 398 42 20 Det
701 403 50 15 vore
762 397 88 27 således,
862 397 68 21 såsom

114 425 68 27 sagdt,
205 425 47 21 bäst
275 428 31 18 att
328 425 85 21 afvakta
436 426 58 20 detta
517 426 155 21 betänkandets
689 426 141 20 inlämnande.
847 438 25 3 —
889 426 41 20 För

114 453 64 27 öfrigt
200 454 68 21 skulle
284 454 35 21 det
334 455 55 20 varit
404 454 98 26 önskligt,
518 457 32 18 att
566 455 24 21 de
604 455 112 25 yttranden
732 455 108 26 angående
855 455 75 20 inkon-

114 482 128 21 stitutionelt
264 482 126 26 förfarande,
414 489 44 14 som
481 482 23 22 af
524 483 67 21 skilde
607 483 67 21 talare
690 483 38 21 här
744 483 38 21 har
798 483 132 23 framhällits,

114 510 67 22 skulle
197 510 63 22 hafva
274 511 111 21 uteblifvit.
411 511 77 26 Dylika
503 512 111 26 yttranden
626 511 63 21 hafva
700 512 39 20 den
750 512 90 26 menliga
851 512 78 26 påföljd

113 542 32 18 att
168 539 44 21 låta
235 540 25 20 de
282 540 243 23 samhällsmedlemmar,
548 547 43 14 som
614 540 63 20 blifva
699 540 87 22 föremål
805 540 33 20 för
858 540 71 26 dylika

112 568 171 26 anmärkningar,
306 568 87 21 framstå
415 569 6 20 i
437 571 30 18 ett
483 569 81 21 mindre
579 569 137 27 fördelaktigt
731 569 45 27 ljus.
806 569 41 25 Jag
862 568 68 22 skulle

113 597 63 21 hafva
199 597 81 26 önskat,
303 599 32 19 att
356 597 34 21 vid
406 597 210 27 öfverläggningarna
631 598 5 20 i
652 598 85 20 ståndet
752 598 71 26 dylika
838 598 92 26 skuggor

114 625 46 21 icke
176 625 55 22 hade
246 626 68 21 blifvit
328 626 144 21 framkastade
487 626 46 21 från
550 627 38 21 den
604 632 40 16 ena
659 626 51 21 eller
726 626 65 21 andra
806 626 66 21 sidan.

184 682 88 22 Prosten
295 683 80 21 Roos:
406 683 110 21 Professor
530 683 110 22 Ehrström
656 683 39 21 har
709 683 46 21 haft
770 684 40 20 den
826 683 104 27 godheten

111 714 33 18 att
170 712 99 26 påminna
293 713 43 25 mig
360 718 40 19 om,
424 714 32 19 att
478 713 36 20 det
534 718 48 16 vore
603 712 87 26 möjligt,
706 715 32 18 att
751 712 36 26 jag
802 712 48 26 sjelf
863 712 67 20 skulle

112 740 85 21 komma
219 743 33 18 att
274 740 62 21 blifva
357 746 25 15 en
397 740 100 22 invånare
512 741 6 20 i
535 740 25 22 de
576 748 27 14 nu
619 740 157 27 ifrågavarande
792 740 137 26 fängelserna,

111 768 39 22 och
175 772 32 17 att
230 769 35 26 jag
291 769 27 21 då
338 769 112 26 ingalunda
473 770 67 20 skulle
562 770 72 20 trifvas
653 769 70 21 alltför
738 769 38 21 väl.
807 769 41 26 Jag
863 770 66 20 måste

111 797 100 23 erkänna,
227 800 32 18 att
272 797 36 26 jag
323 798 45 20 icke
384 798 38 20 har
438 798 60 20 tänkt
513 798 27 26 på
556 798 58 20 detta
629 797 42 24 fall,
682 798 40 20 och
732 797 36 27 jag
778 798 70 20 talade
859 797 69 25 också,

110 826 69 20 såsom
200 826 36 26 jag
259 826 34 20 vill
312 826 87 24 minnas,
416 833 32 14 om
465 828 33 18 att
513 826 35 22 det
563 833 49 14 vore
628 826 105 26 olyckligt,
749 832 33 14 om
798 826 130 26 fängelserna

110 854 68 21 skulle
200 854 77 21 ordnas
299 854 31 26 så,
353 857 31 19 att
400 854 143 27 förbrytarene
559 855 65 20 skulle
640 854 56 21 finna
712 855 35 20 det
762 854 106 28 trefligare
884 854 43 25 der,

110 884 26 19 än
160 883 5 20 i
188 883 46 21 sina
256 888 53 21 egna
331 882 80 26 fattiga,
430 883 45 21 usla
491 883 65 27 kojor.
587 884 37 20 Att
637 884 36 25 jag
688 883 46 21 icke
748 883 74 21 tänkte
838 882 25 27 på
880 883 47 25 mig,

110 917 60 21 synes
186 912 22 20 af
222 912 59 20 dessa
292 912 47 25 ord;
351 914 21 25 ty
386 911 36 27 jag
437 912 38 20 har
490 912 46 20 icke
551 912 70 27 någon
631 912 43 20 usel
686 912 54 26 koja,
749 912 45 20 icke
803 911 65 21 heller
877 911 51 21 brist

109 940 27 26 på
158 940 36 21 det
216 940 174 26 nödvändigaste;
410 947 46 14 men
466 940 37 27 jag
518 941 48 21 kom
582 943 31 19 att
628 942 76 19 nämna
721 941 58 21 detta
794 940 48 22 med
857 940 69 20 anled-

108 968 50 27 ning
174 968 21 22 af
208 970 66 24 några
289 969 185 26 omständigheter,
490 976 44 14 som
548 970 36 26 jag
599 976 27 13 nu
642 969 37 20 ber
694 971 32 18 att
740 969 20 21 få
775 969 92 26 tillägga.
898 962 30 27 År

111 997 53 22 1868
191 997 67 21 hände
284 998 41 25 det,
351 998 67 21 såsom
443 998 65 21 kändt
529 1000 29 23 är,
582 1001 31 18 att
635 1003 101 22 personer
758 998 88 25 begingo
862 997 65 26 några

110 1026 81 21 mindre
214 1025 135 28 förbrytelser
371 1027 32 20 för
425 1029 32 18 att
479 1027 20 20 få
521 1027 84 21 komma
621 1027 4 20 i
642 1026 98 27 fängelse,
756 1027 36 20 der
808 1027 26 20 de
849 1026 77 25 ansågo

110 1054 31 27 sig
156 1054 62 21 hafva
237 1055 75 23 bättre,
329 1057 26 19 än
372 1057 56 19 utom
444 1055 107 26 fängelset.
581 1055 41 21 Det
638 1057 24 18 är
676 1057 54 23 sant,
746 1057 31 19 att
794 1055 35 20 det
845 1061 35 14 var
896 1057 32 17 ett

109 1083 76 26 nödår;
210 1089 47 15 men
280 1084 36 21 det
338 1086 24 18 är
384 1083 45 21 icke
452 1084 23 21 så
491 1084 59 26 länge
566 1084 70 23 sedan,
653 1084 26 20 då
695 1084 35 20 det
744 1083 47 21 icke
806 1089 38 15 var
858 1083 68 26 någon

109 1111 78 22 allmän
211 1112 40 21 nöd
274 1113 5 20 i
296 1112 77 25 landet,
390 1112 26 21 då
430 1113 6 20 i
453 1115 30 18 ett
499 1112 131 27 celifängelse
645 1125 27 2 —
688 1112 35 21 det
738 1113 60 23 enda,
814 1118 44 15 som
875 1111 51 20 tills-

110 1139 71 22 vidare
197 1140 66 21 finnes
278 1153 27 2 —
320 1147 26 14 en
362 1147 75 20 person
454 1141 21 21 af
489 1147 24 15 en
530 1141 126 26 tillfällighet
672 1140 40 21 fick
728 1141 48 20 sitta
787 1141 65 26 några
862 1141 65 25 dagar

109 1168 73 27 längre
205 1169 5 21 i
234 1169 107 27 fängelset,
357 1171 25 20 än
399 1169 40 21 han
455 1169 54 22 hade
525 1171 53 20 varit
592 1169 82 27 skyldig
689 1169 38 21 till.
759 1168 168 25 Vederbörande,

109 1203 45 15 som
179 1203 49 16 voro
252 1198 93 27 skyldige
368 1198 31 21 till
422 1198 64 26 detta,
503 1198 67 21 blefvo
586 1198 83 27 mycket
685 1198 80 26 oroliga
780 1197 38 22 och
834 1197 92 21 försökte

110 1228 32 19 att
159 1226 62 21 bonis
236 1227 70 20 modis
322 1227 62 26 lugna
399 1227 84 25 honom,
500 1233 46 15 men
562 1227 40 21 han
618 1227 98 21 svarade:
733 1227 61 24 ,Icke
810 1225 60 22 skola
881 1226 45 20 her-

110 1261 62 14 rarne
198 1255 101 26 bekymra
324 1256 31 25 sig
378 1256 78 25 derom,
478 1256 35 26 jag
535 1257 39 20 har
596 1255 81 22 trifvats
692 1255 38 21 här
745 1255 23 21 så
783 1255 40 26 väl,
839 1257 31 18 att
886 1260 40 20 nog

110 1283 54 22 hade
177 1284 37 27 jag
228 1283 81 22 kunnat
324 1284 49 21 sitta
388 1286 55 19 ännu
459 1285 65 26 några
539 1285 65 26 dagar
619 1283 49 22 till."

178 1341 109 21 Professor
303 1341 157 22 Ehrström:
491 1341 10 22 I
516 1341 35 22 fall
564 1342 36 25 jag
615 1341 27 26 på
657 1341 64 26 något
736 1343 43 19 sätt
794 1341 73 21 sårade
878 1347 47 19 pro-

109 1372 46 19 sten
180 1370 57 21 Roos
261 1376 74 20 genom
361 1370 35 20 det
416 1370 76 25 skämt,
512 1370 36 26 jag
570 1370 55 21 tillät
646 1370 42 25 mig
703 1370 5 20 i
724 1369 112 26 anledoing
851 1369 21 21 af
886 1369 40 20 den

110 1398 126 24 kännedom,
260 1401 85 23 prosten
368 1399 57 20 Roos
440 1399 82 26 tycktes
536 1398 50 26 vilja
600 1398 44 21 läta
660 1398 94 26 päskina,
770 1400 32 18 att
817 1398 41 21 han
874 1397 52 26 egde

110 1426 108 26 angäende
240 1426 104 25 fängelsen
365 1426 65 25 enligt
444 1432 64 20 nyare
524 1429 82 24 system,
623 1426 36 20 ber
672 1426 41 26 jag,
730 1427 32 19 att
777 1426 49 20 herr
840 1428 85 23 prosten

109 1454 99 21 ursäktar
223 1454 53 25 mig;
292 1454 36 21 det
342 1453 81 21 föreföll
439 1454 42 25 mig
496 1455 67 20 säsom
580 1456 85 23 prosten
680 1453 56 21 Roos
750 1453 18 26 ej
779 1453 67 21 skulle
857 1453 70 20 känna

110 1482 61 22 dessa
197 1481 109 28 fängelser,
332 1481 39 22 och
394 1483 35 20 det
451 1488 37 15 var
509 1482 75 24 derför,
604 1481 36 28 jag
656 1481 65 27 ansåg
737 1483 41 24 mig
794 1481 51 22 böra
860 1481 67 21 uttala

111 1511 42 27 mig
176 1511 82 26 derom;
282 1511 26 21 dä
327 1511 48 21 herr
390 1513 86 25 prosten
492 1511 64 26 ansäg
572 1511 46 20 dem
634 1517 50 14 vara
700 1509 118 27 beklagliga
833 1509 94 22 vistelse-
