1103 1786
220 133 53 21 1842
402 136 161 18 Presteständet
578 137 56 16 1877.
657 137 23 16 31
693 137 91 17 oktober.

187 206 49 21 från
256 206 101 22 skolorna
379 205 39 21 och
443 205 62 21 sökte
527 207 32 19 att
580 205 7 20 i
603 205 61 21 deras
687 205 63 21 ställe
765 204 68 21 införa
849 204 26 22 de
890 204 119 21 realistiska

190 235 204 26 bildningsämnena,
409 240 47 15 men
473 233 36 21 det
523 235 25 19 är
563 233 64 21 också
641 233 73 27 kändt,
730 234 33 21 att
778 233 99 21 skolorna
891 233 8 20 i
909 233 39 20 och
961 232 48 21 med

189 264 117 22 detsamma
327 263 80 20 råkade
428 263 6 20 i
455 261 97 28 ytterligt
573 261 72 22 förfall
664 261 40 21 och
719 264 33 19 att
767 267 25 16 en
808 261 64 22 bland
887 261 124 26 Napoleons

189 292 68 20 första
272 291 208 27 regeringsåtgärder
495 297 37 14 var
547 291 40 21 den
603 292 32 19 att
649 291 47 20 åter
710 291 76 26 bringa
802 290 26 20 de
839 290 70 26 gamla
919 289 91 27 språken

189 320 32 21 till
241 320 83 21 heders.
354 320 61 20 Hvad
436 319 46 21 åter
497 319 106 26 Tyskland
619 318 106 26 beträffar,
741 320 24 20 är
780 318 36 22 det
828 319 24 26 ju
867 318 64 21 också
945 318 65 22 allom

189 349 85 24 bekant,
297 350 32 19 att
351 348 38 21 der
411 348 80 26 häftiga
514 348 39 20 och
575 347 50 21 heta
644 347 78 21 strider
737 348 7 20 i
760 347 59 21 detta
834 347 98 21 afseende
947 346 64 22 hafva

189 377 69 21 blifvit
280 376 135 26 utkämpade.
445 376 56 21 Fred
519 376 40 21 har
574 376 121 26 visserligen
711 376 68 20 blifvit
795 375 69 21 sluten
880 376 44 26 der,
939 388 28 2 —
982 381 29 15 nu

190 406 27 21 då
232 406 19 21 vi
267 407 62 19 ämna
345 404 59 28 börja
416 405 53 21 strid
477 417 26 3 —
511 410 48 15 men
574 404 88 22 sålunda
674 405 32 20 att
716 404 53 21 latin
781 404 39 21 och
830 404 99 26 grekiska
941 403 70 21 hållas

191 435 37 21 der
243 435 23 20 så
281 434 6 21 i
304 436 42 24 ära,
363 440 45 14 som
424 434 75 21 endast
514 434 40 20 den
569 434 42 20 kan
626 432 59 27 fatta,
702 433 84 21 hvilken
799 432 49 27 sjelf
856 434 43 20 sett
909 433 42 21 det.
967 432 44 21 Der

189 463 72 26 frågar
280 468 50 16 man
352 462 53 24 icke,
426 468 34 15 om
481 468 26 15 en
529 462 86 26 yngling
639 463 23 19 är
686 462 93 26 skicklig,
795 464 50 18 utan
862 468 33 14 om
910 461 41 21 han
968 462 43 21 kan

190 492 53 21 latin
260 492 39 20 och
314 491 113 27 grekiska?
441 491 84 21 Doktor
540 490 115 26 Hornborg
670 490 38 21 har
722 490 34 21 för
771 492 33 20 att
818 490 74 22 förena
907 490 105 21 hvardera

191 520 71 27 linjen,
286 520 40 21 den
348 520 24 20 så
393 519 85 21 kallade
494 519 57 22 reala
567 520 40 20 och
621 520 40 20 den
677 519 66 26 lärda,
758 519 115 26 föreslagit,
889 521 32 19 att
935 519 76 21 latinet

191 548 67 23 skulle
281 548 131 22 bortlemnas
434 548 46 21 från
499 548 25 21 de
543 548 58 27 lägre
617 548 115 21 klasserna.
762 548 10 21 I
788 547 104 27 Tyskland
909 548 38 21 bar
961 553 50 16 man

191 578 65 21 också
278 577 76 21 önskat
369 583 26 15 en
410 577 181 26 samstämmighet
607 576 88 21 emellan
711 577 41 20 den
766 577 58 20 reala
840 577 40 21 och
895 577 40 20 den
950 577 61 20 lärda

191 606 74 22 skolan
281 606 39 21 ock
335 606 85 26 inslagit
436 611 25 15 en
476 605 99 26 temligen
591 607 88 19 motsatt
693 606 46 25 väg.
771 605 10 21 I
797 605 104 21 Sachsens
916 604 93 22 realsko-

191 635 33 21 lor
244 636 38 20 äro
302 634 43 21 alla
360 634 76 25 elever,
451 634 72 21 hvilka
539 634 65 21 önska
619 634 94 26 undergå
733 634 209 25 naturitetsexamen,
959 634 52 20 obli-

190 663 105 27 gatoriskt
310 662 128 26 förpligtade
453 664 31 19 att
499 662 45 21 läsa
559 662 51 21 latin
625 662 47 21 från
686 662 67 21 första
765 662 83 21 klassen
862 662 32 21 till
908 662 41 21 den
958 662 54 20 sista

192 694 40 19 och
252 692 36 26 jag
309 693 45 20 tror
375 693 39 23 att,
434 696 33 16 om
484 691 81 26 engång
580 697 26 15 en
622 691 181 26 samstämmighet
818 690 54 22 skall
887 690 125 27 åvägabrin-

191 727 38 19 gas
251 720 61 21 äfven
332 720 39 21 hos
386 726 40 20 oss,
441 719 36 21 det
492 726 51 14 vore
557 719 88 21 klokare
662 720 27 20 då
704 721 32 19 att
751 720 6 20 i
774 720 58 20 detta
848 719 97 22 afseende
960 719 53 27 följa

191 749 104 21 Sachsens
318 749 100 25 exempel,
440 748 24 20 så
486 750 32 19 att
540 748 20 21 vi
582 748 46 21 icke
644 748 67 21 skulle
726 748 70 21 lemna
811 748 48 21 bort
874 748 75 21 latinet
963 748 49 20 från

193 778 40 21 den
256 778 60 20 lärda
337 777 81 27 skolan,
436 778 51 20 utan
503 778 90 20 tvertom
608 776 67 22 införa
691 777 35 21 det
741 777 7 20 i
764 777 126 21 realskolan.
920 776 40 26 Jag
975 776 36 22 vill

193 807 8 21 i
217 806 152 26 sammanhang
387 806 85 21 dermed
488 805 82 27 påpeka
585 812 26 14 en
626 805 163 26 omständighet,
805 812 45 14 som
866 806 67 21 skulle
949 805 64 21 blifva

191 834 53 28 följd
266 834 61 21 deraf
351 836 32 19 att
406 834 61 21 dessa
492 834 56 22 båda
573 834 61 26 linjer
657 834 67 21 skulle
745 834 144 26 sammanslås,
913 834 69 22 såsom
1004 834 8 21 i

192 864 77 21 doktor
290 862 125 27 Hornborgs
437 863 130 21 reservation
592 862 94 26 föreslås,
712 863 39 21 den
774 863 148 26 olägenheten:
938 862 74 22 nämli-

192 898 46 20 gen,
262 893 32 19 att
318 892 7 20 i
347 892 24 20 så
393 891 37 20 fall
452 891 99 26 antingen
573 891 103 20 kurserna
691 891 8 20 i
714 892 26 20 de
753 891 78 21 exakta
845 892 168 25 vetenskaperna

192 921 7 20 i
219 920 144 21 realskolorna
378 919 67 21 skulle
461 919 6 21 i
483 919 42 26 hög
539 919 52 26 grad
607 919 133 25 förminskas,
755 919 51 21 eller
822 919 64 21 också
901 920 40 20 den
953 919 60 20 lärda

192 948 75 21 skolan
281 948 8 20 i
304 948 65 26 högre
384 948 52 25 grad
452 947 39 21 och
505 947 48 21 vida
567 953 50 21 mer,
632 949 28 19 än
674 947 74 21 hittills
766 948 54 20 varit
838 947 65 26 fallet,
919 948 94 21 belastas

192 977 48 20 med
263 977 67 26 dessa,
352 978 22 25 ty
396 975 70 22 såsom
489 975 84 27 bekant,
596 976 54 21 läses
666 975 6 21 i
688 976 120 21 realskolan
822 977 28 26 på
864 976 41 21 fem
921 977 25 20 år
968 982 46 14 mer

191 1005 8 21 i
220 1005 26 21 de
265 1005 77 21 exakta
363 1005 174 26 vetenskaperna,
564 1005 6 21 i
594 1004 123 21 matematik
740 1004 39 22 och
804 1005 209 26 naturvetenskaper,

191 1035 28 20 än
241 1034 6 21 i
268 1034 40 20 den
331 1033 61 21 lärda
410 1033 76 21 skolan
507 1033 27 26 på
556 1033 46 21 åtta
624 1033 31 21 år.
685 1033 39 21 Om
746 1033 81 21 således
843 1033 25 22 de
884 1033 45 26 fyra
945 1033 67 21 första

192 1062 51 21 åren
264 1062 97 21 eleverne
382 1061 122 22 undervisas
518 1063 137 25 gemensamt,
671 1061 68 22 måste
755 1062 78 21 endera
843 1063 23 20 af
876 1062 63 21 dessa
953 1063 60 20 utvä-

192 1097 38 21 gar
260 1091 109 26 tillgripas,
396 1090 114 27 ingendera
539 1091 70 20 såsom
633 1090 37 27 jag
698 1093 46 18 tror
768 1091 65 20 saken
858 1090 32 22 till
915 1090 96 22 fromma.

191 1119 79 22 Vidare
292 1119 54 21 hade
367 1119 37 26 jag
426 1119 54 21 talat
501 1119 80 24 derom,
601 1121 32 19 att
648 1125 25 15 en
690 1119 22 20 så
728 1119 107 21 beskaffad
851 1119 78 22 reform
944 1119 68 21 skulle

191 1148 112 21 förorsaka
318 1147 51 21 våra
382 1147 72 21 skolor
469 1154 25 14 en
510 1147 80 27 obotlig
605 1147 73 21 skada.
708 1147 70 21 Också
792 1148 33 20 för
841 1148 58 21 detta
914 1148 99 26 yttrande

192 1179 37 23 tog
251 1176 49 20 herr
323 1176 92 20 doktorn
436 1176 41 26 mig
492 1176 67 20 under
574 1176 141 26 upptuktelse,
730 1176 161 25 framhållande,
907 1176 55 21 huru
978 1176 36 21 det

191 1204 47 22 icke
261 1206 25 19 är
307 1204 47 20 skäl
376 1206 33 19 att
431 1204 98 21 betrakta
547 1204 101 21 skolorna
668 1204 68 21 såsom
753 1206 31 20 ett
800 1204 44 21 helt
860 1204 33 22 för
907 1204 38 26 sig,
961 1206 51 20 utan

192 1235 32 20 att
246 1232 150 22 fosterlandets
416 1232 61 22 bästa
493 1232 108 27 dervidlag
616 1232 39 21 bör
670 1239 37 15 var
722 1233 36 21 det
774 1233 134 27 ögonmärke,
924 1233 30 21 dit
970 1232 43 22 alla

191 1261 54 22 böra
268 1261 84 21 sträfva.
382 1261 41 26 Jag
445 1262 67 21 måste
535 1263 56 24 säga,
610 1263 33 19 att
655 1261 37 27 jag
707 1261 46 21 icke
768 1262 75 26 riktigt
856 1262 89 21 förmått
960 1268 52 20 upp-

193 1290 55 21 fatta
263 1290 111 25 meningen
389 1290 7 21 i
412 1290 68 21 denna
495 1290 124 27 förmaning.
649 1289 40 27 Jag
704 1290 76 21 tänker
795 1290 127 21 åtminstone
938 1291 38 26 att,
991 1290 21 21 få

191 1319 22 20 vi
233 1324 25 15 en
274 1319 42 24 god
328 1318 67 25 skola,
411 1318 73 21 ställer
500 1319 39 20 den
555 1319 23 20 så
593 1318 31 21 till
639 1321 33 18 att
688 1319 97 20 eleverna
800 1319 103 27 skickliga
919 1319 94 20 derifrån

190 1346 89 21 utträda
300 1345 40 22 och
360 1345 82 22 således
462 1346 69 21 såsom
547 1346 85 26 dugliga
647 1346 98 21 arbetare
760 1347 6 20 i
782 1346 150 22 fosterlandets
947 1347 66 25 tjenst

191 1374 86 22 komma
300 1376 32 19 att
353 1380 70 21 gagna
447 1374 58 21 detta
525 1374 123 25 fosterland,
672 1381 47 14 men
734 1374 22 21 få
770 1375 20 20 vi
806 1375 45 20 åter
866 1381 26 15 en
908 1375 62 26 dålig,
986 1381 26 15 en

192 1403 126 22 bortskämd
333 1402 61 23 skola
408 1403 24 22 så
446 1402 62 28 följer
524 1403 70 26 också,
609 1405 32 20 att
656 1403 20 21 vi
691 1403 67 22 skada
770 1403 44 28 just
830 1403 59 22 detta
905 1404 46 22 vårt
960 1404 54 22 kära

190 1432 123 22 fosterland.

260 1490 85 22 Doktor
371 1488 154 28 Hornborg:
556 1490 40 26 Jag
621 1489 71 22 anhöll
716 1496 33 16 om
772 1491 61 21 ordet
854 1490 34 22 för
909 1493 33 20 att
962 1492 48 21 med

190 1519 116 27 anledning
328 1518 22 22 af
364 1518 107 27 professor
485 1518 114 22 Forsmans
615 1519 115 27 påstående
745 1521 32 20 att
790 1520 37 27 jag
842 1526 36 15 var
893 1521 41 21 den
949 1521 62 26 enda,
