1117 1789
328 128 159 17 Presteståndet
502 129 53 17 1877.
580 129 22 16 13
614 129 114 17 november.

856 123 51 20 2091

119 201 65 21 mera,
205 196 86 21 hvarför
309 196 36 27 jag
365 197 33 20 för
412 196 62 27 ingen
490 196 34 21 del
539 196 67 22 skulle
621 199 57 19 rösta
694 197 31 21 för
740 197 41 26 det,
797 199 33 19 att
844 197 95 20 fruntim-

120 225 130 21 mersskolan
265 225 47 21 med
328 225 86 21 svenskt
428 225 222 27 undervisningsspråk
666 225 5 20 i
687 225 83 27 Kuopio
779 225 67 21 skulle
858 231 82 15 succes-

118 253 43 21 sivt
183 253 117 21 förfinskas.
330 253 40 26 Jag
392 259 61 15 anser
476 253 119 27 derigenom
618 254 47 21 hela
687 255 126 24 petitionens
831 254 109 26 framgång

119 287 51 16 vara
186 281 82 26 mycket
283 287 57 15 mera
356 282 136 25 vedervågad,
509 285 26 18 än
551 288 33 14 om
600 288 48 15 man
663 282 45 20 helt
722 281 71 22 enkelt
804 282 137 26 petitionerar

117 316 38 14 om
178 315 25 15 en
219 309 54 22 finsk
288 309 202 22 fruntimmersskola
504 311 6 19 i
526 310 88 26 Kuopio.
645 309 110 28 Slutligen,
772 310 38 21 och
826 310 66 21 ehuru
904 310 36 27 jag

118 340 26 19 är
159 337 123 28 öfvertygad
303 345 41 18 om,
368 340 32 19 att
422 338 105 26 professor
549 338 102 21 Forsman
667 344 40 20 nog
723 338 33 21 väl
771 344 73 15 svarar
858 339 27 25 på
901 339 39 20 den

120 366 75 27 replik,
211 373 45 14 som
272 369 86 23 prosten
373 366 56 21 Roos
445 366 39 21 bar
499 367 81 20 försökt
596 367 31 20 för
643 367 117 20 bevarande
774 367 22 20 af
806 369 134 18 reservanten

119 395 50 20 herr
184 394 160 27 Björkenheims
362 395 108 24 intressen,
487 396 67 19 måste
567 395 36 26 jag
619 395 53 20 dock
687 397 57 24 säga,
760 397 32 18 att
807 395 35 20 det
858 397 22 18 är
895 395 45 20 icke

118 423 67 26 något
200 423 152 26 förvrängande
368 423 22 20 af
404 423 70 26 orden,
490 426 51 18 utan
557 423 34 22 det
602 425 24 19 är
636 429 25 15 en
672 423 46 21 klar
728 424 112 25 uttydning
850 423 21 20 af
880 423 61 26 hvad,

117 458 47 14 som
180 451 5 20 i
202 452 65 20 orden
283 451 65 27 ligga;
376 451 36 21 det
427 453 23 19 är
466 452 45 21 icke
527 454 30 18 ett
572 451 85 22 läsande
674 451 88 22 emellan
778 452 95 23 raderna,
890 454 50 18 utan

120 480 87 21 läsande
222 480 22 20 af
258 481 66 20 orden
339 479 85 27 sådana,
441 480 25 21 de
482 481 39 23 stå,
537 480 27 21 då
578 481 48 20 herr
636 480 148 26 Björkenheim
795 483 68 23 säger:
890 480 51 27 ,Jag

119 509 41 20 hör
182 509 18 26 ej
224 509 31 20 till
272 508 52 26 dem,
340 515 45 14 som
400 515 75 20 genom
491 508 74 22 skolan
580 509 49 26 vilja
645 509 66 20 drifva
727 511 31 18 ett
773 509 51 21 visst
838 509 103 26 språkligt

120 537 162 26 parti-intresse.
316 537 71 26 Enligt
408 537 41 21 min
472 538 55 25 åsigt
550 537 50 21 böra
621 537 71 21 skolor
713 537 87 21 inrättas
820 537 38 21 och
878 544 63 20 uppe-

121 565 66 22 hållas
210 566 74 21 endast
307 566 32 20 för
361 568 32 19 att
416 565 110 26 tillgodose
549 565 203 27 bildningsbehofvet
770 566 5 20 i
794 566 84 21 landet"
902 565 38 22 och

117 595 123 20 sedermera
255 595 6 20 i
278 595 31 20 sin
325 594 57 21 kläm
398 600 105 21 upprepar
518 600 79 15 samma
613 594 45 25 ord,
674 595 27 20 då
714 594 41 21 han
766 594 54 21 talar
831 600 33 15 om
874 594 67 27 ,frun-

120 623 174 26 timmersskolor,
314 622 80 22 hvilkas
410 623 141 26 organisation
567 623 79 21 lemnar
661 623 81 26 garanti
758 623 33 21 för
806 625 32 18 att
854 623 24 21 de
894 629 46 14 san-

118 651 94 28 skyldigt
234 651 71 21 kunna
327 658 68 20 gagna
416 651 189 27 bildningsarbetet
627 651 5 20 i
655 651 92 21 landet."
778 652 64 20 Detta
861 651 31 21 tal
907 657 33 14 om

120 680 171 27 bildningsbehof
306 680 38 21 och
360 680 173 26 bildningsbehof,
550 686 44 15 som
610 680 151 27 oupphörligen
774 682 62 24 utgör
847 687 24 14 en
883 680 59 21 täck-

120 709 80 21 mantel
215 709 33 20 för
264 709 39 21 den
319 708 107 25 orättvisa,
441 715 47 14 man
504 709 64 25 begår
583 711 45 18 mot
643 709 39 20 den
699 708 67 21 finska
781 709 83 20 talande
881 709 60 20 delen

118 737 24 21 af
155 739 38 20 vår
206 737 120 27 befolkning
343 737 39 22 och
397 739 31 19 att
443 744 48 15 man
506 737 7 20 i
530 738 67 20 denna
609 737 128 21 reservation
749 743 54 20 noga
814 737 33 20 vill
860 737 80 21 bevaka

117 767 91 21 svenska
227 767 96 26 språkets
339 765 137 22 meddelande
491 767 7 19 i
513 765 66 22 finska
594 766 220 25 fruntimmersskolor,
831 773 47 14 men
893 765 47 22 icke

119 796 77 20 tänker
215 795 34 26 på,
272 795 54 20 huru
349 795 36 20 det
407 794 67 21 finska
494 795 95 26 språkets
606 795 136 21 meddelande
757 795 6 20 i
778 795 89 20 svenska
881 794 58 21 frun-

120 823 167 22 timmersskolor
302 823 110 24 bedrifves,
429 824 35 20 det
480 825 23 19 är
519 826 30 19 ett
564 823 159 27 parti-intresse,
740 823 35 21 det
785 825 24 18 är
819 823 46 21 icke
876 823 64 26 något

118 855 49 18 sant
183 852 38 21 och
237 852 105 27 allvarligt
358 851 136 28 behjertande
509 853 20 20 af
544 852 48 21 hela
608 853 46 20 vårt
668 851 68 22 finska
748 852 54 21 folks
815 852 124 27 ömsesidiga

116 881 70 21 behof.

186 938 110 21 Professor
318 939 145 20 Forsman:
488 937 88 22 Prosten
599 937 56 22 Roos
674 937 94 21 uttalade
783 937 32 21 sin
830 937 110 26 förvåning

117 966 104 26 deröfver,
244 969 31 18 att
295 966 36 27 jag
354 967 63 25 något
439 968 83 25 strängt
544 966 53 21 hade
619 968 66 25 yttrat
708 967 41 24 mig
769 966 107 26 angående
892 966 48 21 herr

118 995 160 26 Björkenheims
300 995 135 25 reservation,
457 995 83 20 hvilken
556 995 128 20 reservation
700 995 65 25 enligt
780 995 49 20 herr
844 998 96 23 prostens

118 1023 70 26 tanke,
210 1023 68 22 skulle
293 1023 6 20 i
315 1023 116 21 hufvudsak
446 1023 107 21 innehålla
568 1023 76 26 presist
660 1023 121 24 detsamma,
797 1029 44 14 som
858 1023 82 20 utskot-

119 1054 41 19 tets
183 1052 140 21 betänkande.
354 1051 48 22 Men
425 1052 49 21 herr
496 1054 85 25 prosten
604 1051 111 21 förundrar
730 1051 31 26 sig
776 1052 46 20 icke
838 1051 100 26 deröfver,

118 1083 32 18 att
173 1081 49 21 herr
244 1080 155 27 Björkenheim,
419 1081 26 20 då
461 1081 51 20 hans
529 1081 127 20 reservation
672 1080 88 21 sålunda
775 1080 81 21 ändock
872 1079 67 21 skulle

118 1109 106 21 innehålla
242 1110 76 25 presist
333 1109 122 25 detsamma,
472 1115 44 15 som
532 1109 114 21 utskottets
662 1108 138 26 betänkande,
817 1109 38 19 har
871 1110 68 18 ansett

118 1138 74 26 nödigt
208 1140 31 18 att
254 1137 76 27 afgifva
346 1138 69 25 någon
431 1138 134 24 reservation,
582 1137 37 21 och
636 1136 67 22 skulle
718 1136 49 21 herr
782 1139 84 24 prosten
878 1136 60 22 hafva

117 1166 62 21 tänkt
194 1168 27 24 på
237 1166 39 21 den
292 1166 70 26 saken,
378 1166 54 21 hade
448 1165 48 22 herr
511 1169 85 23 prosten
613 1165 111 27 möjligtvis
740 1165 80 21 kunnat
833 1165 63 24 finna,
907 1167 32 19 att

118 1195 36 20 det
176 1194 32 22 för
228 1197 134 19 reservanten
384 1195 39 20 har
438 1194 56 21 varit
511 1194 115 22 hufvudsak
641 1196 31 18 att
687 1194 62 21 kasta
765 1195 60 20 dessa
840 1193 98 25 invektiv,

115 1229 47 15 som
176 1224 36 26 jag
228 1226 36 23 tog
280 1224 42 25 mig
336 1223 89 21 friheten
442 1225 31 19 att
488 1224 6 20 i
510 1223 154 21 reservationen
680 1223 87 25 påpeka.
798 1222 41 21 Det
854 1224 24 18 är
893 1222 46 20 icke

113 1251 47 27 just
175 1252 77 27 presist
267 1253 63 25 något
346 1251 85 21 läsande
447 1251 88 21 emellan
551 1252 95 24 raderna,
662 1251 26 21 då
704 1251 36 21 det
754 1250 88 27 antydes
852 1250 87 27 specielt

113 1280 47 26 just
180 1286 27 15 nu
229 1280 27 20 dä
277 1280 35 21 det
333 1282 24 18 är
375 1280 57 26 fråga
449 1286 33 14 om
498 1280 120 20 inrättande
634 1279 51 21 eller
700 1280 203 20 subventionerande
919 1278 21 21 af

118 1308 68 22 finska
201 1308 219 25 fruntimmersskolor,
437 1310 32 19 att
484 1308 36 21 det
535 1310 65 20 måste
616 1308 26 26 på
659 1308 35 20 det
704 1308 141 25 allvarligaste
856 1313 33 15 ses
900 1306 38 23 till,

118 1339 32 19 att
165 1337 45 21 icke
227 1337 60 21 dessa
302 1336 72 22 skolor
389 1336 85 21 komma
489 1339 31 19 att
535 1338 67 25 ,tjena
614 1336 66 21 andra
690 1336 124 26 intressen",
826 1338 31 18 att
868 1335 71 26 ,,tjena

118 1366 159 26 partiintressen
300 1365 38 21 och
361 1364 83 28 deltaga
466 1365 6 20 i
494 1364 169 27 parti-striderna
685 1364 6 20 i
713 1364 92 21 landet."
835 1364 65 20 Detta
915 1365 23 19 är

118 1394 56 21 hvad
189 1400 47 15 man
253 1394 78 20 brukar
346 1394 57 20 kalla
418 1400 25 14 en
459 1394 85 26 politisk
560 1393 146 21 denunciation
718 1394 38 20 och
768 1393 26 21 då
804 1394 134 19 reservanten

116 1422 8 20 i
140 1422 36 20 det
191 1422 126 26 föregående
333 1422 82 25 stycket
430 1423 66 25 säger,
513 1424 31 18 att
558 1428 26 14 en
599 1421 65 20 sådan
676 1421 60 20 skola
745 1421 129 20 fortfarande
884 1420 54 20 skall

117 1456 51 15 vara
191 1450 142 21 underkastad
356 1449 92 21 kontroll
470 1449 22 21 af
513 1450 35 20 det
563 1449 105 21 allmänna
684 1448 57 22 öfver
756 1451 32 18 att
804 1449 73 20 skolan
893 1448 45 20 icke

116 1478 94 22 föröfvar
230 1478 41 22 alla
294 1478 60 22 dessa
377 1478 47 26 dåd,
447 1478 41 21 kan
508 1477 36 27 jag
566 1478 45 20 icke
627 1477 55 21 finna
698 1480 70 24 annat,
784 1479 26 19 än
826 1480 31 18 att
873 1482 65 16 reser-
