1103 1798
317 153 158 17 Presteståndet
487 154 54 17 1877.
564 154 25 16 22
602 154 113 17 november.
841 148 55 21 2195

174 220 110 22 Professor
306 221 145 21 Forsman:
481 222 40 26 Jag
543 222 38 20 ber
603 222 55 21 blott
680 222 38 21 och
741 222 48 21 bart
809 224 32 19 att
856 222 21 22 få
891 222 32 22 till

108 249 35 21 det
163 249 37 27 jag
221 250 84 26 yttrade
320 252 56 18 ännu
391 250 121 26 ytterligare
527 251 108 25 anmärka,
650 253 32 19 att
697 251 59 21 detta
771 252 18 26 ej
805 252 24 19 är
843 258 26 14 en
882 251 42 26 lag-

107 278 166 26 stiftningsfråga
294 278 5 20 i
321 278 40 21 den
376 278 116 26 vanligaste
507 279 116 26 meningen,
638 279 20 21 d.
674 286 18 14 v.
708 286 16 14 s.
741 280 35 20 det
792 281 23 19 är
831 279 18 27 ej
865 279 59 27 fråga

108 312 33 15 om
163 306 74 21 endast
257 306 69 26 någon
347 306 122 27 förändring
491 307 22 21 af
527 307 92 21 hvarken
639 308 46 20 civil
701 308 52 20 eller
767 308 98 20 kriminal
881 308 42 26 lag;

107 335 36 21 det
162 336 24 20 är
206 335 7 21 i
233 334 87 22 främsta
341 338 91 18 rummet
449 342 25 14 en
493 336 430 26 organisationsfräga
715 330 24 36 pä
751 336 172 26 lagskipningens

107 363 57 25 gebit
179 363 39 21 och
234 370 25 14 en
274 364 219 26 organisationsfräga,
509 370 44 16 som
569 364 134 22 uteslutande
719 366 35 20 rör
774 365 150 27 landsbygden.

108 392 49 20 Deri
175 392 72 27 skiljer
263 392 40 21 den
318 393 32 26 sig
365 392 33 21 väl
414 392 45 22 frän
476 393 75 27 mänga
565 392 67 22 andra
647 393 218 27 lagstiftningsfrägor,
877 400 45 15 som

107 420 62 22 hafva
184 421 79 21 kunnat
279 421 57 21 förut
351 421 104 21 förevara.

176 478 30 21 Pä
221 478 154 27 framställning
390 478 22 21 af
426 479 48 21 herr
489 478 144 22 talmannen
649 479 44 21 blef
706 479 73 27 frägan
795 479 50 22 derä
861 479 64 21 bord-

108 507 48 27 lagd
171 507 33 21 till
219 507 84 27 plenum
319 509 61 19 nästa
395 508 75 26 tisdag.

176 651 118 27 Föredrogs
304 651 170 21 bankutskottets
485 651 116 27 bordlagda
611 651 132 22 betänkande
754 658 33 15 n:o
797 653 12 20 5
817 652 108 27 angäende

108 680 147 27 Längmanska
269 680 214 21 testamentsfondens
497 680 128 27 förvaltning
640 680 7 21 i
661 681 100 21 Finlands
776 681 62 20 bank.

175 737 147 21 Betänkandet
344 736 49 24 blef,
416 737 26 26 pä
465 737 48 21 herr
535 737 158 22 talmannens
715 737 159 27 framställning,
890 744 35 15 en-

108 766 73 26 hälligt
197 766 117 26 godkändt;

175 823 86 21 hvarom
283 823 18 26 ej
324 823 81 21 mindre
427 823 143 26 medständen,
593 824 26 19 än
640 823 96 21 bemälda
755 823 82 21 utskott
859 823 65 22 borde

107 858 74 21 genom
197 852 76 26 utdrag
289 858 24 15 ur
328 851 129 28 protokollet
473 852 139 21 underrättas.

176 996 56 21 Derä
252 996 109 27 föredrogs
381 996 150 27 laguiskottets
546 996 117 27 bordlagda
679 996 132 21 betänkande
825 1002 34 15 n:o
876 997 24 20 16
917 996 6 20 i

107 1025 113 26 anledning
235 1024 22 22 af
272 1025 57 21 Hans
343 1025 108 26 Majestäts
462 1026 77 26 nädiga
549 1025 131 27 proposition
691 1025 108 26 angäende
809 1024 113 22 förändrad

107 1054 78 25 lydelse
200 1053 23 21 af
237 1054 26 20 53
279 1054 12 25 $
307 1053 6 21 i
329 1054 147 26 Legostadgan
486 1054 32 21 för
529 1054 121 21 husbönder
660 1054 39 20 och
710 1054 132 26 tjenstehjon,
852 1053 70 27 gifven

107 1082 40 20 den
163 1082 27 21 30
206 1082 86 21 Januari
309 1083 60 21 1865.

175 1140 41 20 Vid
237 1140 40 20 den
297 1140 125 25 diskussion,
438 1146 45 14 som
498 1140 73 21 härom
587 1141 91 25 utspann
693 1139 37 27 sig,
746 1139 103 26 begärdes
864 1139 60 21 ordet

108 1168 52 21 först
176 1168 23 21 af

176 1225 151 26 Kyrkoherden
344 1224 149 27 Stenbäck,
509 1231 44 15 som
564 1225 93 27 yttrade:
678 1225 31 21 De
720 1224 204 26 missförhällanden,

108 1260 43 15 som
172 1254 105 21 föranledt
294 1254 7 20 i
322 1254 59 26 fräga
400 1254 90 21 varande
505 1254 76 26 nädiga
596 1254 136 26 proposition,
749 1260 61 14 anser
823 1254 36 26 jag
875 1259 50 15 vara

108 1282 22 21 af
150 1282 64 20 sädan
238 1282 151 25 beskaffenhet,
405 1284 32 19 att
459 1282 25 20 de
505 1282 18 27 ej
542 1288 65 21 gerna
622 1282 71 20 kunna
707 1288 75 20 genom
798 1288 25 14 en
839 1288 26 20 ny
881 1282 44 26 lag-

108 1310 95 26 stiftning
218 1311 6 20 i
240 1310 73 26 frågan
329 1310 108 27 afhjelpas.
458 1310 48 21 Man
523 1316 60 21 synes
598 1310 71 26 utgått
680 1310 46 21 från
740 1311 35 20 det
785 1310 139 21 betraktelse-

108 1341 48 21 sätt,
180 1342 32 18 att
234 1339 139 27 anledningen
396 1340 31 20 till
450 1339 25 21 de
498 1340 92 26 sorgliga
612 1339 159 27 förvecklingar,
794 1345 44 14 som
862 1338 63 22 hafva

107 1369 75 25 yppats
203 1368 87 20 emellan
311 1368 120 20 husbönder
451 1368 38 20 och
508 1368 86 26 tjenare,
610 1368 134 20 uteslutande
760 1367 65 21 borde
840 1367 62 21 sökas
918 1369 6 19 i

108 1396 145 27 lättsinnighet
268 1396 39 21 hos
322 1396 149 26 tjenstefolket.
493 1396 42 21 Min
551 1396 139 26 öfvertygelse
706 1398 23 18 är
744 1396 117 20 emellertid
877 1396 47 23 den,

109 1428 37 19 att,
170 1425 25 19 då
218 1425 81 25 engång
319 1424 174 25 misshälligheter
509 1425 89 19 emellan
614 1424 119 19 husbönder
748 1424 39 19 och
802 1424 80 25 tjenare
898 1424 27 25 gå

109 1453 54 20 ända
178 1452 85 26 derhän,
278 1454 32 19 att
325 1453 26 20 de
367 1458 73 14 senare
456 1458 80 20 rymma
550 1458 25 14 ur
591 1452 31 20 sin
635 1452 71 25 tjenst,
717 1451 48 21 felet
777 1452 44 20 lika
831 1451 44 27 ofta
886 1451 39 21 och

109 1480 105 21 måhända
233 1481 44 20 lika
292 1481 83 26 mycket
390 1481 23 20 är
429 1480 133 21 husbondens
577 1485 45 16 som
638 1479 52 21 hans
705 1479 97 27 tjenares.
831 1479 31 21 År
878 1479 48 21 hus-

110 1509 82 22 bonden
214 1510 125 26 egennyttig,
358 1508 23 22 så
403 1510 30 20 att
451 1509 42 21 han
508 1509 19 26 ej
543 1508 35 21 vill
594 1508 71 21 betala
679 1508 68 27 skälig
762 1509 116 26 ersättning
893 1508 32 21 för

109 1539 36 21 det
166 1539 78 24 arbete,
263 1539 53 20 hans
336 1538 79 27 tjenare
434 1539 91 20 uträttar
541 1537 37 22 hos
594 1537 83 26 honom,
693 1537 39 22 och
748 1539 23 19 är
787 1537 40 22 han
842 1537 82 27 gudlös,
