1106 1798
194 141 55 20 2318

377 145 159 17 Presteståndet
549 138 54 24 1877.
627 145 26 17 29
665 145 115 16 november.

233 213 89 22 Prosten
341 213 133 26 Bergroth'
490 213 111 22 anmärkte
619 215 58 19 emot
691 214 74 25 pastor
780 213 73 25 Lilius,
868 214 39 23 att,
922 211 66 28 enligt

164 242 56 21 hvad
236 242 83 21 talaren
334 241 54 22 hade
404 242 32 26 sig
451 241 85 26 bekant,
552 241 154 27 afbarkningen
720 241 47 22 icke
782 241 85 22 komme
881 243 33 19 att
925 241 65 21 kosta

165 277 45 15 mer
233 272 26 19 än
283 271 27 20 10
328 270 63 27 penni
410 276 37 21 per
462 271 61 20 stock
538 272 55 20 samt
608 273 32 18 att
655 270 153 27 afbarkningen
824 269 108 22 medförde
947 269 41 22 den

166 299 74 26 fördel,
257 300 33 20 att
305 301 55 20 träet
375 299 47 22 icke
437 299 45 21 blef
496 299 53 22 blått
568 300 52 21 eller
637 302 37 24 tog
690 299 40 22 den
745 299 84 26 blånad,
845 305 45 15 som
907 299 35 21 det
957 304 33 15 er-

166 328 50 26 höll,
237 328 26 21 dä
286 328 36 21 det
343 327 99 22 flottades
466 328 131 21 oafbarkadt.
628 328 34 21 Då
684 328 114 26 dessutom,
814 328 66 26 enligt
895 327 93 28 lydelsen

166 357 7 20 i
190 363 75 15 mom:s
288 363 74 14 senare
381 356 41 27 del,
440 356 36 22 det
497 357 77 21 ankom
590 356 41 28 ,pä
646 356 160 22 vederbörande
828 358 106 25 guvernör
949 357 40 25 att,

166 385 38 21 der
220 385 75 21 sådant
313 385 6 21 i
338 385 104 21 särskilda
459 385 38 21 fall
515 386 84 25 pröfvas
614 386 72 21 kunna
699 387 50 19 utan
765 391 79 16 annans
859 391 48 15 men
923 385 66 26 lämp-

166 413 56 27 ligen
242 414 43 25 ske,
304 414 7 20 i
327 414 74 26 utslag,
421 414 135 26 hvarigenom
572 414 82 21 flottled
670 414 85 25 ordnas,
770 413 71 22 tillåta
856 413 98 27 flottning
969 412 23 21 af

166 443 48 20 icke
232 442 116 21 afbarkadt
366 442 80 26 virke",
465 443 71 20 kunde
555 443 82 21 talaren
656 443 46 21 icke
722 444 65 20 annat
802 444 27 19 än
844 442 87 21 förorda
945 447 45 16 mo-

166 474 92 19 mentets
273 472 118 26 autagande
406 471 144 22 oförändradt.

235 557 77 21 Pastor
331 557 175 21 Westerlund:
540 558 72 26 Enligt
635 557 40 21 den
693 556 127 28 föregäende
838 557 151 27 förordningen

167 585 23 22 af
206 586 54 21 1873
275 586 39 20 har
328 587 132 25 guvernören
476 585 46 22 haft
536 586 126 26 befogenhet
677 588 33 19 att
724 586 54 21 efter
789 592 38 21 syn
840 586 40 21 och
892 586 99 26 pröfning

166 614 36 22 vid
220 614 92 22 flottleds
336 614 108 22 ordnande
467 614 85 26 vidtaga
567 615 65 21 sädan
648 615 158 26 inskränkning,
821 616 32 19 att
868 616 15 19 t.
899 621 32 15 ex.
947 614 42 21 han

166 643 136 24 bestämmer,
320 649 34 15 om
373 643 67 20 virket
458 643 54 21 skall
528 648 53 16 vara'
595 643 121 21 afbarkadt.
750 642 40 22 Om
810 643 69 21 denna
897 643 93 21 bestäm-

167 672 51 26 ning
238 671 68 21 skulle
328 671 39 21 allt
389 671 130 21 fortfarande
538 672 124 24 bibehällas,
682 672 70 20 kunde
769 678 48 14 man
832 671 88 27 hoppas,
936 671 53 21 att
976 667 15 36 i

168 700 26 21 de
212 700 132 26 vattendrag,
365 700 37 20 der
420 700 114 26 bevisligen
556 700 71 21 ädlare
650 700 86 27 fiskslag
752 700 137 24 förekomma,
905 700 85 21 afbark-

167 729 77 25 ningen
260 728 68 21 skulle
344 728 66 22 blifva
424 728 42 26 lag.
496 728 48 21 Men
560 729 69 21 denna
644 729 100 27 paragraf
757 728 136 22 föreskrifver
903 728 86 22 afbark-

168 758 50 25 ning
234 757 96 21 öfverallt
345 757 7 20 i
368 756 41 22 alla
427 758 133 25 vattendrag,
576 758 120 21 oberoende
712 757 22 21 af
747 757 125 21 fiskerierna
887 758 39 20 och
941 757 49 21 med

168 786 118 21 detsamma
304 792 49 14 man
370 786 7 20 i
395 785 57 22 förra
471 786 60 21 delen
550 786 22 21 af
591 786 60 22 detta
668 786 57 21 förra
744 792 60 16 mom.
825 786 117 21 fastställer
959 786 30 20 af-

167 814 131 27 barkningen
317 814 68 21 såsom
404 814 41 28 lag,
464 814 79 22 tillåter
562 821 48 15 man
626 815 6 21 i
647 821 75 15 senare
737 815 61 21 delen
813 815 24 21 af
850 821 81 15 samma
945 820 44 16 mo-

164 845 61 20 ment
247 845 132 25 guvernören
401 845 32 19 att
450 843 108 27 upphäfva
576 844 69 21 denna
663 843 41 27 lag.
738 844 42 21 Det
801 846 25 19 är
845 843 64 22 ocksä
927 849 26 16 en
969 844 24 21 af

168 872 25 21 de
218 872 199 26 egendomligheter,
440 878 46 16 som
510 873 104 26 genomgä
640 873 58 21 detta
721 872 122 28 lagförslag.
881 872 50 22 Man
955 872 37 22 mä

167 901 66 21 tänka
251 902 39 25 sig,
308 903 33 19 att
360 901 36 21 det
414 901 68 21 finnes
504 902 132 26 vattendrag,
658 901 130 22 vidsträckta
804 903 133 25 vattendrag,
953 901 38 22 der

166 930 47 21 icke
232 930 64 26 nägot
315 929 115 28 synnerligt
450 930 52 21 fiske
520 929 147 27 förekommer,
683 930 37 21 der
736 931 36 20 det
787 931 45 21 icke
848 933 24 18 är
888 930 101 26 bevisadt,

167 960 32 20 att
223 959 68 26 någon
315 958 105 27 synnerlig
444 958 65 22 skada
530 965 75 20 genom
624 959 128 21 oafbarkadt
769 959 59 22 virke
848 959 142 22 förekommer

167 987 39 21 och
226 994 28 14 nu
276 987 94 27 tillägga,
393 990 31 18 att
440 987 69 21 virket
531 987 53 21 skall
607 994 52 15 vara
676 988 121 26 afbarkadt,
813 988 24 21 sä
851 988 34 20 fär
899 994 49 15 man
964 994 25 14 en

166 1015 71 27 utgift,
260 1022 45 15 som
328 1016 80 21 kanske
430 1016 87 27 belöper
538 1016 32 27 sig
592 1017 31 21 till
646 1016 102 27 miljoner.
778 1017 50 21 Men
851 1017 35 21 det
905 1017 33 20 lär
957 1016 33 21 väl

166 1044 47 22 icke
233 1050 61 16 anses
312 1044 70 22 såsom
402 1044 89 28 obilligt,
510 1046 32 20 att
561 1045 125 27 miljonerna
700 1045 52 27 utgå
767 1045 47 21 från
830 1046 161 26 miljonärernes

166 1072 72 22 fickor.
266 1072 76 22 Likväl
360 1073 67 21 skulle
442 1074 38 26 jag
498 1075 33 19 tro
550 1073 59 22 äfven
631 1074 34 21 vid
681 1074 67 21 denna
763 1074 105 28 paragraf,
885 1076 32 20 att
931 1074 60 21 kost-

166 1102 69 21 naden
254 1101 32 22 för
303 1102 154 26 afbarkningen
476 1102 117 27 egentligen
615 1103 84 21 komme
723 1104 31 20 att
777 1104 51 25 utgå
850 1103 46 21 från
917 1103 72 27 skogs-

166 1136 101 21 egarenes
288 1130 72 26 fickor,
381 1133 22 25 ty
426 1131 120 27 antagligen
569 1131 99 27 afdrager
691 1131 161 28 affärsmannen,
875 1132 27 21 då
924 1131 68 27 köpet

166 1161 111 25 uppgöres,
299 1159 46 21 från
368 1160 151 26 köpesumman
542 1160 55 21 hvad
619 1160 42 22 han
675 1160 34 22 för
730 1160 153 28 afbarkningen
898 1160 33 22 får
946 1160 45 22 vid-

167 1189 81 21 kännas
263 1189 7 20 i
285 1188 70 26 utgift.
384 1189 46 21 Den
446 1189 98 25 kostnad,
560 1189 31 21 till
607 1189 84 21 hvilken
711 1189 152 27 afbarkningen
879 1190 72 26 stiger,
965 1191 26 19 är

166 1217 46 21 icke
228 1217 24 21 så
267 1217 65 26 ringa,
351 1223 45 15 som
414 1219 87 25 prosten
522 1217 104 27 Bergroth
645 1218 39 21 har
701 1217 109 26 förutsatt;
830 1218 33 21 för
881 1218 27 21 10
926 1218 64 27 penni

166 1246 54 21 skall
243 1246 68 26 aldrig
333 1252 26 14 en
374 1246 61 20 stock
450 1246 72 21 kunna
540 1246 107 26 afbarkas,
668 1246 19 21 vi
704 1246 22 22 få
742 1248 84 24 mycket
841 1246 33 22 väl
889 1249 50 24 taga
954 1247 37 24 20,

163 1274 30 22 25
209 1275 13 19 å
236 1274 28 22 30
283 1274 69 26 penni.
383 1274 49 21 Man
448 1274 39 22 har
505 1274 72 26 klagat
591 1274 66 27 öfver,
673 1276 32 20 att
717 1275 159 26 jordbrukaren
891 1275 39 21 har
945 1274 45 22 för-

167 1303 55 21 lorat
244 1303 84 26 mycket
350 1308 70 16 armar
442 1309 75 20 genom
536 1302 185 28 stockflötningen;
737 1304 135 26 naturligtvis
888 1303 104 22 behöfvas

165 1338 71 14 armar
246 1330 32 22 för
287 1332 69 20 denna
363 1337 29 15 nu
402 1332 120 25 föreslagna
533 1331 132 27 afbarkning.
682 1332 113 20 Hvarifrån
806 1333 61 19 skola
877 1333 27 19 de
914 1333 78 25 tagas?

166 1358 34 26 Jo,
222 1358 47 21 åter
287 1358 47 21 från
354 1358 134 27 jordbruket.
518 1359 31 21 På
568 1358 89 22 dubbelt
678 1361 44 20 sätt
744 1360 96 20 kommer
861 1360 68 21 denna
943 1360 47 26 lag-

160 1386 140 27 -bestämning
322 1388 32 20 att
379 1386 81 22 drabba
480 1387 163 27 jordbrukaren,
662 1389 58 20 utom
740 1388 36 21 det
791 1390 32 20 att
839 1388 40 21 den
893 1388 100 21 kommer

166 1417 32 20 att
220 1414 117 29 nedtrycka
356 1415 48 22 hela
425 1416 185 22 trävaruhandeln.
641 1417 41 27 Jag
704 1418 71 21 röstar
796 1417 83 22 derföre
901 1417 33 22 för
956 1419 33 20 att

166 1445 58 21 förra
239 1451 62 15 mom.
318 1445 24 21 af
360 1445 65 26 sagda
443 1445 101 27 paragraf
559 1445 67 22 skulle
646 1446 44 21 helt
708 1446 38 22 och
764 1446 66 22 hållet
850 1446 55 27 utgå,
921 1446 68 22 ehuru

164 1473 37 28 jag
216 1473 92 22 förutser
323 1473 53 23 efter
400 1474 40 21 den
460 1476 84 20 senaste
562 1475 157 27 omröstningen
734 1477 32 20 ett
780 1475 46 23 icke
842 1482 45 16 mer
902 1475 90 28 lysande

165 1503 91 22 resultat
271 1504 27 19 än
312 1502 34 22 då.
