1103 1786
294 138 160 18 Presteståndet
466 140 54 16 1877.
544 140 14 16 8
570 141 114 15 november.
834 134 54 20 1967

97 208 64 22 redan
182 206 91 28 antydts,
289 213 50 16 vara
353 208 140 26 nödvändiga,
508 208 34 21 för
556 210 32 19 att
602 208 114 26 förebygga
730 208 77 21 strikes
822 208 52 21 eller
885 208 32 21 för

97 238 32 20 att
152 235 133 26 föreningens
303 238 171 24 representanter
494 236 64 28 skola
573 237 105 26 uppträda
700 237 69 21 såsom
792 236 125 22 förmedlare

97 264 88 22 emellan
201 263 152 27 arbetsgifvare
368 264 39 21 och
423 264 102 21 arbetare.
544 260 63 26 Öfver
622 266 59 20 detta
696 264 41 22 kan
745 264 37 26 jag
794 265 45 21 icke
850 264 67 22 uttala

97 293 48 26 mig,
167 298 47 15 men
227 292 37 25 jag
286 293 67 19 måste
375 292 109 26 medgifva,
501 295 31 18 att
545 293 35 26 jag
596 293 61 26 hyser
673 292 173 26 betänkligheter,
863 298 54 15 eme-

99 321 40 21 dan
156 320 36 21 det
207 325 61 21 synes
284 320 49 25 mig,
348 326 44 15 som
409 320 67 21 skulle
492 321 60 21 dessa
568 322 169 25 representanter
752 320 32 21 för
794 321 122 26 föreningen

96 355 50 16 vara
166 348 80 27 jäfviga
267 354 107 21 personer,
397 348 34 21 det
454 351 23 19 är
498 348 157 22 fabrikanterne
677 349 39 21 och
732 349 183 26 arbetsgifvarene,

96 384 45 15 som
164 377 39 21 här
218 376 60 22 skola
293 377 104 26 uppträda
412 377 70 21 såsom
497 377 126 22 förmedlare
639 377 88 22 emellan
742 378 32 25 sig
788 377 74 26 sjelfva
877 379 39 19 och

96 405 131 22 arbetarene.
257 405 49 22 Men
322 406 36 21 det
372 405 41 22 kan
429 405 75 27 hända,
520 408 32 19 att
564 406 36 26 jag
616 407 110 26 misstager
742 406 41 27 mig
793 406 7 21 i
810 406 43 21 min
863 412 53 21 upp-

96 435 91 26 fattning
202 435 38 20 och
257 437 32 18 att
305 434 61 22 dessa
381 434 119 27 föreningar
514 435 46 21 icke
575 435 56 21 blott
645 437 37 18 äro
693 435 87 27 nyttiga,
791 437 50 18 utan
852 434 65 22 också

97 463 87 22 alldeles
199 463 138 26 nödvändiga,
353 469 47 15 men
415 469 34 16 om
466 464 25 20 de
507 466 36 19 äro
558 463 24 21 så
597 463 81 28 nyttiga
693 464 39 20 och
743 463 131 27 nödvändiga
885 463 32 21 för

96 492 106 25 städerna,
219 493 23 20 så
257 494 35 19 vet
304 492 37 27 jag
356 492 45 21 icke
416 491 85 22 hvarför
517 498 47 15 man
580 492 53 21 skall
650 498 49 15 vara
714 494 56 19 emot
783 492 60 21 deras
853 493 64 20 inrät-

96 521 64 21 tande
183 521 27 27 pä
232 520 78 22 landet.
341 521 45 20 Här
407 520 39 21 har
468 520 120 27 visserligen
604 520 68 21 blifvit
686 520 125 26 framhället,
828 522 38 24 att,
882 526 34 15 om

96 549 79 21 sådana
190 549 121 26 föreningar
325 549 68 21 bildas
409 549 27 27 på
451 549 77 25 landet,
544 550 24 20 så
583 549 87 27 uppstår
686 549 37 21 der
738 555 26 15 en
780 551 44 19 stor
839 549 78 25 svårig-

95 577 44 25 het,
162 577 88 21 emedan
272 583 48 14 man
344 577 45 20 icke
412 578 40 20 kan
475 577 66 21 tilltro
564 577 158 21 vederbörande
743 578 28 25 på
788 576 72 21 landet
876 577 39 20 den

96 605 204 26 omdömesförmåga
312 605 35 21 vid
358 605 197 27 betygsutfärdande
568 611 44 16 som
625 605 158 21 vederbörande
793 605 5 20 i
810 605 104 25 städerna,

97 634 38 21 och
158 636 32 19 att
214 634 35 21 det
273 633 67 22 skulle
363 634 76 26 uppstå
460 640 80 15 samma
555 633 112 27 svårighet,
682 639 44 15 som
743 635 38 20 när
796 639 26 15 en
838 633 77 27 kyrko-

96 662 64 22 herde
183 662 54 21 skall
259 664 101 25 upprätta
382 665 30 18 ett
435 661 76 28 förslag
527 662 31 21 till
574 662 138 25 klockareval,
729 668 47 15 men
792 662 72 21 dervid
879 661 36 22 vill

93 691 36 26 jag
151 691 112 22 framhålla
285 691 40 21 den
348 693 58 19 stora
425 691 109 21 skilnaden
556 691 89 21 emellan
663 690 100 21 klockare
778 690 39 21 och
832 691 83 20 skoma-

95 720 58 26 kare,
176 721 32 20 att
230 726 34 15 om
287 726 48 15 man
358 719 77 22 önskar
457 719 64 22 blifva
536 719 125 25 skomakare
676 719 98 22 behöfves
789 719 47 21 icke
850 719 65 26 något

95 747 137 28 förslagsrum
247 751 116 24 upprättas.

163 805 90 22 Prosten
273 805 85 22 Roos:
388 805 41 22 Det
445 805 39 22 har
499 812 45 15 mer
559 808 26 19 än
601 812 26 15 en
643 806 54 27 gång
711 804 9 22 i
735 805 35 21 det
786 804 128 27 högvördiga

95 834 85 22 ståndet
201 835 68 21 blifvit
283 834 125 27 framhållet,
425 834 53 21 huru
493 835 47 20 vårt
554 835 49 20 land
618 836 56 19 ännu
689 833 45 22 står
749 833 52 21 efter
817 833 25 21 de
856 836 59 18 stora

94 862 175 23 kulturländerna
292 863 39 22 och
355 863 34 22 det
409 865 23 19 är
446 866 54 23 sant,
516 865 31 18 att
562 863 36 21 det
612 863 24 21 så
651 865 37 24 gör
703 863 6 20 i
725 863 75 25 många
815 861 41 22 fall.
887 861 28 24 Sä

95 894 14 18 t.
133 898 31 14 ex.
187 893 46 20 stär
256 892 35 20 det
309 893 56 19 ännu
381 891 54 21 efter
449 892 48 20 dem
512 891 60 21 äfven
588 891 75 26 deruti,
678 893 31 19 att
724 890 190 22 arbetsinställnin-

95 926 66 20 garna
182 922 55 19 ännu
259 920 46 21 icke
325 919 61 22 hafva
408 920 75 21 hunnit
504 920 38 26 hit,
558 926 47 15 men
626 926 47 14 man
688 921 36 19 vet
738 918 46 22 icke
800 918 54 22 hvad
869 924 45 16 som

94 948 42 22 kan
157 948 69 22 hända
242 948 38 22 och
293 948 37 27 jag
345 948 80 26 tänker,
440 950 32 20 att
487 948 6 21 i
509 948 78 22 sädana
602 948 37 22 fall
654 954 49 15 vore
718 948 61 21 dessa
794 946 121 28 föreningar

94 976 89 28 nyttiga,
203 977 104 27 nämligen
329 977 26 27 pä
370 977 75 22 sådant
461 979 43 19 sätt
519 980 31 18 att
566 977 25 21 de
607 977 138 21 tillsammans
760 976 71 21 kunde
846 975 68 27 möjli-

95 1012 39 21 gen
150 1006 33 21 till
199 1013 25 14 en
240 1006 29 22 tid
286 1006 108 21 motverka
409 1006 47 21 dem
472 1006 39 21 och
527 1008 31 19 att
574 1006 25 21 de
615 1006 26 21 dä
657 1005 55 21 hade
727 1011 25 15 en
768 1005 68 24 kassa,
852 1004 62 22 hvar-

93 1035 48 21 med
164 1035 26 21 de
213 1036 70 20 kunde
299 1035 128 21 understöda
442 1035 46 21 icke
504 1034 25 21 de
544 1034 115 25 strikande,
674 1037 51 18 utan
740 1034 124 25 hvarandra,
880 1040 33 14 om

93 1065 69 26 nägon
185 1063 68 22 skulle
268 1064 82 26 tvingas
365 1065 32 20 att
413 1064 102 26 nedlägga
530 1063 37 22 sitt
582 1063 79 22 arbete.
691 1063 40 26 Jag
746 1064 70 20 röstar
832 1062 81 21 säledes

93 1093 33 21 för
149 1093 61 21 dessa
231 1093 126 26 föreningar,
380 1093 63 20 likväl
464 1092 68 21 skulle
550 1093 36 26 jag
601 1092 72 26 önska,
690 1093 32 20 att
736 1091 46 22 frän
799 1093 115 19 momentet

93 1121 68 22 skulle
182 1122 51 26 utgå
249 1122 64 21 orden
329 1122 20 25 ,i
365 1122 84 21 städer"
466 1121 38 22 och
522 1123 32 19 att
566 1122 61 21 ordet
644 1121 78 27 ,skall*
736 1120 66 21 skulle
818 1119 95 28 förbytas

93 1150 32 22 till
149 1151 68 25 ,,mä*,
239 1152 24 21 sä
283 1152 33 20 att
339 1151 35 20 det
395 1150 68 21 skulle
484 1149 50 22 heta
554 1151 87 25 ,idkare
660 1150 22 21 af
700 1149 164 27 näringsyrkena
879 1149 34 20 mä

93 1180 99 27 antingen
208 1179 41 22 alla
264 1181 142 26 gemensamt*
423 1186 18 15 o.
458 1186 16 15 s.
491 1185 18 16 v.

161 1237 111 21 Professor
294 1237 144 21 Forsman:
465 1237 47 21 Den
528 1238 93 20 närmast
636 1235 126 28 föregäende
777 1236 81 20 talaren
873 1235 39 21 har

93 1266 144 26 märkvärdigt
259 1265 82 22 koncist
363 1265 134 21 förekommit
519 1266 41 26 mig
581 1265 9 21 i
611 1264 55 22 hvad
686 1265 37 26 jag
744 1264 90 22 ämnade
848 1266 63 25 yttra,

93 1295 66 21 ehuru
180 1295 36 27 jag
238 1295 69 21 såsom
331 1294 157 27 utgångspunkt
508 1294 34 21 för
556 1294 48 22 mitt
618 1294 98 26 yttrande
731 1292 54 22 hade
801 1292 26 21 de
845 1293 67 25 bägge

93 1324 144 26 exemplarens
261 1323 56 21 olika
337 1322 79 28 lydelse
431 1323 6 21 i
453 1323 68 21 deuna
536 1322 103 27 paragraf.
669 1322 42 21 Det
726 1322 45 20 står
787 1321 103 27 nämligen
905 1321 7 21 i

93 1353 40 21 den
149 1352 90 22 svenska
253 1354 72 19 texten
340 1351 71 27 ,skola
426 1351 56 21 bilda
497 1351 130 26 föreningar"
641 1350 7 21 i
664 1351 39 21 den
714 1350 68 22 finska
793 1350 46 21 åter
850 1356 63 20 ,pan-

92 1381 52 21 koot
163 1380 110 22 toimeen*.
303 1380 114 22 Skilnaden
439 1382 23 19 är
484 1380 84 27 mycket
590 1379 102 27 betydlig:
714 1379 39 21 den
768 1378 68 22 finska
852 1384 59 20 para-

93 1410 72 24 grafen
180 1409 123 24 innebåller,
319 1411 32 18 att
366 1409 26 19 de
407 1409 71 20 kunna
493 1409 57 19 bilda
564 1408 126 24 föreningar,
702 1408 39 20 den
752 1407 89 21 svenska
852 1413 60 19 para-

91 1436 73 27 grafen
187 1443 26 14 en
235 1436 120 26 kategorisk
371 1435 111 21 föreskrift.
512 1435 40 26 Jag
568 1438 23 18 är
606 1435 23 20 af
641 1441 80 15 samma
733 1434 63 21 tanke
812 1440 44 15 som
873 1434 40 20 den

92 1465 126 26 föregående
234 1464 88 25 talaren,
338 1466 32 18 att
385 1464 36 20 det
435 1463 67 21 skulle
518 1470 50 14 vara
582 1462 46 22 skäl
644 1464 31 19 att
690 1462 98 26 borttaga
804 1462 38 21 den
854 1462 58 20 kate-

92 1493 86 27 goriska
193 1492 133 22 föreskriften
342 1491 39 22 och
395 1493 52 26 göra
462 1492 36 21 det
514 1491 32 21 till
561 1497 26 15 en
602 1490 105 25 tillåtelse,
718 1490 84 21 hvilken
812 1489 100 22 tillåtelse

93 1523 54 21 dock
162 1521 90 27 troligen
267 1521 60 21 äfven
342 1521 68 21 skulle
425 1521 71 21 kunna
510 1520 106 27 tillämpas
631 1519 26 27 på
673 1519 143 27 landsbygden
827 1519 39 21 och
877 1518 36 21 det
