1100 1795
215 137 55 20 1880
395 141 160 18 Presteståndet
567 143 54 17 1877.
645 143 12 16 2
671 143 116 16 november.

184 209 70 22 såsom
270 209 77 22 doktor
362 209 78 22 Geitlin
456 209 97 27 nämnde,
564 210 97 27 tilloppet
671 209 31 21 till
714 209 163 27 normallyceum
887 210 7 21 i
904 209 100 22 Tavaste-

184 238 41 21 hus
249 240 24 19 är
297 240 61 25 stort,
384 240 45 19 tror
450 239 43 26 jag,
518 240 38 23 att,
581 240 40 19 när
645 238 36 21 det
702 238 91 21 inrättas
814 238 69 21 finska
904 238 72 21 skolor
997 238 7 21 i

185 267 131 27 Björneborg
338 267 40 21 och
400 261 53 32 Åbo,
475 273 25 15 en
523 267 33 21 del
571 267 22 20 af
607 267 68 22 denna
696 267 71 21 skolas
789 267 70 20 elever
873 267 85 22 komma
972 269 34 19 att

185 295 66 28 draga
272 296 32 26 sig
319 295 32 22 till
366 296 62 21 dessa
443 298 58 19 orter
515 295 66 22 hellre
598 298 26 19 än
640 295 31 22 till
687 296 171 26 normallyceum.
884 295 41 22 Det
937 295 68 22 måste

185 324 61 21 äfven
261 327 88 24 antagas
364 325 69 20 såsom
449 327 32 18 ett
496 325 45 21 skäl
556 324 33 21 till
603 326 33 20 att
648 324 97 27 tilloppet
757 324 30 21 till
799 327 30 18 ett
840 325 163 26 normallyceum

185 355 23 19 är
231 355 68 20 större
314 355 27 19 än
357 353 32 21 till
405 353 66 21 andra
485 353 78 25 skolor,
579 355 32 19 att
626 359 48 15 man
689 353 131 24 förutsätter,
837 355 32 19 att
885 353 37 21 der
937 353 69 21 finnas

184 381 71 22 bättre
279 382 68 21 lärare
370 382 39 21 och
431 388 50 15 vore
504 383 35 20 det
555 381 22 22 af
590 382 65 21 sådan
671 382 63 21 orsak
750 382 59 21 fallet
824 384 33 19 att
871 382 98 27 tilloppet
984 381 24 22 af

185 410 70 22 elever
274 410 47 22 icke
341 411 42 21 kan
406 410 77 22 afledas
505 411 31 21 till
557 411 66 21 andra
642 413 63 23 orter,
725 411 41 20 kan
782 411 37 21 det
834 410 80 27 hjelpas
929 417 76 20 genom

184 439 131 21 inrättandet
337 439 22 21 af
380 439 176 26 parallelklasser,
579 439 80 21 hvilket
677 440 37 25 jag
732 440 47 20 icke
794 445 62 15 anser
871 446 50 14 vara
936 440 68 25 någon

185 467 80 27 olycka,
280 470 51 19 utan
346 469 93 20 tvärtom
454 467 69 22 såsom
539 474 25 15 en
579 469 46 20 stor
639 467 61 22 vinst.
726 467 108 27 Dyrheten
845 469 24 19 är
879 467 46 22 icke
936 469 70 20 större

184 496 7 21 i
207 496 129 21 Tavastehus
351 498 27 19 än
392 496 8 21 i
414 496 147 22 Tammerfors.
586 496 140 21 Tammerfors
743 498 24 19 är
782 503 24 14 en
820 498 45 19 stor
875 496 130 22 fabriksstad

185 525 40 21 och
241 525 36 21 det
291 527 113 19 strömmar
418 525 121 27 beständigt
554 526 20 21 in
591 531 25 15 en
631 525 101 21 folkklass
748 525 39 22 och
802 527 39 24 gör
853 525 36 21 det
901 525 107 27 antagligt

185 555 32 20 att
232 553 101 28 dyrheten
349 554 38 21 der
402 554 53 21 skall
470 554 95 21 fortfara.

254 611 80 22 Rektor
349 611 144 21 Kihlman:
520 611 64 22 Detta
599 613 93 19 moment
707 617 62 15 anser
781 611 37 26 jag
833 617 51 15 vara
900 611 63 21 bland
980 611 26 21 de

185 639 82 22 mindre
288 640 80 27 vigtiga
382 641 7 20 i
405 640 148 26 betänkandet,
576 640 80 21 mindre
679 640 74 26 vigtigt
773 641 76 24 derför,
865 642 32 19 att
913 640 35 21 det
962 640 43 21 kan

185 669 54 21 både
254 668 118 26 bibehållas
387 669 38 21 och
442 670 113 25 utstrykas,
571 671 49 20 utan
637 670 32 20 att
681 669 35 21 det
726 669 133 26 synnerligen
870 669 98 21 inverkar
978 669 27 26 pä

185 697 72 22 saken.
287 697 74 22 Säsom
385 698 39 21 den
445 700 83 19 senaste
550 699 63 20 ärade
635 697 82 22 talaren
739 700 86 24 prosten
844 697 107 27 Dahlberg
966 698 41 21 har

185 728 53 25 sagt,
254 727 67 21 mäste
336 732 48 15 man
400 729 51 24 göra
466 727 82 21 skilnad
565 726 87 22 emellan
669 726 53 21 hvad
739 726 98 21 behofvet
852 727 6 21 i
875 727 131 21 närvarande

185 755 31 22 tid
236 757 24 19 är
280 755 40 22 och
335 755 55 21 hvad
408 755 34 21 det
457 756 6 21 i
479 761 25 15 en
521 755 85 22 framtid
622 755 94 21 kommer
731 757 32 19 att
777 762 57 14 vara.
865 755 68 22 Sedan
949 756 55 21 stän-

185 785 48 20 dets
248 784 70 21 beslut
333 785 32 20 att
380 783 68 22 finska
463 784 97 21 läroverk
575 783 60 23 skola
650 783 89 22 inrättas
749 784 6 21 i
766 778 47 27 Åbo
825 784 38 21 och
874 783 132 28 Björneborg

185 812 69 22 blifvit
269 815 42 19 satt
327 813 6 20 i
348 813 166 26 verkställighet,
529 813 68 22 måste
612 819 47 15 man
676 813 32 20 väl
724 815 84 24 antaga,
822 815 32 19 att
865 813 62 21 dessa
937 813 70 27 lycéer

185 841 84 22 komma
285 843 32 20 att
332 841 115 22 absorbera
463 843 70 20 elever
547 841 30 27 så,
592 844 33 19 att
640 843 31 19 ett
682 842 79 21 mindre
773 842 57 20 antal
841 842 69 21 elever
921 841 87 22 komma

185 872 32 19 att
239 870 84 21 anmäla
343 871 32 26 sig
398 871 30 20 till
449 870 136 22 Tavastehus.
616 870 47 21 Men
685 870 41 21 blir
747 871 36 21 det
798 873 31 18 ett
843 871 82 22 mindre
939 871 65 26 antal,

185 905 44 15 som
246 898 94 22 anmäler
355 899 32 26 sig
401 899 32 21 till
448 899 137 26 Tavastehus,
600 899 24 21 så
639 898 40 22 blir
694 899 36 21 det
743 899 46 21 icke
800 900 73 25 nödigt
883 902 32 19 att
925 899 82 21 inrätta

185 934 26 15 en
233 927 195 27 parallelafdelning
451 928 38 21 och
511 928 35 21 det
567 930 24 19 är
610 928 74 21 endast
702 928 68 21 under
791 928 40 21 den
845 928 159 27 förutsättning,

185 962 45 16 som
246 956 35 21 det
295 956 8 22 i
318 956 105 22 utskottet
442 959 87 23 ansetts,
545 959 32 19 att
591 958 32 20 ett
638 956 80 28 lyceum
734 957 69 21 skulle
818 958 89 20 inrättas
922 958 7 20 i
944 957 61 21 Tam-

185 985 95 21 merfors.
304 985 41 26 Jag
359 986 33 20 för
407 985 42 21 min
465 986 32 20 del
513 989 51 23 tror,
577 988 32 18 att
618 992 25 15 en
654 986 194 26 parallelafdelning
857 986 8 20 i
875 986 131 22 Tavastehus

184 1014 67 22 under
273 1014 26 21 de
321 1016 108 20 närmaste
448 1014 42 22 fem
509 1015 50 21 åren
581 1015 46 21 icke
648 1015 40 21 kan
710 1014 157 27 ifrågakomma,
891 1016 28 20 då
937 1014 69 22 finska

184 1042 70 28 lycéer
275 1043 91 21 inrättas
380 1044 7 20 i
423 1043 26 21 Åbo
473 1044 38 20 och
527 1043 130 27 Björneborg
672 1043 38 21 och
726 1044 6 20 i
748 1044 51 26 följd
815 1044 60 20 deraf
888 1044 69 21 skulle
970 1043 37 27 jag

185 1078 57 20 anse,
265 1074 32 18 att
321 1072 47 21 hela
388 1074 115 19 momentet
521 1072 70 21 kunde
611 1072 56 26 utgå.
698 1072 48 21 Men
762 1074 13 20 å
790 1073 67 20 andra
871 1073 59 21 sidan
947 1073 60 20 delar

183 1100 37 27 jag
235 1100 122 26 visserligen
374 1100 39 21 den
428 1100 61 26 åsigt,
505 1103 32 19 att
551 1100 141 22 Tammerfors
706 1101 48 20 stad
765 1103 24 19 är
799 1107 25 15 en
836 1103 39 23 ort,
888 1108 44 14 som
943 1101 63 21 fram-
1030 1108 2 2 '

185 1129 32 21 för
232 1130 76 25 mänga
323 1129 67 21 andra
406 1131 57 19 orter
477 1129 6 21 i
499 1129 73 21 landet
587 1131 24 19 är
626 1129 85 27 lämplig
727 1132 32 18 att
775 1130 51 26 hysa
837 1130 102 25 läroverk,
951 1129 54 22 bäde

185 1157 98 22 läroverk
297 1157 33 21 för
344 1158 133 20 industriella
492 1158 98 21 ändamål
605 1158 40 21 och
660 1158 171 24 lärdomsskolor,
845 1158 38 21 och
892 1158 36 27 jag
939 1158 67 22 finner

185 1186 82 21 säledes
289 1186 45 21 icke
354 1186 65 26 nägot
433 1186 52 20 ondt
500 1187 52 20 eller
566 1186 71 26 farligt
653 1186 68 22 deruti
737 1189 31 19 att
784 1186 126 28 petitionera
925 1194 34 14 om
975 1188 32 20 ett

185 1214 98 22 läroverk
298 1214 7 21 i
320 1214 147 27 Tammerfors,
483 1215 26 21 dä
522 1215 36 27 jag
573 1214 74 22 binder
662 1216 35 20 det
712 1215 34 21 vid
762 1218 31 18 ett
807 1216 68 20 vilkor
890 1216 69 21 säsom
972 1217 34 20 ut-

185 1243 213 22 skottsbetänkandet
413 1244 39 20 har
467 1243 60 27 gjort.

253 1300 84 22 Doktor
357 1300 138 22 Lindelöf:
520 1301 41 27 Jag
576 1301 92 27 begärde
683 1301 61 21 ordet
759 1300 32 22 för
805 1303 33 19 att
852 1302 6 20 i
875 1301 41 21 allo
932 1301 74 21 förena

184 1329 43 24 mig
250 1330 47 19 med
320 1329 78 20 doktor
419 1329 80 20 Geitlin
520 1330 39 19 och
579 1330 63 25 yrkar
657 1330 27 24 pä
700 1330 35 19 det
750 1330 23 19 af
787 1330 76 19 honom
880 1330 126 19 framstälda

184 1355 85 27 mycket
284 1356 188 27 behjertansvärda
487 1356 46 21 skäl
549 1359 32 18 att
596 1362 25 15 en
637 1356 60 21 skola
716 1357 2 20 i
734 1356 143 22 Tammerfors
892 1357 67 21 mätte
974 1357 32 21 in-

185 1385 68 20 rättas
268 1384 32 21 för
315 1386 32 18 att
363 1384 77 21 bereda
455 1384 82 23 tillfälle
553 1384 31 21 till
601 1384 149 27 undervisning
760 1384 33 21 för
803 1385 40 21 den
854 1387 83 26 mycket
948 1388 58 18 stora

185 1411 39 23 och
239 1413 47 20 med
301 1412 62 22 hvart
378 1412 24 21 är
417 1413 31 26 sig
463 1413 83 21 ökande
561 1413 77 21 skaran
655 1413 22 21 af
691 1413 199 27 bildningssökande
905 1414 103 27 ungdom,

185 1441 99 22 särskildt
293 1441 23 22 af
325 1441 182 27 ailmogeklassen.
525 1441 130 23 Tavastehus
664 1442 34 21 län
710 1443 39 21 har
759 1443 54 21 visat
823 1445 31 19 ett
862 1443 144 22 framstående

183 1471 90 21 intresse
295 1470 33 22 för
349 1469 121 23 folkskolan
485 1470 39 21 och
538 1471 36 27 jag
588 1473 52 22 tror,
655 1473 33 20 att
703 1478 25 15 en
743 1473 46 20 stor
804 1472 34 21 del
853 1473 23 20 af
888 1472 26 21 de
929 1472 75 27 elever,

185 1505 45 16 som
251 1499 52 22 söka
325 1499 83 22 inträde
423 1499 8 22 i
445 1499 130 22 Tavastehus
597 1500 171 27 normallyceum,
784 1502 37 20 äro
837 1501 108 27 utgängna
959 1501 46 22 frän

183 1527 124 24 folkskolor.
336 1528 41 27 Jag
392 1535 61 15 anser
468 1529 35 22 det
517 1529 86 27 mycket
617 1529 121 28 beklagligt,
754 1531 33 21 att
802 1532 29 19 ett
847 1530 24 22 sä
880 1533 55 19 stort
947 1530 59 22 antal
