1106 1795
339 130 158 18 Presteståndet
509 131 55 17 1877.
585 132 23 16 27
620 132 114 17 november.
856 125 56 20 2247

121 199 81 26 ganska
224 199 96 27 oskyldig
342 199 71 27 miljon
436 200 38 20 har
493 200 44 21 olåt
553 199 98 28 upphäfts
667 200 27 25 af,
707 200 37 26 jag
758 201 35 19 vet
809 199 46 21 icke
869 199 72 21 hvilka

121 227 147 27 olycksfoglar,
293 234 45 14 som
361 228 88 21 besvära
471 228 85 26 fredligt
578 228 54 21 folks
655 229 139 20 trumhinnor.
826 227 29 21 Af
872 228 69 20 denna

122 256 157 26 omständighet
300 262 62 19 synes
378 257 35 20 det
428 257 42 25 mig
486 255 111 28 underligt,
613 259 32 18 att
661 263 47 14 man
724 257 6 20 i
746 256 61 27 fråga
824 262 33 15 om
873 255 68 27 miljo-

122 291 43 20 ner,
189 285 71 20 hvilka
282 284 79 21 medels
383 285 33 20 lån
433 285 51 20 böra
499 285 163 24 åstadkommas,
678 287 24 18 är
717 285 23 20 så
755 284 48 21 litet
817 284 124 27 grannlaga,

121 315 33 18 att
176 319 48 15 man
247 314 24 19 är
292 313 69 26 färdig
380 314 32 19 att
431 313 110 21 bortkasta
556 313 54 24 dem,
626 315 50 18 utan
692 314 32 20 att
737 313 66 20 tänka
817 313 34 26 på,
867 314 32 19 att
915 313 25 20 de

121 341 68 21 måste
207 341 7 21 i
230 347 25 16 en
270 341 84 21 framtid
372 341 87 21 betalas.
489 342 41 21 Det
545 347 61 22 synes
621 341 43 27 mig
679 347 44 15 som
739 347 49 15 vore
803 341 47 21 icke
866 341 73 21 betän-

121 370 80 21 kandet
222 372 58 24 taget
300 370 123 26 tillräckligt
446 370 108 27 objektivt.
585 370 40 27 Jag
647 370 37 21 ber
702 372 38 23 att,
756 370 32 21 för
804 370 39 21 den
860 370 79 20 verkan

121 399 40 21 och
177 399 35 21 det
228 399 96 21 afseende
340 399 68 21 denna
423 399 42 20 min
478 399 139 26 anmärkning
629 399 41 20 kan
684 398 144 27 tillerkännas,
839 399 21 20 få
870 398 70 22 uttala

120 427 61 21 detta
196 427 32 21 till
244 427 134 26 protokollet.

189 484 90 21 Prosten
300 484 145 27 Bergroth:
474 484 40 27 Jag
537 484 41 21 kan
597 485 46 20 icke
659 484 48 21 dela
721 490 81 15 samma
817 484 60 26 åsigt,
893 489 46 16 som

121 513 40 21 den
184 513 126 26 föregående
329 513 81 21 talaren
425 515 67 25 yttrat
507 513 89 21 rörande
613 514 38 20 den
667 513 129 26 sträckning,
812 519 44 15 som
873 513 66 20 borde

120 541 62 27 följas
197 541 34 21 vid
248 541 120 27 byggandet
383 542 22 20 af
417 542 69 21 banan
503 541 309 22 Tammerfors—Nikolaistad.
841 541 42 21 Det
897 541 41 21 kan

122 576 63 21 synas
206 571 80 25 ganska
301 570 105 26 vanskligt
422 570 39 21 och
477 571 127 20 åtminstone
619 570 148 26 oberättigadt,
783 572 33 19 att
832 576 106 19 personer,

124 605 44 15 som
192 599 45 20 icke
259 599 51 20 höra
334 599 31 20 till
388 598 75 24 facket,
487 599 104 26 uppträda
614 600 6 20 i
641 599 60 20 dessa
715 599 169 26 jernvägsfrågor
899 598 40 21 och

123 628 91 20 rörande
236 627 25 21 de
285 627 152 27 sträckningar,
464 634 44 14 som
534 628 34 20 vid
594 628 46 21 dem
664 627 64 21 borde
752 627 69 26 följas,
844 633 48 15 men
913 627 26 21 då

122 657 124 25 regeringen
262 656 26 27 på
303 656 101 21 Finlands
419 657 96 20 ständers
530 657 143 25 underdäniga
689 656 98 21 anhållan
802 657 39 20 har
856 655 83 22 förord-

123 689 37 17 nat
175 685 136 26 kompetenta
326 691 101 20 personer
442 688 31 18 att
489 685 118 21 undersöka
623 685 26 20 de
664 685 67 26 linjer,
748 691 44 14 som
809 691 48 14 vore
873 685 66 26 lämp-

123 714 63 26 ligast
207 714 33 21 för
260 720 25 15 en
298 714 221 27 jernvägssträekning
535 714 46 21 från
596 714 141 21 Tammerfors
752 713 32 21 till
799 713 139 26 Nikolaistad,

123 743 21 20 d.
160 749 18 14 v.
195 749 15 14 s.
227 743 148 26 sträckningen
390 745 80 19 vester-
485 743 38 20 och
540 744 57 19 öster
612 749 33 15 om
661 742 110 27 Näsijärvi,
786 749 61 14 anser
860 743 36 26 jag
907 745 32 18 att

121 771 116 21 ständerna
258 771 52 21 böra
326 771 78 21 beakta
418 771 111 21 resultatet
545 771 22 21 af
580 772 61 20 dessa
656 771 187 26 undersökningar.
874 771 66 21 Detta

122 801 90 20 resultat
228 800 38 21 har
281 807 29 14 nu
325 801 67 20 blifvit
407 800 119 21 framstäldt
541 800 32 21 för
589 800 100 21 Finlands
704 800 91 21 ständer.
825 800 114 26 Jernvägs-

122 828 106 21 utskottet
250 828 39 21 har
310 829 7 21 i
338 829 127 21 konformite
480 830 47 20 med
543 829 210 26 undersökningarna
768 829 55 20 lutat
839 829 47 20 med
901 829 38 20 sitt

122 857 78 27 förslag
216 857 22 21 ät
253 858 36 21 det
303 858 63 27 parti,
382 864 44 14 som
442 858 38 21 har
495 858 94 21 förordat
605 858 147 25 sträckningen
763 859 57 19 öster
833 863 33 15 om
877 857 62 22 Näsi-

119 887 62 25 järvi.
212 886 89 21 Prosten
314 886 109 26 Grönberg
438 887 90 20 nämnde
543 893 33 14 om
593 893 24 14 en
633 886 44 21 helt
692 893 26 20 ny
733 886 121 26 sträckning
869 888 71 18 vester

121 921 35 14 om
178 915 68 21 denna
261 914 31 27 sjö
308 915 39 21 och
362 915 85 26 uppgaf,
462 917 31 19 att
508 916 41 20 han
565 915 55 21 hade
636 915 44 21 sina
695 915 168 20 underrättelser
877 914 22 21 af
913 920 25 16 en

122 944 48 21 med
191 943 161 21 förhällandena
374 944 33 20 väl
430 944 108 26 förtrogen
561 949 116 21 sagesman.
707 943 40 27 Jag
769 944 35 20 vill
826 944 114 26 ingalunda

122 972 40 21 och
178 972 111 26 obehörigt
304 978 50 15 vore
370 973 35 20 det
419 975 33 18 att
467 972 84 22 betvifla
567 973 60 20 dessa
642 972 112 26 uppgifter,
770 978 47 15 men
835 972 34 21 det
885 972 55 20 före-

122 1000 60 22 faller
206 1001 42 26 mig
270 1001 111 27 underligt,
402 1003 33 19 att
457 1002 25 20 de
503 1007 107 21 personer,
633 1007 45 15 som
699 1001 22 21 af
734 1001 121 26 regeringen
872 1000 67 21 blifvit

121 1030 91 20 utsedda
233 1032 31 18 att
280 1030 119 21 undersöka
414 1031 69 20 denna
497 1030 127 26 sträckning,
640 1031 23 19 sä
678 1029 87 21 alldeles
780 1029 63 21 hafva
858 1029 81 21 kunnat

120 1058 79 21 förbise
222 1064 25 15 en
269 1059 129 26 sträckning,
418 1065 45 15 som
485 1065 50 15 vore
555 1059 23 21 sä
593 1058 116 27 förmänlig.
738 1058 61 21 Hvad
816 1058 39 21 den
871 1060 68 19 större

122 1087 69 27 utgift,
216 1088 19 20 d.
259 1094 18 14 v.
301 1094 15 14 s.
336 1088 40 20 den
392 1087 83 21 skilnad
490 1088 27 26 pä
533 1088 12 19 3
561 1087 96 27 miljoner
672 1086 65 24 mark,
753 1087 47 21 med
813 1086 84 21 hvilken
913 1093 26 15 en

122 1116 164 25 bansträckning
310 1118 57 19 öster
390 1122 33 15 om
444 1116 103 26 Näsijärvi
563 1116 68 20 skulle
647 1115 114 26 öfverstiga
776 1122 25 14 en
817 1115 122 27 sträckning

120 1146 70 18 vester
213 1151 34 14 om
270 1150 81 15 samma
374 1144 37 26 sjö,
428 1144 105 25 beträffar,
549 1150 62 15 anser
622 1144 41 26 jag,
680 1146 32 18 att
727 1146 86 23 prosten
829 1144 110 26 Grönberg

120 1172 48 21 icke
186 1173 54 25 tagit
257 1173 41 20 alla
314 1173 26 21 de
356 1173 179 26 omständigheter
549 1173 7 20 i
571 1172 147 25 betraktande,
734 1178 44 14 som
796 1172 65 20 borde
872 1174 66 24 tagas.

121 1200 152 24 Sträckningen
295 1203 57 19 öster
368 1207 33 15 on
417 1201 104 27 Näsijärvi
536 1201 67 21 skulle
618 1201 48 21 leda
681 1200 32 21 tili
729 1206 26 15 en
769 1200 68 26 punkt
851 1200 7 20 i
869 1200 70 21 Etseri

120 1228 78 28 kapell,
214 1236 44 14 som
274 1236 51 14 vore
340 1230 12 21 3
368 1229 36 21 mil
419 1232 97 26 närmare
532 1230 39 21 den
587 1229 55 27 linje,
659 1236 44 14 som
719 1228 67 22 skulle
802 1230 75 25 dragas
892 1228 47 21 frän

120 1258 127 21 Davidsstad
259 1258 59 21 öfver
330 1258 114 27 Jyväskylä
455 1259 30 20 till
497 1258 136 22 Österbotten
644 1258 40 20 och
695 1257 84 22 hvilken
789 1257 54 21 bana
852 1258 85 25 kanske,

120 1286 128 21 åtminstone
271 1286 68 22 såsom
360 1287 36 27 jag
419 1287 113 26 förmodar,
554 1288 25 20 är
601 1287 40 21 den
656 1286 66 22 första
737 1292 44 15 som
798 1285 95 22 kommer
908 1288 31 19 att

121 1315 80 27 byggas
216 1315 53 21 efter
288 1310 136 36 Tammerfors
435 1310 151 36 —Nikolaistad
598 1316 75 20 banan.
699 1314 32 22 På
748 1315 59 21 detta
817 1316 43 19 sätt
871 1314 68 22 skulle

120 1344 27 20 de
168 1344 12 19 3
196 1343 124 27 miljonerna
336 1344 64 21 blifva
414 1344 117 27 godgjorda
546 1344 27 26 pä
588 1345 68 20 denna
670 1344 56 20 bana
741 1343 39 21 och
795 1343 83 20 säledes
893 1343 46 21 icke

121 1372 85 21 komma
229 1374 32 19 att
286 1373 68 20 siösas
371 1372 54 21 bort.
455 1373 41 20 Vid
511 1373 128 26 anläggning
653 1372 24 21 af
687 1371 114 27 jernvägar
816 1371 38 21 har
869 1377 49 15 man
933 1372 6 20 i

120 1401 114 26 synnerhet
259 1401 53 26 tagit
334 1402 7 20 i
368 1401 139 22 betraktande
530 1400 166 27 persontrafiken
719 1400 40 21 och
781 1400 99 26 fabriker,
903 1400 37 21 der

120 1429 80 20 sådana
222 1431 37 18 äro
282 1429 90 26 anlagda
395 1429 38 20 och
457 1430 70 19 kunna
549 1429 106 25 anläggas.
686 1428 33 20 Nu
737 1431 25 17 är
776 1428 59 20 fallet
850 1429 42 25 det,
907 1430 33 18 att

119 1456 129 21 ätminstone
269 1457 26 26 pä
320 1457 40 20 den
386 1457 127 25 sträckning,
529 1463 44 14 som
589 1459 24 18 är
628 1456 99 21 förordad
743 1455 24 21 af
780 1456 105 20 utskottet
900 1456 40 21 och

119 1485 153 26 ingeniörerne,
295 1484 67 22 finnas
377 1485 106 26 ätskilliga
497 1485 69 21 forsar
581 1485 48 21 med
644 1484 55 27 höga
714 1484 116 26 vattenfall,
845 1483 73 22 hvilka
932 1484 7 21 i

120 1520 26 14 en
170 1513 84 22 framtid
277 1513 71 22 kunde
370 1514 106 21 användas
498 1514 32 21 till
553 1513 108 22 drifvande
677 1513 22 22 af
712 1512 93 23 fabriker
820 1512 39 22 och
874 1512 67 22 skaffa
