1100 1809
208 134 56 20 2322
391 136 158 19 Presteståndet
561 137 56 23 1877.
639 136 27 18 29
678 136 116 18 november.

179 206 23 22 af
225 206 62 26 1865,
307 208 46 19 som
376 205 88 22 sålunda
483 207 24 20 är
521 205 40 21 tolf
573 206 26 21 år
613 205 97 26 gammal,
725 205 47 21 icke
787 207 55 19 ännu
858 205 40 22 har
911 206 90 21 kommit

178 234 34 22 till
232 234 131 25 efterlefnad,
383 239 48 16 man
454 233 39 22 har
514 236 55 19 ännu
589 234 46 22 icke
657 233 40 21 fått
719 233 33 22 till
775 234 61 21 stånd
862 236 14 19 t.
896 238 32 17 ex.
943 234 59 22 inom

178 263 85 27 Kuopio
286 263 36 21 län
341 263 69 27 någon
433 261 172 28 fiskeriförening,
627 268 75 20 genom
724 262 85 22 hvilken
825 262 93 22 lektiden
933 262 71 22 skulle

178 292 70 21 blifvit
267 291 96 21 bestämd
379 291 55 21 inom
449 290 73 28 hvarje
538 290 72 26 härad,
625 290 18 28 ej
659 290 67 22 heller
740 290 39 22 har
794 291 37 21 der
846 291 61 22 dessa
922 290 41 22 tolf
976 290 27 22 år:

178 322 131 25 guvernören
324 320 76 21 hunnit
415 320 85 26 vidtaga
515 320 26 26 på
556 319 78 22 honom
648 319 105 22 beroende
763 320 105 26 åtgärder,
879 320 47 22 icke
935 320 69 22 heller

179 348 40 22 har
232 348 217 27 fiskeri-inspektören
467 348 7 21 i
490 348 36 22 det
541 348 107 22 afseendet
663 347 89 28 tillgjort
768 348 36 22 sitt
820 348 38 22 och
874 349 90 21 oaktadt
977 349 25 21 så

178 376 102 23 förhåller
293 376 38 28 sig,
347 377 95 21 kommer
457 382 48 16 man
520 383 29 15 nu
564 378 48 21 med
627 383 25 15 en
668 382 27 22 ny
709 376 129 28 författning,
853 383 45 16 som
911 378 90 26 troligen

178 406 54 22 skall
249 406 28 27 pä
296 411 81 16 samma
399 407 42 19 sätt
463 405 97 27 kringgäs
575 412 45 15 som
635 405 40 22 den
690 404 134 28 föregäende.
852 406 43 21 För
910 406 42 21 min
967 405 35 22 del

179 436 70 20 fröstar
266 434 38 27 jag
325 434 61 22 äfven
408 436 56 19 emot
480 434 35 22 det
537 434 68 22 andra
623 440 70 19 mom.,
713 434 75 22 liksom
804 436 58 20 emot
877 434 36 22 det
927 434 75 22 första.

248 490 110 23 Professor
376 491 97 22 Cleve:
503 491 40 25 Jag
561 490 62 23 utber
638 491 43 27 mig
696 491 75 22 endast
786 493 32 20 att
832 492 28 26 pä
875 491 89 22 förhand
978 491 22 22 fä

178 520 56 22 fästa
248 520 215 27 uppmärksamheten
477 520 33 26 pä,
526 522 31 19 att
573 520 40 22 den
628 519 128 27 förändring,
770 526 45 16 som
831 520 105 22 utskottet
945 520 55 21 före-

178 548 64 28 slagit
256 549 7 21 i
278 549 60 21 detta
353 551 93 19 moment
461 548 32 21 till
508 548 66 22 fördel
590 548 31 21 för
637 548 54 26 dem,
706 554 45 16 som
767 555 39 21 ega
818 549 57 21 virke
887 549 39 21 och
934 548 70 26 flotta;

178 577 94 28 grundar
287 577 31 27 sig
333 577 28 27 pä
376 579 31 19 ett
422 577 110 21 utlåtande
544 577 22 21 af
578 576 222 28 fiskeri-inspektören,
816 577 62 22 hvars
893 577 111 22 utlåtande

180 606 65 22 också
259 606 68 22 finnes
342 606 81 26 intaget
437 606 6 20 i
459 606 149 21 betänkandet.

248 663 34 22 Då
304 663 62 27 ingen
389 663 71 22 vidare
482 663 79 21 äskade
581 663 68 27 ordet,
669 663 43 21 blef
726 669 62 15 mom.
805 665 11 19 2
833 663 11 27 &
859 664 14 20 4
888 664 27 26 på
930 663 73 22 derom

180 692 65 32 gjord
255 691 156 28 framställning
426 692 47 22 med
489 692 152 27 öfvervägande
657 692 105 28 majoritet
777 692 115 26 godkändt.

249 837 50 22 Som
322 836 58 22 tiden
401 836 117 22 emellertid
540 836 129 22 framskridit
691 836 32 22 till
741 836 29 22 kl.
786 837 13 21 9
814 837 38 21 och
868 837 27 21 25
910 836 49 22 min.
974 837 29 27 på

179 866 93 26 aftonen,
288 866 82 21 afbröts
385 865 144 21 diskussionen
545 865 43 26 här,
604 865 33 21 för
651 866 32 20 att
693 865 47 21 åter
751 867 101 25 upptagas
864 865 34 21 vid
906 872 97 20 morgon-

179 895 79 27 dagens
272 894 92 28 plenum,
379 900 45 16 som
439 896 90 20 utsattes
544 894 32 22 till
591 894 27 22 kl.
635 895 25 21 11
677 893 12 23 f.
707 900 26 16 m.

248 952 90 22 Ståndet
352 951 106 23 åtskildes.

759 1008 21 18 In
791 1008 64 18 fidem:

669 1043 50 22 Carl
733 1043 51 22 Joh.
801 1043 136 29 Lindeqvist.
