1100 1800
323 137 159 19 Presteståndet
494 139 52 17 1877.
569 139 26 17 29
607 138 91 18 oktober.
828 132 53 21 1735

94 207 80 22 narium
197 207 46 22 icke
265 208 96 21 kommer
380 208 32 21 till
427 210 56 20 rätta
499 215 36 15 ens
550 208 54 22 ditåt
619 208 48 21 med
682 208 25 21 de
723 207 126 28 byggnader,
865 214 45 15 som

93 235 33 22 för
149 236 118 21 folkskolan
283 237 27 26 på
325 237 89 27 Kymölä
429 239 36 19 äro
481 237 110 22 inrättade.
621 237 38 21 Ett
674 236 133 26 fullständigt
821 237 90 20 samina-

93 264 53 21 rium
162 264 100 22 behöfver
277 265 121 26 byggnader
412 265 32 21 för
459 271 26 15 en
500 265 76 27 mängd
591 265 98 24 lektorer,
704 265 82 21 lokaler
801 264 32 21 för
847 265 64 21 inter-

93 299 44 19 ner,
163 293 36 21 det
225 293 100 21 behöfver
349 299 27 15 en
400 299 68 16 massa
489 300 40 21 nya
553 293 126 28 byggnader,
695 293 71 21 hvilka
781 292 44 21 helt
839 293 73 21 säkert

92 321 85 21 komma
200 323 32 20 att
247 321 6 21 i
268 321 91 22 kostnad
375 322 6 21 i
397 321 106 28 obetydlig
517 322 52 27 grad
585 322 120 27 understiga
720 321 144 22 kostnaderna
878 321 34 22 för

92 349 132 22 seminariets
249 350 110 27 byggande
383 351 27 26 på
435 356 25 16 en
485 357 69 15 annan
575 353 40 23 ort,
631 351 27 21 då
680 357 48 15 man
746 350 69 21 tillika
829 351 82 26 tager
899 345 15 37 i

92 378 140 22 betraktande
248 378 203 27 prisförhållandena
465 380 28 26 på
506 380 61 21 dessa
577 381 64 20 orter.
656 379 113 22 Dessutom
779 378 54 22 huru
843 379 68 21 skulle

92 407 61 22 desse
167 407 103 22 lektorers
285 407 96 27 familjer,
398 408 59 21 dessa
472 408 99 27 interner,
587 414 44 15 som
646 407 138 22 tillsammans
799 409 76 25 utgöra
885 414 26 15 en

92 436 122 27 befolkning
236 436 71 22 säkert
329 437 49 21 vida
400 436 153 28 öfverstigande
575 436 47 22 hela
645 436 116 22 Sordavala
776 436 65 26 stads,
856 436 55 22 lefva

92 465 82 21 vintern
193 471 34 16 om
243 466 26 26 på
285 472 26 14 en
326 467 40 24 ort,
382 471 45 16 som
442 467 24 20 är
481 465 97 27 temligen
594 465 90 22 isolerad
700 465 39 22 och
754 471 45 16 som
815 465 31 21 till
862 467 49 20 när-

92 496 66 19 maste
181 494 54 26 stad,
257 494 32 21 till
313 494 115 22 Sordavala
443 494 38 21 bar
497 501 25 15 en
537 494 115 27 vägalängd
669 494 57 21 öfver
741 501 26 14 en
782 494 49 27 rysk
846 496 64 25 verst,

91 522 52 23 eller
158 529 34 15 om
205 522 81 23 vintern
301 523 47 22 litet
363 523 110 22 derunder.
489 523 44 22 Och
548 523 97 27 slutligen
661 525 24 19 är
700 523 35 22 det
746 523 33 21 väl
789 523 121 26 tänkbardt,

92 553 38 25 att,
147 552 26 21 då
188 552 7 21 i
211 552 67 21 denna
295 552 39 21 sak
349 552 159 27 öfverstyrelsen
524 553 32 21 för
570 552 205 22 folkskoleväsendet
790 552 39 21 har
843 554 68 25 yttrat

90 581 39 27 sig,
145 581 27 22 då
187 580 160 28 öfverstyrelsen
363 580 33 22 för
410 581 205 22 folkskoleväsendet
629 581 47 27 sjelf
689 581 54 27 tagit
757 581 61 21 dessa
833 581 77 21 förhål-

91 610 76 21 landen
190 610 7 21 i
219 609 153 28 öfvervägande
391 610 39 21 och
445 610 81 28 afgifvit
541 612 31 20 ett
587 610 78 26 förslag
680 610 22 22 af
714 609 98 27 innehåll,
827 612 32 19 att
875 610 35 21 det

91 638 66 22 andra
179 638 68 22 finska
269 640 122 20 seminariet
413 639 67 25 skulle
503 640 93 26 placeras
618 639 6 21 i
640 638 85 28 Nyslott
741 638 38 22 och
795 638 115 22 Siitoinska

91 666 118 22 folkskolan
232 667 119 22 förvandlas
374 668 31 21 till
427 670 31 19 ett
479 668 81 21 mindre
575 668 132 21 seminarium
723 668 33 21 för
771 668 25 20 de
811 668 100 26 speciella

91 695 69 26 behof,
183 702 44 15 som
250 697 6 20 i
279 697 87 26 Ladoga
389 697 109 21 trakterna
515 697 136 23 förekomma,
667 698 23 19 är
706 696 35 21 det
756 696 106 27 tänkbart,
878 698 33 19 att

90 725 121 26 ständerna,
237 727 32 19 att
293 725 96 22 ståndets
413 725 142 27 medlemmar,
578 725 22 22 af
619 725 71 22 hvilka
713 725 36 21 det
764 725 52 21 allra
831 727 79 20 största

90 754 81 21 antalet
192 754 61 21 torde
275 754 66 21 sakna
363 754 29 21 all
413 754 77 27 speciel
509 755 63 27 insigt
587 755 54 21 både
657 760 33 15 om
706 753 57 22 lokal
779 753 39 22 och
833 754 76 21 folkets

90 782 175 28 bildningsbehof,
281 783 60 22 skola
357 783 70 22 kunna
442 784 23 21 så
480 783 27 28 på
522 783 88 22 förhand
625 783 71 26 afgöra
712 783 73 26 frågan
796 785 114 19 tvärtemot

90 811 37 22 det
142 811 79 28 förslag
235 818 44 15 som
296 812 22 22 af
332 812 265 27 folkskoleöfverstyrelsen
612 812 39 21 har
665 811 68 22 blifvit
747 812 76 26 gjordt.
848 812 62 21 Stän-

90 841 66 22 derna
177 841 63 22 hafva
262 841 65 22 redan
350 842 6 21 i
377 841 79 28 ganska
472 841 114 28 väsentliga
601 841 91 28 punkter
706 841 64 21 fattat
785 840 70 23 beslut
870 841 40 21 all-

90 870 58 21 deles
169 870 108 21 stridande
300 873 57 19 emot
379 871 54 21 hvad
455 871 23 21 af
498 870 265 27 folkskoleöfverstyrelsen
783 870 125 27 föreslagits.

90 898 41 27 Jag
148 899 36 20 vill
200 899 72 21 derom
287 899 109 27 ingenting
411 901 56 26 säga,
484 906 46 15 men
547 899 36 22 det
597 899 105 21 förefaller
717 899 44 27 mig
776 899 53 21 dock
845 899 65 27 något

90 927 151 27 märkvärdigt,
262 929 69 20 såsom
354 930 32 19 ett
407 928 62 27 högst
490 928 143 27 märkvärdigt
651 927 210 22 misstroendevotum
877 930 32 19 att

89 958 59 19 snart
170 956 62 27 sagdt
254 956 117 22 hvartenda
392 957 83 27 förslag,
498 963 45 16 som
562 957 21 21 af
597 957 68 21 denna
681 956 145 27 öfverstyrelse
842 956 67 21 blifvit

89 985 120 27 framlagdt,
227 985 54 22 skall
296 985 70 22 afslås.
396 985 39 28 Jag
450 992 119 15 reserverar
584 986 42 26 mig
641 988 55 19 emot
712 985 59 22 detta
786 985 69 22 beslut
870 985 39 22 och

89 1013 140 23 öfverlemnar
251 1015 63 21 saken
337 1014 96 27 föröfrigt
454 1015 32 21 till
501 1015 36 21 det
551 1015 129 26 högvördiga
694 1015 95 21 ståndets
805 1014 104 27 pröfning.

157 1071 78 22 Pastor
249 1072 80 27 Lyra:
349 1072 41 27 Jag
404 1072 41 21 kan
460 1072 46 22 icke
521 1072 63 27 dölja,
599 1073 33 20 att
647 1071 36 22 det
698 1073 23 20 är
736 1073 44 20 rätt
795 1077 25 16 en
835 1071 74 22 känsla

90 1099 22 22 af
132 1100 142 26 beklämdhet,
295 1101 36 27 jag
353 1101 39 27 går
413 1103 32 19 att
466 1101 94 22 försvara
581 1101 39 21 den
635 1100 95 27 petition,
746 1107 45 14 som
805 1100 36 27 jag
856 1100 53 27 tagit

90 1129 42 27 mig
146 1129 90 21 friheten
252 1130 120 26 ödmjukast
386 1129 115 22 framställa
517 1129 32 21 för
563 1129 100 21 Finlands
678 1129 93 21 ständer.
791 1129 42 21 Det
847 1134 61 22 synes

90 1158 34 20 väl
148 1157 35 22 vid
207 1158 66 21 första
295 1158 115 26 påseendet
431 1158 46 21 icke
499 1158 66 21 finnas
588 1157 45 22 skäl
651 1157 32 21 till
698 1159 32 19 att
745 1164 50 14 vara
810 1157 99 21 beklämd

89 1186 59 22 öfver
169 1192 26 16 en
217 1186 87 27 utgång,
319 1186 67 22 sådan
400 1192 45 16 som
461 1187 58 22 detta
535 1186 77 22 ärende
627 1186 50 26 haft,
692 1186 27 21 då
734 1188 77 19 tvänne
826 1186 83 21 utskott

89 1215 40 22 och
150 1217 33 20 tre
197 1215 63 22 stånd
275 1215 61 22 hafva
351 1215 68 22 funnit
435 1215 46 22 skäl
495 1217 33 20 att
542 1215 84 28 placera
641 1217 31 19 ett
687 1215 134 21 seminarium
836 1215 7 20 i
858 1215 51 21 Sor-

89 1243 75 22 davala
180 1244 38 21 och
234 1244 82 21 således
331 1244 72 21 bifalla
418 1244 40 21 den
474 1244 22 21 af
510 1244 41 27 mig
566 1244 38 21 och
619 1245 77 19 tvenne
711 1244 66 21 andra
787 1243 122 26 landtdags-

89 1274 48 20 män
160 1272 75 27 gjorda
256 1273 123 26 petitionen,
402 1273 54 21 dock
478 1275 23 19 är
521 1274 35 20 det
571 1273 12 21 å
599 1273 65 21 andra
679 1272 60 21 sidan
755 1272 106 27 naturligt,
877 1274 32 19 att

86 1301 38 27 jag
145 1302 68 21 måste
235 1301 69 22 känna
325 1301 43 27 mig
382 1301 104 27 beklämd,
502 1301 27 22 då
541 1301 37 28 jag
592 1302 13 21 å
620 1307 39 15 ena
674 1301 59 22 sidan
748 1301 103 21 betänker
865 1301 44 21 frå-

87 1336 54 21 gans
155 1330 45 27 vigt
214 1330 40 21 och
269 1330 68 21 tillika
353 1330 75 21 tänker
443 1330 71 27 derpä,
524 1332 32 19 att
561 1330 37 27 jag
610 1329 32 22 till
652 1329 145 22 motståndare
807 1329 39 22 har
853 1331 55 25 män,

89 1358 82 22 hvilkas
190 1365 101 20 personer
309 1358 40 22 och
364 1359 79 26 åsigter
457 1359 60 21 äfven
531 1359 36 26 jag
581 1359 42 21 lärt
637 1358 99 27 högakta,
751 1364 48 15 men
815 1358 34 21 vid
864 1360 45 19 tan-

88 1387 42 22 ken
152 1387 28 27 på
202 1387 43 27 mig
266 1387 52 27 sjelf,
334 1388 68 21 måste
417 1387 79 22 erinras
512 1393 33 16 om
561 1387 42 22 min
619 1387 59 26 ringa
692 1387 95 26 förmåga
802 1388 37 25 att,
854 1386 55 22 huru

87 1415 43 22 fast
150 1416 37 25 jag
209 1417 27 19 än
251 1417 24 20 är
291 1416 123 26 öfvertygad
430 1422 34 15 om
481 1417 35 20 det
531 1415 102 27 objektivt
647 1415 77 26 riktiga
739 1415 6 21 i
761 1416 36 20 det
810 1415 36 26 jag
861 1415 48 21 sökt

87 1443 118 25 framhålla,
231 1443 72 21 derom
328 1443 72 21 kunna
423 1443 108 26 öfvertyga
555 1443 73 21 andra.
661 1443 109 21 Professor
795 1443 114 21 Forsmans

88 1473 84 20 senaste
187 1471 134 26 andragande
337 1472 83 25 tvingar
435 1471 42 26 mig
491 1473 32 19 att
537 1471 7 21 i
560 1471 67 21 denna
642 1470 58 27 fräga
712 1477 51 15 vara
773 1470 47 22 litet
829 1471 80 26 längre,

88 1501 26 20 än
137 1499 37 28 jag
196 1499 52 22 först
269 1499 55 22 hade
346 1501 78 25 ämnat,
447 1505 47 15 men
514 1499 37 28 jag
568 1499 67 22 lofvar
649 1499 85 22 ständet
749 1501 32 20 att
795 1499 57 22 hälla
867 1499 42 26 mig

88 1529 75 22 endast
178 1528 33 22 till
225 1535 51 15 rena
291 1528 65 22 fakta.
372 1529 42 21 Det
429 1530 24 19 är
467 1528 64 22 ocksä
546 1528 62 22 dessa
623 1528 64 27 fakta,
702 1534 45 15 som
763 1530 37 19 äro
812 1528 21 21 af
843 1529 66 27 ytter-
