1103 1795
196 133 72 27 2114
384 131 159 30 Presteständet
558 144 54 16 1877.
637 144 22 16 15
671 144 114 16 november.

239 211 61 22 Efter
314 211 89 21 härmed
417 211 92 21 afslutad
525 211 119 21 diskussion
660 210 86 26 beslöts,
760 211 28 26 pä
803 211 153 26 framställning
971 211 24 21 af

170 240 50 21 herr
243 240 170 24 talmannen,
429 242 32 19 att
476 240 155 21 direktörernes
646 239 155 21 löneförmäner
815 240 74 23 skulle,
905 240 7 20 i
927 239 65 27 enlig-

170 268 37 22 het
227 269 48 21 med
290 268 201 27 bankfullmäktiges
506 268 84 26 förslag,
607 268 59 27 böjas
681 268 32 21 till
728 268 89 22 innalles
834 268 74 25 12,000
924 268 68 26 mark,

170 297 111 22 fördelade
296 298 95 25 sålunda,
407 300 32 18 att
453 298 63 26 8,000
531 298 62 26 utgör
608 297 43 26 lön,
664 297 62 27 2,500
736 297 132 27 hyresmede]
879 297 39 21 och
930 298 63 26 1,500

170 326 182 27 taffelpenvingar.

238 383 161 27 Löneposterna
420 382 45 23 frän
481 384 39 20 och
535 383 47 22 med
598 383 145 22 sekreteraren
758 382 32 22 till
805 384 39 20 och
860 383 47 21 med
923 383 68 21 öfver-

170 412 103 22 kassören
288 412 122 27 godkändes
425 415 49 19 utan
491 412 126 22 diskussion.

239 468 136 22 Beträffande
389 468 230 23 löneförmänerna.för
633 468 66 22 förste
714 468 101 22 kassören
830 469 83 26 yttrade

239 526 90 21 Prosten
345 525 93 28 Hjelt:
463 526 194 25 Bankfullmäktige
672 525 64 22 hafva
750 525 122 27 visserligen
883 525 108 27 föreslagit

171 555 48 21 litet
233 561 56 20 mer;
305 561 48 14 men
369 555 36 20 det
421 556 23 19 är
459 554 110 27 sjelffallet,
583 556 33 19 att
630 555 116 21 utskottets
760 554 79 27 förslag
854 554 6 21 i
871 555 59 20 detta
940 554 51 21 hän-

171 583 77 22 seende
269 585 24 20 är
308 586 32 18 att
355 583 118 27 föredraga,
489 584 27 21 dä
531 583 66 22 förste
613 584 110 21 kassörens
738 583 201 26 embetsbefattning
953 583 40 21 har

172 612 68 21 blifvit
256 613 83 26 mycket
355 613 100 20 minskad.
483 613 48 20 Man
547 612 68 21 skulle
631 614 75 19 nästan
721 612 72 21 kunna
807 611 27 27 gä
849 612 23 21 sä
884 612 64 26 längt,
959 613 32 20 att

171 648 49 15 man
243 641 70 21 kunde
334 647 57 18 anse,
407 643 32 18 att
454 641 54 21 bäde
524 641 65 21 förste
605 641 38 22 och
659 642 65 20 andre
738 641 102 20 kassören
854 641 70 20 kunde
942 647 50 15 vara

171 670 62 27 nöjde
248 670 49 21 med
313 670 63 25 7,000
391 669 66 22 mark.

240 727 81 22 Rektor
335 727 140 22 Kihlman:
501 723 67 26 Äfven
583 727 65 22 sedan
664 733 25 15 en
703 727 209 25 öfverkassörstjenst
922 726 69 22 blifvit

171 756 100 26 inrättad,
295 756 96 21 kommer
414 755 153 27 otvifvelaktigt
590 755 65 22 förste
670 756 101 21 kassören
785 755 118 27 framdeles,
920 755 70 22 såsom

171 784 83 27 hittills,
276 786 32 19 att
329 784 63 21 hafva
411 790 57 15 mera
483 784 80 26 arbete,
578 786 26 19 än
620 784 65 21 andre
701 784 108 24 kassören,
825 784 38 21 och
879 790 61 21 synes
956 784 36 21 det

171 814 43 26 mig
237 812 69 22 derför
329 819 50 15 vara
401 813 52 26 skäl,
476 815 32 19 att
523 813 42 21 han
580 814 69 20 såsom
665 813 36 21 det
715 813 39 21 har
769 812 125 27 föreslagits,
910 813 40 21 har
964 819 27 15 en

171 842 66 27 högre
253 842 41 25 lön,
309 841 86 22 hvarför
411 842 35 21 det
461 842 64 21 också
540 848 61 20 synes
617 842 42 26 mig
671 848 50 15 vara
734 842 52 26 skäl,
800 844 33 19 att
843 848 25 14 en
879 841 112 27 gradation

171 870 90 22 emellan
281 870 126 22 kassörerne
421 871 7 21 i
444 870 97 22 afseende
557 871 12 21 å
583 870 63 22 lönen
660 870 117 28 förefinnes,
793 870 24 22 så
831 872 32 21 att
879 872 25 20 de
920 872 71 20 kunna

170 900 58 21 inom
243 900 32 21 sin
289 899 97 27 kategori
401 905 107 16 avancera,

239 957 90 21 Prosten
344 956 91 28 Hjelt:
460 956 41 27 Jag
515 957 68 21 skulle
599 957 25 21 be
639 958 33 20 att
686 956 22 21 få
722 956 55 21 fästa
787 957 203 26 uppmäksamheten

171 986 28 27 på
221 992 54 15 anm.
298 987 13 18 2
333 992 47 21 pag.
406 987 33 24 29,
461 985 36 22 der
512 992 49 15 man
574 985 44 27 just
633 986 39 21 har
686 985 83 22 försökt
784 985 132 22 förekomma
931 986 59 21 detta

172 1015 77 27 språng
271 1014 47 22 från
341 1015 40 21 den
404 1021 39 14 ena
458 1015 92 26 tjensten
565 1015 33 21 till
614 1015 40 21 den
670 1015 73 26 andra,
759 1015 119 26 derigenom
894 1017 31 19 att
941 1021 48 15 man

170 1043 139 22 tillerkänner
324 1043 54 26 dem,
394 1043 71 21 hvilka
481 1049 25 15 en
521 1045 73 25 längre
609 1044 30 20 tid
656 1045 136 25 qvarstannat
806 1043 27 26 på
843 1050 81 15 samma
934 1045 54 25 post,

171 1078 27 15 en
220 1071 175 28 löneförhöjning.
425 1072 48 21 Men
493 1072 18 27 ej
528 1073 38 20 har
579 1072 36 27 jag
630 1073 65 26 något
710 1075 63 24 emot,
789 1074 32 19 att
836 1072 65 21 förste
915 1073 75 20 kassö-

170 1106 49 16 rens
234 1100 91 26 aflöning
339 1101 68 20 skulle
423 1100 63 22 blifva
502 1101 62 25 8,000
579 1101 66 21 mark.

238 1157 90 22 Prosten
342 1157 154 22 Borenius:
521 1157 111 22 Utskottet
647 1157 39 22 har
700 1158 53 26 tagit
768 1158 31 26 sig
811 1157 89 22 friheten
911 1157 79 22 föreslå

171 1187 68 25 9,000,
253 1187 64 25 8,000
332 1186 39 21 och
387 1187 62 22 7,000
464 1186 66 25 mark,
544 1187 28 26 pä
588 1187 35 20 det
638 1189 32 18 att
686 1187 35 20 det
736 1187 66 20 måtte
817 1192 50 15 vara
882 1193 25 15 en
921 1186 69 21 befor-

171 1215 52 21 dran
246 1215 48 21 frän
317 1215 58 27 lägre
395 1215 32 21 till
442 1215 66 26 högre
523 1215 98 26 aflöning.
650 1215 76 22 Förste
742 1215 101 22 kassören
857 1215 61 22 torde
934 1215 34 21 väl
982 1216 8 21 i

170 1243 115 22 allmänhet
307 1243 62 22 äfven
383 1244 86 21 komma
483 1246 32 19 att
530 1251 51 14 vara
596 1244 40 21 den
651 1244 7 21 i
673 1245 90 25 tjensten
778 1244 65 27 äldre,
859 1245 40 21 och
915 1244 35 21 det
965 1246 25 19 är

170 1273 53 26 skäl,
240 1275 31 18 att
287 1273 40 21 den
342 1272 7 21 i
365 1272 91 27 tjensten
471 1273 58 21 äldre
545 1273 39 21 har
598 1279 26 15 en
639 1275 68 19 större
722 1272 97 27 aflöning.

239 1329 31 21 På
284 1330 154 24 framställning
453 1331 22 19 af
488 1330 50 20 herr
553 1331 158 20 talmannen
726 1330 123 25 godkändes
859 1330 51 20 derä
921 1330 69 20 denna

170 1357 68 26 punkt
252 1357 8 21 i
275 1357 178 26 aflöningsstaten.

238 1412 33 22 De
287 1413 68 27 öfriga
369 1412 8 22 i
392 1412 172 28 aflöningsstaten
579 1415 109 27 upptagna
702 1415 100 26 posterna
816 1414 128 28 godkändes.

239 1471 29 22 Af
281 1471 26 21 de
323 1471 34 21 vid
373 1470 171 27 aflöningsstaten
561 1471 74 27 fogade
651 1471 163 27 anmärkningar
828 1472 90 22 uteslöts
934 1478 55 16 anm.

171 1501 11 20 1
198 1500 7 21 i
220 1499 50 28 följd
286 1499 22 22 af
322 1499 95 22 ständets
432 1500 70 21 beslut
517 1501 107 25 angående
641 1499 12 29 &
669 1501 33 27 66,
719 1501 110 22 hvaremot
839 1501 26 22 de
877 1501 66 28 öfriga
953 1508 37 15 an-

169 1529 164 26 märkningarna
347 1531 52 20 utan
415 1529 88 27 ändring
517 1529 128 27 godkändes.
