1103 1798
205 136 55 21 2026
375 141 159 19 Presteståndet
547 142 54 18 1877.
625 142 24 17 10
660 142 114 17 november.

243 211 91 22 Prosten
349 211 145 26 Bergroth
510 210 100 22 förenade
626 210 31 27 sig
671 211 48 20 med
734 210 73 22 rektor
823 210 105 21 Kihlman.

244 268 81 22 Rektor
343 268 143 22 Kihlman:
516 268 42 22 Vid
579 268 174 26 pensionskassor
771 267 62 22 beror
848 267 88 21 kassans
951 267 43 21 för-

177 297 39 25 del,
232 297 75 21 liksom
323 297 135 27 delegarenes
473 297 75 25 fördel,
564 297 46 21 icke
625 297 24 21 sä
664 297 83 26 mycket
761 296 28 28 pä
804 297 25 21 de
845 296 89 27 afgifter,
949 302 45 16 som

177 326 32 21 till
231 326 77 22 kassan
330 326 110 26 inbetalas,
462 332 44 16 som
529 326 45 22 icke
597 332 45 15 mer
660 326 26 27 pä
702 326 36 21 det
753 325 149 27 grundkapital
917 326 77 20 kassan

177 361 55 21 eger.
262 355 42 21 Det
324 355 55 21 visar
394 355 37 26 sig,
451 356 45 20 tror
510 354 41 28 jag,
566 354 35 22 vid
617 354 42 22 alla
673 354 79 22 sädana
768 354 179 27 pensionskassor,
963 356 31 19 att

178 384 26 20 de
220 383 66 26 ärliga
300 383 281 27 pensionsinbetalningarna
599 384 46 20 icke
666 385 37 19 äro
719 384 125 26 tillräckliga
859 385 32 19 att
906 383 90 21 betäcka

177 412 25 21 de
218 412 67 27 ärliga
300 412 117 28 utgifterna
432 412 39 21 och
493 415 32 19 att
546 413 76 20 kassan
643 412 38 26 går
696 413 73 26 under,
783 412 7 20 i
805 412 36 21 fall
856 412 46 21 icke
917 412 78 20 kassan

176 441 40 21 har
231 447 25 15 en
271 440 114 27 tillräcklig
403 441 126 27 grundfond.
559 442 32 20 En
607 440 65 22 sådan
687 441 119 25 grundfond
822 441 39 21 har
876 447 28 14 nu
919 446 75 21 genom

176 469 27 22 H.
219 470 26 20 K.
261 469 51 21 M:ts
334 470 41 20 näd
397 469 67 22 blifvit
484 470 70 26 gifven
574 470 22 20 ät
611 469 100 21 Finlands
726 469 77 27 sjöfolk
818 470 39 21 och
873 469 122 27 därigenom

177 498 39 21 har
231 498 22 21 ät
269 498 68 21 denna
353 498 56 22 klass
425 498 22 21 af
461 498 66 22 finske
542 498 138 26 medborgare
696 504 26 15 en
737 498 81 26 verklig
832 498 82 21 förmon
927 497 68 21 blifvit

176 527 85 21 beredd.
292 527 41 21 Det
354 526 42 22 kan
418 527 45 21 icke
483 533 52 15 vara
551 526 70 22 tvifvel
637 526 158 26 underkastadt,
819 529 32 19 att
865 526 45 21 icke
926 526 69 21 denna

175 555 58 21 klass
256 555 23 21 af
299 556 140 26 medborgare
459 555 54 21 skall
533 555 66 21 förstä
621 557 33 19 att
674 556 95 26 begagna
791 555 68 21 denna
873 554 67 22 fördel
956 554 39 22 och

177 584 81 22 säledes
281 584 95 27 frivilligt
399 584 82 21 inträda
495 585 7 20 i
517 584 122 27 föreningen
662 584 32 21 för
715 586 33 19 att
769 584 83 26 ätnjuta
874 583 120 22 fördelarne

177 613 61 21 deraf
251 612 38 22 och
306 619 33 15 om
356 612 23 22 sä
395 613 54 27 sker,
464 614 23 19 är
503 613 36 21 det
551 613 24 27 ju
591 612 59 22 alltid
666 619 26 14 en
707 612 73 28 fördel,
796 614 33 19 att
844 612 40 22 han
901 612 46 21 deri
962 612 33 21 fär

175 641 79 21 handla
269 641 47 21 fritt
331 642 39 21 och
386 641 46 21 icke
448 645 93 23 tvunget.
565 642 39 20 Om
620 642 151 26 medborgaren
783 642 6 20 i
800 640 38 22 allt
853 642 36 20 sitt
902 641 93 27 görande

177 669 39 22 och
239 670 84 21 lätande
345 670 54 21 skall
415 676 50 15 vara
480 671 141 26 reglementen
643 670 40 21 och
697 670 132 21 föreskrifter
845 670 149 25 underkastad,

176 705 34 15 om
225 705 48 15 man
289 699 46 21 icke
350 699 37 21 vill
403 699 128 21 öfverlemna
547 700 64 25 något
631 698 22 21 ät
673 699 53 21 hans
747 703 47 23 eget
809 699 66 21 sunda
890 699 104 25 omdöme,

176 727 23 21 sä
215 727 94 22 inträder
325 728 121 26 därigenom
462 730 31 18 ett
508 728 137 25 förhällande,
659 734 45 15 som
721 728 33 20 väl
769 728 41 20 kan
827 729 61 25 sägas
898 734 51 14 vara
960 728 36 20 det

176 756 130 27 sorgligaste,
322 762 45 15 som
383 756 41 21 kan
440 756 75 22 tänkas
530 757 5 21 i
552 759 31 18 ett
593 756 108 22 samhälle.
723 756 48 21 Just
784 757 87 20 emedan
879 756 37 27 jag
926 762 68 19 anser,

176 787 32 19 att
231 785 68 21 denna
321 785 106 21 blifvande
448 786 164 26 pensionskassa
635 786 95 20 kommer
749 787 32 19 att
797 791 38 21 ega
851 785 88 21 beständ
956 784 39 22 och

174 813 83 26 florera,
281 820 33 15 om
337 814 64 20 frihet
425 814 79 21 lemnas
525 814 158 21 vederbörande
706 816 32 19 att
753 814 44 21 deri
813 814 54 26 ingå,
883 820 61 20 synes
960 814 36 21 det

176 843 42 26 mig
233 842 132 22 fortfarande
379 848 52 15 vara
446 842 46 22 skäl
508 844 33 20 att
555 842 93 22 vidhälla
663 842 56 21 hvad
732 842 35 27 jag
783 842 57 22 förut
854 844 72 25 yttrat.

244 900 83 21 Doktor
342 900 163 27 Hornborg:
534 901 32 21 En
582 900 122 27 inrättning,
720 901 64 21 sådan
799 906 45 15 som
860 900 40 21 den
915 906 29 15 nu
959 900 36 27 pä-

176 929 81 26 tänkta,
271 929 85 21 fordrar
371 929 136 26 ovilkorligen
523 931 32 19 att
571 935 50 15 vara
635 929 25 22 sä
674 931 83 25 strängt
771 929 174 27 regiementerad,
964 932 32 19 att

176 960 31 19 ett
221 957 76 22 sädant
313 960 93 19 moment
421 957 23 22 af
457 958 70 25 frihet,
543 965 44 14 som
604 958 72 21 rektor
692 958 98 21 Kihlman
807 965 28 14 nu
850 958 36 21 vill
899 957 27 28 pä
937 958 58 21 detta

176 986 87 21 omräde
279 985 101 27 etablera,
397 987 45 21 icke
457 986 40 21 bär
511 987 38 26 sig,
565 989 51 19 utan
627 986 136 27 ovilkorligen
774 987 78 21 förstör
862 987 49 21 hela
920 987 76 21 inrätt-

176 1015 81 26 ningen.
289 1015 41 22 Det
353 1017 23 19 är
397 1016 23 26 ju
442 1015 48 21 med
512 1015 172 27 pensionskassor
699 1015 8 20 i
722 1015 116 22 allmänhet
852 1015 30 27 sä,
902 1017 32 20 att
949 1016 46 21 icke

175 1043 52 22 hvar
242 1043 39 22 och
297 1050 32 20 en,
345 1050 45 15 som
406 1043 42 27 vill,
467 1045 41 20 kan
530 1044 77 27 fritaga
622 1045 31 26 sig
668 1043 45 22 från
730 1047 31 18 att
777 1044 72 21 betala
863 1044 131 27 ärsafgifter;

175 1072 24 21 sä
214 1074 24 19 är
254 1073 35 20 det
304 1076 15 18 t.
335 1079 31 15 ex.
382 1073 48 21 med
445 1073 144 21 ecklesiastik-
605 1073 39 21 och
657 1073 126 22 skolstatens
794 1073 63 21 enke-
868 1073 39 21 och
917 1073 79 27 pupill-

175 1101 72 26 kassa;
269 1107 34 15 om
322 1101 42 22 alla
380 1102 65 26 ogifta
459 1107 101 20 personer
575 1102 38 21 der
627 1102 68 21 skulle
710 1108 51 15 vara
776 1101 110 22 frikallade
901 1102 46 21 frän
963 1104 33 19 att

175 1130 72 21 betala
269 1130 66 28 afgift,
357 1130 67 21 skulle
444 1131 27 20 de
485 1130 33 21 väl
535 1131 96 26 upphöra
646 1131 92 26 dermed,
755 1131 79 21 hvilket
849 1131 68 21 skulle
932 1131 63 21 lända

175 1158 77 22 kassan
273 1159 32 20 till
327 1159 136 26 oberäknelig
484 1159 73 21 skada.
587 1159 45 21 Här
647 1160 46 21 äter
708 1159 41 21 kan
765 1159 36 21 det
821 1159 40 22 och
876 1159 68 21 mäste
960 1159 36 21 det

175 1187 90 26 inträffa,
282 1189 31 19 att
329 1194 26 14 en
370 1190 45 18 stor
430 1188 33 21 del
478 1188 23 20 af
515 1187 120 27 sjöfarande
651 1188 61 21 hafva
727 1194 25 15 en
768 1189 81 26 ganska
863 1188 51 21 liten
930 1188 64 21 tanke

175 1216 27 27 pä
218 1216 165 27 morgondagen;
401 1217 36 20 det
451 1218 24 19 är
489 1217 23 26 ju
527 1216 64 26 nägot
606 1216 86 27 vanligt,
708 1219 32 18 att
755 1217 26 21 de
800 1217 89 21 förslösa
904 1217 32 21 sin
952 1217 41 20 för-

174 1244 65 27 tjenst
255 1245 39 21 och
309 1245 57 26 gifva
381 1245 113 21 framtiden
510 1245 117 26 ,goddag*.
658 1245 49 21 Man
723 1245 60 21 torde
799 1245 84 22 derföre
898 1245 47 22 icke
960 1245 34 21 väl

174 1273 46 21 afse
235 1273 62 21 deras
312 1273 67 25 bästa,
396 1280 33 15 om
445 1279 48 16 man
508 1274 81 21 lemnar
604 1273 57 22 valet
676 1273 22 22 ät
713 1274 47 21 dem
776 1273 45 22 fritt
833 1274 38 21 och
884 1275 61 20 torde
958 1274 36 21 det

174 1302 7 21 i
197 1301 24 50 W
236 1301 35 50 fall
286 1308 52 15 vara
353 1302 77 25 bättre,
451 1308 34 15 om
506 1303 61 26 ingen
589 1303 161 26 pensionskassa
766 1303 33 21 för
813 1303 81 26 sjömän
909 1303 85 22 komme

175 1331 24 20 till
223 1331 68 20 stånd.

243 1385 89 22 Prosten
355 1386 153 21 Helander:
539 1386 38 21 Om
598 1387 37 26 jag
656 1386 46 22 icke
720 1387 111 27 misstager
851 1387 49 27 mig,
920 1387 74 27 tyckes

174 1414 73 22 rektor
268 1414 112 22 Kihlmans
401 1415 137 27 anmärkning
558 1418 57 18 emot
630 1415 59 21 detta
704 1422 61 15 mom.
781 1422 51 15 vara
847 1415 110 23 föranledd
972 1416 24 21 af

175 1445 31 19 ett
221 1443 140 22 förbiseende.
385 1443 41 22 Det
440 1444 45 21 står
500 1443 5 21 i
523 1445 9 20 1
549 1444 22 27 $:
596 1443 54 26 ,Till
665 1443 83 23 förmån
763 1445 33 21 för
810 1444 184 29 fartygsbefälhaf-

175 1478 54 21 vare,
250 1473 94 26 styrmän
367 1472 39 22 och
425 1473 64 26 öfrigt
511 1473 76 26 sjöfolk
601 1474 56 21 samt
671 1473 33 21 för
719 1473 134 22 maskinister
867 1473 40 22 och
922 1474 71 21 eldare

174 1500 28 27 på
220 1501 117 28 ångfartyg,
360 1501 70 22 hvilka
449 1503 38 20 äro
509 1501 103 22 inskrifna
627 1502 6 21 i
649 1501 158 27 sjömanshusen
822 1502 7 21 i
844 1503 98 26 landet";
958 1503 36 22 det

174 1529 64 22 beror
252 1529 82 22 således
349 1530 28 27 på
392 1529 71 28 hvarje
477 1529 82 28 sjöman
574 1532 32 19 att
622 1531 44 21 låta
675 1531 32 26 sig
717 1531 6 21 i
734 1531 132 26 sjömanshus
876 1531 117 28 inskrifvas,
