1106 1800
200 144 54 19 2242
370 143 159 42 Presteständet
542 150 52 31 1877.
618 150 26 16 27
655 144 115 41 november.

170 217 73 26 frågan
259 223 37 15 var
312 216 78 22 fattadt
405 217 39 21 och
459 218 85 20 ståndet
559 218 63 20 däraf
632 217 85 21 erhållit
728 218 40 20 del.
790 218 73 20 Skulle
874 224 35 18 nu,
919 217 70 22 såsom

169 251 42 21 nog
232 246 82 26 möjligt
333 247 29 24 är,
385 246 95 20 ståndets
502 246 109 26 pluralitet
630 246 83 21 besluta
734 246 32 26 sig
787 246 33 20 för
841 245 113 27 afböjande
969 246 24 21 af

170 274 68 21 denna
260 274 130 27 inbjudning,
414 274 92 22 önskade
526 274 37 28 jag
585 278 32 18 att
639 275 88 21 motivet
749 274 33 21 för
799 275 60 21 detta
876 275 114 27 afböjande

169 303 69 21 skulle
260 309 50 15 vara
333 303 25 21 de
381 303 52 26 skäl,
456 309 45 15 som
524 304 66 20 under
613 304 40 20 den
674 303 61 21 förda
757 303 148 22 diskussionen
921 304 69 20 blifvit

168 331 136 28 frambragta,
320 332 45 21 icke
381 332 41 25 det,
435 338 45 15 som
498 332 65 26 några
575 332 64 21 ärade
652 332 66 21 talare
731 332 125 26 framhållit,
867 334 31 19 att
911 332 79 21 bonde-

169 360 95 22 ståndets
286 360 136 22 medlemmar
442 361 66 21 redan
526 361 6 21 i
548 361 103 21 utskottet
666 360 64 22 hafva
745 361 78 21 uttalat
839 361 32 27 sig
886 363 57 19 emot
958 367 31 15 re-

169 388 82 23 formen
266 389 40 22 och
320 396 28 14 nu
364 390 84 21 ståndet
464 390 6 21 i
486 390 31 21 sin
528 390 77 21 helhet.
626 390 42 21 Det
678 390 38 20 har
727 390 23 21 af
758 390 108 27 professor
877 390 111 21 Ehrström

169 419 66 21 redan
250 418 34 22 vid
299 418 53 22 sista
366 420 172 26 sammanträdet,
555 419 69 21 såsom
639 418 43 28 mig
698 425 60 21 synes
774 426 41 20 nog
830 419 83 27 tydligt,
925 419 64 21 fram-

169 448 79 25 hållits,
270 448 65 21 ehuru
354 448 37 26 jag
411 450 45 18 tror
478 450 31 19 att
524 448 7 21 i
546 448 202 26 representationen,
764 448 66 21 sådan
847 448 39 21 den
902 450 24 19 är
940 448 49 21 med

169 476 47 28 fyra
231 476 68 26 stånd,
316 476 72 27 hvarje
402 476 62 22 stånd
480 479 23 19 är
519 476 111 22 hänvisadt
645 476 30 22 till
693 477 41 24 det,
748 482 44 16 som
806 477 36 21 det
852 483 62 15 anser
925 477 64 21 lända

169 506 37 20 det
226 505 107 21 allmänna
354 505 61 21 bästa
435 506 39 20 och
494 505 139 22 fosterlandet
653 505 32 21 till
703 512 61 20 gagn.
794 505 41 22 Att
849 506 7 20 i
872 506 117 21 allmänhet

168 534 69 26 fråga:
259 534 55 22 hvad
336 540 73 15 menar
428 534 36 22 det
486 535 51 21 eller
557 535 35 21 det
613 534 90 26 ståndet,
723 534 27 27 på
766 534 40 21 den
822 535 68 26 grund
905 537 32 19 att
953 534 36 22 det

168 562 100 28 möjligen
288 564 6 20 i
315 563 133 21 ekonomiskt
469 563 98 22 afseende
590 564 91 20 drabbar
702 564 58 20 detta
781 564 62 20 stånd
863 565 82 25 tyngre,
961 565 27 19 än

168 592 73 26 andra,
257 594 24 19 är
296 592 46 21 icke
357 592 81 27 riktigt,
454 594 22 25 ty
492 592 68 21 skulle
576 598 48 15 man
640 592 51 27 följa
706 592 68 21 denna
786 592 88 27 princip,
886 592 23 21 så
920 592 69 22 skulle

166 621 37 27 jag
218 623 61 24 säger
294 621 36 21 det
344 621 48 21 med
403 621 115 27 uttrycklig
533 621 129 21 reservation
678 621 22 20 af
711 622 39 20 den
763 621 89 27 aktning
864 621 39 22 och
913 622 75 21 kärlek

168 650 32 21 till
224 650 36 20 det
282 649 68 26 stånd,
367 656 44 15 som
427 656 28 15 nu
471 652 23 19 är
509 649 75 28 ifråga,
599 651 35 20 det
649 650 47 21 icke
711 649 67 22 blifva
792 650 61 27 fråga
869 657 33 14 om
919 651 68 26 någon

168 678 86 26 reform,
271 680 21 25 ty
307 678 154 22 bondeståndet
476 681 24 18 är
515 679 35 21 det
566 679 110 21 talrikaste
692 679 61 21 stånd
769 679 39 21 och
824 685 25 15 en
866 682 45 18 stor
921 679 34 21 del
966 679 24 21 af

169 708 26 21 de
210 707 90 27 utlagor,
316 713 45 15 som
376 707 109 27 påbjudas,
496 708 84 21 komma
595 710 32 19 att
642 707 80 22 drabba
737 708 54 25 dem,
802 714 45 15 som
860 708 33 21 till
905 714 82 15 numer-

168 738 51 19 ären
234 737 36 20 äro
286 736 106 21 talrikast.
422 736 64 21 Detta
502 736 64 21 motiv
582 743 62 14 anser
656 737 37 26 jag
708 737 82 20 således
804 737 47 21 icke
867 737 52 21 böra
931 737 56 26 ingå,

166 765 8 20 i
196 764 100 21 händelse
318 765 167 26 presteständets
503 771 47 15 svar
566 765 40 21 blir
622 765 119 27 afböjande.
771 765 113 22 Likaledes
899 765 39 22 har
951 766 37 27 jag

167 793 67 22 under
254 799 82 15 samma
357 793 121 27 förundran,
501 800 44 15 som
567 794 105 21 uttalades
688 794 22 21 af
725 794 135 27 domprosten
876 795 57 26 Borg
948 795 39 20 och

168 823 76 20 doktor
259 822 126 21 Nordström
401 822 62 21 åhört
478 823 36 20 det
529 829 41 21 nog
586 823 68 21 starkt
669 823 110 21 uttalande
794 823 141 22 misstroende
948 823 39 22 och

168 851 40 21 den
229 851 173 21 missbelåtenhet
424 851 48 21 med
492 851 52 21 våra
562 851 121 21 nuvarande
704 851 152 27 häradsrätter,
875 858 45 15 som
939 858 49 21 pro-

167 879 68 22 fessor
249 879 103 22 Forsman
371 880 48 21 låtit
438 880 85 21 komma
544 880 32 21 till
596 881 94 20 ståndets
709 881 126 21 kännedom.
865 880 45 22 Min
933 881 55 21 erfa-

167 908 76 21 renhet
265 910 61 25 säger
346 908 46 21 icke
414 908 67 26 detta;
503 909 39 21 hos
556 909 47 21 vårt
618 909 44 21 folk
677 911 24 18 är
716 909 114 26 aktningen
845 909 33 21 för
894 925 9 8 ,
908 909 79 21 korkea

167 937 86 21 oikeus*
275 937 24 20 så
318 937 60 27 djupt
393 937 67 26 rotad,
476 939 32 19 att
523 937 40 21 den
578 937 68 27 aldrig
660 937 71 21 sviker
747 944 36 15 ens
799 938 37 21 der
852 938 39 21 den
907 938 80 27 ganska

167 965 97 22 oerfarne
279 972 55 21 unge
346 966 90 26 juristen
452 966 39 21 har
506 966 62 21 suttit
584 967 69 20 såsom
668 966 135 21 ordförande.
831 967 66 21 Detta
912 967 75 21 härrör

167 994 79 21 kanske
263 997 53 19 mest
332 994 23 21 af
369 994 77 21 folkets
461 995 89 27 aktning
566 995 32 21 för
613 995 35 27 lag
663 995 39 21 och
718 997 49 19 rätt.

235 1041 111 20 Professor
363 1041 138 21 Forsman:
530 1041 42 27 Jag
587 1041 92 28 begärde
696 1041 60 21 ordet
772 1041 120 27 egentligen
907 1041 33 22 för
955 1044 32 19 att

165 1071 64 24 yttra,
249 1071 31 19 att
303 1069 77 22 doktor
401 1069 126 22 Nordström
543 1070 88 21 alldeles
646 1070 120 27 onödigtvis
781 1070 120 33 uppträdde
916 1070 69 22 såsom

165 1098 86 21 riddare
271 1098 32 21 för
321 1098 159 25 domarekåren,
496 1105 45 14 som
557 1099 62 26 ingen
634 1099 110 21 menniska
759 1099 39 21 har
813 1099 98 27 angripit.
945 1100 42 26 Jag

165 1127 96 20 uttalade
282 1129 32 19 att
334 1127 131 21 förtroendet
486 1127 34 21 till
538 1127 173 22 häradsrätterna
726 1128 38 21 hos
780 1128 105 27 allmogen
901 1128 46 21 icke
962 1130 26 19 är

166 1157 54 20 stort
242 1155 39 21 och
301 1155 36 22 det
356 1157 24 19 är
395 1157 42 20 min
453 1155 149 28 öfvertygelse;
618 1158 24 19 är
658 1157 36 20 det
708 1157 70 27 någon
793 1163 76 19 annan,
886 1163 45 15 som
947 1157 40 21 har

166 1190 25 16 en
211 1190 69 16 annan
300 1184 144 28 öfvertygelse,
461 1185 44 21 står
524 1185 36 21 det
576 1185 47 21 dem
637 1185 47 21 fritt
699 1187 32 19 att
746 1185 85 21 behålla
847 1185 46 21 den.
924 1185 62 22 Hvad

164 1213 207 27 lagmanskapparna
393 1212 105 26 beträffar,
519 1215 24 19 är
564 1214 36 21 det
619 1214 52 20 visst
693 1216 53 23 sant,
766 1216 33 19 att
814 1214 69 21 denna
897 1214 89 21 reform-

165 1241 61 27 fråga
246 1242 46 21 icke
314 1242 68 21 skulle
402 1242 86 21 komma
508 1244 32 19 att
561 1242 94 27 tillgripa
673 1242 41 26 det,
730 1248 43 16 som
789 1249 28 15 nu
833 1245 23 19 är
871 1243 92 21 samladt
979 1243 6 21 i

164 1270 85 26 fonden,
265 1276 47 16 men
328 1270 35 22 det
379 1272 24 19 är
417 1270 47 22 icke
479 1271 69 26 någon
564 1274 44 18 stor
623 1271 45 25 sak,
677 1271 35 21 det
727 1273 24 19 är
766 1271 47 21 litet
824 1272 58 20 öfver
893 1273 92 23 700,000

164 1299 60 21 mark
245 1299 40 21 och
300 1299 106 27 betyder
398 1295 12 36 i
421 1299 39 21 och
475 1299 33 21 för
529 1299 31 28 sig
578 1300 51 27 själf
648 1300 116 27 ingenting;
787 1300 86 21 dermed
895 1302 92 20 uträttas

164 1328 60 21 intet.
255 1328 101 21 Deremot
376 1328 39 21 har
433 1328 45 26 just
498 1328 39 21 den
558 1329 84 25 komité,
659 1335 45 15 som
718 1328 40 21 har
773 1329 62 21 suttit
850 1329 58 21 öfver
924 1329 62 21 dessa

164 1356 92 20 ärenden
273 1356 109 25 beräknat,
399 1358 32 18 att
446 1356 78 21 fonden
540 1356 54 21 efter
611 1358 25 19 10
651 1356 24 21 år
691 1357 67 20 skulle
774 1356 56 28 stiga
846 1356 33 22 till
895 1357 35 21 två
945 1357 40 21 och

164 1390 25 14 en
205 1384 47 20 half
264 1384 98 26 miljoner
376 1384 62 20 mark
453 1385 38 20 och
502 1384 27 21 då
540 1384 70 21 kunde
620 1384 48 21 med
679 1385 122 21 densamma
811 1387 93 19 uträttas
914 1386 72 26 något,

163 1418 49 15 men
227 1412 35 22 det
276 1414 25 19 är
316 1412 62 26 klart,
394 1414 32 20 att
442 1412 62 22 äfven
519 1413 48 21 med
582 1413 70 21 denna
666 1419 89 21 summa,
772 1414 20 20 d.
808 1420 19 15 v.
843 1420 16 15 s.
871 1416 76 19 räntan
957 1414 28 27 på

164 1442 60 20 detta
243 1442 83 26 kapital
347 1441 46 21 icke
411 1442 65 27 något
495 1442 116 28 synnerligt
631 1444 98 20 uträttas.
758 1442 43 22 För
822 1442 66 28 öfrigt
909 1445 24 19 är
949 1444 36 21 det

163 1470 88 22 alldeles
267 1470 88 28 onödigt
370 1472 33 20 att
418 1470 96 28 förlänga
530 1471 68 21 denna
614 1472 126 21 diskussion.

231 1510 89 22 Prosten
342 1511 85 27 Hjelt:
458 1511 32 21 Då
510 1511 75 27 frågan
605 1513 58 19 törra
682 1512 82 26 gången
785 1511 90 28 förevar,
896 1519 38 15 var
945 1513 38 27 jag

162 1540 65 22 bland
248 1539 53 27 dem,
321 1546 45 16 som
388 1540 80 27 yrkade
495 1540 28 27 på
545 1540 40 22 den
606 1540 119 28 Kejserliga
746 1541 180 29 propositionens!
941 1541 43 22 för-
