1103 1792
314 130 159 18 Presteständet
484 132 53 16 1877.
561 132 23 16 15
595 132 115 16 november.
839 124 55 22 2135

107 198 78 22 hufvud
200 200 18 25 ej
234 199 81 27 lyckats
330 200 65 25 något
409 201 64 19 annat
487 200 68 24 stånd,
571 201 27 19 än
613 200 164 26 Presteståndet,
793 201 31 19 att
836 199 88 21 sålunda

107 226 75 22 hittills
204 233 103 21 engagera
327 227 69 26 någon
419 227 174 26 bankfullmäktig
615 228 46 20 från
682 227 128 21 landsorten.
842 227 34 21 Då
887 227 37 26 jag

106 255 68 22 skulle
190 262 55 17 anse,
261 257 31 19 att
307 255 36 21 det
357 261 50 15 vore
422 256 77 26 nyttigt
514 256 39 20 och
568 256 52 26 skäl,
635 257 32 19 att
681 256 46 20 icke
738 256 69 26 dylika
819 254 105 22 förtroen-

107 284 40 20 den
162 283 68 21 skulle
245 283 124 21 inskränkas
384 283 55 21 inom
454 284 37 20 allt
506 284 32 20 för
548 284 74 26 trånga
632 286 92 24 gränser,
734 284 27 21 då
771 283 153 22 hufvudstaden

105 311 61 22 äfven
182 318 76 15 annars
273 312 83 21 ändock
371 311 106 28 tillrycker
491 312 32 26 sig
534 312 24 20 så
567 312 84 27 mycket
660 311 113 27 inflytande
784 312 27 26 på
819 312 106 21 allmänna

107 341 182 27 angelägenheter,
312 340 73 28 tycker
404 340 42 28 jag,
469 342 32 20 att
523 347 33 15 om
575 342 31 20 ett
621 340 61 22 stånd
697 340 35 21 vill
748 340 54 27 välja
817 346 26 16 en
858 340 66 21 bank-

107 369 123 27 fullmäktig,
246 368 84 22 hvilken
345 369 18 27 ej
380 368 38 22 bar
433 369 104 21 ordinarie
553 369 51 22 eller
619 368 90 28 egentlig
724 368 118 28 befattning
857 369 6 21 i
874 368 50 22 Hel-

109 398 87 27 singfors
216 398 39 21 och
271 398 82 22 således
369 398 17 26 ej
403 397 38 22 här
455 400 24 19 är
495 398 76 26 bosatt,
587 398 68 21 denne
669 397 175 28 bankfullmäktig
857 397 67 22 skulle

108 426 126 22 fortfarande
250 426 137 22 tillerkännas
403 426 125 22 åtminstone
539 428 26 20 de
576 428 63 24 8,000
649 427 67 25 mark,
727 432 45 16 som
783 426 65 28 enligt
855 426 70 27 gamla

107 456 126 26 stadgandet
248 456 136 20 tillerkännes
399 454 76 22 honom
491 456 66 21 under
572 456 25 21 de
610 457 32 19 tre
652 455 65 21 första
728 456 56 20 ären.
807 455 61 22 Hvad
878 456 47 20 äter

109 484 98 21 beträffar
223 484 39 21 den
277 484 66 26 fräga,
358 490 45 15 som
419 484 134 26 domprosten
568 484 88 21 Renvall
670 484 97 27 antydde,
777 484 103 26 nämligen
892 485 32 19 att

107 512 65 27 enligt
194 512 52 22 hans
268 512 64 22 tanke
353 512 37 21 det
411 513 18 26 ej
452 514 24 19 är
499 512 72 28 billigt,
586 515 32 19 att
633 512 26 21 dä
674 512 112 27 suppleant
801 512 123 27 tjenstgör
913 508 15 36 i

109 540 183 27 bankfullmäktigs
307 540 61 22 ställe
384 547 25 15 en
425 540 32 22 hel
471 542 86 20 mänads
567 541 30 21 tid
608 541 53 21 eller
671 540 125 27 derutöfver,
805 541 41 21 han
857 540 67 22 skulle

108 569 94 27 uppbära
224 569 186 26 bankfulimäktigs
433 569 46 21 hela
495 570 77 21 arvode
587 569 33 21 för
636 569 146 21 motsvarande
798 570 37 23 tid,
850 571 24 19 är
889 568 36 22 det

107 598 120 26 visserligen
243 605 25 15 en
285 598 44 26 sak,
346 598 43 21 deri
402 598 37 26 jag
453 598 41 20 kan
509 604 60 16 anses
585 604 50 15 vara
650 598 80 21 mindre
746 598 99 26 opartisk.
876 597 48 21 Men

107 627 37 21 det
164 626 53 22 skall
239 627 6 21 i
261 627 42 27 alla
318 626 36 22 fall
370 627 17 27 ej
404 626 75 22 hindra
494 627 41 27 mig
551 628 31 20 att
597 626 67 22 uttala
680 627 41 21 min
736 626 109 22 bestämda
860 626 64 22 tanke

107 656 6 20 i
129 656 67 21 denna
212 656 43 21 sak.
285 655 66 22 Afven
365 656 36 26 jag
417 662 66 19 anser,
497 659 32 18 att
545 656 36 21 det
595 657 24 19 är
635 656 87 26 obilligt,
733 656 17 26 ej
763 655 74 26 derför,
846 656 32 20 att
889 655 36 21 det

107 690 49 16 vore
173 684 88 26 obilligt,
277 687 31 19 att
323 691 25 14 en
364 684 117 27 suppleant,
497 685 27 21 dä
539 685 40 21 han
595 684 100 21 förrättar
710 690 26 16 en
752 684 87 22 månads
854 684 70 27 tjenst,

107 712 60 22 äfven
189 713 52 21 skall
256 714 21 20 fä
292 713 147 21 motsvarande
453 712 97 28 aflöning,
565 715 51 20 utan
633 713 75 25 derför,
724 715 37 24 att,
777 714 26 20 dä
819 719 25 15 en
860 712 65 22 bank-

105 742 125 26 fullmäktig,
247 742 29 22 låt
293 748 49 15 vara
357 743 27 26 pä
399 748 25 14 en
440 742 74 22 månad
531 742 50 21 elier
596 741 125 25 derutöfver,
737 742 62 21 söker
814 742 31 26 sig
860 742 64 26 ledig-

107 770 36 21 het
166 770 46 22 från
230 771 31 21 sin
278 770 122 27 befattoing,
415 770 36 21 det
466 771 59 21 alltid
541 770 72 22 ställes
628 770 23 21 sä
666 770 37 26 till,
720 772 31 20 att
767 771 25 20 de
807 770 117 27 egentligen

107 799 78 26 vigtiga
207 799 98 27 frägorna
327 799 6 21 i
357 799 88 25 banken,
469 799 130 27 inventering
620 806 19 14 o.
659 805 15 15 s.
696 806 19 14 v.
731 800 58 20 ailtid
805 805 73 20 sparas
893 798 31 21 till

106 828 80 21 sådana
202 828 60 25 tider,
279 828 26 21 dä
321 828 26 21 de
363 828 103 21 ordinarie
483 828 162 21 medlemmarne
660 829 37 19 äro
713 827 136 22 närvarande.
876 827 48 21 Man

105 856 75 22 ställer
202 857 23 21 sä
248 856 38 24 till,
309 859 32 19 att
364 856 66 21 under
450 862 24 15 en
491 856 36 24 tid,
542 857 26 20 dä
583 862 25 15 en
624 856 112 26 suppleant
750 859 24 18 är
789 856 136 26 närvarande,

106 884 75 22 endast
203 885 26 21 de
252 886 90 25 löpande
362 885 209 26 angelägenheterna,
587 891 45 15 som
647 885 45 20 icke
708 884 70 21 kunna
794 884 130 27 uppskjutas,

107 913 89 26 afgöras.
227 913 48 22 Men
297 913 25 22 de
346 913 117 26 egentligen
486 913 137 22 ansvarsfulla
646 913 39 21 och
703 913 137 26 arbetsdryga
855 914 70 25 ätgär-

107 943 65 20 derna
192 948 63 21 spara
269 942 59 21 alltid
345 942 31 21 till
391 941 51 27 följd
457 941 22 22 af
492 942 76 21 sakens
583 944 63 19 natur
662 941 25 22 de
702 942 105 21 ordinarie
823 941 102 22 bankfull-

107 970 91 27 mäktige
221 971 21 20 ät
264 971 31 26 sig
317 971 77 27 sjelfve.
425 970 27 21 Af
474 971 35 20 det
528 970 69 22 skälet
611 977 61 14 anser
685 970 37 27 jag
736 970 58 21 detta
810 970 115 27 stadgande

106 999 46 21 icke
172 1006 50 14 vara
238 999 73 27 billigt,
327 1000 87 21 emedan
431 999 136 27 suppleanten
582 999 45 21 icke
643 999 66 21 under
724 999 31 22 sin
771 999 155 26 suppleantstid

107 1029 38 25 gör
160 1030 30 19 ett
206 1029 147 21 motsvarande
370 1028 71 21 arbete
457 1030 44 19 mot
517 1028 24 21 de
553 1028 104 22 ordinarie
669 1027 192 27 bankfullmäktige.
884 1028 41 21 Det

107 1062 49 16 vore
172 1056 69 21 derför
257 1057 64 26 enligt
336 1057 42 20 min
393 1057 54 26 äsigt
462 1057 106 27 riktigare,
584 1063 32 14 om
633 1063 47 14 man
691 1057 68 21 skulle
771 1056 63 21 ställa
842 1056 83 27 supple-

107 1087 87 19 anterne
209 1085 7 20 i
231 1085 115 21 allmänhet
360 1086 27 25 pä
403 1085 135 26 dagsarvode,
554 1087 69 19 såsow
642 1084 58 22 fallet
716 1087 23 18 är
751 1085 6 20 i
769 1084 36 21 fall
816 1085 25 21 de
852 1085 73 26 tjenst-

107 1115 51 24 göra
172 1113 87 26 mindre,
275 1116 28 19 än
318 1120 25 15 en
359 1114 82 21 mänad.

175 1171 88 20 Prosten
283 1170 154 21 Borenius:
467 1170 39 26 Jag
521 1170 48 21 ville
583 1169 72 22 förena
671 1170 41 25 mig
727 1169 47 21 med
791 1169 133 27 domprosten

107 1198 88 22 Renvall
219 1199 4 20 i
248 1199 41 25 det,
312 1201 38 23 att,
374 1204 33 15 om
426 1198 174 27 bankfullmäktig
615 1197 22 22 af
651 1198 95 27 sjukdom
762 1198 85 21 hindras
863 1200 15 19 t.
894 1203 31 15 ex.

107 1227 67 22 under
196 1233 25 15 en
237 1227 33 21 hel
287 1227 75 21 månad
378 1229 31 20 att
423 1227 62 20 sköta
499 1227 32 21 sin
546 1227 70 26 tjenst,
632 1226 40 21 han
688 1227 18 26 ej
723 1226 37 21 bör
776 1225 32 22 för
823 1226 31 21 sin
869 1226 55 26 sjuk-

107 1256 63 21 doms
191 1255 56 22 skull
269 1256 115 21 vidkännas
399 1257 32 20 ett
445 1255 72 27 afdrag
532 1255 22 22 af
567 1256 42 21 500
624 1255 65 26 mark,
705 1257 50 19 utan
771 1255 39 21 bör
825 1255 39 21 den
878 1261 48 20 sup-

107 1285 78 26 pleant,
200 1290 44 15 som
261 1285 27 20 dä
303 1284 108 27 tjenstgör,
427 1283 21 22 af
461 1284 94 21 bankens
570 1283 67 22 medel
654 1286 89 19 ersättas
758 1283 31 21 för
805 1283 31 22 sin
851 1283 75 27 tjenst-

107 1313 80 27 göring.
217 1312 48 22 Men
287 1315 24 19 är
332 1313 35 21 det
390 1313 33 21 för
444 1313 95 21 enskilda
559 1312 181 27 angelägenheter,
761 1318 43 15 som
822 1311 104 22 bankfull-

107 1342 81 26 mäktig
210 1342 92 27 ätnjuter
317 1341 162 28 tjenstledighet,
495 1344 23 19 är
533 1342 36 21 det
584 1341 106 26 naturligt,
706 1342 32 20 att
753 1341 36 21 det
803 1341 74 21 förblir
891 1341 35 21 vid

108 1371 36 21 det
158 1370 123 27 stadgande,
297 1377 45 15 som
357 1371 39 20 här
410 1370 65 21 finnes
490 1370 85 27 intaget.

175 1426 90 21 Prosten
281 1426 90 26 Hjelt:
401 1426 66 21 Afven
480 1427 36 26 jag
531 1426 66 21 skulle
612 1427 26 20 be
653 1428 31 19 att
699 1426 21 20 få
730 1426 128 21 understöda
868 1426 57 21 dom-

108 1456 85 25 prosten
208 1454 88 21 Renvall
312 1455 6 20 i
333 1454 52 21 hans
401 1454 77 26 förslag
493 1455 32 20 till
539 1454 66 21 sädan
621 1454 87 26 ändring
717 1453 23 22 af
746 1453 131 27 paragrafen,
887 1455 39 24 att,

108 1485 37 19 när
167 1489 26 14 en
216 1482 177 27 bankfullmäktig
415 1482 31 21 till
470 1483 51 26 följd
543 1481 22 23 af
586 1483 124 26 påkommen
733 1482 112 27 sjuklighet
860 1481 67 22 under

108 1512 69 27 någon
192 1513 73 26 längre
279 1511 31 22 tid
325 1514 24 19 är
364 1511 88 22 hindrad
468 1514 31 19 att
509 1512 62 21 sköta
581 1511 31 21 sin
623 1511 70 27 tjenst,
704 1511 42 21 han
757 1511 18 27 ej
787 1517 50 15 vore
845 1510 82 29 skyldig
