1103 1789
203 132 56 21 1982
393 136 159 18 Presteståndet
564 137 54 17 1877.
641 137 15 16 8
667 137 115 17 november.

174 205 78 27 mängd
269 204 100 27 fabriker,
385 205 37 20 der
437 205 52 21 barn
503 205 67 22 under
580 204 50 27 inga
641 204 70 21 vilkor
721 204 21 22 få
751 204 109 22 användas
872 204 45 21 före
930 206 25 19 16
966 205 32 20 år.

176 233 74 22 Såsom
272 233 66 21 redan
360 233 109 25 nämndes,
490 235 24 19 är
535 233 120 22 nattarbete
671 233 109 26 förbjudet
801 233 33 21 för
853 233 52 21 barn
920 233 77 21 både
985 229 17 35 i

175 261 124 25 Frankrike,
316 261 114 27 Tyskland,
445 261 104 28 England,
564 261 87 27 Sverige
666 261 40 21 och
720 261 51 22 flere
786 262 68 21 andra
868 261 74 21 länder
957 261 40 22 och

176 290 33 21 för
231 289 90 28 qvinnor
343 290 67 26 gäller
430 290 41 25 det,
491 290 70 21 såsom
580 289 25 22 af
618 292 85 25 prosten
719 289 109 28 Dahlberg
844 289 88 24 anförts,
947 289 8 21 i
971 296 26 15 en

175 321 58 19 ännu
252 318 65 27 högre
340 318 141 21 framskriden
498 318 65 22 ålder.
593 318 50 22 Men
659 319 36 20 det
709 318 69 22 första
792 320 128 21 momentets
935 318 63 21 orda-

176 347 81 27 lydelse
278 347 89 21 innebär
389 347 106 22 dessutom
516 354 26 15 en
563 347 153 27 inskränkning
732 347 47 22 från
795 347 56 22 hvad
865 347 136 22 närvarande

176 375 125 28 förordning
323 376 92 27 stadgar.
446 377 11 26 $
480 377 27 20 29
530 377 7 20 i
560 376 150 26 förordningen
733 376 110 27 angående
862 376 78 22 handel
957 376 41 21 och

176 405 101 27 näringar
292 405 24 20 af
331 405 54 22 1868
401 405 92 27 stadgar,
509 407 33 19 att
556 405 64 27 ,barn
636 405 67 21 under
719 405 27 21 12
762 405 24 22 år
801 406 35 21 må
851 404 47 22 icke
908 406 90 26 antagas

175 433 35 22 till
233 434 82 21 biträde
337 433 36 22 vid
393 433 77 22 handel
488 433 54 22 eler
556 434 32 21 till
604 433 98 22 arbetare
717 434 35 21 vid
768 433 71 22 fabrik
854 434 52 21 eller
921 433 78 22 handt-

175 462 52 22 verk
249 462 132 22 annorlunda
402 464 26 20 än
444 462 55 22 efter
514 463 101 21 särskildt
630 462 143 27 vederbörligt
788 462 113 22 tillstånd".
932 463 66 21 Detta

176 492 24 20 är
220 491 107 21 utstruket
348 490 39 22 här
403 491 39 21 och
458 491 70 21 dertill
544 491 39 21 har
597 490 107 22 måhända
718 491 82 21 kunnat
814 497 52 16 vara
880 491 53 26 skäl,
949 497 48 15 men

175 520 8 21 i
199 520 72 20 stället
293 520 69 20 skulle
385 520 36 20 det
440 519 65 21 hafva
524 520 57 21 varit
596 520 78 26 skäligt
689 521 33 19 att
737 520 71 21 införa
823 520 35 21 det
874 520 123 26 stadgande,

175 554 46 16 som
243 548 68 21 finnes
329 548 7 21 i
352 548 39 21 den
408 548 129 28 förordning,
554 554 45 16 som
614 550 25 19 är
653 548 99 26 gällande
766 549 7 20 i
789 548 92 28 Sverige,
896 550 34 19 att
943 548 54 22 barn

175 576 69 22 under
269 578 23 19 12
315 577 24 21 år
357 576 48 22 icke
426 579 89 24 antagas
534 577 32 21 till
582 577 98 21 arbetare
696 577 7 20 i
718 576 77 26 fabrik,
811 576 119 22 handtverk
945 576 54 22 eller

176 611 70 15 annan
261 605 133 27 handtering,
411 605 59 21 detta
486 605 131 21 sistnämnda
633 605 86 27 uttryck
735 606 90 25 derföre,
842 608 32 19 att
884 605 36 21 det
930 605 67 21 finnes

176 634 81 26 arbete,
280 640 46 15 som
344 634 46 21 icke
406 634 41 21 kan
465 634 101 21 hänföras
585 634 32 21 till
633 633 71 22 fabrik
719 634 52 21 eller
786 634 125 26 handtverk,
926 635 71 20 såsom

176 662 74 22 arbete
265 662 35 22 vid
315 662 128 28 byggnader,
459 662 100 27 hyttverk
574 663 39 21 och
630 662 41 28 dyl.
702 662 40 22 Om
757 669 49 15 man
822 663 82 27 engång
916 663 82 21 undan-

176 693 60 25 tager
256 692 52 20 barn
328 691 47 22 från
391 692 139 21 användande
546 691 32 21 till
594 692 74 20 arbete
684 691 6 21 i
706 691 95 21 fabriker
816 692 40 21 och
871 692 126 23 handtverk,

175 720 67 22 borde
265 721 35 21 det
322 720 62 22 äfven
407 720 37 21 ske
466 721 48 21 med
534 720 99 22 afseende
655 720 13 21 å
690 720 68 22 andra
778 720 152 28 handteringar
945 721 55 21 eller

175 749 66 21 andra
256 750 95 20 arbeten.

243 805 142 27 Domprosten
407 806 126 21 Renvall:
563 806 70 21 Äfven
646 806 38 27 jag
699 806 33 22 för
747 806 43 21 min
806 806 34 22 del
856 806 69 21 skulle
939 806 58 21 hålla

175 834 52 26 före,
251 836 32 19 att
305 834 68 21 denna
393 834 153 28 inskränkning
566 835 6 20 i
594 835 63 21 barns
678 835 40 21 och
736 834 153 28 minderåriges
903 836 94 20 använd-

173 863 52 27 ning
247 863 31 21 till
301 862 74 22 arbete
397 863 36 21 vid
453 863 95 22 fabriker
564 863 39 23 och
619 863 118 22 handtverk
753 864 68 21 skulle
836 863 22 22 få
873 864 56 26 gälla
944 866 51 19 utan

174 892 43 20 alla
240 892 110 26 undantag
372 891 39 22 och
434 892 68 22 vilkor
526 892 38 21 och
588 894 32 19 att
641 892 82 21 således
742 898 26 15 ur
785 892 127 27 paragrafen
927 892 70 22 skulle

174 920 52 28 utgå
242 920 42 24 det,
299 927 45 15 som
360 920 39 21 här
414 922 63 25 utgör
492 921 36 21 det
543 921 68 21 vilkor
627 920 33 22 för
675 923 33 19 att
722 927 50 15 man
787 921 70 21 kunde
868 921 71 21 afvika
949 921 48 21 från

174 949 138 27 paragrafens
333 949 165 27 bestämningar.
528 950 41 26 Jag
587 949 85 22 befarar
687 950 114 26 nämligen,
817 952 32 20 att
863 950 133 27 undantaget

174 977 69 22 skulle
266 978 66 21 blifva
354 978 59 27 regel
432 978 39 21 och
490 978 47 21 icke
552 978 115 27 undantag.
682 990 28 3 —
725 979 43 21 Det
782 985 38 15 var
834 978 114 28 glädjande
963 981 33 19 att

174 1006 59 27 höra,
254 1009 32 19 att
305 1013 26 15 en
352 1007 133 21 vidtberömd
502 1007 72 21 läkare
589 1009 69 25 yttrat
671 1006 33 28 sig
720 1007 86 25 derhän,
822 1010 32 20 att
869 1008 47 21 icke
931 1008 68 26 något

175 1036 108 26 undantag
298 1036 65 21 borde
379 1042 37 15 ens
431 1036 28 26 på
474 1036 68 27 grund
557 1036 23 21 af
594 1036 132 27 läkareintyg
742 1037 43 21 ske.
809 1036 113 22 Dessutom
933 1042 65 21 synes

175 1064 36 21 det
231 1064 50 27 mig,
297 1070 45 16 som
361 1064 68 22 skulle
445 1065 40 21 den
500 1064 127 28 föregående
642 1065 134 26 paragrafen,
791 1065 86 21 hvilken
892 1066 37 20 det
943 1065 54 27 hög-

175 1093 88 27 vördiga
278 1093 84 21 ståndet
378 1093 39 21 har
431 1094 88 26 antagit,
535 1096 52 24 göra
602 1093 37 21 det
654 1094 88 20 alldeles
758 1093 112 28 sjelffallet,
887 1096 32 19 att
934 1094 64 21 dessa

175 1121 149 21 restriktioner
339 1122 66 21 borde
421 1122 50 26 utgå
486 1122 48 21 från
550 1122 68 21 denna
633 1122 106 28 paragraf,
750 1123 88 21 emedan
852 1122 67 22 under
929 1122 68 21 andra

174 1149 70 22 vilkor
259 1150 75 21 skolan
350 1150 39 21 och
405 1150 92 21 hemmet
512 1151 48 21 icke
574 1150 69 22 skulle
658 1151 72 20 kunna
745 1151 73 26 intaga
829 1152 41 20 den
880 1151 57 27 plats
948 1152 49 20 med

175 1178 99 28 afseende
289 1179 13 20 å
316 1179 41 21 den
373 1179 123 27 omyndiges
512 1179 132 27 uppfostran,
659 1185 45 15 som
718 1179 69 21 denna
799 1180 100 27 paragraf
907 1179 91 27 åsyftar.

174 1206 70 22 Äfven
256 1208 38 26 jag
309 1207 37 21 vill
361 1206 74 22 förena
449 1207 45 27 mig
508 1214 34 14 om
558 1208 36 20 det
609 1207 23 21 af
644 1209 87 25 prosten
746 1207 110 28 Dahlberg
870 1208 75 27 gjorda
955 1208 42 20 och

174 1235 23 21 af
211 1236 108 26 professor
333 1236 87 21 Donner
434 1236 144 21 understödda
590 1238 56 19 samt
656 1236 62 21 äfven
728 1236 7 20 i
746 1236 253 22 utskottsbetänkandets.

174 1264 67 21 motiv
263 1264 94 26 antydda
379 1264 188 27 önskningsmålet,
589 1267 33 19 att
644 1266 32 19 ett
694 1264 135 27 fullständigt
849 1264 84 28 förslag,
949 1271 48 15 som

174 1292 68 21 skulle
258 1292 67 22 ordna
341 1293 62 20 dessa
418 1292 154 27 förhållanden,
588 1292 69 22 skulle
671 1292 25 22 af
706 1294 124 26 regeringen
841 1293 115 21 utarbetas.
968 1306 27 2 —

174 1320 63 22 Hvad
259 1321 46 21 åter
328 1321 35 21 det
386 1320 80 27 tillägg,
489 1327 45 15 som
541 1324 102 23 prosten
665 1321 103 21 Hackzell
786 1322 94 21 önskade
895 1324 52 24 göra
962 1322 34 20 till
1015 1340 17 1 .-

173 1348 133 27 paragrafen,
322 1348 106 27 beträffar,
444 1348 58 22 delar
514 1349 38 27 jag
567 1349 25 21 de
608 1348 86 27 åsigter,
710 1355 52 19 som,
778 1350 34 20 för
824 1351 32 19 att
868 1350 128 26 vederlägga

174 1377 124 25 detsamma,
314 1377 71 20 blifvit
400 1377 90 21 anförda
504 1378 22 20 af
540 1378 73 26 pastor
629 1376 135 22 Westerlund
780 1377 39 21 och
831 1380 86 24 prosten
927 1378 67 26 Hjelt.

173 1405 76 21 Denna
270 1405 102 27 paragraf
390 1404 80 28 åsyftar
492 1406 75 20 endast
585 1407 32 19 att
633 1404 96 23 försvara
744 1406 62 22 deras
821 1408 50 25 rätt,
886 1412 46 16 som
947 1406 51 22 icke

173 1433 74 22 mäkta
262 1433 73 27 sjelfve
350 1434 66 21 vårda
431 1434 45 21 sina
491 1434 75 28 giltiga
580 1434 112 22 intressen.

213 1512 2 2 .
241 1492 112 21 Professor
371 1491 144 22 Forsman:
545 1492 41 27 Jag
601 1492 93 28 begärde
710 1493 60 21 ordet
786 1493 33 22 för
834 1494 32 21 att
881 1493 22 22 få
917 1494 80 21 under-

175 1520 69 28 stödja
259 1522 86 26 prosten
361 1520 107 28 Dahlberg
483 1520 8 22 i
506 1521 36 22 det
556 1521 24 22 af
593 1521 79 22 honom
688 1522 74 27 gjorda
778 1522 107 28 förslaget,
895 1524 32 20 att
937 1524 60 20 stän-
