1103 1792
200 431 157 35 Måndagen
375 433 56 26 den
448 432 37 28 29
504 433 124 27 Oktober
644 433 40 26 kl.
701 432 18 27 9
736 433 18 26 f.
772 441 35 18 m.

161 500 171 22 Sammanträdet
347 501 107 28 öppnades
470 502 47 21 med
532 501 42 22 bön
584 502 27 27 på
621 501 67 22 finska
697 502 87 27 språket
794 502 22 22 af
825 505 86 25 prosten

91 529 115 22 Johnsson.

161 586 41 21 Vid
224 589 105 24 uppropet
352 587 140 22 antecknades
513 587 69 22 såsom
598 588 130 21 närvarande
742 588 98 27 samtliga
854 588 58 22 stån-

93 615 46 21 dets
155 615 136 21 medlemmar
307 616 46 21 med
371 616 106 26 undantag
492 616 22 21 af
527 618 85 25 prosten
628 616 77 27 Hjelt
720 617 23 21 af
756 617 56 21 förut
828 617 84 22 anteck-

93 643 40 27 nad
150 644 69 25 orsak,
236 646 86 25 prosten
339 644 133 21 Hackzell
488 647 49 19 utan
552 645 84 21 anmäld
650 645 63 22 orsak
723 645 106 22 äfvensom
840 648 72 24 pastor

91 671 80 22 Öller
187 672 38 21 och
241 673 72 21 rektor
328 672 136 28 Kihlman,
480 679 45 16 som
539 673 91 22 klockan
645 674 29 21 tio
684 673 107 23 inkommo
801 674 7 21 i
820 674 90 27 plenum.

160 729 39 21 Till
212 729 104 28 justering
331 730 107 27 upplästes
452 731 76 26 utdrag
543 737 25 15 ur
582 731 128 26 protokollet
723 731 32 22 för
765 733 83 20 senaste
858 737 53 16 sam-

93 758 116 22 manträde.

160 890 119 22 Fortsattes
301 891 152 28 behandlingen
471 892 21 22 af
506 894 152 21 sammansatta
672 894 63 20 stats-
750 893 40 22 och
805 893 106 22 ekonomi-

92 920 115 21 utskottets
230 919 132 23 betänkande
384 921 7 21 i
413 920 111 28 anledning
546 922 23 22 af
590 923 58 21 Hans
670 922 118 27 Kejserliga
802 922 109 28 Majestäts

92 949 77 27 nådiga
190 949 130 27 proposition
343 950 109 27 angående
473 952 74 26 anslag
567 951 23 21 af
607 951 191 27 bevillningsmedel
813 951 33 21 för
860 950 52 23 folk-

91 977 160 22 skoleväsendet
266 978 7 20 i
288 978 78 22 landet.

159 1035 32 21 På
214 1035 72 21 derom
309 1036 60 26 gjord
385 1036 152 27 framställning
551 1036 121 27 godkändes
687 1036 53 21 först
755 1036 115 22 utskottets
884 1036 28 28 på

91 1064 39 21 sid.
147 1066 33 25 12,
198 1064 25 22 13
239 1064 39 21 och
295 1065 25 20 15
336 1064 131 22 framställda
481 1064 78 28 förslag
574 1067 50 20 utan
640 1064 125 22 diskussion.

159 1120 136 23 Beträffande
311 1122 40 21 den
366 1122 27 27 på
408 1122 37 22 sid.
461 1123 26 21 22
503 1122 85 26 intagna
602 1122 143 21 resolutionen
760 1122 84 27 yttrade

159 1178 77 22 Pastor
251 1178 194 23 Westerlund:
476 1179 32 21 Då
529 1179 37 27 jag
587 1179 91 27 begärde
701 1179 66 26 ordet,
790 1179 66 22 hörde
876 1180 36 26 jag

92 1207 32 21 till
146 1208 43 20 min
211 1207 109 27 förvåning
343 1208 40 21 och
399 1208 36 27 jag
450 1209 34 22 må
498 1208 116 27 uppriktigt
629 1210 50 24 säga
694 1208 42 26 det,
752 1208 31 21 till
799 1208 42 22 min
856 1214 55 21 sorg,

91 1238 32 19 att
143 1238 32 20 tre
195 1237 63 21 stånd
273 1237 65 21 redan
353 1236 62 22 hafva
429 1237 63 21 fattat
507 1236 69 22 beslut
590 1237 6 21 i
612 1236 73 27 frågan
700 1237 7 21 i
723 1236 86 22 alldeles
825 1239 87 19 motsatt

91 1265 93 27 riktning
207 1267 44 19 mot
275 1265 35 21 det
329 1265 36 27 jag
387 1266 55 21 hade
461 1267 69 20 ansett
544 1266 32 20 för
592 1266 35 20 det
644 1266 65 21 bästa.
739 1266 43 21 Det
796 1272 40 20 nya
852 1266 60 21 semi-

91 1293 69 22 nariet
183 1294 38 20 har
236 1293 21 22 af
272 1294 25 21 de
313 1294 66 27 öfriga
394 1294 88 22 stånden
498 1294 67 21 blifvit
579 1294 90 21 beslutet
684 1296 32 19 att
730 1294 96 27 placeras
842 1295 12 21 å
869 1294 42 27 Ky-

93 1322 54 21 mölä
171 1322 101 26 egendom
294 1322 57 21 invid
374 1322 117 22 Sordavala
513 1323 53 21 stad.
596 1322 40 27 Jag
651 1323 38 21 har
703 1323 7 20 i
726 1323 41 21 min
783 1324 129 20 reservation

92 1351 33 21 till
139 1351 107 22 allmänna
261 1351 199 27 besvärsutskottets
476 1351 133 22 betänkande
623 1351 78 22 uttalat
716 1352 42 21 min
771 1351 54 26 åsigt
837 1351 6 22 i
854 1352 58 21 detta

92 1382 61 19 ämne
176 1380 39 21 och
238 1380 37 21 det
297 1380 67 21 skulle
380 1387 51 14 vara
444 1381 86 24 onödigt
545 1383 32 18 att
591 1382 96 25 repetera
703 1381 48 20 mitt
765 1380 56 21 förra
837 1380 75 21 andra-

92 1408 68 27 gande
182 1409 23 20 så
220 1408 85 27 mycket
319 1415 58 14 mera
392 1415 45 14 som
453 1409 35 21 det
504 1409 18 26 ej
538 1415 87 15 numera
640 1409 68 25 tjenar
722 1409 32 20 till
769 1409 73 25 något.
872 1409 40 25 Jag

91 1435 97 22 anhåller
203 1438 31 19 att
249 1437 46 20 icke
310 1436 91 21 behöfva
416 1437 87 20 besvära
518 1436 84 21 ståndet
618 1436 91 21 dermed.

160 1492 85 22 Doktor
259 1492 135 28 Lampén:
416 1492 73 21 Redan
504 1492 35 22 vid
554 1493 82 21 senaste
651 1491 101 29 landtdag
767 1492 77 27 ansågo
854 1493 57 22 stän-

92 1521 66 22 derna
181 1523 32 20 att
234 1523 32 20 ett
289 1523 64 20 annat
375 1521 132 22 seminarium
528 1521 33 22 för
578 1521 98 22 bildande
691 1521 22 22 af
726 1521 70 22 lärare
811 1521 34 22 vid
860 1521 52 22 folk-

810 1561 34 19 110
