1103 1789
827 128 54 21 1753

302 133 158 18 Presteståndet
473 135 54 16 1877.
550 135 26 16 29
588 134 91 17 oktober.

160 201 73 23 vinner
255 203 39 26 nej,
319 203 38 21 har
377 203 85 21 ståndet
481 203 97 21 omfattat
598 203 105 27 professor
718 202 114 22 Forsmans
852 205 57 19 emot

93 231 59 22 detta
166 233 93 20 moment
274 231 74 27 gjorda
362 232 129 21 reservation
506 232 48 21 med
570 231 51 22 eller
636 233 50 20 utan
701 232 94 25 ändring.

159 287 130 22 Besvarades
304 288 47 21 med
368 289 25 19 17
407 287 22 27 ja
444 288 39 21 och
500 289 24 20 15
540 287 43 28 nej;

159 345 6 21 i
181 345 51 26 följd
247 344 75 22 hvaraf
341 345 165 26 presteståndets
524 345 68 22 beslut
612 345 82 21 således
714 345 45 21 blef
772 346 32 20 att
818 344 7 21 i
841 345 68 21 denna

92 373 33 22 del
141 374 111 27 godkänna
267 373 149 22 betänkandet.

160 431 121 21 Momenten
298 432 25 19 12
339 430 39 21 och
395 431 26 21 13
436 430 121 27 godkändes
572 432 51 20 utan
640 430 124 21 diskussion.

158 487 98 21 Börande
272 487 193 28 protokollsutdrag
480 488 73 21 härom
568 487 94 22 utfärdas
677 487 32 21 till
724 487 118 27 respektive
853 487 57 21 med-

90 516 90 22 stånden
196 516 38 22 och
250 516 131 22 förbemälda
395 517 88 25 utskott,
505 517 80 21 hvilket
604 516 77 22 derhos
700 516 67 21 skulle
783 516 79 21 erinras
877 518 33 18 att

90 545 7 21 i
113 545 111 26 anledning
240 545 21 21 af
275 546 94 20 ståndets
385 545 123 21 förberörda
522 545 69 22 beslut
606 544 88 27 afdraga
706 545 77 25 90,000
794 545 59 21 mark
863 544 46 22 från

91 574 40 22 den
153 573 23 22 af
196 574 105 21 utskottet
316 574 12 21 å
343 580 47 20 pag.
407 575 26 20 27
448 574 6 20 i
470 574 144 22 betänkandet
636 576 107 24 upptagna
766 574 143 24 totalsumma,

90 603 32 21 till
137 602 85 22 hvilken
238 603 25 21 de
278 602 23 22 af
314 603 104 21 utskottet
430 603 112 21 förordade
552 602 100 27 anslagen
662 602 33 21 för
705 602 205 22 folkskoleväsendet

90 631 83 22 komme
189 634 32 18 att
236 632 75 26 belöpa
326 632 38 26 sig.

159 774 119 27 Föredrogs
294 775 148 25 lagutskottets
458 774 116 28 bordlagda
588 774 133 22 betänkande
738 774 39 21 N:o
788 775 13 19 8
816 774 7 20 i
839 773 70 22 anled-

91 803 50 27 ning
157 803 22 21 af
193 803 58 22 Hans
266 803 116 27 Kejserliga
397 803 109 27 Majestäts
526 804 76 26 nådiga
622 803 131 27 proposition
770 803 47 21 med
833 802 76 27 förslag

91 832 32 21 till
138 832 129 27 förordning,
288 832 107 27 angående
415 832 122 22 författares
558 833 38 21 och
612 832 112 22 konstnärs
739 834 44 19 rätt
798 831 32 21 till
847 831 63 21 alster

91 860 22 22 af
127 860 31 22 sin
175 861 138 21 verksamhet.

159 918 32 22 På
205 918 152 27 framställning
378 918 22 21 af
420 918 48 22 herr
484 918 120 22 talmannen
625 918 80 22 beslöts
720 920 32 20 att
767 918 143 22 betänkandet

91 946 67 22 skulle
174 947 114 27 genomgås
303 947 100 27 paragraf
416 947 32 21 för
464 947 104 27 paragraf.

159 1004 24 28 88
200 1006 10 19 1
227 1004 38 21 och
282 1005 12 20 2
310 1004 122 27 godkändes
446 1006 51 20 utan
513 1004 123 22 diskussion.

159 1062 97 21 Rörande
272 1062 12 28 $
300 1063 12 20 3
328 1064 90 24 utspann
433 1062 31 26 sig
479 1062 92 27 följande
586 1062 126 21 diskussion:

159 1118 111 22 Professor
285 1119 145 27 Forsman:
454 1118 131 22 Författares
600 1121 44 19 rätt
655 1118 31 22 till
697 1118 64 22 alster
777 1118 23 21 af
808 1118 31 22 sin
851 1118 59 22 verk-

91 1146 82 22 samhet
188 1149 24 19 är
227 1148 120 24 visserligen
363 1148 6 20 i
385 1148 65 26 några
464 1150 56 24 yttre
531 1148 132 21 hänseenden
674 1148 56 20 olika
741 1153 69 15 annan
821 1148 89 26 egande-

91 1177 50 19 rätt.
172 1176 42 21 Det
229 1177 24 19 är
267 1179 15 18 t.
299 1183 33 14 ex.
349 1176 95 27 omöjligt
466 1176 39 21 och
528 1176 65 27 ligger
615 1176 45 21 icke
675 1177 6 19 i
697 1176 76 21 sakens
787 1178 68 24 natur,
879 1178 31 18 att

92 1210 25 15 en
132 1204 111 22 författare
263 1205 66 21 skulle
351 1205 71 21 kunna
437 1207 51 23 göra
503 1205 91 27 anspråk
609 1205 27 26 på
652 1204 39 22 den
707 1204 104 27 egentliga
827 1204 84 26 andliga

92 1233 119 25 produkten
226 1233 51 21 eller
292 1234 117 26 produkten
425 1234 22 20 af
461 1233 31 21 sin
508 1234 64 21 andes
582 1233 139 26 verksamhet,
735 1232 74 27 sjelfva
818 1233 92 21 idéerna.

90 1261 68 21 Dessa
174 1264 37 18 äro
228 1262 132 26 naturligtvis
375 1262 56 26 gifna
446 1262 32 20 till
495 1262 153 21 allmänhetens
662 1268 55 20 gagn
732 1261 39 21 och
787 1264 60 24 nytta
859 1265 51 17 utan

91 1292 32 18 att
138 1289 124 22 författaren
286 1290 100 26 någonsin
409 1290 27 26 på
458 1290 47 21 dem
525 1290 41 21 kan
582 1292 52 24 göra
649 1292 64 19 annat
728 1290 97 26 anspråk,
841 1291 27 19 än
884 1290 27 24 på

91 1318 33 21 sin
139 1318 50 26 höjd
205 1319 119 26 anspråket,
341 1321 32 19 att
389 1319 35 20 det
439 1318 110 27 erkännes,
565 1321 32 19 att
609 1318 41 21 han
663 1318 38 21 har
713 1318 76 26 skapat
805 1318 52 20 dem.
879 1317 31 21 På

91 1353 81 15 samma
188 1346 31 22 vis
241 1348 26 25 gå
282 1347 61 21 dessa
357 1346 59 22 idéer
430 1349 51 18 utan
497 1348 63 25 aning
575 1346 46 22 från
637 1348 35 20 det
687 1353 39 14 ena
741 1346 72 21 landet
828 1346 32 20 till
875 1346 36 20 det

91 1375 72 21 andra.
194 1374 112 22 Tankarna
320 1376 27 25 gå
362 1375 84 25 tullfria,
463 1376 69 20 såsom
548 1381 47 15 man
611 1375 108 27 uttrycker
734 1374 38 27 sig,
788 1374 39 21 och
840 1374 35 21 det
888 1376 23 19 är

91 1403 82 21 således
196 1403 46 21 icke
264 1404 61 25 fråga
347 1410 34 14 om
403 1404 74 20 literär
496 1404 144 26 eganderätt
636 1398 12 36 i
657 1404 68 20 denna
740 1403 90 26 mening.
861 1402 50 21 Men

91 1436 76 21 genom
185 1430 236 28 boktryckerikonstens
436 1431 109 21 införande
560 1431 39 21 har
614 1431 7 21 i
637 1431 41 21 alla
690 1430 36 21 fall
736 1430 110 21 författare
857 1430 54 21 kun-

91 1462 38 18 nat
145 1458 138 22 tillförsäkras
298 1460 126 20 åtminstone
439 1460 69 25 någon
524 1459 124 26 eganderätt
663 1458 31 21 till
710 1459 47 25 den,
772 1459 24 20 så
811 1460 32 19 att
855 1460 56 24 säga,

92 1487 90 22 formela
198 1487 59 23 delen
274 1487 20 22 af
308 1487 33 22 sin
356 1488 64 21 andes
435 1488 139 26 verksamhet,
596 1487 19 21 d.
631 1493 18 16 v.
665 1493 16 15 s.
697 1487 32 21 till
745 1488 39 20 den
799 1488 56 26 yttre
870 1486 42 22 for-

91 1522 55 22 men,
163 1516 33 22 till
212 1516 72 28 sjelfva
300 1516 35 22 det
350 1516 114 28 bokalster,
480 1522 45 16 som
540 1516 41 22 han
597 1516 39 22 har
646 1516 132 27 producerat,
795 1516 38 22 och
844 1516 68 21 denna
