1103 1786
329 132 159 18 Presteståndet
500 133 54 17 1877.
578 133 23 17 31
614 133 92 17 oktober.
838 128 51 21 1811

99 200 8 22 i
121 194 55 31 Åbo,
199 202 52 19 utan
273 202 27 19 än
323 206 57 16 mera
403 200 34 22 vid
455 200 80 28 lyceum
557 201 39 21 här
614 202 7 20 i
636 200 132 28 Helsingfors
783 203 55 19 samt
853 201 68 22 seder-

99 235 59 15 mera
173 230 70 20 såsom
258 228 109 28 inspektor
382 229 31 21 för
427 229 118 27 Uleåborgs
560 230 98 20 läroverk
672 229 7 21 i
694 229 41 21 tolf
743 230 25 21 år
779 230 39 21 och
829 230 92 21 derefter

98 259 56 20 ännu
171 257 34 21 vid:
220 257 110 25 särskilda!
337 257 176 22 visitationsresor
528 258 60 21 äfven
603 258 67 21 under
681 257 40 21 den
736 258 37 26 tid,
784 264 45 15 som
840 258 22 21 af
870 264 49 20 pro-

98 288 46 19 sten
160 285 109 22 Helander
285 286 106 25 berördes,
402 286 7 20 i
419 286 97 21 afseende
530 287 13 20 &
555 287 25 20 de
591 285 219 22 nordösterbottniska
820 286 99 21 skolorna

98 313 6 22 i
119 313 83 22 tillfälle
218 315 31 20 att
264 313 111 22 reflektera
390 313 58 22 öfver
463 315 137 26 spräkfrägan
616 314 59 21 detta
685 319 41 22 nog
736 314 104 21 svärlösta
852 315 67 20 ämne.

97 342 34 22 Dä
149 342 44 27 jag,
215 341 6 21 i
245 342 66 22 likhet
334 342 49 21 mod
405 342 106 27 professor
533 343 109 26 Forsman,
658 342 108 26 erkänner,
783 344 32 19 att
830 342 38 22 allt
883 343 36 20 det

98 370 143 27 pedagogiska
265 371 8 21 i
296 371 73 26 frågan
392 377 64 20 gerna
478 371 54 21 hade
554 372 82 21 kunnat
656 371 80 21 lemnas
759 371 48 21 bort
823 377 23 15 ur
862 371 58 21 detta

97 399 98 26 föröfrigt
218 405 75 20 genom
316 399 47 22 klar
378 399 67 26 logisk
460 399 51 27 följd
526 399 109 22 utmärkta
649 399 139 24 betänkande,
804 400 67 21 måste
883 399 37 27 jag

98 428 53 22 dock
174 427 66 22 hellre
263 430 58 19 rösta
344 428 31 21 för
393 429 32 20 att
439 433 61 16 mom.
518 428 20 27 b)
554 429 34 20 må
603 427 117 22 bibehållas
735 430 27 19 än
777 430 33 19 att
825 428 36 21 det
875 427 45 22 helt

97 456 40 21 och
152 456 67 21 bållet
234 457 108 25 uteslutes,
358 456 68 21 såsom
442 457 106 26 professor
563 456 101 21 Forsman
676 456 112 27 föreslagit.
806 456 44 21 Der
860 456 60 27 ingår

96 484 106 27 nämligen
224 485 56 21 blott
299 488 32 18 ett
346 484 108 22 uttalande
470 491 34 15 om
521 485 97 21 behofvet
634 485 22 20 af
670 487 32 20 att
716 485 78 26 nådiga
808 485 112 26 kungörel-

96 519 37 16 sen
148 513 22 21 af
183 514 25 21 år
224 514 51 21 1871
295 514 66 21 måtte
376 513 122 27 upphäfvas,
514 520 46 14 men
576 513 55 22 talas
644 513 45 22 icke
697 514 65 26 några
770 514 148 21 skrämmande

97 541 38 22 ord
157 548 34 15 om
211 542 85 21 latinets
311 542 141 21 uteslutande.
484 542 42 21 Det
540 542 61 21 heter
614 542 23 26 ju
652 542 44 21 helt
711 542 55 23 kort,
782 544 47 23 ,att
843 543 76 20 under-

97 570 107 27 visningen
220 571 27 26 på
263 571 25 21 de
303 570 136 27 fullständiga
455 571 108 26 lyceernas
578 570 66 27 högre
659 571 81 21 klasser
754 570 46 22 från
816 570 38 22 och
869 571 49 21 med

99 599 39 21 den
161 598 63 22 femte
247 600 65 20 måtte
334 598 32 22 uti
388 605 25 15 en
436 599 34 21 del
492 601 82 23 ämnen,
594 599 70 21 hvilka
679 599 71 21 kunna
766 599 67 21 finnas
848 599 70 21 dertill

98 628 86 25 egnade,
209 627 146 27 obligatoriskt
377 628 107 21 meddelas
506 628 28 26 pä
556 628 36 20 det
606 628 66 21 andra
688 628 109 21 inhemska
812 627 106 27 språket".

97 655 41 27 Jag
157 658 80 19 känner
253 656 83 27 mycket
353 656 34 21 väl
402 656 71 21 hvilka
488 656 130 26 svårigheter
632 656 104 21 finnarnes
752 662 90 20 organer
856 656 62 24 hafva

97 684 34 21 vid
147 684 119 22 inlärandet
281 684 23 21 af
318 685 35 21 det
369 685 89 21 svenska
473 684 96 27 språkets
584 684 61 26 uttal,
661 684 39 22 och
713 684 37 27 jag
764 686 51 23 tror,
830 686 33 20 att
874 684 45 22 det-

97 715 32 19 tas
148 713 111 23 inlärande
279 713 46 21 icke
343 712 69 22 blefve
427 713 83 25 lättare,
526 720 34 14 om
576 719 48 15 man
640 713 47 21 ville
702 713 114 27 uppskjuta
831 713 86 21 dermed

97 740 38 23 allt
157 742 31 20 till
204 742 200 21 universitetstiden.
433 742 40 26 Jag
488 744 44 18 tror
548 742 93 24 fastmer,
657 744 31 18 att
704 742 36 20 det
754 742 89 21 sålunda
858 742 59 21 kom-

97 776 45 15 mer
164 772 32 19 att
217 770 51 22 bära
286 770 87 22 alldeles
389 770 30 21 till
435 770 53 26 fjells
506 782 23 3 —
544 770 28 26 ja,
587 770 35 27 jag
638 770 106 26 begagnar
760 770 59 21 detta
834 770 83 21 triviala

97 799 38 21 ord
158 811 24 2 —
201 798 38 28 jag
261 798 38 21 har
321 801 43 19 sett
379 798 69 22 elever
462 798 45 22 från
525 798 67 27 lyceet
610 799 3 21 i
628 798 84 27 Kuopio
728 798 39 21 och
782 799 46 21 icke
844 798 74 22 endast

97 829 48 24 sett,
167 830 51 18 utan
241 829 72 25 tyvärr
335 828 60 20 äfven
417 827 49 21 hört
486 828 53 25 dem,
555 828 50 20 hört
620 828 47 20 dem
682 827 61 21 äfven
758 827 46 21 från
820 827 97 27 prediko-

97 856 68 21 stolen
181 856 39 22 och
236 856 35 21 det
285 856 36 28 jag
335 857 67 21 måste
417 856 96 21 bekänna
529 859 31 19 att
576 856 35 22 det
627 858 24 19 är
666 856 118 25 verkeligen
800 862 26 15 en
842 856 75 27 kyrko-

97 884 113 27 förargelse
233 887 31 19 att
283 885 52 21 höra
351 891 25 15 en
392 885 101 26 predikan
510 885 78 21 utföras
604 884 22 22 af
640 891 25 14 en
680 885 66 21 sådan
762 885 6 20 i
783 884 65 21 finskt
863 885 54 20 läro-

96 913 51 21 verk
170 913 117 27 utvecklad,
311 913 47 22 med
373 915 47 19 rent
434 913 54 22 finsk
504 919 64 21 organ
584 913 84 22 talande
684 913 89 22 svenska
788 913 129 27 predikande

96 942 161 27 prestkandidät
279 943 39 21 och
337 943 36 26 jag
388 945 51 22 tror,
455 944 32 19 att
502 948 47 15 man
565 942 66 21 borde
647 942 53 21 dock
714 941 48 22 litet
776 942 94 23 besinna,
885 944 32 19 att

95 971 120 21 inlärandet
229 971 22 21 af
265 974 30 19 ett
310 971 71 27 språk,
393 977 43 14 som
453 970 41 22 alla
509 971 43 21 tala
568 971 5 21 i
589 971 72 21 landet
676 971 46 21 icke
738 971 39 21 bör
791 970 125 27 uppskjutas

96 999 71 22 alltför
194 999 67 27 länge,
284 1002 51 19 utan
358 999 63 22 också
444 1001 31 19 att
497 1000 33 21 vid
553 1000 39 21 den
608 999 109 27 praktiska
733 999 99 26 öfningen
847 999 6 20 i
870 999 47 21 dess

96 1028 137 21 användande
257 1029 6 20 i
285 1029 30 20 tal
339 1028 38 21 och
400 1028 60 21 skrift
476 1027 65 22 borde
556 1028 65 21 fästas
637 1028 46 20 litet
698 1034 58 15 mera
771 1028 103 25 afseende,
889 1029 27 19 än

97 1057 33 20 vid
153 1057 40 20 den
216 1057 59 26 eviga
298 1056 138 28 gramatiken,
455 1062 44 16 som
516 1063 28 14 nu
558 1056 36 21 vill
612 1056 92 22 behållas
720 1057 69 21 såsom
806 1056 36 21 det
856 1056 61 26 enda,

99 1085 36 21 det
151 1084 67 22 första
233 1086 38 21 och
289 1086 34 21 det
339 1085 56 21 sista.
415 1085 48 21 Med
480 1087 31 19 ett
527 1085 37 21 ord
578 1085 36 27 jag
629 1085 41 21 kan
683 1085 46 21 icke
749 1085 43 21 med
804 1085 41 28 den
860 1085 60 26 ringa

95 1113 64 27 insigt
180 1114 37 26 jag
239 1114 38 21 har
297 1115 7 20 i
319 1113 143 28 pedagogiska
476 1115 92 20 ärenden
584 1113 63 27 ogilla
662 1116 120 19 momenten
797 1113 20 26 a)
833 1113 39 21 och
887 1113 30 27 b),

95 1144 51 19 utan
168 1148 62 16 anser
251 1143 46 21 dem
321 1142 118 26 verkeligen
463 1143 75 25 bättre,
560 1144 26 19 än
609 1142 40 21 den
672 1142 22 21 af
711 1142 77 21 doktor
803 1141 114 27 Hornborg

95 1171 93 21 citerade
203 1171 170 24 formulationen,
388 1177 45 15 som
449 1171 22 21 af
485 1174 84 18 senator
584 1170 107 22 Snellman
701 1171 7 20 i
719 1171 46 20 vårt
778 1170 66 27 första
854 1170 62 21 stånd

95 1199 116 25 framlagts.
242 1200 44 20 Den
309 1200 39 26 går
370 1199 33 21 för
425 1200 82 26 mycket
529 1200 21 20 in
571 1199 7 21 i
600 1199 147 27 specialiteter,
764 1198 26 21 då
806 1198 36 21 det
856 1198 61 22 heter

97 1230 44 25 yätt
166 1228 27 26 på
218 1228 107 27 lyceernas
351 1228 55 20 båda
430 1228 68 26 lägsta
520 1228 80 21 klasser
622 1226 240 28 spräkundervisningen
881 1227 35 20 mä

95 1256 125 21 inskränkas
239 1257 74 20 endast
328 1255 32 21 till
376 1256 25 20 de
415 1255 111 22 inhemska
541 1255 89 27 språken
647 1256 37 21 och
700 1258 32 19 att
748 1255 91 21 derefter
853 1255 63 21 latin-

95 1284 108 27 läsningen
220 1285 34 20 må
269 1285 96 26 begynna
380 1285 27 26 på
422 1284 67 27 tredje
504 1284 84 21 klassen
604 1286 55 19 samt
674 1286 32 19 att
721 1284 59 21 detta
792 1283 64 26 språk
866 1283 50 21 lem-

96 1318 37 15 nas
153 1315 32 19 ett
200 1315 67 19 större
283 1316 103 23 utrymme
401 1313 28 26 på
444 1312 67 27 tredje
526 1312 39 21 och
581 1311 66 27 fjerde
662 1312 116 23 klasserna,
793 1313 31 19 att
840 1311 76 22 under-

96 1341 106 26 visningen
218 1341 6 20 i
240 1341 63 26 ryska
316 1341 87 26 språket
418 1342 34 19 mä
467 1340 133 27 framskjutas
616 1341 32 20 till
664 1341 62 20 femte
742 1339 84 22 klassen
840 1346 17 15 o.
869 1346 16 14 s.
896 1346 19 14 v.

95 1369 42 21 Det
151 1369 38 21 allt
205 1369 34 21 mä
255 1375 49 15 vara
319 1369 55 21 huru
389 1369 34 21 väl
438 1375 44 14 som
498 1369 64 20 helst:
578 1368 120 22 framhållet
714 1375 47 14 men
772 1368 144 26 speciticeradt

95 1397 39 21 hör
156 1398 39 20 här
218 1397 54 22 dock
289 1397 46 21 icke
357 1397 32 22 till
405 1398 63 20 saken
506 1397 28 21 Så
549 1397 82 26 mycket
647 1403 57 14 mera
719 1397 39 20 hör
773 1397 96 21 deremot
883 1396 33 21 till

95 1426 125 21 ständernas
243 1425 158 26 öfverläggning
422 1426 35 20 det
476 1427 31 18 att
523 1431 47 14 man
586 1425 67 20 måtte
667 1425 21 20 få
703 1425 40 20 den
758 1424 72 27 klyfta,
846 1426 23 47 g
880 1425 37 25 jag

95 1454 67 20 mäste
184 1453 6 20 i
214 1453 47 21 mitt
283 1453 94 22 innersta
399 1452 137 22 medvetande
558 1453 100 23 erkänna,
681 1454 31 19 att
728 1458 25 15 en
768 1452 67 27 klyfta
864 1456 52 17 finnes

95 1482 41 22 och
158 1481 68 22 häller
248 1482 26 26 pä
295 1483 32 20 att
349 1481 81 21 utbilda
452 1481 32 27 sig
506 1481 31 20 till
553 1481 37 21 allt
606 1482 68 20 större
688 1480 39 22 och
743 1482 68 20 större
827 1480 88 22 emellan

95 1510 48 22 värt
158 1510 55 22 folks
228 1510 63 21 finsk-
307 1510 39 22 och
361 1509 161 23 svensktalande
538 1509 65 27 delar,
619 1509 49 27 fyld.
689 1508 48 22 Men
753 1510 31 20 att
800 1508 56 22 bilda
871 1510 46 20 ute-
