1103 1803
201 139 56 21 2174
402 143 158 18 Presteståndet
572 145 53 17 1877.
643 144 22 17 17
677 145 114 16 november.

171 219 49 15 man
239 213 67 26 ansåg
319 225 28 2 —
363 213 38 20 och
422 213 35 20 det
478 213 47 21 med
547 214 56 19 rätta
619 225 32 13 —,
666 214 32 19 att
715 213 46 21 icke
776 213 60 20 detta
850 213 83 21 utskott
947 213 43 21 kan

173 243 56 20 sätta
245 241 32 26 sig
291 241 42 22 ned
348 241 69 22 såsom
440 243 31 19 ett
493 241 175 22 välfärdsutskott
683 241 38 21 och
733 241 104 22 behandla
855 241 72 28 frågor
942 242 47 21 med

172 270 97 22 afseende
291 270 12 21 ä
321 270 82 21 hvilkas
425 270 112 27 utredning
559 270 46 22 icke
628 276 36 15 ens
686 269 129 27 pästäenden
838 269 62 22 hafva
922 270 68 22 blifvit

172 299 79 27 gjorda.
271 299 42 21 För
331 301 32 19 att
381 306 26 14 en
420 299 65 21 sådan
501 299 112 27 utredning
632 299 68 21 skulle
715 299 71 21 kunna
802 299 84 22 komma
901 299 6 21 i
922 299 68 28 fråga,

172 328 69 22 blefve
257 328 35 21 det
307 328 135 26 nödvändigt,
457 331 32 18 att
504 328 104 21 utskottet
623 328 68 21 skulle
705 328 107 27 reqvirera
827 335 26 15 en
863 335 69 15 massa
942 329 48 21 med

172 357 126 26 handlingar
308 357 45 21 från
365 357 115 26 förgångna
496 357 61 21 tider.
581 357 111 21 Utskottet
706 358 65 25 ansåg
787 357 70 21 derför
868 358 47 20 med
926 359 64 24 rätta,

172 387 32 20 att
219 385 76 22 sådant
309 385 74 22 tillhör
396 386 236 26 prokuratorsembetet,
649 385 30 21 dit
695 385 133 27 kommunen,
843 386 7 21 i
866 385 37 22 fall
914 386 22 21 af
947 385 43 28 fog,

172 414 40 22 har
227 416 43 20 rätt
282 416 33 20 att
325 415 68 20 vända
405 416 36 25 sig.
469 414 54 22 Vida
546 416 67 20 större
629 414 45 21 skäl
689 414 113 22 förefinnas
825 415 33 24 då,
880 417 31 19 att
932 416 58 19 stän-

174 443 67 21 derna
263 443 68 21 skulle
355 443 89 21 omfatta
459 450 26 14 en
500 442 94 28 petition,
611 450 44 14 som
671 442 67 22 skulle
753 443 84 21 villfara
851 443 139 21 kommunens

172 472 99 26 begäran.
297 472 55 24 Men,
368 472 69 21 såsom
450 472 36 27 jag
501 472 65 21 redan
582 472 53 21 hade
651 474 50 19 äran
717 474 82 23 nämna,
810 472 39 22 har
863 472 7 21 i
885 472 106 22 utskottet

172 501 55 27 gjort
243 502 31 26 sig
289 501 40 21 den
345 500 79 27 åsigten
437 501 104 26 gällande,
557 503 32 19 att
599 501 113 21 ständerna
726 501 18 26 ej
755 501 66 21 borde
832 501 47 21 med
890 501 100 21 afseende

173 530 13 22 å
196 530 249 21 realskoleinstitutionen
456 530 6 20 i
478 530 115 21 allmänhet
608 531 62 25 ännu,
686 529 71 21 förrän
773 530 113 22 ständerna
896 530 55 27 finge
960 536 30 20 se,

172 559 103 21 huruvida
290 558 69 22 denna
374 558 118 22 institution
508 559 41 20 kan
565 561 105 19 motsvara
686 558 51 22 eller
751 559 47 21 icke
813 561 31 19 ett
859 558 70 27 behof,
944 564 46 16 som

172 588 7 22 i
194 587 73 21 landet
281 586 118 27 förefinnes,
415 588 64 26 något
494 590 57 24 göra.

240 644 84 22 Doktor
345 645 159 26 Hornborg:
534 644 66 22 Afven
615 644 36 28 jag
665 645 80 25 nödgas
760 644 94 28 afstyrka
869 645 121 21 återremiss

172 673 34 22 till
228 674 104 20 utskottet
354 674 6 20 i
383 674 36 20 det
440 673 104 25 afseende,
562 673 108 27 professor
685 674 102 21 Forsman
803 674 83 24 önskat,
902 674 88 21 emedan

170 702 37 27 jag
228 704 51 23 tror,
299 704 33 19 att
353 702 120 26 derigenom
488 702 47 21 icke
549 702 64 26 nägot
629 702 67 21 skulle
710 702 80 25 vinnas,
807 702 27 21 dä
849 702 141 27 petitionären

171 731 49 27 sjelf
237 731 46 20 icke
302 731 57 20 velat
379 730 85 21 komma
481 731 53 20 fram
549 731 48 20 med
612 731 54 21 hvad
682 731 41 21 han
739 731 6 20 i
760 731 65 21 saken
841 731 86 21 känner.

172 761 75 20 endast
267 765 75 21 genom
362 761 32 19 att
415 760 106 26 regvirera
541 760 20 21 in
577 760 42 20 alla
634 759 85 27 möjliga
733 759 132 27 handlingar,
882 766 44 15 som
941 762 50 19 röra

172 789 68 21 denna
262 788 146 27 Lindskogska
430 788 57 27 fond,
508 788 105 21 utskottet
635 788 67 21 skulle
722 788 21 22 få
761 788 64 27 något
840 788 40 27 ljus
895 789 6 20 i
918 788 72 26 saken,

172 823 61 16 anser
246 817 43 27 jag,
305 819 32 19 att
353 817 35 22 det
403 817 67 22 skulle
485 817 66 22 blifva
565 816 64 27 svärt,
646 823 33 15 om
695 817 18 28 ej
729 817 100 28 omöjligt,
842 817 33 22 för
884 817 107 22 utskottet

171 848 33 19 att
223 845 146 22 ästadkomma
389 852 26 15 en
435 846 79 21 önskad
534 846 117 27 utredning.
666 859 28 2 —
710 846 60 21 Hvad
789 846 34 21 för
839 846 63 27 öfrigt
917 847 75 26 sjelfva

171 875 65 21 saken
259 874 101 22 beträffar
383 877 45 18 tror
441 875 42 26 jag,
499 877 32 18 att
546 875 39 21 den
601 876 24 19 är
640 881 41 20 nog
696 875 67 26 enkel,
779 875 73 26 sjelfva
868 875 40 22 den
924 875 65 22 saken

171 903 112 27 nämligen,
305 905 28 26 pä
353 903 56 22 hvad
432 906 42 19 sätt
495 904 123 26 regeringen
641 903 120 27 disponerat
785 905 35 20 det
842 904 148 27 Lindskogska

172 933 101 26 anslaget.
293 933 131 26 Regeringen
440 933 140 26 disponerade
595 933 36 21 det
646 932 87 23 alldeles
746 932 27 28 pä
789 939 80 15 samma
884 935 49 24 sätt,
944 939 46 16 som

172 963 25 20 de
218 961 47 28 fyra
286 962 97 21 Bäckska
405 961 209 25 skollärarelönerna,
638 962 19 21 d.
680 969 17 14 v.
720 968 15 15 s.
752 961 108 22 minskade
875 963 37 20 sitt
926 964 64 20 stats-

171 990 74 28 anslag
266 991 48 21 med
337 990 36 22 det
395 990 82 27 belopp,
501 991 84 21 hvartill
603 992 75 20 räntan
694 991 22 21 af
729 991 26 22 de
769 991 161 27 ifrågavarande
944 991 46 21 fon-

172 1020 65 21 derna
259 1019 97 28 uppgick.
386 1020 10 21 I
417 1020 117 21 Jakobstad
549 1026 38 15 var
602 1020 35 21 det
652 1019 59 22 fallet
726 1020 48 21 med
791 1021 39 20 den
842 1020 149 26 Lindskogska

171 1049 78 21 fonden
271 1049 38 21 och
330 1049 6 21 i
354 1049 91 25 Ekenäs,
461 1049 89 27 Kajana,
566 1049 107 26 Skarpans
688 1049 38 21 och
742 1049 143 22 Tammerfors
900 1050 47 20 med
963 1049 27 21 de

170 1077 99 21 Bäckska
290 1077 108 25 fonderna,
419 1079 32 19 att
472 1078 25 20 de
516 1077 107 21 användes
638 1078 31 20 till
685 1078 124 26 lönebidrag
824 1078 32 21 för
871 1084 26 14 en
912 1079 77 25 lärare,

172 1106 39 21 och
233 1108 33 19 att
289 1107 75 20 sädant
386 1106 77 21 skedde
486 1106 33 22 för
542 1107 64 26 nägra
629 1106 111 21 decennier
761 1106 89 22 tillbaka
868 1107 60 20 torde
943 1106 46 21 icke

171 1135 85 26 påkalla
271 1134 69 27 någon
356 1135 89 21 särskild
461 1135 75 27 åtgärd
552 1136 22 20 af
587 1135 114 21 ständerna
716 1136 33 20 vid
767 1136 53 20 1877
835 1135 34 21 års
881 1135 107 27 landtdag.

170 1164 43 21 För
229 1163 64 26 öfrigt
305 1164 38 20 har
356 1164 110 25 utskottet,
477 1164 70 21 säsom
555 1164 37 26 jag
602 1164 63 21 redan
677 1164 54 21 hade
742 1166 51 19 äran
803 1166 85 23 nämna,
898 1164 92 26 grundat

171 1192 37 21 sitt
230 1192 135 26 afstyrkande
387 1192 130 22 beträffande
539 1192 145 21 realskolorna
708 1193 71 26 derpä,
795 1195 32 19 att
842 1193 60 21 dessa
917 1193 73 21 skolor

171 1220 47 22 icke
239 1223 36 19 äro
295 1221 111 26 populära,
427 1223 32 19 att
480 1221 25 21 de
520 1221 46 21 icke
581 1221 21 21 fä
617 1221 75 21 elever.
708 1233 27 3 —
751 1221 60 21 Hvad
828 1221 46 21 äter
888 1220 102 22 beträffar

171 1255 25 15 en
212 1250 51 20 ärad
282 1250 79 20 talares
375 1249 138 26 godhetsfullt
527 1250 57 25 gifna
599 1249 147 27 handledning,
762 1250 55 20 huru
832 1250 106 21 allmänna
954 1249 36 21 be-

171 1278 164 21 svärsutskottet
351 1278 66 20 borde
432 1284 119 19 resonnera,
562 1278 33 21 för
605 1280 31 19 att
648 1278 35 21 det
698 1278 67 21 skulle
782 1284 51 15 vara
848 1278 78 26 rimligt
938 1278 52 22 eller

170 1306 111 26 förnuftigt
302 1307 143 26 resonneradt,
466 1313 61 15 anser
540 1306 37 27 jag
592 1307 75 21 sådant
688 1306 46 22 icke
757 1306 90 27 förtjena
866 1306 64 27 något
951 1307 39 21 be-

170 1335 105 21 mötande.

239 1390 111 22 Professor
365 1390 89 22 Cleve:
474 1390 43 21 För
529 1390 42 22 min
585 1390 32 21 del
631 1390 34 21 vill
676 1390 36 27 jag
724 1390 45 21 icke
782 1390 112 28 uppehälla
904 1391 86 21 ständet

170 1419 49 22 med
233 1419 99 27 yttrande
352 1419 7 21 i
381 1419 72 26 saken,
469 1426 44 14 som
527 1420 36 25 jag
578 1419 67 21 mäste
660 1426 50 14 anse
725 1420 65 20 redan
806 1420 55 25 ligga
876 1422 59 19 utom
950 1420 40 21 allt

171 1449 78 20 tvifvel.
279 1449 40 25 Jag
335 1450 45 19 tror
395 1448 38 21 och
449 1449 81 26 hoppas
545 1447 111 28 nämligen,
671 1450 33 19 att
718 1448 84 21 ständet
818 1448 100 27 enhälligt
934 1448 54 22 skall

170 1477 73 21 bifalla
258 1477 31 21 till
306 1477 54 21 hvad
376 1477 106 21 allmänna
498 1477 190 21 besvärsutskottet
703 1477 109 26 föreslagit
827 1477 67 22 under
910 1477 40 21 litt.
964 1477 23 28 b)

171 1505 108 27 angående
301 1506 120 21 inrättande
442 1505 22 22 af
485 1512 25 14 en
532 1505 151 22 industriskola
698 1506 7 21 i
719 1505 149 22 Tammerfors.
897 1505 40 28 Jag
952 1506 36 21 vill

172 1535 70 21 derför
263 1535 45 21 icke
324 1535 73 21 härom
412 1536 57 25 yttra
484 1535 70 26 nägot,
570 1537 51 18 utan
637 1534 61 21 utber
710 1534 37 27 jag
761 1535 42 26 mig
819 1535 74 21 endast
908 1537 32 19 att
955 1535 33 21 till
