1103 1792
317 132 160 18 Presteståndet
489 133 54 18 1877.
568 134 21 18 15
601 134 116 17 november.
838 128 62 23 2125

113 202 45 25 dor,
182 207 44 15 som
249 201 36 21 det
307 201 102 22 samhälle
432 202 67 21 mäste
513 202 58 27 bära,
587 202 7 21 i
610 202 81 21 hvilket
706 202 95 21 bankens
815 203 77 20 kontor
907 204 24 19 är

112 230 117 26 placeradt.
259 230 102 21 Finlands
382 230 57 21 bank
461 230 39 22 har
521 231 40 27 väl,
584 237 34 15 om
640 230 74 27 nägon,
737 231 38 21 räd
791 232 32 20 att
838 231 52 21 bära
905 230 26 22 de

112 258 137 22 kommunala
271 258 111 26 bördorna,
403 259 39 21 och
461 259 27 21 då
509 260 39 20 den
564 259 38 21 har
617 259 38 21 råd
670 259 78 27 dertill,
764 260 69 20 skulle
845 260 37 26 jag
897 258 34 22 för

113 287 43 20 min
180 287 40 26 del,
243 293 35 15 om
297 288 38 26 jag
358 287 64 21 ocksä
442 288 19 26 ej
476 287 37 22 vill
528 288 97 27 begagna
639 287 43 27 mig
697 287 24 21 af
734 288 49 21 herr
797 288 133 27 Lagerborgs

112 316 91 26 uttryck,
219 317 32 19 att
267 316 34 21 det
317 316 18 26 ej
352 318 25 18 är
392 316 88 27 värdigt,
496 316 68 28 tycka,
584 318 32 19 att
632 316 35 21 det
682 322 50 15 vore
747 323 57 15 mera
820 316 110 27 passande,

112 346 33 19 att
165 344 102 21 Finlands
287 344 57 22 bank
359 345 46 20 icke
420 345 149 27 undandrager
585 345 38 27 sig,
639 346 25 19 än
680 346 32 20 att
728 345 39 21 den
783 345 148 27 undandrager

111 372 34 27 sig
160 372 66 22 under
241 373 56 27 skylt
312 373 24 21 af
350 375 32 19 att
397 379 50 15 vara
463 380 25 15 en
504 373 178 26 statsinrättning.

181 430 110 22 Professor
305 430 146 22 Forsman:
481 431 56 21 Herr
551 430 121 28 Lagerborg
688 430 39 22 och
742 431 73 21 rektor
830 430 101 22 Kihlman

111 458 45 21 tala
179 464 33 16 om
235 459 25 21 de
283 461 58 19 stora
363 459 112 26 förmäner,
499 466 45 15 som
566 459 102 21 Finlands
688 460 56 20 bank
759 460 93 26 ätnjuter
867 459 24 21 af
905 460 26 21 de

112 487 133 26 kommuner,
260 487 84 22 hvilkas
359 490 68 24 gator,
442 488 140 27 gatulysning,
599 488 116 22 domstolar
730 488 39 21 och
783 490 64 19 annat
858 488 73 22 vidare

112 516 101 22 Finlands
235 517 57 20 bank
312 517 33 21 för
367 516 32 22 sin
422 517 79 21 rörelse
523 517 113 27 begagnar.
666 517 41 27 Jag
722 517 69 21 skulle
805 517 50 27 vilja
871 516 59 28 fräga

111 551 42 20 om,
176 545 7 21 i
206 545 38 21 fall
264 545 33 21 till
313 547 62 19 dessa
389 546 124 21 kommuner
528 546 79 21 stäldes
623 545 144 27 alternativen,
783 546 99 26 antingen
898 548 33 20 att

112 574 90 22 bekosta
216 574 39 21 allt
270 574 60 22 detta
344 574 73 27 gratis,
433 575 52 21 eller
499 577 33 19 att
541 575 101 21 Finlands
652 574 56 22 bank
718 574 72 28 flyttar
801 575 32 21 sin
843 575 87 25 rörelse,

112 603 38 21 sitt
172 603 159 21 hufvudkontor
351 603 40 21 och
412 604 46 21 sina
473 604 68 27 öfriga
555 604 78 21 kontor
648 604 34 20 till
697 610 25 15 en
738 610 69 14 annan
822 604 108 25 kommun,

113 632 36 21 det
168 632 69 21 skulle
255 638 37 15 ens
313 638 50 15 vara
378 633 65 26 nägot
458 632 74 22 tvifvel
546 632 160 25 underkastadt,
722 632 55 22 hvad
793 633 26 20 de
834 633 96 21 kommu-

113 666 44 21 ner,
180 667 45 15 som
248 667 28 15 nu
299 660 82 27 ätnjuta
402 662 40 20 den
457 661 132 27 sannerligen
605 661 81 28 ganska
700 664 58 18 stora
773 661 109 22 förmänen
898 664 32 19 att

112 689 65 21 hafva
199 689 137 21 bankrörelse
360 690 56 21 inom
440 690 45 20 sina
508 693 79 24 portar,
611 690 68 21 skulle
699 696 68 15 svara.
797 690 42 21 Det
857 692 24 19 är
902 696 28 15 nu

111 718 90 21 alldeles
220 718 47 21 icke
283 718 67 25 fallet,
365 721 31 19 att
411 719 100 21 Finlands
527 719 56 21 bank
599 718 68 22 skulle
682 725 50 14 vara
748 724 25 16 en
789 719 65 21 sädan
869 719 61 21 insti-

112 747 76 26 tution,
210 752 45 16 som
276 746 88 28 äsyftar,
393 747 89 21 likasom
497 747 84 27 privata
595 748 85 25 banker,
697 754 26 14 en
738 747 191 28 penningerörelse,

113 776 82 21 drifven
218 775 33 21 för
273 776 67 21 vinsts
363 776 62 21 skull.
455 776 44 21 Den
521 778 24 19 är
566 778 91 20 tvärtom
679 776 87 20 alldeles
781 776 107 21 bestämdt
904 783 26 14 en

112 804 96 22 national
222 804 129 26 institution,
367 804 39 22 och
423 804 38 21 den
477 805 62 25 vinst,
551 811 45 15 som
606 804 102 27 härflyter
718 804 24 21 af
751 804 101 22 Finlands
863 805 67 21 banks

112 833 85 26 rörelse,
221 832 95 22 tillfaller
338 834 7 20 i
367 833 74 27 sjelfva
460 834 74 20 verket
549 834 43 21 alla
612 834 124 20 kommuner
750 834 67 20 under
829 840 63 14 namn
908 833 24 21 af

112 862 120 26 bankvinst,
247 868 34 15 om
296 862 64 21 hvars
375 862 126 26 disposition
517 862 118 22 Ständerna
650 862 61 21 äfven
728 862 34 21 vid
778 863 68 20 denna
862 862 68 21 landt-

112 891 42 26 dag
168 889 48 22 haft
230 892 33 19 att
277 892 58 25 göra.
365 891 42 20 Det
423 892 23 19 är
461 891 68 21 denna
545 891 123 27 disposition
684 890 23 21 af
721 891 147 25 bankvinsten,
884 897 46 15 som

112 919 94 21 fördelas
225 919 68 26 jemnt
315 919 28 27 pä
363 919 79 25 landet,
465 919 27 26 pä
514 919 42 22 alla
578 921 123 20 kommuner
716 919 32 21 till
763 921 31 19 ett
809 919 33 21 för
857 919 72 21 landet

111 948 90 21 allmänt
219 947 71 22 behof.
320 948 42 21 Det
384 950 24 18 är
423 948 68 21 denna
506 948 125 27 disposition
647 948 22 20 af
682 947 147 27 bankvinsten,
845 954 44 15 som
906 950 24 19 är

111 977 41 20 den
175 976 88 27 viktiga,
286 977 40 20 och
349 977 36 20 det
407 978 25 19 är
451 977 18 26 ej
493 976 65 28 fråga,
582 983 33 14 om
632 976 81 21 banken
730 977 27 20 dä
772 977 99 26 möjligen
887 977 42 20 kan

112 1005 63 21 hafva
197 1004 38 21 räd
258 1008 32 18 att
312 1005 72 21 betala
406 1005 136 22 kommunala
564 1005 110 27 utskylder
694 1005 52 21 eller
766 1005 53 21 icke.
849 1005 42 21 Det
906 1007 24 19 är

111 1033 116 27 ingalunda
249 1033 66 26 fallet,
338 1035 32 19 att
385 1034 152 21 kommunerna
552 1034 7 21 i
574 1033 99 22 afseende
689 1033 12 21 ä
716 1034 47 21 sina
777 1034 117 21 inkomster
910 1033 18 27 ej

111 1062 70 21 skulle
199 1061 63 22 hafva
283 1063 68 26 nägon
367 1062 81 21 förmän
464 1063 61 20 äfven
541 1062 24 21 af
579 1063 203 26 bankinrättningar.
815 1063 47 20 Alla
877 1063 53 20 ban-

112 1091 52 21 kens
185 1091 126 26 tjenstemän
334 1091 71 21 betala
419 1091 8 20 i
442 1091 39 21 och
496 1091 33 22 för
545 1091 25 21 de
585 1091 117 26 aflöningar
718 1091 24 20 de
757 1091 96 26 uppbära
867 1090 63 28 afgift

112 1120 33 21 till
161 1119 39 22 den
216 1120 107 25 kommun,
339 1120 37 21 der
391 1119 94 22 bankens
500 1120 79 21 rörelse
594 1119 72 22 finnes.
690 1120 86 21 Säledes
787 1120 38 21 har
837 1119 8 21 i
855 1119 75 27 sjelfva

111 1148 75 21 verket
201 1148 126 23 kommunen
343 1148 68 21 fördel
427 1149 59 21 äfven
502 1149 7 21 i
525 1149 31 21 sin
572 1149 136 27 beskattning
723 1149 23 20 af
760 1149 89 20 banken.
880 1148 50 22 Men

111 1179 33 19 att
158 1177 75 27 päföra
249 1185 26 13 en
290 1177 136 27 beskattning
441 1178 74 26 sjelfva
529 1177 151 22 bankrörelsen
694 1178 18 21 d.
724 1184 19 15 v.
755 1183 16 15 s.
781 1177 147 26 bankvinsten,

111 1212 46 15 som
178 1207 24 20 är
224 1207 39 20 den
279 1206 108 21 nationela
401 1207 89 24 vinsten,
505 1206 68 21 skulle
586 1206 37 27 jag
638 1212 50 16 anse
703 1213 50 14 vara
768 1208 47 19 rent
831 1206 23 21 af
867 1206 63 21 orim-

112 1235 45 27 ligt.
187 1235 140 27 Helsingfors
348 1235 101 21 kommun
467 1235 70 21 kunde
550 1236 23 25 ju
589 1235 95 21 debitera
698 1235 136 21 kommunala
849 1235 81 27 utskyl-

112 1264 38 21 der
169 1266 15 19 t.
207 1271 32 14 ex.
261 1264 155 21 statskontoret
438 1264 32 21 för
492 1264 43 21 alla
559 1264 25 21 de
600 1269 99 20 summor,
715 1270 44 15 som
775 1264 7 20 i
798 1263 131 22 statskassan

112 1291 74 28 inflyta
208 1292 45 21 frän
275 1292 50 21 hela
347 1292 79 25 landet,
445 1293 87 20 emedan
547 1292 155 21 statskontoret
717 1292 66 21 mäste
798 1291 68 22 finnas
881 1293 6 20 i
904 1298 25 15 en

111 1321 107 26 kommun,
238 1322 19 21 d.
279 1327 19 15 v.
313 1327 17 15 s.
345 1321 8 20 i
368 1321 166 26 hufvudstaden;
549 1321 28 27 pä
592 1327 80 15 samma
688 1323 43 19 sätt
746 1321 69 21 kunde
831 1321 99 27 Helsing-

112 1349 50 22 fors'
185 1351 101 20 kommun
307 1349 96 22 debitera
422 1350 123 26 postverket
565 1350 78 26 derför,
659 1352 32 19 att
706 1350 40 20 den
761 1350 64 26 plats,
841 1350 31 21 dit
887 1350 43 20 alla

110 1379 135 25 postverkets
260 1379 118 20 inkomster
392 1379 80 26 inflyta,
488 1378 85 22 befinna
588 1379 33 26 sig
635 1379 57 20 inom
707 1378 143 27 Helsingfors;
862 1378 68 21 likasä

111 1407 71 21 kunna
205 1406 140 27 Helsingfors"
367 1407 160 21 stadskommun
543 1407 88 27 tillgodo
647 1409 51 24 göra
713 1407 32 26 sig
760 1407 33 20 för
809 1407 46 21 sina
870 1407 59 21 kom-

110 1435 86 20 munala
218 1435 110 26 utskylder
350 1435 35 21 för
403 1435 42 20 alla
457 1435 127 26 jernvägens
600 1435 123 20 inkomster.
752 1435 42 26 Jag
809 1435 121 20 föreställer

111 1464 49 26 mig,
183 1465 32 19 att
238 1463 139 26 Helsingfors”
397 1463 160 21 stadskommun
575 1463 70 21 kunde
660 1465 51 24 göra
726 1463 33 26 sig
773 1463 82 26 ganska
870 1465 60 19 nätta

111 1492 123 26 inkomster,
251 1491 38 22 och
305 1498 34 15 om
355 1491 62 22 äfven
433 1491 47 22 dess
496 1491 88 28 utgifter
599 1493 36 20 äro
651 1498 93 19 enorma,
755 1492 61 21 torde
829 1491 36 21 det
876 1491 54 22 dock

111 1521 19 28 ej
153 1527 51 16 vara
226 1521 135 28 tillständigt,
381 1523 32 19 att
435 1521 60 20 dessa
512 1521 63 27 fyllas
587 1520 77 29 perfas
678 1522 21 19 et
712 1520 70 27 mefas.
813 1521 41 27 Jag
869 1526 61 16 anser
