1103 1786
219 124 54 21 1962
405 129 158 18 Presteståndet
576 130 53 17 1877.
653 129 13 17 8
677 129 115 17 november.

190 203 33 16 om
245 197 130 26 gesällbetyg
398 197 38 21 och
455 197 151 22 mästareberef
627 197 32 22 för
679 197 47 21 dem
741 197 140 26 naturligtvis,
896 203 45 15 som
956 203 51 15 anse

191 225 35 22 det
241 232 51 15 vara
306 225 22 22 af
341 225 68 21 nöden
426 225 38 22 och
479 232 51 15 anse
544 226 32 27 sig
591 226 61 21 hafva
667 232 25 15 en
708 225 113 22 befordran
837 225 127 27 derigenom,
976 228 31 19 att

190 254 26 21 de
235 253 62 22 hafva
312 256 31 19 ett
357 255 76 20 sådant
444 255 58 26 intyg
517 254 57 22 öfver
589 255 32 20 sin
636 254 131 27 skicklighet.
797 254 72 21 Tänka
884 255 20 20 vi
920 260 40 19 oss,
976 257 31 18 att

191 283 78 21 sådana
288 283 120 25 föreningar
426 283 26 25 på
468 283 70 21 landet
554 289 48 15 vore
618 283 53 21 både
687 283 98 25 tillåtliga
799 283 40 21 och
853 283 116 26 gagneliga,
984 283 24 21 så

189 312 67 20 måste
269 311 36 27 jag
320 311 65 26 draga
400 312 6 20 i
421 310 70 22 tvifvel
507 311 27 27 på
549 312 35 21 det
599 311 75 27 högsta
685 312 58 20 detta
753 311 121 26 påstående.
893 311 32 21 En
936 311 71 27 yrkes-

189 339 94 27 förening
298 340 28 26 på
340 339 71 21 landet
426 339 41 21 kan
483 346 51 15 vara
548 340 24 21 så
586 340 60 26 ringa
661 340 48 20 med
724 340 80 26 hänsyn
820 339 31 21 till
867 340 40 21 den
922 340 64 26 insigt
1001 341 5 20 i

189 368 231 27 yrkesverksamheten,
448 374 45 15 som
520 368 7 21 i
552 369 68 20 denna
648 368 95 27 förening
769 368 73 24 finnes,
870 371 32 18 att
930 370 31 18 ett
986 368 23 21 af

191 396 120 22 densamma
322 392 12 36 =
341 396 107 22 utfärdadt
475 396 139 22 mästarebref
641 397 51 21 eller
719 396 130 28 gesällbetyg
875 396 132 27 sannerligen

189 424 45 22 icke
250 426 87 26 betyder
351 426 70 26 något.
451 425 40 26 Jag
506 428 45 19 tror
566 426 89 25 derföre,
671 427 31 19 att
717 426 174 26 borgareståndet
906 425 39 22 har
956 426 51 26 god-

189 453 51 22 känt
261 454 69 21 denna
351 454 100 26 paragraf
470 454 21 21 af
510 454 39 22 den
570 454 69 24 orsak,
659 456 32 19 att
707 454 35 21 det
757 454 46 22 icke
819 454 47 21 ville
881 460 23 16 se
920 456 30 19 ett
965 454 41 21 till-

188 482 138 26 bakagående
341 483 6 20 i
362 483 229 26 yrkesverksamheten.
620 482 41 28 Jag
676 483 107 26 begagnar
798 485 31 19 ett
844 483 100 27 exempel,
960 488 46 16 som

189 512 24 20 är
235 510 78 23 bekant
334 511 33 21 för
389 517 34 15 oss
439 511 85 22 enhvar:
541 518 33 14 om
589 512 73 26 hvarje
677 511 99 22 klockare
792 512 51 26 egde
859 512 101 26 rättighet
975 514 32 19 att

189 540 55 26 gifva
259 540 63 27 betyg
337 539 59 22 öfver
411 540 125 27 skicklighet
550 540 6 20 i
572 540 125 27 kyrkosång,
713 540 69 21 blefve
798 540 35 21 det
843 540 58 21 svårt
911 542 32 19 att
954 546 53 21 upp-

189 571 56 18 rätta
261 571 30 19 ett
306 568 183 27 klockareförslag.
520 569 87 21 Derföre
623 569 61 21 hafva
699 569 60 21 äfven
774 569 174 27 stiftstyrelserna
958 570 49 20 sökt

188 597 139 21 koncentrera
347 597 128 25 rättigheten
496 599 32 19 att
549 597 55 26 gifva
625 597 69 27 betyg.
726 598 41 20 Det
790 597 66 21 blefve
878 598 88 25 ungefär
980 604 26 14 en

188 624 43 22 lika
254 624 56 27 dålig
331 625 39 21 och
394 624 43 22 lika
456 625 82 27 skadlig
553 625 113 21 villervalla
682 626 49 25 utaf,
748 632 33 14 om
797 625 210 27 yrkesföreningarna

189 654 27 26 på
231 653 72 22 landet
317 654 161 26 legitimerades.
510 654 62 21 Emot
588 654 53 21 hvad
658 654 38 20 här
711 654 6 20 i
733 654 116 21 allmänhet
864 654 67 20 blifvit
946 654 60 24 sagdt

189 688 33 15 om
244 682 193 26 yrkesföreningars
460 682 147 21 anbefallande
628 682 7 21 i
653 683 46 20 stad
715 682 93 22 särdeles
824 682 21 21 af
858 682 74 21 rektor
946 682 60 22 Kihl-

188 716 55 19 man,
259 710 68 21 skulle
339 710 38 27 jag
391 713 58 18 utom
464 710 42 21 alla
522 710 65 22 andra
602 711 185 26 omständigheter,
804 710 32 22 för
847 711 69 21 hvilka
926 711 81 21 sådana

189 739 119 27 föreningar
323 740 66 20 måste
405 745 49 15 vara
470 739 30 21 till
516 745 60 21 gagn,
592 740 121 26 isynnerhet
722 739 111 22 framhålla
844 740 25 21 de
879 740 51 21 sista
941 740 65 21 orden

188 768 7 20 i
217 768 11 20 2
244 774 70 18 mom.,
329 767 103 26 nämligen
448 770 31 18 att
494 768 80 21 sådana
588 768 119 26 föreningar
722 768 60 21 skola
797 768 133 28 ,isynnerhet
945 768 61 22 hafva

188 796 70 27 tillsyn
274 798 13 20 å
302 796 138 27 lärlingarnes
456 796 38 22 och
510 797 66 21 andra
591 797 33 21 vid
640 797 163 27 näringsyrkena
813 797 122 27 sysselsatte
946 798 60 20 arbe-

188 827 57 19 tares
268 826 153 25 undervisning,
438 824 51 22 vård
504 826 39 20 och
556 825 77 27 fogliga
648 825 146 27 behandling."
826 825 39 27 Jag
880 828 34 20 vet
930 826 55 22 hvad
999 826 7 21 i

188 854 84 26 Kuopio
293 854 47 22 stad
360 854 39 21 har
419 854 67 21 blifvit
506 854 104 22 uträttadt
628 854 45 27 just
688 860 75 20 genom
779 856 101 20 mästares
895 856 111 20 samstäm-

188 882 80 27 mighet
290 882 32 21 uti
342 885 33 18 att
395 883 55 20 vaka
472 882 58 21 öfver
551 883 136 26 lärlingarnes
709 883 98 21 hällande
827 883 6 20 i
855 884 151 25 söndagsskola

189 917 18 15 0.
228 917 16 14 s.
266 917 18 14 v.
315 911 78 21 Derför
414 911 66 21 måste
500 911 36 26 jag
559 911 104 26 vidblifva,
679 913 32 19 att
727 912 36 20 det
778 913 24 19 är
817 913 48 24 rätt,
880 914 32 19 att
927 912 79 21 sådana

188 939 120 27 föreningar
322 939 7 21 i
344 939 69 22 denna
428 940 99 26 paragraf
540 942 37 19 äro
593 939 119 22 anbefallda
727 942 32 19 att
774 940 89 21 inrättas
878 941 6 20 i
900 941 104 26 städerna,

188 974 48 15 men
252 971 33 18 att
300 974 33 15 om
350 968 61 21 deras
425 967 139 28 legitimering
579 969 27 27 pä
621 969 72 20 landet
707 969 108 26 ingenting
830 970 24 19 är
869 969 68 26 sagdt.
966 969 39 27 Jag

188 998 70 20 röstar
279 997 82 21 derföre
382 997 32 20 för
428 997 136 26 paragrafens
580 997 117 26 antagande
713 997 65 26 enligt
792 997 115 22 utskottets
922 997 83 28 förslag.

256 1053 90 22 Prosten
361 1053 88 27 Hjelt:
480 1054 49 22 Man
545 1054 39 22 har
600 1056 73 25 yttrat,
689 1056 31 19 att
736 1055 54 20 hvad
805 1055 6 20 i
827 1055 68 22 denna
910 1054 99 28 paragraf

189 1083 84 26 stadgas
296 1082 67 21 skulle
385 1089 50 15 vara
457 1084 64 25 nägot
542 1083 86 22 alldeles
646 1085 53 26 nytt,
721 1090 47 15 men
791 1083 36 22 det
842 1085 24 20 är
880 1083 46 22 icke
941 1083 66 23 fallet,

188 1113 51 20 utan
255 1111 35 21 det
306 1111 139 22 förekommer
460 1112 115 26 ordagrant
590 1112 6 21 i
612 1112 40 21 den
667 1113 26 20 27
710 1113 46 26 $:en
773 1113 21 20 af
804 1112 203 27 näringsförfattnin-

188 1145 39 20 gen
248 1140 23 21 af
292 1140 40 21 den
353 1141 26 20 27
403 1140 101 21 Februari
528 1141 60 22 1868.
619 1141 40 26 Jag
681 1143 24 18 är
729 1141 120 26 visserligen
873 1141 45 22 icke
938 1142 69 24 nägon

188 1168 83 21 älskare
290 1169 22 20 af
327 1169 60 20 dessa
401 1169 189 26 yrkesföreningar,
606 1176 46 14 men
668 1170 27 20 dä
711 1170 26 20 de
752 1172 37 19 äro
805 1171 70 25 nägot,
890 1177 45 15 som
951 1170 56 21 förut

187 1195 39 22 har
247 1196 78 22 funnits
348 1197 37 21 och
409 1203 48 15 man
475 1197 46 21 icke
536 1198 26 26 pä
578 1198 64 26 nägot
656 1200 43 18 sätt
714 1198 81 21 kunnat
810 1198 43 21 visa
869 1198 61 22 deras
945 1198 61 22 skad-

188 1224 72 28 lighet,
282 1225 35 21 vill
337 1225 37 27 jag
397 1225 82 22 biträda
494 1225 242 27 utskottsbetänkandet,
753 1226 68 21 sävidt
837 1227 34 21 det
886 1228 35 20 rör
938 1227 69 22 denna

187 1253 105 28 paragraf,
307 1261 47 14 men
370 1254 45 21 icke
431 1255 25 20 de
471 1254 7 21 i
494 1255 24 20 de
534 1255 91 26 följande
640 1255 149 26 paragraferna
804 1255 103 27 ingäende
917 1256 90 21 bestäm-

187 1288 107 21 ningarna.

255 1338 110 21 Professor
387 1339 121 20 Donner:
539 1339 48 21 Man
607 1340 39 20 har
661 1342 53 23 sagt,
730 1341 33 19 att
777 1340 62 21 dessa
852 1340 154 27 yrkesförenin-

186 1372 38 21 gar
239 1366 100 21 innebära
354 1367 65 25 nägot
433 1367 59 26 godt,
503 1367 88 21 emedan
602 1368 32 23 de,
646 1373 44 15 som
701 1367 42 22 alla
753 1368 157 26 associationer,
922 1368 83 21 komma

187 1396 32 20 att
234 1394 99 22 befordra
347 1395 100 26 näringar
464 1395 38 21 och
519 1395 114 22 industrier
648 1395 39 22 och
703 1402 48 15 man
767 1396 38 21 har
815 1396 61 22 äfven
886 1396 76 27 anfört,
974 1399 32 19 att

187 1423 32 26 de,
234 1424 70 21 säsom
320 1429 24 15 en
361 1423 113 28 öfvergäng
488 1424 46 21 frän
550 1424 76 22 skräen
641 1424 31 21 till
689 1431 26 15 en
729 1426 57 20 ännu
796 1425 63 22 friare
871 1426 134 27 gestaltning,

186 1458 50 15 vore
251 1452 178 27 ändamålsenliga
444 1453 38 21 och
498 1454 87 26 nyttiga.
614 1453 41 26 Jag
670 1453 35 21 vill
719 1454 47 21 icke
781 1454 66 21 tilltro
859 1455 41 26 mig
910 1455 95 27 förmåga

187 1483 31 19 att
238 1481 79 26 afgöra,
333 1481 103 21 huruvida
451 1481 139 27 öfvergången
606 1482 6 20 i
628 1483 68 20 denna
707 1483 54 21 form
777 1485 24 19 är
816 1483 125 27 nödvändig,
957 1490 47 15 men

187 1515 33 15 om
236 1510 23 20 så
274 1512 30 24 är,
320 1515 61 21 synes
397 1509 36 21 det
448 1510 41 26 mig
504 1510 64 22 likväl
583 1516 50 16 vara
648 1517 26 15 en
690 1511 71 21 alltför
776 1513 45 20 stor
836 1511 169 28 inskränkning
992 1505 16 38 i
