1109 1792
212 145 56 20 2132
396 148 160 18 Presteståndet
569 149 54 17 1877.
647 149 23 16 15
681 148 115 16 november.

252 218 90 21 Prosten
363 216 89 28 Hjelt:
482 216 11 21 I
507 217 24 21 så
545 216 37 21 fall
596 218 24 19 är
636 216 127 21 åtminstone
779 216 37 21 det
830 214 50 22 felet
894 214 111 26 begånget,

184 248 33 20 att
230 245 190 22 bankdirektionen
435 245 18 27 ej
469 244 39 22 har
523 246 69 26 någon
607 244 66 22 sådan
688 243 126 28 skyldighet,
830 245 52 19 utan
897 242 109 22 ordföran-

184 276 41 20 den
240 274 6 21 i
262 274 90 22 banken.

253 331 83 21 Doktor
364 330 149 27 Hornborg
533 330 97 26 föreslog,
654 331 33 19 att
708 329 126 27 paragrafen
855 328 69 21 skulle
946 328 60 27 lyda:

186 359 205 26 Bankfullmäktige
407 359 52 20 böra
475 358 113 21 öfvervaka
603 357 41 22 den
659 357 7 21 i
682 357 12 27 $
711 359 39 20 112
766 357 31 22 uti
812 356 195 27 bankreglementet

186 388 138 22 omförmälda
339 387 115 27 månatliga
468 387 144 26 inventering"
629 392 19 15 o.
663 392 16 15 s.
695 393 19 14 v.

254 445 60 21 Efter
336 444 91 22 afslutad
448 444 108 21 förklarad
571 443 119 22 diskussion
704 443 135 21 framstäldes
853 442 92 27 följande
960 449 48 20 pro-

184 473 101 28 position:

254 531 128 21 Godkännes
404 530 7 21 i
429 530 59 26 fråga
503 530 92 21 varande
610 535 62 15 mom.
689 529 22 27 d)
727 528 137 22 oförändradt
880 528 51 22 eller
945 527 63 22 icke?

186 560 80 21 Vinner
280 559 40 28 nej,
336 559 39 22 har
390 559 85 22 ståndet
490 559 86 21 beslutit
592 557 64 23 sådan
668 558 89 27 ändring
771 557 3 22 i
785 559 121 25 momentet,
916 559 34 20 att
960 557 48 21 dess

187 589 75 27 början
283 588 69 22 skulle
374 588 49 27 lyda
443 605 9 8 ,
457 587 194 27 Bankfullmäktige
666 587 52 21 böra
733 586 113 21 öfvervaka
861 587 40 21 den
916 587 7 20 i
939 586 12 27 $
968 586 40 21 112

187 618 32 21 uti
233 617 195 27 bankreglementet
444 616 138 22 omförmälda
597 615 115 28 månatliga
726 615 150 28 inventering".

254 669 132 22 Besvarades
401 669 48 21 med
465 668 101 27 enhälligt
580 668 42 27 nej;
639 667 85 22 hvarför
738 667 82 22 således
836 673 62 16 mom.
911 667 21 26 d)
942 667 66 22 borde

188 698 80 22 erhålla
283 698 105 27 sistsagda
403 698 84 27 lydelse.

254 750 64 21 Mom.
335 750 71 27 e)--g)
422 749 122 27 godkändes
559 749 143 21 oförändradt.

255 801 135 22 Beträffande
406 807 63 15 mom.
485 801 23 27 h)
523 801 84 27 yttrade

255 852 111 22 Professor
380 853 125 20 Donner:
535 852 39 27 Jag
589 852 50 21 ville
654 852 107 26 anmärka,
777 854 31 19 att
824 852 61 21 äfven
896 852 45 21 deri
948 852 62 21 torde

186 882 50 26 ingå
252 882 36 20 det
302 881 150 24 förbiseendet,
468 883 31 19 att
515 881 189 26 bankfullmäktige
720 881 18 25 ej
755 881 78 27 afgifva
848 880 114 22 berättelse
977 881 32 21 till

186 910 191 22 bankrevisorerne
392 909 71 27 hvarje
479 910 61 27 gång,
556 910 26 21 de
596 910 163 21 sammanträda.

256 962 91 22 Prosten
369 961 92 27 Hjelt:
493 962 39 21 115
553 961 12 27 $
587 962 6 20 i
617 961 139 27 reglementet
771 961 69 27 lyder:
858 961 152 25 ,Revisorerne

188 990 158 22 sammanträda
368 990 54 21 efter
444 990 93 21 erhållen
560 989 92 27 skriftlig
674 990 87 21 kallelse
776 990 22 21 af
811 990 199 27 Bankfullmäktige,

188 1020 40 20 den
244 1020 12 20 2
272 1020 61 26 April
348 1018 52 22 eller
415 1018 67 21 första
497 1019 89 26 helgfria
601 1018 40 26 dag
657 1018 91 22 derefter
763 1019 7 21 i
785 1018 88 22 Banken
889 1018 39 21 och
944 1021 66 19 emot-

188 1050 50 24 taga
259 1048 7 20 i
286 1047 153 26 Fullmäktiges
454 1048 97 25 närvaro,
567 1046 23 22 af
602 1046 194 22 Bankdirektionen
812 1047 150 22 Direktionens
976 1047 35 21 be-

188 1076 87 22 rättelse
298 1082 34 15 om
354 1076 100 21 Bankens
476 1076 101 26 tillstånd,
600 1075 80 21 rörelse
702 1076 39 20 och
764 1075 141 27 förvaltning"
924 1082 18 15 o.
959 1082 17 15 s.
991 1082 19 15 v.

188 1104 46 22 Här
248 1104 46 22 åter
309 1104 89 21 föreslås
414 1104 22 21 af
448 1104 111 25 utskottet,
575 1105 31 20 att
622 1103 188 27 bankfullmäktige
826 1104 68 21 skulle
909 1104 32 21 till
956 1104 55 21 revi-

188 1138 86 16 sorerne
296 1132 79 27 afgifva
394 1132 40 21 den
450 1132 139 27 redovisning,
605 1138 45 15 som
665 1132 139 26 reglementet
819 1134 61 24 säger
895 1134 31 19 att
942 1132 69 21 direk-

188 1161 72 21 tionen
282 1162 6 20 i
310 1160 143 27 fullmäktiges
476 1162 89 20 närvaro
588 1160 54 22 skall
660 1160 81 27 afgifva.
771 1160 67 22 Dessa
853 1160 157 27 bestämningar

188 1190 67 21 strida
277 1190 83 21 således
375 1191 57 19 emot
447 1190 125 26 hvarandra,
588 1189 39 21 och
642 1190 66 20 måste
724 1189 33 21 väl
773 1190 59 20 detta
847 1192 93 18 moment
954 1190 57 20 åter-

188 1219 119 21 remitteras
328 1218 33 21 till
384 1218 110 26 utskottet,
515 1218 33 21 för
570 1220 32 19 att
622 1218 141 26 omredigeras
778 1218 7 20 i
800 1218 36 20 det
851 1218 61 27 syfte,
928 1220 32 19 att
975 1218 36 21 det

188 1247 91 21 ställes
274 1242 12 36 i
294 1247 218 21 öfverensstämmelse
527 1247 48 21 med
591 1247 39 20 115
646 1248 12 24 $
672 1246 7 21 i
694 1246 144 27 reglementet.

256 1303 84 22 Doktor
360 1303 159 27 Hornborg:
550 1303 39 27 Jag
612 1303 36 21 vill
671 1304 50 20 visst
744 1304 18 26 ej
783 1305 101 21 motsätta
899 1304 43 27 mig
956 1304 54 21 åter-

188 1332 75 20 remiss
277 1332 7 20 i
300 1332 36 20 det
350 1331 23 20 af
386 1334 85 24 prosten
486 1332 59 25 Hjelt
560 1332 93 26 antydda
668 1332 106 25 afseende,
790 1333 87 20 emedan
890 1333 38 26 jag
942 1338 68 19 anser,

188 1361 32 19 att
243 1360 59 20 detta
325 1359 97 26 påkallar
438 1365 26 15 en
479 1359 99 26 ändring;
595 1365 47 15 men
657 1360 76 20 månne
748 1360 19 26 ej
784 1360 41 21 den
840 1360 116 26 ändringen
971 1360 41 21 lätt

188 1388 71 20 kunde
280 1387 158 22 åstadkommas
460 1393 75 20 genom
558 1389 32 19 att
604 1388 72 27 stryka
691 1390 23 18 ut
729 1388 74 21 orden:
826 1388 53 25 ,och
895 1388 32 22 till
942 1388 69 22 Bank-

188 1416 138 26 revisorerne,
342 1418 38 19 när
396 1416 25 22 de
436 1416 177 21 sammanträda".

256 1473 61 22 Efter
331 1473 88 22 härmed
434 1473 93 22 afslutad
542 1473 118 22 diskussion
676 1474 45 21 blef
734 1476 116 20 momentet
860 1475 28 26 på
898 1474 113 22 framställ-

189 1502 50 27 ning
254 1501 22 22 af
288 1502 50 22 herr
354 1503 147 21 talmannen
516 1503 180 22 återremitteradt
712 1503 32 22 till
760 1504 104 21 utskottet
878 1503 33 22 för
926 1505 32 20 att
968 1510 43 16 om-

189 1531 125 22 formuleras
329 1532 31 21 till
376 1531 137 23 konformitet
528 1532 47 21 med
591 1533 11 26 $
619 1533 40 21 115
674 1532 7 21 i
696 1531 202 29 bankreglementet.
