1103 1786
215 134 53 34 1902
401 142 160 18 Presteståndet
574 143 54 17 1877.
653 143 13 16 2
676 143 116 16 november.

184 217 33 19 en,
232 216 45 15 som
293 210 81 21 kanske
388 209 32 21 för
435 211 75 25 många
525 210 24 21 år
563 210 64 21 sedan
643 210 39 20 har
696 210 80 26 förgått
786 210 32 26 sig
828 210 38 20 och
878 208 69 22 derför
957 209 46 21 icke

184 238 42 22 kan
249 238 20 21 få
290 238 54 27 ,god
360 238 70 26 fräjd".
461 238 44 22 Här
520 238 65 21 borde
601 238 35 22 det
650 238 81 21 således
746 238 46 21 icke
808 238 50 20 bero
874 238 26 26 pä
916 238 40 26 det,
971 240 32 18 att

184 266 41 22 han
247 267 41 21 kan
313 267 105 25 framvisa,
441 269 32 19 att
488 267 41 21 han
544 266 67 27 aldrig
627 267 37 21 har
678 266 101 22 förbrutit
794 266 31 26 sig
840 266 27 27 på
882 268 31 19 ett
928 266 76 21 sådant

185 298 48 23 sätt,
256 298 31 18 att
310 296 40 21 han
374 295 45 22 icke
441 296 42 20 kan
504 296 20 21 få
539 294 152 27 benämningen
706 296 41 24 god
762 294 61 27 fräjd,
839 297 50 19 utan
905 294 100 21 afseende

184 324 72 25 fästas,
274 323 103 22 huruvida
393 323 41 22 han
448 324 33 21 för
496 324 130 21 närvarande
641 326 24 19 är
680 324 72 25 sådan,
767 326 33 19 att
814 323 105 21 föräldrar
933 323 70 21 kunna

184 355 55 19 sätta
254 353 46 21 sina
315 353 53 20 barn
384 353 38 20 hos
438 352 75 21 honom
526 353 6 20 i
545 352 77 22 arbete.
649 353 44 21 Har
702 352 42 21 han
755 353 81 20 kunnat
845 352 21 21 få
876 351 127 27 förtroende,

184 381 23 21 så
223 381 55 22 hvad
292 381 78 21 skadar
385 381 35 21 det
436 381 32 24 då,
484 388 33 14 om
533 381 41 21 ban
590 381 56 21 förut
661 381 37 21 har
714 381 108 21 förverkat
836 381 31 21 sin
878 381 55 26 goda
943 380 60 27 fräjd.

183 409 41 28 Jag
238 410 64 27 yrkar
316 409 70 22 derför
401 409 129 22 fortfarande
545 409 26 28 pä
587 411 31 20 att
634 410 64 21 orden
715 410 54 26 ,god
785 409 68 28 fräjd"
868 409 68 21 skulle
947 410 56 25 utgå.

252 466 109 22 Professor
382 467 134 21 Donner:
547 466 110 22 Professor
678 466 110 21 Ehrström
811 467 38 21 har
871 466 133 21 förekommit

185 495 41 26 mig
245 496 65 20 redan
326 495 6 20 i
348 497 32 19 att
397 495 82 27 påpeka
495 495 36 22 det
545 495 156 26 sammanhang,
717 495 6 20 i
739 495 79 22 hvilket
834 495 58 21 detta
907 501 41 21 nya
962 494 43 22 för-

184 524 45 26 slag
251 524 45 21 står
317 523 31 21 till
370 526 30 19 ett
422 524 64 21 redan
501 524 56 21 förut
572 523 97 28 afgjordt,
685 523 105 26 nämligen
805 524 41 26 det,
863 523 6 21 i
884 523 80 22 hvilket
978 523 26 21 fri

183 551 151 29 flyttningsrätt
350 553 113 27 medgifves
478 552 82 22 landets
575 552 105 26 invånare,
696 553 36 20 det
746 555 25 18 är
785 553 33 20 väl
835 554 76 19 tvänne
927 552 77 27 grund-

183 583 74 23 satser,
280 587 45 15 som
346 581 33 21 stå
395 581 118 21 hvarandra
528 583 23 19 så
566 583 50 19 nära
631 583 32 19 att
678 581 78 21 enhvar
771 580 21 22 af
807 581 82 21 landets
904 581 100 21 invånare

184 609 38 21 bör
244 610 61 21 hafva
327 611 44 19 rätt
393 612 31 19 att
446 610 55 26 välja
521 610 31 21 sin
568 610 75 20 bostad
659 610 51 20 hvar
725 610 41 20 han
782 610 92 26 behagar
889 609 38 21 och
943 610 60 20 äfven

183 638 57 26 välja
262 639 36 21 sitt
320 638 58 27 yrke,
393 638 47 22 med
456 638 79 21 hvilket
550 638 41 22 han
607 638 35 21 vill
658 639 38 20 och
712 638 40 21 kan
768 638 112 27 uppehålla
895 638 37 26 sig.
962 638 43 21 Det

184 668 24 20 är
231 668 33 20 väl
286 667 86 25 bekant,
395 670 31 18 att
448 673 47 15 man
515 668 26 26 på
557 668 74 25 många
646 669 57 19 orter
718 667 38 21 har
772 667 56 21 velat
843 667 104 21 bibehålla
963 667 40 21 den

183 696 107 26 rättighet,
313 702 44 15 som
380 696 60 21 fanns
461 698 31 19 att
513 698 64 24 vägra
593 696 54 21 vissa
662 702 100 20 personer
776 695 82 22 tillfälle
872 698 32 18 att
920 696 83 20 bosätta

183 724 31 26 sig
233 725 3 20 i
252 731 23 15 en
292 724 106 26 kommun,
421 731 47 15 men
491 726 26 25 på
532 731 80 15 samma
627 726 48 21 sätt,
692 731 44 14 som
752 724 69 22 denna
836 727 42 19 rätt
893 726 32 19 att
940 726 64 24 vägra

184 753 48 21 med
255 755 62 24 rätta,
340 753 66 27 enligt
424 753 42 21 min
482 753 123 27 upfattning,
622 753 38 21 har
676 753 66 21 blifvit
756 752 126 28 upphäfven,
897 754 24 20 sä
936 753 68 21 skulle

182 782 37 26 jag
240 782 59 20 äfven
316 788 50 15 anse
381 784 31 18 att
428 782 68 20 denna
511 784 43 18 rätt
569 785 31 18 att
615 782 47 20 med
678 782 65 27 ärligt
758 782 74 20 arbete
847 782 21 21 fä
883 781 75 21 lifnära
973 782 31 26 sig

184 810 65 22 borde
272 814 94 22 antagas.
396 810 30 27 Ty
449 810 54 22 hvad
525 811 88 21 innebär
635 810 41 26 det,
700 816 34 16 om
757 816 48 15 man
828 810 136 22 tillerkänner
978 817 26 14 en

183 839 111 21 kommuns
310 838 135 22 medlemmar
460 839 101 26 rättighet
576 842 32 18 att
623 840 63 25 vägra
702 845 24 15 en
743 845 76 21 person
835 841 31 19 att
882 839 47 21 med
941 839 63 26 ärligt

184 868 72 21 arbete
272 868 87 26 försörja
374 867 37 27 sig.
436 868 43 20 Det
494 868 40 20 kan
550 868 45 20 icke
611 873 50 15 vara
674 868 67 25 nägon
752 874 51 14 sann
815 867 67 22 fördel
892 868 33 21 för
935 868 69 20 denna

183 896 100 21 kommun
302 898 31 19 att
352 895 31 22 till
401 895 67 22 fördel
488 896 31 21 för
534 902 25 15 en
575 895 51 22 eller
641 901 69 15 annan
726 895 157 27 näringsidkare
899 897 64 24 vägra
977 902 26 15 en

183 924 132 21 konkurrent
330 924 88 25 inträde,
436 927 89 18 tvärtom
541 925 66 21 mäste
623 925 36 20 det
673 924 6 20 i
695 927 54 18 stort
762 926 58 24 taget
830 924 32 21 för
872 924 71 21 landet
953 930 51 15 vara

183 959 26 15 en
232 959 50 15 sann
306 953 66 21 fördel
392 955 32 18 att
443 953 56 26 dylik
514 953 132 21 konkurrens
661 959 49 20 eger
724 959 53 19 rum,
793 955 32 19 att
840 953 97 26 näringar
953 959 51 20 upp-

185 981 100 21 blomstra
306 987 76 20 genom
398 982 111 26 ömsesidig
525 981 64 21 täflan
605 982 38 20 och
659 987 25 14 en
700 981 50 26 följd
766 981 22 21 af
802 981 60 21 dessa
878 983 75 19 tvänne
969 981 34 20 fri-

183 1010 87 20 sinnade
292 1010 138 26 grundsatser
452 1016 47 14 man
521 1016 29 15 nu
572 1010 35 21 vill
628 1012 51 24 göra
694 1010 103 25 gällande.
814 1012 31 19 att
860 1016 25 15 en
901 1010 53 21 hvar
969 1011 35 20 mä

182 1038 72 21 kunna
277 1037 85 22 bosätta
384 1038 31 25 sig
437 1037 52 22 hvar
511 1039 41 20 han
575 1038 35 21 vill
633 1038 39 21 och
693 1038 72 21 utöfva
788 1038 35 21 det
838 1038 50 27 yrke
904 1038 41 21 han
960 1037 43 27 vili,

183 1067 66 20 mäste
272 1067 32 20 väl
328 1066 153 26 otvifvelaktigt
503 1073 50 15 vara
576 1069 30 18 ett
629 1067 132 20 ekonomiskt
782 1067 100 26 framsteg
903 1067 32 21 för
955 1066 48 21 hela

182 1094 78 22 landet.
289 1095 41 26 Jag
345 1096 73 26 tycker
433 1095 58 20 detta
508 1095 64 28 borde
588 1101 50 15 vara
653 1096 23 20 sä
691 1095 63 25 klart,
770 1098 32 19 att
818 1101 46 15 man
880 1095 45 21 icke
938 1095 65 21 borde

181 1123 69 25 tveka,
273 1125 33 20 att
328 1125 22 20 sä
366 1123 99 22 förhäller
480 1124 37 26 sig.
548 1124 66 22 Afven
631 1124 156 26 upphäfvandet
802 1124 22 21 af
838 1124 39 21 den
893 1124 110 21 inskränk-

181 1152 56 27 ning,
260 1158 44 15 som
327 1155 85 23 prosten
430 1152 57 21 Roos
503 1153 80 24 väckte,
599 1158 60 21 synes
672 1153 42 25 mig
730 1152 51 21 böra
796 1152 122 27 godkännas
933 1153 69 20 säsom

181 1183 32 18 ett
236 1181 134 21 korollarium
391 1181 110 20 härunder.
532 1182 42 20 Det
589 1187 43 14 som
649 1187 47 14 man
712 1181 82 21 fruktar
810 1181 5 20 i
832 1181 57 21 detta
905 1180 98 22 afseende

181 1220 25 4 —
224 1209 39 21 och
281 1210 37 25 jag
333 1209 118 21 föreställer
466 1209 42 27 mig
523 1212 32 18 att
570 1215 46 15 man
633 1208 81 22 fruktar
729 1216 26 14 en
771 1209 51 21 eller
837 1216 68 14 annan
921 1210 80 25 näring,

181 1243 44 14 som
242 1237 22 21 af
277 1244 25 14 en
319 1237 121 26 vanfräjdad
456 1243 75 20 person
547 1237 70 21 kunde
633 1237 104 21 bedritvas
752 1249 28 3 —
796 1238 52 20 skall
864 1243 41 20 nog
919 1238 82 21 ändock

180 1265 71 22 kunna
273 1265 89 26 inträffa,
387 1268 22 25 ty
424 1271 24 16 en
465 1265 122 27 vanfräjdad
603 1272 75 20 person
693 1265 54 22 skall
762 1273 41 18 nog
818 1266 57 21 finna
890 1268 64 24 utväg
969 1269 32 18 att

180 1293 84 22 hvälfva
278 1294 74 27 sjelfva
367 1295 212 26 näringsrättigheten
595 1295 26 26 pä
637 1295 67 25 nägon
717 1301 69 14 annan
802 1295 7 20 i
824 1295 124 21 kommunen
961 1295 39 20 och

180 1322 94 21 bedrifva
290 1323 40 20 den
346 1329 74 18 genom
437 1324 67 19 denne
520 1323 64 20 andre
601 1323 35 19 det
647 1323 93 20 oaktadt.
766 1323 101 20 Deremot
878 1325 123 22 utestänger

180 1355 47 16 man
252 1350 45 24 den,
321 1356 44 14 som
388 1349 38 21 har
441 1349 50 22 felat
507 1351 38 20 och
565 1356 74 20 genom
656 1356 25 14 en
698 1350 46 25 lång
760 1350 51 26 följd
827 1351 21 20 af
862 1351 23 20 är
900 1351 46 20 åter
961 1351 39 20 har

179 1379 81 19 kunnat
277 1380 117 24 upprättas,
411 1378 44 21 från
471 1380 32 18 att
518 1379 53 26 ånyo
587 1377 70 22 utöfva
674 1379 67 25 någon
758 1379 72 26 näring
846 1379 37 21 och
900 1382 31 17 att
947 1379 52 20 efter

179 1407 61 21 bästa
256 1406 93 27 förmäga
364 1407 143 26 upprätthälla
523 1407 30 26 sig
568 1407 6 20 i
590 1406 116 22 samhället.
735 1407 41 27 Jag
791 1407 35 21 vill
842 1407 69 22 derför
926 1407 73 22 förena

179 1436 42 25 mig
249 1435 43 22 helt
317 1435 39 22 och
384 1435 64 22 hället
473 1436 46 21 med
544 1436 25 21 de
593 1435 22 22 af
639 1440 83 20 prosten
748 1436 56 22 Roos
829 1437 38 21 och
892 1436 106 27 professor

178 1464 111 22 Ehrström
312 1464 74 28 gjorda
408 1465 121 27 yrkandena
551 1471 34 15 om
608 1463 128 29 uteslutning
752 1465 21 22 af
788 1465 64 22 orden
868 1465 74 28 ,hafva
955 1466 42 26 god

178 1492 54 28 fräjd
245 1496 75 18 samt*.
