1103 1792
220 136 53 21 1738
412 141 159 18 Presteståndet
583 142 55 17 1877.
661 141 27 17 29
700 141 91 17 oktober.

190 208 86 27 öfvergå
298 208 54 21 hvad
374 208 27 26 på
419 208 66 22 andra
503 211 56 19 orter
574 210 6 19 i
596 209 72 21 landet
682 208 7 21 i
704 208 115 22 allmänhet
834 208 70 21 bestås
920 207 32 22 till
968 208 38 21 och

189 237 48 21 med
260 236 22 22 åt
304 236 69 22 lärare
393 236 34 22 vid
442 237 65 27 högre
522 237 124 21 folkskolor.
675 237 10 21 I
700 236 220 28 skolöfverstyrelsens
935 236 71 21 berät-

189 266 53 21 telse
264 267 94 25 nämnes,
378 266 68 21 såsom
464 265 36 28 jag
521 266 45 21 haft
581 268 52 19 äran
648 267 62 26 yttra,
726 272 34 15 om
777 265 60 22 dessa
852 265 72 21 skolor
938 264 68 28 aldrig

190 297 31 19 ett
236 295 45 21 ord.
311 295 96 21 Orsaken
421 295 71 21 härtill
509 297 23 19 är
542 295 55 21 klar:
614 295 36 21 det
659 295 39 21 har
710 295 56 26 legat
778 294 7 21 i
795 295 37 20 det
843 294 63 27 ryska
917 296 89 25 prester-

188 323 86 26 skapets
296 323 90 22 intresse
407 325 32 19 att
459 323 46 22 icke
527 323 78 28 begära
619 324 65 26 något
700 323 127 27 statsanslag
841 323 33 21 för
889 324 32 19 att
936 323 70 21 kunna

188 352 98 21 hushålla
307 352 27 26 på
357 358 51 21 egen
431 352 56 21 hand
503 353 38 20 och
557 353 33 20 stå
605 353 26 26 på
647 352 130 27 sjelfständig
793 351 30 22 fot
839 351 39 22 och
894 352 59 21 detta
968 351 38 21 har

188 381 47 20 åter
257 381 72 25 vållat,
352 383 32 19 att
407 381 207 27 skolöfverstyrelsen
630 387 33 14 om
680 381 46 21 dem
742 381 46 21 icke
803 380 39 21 har
857 381 41 20 den
913 380 93 27 ringaste

189 409 136 27 bekantskap.
356 410 40 26 Jag
415 409 38 21 har
473 410 82 21 derföre
570 410 6 20 i
591 409 136 26 förbigående
742 410 56 20 velat
813 411 76 19 nämna
904 409 64 27 detta,
984 409 23 20 så

188 438 83 26 mycket
291 444 65 19 mera,
379 443 45 16 som
444 437 107 27 professor
572 438 102 21 Forsman
698 438 93 22 menade,
814 439 31 20 att
868 438 65 26 högre
952 437 54 22 folk-

189 466 72 21 skolor
275 472 51 16 voro
343 466 86 21 alldeles
445 467 113 26 olämpliga
574 467 39 21 och
629 466 125 27 otidsenliga
764 466 33 21 för
808 466 67 21 denna
886 466 64 21 trakt.
974 465 32 22 Då

188 501 29 14 nu
232 495 31 21 till
279 495 40 21 och
334 495 47 21 med
397 495 25 20 de
437 495 97 26 grekiska
550 495 174 26 församlingarna
734 495 109 21 allaredan
853 494 64 22 hafva
927 495 79 21 sådana

190 523 78 24 skolor,
278 526 33 19 att
325 523 45 22 icke
387 524 43 20 tala
446 530 33 15 om
495 524 26 21 de
536 523 110 22 lutherska
660 524 181 26 församlingarna,
858 524 71 21 derom
945 524 59 21 kom-

188 558 44 15 mer
252 552 37 27 jag
311 554 33 19 att
362 553 6 20 i
384 554 31 19 ett
431 555 64 18 annat
509 553 151 25 sammanhang
674 553 72 21 vidare
760 555 57 24 yttra
832 553 42 26 mig
888 565 28 2 —
931 553 24 20 är
970 553 36 20 det

187 581 19 27 ej
221 581 42 21 lätt
277 583 32 19 att
323 581 74 26 förstå,
413 581 78 27 hvarpå
506 582 36 21 det
557 581 109 22 tvärsäkra
681 581 133 28 påståendet,
830 583 32 19 att
874 581 61 22 dessa
946 581 60 21 trak-

188 613 33 18 ter
243 609 88 22 framför
350 610 67 21 andra
435 612 56 19 orter
507 611 6 20 i
528 611 73 20 landet
615 616 50 15 vore
679 611 7 20 i
702 610 65 21 behof
782 610 55 21 blott
851 610 23 21 af
888 609 118 22 småskolor

188 638 38 21 och
249 638 86 21 klenare
358 639 110 20 utrustade
491 639 75 25 lärare,
587 639 117 26 egentligen
720 639 93 26 grundar
828 638 36 27 sig.
894 639 41 26 Jag
948 639 57 23 sade,

188 669 31 18 att
241 667 34 21 2:0
297 669 31 19 ett
351 667 308 22 smäskolelärareseminarium
683 669 27 25 pä
733 667 90 27 Kymölä
838 669 23 19 är
877 674 25 14 en
917 667 89 27 förspild

187 695 63 26 utgift
265 708 28 3 —
308 702 79 21 pengar
409 696 69 21 dertill
501 696 34 21 mä
557 699 60 24 tagas
638 696 107 21 hvarifrän
764 702 45 15 som
824 695 56 22 helst
895 707 27 4 —
937 698 23 24 ty
975 697 31 20 ett

188 724 50 21 slikt
253 725 134 20 seminarium
404 724 67 21 blefve
485 725 53 21 efter
549 725 28 20 all
587 724 135 22 sannolikhet
734 727 50 18 utan
797 725 68 21 elever
876 725 36 20 det
922 724 83 21 komme

187 755 33 18 att
235 753 104 26 paradera
354 754 47 20 med
417 755 58 19 toma
490 753 109 21 lärosalar.
629 753 65 21 Detta
709 755 24 19 är
746 753 33 21 för
795 753 46 25 den,
857 759 44 15 som
917 753 6 21 i
936 753 70 26 hägon

187 782 48 20 män
251 781 64 21 lefvat
330 782 20 21 in
367 782 6 20 i
388 781 268 22 folksskoleförhälandena
671 782 38 21 hos
725 788 40 18 oss,
779 788 26 15 en
815 781 24 22 sä
852 781 99 28 dagsklar
962 782 44 23 sak,

187 812 33 19 att
242 809 36 23 det
299 810 100 22 förvänar
421 811 48 25 mig,
492 810 114 22 huruledes
626 810 169 28 djupttänkande
810 812 48 20 män
874 811 71 21 kunna
960 817 45 15 om-

187 839 66 21 hulda
275 845 25 15 en
323 839 65 21 sädan
411 840 60 26 äsigt.
501 840 69 21 Fallet
589 842 24 18 är
632 840 103 26 nämligen
751 841 32 19 att
799 839 165 22 skolmästarene
979 840 27 26 pä

187 868 40 21 den
249 868 137 27 ståndpunkt,
409 868 26 21 de
457 874 28 15 nu
508 869 40 23 stä,
568 868 96 28 vanligen
686 875 44 15 mer
746 868 22 21 af
781 869 66 21 andra
862 869 53 25 skäl,
931 870 27 20 än
973 868 33 22 för

186 899 85 25 nyttans
293 897 55 21 skull
364 897 61 21 hafva
440 897 66 27 åtagit
520 898 32 26 sig
567 898 59 21 detta
640 898 44 21 kall
698 898 7 20 i
720 898 27 21 de
761 897 110 22 lutherska
886 897 120 22 församlin-

186 932 71 20 garna,
273 928 32 19 ett
320 926 49 26 kall,
386 933 43 15 som
445 927 6 21 i
467 926 26 21 de
509 926 113 22 allrafiesta
636 926 37 22 fall
689 927 91 21 skänker
791 927 31 21 sin
833 926 136 22 innehafvare
980 932 25 15 en

187 955 34 20 lön
241 955 23 21 af
283 956 20 24 5,
325 957 11 19 7
353 954 51 22 eller
420 956 26 20 10
461 957 82 19 tunnor.
574 956 41 26 Jag
629 955 35 21 vill
680 954 66 28 fräga,
761 955 104 22 huruvida
879 956 69 26 nägon
964 955 42 21 kan

188 990 49 14 anse
259 984 36 20 det
317 984 112 24 sannolikt,
451 985 33 19 att
506 990 26 15 en
551 984 115 26 bondeson,
686 984 52 21 eller
753 983 138 22 öfverhufvud
906 984 65 26 nägot
986 984 22 21 af

186 1012 77 21 folkets
279 1012 60 26 barn,
355 1012 51 22 eller
420 1012 32 22 för
468 1012 63 27 öfrigt
547 1012 59 22 hvem
622 1019 44 15 som
682 1012 56 21 helst
752 1012 68 22 skulle
835 1012 130 22 underkasta
975 1012 31 27 sig

187 1042 32 19 att
234 1040 113 27 uppehälla
362 1041 32 26 sig
409 1042 34 20 vid
459 1047 26 15 en
501 1042 125 20 läroanstalt
641 1047 36 15 ens
692 1042 6 20 i
714 1044 32 18 ett
760 1042 25 20 är
799 1042 48 20 med
863 1047 24 15 en
900 1041 106 21 framtids-

186 1068 73 27 utsigt,
275 1070 70 20 sämre
360 1071 27 19 än
403 1069 38 21 den
457 1070 72 26 hvarje
545 1070 41 26 god
601 1070 118 21 arbetskarl
734 1070 41 21 kan
791 1069 68 21 skaffa
873 1070 38 26 sig.
941 1070 65 20 Detta

187 1104 50 14 vore
253 1098 62 26 högst
330 1098 125 27 osannolikt,
470 1098 38 21 och
520 1098 36 21 det
566 1100 24 20 är
601 1098 24 21 af
633 1098 69 21 denna
714 1098 113 26 anledning
837 1098 86 21 alldeles
933 1098 73 26 pätag-

187 1126 44 26 ligt,
246 1128 33 19 att
293 1132 26 15 en
335 1126 169 27 läroinrättning,
523 1133 45 15 som
584 1126 55 22 hade
655 1127 31 20 till
702 1127 83 27 uppgift
800 1129 32 19 att
847 1127 112 21 förbereda
974 1126 32 22 till

186 1154 53 22 slika
255 1155 150 26 lärareplatser
419 1155 67 21 skulle
501 1156 34 20 stä
550 1155 46 21 med
612 1157 57 19 toma
680 1156 102 21 lärosalar
793 1155 38 21 och
845 1155 81 22 säledes
941 1155 65 27 utgif-

186 1186 35 18 ten
245 1183 83 21 derföre
351 1190 51 14 vara
424 1184 43 20 helt
489 1184 39 21 och
543 1184 66 21 hället
624 1184 94 27 förspild.
748 1184 40 27 Jag
804 1185 50 20 sade
870 1184 41 24 3:o,
927 1186 32 19 att
974 1186 31 19 ett

186 1212 76 20 sådant
281 1212 135 21 seminarium
435 1218 49 15 vore
505 1212 92 26 skadligt
616 1212 33 21 för
665 1213 40 20 den
720 1213 65 26 högre
801 1212 120 21 folkskolan
936 1213 6 20 i
958 1212 47 21 vårt

186 1240 56 26 land,
258 1240 45 21 ifall
318 1246 49 15 man
382 1241 106 21 inrättade
506 1240 36 21 det
557 1241 54 21 efter
627 1241 39 20 den
681 1241 129 21 reducerade
825 1241 55 26 plan,
896 1247 45 15 som
957 1247 48 20 pro-

186 1268 67 21 fessor
268 1268 102 22 Forsman
386 1269 39 21 har
439 1269 62 21 tänkt
515 1269 32 26 sig
562 1270 122 20 detsamma.
707 1269 111 21 Professor
829 1269 103 21 Forsman
944 1271 61 24 säger

187 1297 31 26 sig
239 1297 106 26 nemligen
366 1297 47 21 icke
435 1297 50 26 vilja
504 1297 63 21 hafva
582 1300 31 18 ett
627 1298 135 20 seminarium
778 1298 33 21 för
826 1298 178 24 små-skollärare,

185 1331 48 14 men
255 1325 82 21 ändock
359 1327 30 18 ett
405 1326 135 20 seminarium
559 1326 48 20 med
629 1326 113 20 reducerad
763 1326 58 25 kurs,
837 1326 87 20 emedan
940 1326 66 26 enligt

185 1353 52 20 hans
252 1353 137 21 förmenande
405 1354 25 21 de
446 1353 65 26 högre
526 1353 180 21 folkskolärarene
721 1354 84 21 komma
819 1356 31 18 att
861 1355 32 20 stå
906 1354 24 21 så
940 1355 65 19 oänd-

185 1380 38 27 ligt
238 1380 51 27 högt
305 1381 58 20 öfver
385 1381 59 21 detta
458 1381 7 21 i
480 1381 25 21 hr
520 1381 132 28 professorns
667 1382 62 26 tycke
744 1382 27 26 på
787 1382 23 21 så
825 1382 34 26 låg
875 1381 130 27 ståndpunkt

186 1409 107 26 befintliga
313 1409 51 22 folk.
394 1410 42 21 Det
456 1411 24 20 är
500 1410 54 21 dock
569 1410 41 21 lätt
624 1412 33 19 att
671 1411 44 21 visa
730 1413 38 24 att,
784 1417 33 14 om
833 1411 26 20 de
873 1411 46 21 från
936 1413 31 19 ett
981 1411 24 20 så

185 1437 119 22 beskaffadt
325 1439 135 21 seminarium
483 1439 108 26 utgångna
611 1439 96 22 lärarene
728 1441 63 25 göras
813 1439 137 28 kompetente
972 1440 33 21 till

185 1467 68 22 lärare
269 1467 34 22 vid
319 1467 22 22 af
355 1469 69 20 staten
440 1467 189 23 subventionerade
644 1467 117 23 folkskolor
776 1468 54 22 skall
847 1469 58 21 detta
916 1469 88 21 semina-

186 1497 54 20 rium
256 1497 122 26 visserligen
401 1497 64 21 blifva
484 1497 83 26 besökt,
588 1503 48 15 men
655 1497 26 21 dä
696 1497 40 22 blir
751 1497 36 22 det
801 1497 67 22 andra
883 1498 121 21 seminariet

185 1525 7 21 i
206 1525 85 28 Nyslott
314 1527 60 20 tomt.
404 1525 30 28 Ty
451 1525 22 22 få
493 1526 31 21 till
547 1525 227 23 folkskollärarekallet
789 1526 120 23 sträfvande
924 1527 80 28 ynglin-
