1106 1792
324 141 160 18 Presteståndet
497 142 54 18 1877.
574 143 22 16 31
609 142 93 18 oktober.
836 138 55 20 1797

100 209 178 23 erfarenhetsskäl
294 216 44 16 som
354 212 86 25 prosten
455 210 107 23 Helander
576 217 49 21 nyss
635 211 93 22 anförde.
750 211 31 22 På
792 212 61 21 dessa
866 212 54 22 båda

99 239 92 26 grunder
212 238 107 22 förkastar
340 238 81 23 således
442 239 36 27 jag
500 239 33 22 för
554 240 43 21 min
619 240 33 21 del
672 240 248 22 utskottsbetänkandets

99 268 94 20 moment
208 268 20 25 a)
243 267 39 21 och
298 267 27 27 b).

168 324 77 22 Pastor
266 324 160 22 Lindstedt:
450 324 89 22 Prosten
562 324 106 22 Helander
690 325 38 21 har
749 324 124 28 framdragit
889 327 31 21 ett

99 352 33 22 för
153 352 77 22 honom
249 353 33 21 väl
300 353 67 21 kändt
384 352 80 22 faktum
480 353 46 22 från
540 353 114 27 Uleåborg.
684 354 41 26 Jag
739 354 42 21 kan
797 354 122 22 konstatera

99 382 114 26 sanningen
230 381 64 22 deraf.
324 382 69 22 Sedan
408 384 86 26 prosten
510 382 107 22 Helander
631 382 97 22 lemnade
743 382 113 27 Uleåborg,
869 382 51 22 fort-

98 410 48 28 gick
161 410 95 22 försöket
270 410 48 22 med
333 413 76 19 tvänne
423 411 225 27 undervisningsspråk
662 412 37 22 der
710 411 56 22 ända
776 411 32 22 till
819 412 40 21 den
872 412 47 27 dag,

100 440 26 22 då
148 439 118 27 Uleåborgs
289 439 79 28 lyceum
392 440 44 22 blef
457 440 45 21 helt
521 440 39 22 och
575 440 66 22 hållet
656 440 90 22 svenskt.
777 440 72 28 Länge
865 440 55 22 hade

99 474 80 16 samma
194 468 83 27 klagan,
293 474 45 16 som
354 469 66 21 under
435 470 85 26 prosten
538 468 115 23 Helanders
668 470 31 21 tid
714 469 52 21 förts
782 470 39 20 och
837 469 22 21 af
873 470 47 21 dess

99 497 70 22 elever
190 497 91 27 kommo,
305 498 27 20 då
353 497 74 21 skolan
447 497 44 21 blef
511 498 76 21 svensk
610 504 24 16 en
656 498 35 22 hel
706 498 42 26 hop
764 498 57 21 öfver
836 498 32 21 till
884 498 36 22 det

98 525 68 23 finska
188 526 137 27 privatlyceet
346 526 8 20 i
375 526 112 26 Uleåborg.
518 526 106 22 Lärarene
648 528 34 20 vid
703 529 81 19 statens
802 527 26 21 då
843 527 78 21 svensk

99 554 67 22 blifna
180 555 81 27 lyceum
276 554 61 27 gåfvo
352 561 34 15 om
402 555 61 21 dessa
478 554 70 22 elever
562 556 36 20 det
613 555 86 27 vitsord,
716 557 32 19 att
760 556 25 21 de
797 562 50 14 voro
857 555 64 22 klena

99 583 112 27 förmågor,
228 585 32 19 att
275 584 26 21 de
316 583 54 22 hade
385 583 56 28 gjort
456 583 60 27 ringa
530 584 101 27 framsteg
646 584 6 21 i
668 584 40 22 den
724 584 58 22 förra
796 584 74 21 skolan
881 584 39 21 och

100 612 25 21 de
148 612 116 27 beklagade
286 612 40 22 den
349 612 68 22 finska
439 612 74 22 skolan
536 613 30 21 uti
589 615 31 19 att
636 613 47 21 dess
698 613 67 21 andra
780 613 57 21 klass
851 612 69 22 skulle

99 640 93 22 besättas
215 641 48 21 med
282 641 80 21 sådana
376 640 112 27 förmågor.
519 641 48 21 Men
583 641 54 22 hvad
653 642 82 21 hände?
756 641 76 21 Första
848 642 71 20 termi-

99 676 41 14 nen
155 676 38 15 var
208 670 46 20 icke
269 669 31 21 till
316 670 62 25 ända,
388 670 64 20 innan
464 676 78 15 samma
552 670 68 21 lärare
632 670 47 22 med
690 670 108 26 förvåning
809 670 111 21 tillkänna-

99 698 68 27 gåfvo,
183 700 32 20 att
230 698 61 22 dessa
306 698 56 22 förut
377 699 69 21 såsom
461 698 59 21 klent
535 698 109 22 utrustade
660 699 92 21 ansedda
768 704 28 15 nu
811 698 108 27 verkligen

100 733 50 15 voro
173 728 33 20 väl
231 727 117 25 utrustade,
369 727 26 21 de
417 727 73 26 gjorde
512 727 100 27 framsteg
634 727 177 22 förvånansvärda
832 727 7 21 i
859 727 62 21 dessa

100 762 80 16 samma
202 756 79 22 lärares
304 758 60 24 ögon,
387 756 69 21 hvilka
479 756 74 22 hittills
571 756 53 21 hade
640 756 101 22 handledt
756 756 54 21 dem.
841 756 80 21 Sådant

100 791 37 15 var
158 784 142 22 förhållandet
314 784 6 22 i
335 784 113 26 Uleåborg,
464 784 26 22 då
505 785 137 27 privatlyceet
658 785 108 21 derstädes
782 784 90 28 begynte
888 784 33 22 sin

100 814 140 21 verksamhet.
270 814 42 20 Det
334 816 24 18 är
378 814 23 26 ju
422 820 26 14 en
466 813 92 27 naturlig
572 816 44 18 rätt
630 816 32 18 ett
676 813 43 21 folk
735 813 38 21 har
789 815 31 19 att
835 812 87 28 tillegna

100 842 32 26 sig
154 842 40 22 den
216 842 76 26 högsta
314 842 85 26 möjliga
420 842 102 26 bildning;
546 842 35 21 det
602 842 42 21 kan
664 842 25 26 ju
706 842 46 21 icke
767 841 98 28 förnekas
882 841 39 22 och

100 870 136 27 hvarigenom
251 871 85 21 komma
351 871 19 21 vi
385 870 7 21 i
407 870 124 27 åtnjutande
546 870 21 22 af
581 871 68 21 denna
661 870 108 27 bildning?
788 870 31 21 Ar
830 870 35 21 det
875 870 47 21 icke

100 905 75 19 genom
198 899 92 28 språket,
312 905 76 21 genom
410 899 47 21 vårt
476 901 48 26 eget
539 899 131 22 modersmål.
702 899 48 22 Man
766 900 34 21 må
815 898 107 28 uppställa

100 927 84 22 hvilken
200 929 54 20 teori
270 935 34 14 om
320 928 148 21 modersmålet
483 935 45 14 som
543 928 60 25 helst,
618 928 52 21 visst
685 930 23 19 är
722 930 33 19 att
770 927 152 22 modersmålet

100 958 24 20 är
146 959 31 19 ett
200 957 59 21 enda.
290 957 40 27 Jag
348 957 56 21 talar
426 957 59 21 äfven
509 957 39 21 här
566 957 22 21 af
604 963 52 20 egen
671 957 126 21 erfarenhet.
826 957 41 25 Jag
883 956 39 21 har

100 985 122 28 visserligen
245 985 53 22 talat
320 985 113 22 hvartdera
448 986 86 26 språket
549 985 45 22 från
610 985 98 27 tidigaste
720 985 137 26 barndomen,
874 991 47 14 men

102 1013 53 22 dock
177 1015 39 21 har
238 1014 36 21 det
296 1015 90 21 svenska
408 1013 87 28 språket
517 1014 54 21 varit
591 1014 42 27 mig
655 1014 69 21 såsom
747 1014 47 21 mitt
817 1013 105 27 egentliga

102 1043 127 22 modersmål
245 1043 39 22 och
299 1044 27 26 på
345 1043 36 22 det
395 1043 39 21 har
446 1043 37 26 jag
500 1043 102 21 inhemtat
617 1042 38 22 allt
671 1043 35 21 det
721 1043 90 21 vetande
824 1042 37 26 jag
875 1041 46 22 har.

101 1071 35 22 Nu
158 1074 24 19 är
201 1072 37 27 jag
260 1071 117 22 emellertid
399 1071 157 28 tjenstgörande
578 1073 59 25 prest
657 1071 6 21 i
682 1078 26 14 en
723 1071 53 22 finsk
792 1070 130 27 församling,

101 1107 48 15 men
166 1101 120 27 derigenom
302 1103 32 19 att
346 1101 37 26 jag
398 1101 46 20 icke
459 1100 39 21 har
513 1101 46 20 mitt
574 1100 126 21 modersmål
715 1101 69 20 såsom
800 1100 36 21 det
851 1099 71 27 språk,

102 1130 26 26 på
144 1130 79 21 hvilket
236 1129 35 28 jag
288 1129 52 22 skall
356 1129 50 26 lära,
422 1129 41 22 kan
477 1129 35 27 jag
527 1129 52 26 icke,
595 1129 69 21 såsom
672 1129 37 26 jag
720 1129 71 26 borde,
802 1135 51 14 vara
864 1128 60 21 detta

101 1158 55 21 folks
179 1159 77 25 lärare;
276 1159 38 26 jag
336 1158 41 21 kan
399 1158 45 21 icke
462 1158 98 27 intränga
575 1159 7 20 i
598 1158 58 21 detta
670 1157 54 22 folks
740 1157 76 22 tankar
830 1157 31 26 så,
877 1163 46 14 som

102 1187 36 22 det
152 1187 49 26 sjelf
214 1187 109 27 intränger
337 1187 7 21 i
360 1187 53 21 dem.
444 1187 42 21 Det
501 1189 24 19 är
540 1187 81 21 således
636 1193 26 14 en
678 1186 95 27 oafvislig
788 1185 87 22 fordran
890 1184 33 22 för

103 1216 35 21 det
160 1216 68 21 finska
250 1216 73 26 folket,
341 1217 33 20 att
389 1216 35 21 det
439 1215 32 22 får
485 1216 45 21 sina
545 1217 88 25 prester,
649 1215 45 21 sina
710 1215 93 25 domare,
819 1215 42 20 alla
876 1214 47 21 sina

102 1245 126 26 tjenstemän
246 1245 86 26 sådana,
352 1246 32 19 att
400 1244 25 21 de
441 1244 86 27 begripa
542 1245 58 20 detta
616 1243 43 22 folk
674 1243 132 26 fullständigt
822 1243 39 21 och
877 1245 46 18 tror

102 1279 54 19 man,
173 1276 32 18 att
220 1280 48 14 man
283 1279 75 20 genom
373 1273 79 21 sådana
467 1272 213 26 förmedlingsförsök,
696 1278 45 15 som
752 1272 58 21 detta
821 1271 103 21 utskotts-

102 1302 134 21 betänkande
252 1303 40 20 kan
308 1301 84 22 komma
408 1301 83 22 dertill?
513 1301 123 26 Ingalunda.
661 1300 50 27 Ljus
726 1301 23 20 åt
764 1301 47 20 vårt
826 1299 50 25 folk,
888 1299 36 21 det

102 1332 25 19 är
146 1331 78 26 dagens
245 1331 58 20 lösen
319 1330 39 21 och
374 1330 69 21 dertill
459 1331 67 20 måste
541 1330 19 21 vi
575 1330 77 27 lyssna,
668 1329 19 20 vi
702 1329 67 21 måste
784 1327 139 27 ovilkorligen

102 1359 44 22 låta
161 1359 62 26 ljuset
238 1359 45 27 lysa
298 1359 32 21 för
345 1359 49 21 alla.
424 1359 50 21 Man
490 1359 38 20 har
543 1358 57 21 velat
614 1357 78 22 föreslå
707 1363 25 16 en
748 1357 77 21 reform
842 1357 6 20 i
864 1356 60 21 detta

102 1387 115 22 utskottets
232 1387 139 26 betänkande,
387 1393 47 15 men
450 1393 48 14 man
514 1387 39 20 har
567 1387 46 20 icke
627 1385 56 22 velat
697 1385 27 27 gå
738 1385 34 22 till
786 1385 73 21 botten
876 1385 48 20 med

103 1416 111 21 reformen.
244 1416 42 21 Det
308 1418 24 19 är
353 1416 53 20 visst
426 1417 63 19 sannt
504 1418 32 17 att
548 1415 36 26 jag
599 1415 47 20 icke
661 1414 35 21 vill
711 1415 69 25 någon
795 1413 128 24 revolution,

101 1444 36 26 jag
159 1443 77 22 förstår
258 1445 32 20 att
312 1443 142 22 revolutioner
475 1443 46 20 icke
542 1443 72 20 kunna
631 1441 146 22 åstadkomma
792 1441 65 26 något
873 1441 52 26 godt

103 1478 48 15 men
171 1471 37 28 jag
230 1471 36 22 vill
288 1478 26 15 en
336 1471 84 26 reform,
435 1477 45 15 som
503 1471 65 20 borde
584 1471 84 20 komma
682 1469 39 22 och
738 1469 35 21 det
788 1469 88 21 sålunda
891 1470 34 19 att

103 1499 68 24 finska
185 1500 60 22 lärda
260 1500 72 22 skolor
346 1500 90 21 inrättas
450 1500 24 21 så
489 1499 44 22 vidt
548 1498 80 27 möjligt
643 1500 24 20 är
682 1498 39 21 och
736 1498 27 27 på
778 1497 79 22 sådana
868 1499 57 30 orter

104 1529 38 22 der
164 1529 36 22 det
221 1529 68 22 finska
310 1529 87 28 språket
412 1530 24 20 är
451 1528 40 22 den
506 1530 58 19 stora
578 1527 152 22 allmänhetens
742 1527 70 27 språk,
828 1533 48 15 men
888 1532 37 21 jag
