1114 1800
326 130 158 18 Presteståndet
497 131 54 18 1877.
575 132 26 17 22
613 132 116 17 november.

855 126 54 20 2201

120 199 100 27 möjligen
236 200 68 21 skulle
318 201 71 21 kunna
404 200 64 22 bafva
488 201 40 20 den
544 200 57 27 följd,
618 202 31 20 att
665 200 72 27 dylika
752 201 52 21 aftal
821 201 18 26 ej
855 201 86 21 komme

121 230 31 19 att
167 228 67 26 ingås,
258 235 33 14 om
314 229 105 26 nämligen
441 229 36 20 det
493 229 21 21 af
529 229 113 21 ständerna
665 229 114 26 godkända
801 228 139 27 lagförslaget

121 262 33 15 om
170 256 150 26 näringsfrihet
341 257 48 23 blir,
412 258 69 21 såsom
501 258 72 25 troligt
589 259 29 23 är,
637 257 135 21 stadfästadt.
802 257 10 20 I
828 257 58 20 detta
902 257 37 21 fall

121 285 67 21 skulle
204 285 140 26 naturligtvis,
367 285 68 22 sävidt
459 285 35 22 det
517 286 65 26 angår
603 291 74 20 genom
693 286 139 26 legostämma
847 285 93 21 ordnadt

121 313 79 21 arbete,
224 313 68 21 denna
314 314 35 26 lag
369 314 119 27 egentligen
505 314 18 27 ej
538 315 99 25 borttaga
662 315 36 20 det
713 314 62 25 onda,
792 317 51 17 utan
860 313 81 22 kanske

121 344 56 19 ännu
191 342 67 21 hellre
274 342 40 21 öka
330 343 122 20 detsamma.
477 342 30 27 Ty
522 349 34 15 om
572 343 40 20 den
625 343 114 20 arbetande
755 342 100 21 klassen
843 338 12 36 i
867 342 73 21 landet

121 370 67 22 skulle
210 369 58 23 finna
288 372 32 20 sin
342 372 114 26 uträkning
472 372 6 21 i
491 373 32 20 att
538 371 168 27 allmänneligen,
723 371 69 21 såsom
808 377 49 14 man
873 373 68 24 säger,

120 400 53 20 söka
187 399 90 28 försörja
292 400 31 26 sig
338 400 50 27 sjelf
400 401 38 21 och
455 401 57 20 lefva
527 401 33 20 för
575 401 74 26 dagen,
663 400 66 21 skulle
740 400 135 26 naturligtvis
885 400 55 21 intet

121 428 99 27 legoaftal
236 429 51 20 eller
302 429 79 21 sädana
396 429 127 22 ätminstone
539 429 31 21 till
586 429 81 21 mindre
683 429 64 23 antal,
759 431 26 18 än
798 435 26 14 nu
838 428 32 21 för
881 429 59 21 tiden

121 457 66 27 ingås.
217 457 42 28 Jag
273 457 41 22 kan
330 458 18 26 ej
365 458 59 26 neka,
441 461 32 18 att
489 458 46 21 icke
551 464 25 15 en
592 457 64 22 sådan
667 458 45 21 fara
725 457 100 27 möjligen
836 458 41 21 kan
889 464 50 15 vara

122 485 123 22 förhanden.
275 486 49 21 Men
340 487 12 21 å
368 487 66 21 andra
456 487 60 21 sidan
532 489 23 18 är
571 487 39 21 den
633 487 52 21 form
701 487 34 20 för
749 487 74 21 arbete
838 487 7 20 i
858 493 82 14 annans

121 515 70 26 tjenst,
214 521 45 14 som
282 517 24 19 är
329 515 98 28 betingad
450 515 25 21 af
495 515 108 28 legoaftal,
625 517 55 19 ännu
696 515 6 20 i
718 515 47 21 vårt
780 515 49 21 land
846 516 39 20 den
901 515 38 21 all-

122 545 82 24 männa,
221 544 39 21 och
275 545 37 20 det
327 544 41 21 kan
384 545 18 26 ej
418 545 72 24 nekas,
507 547 31 19 att
553 544 46 21 icke
615 545 58 20 detta
689 544 51 21 aftal
755 544 28 26 pä
798 551 75 14 senare
884 543 57 22 tider

122 572 69 21 blifvit
206 573 27 26 på
249 573 139 27 mångfaldigt
410 573 40 21 och
470 573 26 26 på
512 576 31 18 ett
558 573 135 26 oförsvarligt
708 573 38 21 och
764 573 119 26 lättsinnigt
896 575 43 19 sätt

121 602 71 20 brutet
207 602 91 27 ensidigt
314 602 23 21 af
351 602 94 27 tjenaren
462 602 39 21 och
517 605 31 19 att
563 602 123 21 husbonden
703 602 18 26 ej
737 602 39 20 har
791 602 81 21 kunnat
887 604 53 24 göra

121 630 31 20 sin
168 632 43 19 rätt
227 631 103 26 gällande.
362 631 30 21 En
409 632 81 26 tjenare
505 632 38 20 har
559 630 102 27 aflägsnat
677 631 44 26 sig;
738 630 41 21 han
795 631 81 21 hemtas
892 631 48 21 åter

120 665 76 20 genom
212 660 202 26 konobetjeningens
430 659 88 28 försorg,
535 666 46 15 men
597 660 104 25 aflägsnar
716 660 33 25 sig
763 660 64 20 sedan
843 660 95 26 återigen

121 687 92 28 följande
232 688 40 27 dag
288 695 18 14 o.
324 695 14 14 s.
355 695 25 17 v.,
396 689 48 20 med
466 691 31 19 ett
513 689 48 20 ord:
586 688 42 21 han
644 689 40 20 kan
701 689 50 25 göra
768 688 58 21 detta
841 688 6 21 i
863 688 76 27 sjelfva

121 717 73 21 verket
210 717 29 22 sä,
255 720 31 18 att
302 717 124 21 husbonden
440 718 40 20 alls
495 718 62 26 ingen
573 718 58 21 makt
647 723 48 21 eger
711 717 59 21 öfver
784 717 84 21 honom.
898 717 42 27 Jag

121 750 45 17 tror
182 746 75 25 derför,
274 747 32 20 att
321 747 36 20 det
372 748 23 19 är
406 746 87 21 alldeles
504 747 21 20 af
535 745 182 26 nödvändigheten
728 746 116 27 päkalladt,
855 747 33 20 att
898 746 40 21 den

121 775 87 26 tjenare,
232 781 44 15 som
300 775 60 21 viker
375 775 39 22 och
432 776 101 21 itereradt
548 775 59 21 viker
623 775 46 21 frän
685 775 30 20 sin
732 775 71 27 tjenst,
819 775 7 21 i
842 775 36 21 det
893 775 44 25 fall,

121 806 31 19 att
167 804 126 21 husbonden
316 805 18 26 ej
354 811 45 14 mer
421 804 35 21 vill
475 805 51 20 eller
541 805 41 20 kan
598 804 84 21 behålla
697 803 84 28 honom,
795 806 23 19 är
833 804 106 21 underka-

119 833 47 20 stad
192 839 25 14 en
240 833 48 21 litet
311 833 84 21 svärare
418 835 69 25 näpst.
517 834 40 26 Jag
581 833 67 21 skulle
670 833 70 20 derför
763 839 56 19 anse,
836 835 32 18 att
892 833 47 20 icke

121 861 55 22 blott
192 862 35 21 det
249 864 7 19 1
278 868 70 20 mom.
364 865 50 18 utan
437 862 61 21 äfven
515 863 36 20 det
565 863 67 20 andra
647 862 6 21 i
669 861 115 22 utskottets
804 861 135 22 betänkande

120 890 66 21 borde
200 891 130 26 godkännas.
360 891 61 21 Hvad
438 891 46 21 äter
499 891 36 22 det
549 891 68 26 tredje
626 893 116 19 momentet
755 891 105 26 beträffar,
872 891 68 26 angär

120 919 36 21 det
171 919 39 22 alls
222 919 19 27 ej
252 919 114 27 tjenarene,
377 922 51 19 utan
440 921 89 20 tvärtom
538 921 45 26 just
593 919 148 22 husbönderne
753 919 39 22 och
803 920 59 21 torde
874 919 66 22 blifva

119 948 88 21 alldeles
230 949 130 26 nödvändigt
380 949 48 20 med
451 948 98 22 afseende
565 949 12 20 &
593 949 60 20 deras
678 948 99 21 inbördes
799 948 138 21 förhållande.

120 977 30 26 Ty
166 977 36 21 det
217 977 126 27 omöjliggör
358 977 71 27 något,
440 983 44 16 som
497 977 83 21 härtills
590 977 127 21 åtminstone
733 977 18 26 ej
768 977 38 21 har
821 977 81 27 utgjort
914 977 26 21 sä

119 1005 88 22 alldeles
222 1007 114 26 undantag,
360 1006 36 21 det
414 1006 133 21 förhällande
570 1006 111 27 nemligen,
697 1008 33 18 att
745 1006 40 21 den
802 1013 38 14 ene
856 1006 81 21 arbets-

120 1034 94 27 gifvaren
237 1041 75 20 genom
332 1035 52 21 löfte
406 1042 34 14 om
464 1035 65 26 högre
551 1034 92 27 aflöning
663 1041 117 20 uppmanar
802 1035 40 20 den
861 1035 78 20 aadres

120 1063 80 27 tjenare
224 1066 32 19 att
278 1063 117 28 öfvergifva
416 1064 97 27 tjensten.
544 1064 41 26 Jag
607 1063 68 22 skulle
697 1063 72 21 derför
790 1063 33 21 för
838 1064 43 20 min
898 1063 40 25 del,

120 1093 89 20 oaktadt
226 1093 36 26 jag
285 1093 114 26 ingalunda
419 1099 62 14 anser
496 1092 173 27 arbetarefrägan
685 1092 123 27 härigenom
824 1098 50 15 vara
889 1092 51 26 löst,

119 1121 50 26 vilja
184 1121 113 26 godkänna
312 1122 116 20 utskottets
442 1121 134 21 betänkande
592 1122 6 20 i
615 1121 46 21 dess
677 1121 77 21 helhet.

188 1178 89 20 Prosten
300 1178 154 27 Grönberg:
486 1178 30 20 En
533 1178 50 21 värd
599 1178 67 20 talare
682 1177 96 21 uttalade
794 1178 39 20 den
850 1177 89 26 önskan,

119 1209 32 18 att
176 1207 35 20 det
234 1207 127 26 ömsesidiga
383 1206 142 21 förhällandet
548 1207 120 21 husbönder
687 1206 40 21 och
742 1207 81 26 tjenare
848 1206 90 21 emellan

120 1235 65 21 borde
200 1235 93 26 grundas
308 1235 27 27 pä
350 1235 88 27 frivillig
461 1235 218 22 öfverenskommelse.
699 1235 38 21 Ett
758 1235 76 20 sädant
849 1237 43 18 sätt
907 1236 34 19 att

119 1263 45 22 tala
185 1264 67 21 skulle
275 1264 57 27 gifva
352 1270 25 15 en
398 1264 113 27 anledning
525 1267 32 18 att
570 1263 121 26 misstänka,
709 1264 34 21 det
759 1263 81 21 talaren
855 1263 18 27 ej
890 1269 50 15 vore

119 1292 85 21 hemma
219 1293 46 20 frän
280 1292 97 26 Finland,
394 1293 37 20 der
444 1293 23 26 ju
483 1293 74 21 sädant
572 1292 131 21 förhällande
719 1292 65 21 sedan
800 1292 72 26 längre
884 1291 56 22 tider

120 1321 89 21 tillbaka
224 1321 38 20 har
278 1323 35 24 egt
328 1328 52 18 rum,
395 1321 55 21 hvad
466 1321 124 27 legoaftalet
605 1320 112 26 beträifar;
733 1321 35 20 det
785 1323 23 18 är
821 1321 24 26 ju
860 1327 25 14 en
903 1320 36 21 fri-

119 1349 61 27 villig
194 1350 214 21 öfverenskommelse
430 1350 40 21 och
490 1351 109 26 ingenting
614 1353 70 18 annat.
714 1349 49 21 Men
781 1349 27 21 dä
823 1349 69 21 denna
908 1349 31 20 öf-

120 1378 190 22 verenskommelse
334 1379 77 26 brytes,
427 1379 49 21 sker
492 1380 39 20 den
547 1379 66 21 andra
627 1380 75 25 parten
718 1380 64 19 orätt.
814 1378 71 21 Alltsä
900 1378 40 20 bör

120 1407 59 21 detta
202 1407 50 26 ofog
273 1407 80 27 stäfjas.
384 1407 41 21 Det
448 1409 23 20 är
484 1408 44 27 just
543 1407 72 27 derpä,
630 1413 44 15 som
691 1406 161 28 ifrägavarande
868 1407 72 26 lagbe-

120 1435 131 26 stämningar
265 1436 27 26 gä
306 1438 30 18 ut.
367 1435 49 20 Man
437 1436 38 19 har
491 1436 121 20 beskärmat
627 1436 32 25 sig
675 1435 58 20 öfver
748 1435 192 20 straffbestämnin-

119 1469 51 20 gens
186 1462 100 26 härdhet;
310 1469 47 15 men
375 1464 37 25 jag
426 1463 36 21 vill
478 1463 56 21 fästa
549 1463 56 20 vissa
619 1462 159 22 vederbörande
793 1463 79 20 talares
888 1468 52 21 upp-

120 1491 143 22 märksamhet
278 1491 42 26 vid,
336 1493 32 19 att
383 1491 220 28 straffbestämningen
617 1491 24 27 ju
652 1492 38 21 här
701 1493 23 19 är
735 1491 131 24 latitudinär,
877 1491 64 26 högst

120 1521 41 21 300
177 1521 60 21 mark
254 1521 38 22 och
314 1521 62 26 högst
391 1523 32 18 tre
438 1520 106 22 mänader.
575 1520 69 22 Alltsä
659 1520 42 21 kan
717 1520 109 21 minimum
842 1519 27 28 gä
884 1519 58 22 ända
