1103 1798
322 134 159 19 Presteståndet
493 135 54 17 1877.
571 135 25 17 27
608 137 114 16 november.
842 130 54 21 2255

109 203 108 21 förädlade
240 205 97 20 trävaror
358 203 41 21 kan
419 205 55 20 ännu
494 204 85 21 anföras
595 204 50 25 deri,
662 207 38 22 att,
716 205 27 20 då
759 205 48 20 våra
822 204 104 27 urskogar

109 231 81 28 engång
211 233 50 25 taga
283 231 42 22 slut
346 233 39 20 och
407 232 35 21 det
457 233 40 21 blir
512 239 25 14 en
553 233 155 26 nödvändighet
723 235 32 19 att
769 233 84 26 försåga
867 233 59 20 virke

108 260 23 21 af
151 261 81 20 mindre
254 260 146 25 dimensioner,
419 263 14 18 t.
449 267 32 15 ex.
499 263 12 18 7
527 262 12 20 ä
553 262 13 20 8
582 264 61 23 tums,
659 261 76 21 sådant
749 261 46 21 icke
810 262 48 24 kan,
875 264 50 18 utan

108 290 32 20 att
154 289 127 21 åtminstone
298 289 81 21 hälften
394 289 38 26 går
446 290 103 21 förloradt
555 296 75 20 genom
642 289 117 27 sjunkning,
771 292 154 24 transporteras

107 317 28 27 på
157 317 23 21 så
202 317 63 26 långa
287 317 110 26 distanser,
414 323 43 16 som
479 319 36 20 det
537 318 64 26 virke,
621 325 44 14 som
681 325 28 14 nu
724 318 101 27 försågas,
840 318 39 21 har
894 318 31 21 till

108 345 78 22 hafvet.
209 358 28 3 —
252 346 39 26 Jag
315 348 70 19 röstar
407 346 82 21 derföre
510 347 33 20 för
563 349 32 18 att
609 347 63 26 linjen
684 346 242 22 Tammerfors—Etseri

107 374 79 27 bygges
201 374 31 21 till
247 374 52 22 först
315 375 39 21 och
370 375 65 21 sedan
450 375 109 22 fortsättes
573 375 32 21 till
621 375 137 22 Nikolaistad.

174 431 152 28 Kyrkoherden
344 431 152 22 Stenbäck:
527 433 66 26 Tager
603 439 48 15 man
660 432 80 27 hägsyn
753 432 30 21 till
793 433 25 20 de
830 433 96 20 ständer-

107 460 75 27 beslut,
204 467 44 14 som
270 461 34 20 vid
323 461 125 26 föregående
471 462 100 25 landtdag
585 461 6 20 i
606 461 171 27 jernvägsfrågan
796 461 63 21 hafva
881 461 44 21 till-

107 489 94 27 kommit,
216 495 34 15 ser
265 496 48 15 man
332 489 123 28 otvetydigt,
471 492 32 19 att
517 491 195 26 representationen
728 489 39 22 har
782 489 46 21 haft
843 490 6 20 i
865 490 59 26 sigte,

106 520 32 19 att
161 519 36 21 det
217 520 106 20 närmaste
342 519 135 25 tillgörandet
497 519 10 27 i
517 519 174 27 jernvägsfrågan
711 519 39 21 bör
765 518 71 25 blifva,
852 520 32 19 att
899 524 26 15 en

106 547 165 27 bansträckning
293 548 58 21 ledes
374 554 41 20 upp
439 548 31 20 till
493 548 137 21 Österbotten
650 548 39 21 och
704 548 87 26 specielt
806 547 32 21 till
853 548 71 20 Wasa.

106 575 91 22 Fattade
210 576 37 26 jag
262 576 73 27 riktigt
351 576 40 21 den
407 576 125 26 diskussion,
548 582 44 16 som
608 576 7 21 i
631 578 60 20 våras
706 577 6 20 i
728 576 58 21 detta
798 576 61 21 stånd
870 576 54 21 före-

107 610 37 14 var
166 604 6 21 i
196 605 59 21 detta
277 606 68 23 ämne,
368 605 60 21 torde
451 605 26 21 de
497 605 60 21 flesta
573 605 67 21 talare
655 605 59 21 äfven
730 604 60 22 hafva
806 605 45 21 haft
867 605 58 21 detta

106 633 42 21 mål
163 634 6 20 i
186 634 59 26 sigte.
275 634 29 20 Af
319 634 42 20 alla
377 634 26 20 de
418 634 73 26 banor,
507 640 44 15 som
567 635 27 20 då
609 636 69 19 varmt
693 634 127 25 förordades,
831 634 93 20 förorda-

107 661 37 22 des
166 662 7 21 i
196 662 114 27 synnerhet
333 663 40 20 den
396 662 106 22 mellersta
524 663 131 26 stambanan,
675 669 25 15 en
724 662 201 26 förbindningsbana

106 690 46 22 från
174 690 141 22 Tammerfors
337 691 32 21 till
391 692 39 20 den
452 692 107 21 mellersta
577 692 124 20 stambanan
722 692 37 20 och
780 690 88 22 framför
887 690 38 22 allt

106 721 33 20 att
152 720 142 21 förbindelsen
311 720 88 22 emellan
415 720 140 22 Tammerfors
570 720 39 22 och
626 721 64 21 Wasa
704 721 65 21 måtte
786 722 59 19 snart
859 719 65 22 blifva

107 754 25 16 en
149 749 121 27 verklighet.
300 749 43 21 Vill
359 755 47 15 man
422 749 27 27 på
467 750 67 27 allvar
549 752 48 24 taga
613 750 6 20 i
637 750 137 21 betraktande
791 749 25 21 de
831 748 93 22 faktiska

106 776 159 23 förhållandena
288 778 48 22 med
355 778 98 21 afseende
476 778 12 21 å
509 778 137 22 Österbotten
669 777 96 22 vis-å-vis
788 778 39 21 den
843 777 82 27 sydliga

107 806 59 22 delen
189 806 23 22 af
233 807 72 21 landet
327 807 55 21 hvad
405 807 205 28 kommunikationer
633 806 105 26 beträffar,
760 807 66 26 ligger
841 806 36 22 det
892 806 32 22 för

107 836 68 26 öppen
191 836 40 27 dag
247 836 54 22 huru
316 836 153 27 styfmoderligt
477 836 136 22 Österbotten
623 836 67 21 blifvit
700 836 135 21 behandladt.
859 835 65 21 Stati-

106 864 68 22 stiken
195 864 42 22 kan
259 865 104 27 uppgifva,
384 867 32 19 att
435 866 66 20 under
516 867 83 19 senaste
615 865 73 26 period
706 865 139 21 1862—1874
860 866 65 19 stats-

106 894 74 21 verket
194 900 75 21 genom
285 894 162 27 öfverstyrelsen
461 894 33 21 för
508 896 40 25 väg
563 894 39 21 och
618 893 306 22 vattenkommunikationerna

106 923 84 26 utgifvit
206 923 73 21 endast
294 930 25 15 en
335 923 71 26 miljon
422 923 32 21 för
469 923 86 21 arbeten
571 923 33 21 till
618 923 247 21 kommunikationernas
881 923 43 20 för-

107 951 113 22 bättrande
239 952 7 21 i
268 952 63 21 Wasa
346 952 39 21 och
401 951 116 27 Uleåborgs
533 953 41 25 län,
589 958 48 15 men
652 952 56 21 inom
725 951 38 21 den
780 951 68 26 öfriga
864 951 60 21 delen

107 980 22 22 af
150 981 71 21 landet
245 982 55 21 ända
321 980 32 22 till
369 983 12 19 5
398 980 26 28 !/;
444 981 97 27 miljoner
556 981 65 21 mark.
656 980 71 22 Saima
748 980 64 21 kanal
834 980 89 21 kostade

106 1011 52 20 nära
181 1010 25 20 12
224 1010 27 27 1/,
270 1010 97 27 miljoner
389 1009 59 22 mark
466 1010 38 21 och
526 1010 54 21 hade
596 1009 31 22 till
642 1010 58 26 följd,
716 1011 31 19 att
763 1009 40 21 den
818 1008 106 27 betydliga

107 1038 39 22 och
168 1039 139 27 inbringande
330 1038 83 28 handel,
435 1045 44 15 som
501 1039 100 21 städerna
623 1038 28 27 pä
671 1038 122 21 vestkusten
809 1038 54 20 hade
879 1038 45 20 haft

107 1068 47 20 med
174 1068 26 20 de
220 1068 43 21 inre
285 1068 86 21 delarne
389 1068 22 20 af
424 1067 78 25 landet,
519 1068 62 26 drogs
597 1069 81 19 österut
693 1067 47 21 bort
755 1066 46 22 frän
817 1067 24 20 de
858 1068 65 19 öster-

107 1096 107 22 bottniska
237 1096 156 22 kuststäderna.
423 1096 32 21 Gå
478 1096 20 21 vi
520 1098 55 19 ännu
598 1096 72 26 längre
693 1095 90 22 tillbaka
797 1096 6 20 i
819 1095 57 21 tiden
891 1095 33 21 till

106 1125 100 27 perioden
230 1125 146 26 1855—1862,
399 1125 24 21 sä
444 1125 55 21 visar
521 1126 64 20 Reins
608 1125 99 24 statistik,
729 1126 31 19 att
776 1124 99 25 anslagen
890 1123 34 21 för

107 1153 135 22 Österbotten
259 1160 50 15 voro
325 1156 56 20 ännu
396 1153 88 25 mindre,
499 1154 104 26 nämligen
619 1154 74 20 endast
709 1153 76 25 31,000
794 1152 66 21 mark.
883 1152 41 26 Jag

107 1182 67 22 skulle
197 1182 83 22 derföre
303 1190 50 14 anse
375 1182 36 21 det
434 1184 31 19 att
487 1182 83 21 besluta
591 1182 31 26 sig
644 1181 33 21 för
692 1188 26 15 en
734 1181 65 21 banas
814 1181 110 26 byggande

106 1212 45 20 frän
169 1212 62 20 Wasa
247 1212 32 20 till
297 1211 115 27 Jyväskylä
427 1211 69 21 säsom
512 1218 25 14 en
553 1211 75 26 ätgärd
643 1210 43 21 helt
702 1210 40 21 och
757 1210 66 21 hället
839 1212 85 18 neutra-

105 1240 105 21 liserande
233 1240 25 21 de
281 1240 76 26 beslut,
376 1246 44 15 som
441 1240 114 21 ständerna
570 1239 134 21 härförinnan
720 1239 63 21 hafva
797 1238 64 21 fattat
876 1238 48 21 med

107 1268 97 22 afseende
226 1268 12 22 å
256 1268 255 27 jernvägsbyggnaderna.
542 1268 37 21 Att
601 1268 66 26 draga
686 1274 26 15 en
733 1267 50 27 linje
799 1266 45 22 från
860 1267 64 20 Wasa

106 1296 31 22 till
158 1297 115 27 Jyväskylä
291 1298 7 20 i
319 1298 41 20 den
378 1298 106 20 närmaste
504 1296 114 22 framtiden
634 1298 50 19 utan
700 1298 32 19 att
747 1296 83 21 besluta
845 1295 32 27 sig
891 1294 33 22 för

106 1332 25 15 en
151 1326 202 26 förbindningsbana
373 1326 30 21 till
424 1325 109 22 trakterna
555 1326 22 21 af
595 1326 67 21 Alavo
678 1324 51 22 eller
743 1324 70 22 Etseri
828 1330 49 15 vore
893 1326 31 19 att

106 1355 69 27 bygga
190 1361 26 15 en
231 1357 69 25 stump
315 1355 40 21 här
369 1354 40 22 och
425 1360 24 16 en
465 1356 70 25 stump
551 1354 44 25 der,
611 1360 45 15 som
671 1354 47 20 icke
733 1353 68 22 skulle
817 1353 33 21 stä
865 1352 59 22 iför-

106 1384 95 21 bindelse
223 1384 48 21 med
295 1383 25 21 de
343 1384 64 20 redan
430 1383 137 27 färdigbygda
589 1383 101 21 banorna.
725 1382 83 26 Bygger
827 1387 49 15 man
897 1388 26 14 en

107 1414 69 23 stump
197 1412 47 21 frän
262 1412 64 21 Wasa
345 1414 87 24 österut,
448 1412 40 21 kan
509 1412 68 21 denna
592 1412 46 21 icke
653 1411 62 22 hafva
730 1411 69 27 nägon
815 1410 108 27 betydelse

105 1440 67 22 under
188 1446 26 14 en
229 1440 49 27 lång
294 1440 50 27 följd
359 1439 24 21 af
396 1440 30 25 är,
442 1439 78 27 bygger
535 1445 48 16 man
599 1439 47 20 åter
657 1441 91 19 tvärtom
759 1439 46 20 från
817 1439 106 20 Tammer-

105 1469 44 21 fors
170 1470 75 19 norrut
264 1468 40 21 och
321 1470 100 23 vesterut,
443 1468 38 20 har
497 1468 68 21 denna
579 1470 70 23 stump
665 1467 65 21 redan
745 1467 32 21 sin
793 1468 58 19 stora
867 1465 57 28 bety-

107 1497 57 22 delse
186 1497 128 27 derigenom,
337 1498 32 19 att
389 1497 40 21 den
446 1496 45 21 stär
507 1497 6 20 i
528 1495 128 22 förbindelse
671 1495 48 21 med
735 1495 36 22 det
783 1495 140 26 jernvägsnät,

107 1533 44 16 som
174 1526 65 21 redan
262 1527 24 20 är
308 1525 72 28 bygdt.
410 1525 67 26 Tager
500 1531 48 15 man
571 1523 102 28 derjemte
694 1524 7 21 i
724 1523 147 28 betraktande,
891 1525 33 20 att
