1103 1786
338 129 159 18 Presteståndet
509 129 53 18 1877.
588 129 12 18 6
611 130 116 17 november.
847 125 54 20 1947

122 214 2 3 +
175 197 33 22 Då
222 197 63 28 ingen
299 198 69 21 talare
383 198 73 22 vidare
471 199 81 22 anmält
567 198 39 28 sig,
617 198 132 22 framställde
760 198 49 21 herr
820 198 111 22 talman-

107 232 52 16 nen
175 226 93 27 följande
282 227 142 27 proposition:

174 283 129 22 Godkännes
319 291 28 14 nu
361 283 163 29 ifrågavarande
539 290 63 15 mom.
618 286 13 20 5
647 284 144 24 oförändradt,
804 284 52 20 eller
867 283 61 21 icke?

105 311 82 22 Vinner
208 312 41 27 nej,
265 312 54 21 skall
335 312 88 22 ärendet
438 312 167 22 återremitteras
620 312 35 22 för
669 314 127 19 momentets
812 312 117 27 omredige-

105 340 48 28 ring
167 340 7 21 i
190 340 77 22 sådant
284 340 25 22 af
322 342 135 26 domprosten
472 341 57 28 Borg
544 348 27 14 m.
587 340 21 22 fl.
624 340 94 28 angifvet
733 340 62 28 syfte,
811 343 32 19 att
858 340 71 22 utlän-

106 369 51 28 ding
178 368 34 22 för
235 370 40 20 den
299 369 40 22 här
359 370 143 21 omförmälda
528 370 101 28 näringen
652 370 38 20 bör
712 376 51 15 vara
785 369 144 21 underkastad

105 404 83 15 samma
202 398 137 28 beskattning
354 404 45 16 som
413 398 101 22 inländsk
528 404 55 16 man.

173 455 132 22 Besvarades
320 456 49 21 med
387 457 23 20 12
424 456 23 27 ja
462 456 40 21 och
518 457 26 20 17
559 456 41 27 nej.

174 513 15 28 8
206 515 26 20 14
247 513 130 29 godkändes.

173 570 34 28 Ny
222 571 107 27 paragraf.

171 628 91 21 Prosten
284 628 79 27 Hjelt
385 628 116 24 anmärkte,
524 629 32 20 att
579 628 35 21 det
637 634 37 15 var
689 627 115 27 sjelffallet,
820 629 32 20 att
866 634 65 21 para-

102 656 76 28 grafen
200 657 68 21 måste
290 656 108 22 förkastas
419 656 7 21 i
448 656 53 27 följd
519 656 24 21 af
556 657 36 21 det
607 656 75 27 beslut,
699 662 45 16 som
762 656 85 22 ståndet
862 656 68 22 fattat

103 685 111 27 angående
231 687 24 19 11
271 685 53 28 $:en.

172 742 85 22 Doktor
277 742 176 22 Nordström:
484 742 94 22 Oaktadt
601 742 36 22 det
659 748 61 21 synes
743 742 58 22 svärt
815 744 32 20 att
862 742 68 21 rädda

103 771 70 21 denna
195 771 102 27 paragraf
311 770 48 22 frän
373 771 143 27 skeppsbrott,
532 771 68 21 skulle
614 771 37 27 jag
666 771 60 25 dock,
741 771 69 21 säsom
825 771 104 21 utskotts-

103 800 100 26 ledamot,
219 800 51 28 vilja
287 800 49 21 litet
350 800 105 27 redogöra
470 800 33 21 för
518 800 32 24 de,
566 800 67 27 enligt
648 800 43 21 min
706 800 57 27 äsigt
778 800 79 27 riktiga
872 799 58 27 prin-

103 829 64 27 ciper,
192 835 45 15 som
261 829 58 27 ligga
339 829 34 21 till
394 829 67 27 grund
482 829 32 21 för
529 829 151 21 betänkandet.
709 828 11 21 I
734 829 69 21 likhet
818 828 48 22 med
881 834 49 21 pro-

103 857 68 22 fessor
186 858 112 21 Ehrström
314 858 85 27 hyllade
414 858 105 21 utskottet
535 858 39 21 den
590 857 88 27 princip,
690 859 32 20 att
732 857 74 27 hvarje
817 857 111 22 samhälls-

103 887 91 20 medlem
210 886 38 21 bör
264 886 21 21 fä
299 886 78 21 lifnära
392 886 32 27 sig
439 892 75 21 genom
530 887 37 20 sitt
577 886 68 27 ärliga
655 886 79 26 arbete,
746 886 67 21 ehuru
823 886 106 21 utskottet

102 915 48 21 icke
171 915 49 27 gick
235 914 24 21 sä
274 915 59 27 längt
349 921 45 15 som
409 915 107 27 professor
531 915 120 25 Ehrström,
667 915 27 20 dä
708 914 42 21 han
766 915 37 20 vill
818 917 33 19 att
867 914 62 21 äfven

104 943 40 22 den
159 943 138 27 vanfräjdade
312 943 56 22 skall
383 945 50 19 utan
449 943 29 21 all
493 943 154 27 inskränkning
662 943 22 21 få
698 943 83 27 åtnjuta
796 943 43 22 alla
854 943 75 27 rättig-

103 972 62 22 heter
187 978 45 15 som
255 973 40 20 den
317 971 137 28 välfräjdade.
490 972 33 21 De
545 971 185 28 inskränkningar,
754 978 45 15 som
822 972 107 21 utskottet

104 1000 112 27 föreslagit
230 1001 39 21 och
284 1001 115 21 ständerna
413 1001 101 27 godkänt,
530 1003 37 19 äro
583 1001 54 22 dock
653 1000 24 21 af
690 1001 40 21 den
746 1003 40 24 art,
803 1003 33 19 att
846 1001 26 20 de
882 1000 47 21 icke

103 1029 67 22 borde
192 1029 62 28 lägga
277 1029 121 28 synnerliga
420 1030 74 21 hinder
511 1030 7 21 i
536 1031 68 26 vägen
618 1029 35 22 för
668 1029 39 21 den
722 1029 150 27 vanfräjdades
887 1029 43 27 hog

104 1060 33 20 att
159 1057 79 22 lifnära
260 1059 32 26 sig
313 1065 75 21 genom
411 1058 65 27 ärligt
490 1059 79 21 arbete.
586 1071 28 3 —
629 1058 62 21 Hvad
706 1065 28 14 nu
750 1058 101 21 särskildt
866 1058 63 27 gärd-

104 1087 134 22 farihandeln
261 1088 72 27 angär,
355 1087 40 22 bör
414 1087 40 22 den
469 1087 35 21 väl
519 1088 7 20 i
542 1087 40 22 och
596 1087 35 22 för
645 1087 33 27 sig
693 1087 47 21 icke
755 1093 61 16 anses
831 1093 51 15 vara
897 1089 32 19 ett

103 1116 82 28 olofligt
207 1117 62 26 yrke;
291 1123 50 15 man
362 1116 40 22 har
423 1116 102 27 förbjudit
545 1116 128 26 densamma,
690 1116 88 21 emedan
794 1122 48 15 man
857 1117 73 20 ansett

104 1145 41 22 den
160 1146 53 27 göra
227 1145 85 28 inträng
327 1145 6 21 i
350 1145 26 21 de
392 1145 132 27 rättigheter,
541 1151 45 15 som
601 1151 49 15 man
666 1145 36 21 vill
718 1145 118 21 förbehälla
848 1145 81 21 städer-

104 1180 39 15 nas
165 1174 78 21 handel
261 1174 108 22 äfvensom
388 1174 159 26 landthandeln,
562 1180 47 15 men
627 1174 61 21 dessa
703 1173 77 21 förbud
795 1173 65 21 hafva
874 1173 55 21 intet

104 1204 101 25 uträttat;
231 1202 188 28 gärdfarihandeln
441 1202 77 22 fortfar
536 1202 48 22 icke
605 1202 60 22 desto
688 1202 93 26 mindre;
804 1202 40 22 den
866 1204 63 25 utgör

105 1231 69 22 säsom
196 1231 109 28 professor
328 1232 111 21 Ebrström
462 1232 64 21 ocksä
549 1231 76 28 riktigt
647 1231 39 22 har
708 1232 100 21 anmärkt
830 1232 30 21 ett
875 1231 54 21 fort-

104 1261 88 21 farande
214 1261 71 26 behof,
309 1261 40 20 den
367 1260 107 22 bedrifves
489 1261 59 20 säväl
562 1260 25 22 af
600 1261 32 20 in-
647 1266 45 15 som
707 1260 143 27 utländingar.
881 1260 47 21 Den

104 1289 98 27 gällande
224 1289 63 27 lagen
309 1289 153 26 öfverskrides;
485 1295 48 15 men
552 1295 25 16 en
592 1289 42 27 lag,
650 1294 45 16 som
710 1289 48 21 icke
773 1289 42 21 kan
831 1290 98 25 upprätt-

104 1317 69 22 hällas
188 1318 40 21 och
243 1324 45 15 som
304 1317 124 22 framkallar
443 1318 99 27 ständiga
556 1317 204 28 lagöfverträdelser,
777 1319 24 19 är
810 1323 26 15 en
844 1317 85 26 skadlig

105 1346 39 21 och
167 1346 193 22 demoraliserande
381 1347 42 26 lag,
444 1352 46 15 som
513 1347 38 20 bör
573 1345 101 22 afskaffas
696 1346 40 21 och
758 1348 91 19 ersättas
865 1345 23 21 af
902 1351 26 15 en

104 1375 77 22 bättre.
212 1375 64 21 Detta
298 1375 40 21 har
359 1375 105 22 utskottet
486 1375 90 27 äsyftat;
596 1375 104 21 huruvida
715 1375 36 21 det
766 1375 82 26 lyckats
863 1374 66 27 vägar

101 1404 39 26 jag
161 1404 48 21 icke
231 1403 79 27 afgöra.
340 1398 116 31 Åtskilliga
478 1403 68 22 talare
566 1403 65 22 hafva
654 1403 116 22 framhållit
789 1403 26 21 de
830 1403 99 26 skadliga

105 1431 83 27 följder,
203 1437 45 16 som
264 1431 67 27 enligt
347 1432 62 21 deras
424 1431 136 21 förmenande
576 1431 69 21 skulle
660 1431 77 26 uppstå
752 1437 34 15 om
798 1431 130 26 rättigheten

104 1462 33 19 att
153 1459 68 22 drifva
235 1459 173 28 gårdfarihandel
423 1459 61 21 äfven
501 1459 113 27 inrymmes
629 1459 23 21 åt
666 1459 142 27 utländingar,
821 1459 29 27 ja,
862 1459 67 26 några

105 1490 40 24 tro,
166 1489 33 20 att
220 1490 59 20 stora
301 1488 66 22 vädor
389 1487 34 21 för
444 1487 112 22 samhället
575 1487 122 28 derigenom
712 1487 70 21 skulle
797 1487 131 21 framkallas.

104 1518 42 27 Jag
167 1516 66 28 vågar
254 1519 41 25 tro,
317 1519 32 20 att
365 1523 34 16 om
415 1516 68 22 denna
498 1516 102 28 rättighet
614 1517 114 26 inrymmes
744 1516 48 21 dem
807 1516 49 22 med
870 1516 59 22 iakt-
