1103 1800
316 142 161 18 Presteständet
490 144 54 17 1877.
568 144 26 16 22
606 144 114 16 november.

850 138 55 20 2193

114 212 23 21 af
157 212 60 21 Hans
239 212 118 27 Kejserliga
372 212 110 26 Majestäts
497 213 76 26 nädiga
588 212 138 27 proposition,
741 212 108 27 angäende
864 212 69 21 förän-

115 240 64 21 drade
196 241 156 26 bestämningar
373 247 33 15 om
422 240 178 26 häradsrätterna,
616 241 79 21 fattade
711 240 75 26 beslut,
801 240 48 21 ville
864 241 48 25 ingä
927 240 6 20 i

115 269 194 27 detaljgranskning
337 269 21 21 af
385 269 132 21 betänkande
543 270 6 20 i
572 270 73 24 saken,
665 269 39 21 den
729 276 74 14 senare
828 268 52 24 äter,
903 270 31 20 att

114 297 163 26 presteständet,
300 298 102 20 likaledes
424 298 46 21 med
493 298 129 26 frängäende
639 297 22 21 af
679 298 37 20 sitt
731 304 49 20 nyss
795 297 139 21 omförmälda

115 325 76 26 beslut,
208 326 67 20 skulle
291 326 5 20 i
313 326 118 21 hufvudsak
445 326 74 21 förena
533 326 31 26 sig
577 332 33 16 om
630 326 35 21 det
677 326 76 26 beslut,
764 326 59 20 hvari
834 325 101 27 borgare-

114 354 86 21 ständet
216 357 84 19 stannat
315 355 6 20 i
334 354 60 27 fräga
406 361 34 15 om
451 355 78 27 förslag
539 355 31 21 till
582 354 128 28 förordning,
721 354 109 27 angäende
840 354 94 21 ändrade

115 382 157 28 bestämningar
288 390 32 14 om
337 383 110 27 härdsting
462 384 39 21 och
517 384 184 21 häradsrätternas
717 384 176 21 sammanträden.

183 440 80 21 Härom
279 440 90 27 uppstod
378 440 98 28 följande
492 440 127 22 diskussion:

183 497 83 21 Doktor
281 497 125 22 Geitlin:
427 498 93 21 Emedan
536 499 40 21 den
591 498 6 21 i
611 498 59 26 fråga
681 498 91 21 varande
783 497 150 27 inbjudningen

114 528 94 20 närmast
231 526 38 21 och
292 527 7 20 i
321 526 88 22 främsta
431 529 90 19 rummet
542 529 35 19 rör
592 526 161 26 bondeståndet,
770 526 67 21 skulle
850 526 36 27 jag
901 526 33 20 för

115 556 41 20 min
181 554 33 22 del
237 555 108 21 vördsamt
367 555 83 25 föreslå,
472 558 32 18 att
526 556 74 26 frågan
617 554 68 22 blefve
700 555 103 27 bordlagd
818 554 115 22 tillsvidare

113 584 39 21 och
176 583 54 22 intill
254 584 47 21 dess
323 584 155 27 presteståndet
496 584 40 21 har
555 584 54 21 varit
624 584 7 21 i
646 584 81 21 tillfälle
742 586 33 19 att
790 584 94 21 inhemta
899 584 36 21 det

113 613 70 21 beslut
199 613 6 20 i
221 613 70 25 saken,
309 613 33 20 vid
358 613 80 21 hvilket
452 613 155 22 bondeståndet
622 615 92 19 stannar.

184 670 76 21 Pastor
276 669 103 22 Lilius:
399 670 40 26 Jag
451 670 85 21 förenar
547 671 43 26 mig
601 671 47 20 med
659 670 77 21 doktor
746 669 83 22 Geitlin.
852 669 82 22 Bonde-

115 699 86 21 ståndet
223 699 39 21 har
285 699 98 26 bordlagt
405 699 87 21 ärendet
515 699 31 21 till
568 699 112 26 lördagens
702 699 92 26 plenum,
810 698 38 21 och
865 699 69 20 derför

114 728 71 21 skulle
197 727 38 28 jag
249 727 92 25 anhålla,
357 730 31 19 att
403 728 87 21 ärendet
506 728 18 27 ej
540 728 38 21 här
594 728 67 21 skulle
677 727 130 22 förekomma
817 727 71 22 förrän
900 728 34 20 vid

115 757 108 26 tisdagens
246 757 156 21 sammanträde
425 757 6 20 i
454 758 62 20 nästa
538 757 70 21 vecka.
639 757 44 26 Mig
703 757 107 20 förefaller
826 756 35 21 det
877 756 57 21 svårt

115 788 32 19 att
163 787 73 20 votera
252 785 33 21 för
299 785 162 28 inbjudningens
477 786 126 27 antagande,
613 786 87 21 emedan
711 785 156 27 presteståndet
878 785 56 21 deri-

113 821 76 20 genom
212 814 66 21 skulle
299 815 84 20 komma
401 816 32 19 att
453 815 99 26 påtvinga
574 814 153 21 bondeståndet
746 820 24 15 en
791 814 83 25 reform,
890 815 44 20 mot

115 843 84 22 hvilken
223 843 36 21 det
280 843 72 26 tyckes
373 843 44 20 helt
439 844 38 21 och
500 844 65 21 hållet
587 849 56 15 vara.
674 843 48 21 Men
740 849 34 15 om
794 843 46 20 åter
855 843 79 20 bonde-

114 872 86 21 ståndet
223 874 88 24 antager
334 872 149 27 inbjudningen
507 873 46 20 från
578 872 146 27 ridderskapet
747 872 39 21 och
809 871 61 21 adeln
894 871 39 22 och

115 901 182 26 borgareståndet,
321 901 61 21 torde
404 901 18 26 ej
444 901 66 21 heller
529 901 155 27 presteståndet
702 901 71 20 kunna
792 899 63 22 hafva
871 901 63 26 något

115 932 32 19 att
169 930 90 21 invända
281 933 57 18 emot
359 930 70 25 saken,
452 930 24 21 så
495 930 85 27 mycket
599 930 81 21 mindre
699 935 45 15 som
767 929 167 27 presteständets

115 961 78 24 vägran
210 959 26 21 då
250 965 58 15 mera
323 961 24 19 är
362 958 86 22 alldeles
464 959 82 26 onödig,
563 959 27 21 då
605 959 36 21 det
656 960 24 19 är
690 960 32 20 tre
733 958 73 21 stånds
818 958 115 27 pluralitet.

184 1016 88 21 Prosten
298 1016 152 21 Borenius
475 1023 37 14 var
540 1016 143 21 förekommen
708 1015 21 22 af
756 1015 25 21 de
808 1015 126 27 föregående

115 1045 90 21 talarne.

185 1102 89 21 Prosten
317 1108 129 21 Rosengren
483 1109 37 14 var
535 1102 101 22 likaledes
651 1101 145 22 förekommen
812 1101 22 21 af
843 1101 25 21 de
879 1100 51 21 före:

115 1131 82 26 gående
213 1131 88 21 talarne.

183 1188 89 21 Prosten
295 1187 166 27 Dahlberg:
490 1187 44 22 För
554 1188 42 21 min
616 1186 33 22 del
670 1193 37 15 var
726 1187 63 21 också
807 1186 36 27 jag
858 1185 76 21 ämnad

115 1220 32 18 att
168 1218 79 26 begära
267 1216 152 28 bordläggning
440 1216 121 27 tillsvidare,
583 1222 47 15 men
649 1222 68 17 anser,
733 1218 31 18 att
778 1214 157 27 presteståndet

116 1248 50 19 utan
191 1246 99 21 afseende
312 1246 27 26 på
361 1246 165 21 bondeståndets
549 1244 69 22 beslut
641 1244 39 21 bör
701 1244 27 26 gå
748 1244 7 20 i
776 1250 26 14 en
826 1249 107 21 noggrann

115 1274 97 27 pröfning
229 1275 22 20 af
263 1275 72 24 saken,
345 1274 39 21 och
399 1277 33 18 att
447 1274 67 21 denna
529 1274 59 26 fråga
604 1273 117 26 egentligen
732 1272 66 22 borde
808 1272 127 26 bordläggas

115 1303 32 21 till
163 1303 176 21 nästkommande
355 1303 79 26 lördag.

184 1359 112 22 Professor
320 1359 154 21 Forsman:
511 1359 49 21 Med
585 1358 113 27 anledning
722 1357 23 21 af
770 1358 56 20 hvad
848 1358 86 25 prosten

116 1388 109 27 Dahlberg
245 1388 90 27 yttrade,
354 1388 67 21 skulle
434 1388 37 27 jag
485 1388 26 21 be
527 1390 32 19 att
574 1387 22 21 få
610 1387 73 21 förena
698 1387 42 25 mig
755 1386 47 21 med
819 1387 25 20 de
860 1386 74 25 talare,

115 1424 45 14 som
184 1418 54 19 först
255 1417 86 25 yttrade
356 1417 31 25 sig
401 1417 7 19 i
424 1416 70 21 saken.
526 1417 40 20 Det
581 1416 42 20 kan
639 1415 18 25 ej
673 1415 71 23 nekas,
760 1415 61 21 äfven
837 1420 33 15 om
886 1420 49 15 man

115 1445 106 20 erkänner
241 1444 54 21 hvad
317 1444 104 21 utskottet
442 1444 38 20 har
500 1443 120 27 framhållit,
641 1445 31 18 att
690 1442 41 21 den
746 1442 128 25 förändring,
889 1447 45 15 som

116 1473 80 27 åsyftas
217 1474 6 19 i
245 1472 214 24 domstolsreformen,
481 1472 64 21 också
566 1473 35 19 rör
620 1471 66 21 andra
707 1470 121 21 menniskor
849 1471 27 19 än
897 1470 38 20 all-

115 1508 82 21 mogen,
221 1504 32 19 att
275 1502 35 20 det
333 1503 24 19 är
379 1501 67 21 denna
465 1500 95 27 allmoge,
583 1506 44 14 som
647 1499 94 21 kommer
756 1500 32 20 att
803 1500 55 20 mest
872 1497 63 33 hafva

116 1531 94 27 känning
230 1531 22 21 af
271 1530 26 21 de
317 1529 91 22 fördelar
431 1530 50 21 eller
502 1528 141 28 olägenheter,
659 1534 45 15 som
720 1527 60 22 deraf
794 1528 68 21 skulle
878 1527 56 26 följa.

834 1567 33 17 138
