1103 1786
315 130 160 18 Presteståndet
488 131 55 17 1877.
566 131 26 16 29
604 131 116 16 november.
849 124 55 22 2297

180 199 110 22 Professor
311 199 122 21 Donner:
464 199 38 21 Om
525 205 47 15 man
594 199 36 21 vill
650 199 106 21 bibehålla
772 199 40 21 den
828 199 105 26 säkerhet,

112 234 44 15 som
179 228 59 21 detta
259 233 40 21 nya
314 228 79 25 förslag
408 227 80 27 åsyftar
503 227 33 21 för
549 227 133 26 jordegaren,
698 233 61 21 synes
775 228 36 20 det
827 228 41 25 mig
884 233 51 15 vara

112 256 129 25 nödvändigt
263 258 32 18 att
317 262 26 15 ur
365 256 59 21 detta
445 257 11 20 2
473 262 70 17 mom.,
562 261 44 16 som
622 255 61 26 ingår
698 256 6 20 i
720 257 40 19 den
776 262 29 14 nu
820 255 115 22 bestående

111 284 158 26 förordningen,
283 285 94 20 utesluta
393 283 36 21 det
443 284 53 21 sista
511 286 69 22 ,,samt
591 284 38 20 der
643 283 102 27 anbringa
761 283 119 21 bomfästen
896 283 39 21 och

112 312 87 27 vidtaga
222 312 66 20 andra
310 312 33 21 för
359 312 118 21 ändamålet
494 312 138 26 erforderliga
647 312 111 26 åtgärder"
774 312 38 21 och
830 312 106 21 öfverföra

113 341 68 21 denna
204 340 133 26 bestämning
355 340 32 21 till
409 340 11 27 $
439 342 19 24 5,
475 340 37 21 der
527 341 40 20 den
582 346 29 15 nu
626 340 61 26 ingår
701 340 7 21 i
723 340 108 26 förslaget,
846 340 89 21 emedan

114 369 122 27 derigenom
256 369 119 27 verkeligen
398 369 113 27 olägenhet
532 369 39 21 och
592 369 68 21 skada
679 368 41 22 kan
739 369 125 26 tillskyndas
877 369 58 27 jord-

113 404 83 20 egaren.
228 398 39 21 Om
282 398 107 21 fästandet
404 398 23 22 af
440 398 96 21 bommar
551 397 39 22 och
605 398 67 20 andra
688 398 70 26 dylika
769 398 99 26 åtgärder
878 398 58 21 med-

112 427 47 21 föra
174 427 69 26 någon
266 427 73 25 skada,
358 426 24 21 så
401 428 24 20 är
444 426 34 21 väl
496 426 125 27 jordegaren
645 426 118 27 berättigad
782 428 33 19 att
831 426 70 22 derför
915 425 23 22 få

113 456 124 26 ersättning.
269 456 100 20 Deremot
384 460 60 22 synes
460 455 40 21 den
516 455 68 21 första
598 455 61 21 delen
675 455 22 21 af
711 457 11 19 2
739 461 63 15 mom.
817 455 7 21 i
841 455 33 27 18
886 461 52 15 vara

113 490 27 16 en
154 484 94 26 naturlig
263 486 49 24 rätt,
331 483 88 22 emedan
435 484 36 20 det
486 484 27 26 på
528 484 76 26 många
619 486 57 19 orter
691 486 24 19 är
730 484 48 20 rakt
794 484 95 26 omöjligt
904 486 34 18 att

113 512 61 22 flotta
189 513 41 21 ned
245 512 32 22 för
292 512 68 22 forsar
376 513 38 21 och
429 512 57 27 sjöar
502 515 50 19 utan
569 515 31 18 att
616 512 125 27 manskapet
756 512 99 22 beträder
868 514 69 20 strän-

115 542 72 21 derna.
218 541 38 21 Om
269 541 128 27 jordegaren
413 541 53 21 skall
481 547 51 15 vara
548 541 119 27 berättigad
682 544 32 18 att
730 541 71 21 derför
816 541 73 21 fordra
903 547 35 15 er-

114 570 101 26 sättning,
235 570 56 21 leder
311 570 76 21 sådant
405 570 31 21 till
452 570 102 21 orättvisa
570 573 57 18 emot
641 569 96 22 flötaren.
767 570 41 27 Jag
823 576 51 15 vore
889 570 48 21 der-

116 599 45 21 före
176 598 50 27 nöjd
241 601 32 19 att
289 600 76 19 stanna
384 599 35 20 vid
439 598 61 21 dessa
520 598 46 22 ord:
584 614 10 9 ,
597 600 56 19 samt
667 599 38 20 der
720 598 116 27 anbringa"
852 605 19 14 o.
886 604 15 15 s.
916 605 19 14 v.

183 655 83 21 Doktor
281 655 178 22 Nordström:
490 655 110 22 Utskottet
615 655 39 21 har
664 655 115 27 ingalunda
791 655 104 24 förbisett,
906 657 33 20 att

115 684 36 21 det
173 685 24 20 är
219 684 129 26 nödvändigt
366 684 33 21 för
413 683 234 28 flottningsmanskapet
662 686 31 19 att
708 684 90 21 beträda
812 684 127 21 stränderna

115 717 70 20 »samt
207 713 38 21 der
266 713 103 26 anbringa
391 713 117 21 bomfästen
531 713 38 21 och
588 713 86 26 vidtaga
689 713 66 20 andra
770 713 32 20 för
818 713 122 21 ändamålet

115 741 137 27 erforderliga
274 741 120 26 åtgärder".
425 741 83 22 Sådana
527 742 106 21 förmåner
651 743 6 18 i
678 741 115 22 allmänhet
808 743 44 23 äro,
868 742 69 21 såsom

115 770 106 21 utskottet
236 772 61 24 säger
312 770 6 20 i
334 770 37 21 sitt
387 770 140 26 betänkande,
544 769 135 27 oskiljaktisa
694 769 46 21 från
757 770 146 26 begagnandet
917 769 24 22 af

115 798 92 27 flottled;
231 815 9 8 ,
245 801 67 24 men,"
333 801 61 24 säger
409 799 111 24 utskottet,
536 798 145 27 ,alldenstund
697 798 146 27 stadgandena
858 798 81 26 härom,

116 827 78 26 hvilka,
214 828 79 20 sådana
316 827 25 21 de
365 827 131 21 förekomma
511 828 6 19 i
537 833 28 15 nu
580 827 98 26 gällande
694 827 130 26 förordning,
838 827 55 21 visat
908 827 32 25 sig

116 855 49 22 leda
186 856 32 21 till
240 856 105 21 missbruk
363 855 46 22 från
425 855 193 22 virkesflottarenes
634 856 52 23 sida,
702 855 90 22 hänföra
807 855 32 27 sig
855 856 31 21 till
902 855 37 22 vil-

116 885 66 20 koren
204 885 33 20 för
259 885 134 26 flottningen,
415 887 55 18 samt
488 885 82 20 strand-
586 885 39 20 och
647 886 169 23 vattenegarene,
833 884 27 26 pä
875 886 42 19 sätt
932 884 7 20 i

117 913 36 20 det
168 912 91 27 följande
275 915 96 19 närmare
387 912 128 26 framhälles,
536 912 52 22 böra
602 919 51 14 vara
669 912 132 26 berättigade
817 912 31 21 till
864 914 77 19 ersätt-

117 942 50 26 ning
181 941 34 21 för
233 942 40 20 den
288 941 152 26 inskränkning
455 942 6 20 i
477 942 159 26 eganderätten,
653 947 44 14 som
714 941 121 26 härigenom
852 941 88 25 vällas,*

117 970 39 20 har
181 970 105 21 utskottet
313 972 70 19 ansett
408 970 36 21 det
472 976 46 15 vara
544 970 119 26 lämpligast
686 972 37 22 att,
746 970 70 20 säsom
840 968 101 27 förslaget

117 998 125 26 innehäller,
264 998 44 22 läta
330 998 103 26 vilkoren,
455 998 67 21 under
544 998 71 22 hvilka
635 998 57 21 detta
708 999 31 20 fär
754 998 36 21 ske
806 998 49 26 ingä
870 998 6 21 i
893 999 18 24 2,
927 998 14 20 3

118 1026 38 22 och
173 1027 12 21 5
202 1028 29 26 :8.
261 1027 41 27 Jag
322 1027 57 21 inser
399 1027 81 21 således
497 1027 18 26 ej
530 1027 99 21 hvarföre
645 1026 45 21 icke
707 1027 68 20 denna
791 1026 104 27 paragraf,
907 1026 34 20 sä-

118 1056 41 20 dan
175 1056 41 21 den
233 1062 27 14 nu
276 1056 65 27 lyder,
357 1056 40 20 kan
411 1058 93 24 antagas.
535 1055 73 22 Skulle
619 1056 25 20 de
660 1055 5 20 i
676 1054 91 27 följande
776 1055 101 27 paragraf
885 1055 56 21 före-

118 1084 127 22 kommande
264 1084 186 26 bestämningarna
472 1090 62 15 anses
556 1091 51 15 vara
622 1084 121 26 olämpliga,
760 1084 22 21 sä
798 1084 41 20 kan
855 1083 86 21 ståndet

119 1113 84 22 besluta
218 1113 31 21 till
265 1114 88 26 ändring
369 1113 50 21 deri.

188 1244 33 21 Då
244 1244 58 21 tiden
325 1244 107 21 härunder
453 1243 132 22 framskridit
607 1243 33 22 till
661 1241 91 24 klockan
776 1244 36 21 två
828 1243 38 22 och
882 1243 60 26 tjugu

119 1273 92 21 minuter
225 1273 173 26 eftermiddagen,
413 1272 82 21 afbröts
504 1273 156 26 granskningen
673 1272 22 21 af
704 1272 239 27 författningsförslaget

119 1301 39 21 här
180 1301 40 21 och
242 1301 84 22 ståndet
348 1301 109 26 ätskiides,
479 1300 33 22 för
534 1303 32 19 att
590 1301 46 21 åter
657 1301 89 21 klockan
766 1307 36 15 sex
816 1300 77 22 samlas
909 1301 32 20 till

119 1329 93 28 plenum.

698 1397 22 18 In
731 1397 61 18 fidem:

606 1442 50 22 Carl
670 1443 49 21 Joh.
736 1442 135 28 Lindegvist.
