1106 1803
197 143 56 21 2284
382 148 160 18 Presteståndet
554 149 53 17 1877.
631 149 26 16 29
669 149 116 16 november.

169 216 42 22 Det
226 217 45 21 står
286 216 142 27 uttryckligen
444 216 6 21 i
471 218 3 19 1
492 222 61 15 mom.
570 215 24 22 af
608 217 12 20 6
635 215 15 28 $
665 215 7 20 i
687 215 166 27 propositionen,
869 217 32 20 att
916 219 76 23 guver-

168 247 67 20 nören
260 245 55 21 skall
337 245 117 21 bestämma
471 245 39 21 "de
526 244 92 27 afgifter,
642 250 45 15 som
710 244 61 21 skola
786 244 96 27 erläggas
898 243 23 22 af
935 244 59 26 dem,

169 274 73 22 hvilka
263 273 33 22 för
314 273 126 27 flottningen
463 273 98 28 begagna
583 279 81 16 annans
686 273 98 21 enskilda
808 273 181 22 vattenområde”.

169 303 42 22 Det
226 303 95 22 kommer
336 302 82 22 således
433 302 88 27 aldrig
511 297 14 36 i
536 301 66 28 fråga,
618 304 32 19 att
666 308 24 15 en
704 301 113 28 jordegare
832 302 68 21 skulle
914 308 78 21 genom

169 331 73 22 alltför
264 333 58 20 stora
344 331 146 27 pretensioner
511 332 73 21 kunna
606 331 76 22 hindra
704 330 99 28 flottning
818 330 22 22 af
854 331 139 27 skogsalster,

170 361 27 21 då
212 361 36 21 det
262 361 46 20 icke
323 361 45 21 står
383 361 7 20 i
405 360 53 21 hans
480 361 66 25 makt,
569 362 32 19 att
622 366 71 15 ensam
716 359 119 22 bestämma
856 360 64 26 detta,
938 362 54 19 utan

169 390 50 21 sker
234 389 24 22 af
270 389 158 21 vederbörande
450 389 128 28 myndighet.
609 388 109 22 Huruvida
739 389 65 21 sedan
820 391 132 25 guvernören
967 390 28 20 är

170 419 40 21 den
226 418 158 22 vederbörande
405 418 156 27 myndigheten,
576 418 38 21 vill
626 418 37 26 jag
678 417 70 21 lemna
764 418 77 28 osagdt
855 418 40 21 och
910 418 81 22 lemnar

170 448 40 20 den
226 448 72 24 saken,
319 447 33 21 till
372 447 48 21 dess
435 447 20 21 vi
471 447 86 21 komma
571 447 34 21 till
626 448 6 20 2
648 447 14 27 &
678 448 12 20 2
706 449 122 19 momentet.
858 447 79 21 Vidare
952 448 43 20 har

169 482 49 15 man
241 476 105 24 anmärkt,
370 478 32 19 att
418 476 36 20 det
476 482 50 15 vore
541 476 136 26 nödvändigt,
693 477 31 19 att
740 478 56 19 somt
810 475 60 22 virke
886 476 66 21 skulle
968 476 23 21 få

168 504 116 22 nedflottas
299 504 134 22 oafbarkadt.
464 504 77 22 Dertill
556 505 81 21 lemnar
652 504 64 21 ocksä
731 506 13 19 4
760 504 12 28 &
788 504 114 27 anledning
917 505 40 21 och
967 506 24 20 är

168 533 90 22 affattad
274 533 54 21 blott
343 533 7 21 i
366 534 36 20 det
417 533 61 27 syfte,
494 535 32 19 att
544 532 128 23 oafbarkadt
694 533 60 21 virke
768 534 47 20 icke
830 533 32 21 får
877 532 118 23 nedflottas-

168 562 29 27 pä
218 562 80 22 sädana
321 562 83 25 ställen,
427 562 37 21 der
484 562 36 21 det
540 562 67 22 skulle
623 562 76 21 hindra
714 561 39 22 och
768 562 93 21 förstöra
875 562 36 21 det
926 562 65 22 vinst-

168 590 100 28 gifvande
291 590 68 22 fisket.
390 591 61 21 Hvad
474 591 167 27 anmärkningen
664 592 56 20 emot
744 591 26 21 10
786 591 12 27 &
813 591 138 25 vidkommer,
967 593 24 19 är

170 620 37 21 det
222 620 109 27 naturligt,
352 622 40 24 att,
411 626 33 15 om
466 626 25 14 en
506 620 75 21 flötare
597 620 81 20 lemnar
692 620 54 21 efter
762 620 32 26 sig
809 620 66 24 stock,
892 622 51 19 utan
959 623 33 19 att

169 649 103 27 bekymra
295 650 33 26 sig
350 655 33 14 om
406 649 128 26 densamma,
559 649 42 21 den
623 649 121 27 derigenom
760 651 32 19 att
808 649 39 21 den
863 649 133 27 nedsjunker

170 677 34 22 till
220 678 72 21 botten
308 678 7 20 i
331 677 80 21 sädana
425 678 133 27 vattendrag,
574 684 44 16 som
634 678 107 26 begagnas
756 678 34 20 till
804 677 106 28 flottning,
921 678 71 22 ästad-

170 707 97 20 kommer
282 713 25 14 en
322 708 46 19 stor
382 707 72 20 skada.
484 706 49 21 Alla
548 707 62 20 dessa
624 708 33 19 tre
672 706 171 27 anmärkningar,
859 713 45 14 som
920 707 23 20 af
952 707 42 20 den

171 735 68 21 första
258 735 82 20 talaren
362 735 63 20 hafva
446 734 70 22 blifvit
532 735 133 25 omnämnda,
680 735 72 21 kunna
767 735 45 20 icke
828 735 27 26 pä
870 735 64 27 nägot
949 737 44 19 sätt

170 763 66 22 verka
250 763 28 27 pä
292 763 190 22 underkännandet
498 763 23 21 af
534 764 36 21 det
585 769 28 16 nu
628 763 108 27 förelagda
752 763 146 28 lagförslaget.

238 819 76 22 Pastor
336 820 186 21 Westerlund:
552 821 40 26 Jag
615 820 111 25 erkänner,
749 822 33 19 att
802 820 36 27 jag
856 821 39 21 har
910 821 41 20 läst
967 821 26 21 de

169 850 119 26 uppsatser,
309 855 44 15 som
377 849 67 21 under
458 849 26 21 de
500 851 32 19 tre
547 851 84 19 senaste
654 849 92 26 dagarna
767 849 61 21 hafva
845 849 126 22 förefunnits
986 850 8 20 i

168 877 135 27 tidningarna
326 878 39 21 och
388 877 72 21 hvilka
480 878 62 21 hafva
563 878 55 21 varit
640 877 82 22 riktade
739 879 57 20 emot
811 878 40 21 den
866 885 41 20 nya
922 878 70 21 stock-

168 905 178 28 flottningslagen,
358 907 37 26 jag
410 907 110 26 erkänner,
534 908 32 20 att
579 907 37 26 jag
630 907 40 20 har
680 907 112 26 emottagit
804 906 82 28 intryck
904 907 24 21 af
936 907 57 26 dem,

168 941 48 15 men
233 935 35 21 vill
280 935 68 27 påstå,
371 937 32 20 att
426 935 24 21 de
469 935 89 28 intryck,
572 935 36 27 jag
624 937 94 25 emottog
733 936 33 21 vid
782 936 174 26 genomläsandet
971 936 26 21 af

169 964 41 21 den
231 963 116 28 Kejserliga
368 964 159 27 propositionen
550 965 65 21 redan
634 965 6 20 i
656 964 68 27 våras,
746 971 51 15 voro
821 964 111 22 enahanda
961 965 34 20 De

168 992 53 26 skäl,
238 992 66 22 ehuru
320 993 26 21 de
360 993 46 21 icke
422 993 63 21 hafva
499 993 81 22 kunnat
596 993 59 21 anslä
670 997 86 23 prosten
771 993 66 28 Hjelt,
848 993 70 22 hvilka
932 993 22 22 af
966 993 28 22 de

168 1023 78 20 tvänne
261 1021 66 22 första
342 1022 96 21 talarene
453 1022 63 21 hafva
531 1021 69 22 blifvit
615 1022 96 25 anförda,
727 1024 36 19 äro
779 1023 33 20 för
827 1023 43 26 mig
886 1023 106 21 bindande

168 1050 40 21 och
226 1050 36 27 jag
282 1050 37 21 vili
337 1051 27 26 pä
386 1051 39 20 den
446 1051 68 26 grund
532 1051 73 21 förena
620 1051 42 26 mig
678 1057 33 14 om
728 1051 46 21 dem
790 1051 40 22 och
845 1053 73 19 votera
934 1057 57 15 emot

169 1079 60 20 detta
251 1084 41 22 nya
310 1079 256 26 stockflottningsförslag.
589 1079 49 27 .Jag
660 1079 54 21 skall
730 1079 65 21 hafva
809 1079 84 21 tillfälle
909 1083 32 18 att
956 1080 35 20 vid

169 1107 26 21 de
218 1107 68 21 skilda
308 1108 156 26 paragraferna,
484 1108 44 20 ifall
544 1114 26 15 en
586 1108 119 21 diskussion
721 1108 55 21 skall
791 1108 131 27 paragrafvis
937 1108 54 22 före-

168 1135 92 27 komma,
276 1137 54 25 änyo
345 1138 91 25 upptaga
453 1136 26 21 de
495 1137 69 21 skilda
580 1137 198 26 anmärkningarna.

237 1193 111 21 Professor
370 1193 90 22 Cleve:
491 1194 42 21 Det
555 1194 41 21 kan
618 1194 46 21 icke
686 1194 72 27 nekas,
781 1196 32 19 att
836 1194 40 21 den
891 1194 38 26 tid,
945 1201 46 15 som

168 1221 96 27 förflutit,
279 1222 65 22 sedan
360 1222 61 26 lagen
437 1223 107 26 angäende
567 1222 98 27 flottning
681 1223 23 21 af
717 1223 130 27 skogsalster
862 1223 73 21 utkom
951 1223 40 22 och

167 1250 75 28 gjorde
258 1251 32 26 sig
304 1251 98 26 gällande
417 1252 6 20 i
439 1251 48 21 värt
501 1252 55 26 land,
572 1253 24 19 är
610 1252 85 26 mycket
707 1252 49 20 kort
772 1252 38 21 och
826 1254 33 19 att
873 1258 49 16 man
937 1252 54 22 säle-

167 1279 39 21 des
222 1280 64 21 ocksä
301 1280 46 20 med
364 1280 46 20 skäl
425 1280 41 21 kan
482 1280 53 27 yrka
551 1280 71 26 derpä,
638 1282 32 19 att
685 1281 68 27 nägon
769 1280 114 28 tillräcklig
898 1281 92 21 erfaren-

169 1308 37 21 het
220 1308 109 25 angäende
344 1308 68 21 denna
428 1309 45 25 lags
488 1311 69 19 större
572 1308 51 22 eller
639 1309 81 21 mindre
735 1309 124 27 lämplighet
873 1310 46 21 icke
935 1312 57 18 ännu

168 1336 43 20 kan
226 1342 51 14 vara
292 1342 90 14 vunnen.
411 1337 41 25 Jag
467 1337 35 20 vill
518 1338 63 20 också
596 1344 65 18 gerna
676 1338 112 25 medgifva,
804 1340 32 18 att
851 1339 60 19 detta
926 1338 66 25 angä-

167 1363 56 21 ende
245 1364 55 20 vissa
322 1364 89 26 detaljer
434 1364 39 21 och
496 1364 224 27 detaljbestämningar
738 1364 42 22 kan
797 1372 50 14 vara
863 1365 65 26 fallet,
944 1372 48 15 men

168 1394 62 23 tager
252 1398 48 14 man
324 1392 94 21 deremot
436 1392 109 26 principen
561 1393 6 20 i
583 1392 165 25 skärskädande,
764 1394 24 20 sä
802 1394 62 21 torde
879 1394 40 20 den
937 1394 55 20 erfa-

168 1419 82 25 renhet,
266 1426 44 15 som
326 1420 65 21 redan
408 1421 90 25 vunnits,
515 1427 51 15 vara
580 1427 46 15 mer
640 1422 27 20 än
683 1421 120 28 tillräcklig,
818 1422 33 21 för
866 1424 33 19 att
914 1422 77 27 ädaga-

168 1448 63 27 lägga
246 1448 99 21 behofvet
359 1448 22 21 af
396 1455 26 15 en
437 1456 27 21 ny
479 1449 40 26 lag.
549 1449 152 28 Kyrkoherden
717 1450 128 22 Fredrikson
861 1451 38 22 har
915 1451 77 21 visser-

168 1476 56 28 ligen
247 1477 89 22 kommit
358 1477 31 21 till
410 1478 35 21 det
466 1479 96 26 resultat,
578 1480 32 19 att
626 1478 39 21 den
681 1485 29 15 nu
724 1479 8 21 i
747 1479 60 27 fräga
822 1480 93 21 varande
929 1480 64 27 lagen

166 1511 54 16 vore
235 1505 111 28 obehöflig,
360 1512 47 15 men
423 1507 6 20 i
444 1507 60 21 detta
518 1507 98 22 afseende
636 1507 126 28 framdragit
776 1509 67 24 fakta,
857 1515 53 19 som,
925 1509 67 26 enligt

165 1535 46 21 min
226 1535 91 27 mening,
333 1541 45 16 mer
392 1537 27 19 än
435 1535 124 28 tillräckligt
574 1536 130 27 ädagalägga
722 1537 48 22 dess
785 1537 136 28 behöflighet.
951 1537 41 22 Om
