1103 1789
321 126 160 18 Presteständet
493 127 53 16 1877.
569 127 13 17 6
593 127 114 17 november.
849 120 54 21 1983

183 195 83 21 Doktor
288 195 163 26 Hornborg:
475 195 83 22 Främst
579 195 35 21 vill
629 195 60 22 äfven
702 195 36 26 jag
753 194 73 23 förena
841 196 42 25 mig
898 201 35 14 om

113 223 28 22 de
163 223 24 21 af
208 224 135 25 domprosten
364 223 87 22 Renvall
466 224 95 21 uttalade
577 224 113 27 åsigterna,
705 223 64 22 likväl
784 224 47 21 med
846 224 40 20 den
902 223 31 20 in-

114 251 137 28 skränkning,
266 254 32 19 att
312 254 36 24 jag
363 252 45 21 icke
423 252 68 21 skulle
506 253 50 26 vilja
571 252 6 21 i
592 252 120 27 perspektiv
727 252 64 21 ställa
807 259 25 14 en
840 252 94 21 interna-

112 280 67 21 tionel
202 281 81 20 traktat
305 280 34 21 för
361 283 32 19 att
414 281 66 20 ordna
495 281 179 26 arkangeliternes
688 281 84 20 handel.
802 281 42 20 Det
859 280 38 21 har
913 279 22 22 af

113 315 27 14 en
156 309 51 21 värd
222 309 68 21 talare
304 311 84 25 yttrats,
402 311 33 18 att
449 309 186 26 gårdfarihandeln
651 315 49 15 vore
716 315 25 15 en
757 309 43 21 helt
816 308 39 21 och
868 309 65 20 hållet

113 337 125 22 ekonomisk
260 337 66 27 fråga.
357 338 65 21 Detta
441 338 68 21 måste
522 337 37 28 jag
573 337 53 22 efter
641 337 42 22 min
698 337 121 22 erfarenhet
834 337 38 21 och
887 337 47 21 från

114 366 43 21 min
180 366 130 27 ståndpunkt
333 365 99 22 bestrida.
462 367 47 20 Den
527 369 24 19 är
566 366 46 21 icke
627 373 25 14 en
667 368 48 19 rent
730 366 123 21 ekouomisk
868 366 65 26 fråga,

113 397 53 19 utan
189 395 41 21 den
248 395 176 27 sammanhänger
438 395 48 21 med
501 395 76 26 många
593 395 66 22 andra
674 395 100 21 områden
790 397 27 18 än
833 395 36 21 det
883 395 50 20 eko-

115 423 102 22 nomiska.
247 424 46 21 Den
309 423 174 27 sammanhänger
499 424 47 21 med
557 423 267 27 bemfridsförhållandena,
833 423 47 21 med
888 423 46 21 sed-

114 452 244 27 lighetsförhållandena,
382 452 47 22 med
451 452 26 22 de
492 452 123 28 hygieniska
630 452 158 22 förhållandena
804 452 38 21 och
858 452 76 26 många

113 481 74 22 andra.
218 481 40 27 Jag
280 481 68 22 måste
363 481 88 27 således,
467 482 56 21 hvad
538 482 43 26 mig
595 481 73 27 angår,
683 482 7 20 i
704 481 42 21 allo
762 480 94 28 afstyrka
872 480 61 27 gård-

114 510 144 22 farihandelns
280 510 126 27 frigifvande
428 510 39 22 och
490 517 67 20 anser,
573 513 32 19 att
620 511 39 21 den
675 512 24 20 är
714 510 121 27 principielt
850 510 83 26 oriktig.

114 539 43 21 Det
177 541 24 19 är
223 546 25 14 en
270 541 45 19 stor
329 539 82 22 skilnad
428 546 33 14 om
477 540 84 21 bofasta
576 539 162 21 landthandlare
752 539 68 21 finnas
835 539 6 21 i
856 539 77 27 landet,

113 568 34 21 till
163 568 71 21 hvilka
250 568 46 25 den,
312 574 44 16 som
372 568 107 26 behöfver,
496 569 41 21 kan
554 568 82 27 begifva
651 569 32 26 sig
697 568 33 21 för
745 571 32 19 att
787 568 21 21 få
818 568 45 21 sina
872 567 63 21 behof

115 596 106 28 uppfylda,
245 597 51 21 eller
319 603 33 15 om
375 603 49 15 man
446 598 6 20 i
471 597 72 27 hvarje
559 597 111 27 ögonblick
686 596 54 22 skall
757 603 49 15 vara
822 596 65 22 hotad
902 598 33 19 att

114 624 91 22 besökas
220 625 23 21 af
257 626 85 25 sådana,
358 631 45 15 som
419 632 42 20 nog
475 626 68 21 förstå
558 628 32 19 att
604 631 75 21 genom
695 625 47 21 lock
758 625 38 21 och
812 627 48 25 trug
871 631 63 15 narra

113 654 28 20 de
164 654 81 21 mindre
268 654 84 22 erfarna
374 656 32 19 att
430 654 63 22 blifva
508 654 113 21 afnämare.
650 654 40 27 Jag
705 656 51 23 tror,
772 654 69 21 såsom
858 653 76 21 doktor

115 682 94 28 Lampén
232 683 60 21 äfven
316 682 90 28 yttrade,
424 685 32 19 att
471 683 180 26 arkangeliternas
666 682 116 22 förekomst
798 682 6 21 i
820 682 71 22 landet
906 688 29 15 nu

113 713 25 19 är.
161 711 84 27 mycket
266 712 111 26 fåtaligare
399 714 27 19 än
450 712 64 21 förut.
544 712 53 21 Förr
611 711 71 21 kunde
696 718 48 14 man
760 712 67 26 knapt
842 713 51 24 göra
908 717 26 15 en

115 746 47 16 resa
184 742 52 20 utan
258 742 33 19 att
306 741 63 21 träffa
384 741 26 27 på
426 741 85 25 sådana,
527 747 28 14 nu
572 741 38 21 hör
625 740 36 22 det
676 740 32 21 till
723 740 141 26 undantagen.
894 739 40 21 Till

115 769 26 22 de
157 769 142 27 olägenheter,
316 776 44 15 som
376 770 179 26 arkangeliternas
571 769 76 21 handel
662 769 39 21 och
712 770 72 20 säkert
795 768 72 27 hvarje
876 768 58 27 gård-

115 797 118 22 farihandel
249 798 89 25 medför,
354 798 39 21 hör
408 798 64 21 också
487 800 32 19 att
534 798 26 21 de
575 798 45 22 icke
636 799 70 20 kunna
722 798 57 20 hålla
794 798 31 26 sig
840 797 47 21 från
902 799 32 19 att

116 827 95 21 medföra
232 827 112 21 allehanda
366 827 95 26 skadliga
483 833 68 20 varor,
575 827 62 26 gifter
652 827 39 21 och
706 827 68 21 andra
789 826 146 27 misstänkliga

115 855 179 27 farmakologiska
309 858 105 25 preparat,
430 856 23 20 af
467 856 72 21 hvilka
553 856 66 27 några
634 858 36 18 äro
686 856 24 20 så
725 855 121 21 beskaffade
856 857 32 19 att
899 855 34 21 det

115 890 50 16 vore
188 890 25 15 en
234 884 58 21 skam
308 887 32 19 att
354 890 38 16 ens
407 886 77 20 nämna
499 885 54 21 dem.
584 884 49 22 Med
648 887 31 19 ett
694 884 38 21 ord
745 884 36 26 jag
796 890 62 15 anser
872 884 61 27 gård-

115 912 133 22 farihandeln
270 914 40 20 och
325 913 180 27 arkangeliternas
521 913 79 21 rörelse
615 919 51 15 vara
681 919 24 15 en
722 912 56 21 källa
794 912 32 22 till
842 912 22 21 så
879 918 55 21 myc-

115 942 42 21 ken
180 941 100 22 moralisk
298 942 143 26 depravation,
458 944 32 18 att
503 942 37 26 jag
554 942 33 21 för
603 941 42 21 min
660 942 34 20 del
709 942 46 21 icke
771 941 41 22 kan
828 943 65 19 annat
908 943 27 18 än

115 971 28 26 på
159 970 35 21 det
209 970 75 26 högsta
300 970 94 27 afstyrka
409 970 48 21 dess
472 970 157 26 legaliserande.

183 1028 143 26 Domprosten
341 1027 85 27 Borg:
443 1027 70 22 Också
525 1028 37 27 jag
576 1027 35 21 vill
627 1027 118 26 korteligen
760 1027 69 22 uttala
838 1027 42 26 mig
888 1027 47 21 der-

115 1057 49 25 hän,
188 1059 32 19 att
240 1057 36 26 jag
291 1063 62 15 anser
374 1057 38 20 den
428 1057 117 26 Kejserliga
561 1057 157 26 propositionen
734 1055 64 22 hafva
813 1056 71 21 träffat
899 1056 36 21 det

115 1087 58 20 rätta
187 1085 7 21 i
209 1085 27 28 $$
252 1086 13 21 8
281 1085 39 22 och
336 1086 24 21 11
378 1085 38 22 och
433 1087 29 20 uti
478 1085 143 22 undvikandet
636 1085 23 21 af
673 1091 25 15 en
713 1085 65 22 sådan
795 1091 25 20 ny
830 1085 105 27 paragraf,

115 1120 46 15 som
186 1115 104 20 utskottet
305 1114 39 21 har
360 1113 115 28 föreslagit.
506 1114 60 22 Hvad
582 1114 78 21 verkan
676 1114 91 21 handeln
782 1114 70 21 såsom
868 1114 68 26 frigif-

115 1149 40 15 ven
170 1143 23 21 åt
207 1143 51 21 våra
273 1143 162 21 landthandlare
450 1143 39 20 har
504 1143 81 21 utöfvat
600 1143 27 27 på
643 1143 39 21 den
697 1143 103 26 skadliga,
816 1141 119 28 förderfliga

116 1172 40 21 och
178 1171 113 27 förbjudna
312 1171 197 26 gårdfarihandelns
524 1172 127 21 hämmande
665 1171 7 21 i
688 1171 47 22 vårt
750 1171 49 22 land
814 1171 42 22 kan
872 1171 64 22 också

113 1201 38 26 jag
169 1201 79 26 intyga,
263 1201 29 26 ity
309 1203 31 18 att
356 1201 19 20 vi
390 1201 46 20 icke
452 1207 57 14 mera
524 1207 22 15 se
561 1201 6 20 i
584 1201 46 20 vårt
645 1201 49 20 land
709 1201 40 20 den
765 1200 77 27 mängd
858 1201 78 20 arkan-

114 1228 83 27 geliter,
213 1229 21 20 af
249 1229 71 21 hvilka
334 1229 20 22 vi
370 1229 57 21 förut
442 1229 54 21 varit
509 1229 122 22 besvärade.
654 1229 40 26 Jag
702 1229 68 21 skulle
781 1229 71 21 derför
862 1229 73 26 önska,

115 1259 33 20 att
170 1264 49 15 man
241 1258 68 21 skulle
332 1261 75 18 stanna
429 1258 35 21 vid
487 1261 31 18 ett
533 1260 52 24 steg,
601 1264 45 15 som
663 1258 11 27 $
689 1259 13 19 8
718 1257 122 27 innehåller,
856 1257 80 22 hvilket

116 1287 118 26 egentligen
255 1287 47 21 icke
324 1289 57 19 ännu
402 1288 24 19 är
445 1289 32 18 ett
492 1287 107 21 värnande
615 1287 22 20 af
650 1286 183 27 gårdfarihandeln
850 1286 38 21 och
904 1289 33 18 att

116 1321 49 16 man
187 1316 114 26 ingalunda
323 1315 73 26 måtte,
417 1316 70 21 såsom
506 1316 11 27 &
536 1317 22 19 11
576 1316 6 21 i
597 1315 116 22 utskottets
728 1315 134 22 betänkande
878 1315 58 21 inne-

117 1344 72 25 håller,
202 1345 106 26 verkligen
324 1343 68 22 införa
406 1344 186 27 gårdfarihandeln
608 1344 6 21 i
630 1344 47 21 dess
692 1344 53 21 fulla
755 1344 125 27 utbildning.
895 1344 42 21 Det

115 1379 39 15 var
169 1375 32 19 ett
216 1373 142 27 besynnerligt
373 1373 85 27 uttryck
471 1373 37 26 jag
520 1373 65 22 hörde
601 1373 22 21 af
632 1379 25 15 en
670 1373 22 20 af
702 1373 26 20 de
737 1372 127 27 föregående
872 1373 64 21 värde

116 1402 104 25 talarene,
236 1408 44 15 som
296 1402 49 21 ville
360 1401 94 22 försvara
469 1402 116 22 utskottets
598 1401 140 25 betänkande,
746 1401 106 26 nämligen
860 1403 32 19 att
901 1402 35 21 det

116 1435 51 16 vore
182 1430 120 26 uppenbart
317 1430 99 20 orättvist
431 1432 56 18 emot
503 1429 54 26 dem,
572 1435 45 15 som
634 1430 64 20 redan
714 1429 68 21 drifva
792 1429 143 26 gårdfarihan-

117 1457 40 26 del,
179 1464 34 15 om
228 1464 49 15 man
293 1458 70 21 skulle
378 1460 75 19 stanna
468 1458 33 20 vid
517 1458 40 21 den
573 1457 63 21 frihet
651 1457 6 21 i
673 1457 97 26 handeln,
786 1463 44 15 som
846 1458 12 25 $
874 1457 13 21 8
903 1457 34 21 be-

117 1489 107 19 stämmer.
254 1486 78 21 Hvilka
348 1486 124 27 rättigheter
488 1485 61 22 hafva
565 1486 61 21 dessa
641 1485 128 28 fremlingar,
780 1491 45 16 som
835 1489 50 18 utan
894 1485 42 22 till-

117 1515 74 21 låtelse
206 1515 68 21 drifva
291 1515 170 27 gårdfarihandel
477 1515 6 20 i
499 1515 46 21 vårt
560 1515 65 21 land?
653 1515 41 26 Jag
709 1516 46 20 tror
770 1514 70 22 derför
854 1517 32 18 att
901 1520 34 16 om
