1109 1800
205 134 55 21 2256
394 139 159 32 Presteståndet
566 140 53 17 1877.
644 140 25 17 27
681 140 114 16 november.

175 208 101 26 nejderna
297 208 62 26 kring
382 207 115 27 Jyväskylä
519 208 64 20 redan
607 214 28 14 nu
651 207 58 21 öfver
723 208 100 26 Päijänne
839 207 62 21 hafva
917 213 25 15 en
957 207 43 27 god

176 236 183 21 kommunikation
382 236 47 21 med
451 236 114 26 jernvägen
588 236 39 21 och
648 238 33 18 att
699 238 98 19 trävaror
819 236 46 21 från
885 235 115 27 Jyväskylä

175 265 47 21 icke
245 264 52 22 bära
321 264 228 27 transportkostnaden
571 264 32 21 till
618 265 71 24 Wasa,
705 265 23 20 så
744 271 61 20 synes
821 264 32 21 för
868 264 132 21 närvarande

175 293 46 21 icke
243 292 66 27 något
323 292 76 28 vigtigt
414 293 46 21 skäl
479 292 86 28 påkalla
585 293 160 21 utsträckandet
759 293 23 21 af
795 293 69 21 banan
879 293 32 21 till
926 292 74 26 Jyväs-

175 322 58 27 kylä,
257 321 26 21 då
307 328 47 14 man
375 321 76 21 tänker
473 322 38 26 sig,
533 324 32 18 att
580 328 49 15 man
644 322 72 25 börjar
731 322 122 21 densamma
867 321 46 21 från
929 321 71 21 Wasa,

176 350 41 27 Jag
237 351 42 20 kan
302 350 46 21 icke
371 351 48 21 med
441 350 40 21 full
504 350 86 22 evidens
611 350 97 25 bedöma,
728 350 104 22 huruvida
852 350 148 27 sträckningen

175 380 71 20 vester
262 378 51 22 eller
329 380 58 20 öster
403 385 33 15 om
459 378 104 27 Näsijärvi
579 385 48 15 vore
643 386 45 14 mer
703 379 102 27 antaglig;
821 385 48 15 men
885 379 27 21 då
928 378 72 22 Öster-

175 408 76 20 botten
272 413 28 15 nu
318 408 42 20 kan
379 408 6 20 i
407 414 24 14 en
451 414 50 14 snar
515 407 86 22 framtid
617 408 21 20 få
654 414 25 15 en
693 408 88 26 jernväg
796 407 47 22 från
858 407 143 21 Tammerfors

176 436 34 21 till
227 437 62 21 Wasa
305 436 39 21 och
365 436 59 21 detta
445 436 98 22 ändamål
559 436 41 22 kan
616 436 73 22 vinnas
703 442 76 20 genom
795 439 32 19 att
843 436 101 27 derjemte
960 436 42 21 till-

176 464 95 27 mötesgå
295 464 26 22 de
345 464 102 22 ostfinska
465 466 126 24 intressena,
612 472 45 14 som
676 465 72 21 fordra
767 471 26 15 en
813 466 56 20 bana
889 467 57 19 öster
967 471 34 15 om

175 493 112 27 Näsijärvi,
309 495 24 20 är
353 494 37 26 jag
412 493 58 27 villig
492 496 33 18 att
545 494 48 21 med
617 494 41 20 min
678 493 60 27 ringa
757 495 46 20 röst
824 494 85 20 biträda
925 500 27 14 en
968 494 34 20 så-

176 522 41 21 dan
233 522 61 26 åsigt.

246 580 77 21 Pastor
346 579 147 22 Törnudd:
531 578 69 23 Sedan
623 579 107 27 professor
749 580 104 21 Forsman
875 581 68 25 yttrat
966 580 30 26 sig

176 609 39 21 har
228 608 37 27 jag
281 609 5 20 i
303 609 38 20 sak
357 608 75 21 endast
448 608 119 27 obetydligt
583 611 32 18 att
630 608 93 27 tillägga.
753 609 40 26 Jag
807 609 84 21 förenar
902 609 42 26 mig
955 609 46 20 med

175 637 78 22 honom
270 637 5 21 i
294 637 39 21 allt
355 636 63 27 öfrigt
441 639 59 19 utom
522 637 107 26 förslaget,
645 639 32 19 att
693 637 68 22 banan
777 638 67 21 skulle
860 638 79 27 byggas
955 637 45 21 från

175 666 66 21 Wasa
263 666 30 21 till
315 665 116 28 Jyväskylä
449 666 68 21 hellre
536 668 27 19 än
584 666 46 21 från
651 666 142 22 Tammerfors
812 666 33 21 till
859 667 71 21 Wasa.
960 666 42 22 Det

176 697 25 19 är
215 695 24 20 af
253 697 78 19 tvänne
346 694 46 22 skäl
406 695 37 26 jag
458 695 46 21 icke
520 695 42 21 kan
573 695 73 21 förena
656 695 43 27 mig
709 695 86 22 härom
784 690 11 37 :
813 695 41 28 1:0)
865 697 24 20 är
897 695 104 22 bandelen

176 724 217 27 Etseri—Jyväskylä
408 726 31 19 ett
454 723 23 22 af
491 723 26 22 de
532 724 53 21 allra
601 724 84 27 dyraste
701 725 85 26 stycken
802 725 27 26 på
840 725 47 20 hela
898 724 40 21 den
950 724 51 22 mel-

177 753 67 21 lersta
263 753 133 23 stambanan,
418 753 27 20 dä
466 752 96 22 deremot
577 755 66 25 vägen
662 753 237 22 Tammerfors—Wasa
914 755 24 19 är
950 753 52 27 jem-

176 781 109 22 förelsevis
304 781 59 27 billig
387 781 38 21 och
449 781 43 27 2:0)
515 781 84 22 komme
623 782 40 21 den
687 781 166 22 österbottniska
875 783 76 25 banan,
968 788 34 15 om

174 811 117 26 jernvägen
313 810 245 21 Tammerfors—Etseri
573 811 54 21 först
649 810 85 28 bygges,
750 817 87 15 snarare
851 811 8 20 i
874 810 128 22 förbindelse

176 839 49 22 med
248 839 83 21 landets
355 839 68 26 öfriga
446 839 73 21 banor.
550 839 61 21 Huru
633 839 75 27 vigtigt
731 839 36 22 det
789 841 30 23 är,
841 841 32 20 att
894 839 69 22 banan
978 839 24 22 så

178 868 43 21 fort
236 873 45 16 som
297 867 83 27 möjligt
396 867 58 22 ledes
470 867 33 22 till
517 868 148 26 Tammerfors,
681 874 34 15 ser
731 875 47 14 man
793 868 24 21 af
830 869 36 20 det
876 871 59 19 stora
944 868 58 21 antal

179 903 146 20 passagerare,
341 903 45 14 som
404 898 113 20 strömmar
539 897 32 21 till
587 897 33 20 vid
639 897 142 21 Tammerfors
797 897 84 26 station,
897 900 22 25 ty
935 897 68 21 ehuru

177 931 141 21 Tammerfors
336 931 47 21 icke
408 937 49 20 eger
479 937 35 15 ens
533 931 80 22 hälften
636 931 23 21 af
677 925 58 28 Åbos
754 931 129 27 folkmängd,
906 931 64 22 hafva
990 933 13 20 &

178 959 142 22 Tammerfors
335 960 83 21 station
420 947 41 47 på
477 961 30 20 ett
522 960 54 21 halft
591 961 24 20 år
631 960 68 21 blifvit
713 960 59 21 sålda
787 961 63 26 2,000
865 967 138 20 passagerare

177 993 96 34 biljetter
295 1000 45 15 mer
358 995 27 19 än
407 993 12 21 å
441 988 46 27 Åbo
510 995 85 20 station.
619 1007 24 2 —
666 994 65 21 Emot
745 995 107 27 professor
866 995 87 21 Donner
968 995 35 22 vill

178 1023 37 26 jag
230 1024 52 25 göra
297 1029 82 15 samma
394 1022 91 26 erinran,
501 1029 45 15 som
563 1023 64 22 redan
643 1023 68 21 blifvit
725 1024 61 27 gjord
801 1024 24 21 af
833 1026 87 25 prosten
935 1023 67 22 Bäck-

179 1051 50 21 vall.
259 1051 10 21 I
291 1051 86 26 Sverige
399 1051 40 21 och
454 1040 31 37 på
497 1058 81 15 samma
593 1053 43 20 sätt
651 1053 6 20 i
673 1052 70 26 Norge
766 1052 79 27 byggas
860 1053 89 26 sågarne
965 1053 38 20 all-

178 1079 59 22 deles
258 1079 93 27 afgjordt
372 1080 7 20 i
401 1086 80 15 samma
502 1080 134 21 förhållande
657 1081 65 26 högre
740 1081 67 26 uppåt
821 1081 181 26 skogstrakterna,

178 1114 46 15 som
242 1109 140 26 jernvägarne
405 1109 83 20 sträcka
504 1109 31 26 sig
550 1116 43 20 upp
608 1112 58 18 emot
682 1109 61 21 dessa
758 1109 40 22 och
814 1110 35 21 det
864 1109 22 21 af
900 1109 36 22 det
951 1110 51 27 skäl,

178 1138 33 19 att
227 1137 36 20 det
278 1137 65 27 virke,
359 1143 46 14 som
421 1137 85 21 kortare
522 1138 32 20 tid
569 1138 57 27 legat
641 1138 7 20 i
664 1139 77 24 vatten,
757 1138 44 21 står
819 1139 2 20 i
838 1138 83 33 mycket
937 1139 65 26 högre

177 1165 44 27 pris
243 1167 26 19 än
288 1166 42 25 det,
346 1171 45 15 som
407 1165 72 26 längre
495 1166 30 21 tid
541 1167 58 26 legat
615 1167 51 20 deri.
696 1166 74 21 Ehuru
785 1173 49 14 man
849 1168 6 20 i
870 1167 79 33 Norige
963 1167 41 21 har

178 1194 87 21 kortare
280 1178 113 48 flottleder,
411 1200 62 15 anser
487 1201 49 15 man
553 1195 36 22 det
604 1194 149 28 förmonligare
768 1197 32 20 att
813 1196 30 32 på
856 1196 88 27 jernväg
956 1195 47 21 föra

178 1222 46 22 sina
244 1223 181 27 skogsprodukter
444 1223 33 21 till
499 1223 77 22 hafvet.
607 1224 30 21 På
657 1230 82 15 samma
753 1226 43 20 sätt
811 1224 7 22 i
834 1224 92 27 Sverige.
957 1224 45 22 Den

178 1251 62 27 åsigt,
263 1253 32 19 att
316 1252 36 20 det
374 1258 50 15 vore
447 1252 165 27 fördelaktigare
633 1254 32 20 att
686 1252 22 22 få
723 1253 47 21 dem
786 1253 41 21 ned
841 1254 28 26 på
883 1254 119 27 vattenväg,

178 1282 25 19 är
218 1280 70 26 något,
304 1286 45 15 som
365 1286 49 15 man
429 1287 88 15 numera
532 1281 73 27 börjar
619 1281 45 21 helt
679 1281 40 22 och
734 1282 67 21 hållet
815 1281 80 28 frångå.
911 1294 27 2 —

247 1309 64 21 Emot
333 1311 88 25 prosten
445 1309 123 28 Rosengren
589 1310 36 22 vill
643 1310 36 26 jag
693 1312 52 25 göra
760 1316 81 16 samma
855 1310 146 27 anmärkning,

179 1343 46 15 som
239 1337 36 25 jag
289 1344 50 24 nyss
353 1337 74 25 gjorde
443 1341 57 17 emot
515 1327 87 37 prosten
617 1338 122 26 Grönbergs
755 1345 117 20 sagesman,
888 1339 41 20 den
944 1341 60 18 näm-

178 1365 64 25 ligen,
261 1366 32 20 att
309 1364 37 27 jag
366 1365 47 21 icke
430 1365 46 27 just
491 1365 41 21 kan
547 1366 83 21 skänka
645 1366 70 26 någon
730 1366 50 21 tillit
795 1366 32 22 till
841 1366 50 22 herr
905 1369 99 24 prostens

178 1392 97 22 tekniska
290 1392 95 28 insigter.

247 1451 113 23 Professor
381 1452 117 22 Donner:
531 1452 91 22 Prosten
641 1453 102 22 Bäckvall
759 1453 40 21 och
813 1455 74 25 pastor
902 1452 101 22 Törnudd

178 1481 64 21 hafva
263 1482 48 20 sökt
333 1480 122 26 frambålla,
478 1484 31 19 att
531 1482 27 26 på
573 1481 50 23 våra
635 1482 119 28 jernvägar,
771 1482 54 22 både
841 1482 25 22 de
881 1482 122 22 nuvarande

179 1510 40 21 och
241 1510 26 21 de
287 1510 168 28 tillkommande,
477 1516 26 16 en
518 1512 108 25 transport
641 1511 22 21 af
677 1513 96 20 trävaror
787 1512 68 21 skulle
870 1512 86 21 komma
970 1513 33 20 att

178 1540 7 20 i
201 1538 66 28 högre
281 1539 52 28 grad
350 1546 39 20 ega
405 1545 46 16 rum
467 1539 39 23 och
522 1540 63 22 hafva
600 1540 73 22 dervid
688 1541 53 27 tagit
752 1540 94 28 exempel
862 1540 47 22 från
923 1540 78 28 Norge.
