1103 1798
323 150 160 17 Presteståndet
496 150 55 17 1877.
575 150 25 17 29
613 150 91 17 oktober.
838 144 54 20 1731

102 219 61 21 deras
178 219 129 26 hemnejder,
320 220 38 26 jag
372 219 38 22 har
426 220 47 21 med
489 220 65 21 allvar
569 220 80 27 lyssnat
664 219 31 21 till
711 219 35 22 det
757 219 122 26 mannaord,
891 221 32 20 att

102 248 35 21 det
161 247 66 26 öfriga
248 248 88 21 Finland
360 250 24 19 är
402 247 93 28 skyldigt
509 251 32 18 att
555 250 52 25 göra
621 248 38 21 sitt
673 247 60 22 bästa
748 247 33 22 för
796 248 60 21 dessa
872 249 50 20 våra

101 283 74 20 genom
198 276 115 21 historiska
334 277 145 21 förhållanden
501 277 84 21 lidande
608 277 116 25 landsmän,
742 283 47 14 men
802 277 37 26 jag
854 276 68 21 tviflar

101 311 34 14 om
158 311 48 14 man
222 305 43 21 valt
280 305 36 20 det
331 307 58 19 rätta
404 305 83 26 medlet,
504 306 27 25 då
545 312 48 15 man
609 305 81 22 fordrar
705 307 32 19 ett
752 305 169 21 folkskollärare-

101 333 140 24 seminarium,
258 337 22 23 ty
295 333 59 22 detta
368 334 42 21 kan
423 334 24 26 ju
461 334 20 27 ej
496 334 6 21 i
518 336 69 19 större
601 334 60 21 skala
673 334 71 26 sprida
755 333 125 28 upplysning
889 333 33 22 till

101 362 26 21 de
150 362 63 27 djupa
235 362 93 26 lederna,
349 365 52 19 utan
422 363 39 20 bör
477 363 59 21 detta
550 363 37 21 ske
602 369 75 20 genom
692 362 115 22 folskolans
822 363 99 21 fortsatta

101 391 38 21 och
163 391 55 25 höga
240 391 79 26 arbete,
336 391 38 21 och
391 391 114 22 tillsvidare
519 398 75 21 genom
609 391 168 28 presterskapets
793 393 70 20 ömma
878 397 44 16 om-

101 420 100 21 vårdnad.

153 456 4 2 *
169 447 133 23 Beträffande
318 449 97 27 slutligen
430 449 114 22 Siitoinska
556 449 118 22 folkskolan
684 455 61 16 anser
752 449 37 27 jag
800 448 121 22 densamma

101 477 52 21 böra
167 477 24 22 af
204 479 69 20 staten
289 480 124 25 emottagas,
429 478 128 22 fortfarande
573 478 116 22 bibehållas
704 484 44 15 som
764 477 104 22 folkskola
881 477 40 22 och

102 506 85 21 dermed
210 506 82 22 förenas
308 509 30 18 ett
353 510 138 18 sammansatt
506 507 133 22 seminarium
655 507 33 22 för
703 507 99 21 bildande
818 506 22 22 af
852 507 69 21 lärare

102 535 38 21 och
155 535 119 21 lärarinnor
289 535 32 22 till
336 535 191 28 småbarnsskolan,
541 542 46 16 som
603 537 66 20 måste
683 535 21 23 få
720 542 25 15 en
756 535 165 27 ändamålsenlig

101 564 183 26 omorganisation,
300 571 33 14 om
349 571 48 15 man
413 565 42 24 vill,
471 567 32 19 att
519 565 38 21 den
573 565 64 27 högre
654 565 118 22 folkskolan
783 564 54 21 skall
849 564 72 21 kunna

101 592 70 25 verka,
187 593 54 21 hvad
257 593 39 21 den
313 593 44 21 bör.
387 593 33 22 En
435 593 65 22 sådan
515 593 116 27 inrättning
645 593 83 22 komme
744 595 32 20 att
791 593 71 21 utöfva
877 595 45 20 stor

101 621 100 22 inverkan
217 621 27 27 på
259 621 47 22 hela
321 622 117 27 omnejden,
454 623 85 21 dermed
554 623 68 21 skulle
637 629 49 15 vara
697 622 67 27 sörjdt
775 622 32 21 för
818 622 36 21 det
867 625 54 19 mest

101 651 7 20 i
131 651 82 25 ögonen
235 650 91 22 fallande
349 651 104 25 behofvet,
476 651 32 22 för
525 651 108 27 spridning
648 651 22 21 af
682 651 126 27 upplysning
823 650 31 21 till
870 651 51 21 våra

101 678 121 22 vanlottade
237 679 139 27 medborgare
392 680 22 21 af
427 680 39 21 den
481 680 98 27 grekiska
594 679 193 25 trosbekännelsen,
803 681 22 26 ty
836 679 47 22 från
893 685 28 16 en

101 708 65 21 sådan
181 707 116 28 inrättning
312 709 70 20 kunde
397 708 68 21 lärare
480 709 39 21 och
530 709 117 21 lärarinnor
657 708 91 22 erhållas
759 708 31 21 till
801 708 40 21 den
853 708 68 21 första

101 735 73 22 skolan
190 737 30 20 uti
236 736 47 21 hela
299 737 69 21 denna
383 737 33 22 del
432 737 21 22 af
466 738 47 21 vårt
527 738 50 21 land
592 738 104 21 äfvensom
712 737 99 26 lämpliga
826 737 94 21 ambula-

101 765 79 21 toriske
204 765 68 21 lärare
286 765 33 22 för
335 767 58 20 östra
408 766 60 21 delen
483 766 22 21 af
518 767 77 20 landet.
626 766 64 21 Detta
704 766 134 21 seminarium
854 765 65 22 borde

101 793 54 22 dock
170 793 88 22 inrättas
274 795 74 20 endast
363 795 27 26 på
406 795 77 26 ettårig
497 795 56 24 kurs,
565 795 68 22 såsom
645 794 94 22 direktor
749 794 106 26 Leinberg
865 793 54 22 före-

101 822 48 26 slår,
173 822 38 21 och
234 825 22 19 är
273 823 37 26 jag
326 823 119 28 öfvertygad
462 830 34 15 om
511 826 32 19 att
557 825 32 20 ett
604 825 74 20 sådant
693 823 103 26 läroverk,
812 823 107 26 organise-

100 851 49 21 radt
163 854 51 18 utan
230 851 52 27 prål,
298 851 35 28 lyx
348 851 40 22 och
403 853 92 20 internat
509 853 83 21 komme
608 855 32 18 att
655 852 61 21 hafva
730 852 41 27 god
782 851 85 22 framtid
880 851 39 22 och

100 879 113 22 medverka
227 880 32 21 till
275 882 31 20 att
321 881 66 26 skapa
402 881 41 21 fast
457 882 68 26 grund
540 881 31 21 för
586 880 118 22 folkskolan
718 881 7 21 i
741 881 78 21 landet.

169 908 50 21 Med
240 908 136 22 förkastande
399 910 21 20 af
436 910 145 26 petitionerna,
598 910 106 21 allmänna
719 910 201 20 besvärsutskottets

101 936 38 22 och
161 940 152 19 sammansatta
335 939 62 20 stats-
413 939 39 21 och
468 938 212 22 ekonomiutskettets
695 938 153 26 betänkanden,
865 937 54 22 före-

99 965 43 21 slår
161 966 38 26 jag
220 968 33 19 att
276 966 35 22 det
334 967 65 21 andra
414 967 121 21 seminariet
549 968 34 20 må
599 968 48 20 med
662 967 35 21 det
712 969 95 19 snaraste
822 967 97 24 inrättas,

99 994 96 27 placeras
215 995 7 20 i
244 994 85 28 Nyslott
351 995 39 22 och
412 998 31 19 att
465 996 68 22 medel
555 996 66 22 måtte
639 996 22 22 af
674 996 114 21 ständerna
802 995 70 21 anslås
887 994 32 22 till

101 1023 58 21 detta
174 1024 105 22 ändamål.

167 1082 90 21 Prosten
272 1082 146 22 Bäckvall:
447 1083 42 21 Det
508 1082 61 22 torde
584 1088 93 19 numera,
693 1082 65 21 sedan
774 1088 49 15 man
837 1082 82 20 känner

99 1109 56 21 hvad
171 1110 26 22 de
213 1110 66 27 öfriga
294 1111 89 21 stånden
398 1111 86 22 beslutit
498 1112 8 20 i
521 1111 138 22 förevarande
674 1111 43 25 sak,
733 1117 51 15 vara
794 1110 80 27 fåfängt
885 1112 33 19 att

98 1140 58 25 yttra
178 1139 32 27 sig
232 1139 6 20 i
260 1142 65 18 annat
347 1140 54 26 syfte
416 1142 27 18 än
458 1140 35 22 det
509 1140 104 27 utgången
628 1140 7 20 i
651 1140 83 20 ståndet
750 1140 62 23 visar,
828 1145 47 15 men
891 1138 27 21 då

99 1167 59 21 detta
181 1167 46 22 icke
249 1170 67 20 sätter
338 1168 64 27 något
424 1168 75 22 hinder
513 1168 7 21 i
535 1171 67 24 vägen
617 1168 32 21 för
666 1169 187 26 yttrande-rätten,
868 1174 50 14 vare

99 1196 36 21 det
143 1196 64 22 också
217 1196 33 21 för
261 1197 41 27 mig
317 1197 78 21 tillåtet
410 1200 32 18 att
457 1198 47 20 med
513 1196 65 28 några
587 1197 37 22 ord
633 1199 51 24 säga
692 1196 61 22 äfven
761 1197 43 21 min
812 1196 64 22 tanke
884 1202 34 16 om

97 1224 83 27 platsen
202 1225 33 21 för
258 1226 34 21 det
315 1226 105 21 blifvande
442 1226 232 22 folkskoleseminariet.
704 1226 41 26 Jag
764 1227 23 19 är
802 1225 23 21 af
837 1230 80 16 semma

98 1254 70 26 tanke,
183 1260 45 15 som
244 1254 40 21 den
299 1254 126 27 föregående
440 1254 81 23 talaren
536 1255 109 26 angående
655 1254 131 21 seminariets
797 1253 120 22 inrättande

97 1283 8 20 i
122 1281 118 22 Sordavala
261 1284 28 26 på
312 1283 96 27 Kymölä.
437 1283 47 21 Han
500 1285 95 26 nämnde,
610 1285 33 19 att
658 1283 116 21 Sordavala
788 1283 67 26 ligger
870 1283 7 20 i
892 1289 26 14 en

97 1311 54 21 knut
173 1311 24 22 af
216 1311 48 22 vårt
285 1312 49 21 land
354 1312 38 21 och
408 1312 129 21 beträffande
553 1313 124 25 Brahestad,
693 1318 45 15 som
754 1311 64 22 också
832 1311 85 26 yttrade

98 1340 32 20 sin
145 1341 52 24 röst,
213 1341 139 26 uttryckande
368 1341 31 21 sin
415 1341 79 21 önskan
505 1343 32 19 att
547 1341 21 21 få
579 1344 30 18 ett
619 1328 298 40 folkskollärareseminarium

98 1369 30 21 dit
143 1369 46 22 icke
205 1369 75 22 endast
294 1370 34 21 för
343 1370 39 21 den
398 1370 74 21 staden
487 1372 52 19 utan
553 1370 34 21 för
601 1369 48 22 hela
664 1365 144 30 Österbotten,
819 1368 99 21 framhöll

97 1399 42 20 han
163 1398 63 21 också
249 1398 25 21 de
298 1399 130 26 svårigheter
447 1398 2 21 i
464 1399 238 25 kommunikationsväg,
719 1404 45 15 som
779 1386 69 32 skulle
863 1397 54 21 före-

97 1427 67 20 finnas
179 1427 27 25 på
222 1427 35 20 det
272 1427 62 26 långa
349 1427 113 20 afständet.
491 1427 41 20 Till
548 1428 58 25 detta
622 1433 74 14 senare
711 1426 35 20 vill
759 1426 37 25 jag
811 1426 55 20 blott
881 1431 37 14 an-

97 1454 46 21 föra
165 1457 32 18 att
219 1455 44 20 lika
285 1455 24 20 så
330 1456 41 20 lätt
389 1461 45 15 som
449 1461 49 14 man
513 1455 47 21 från
575 1454 137 21 Österbotten
727 1454 42 21 kan
784 1453 85 21 komma
884 1453 33 21 till

96 1482 93 29 Nyslott,
211 1483 43 21 lika
270 1483 40 21 lätt
325 1483 38 21 och
379 1483 76 21 lättare
471 1485 40 19 kan
528 1489 48 15 man
592 1483 47 21 från
654 1482 116 21 Sordavala
785 1482 85 21 komma
885 1481 32 21 till

97 1507 144 26 Österbotten.
270 1512 46 21 Den
340 1512 80 21 önskan
441 1518 44 16 som
498 1513 69 20 blifvit
582 1512 82 21 uttalad
679 1511 6 21 i
701 1512 39 20 den
756 1513 50 24 röst,
822 1517 45 16 som
880 1510 38 27 jag

97 1541 91 21 nämnde
213 1541 45 22 från
274 1537 138 26 Österbotten
426 1541 84 28 gjordes
525 1541 31 22 hit
572 1547 33 16 om
621 1542 31 20 ett
666 1527 251 34 folkskoleseminariums
