1103 1784
219 127 53 21 1790
412 132 160 17 Presteståndet
583 132 54 17 1877.
661 132 23 16 381
697 132 91 16 oktober.

258 199 70 22 Sedan
343 200 62 20 nästa
420 199 162 24 sammanträde,
598 199 8 20 i
622 198 87 26 onsdag,
725 200 79 19 utsatts
820 198 33 22 till
868 198 28 21 kl.
914 200 26 20 10
951 198 14 21 f.
977 205 36 19 m.,

189 227 104 22 ätskildes
308 227 96 21 ständets
419 227 137 21 medlemmar
572 226 52 21 härä
639 226 28 21 kl.
684 226 48 27 !/;9
750 233 18 14 e.
783 233 27 14 m.

768 288 20 17 In
800 288 62 18 fidem:

675 328 52 22 Carl
742 329 51 21 Joh.
809 328 133 29 Lindegvist.

269 517 122 26 Plenum
410 517 55 26 den
484 517 32 27 31
534 517 118 27 oktober
669 516 124 27 klockan
810 517 33 26 10
858 517 18 26 f.
896 525 36 18 m.

258 585 170 22 Sammanträdet
442 586 108 27 öppnades
565 585 47 22 med
628 585 40 22 bön
684 586 104 21 förrättad
805 585 27 28 pä
848 585 67 22 finska
925 585 86 28 spräket

189 615 22 21 af
224 614 77 22 doktor
316 615 98 27 Lampön.

256 671 41 21 Vid
320 671 51 21 härä
393 671 62 21 skedt
470 678 82 20 upprop
567 670 141 23 antecknades
724 672 70 20 säsom
808 670 140 22 fränvarande
963 678 47 20 pro-

189 702 71 20 starne
275 700 58 26 Hjelt
349 700 39 21 och
403 700 109 26 Borenius,
528 700 66 27 begge
609 699 22 22 af
645 700 56 21 förut
716 700 130 21 antecknade
862 700 91 21 orsaker.

257 757 40 21 Till
317 757 103 27 justering
442 757 107 27 upplästes
568 757 95 21 ständets
683 757 35 21 vid
732 759 84 19 senaste
831 756 85 27 plenum
931 756 81 22 fattade

189 785 76 22 beslut.

257 917 40 22 Till
320 917 127 26 behandling
470 916 93 27 företogs
587 917 106 21 allmänna
715 916 202 22 besvärsutskottets
937 917 74 20 betän-

188 945 40 22 N:o
244 946 25 21 17
286 946 48 20 med
349 945 113 27 anledning
476 945 22 21 af
512 945 68 22 skilda
594 945 57 21 inom
666 945 97 26 samtliga
777 945 85 21 ständer
873 945 74 21 väckta
958 945 53 26 peti-

189 974 68 27 tioner
281 973 130 22 beträftande
433 973 254 27 undervisnings-spräket
712 974 33 21 vid
770 973 241 22 elementarläroverken

189 1005 55 18 samt
259 1002 119 22 inrättande
393 1002 23 21 af
429 1009 40 20 nya
484 1001 74 28 lycöer.
589 1002 151 21 Diskussionen
756 1002 107 27 öppnades
878 1001 23 22 af

257 1059 84 21 Doktor
363 1058 157 28 Hornborg,
543 1065 45 15 som
610 1059 93 26 yttrade:
727 1059 46 21 Den
793 1058 59 27 fräga
870 1058 20 21 vi
905 1065 28 14 nu
948 1058 63 22 hafva

189 1089 32 20 att
236 1087 118 26 handlägga
372 1089 24 19 är
411 1087 139 26 tvifvelsutan,
564 1094 34 15 om
613 1087 46 21 icke
675 1087 40 21 den
731 1087 54 22 allra
800 1088 117 26 vigtigaste,
932 1088 23 20 sä
970 1087 40 21 Jik-

189 1115 33 21 väl
245 1122 25 14 en
293 1115 22 21 af
335 1115 25 21 de
383 1115 52 21 allra
457 1116 111 26 vigtigaste
592 1115 63 21 bland
671 1115 25 21 de
712 1115 76 27 frägor,
805 1122 44 14 som
865 1115 102 27 föreligga
983 1121 28 15 nu

189 1144 108 27 pägäende
320 1143 107 27 landtdag.
458 1144 46 21 Den
527 1146 24 18 är
573 1144 64 26 vigtig
652 1144 6 20 i
673 1144 28 21 all
717 1144 114 26 synnerhet
846 1144 75 25 derför,
937 1146 32 18 att
983 1144 28 26 pä

188 1174 66 20 sättet
277 1172 32 21 för
333 1172 47 21 dess
402 1172 82 26 lösning
506 1172 68 27 beror,
597 1178 33 15 om
651 1172 25 21 de
691 1172 57 21 olika
763 1172 163 22 folkelementen
942 1172 7 20 i
964 1172 47 21 värt

188 1201 50 21 land
253 1201 60 21 skola
328 1200 70 22 kunna
413 1202 96 20 närmare
524 1200 167 24 sammansiutas,
707 1200 52 21 eller
774 1206 34 16 om
824 1201 39 21 den
879 1200 72 27 klyfta,
964 1206 45 16 som

189 1228 110 27 onekligen
321 1235 29 14 nu
373 1228 111 22 förefinnes
507 1229 46 21 dem
577 1228 95 26 emellan,
693 1229 53 21 skall
762 1231 56 19 ännu
834 1235 57 15 mera
907 1229 101 26 utvidgas.

189 1258 40 26 Jag
244 1257 42 21 kan
302 1257 45 21 icke
363 1258 56 26 dölja
433 1257 33 21 för
480 1258 42 26 mig
537 1260 32 18 att
583 1258 80 27 ganska
676 1257 59 26 ringa
747 1258 166 26 förhoppningar
925 1257 6 21 i
942 1257 69 21 denna

190 1286 31 21 tid
243 1288 37 19 äro
301 1286 33 20 för
353 1286 82 21 handen
452 1286 32 20 för
498 1286 42 21 alla
555 1286 84 26 förslag,
654 1292 45 15 som
715 1286 27 26 gä
757 1286 6 21 i
778 1286 88 21 ireniskt
881 1285 60 28 syfte.
971 1286 38 24 De,

189 1321 45 15 som
257 1314 63 20 hafva
343 1314 90 26 hoppats
456 1315 27 25 pä
506 1321 24 14 en
554 1314 111 26 försoning,
687 1315 25 20 de
733 1314 61 21 hafva
810 1314 45 21 icke
870 1314 85 21 förstätt
971 1314 39 21 och

189 1342 81 21 kanske
292 1342 47 21 icke
357 1341 45 21 haft
418 1341 68 26 hjerta
501 1344 31 19 att
548 1342 107 21 nedsänka
671 1342 78 21 sonden
765 1342 24 21 sä
804 1342 60 26 djupt
879 1342 7 20 i
901 1342 63 25 såret,
979 1344 32 18 att

190 1371 25 20 de
236 1370 68 21 skulle
327 1370 62 20 hafva
407 1370 40 21 fätt
468 1370 50 21 reda
534 1370 32 26 pä,
583 1370 54 21 huru
650 1369 72 27 farligt
738 1370 59 21 detta
812 1371 35 20 sär
862 1372 28 19 är.
920 1370 42 21 Det
977 1376 34 15 ser

188 1400 31 25 ut,
234 1404 46 16 som
296 1405 33 15 om
345 1400 56 19 ännu
416 1398 65 27 nägra
496 1398 224 27 hufvuddrabbningar
736 1399 66 21 mäste
818 1399 109 24 levereras,
946 1398 64 22 innan

189 1434 47 15 man
263 1427 42 21 kan
329 1428 82 26 hoppas
426 1427 109 27 framgång
559 1427 31 21 för
618 1427 240 27 förmedlingsförsöken.
884 1423 12 36 —
898 1427 113 22 Allmänna

189 1456 200 22 besvärtutskottets
406 1456 132 22 betänkande
553 1456 48 26 kan,
617 1457 68 21 såsom
699 1457 36 27 jag
750 1456 89 27 befarar,
854 1456 46 22 icke
912 1456 100 22 tillfreds-

189 1486 63 20 ställa
274 1485 48 25 alla,
343 1485 23 27 ja
389 1485 79 21 kanske
490 1485 80 27 knappt
592 1488 43 19 rätt
654 1485 152 22 tillfredsställa
822 1486 74 26 någon,
912 1489 23 24 ty
949 1485 62 22 äfven

190 1514 35 22 det
248 1514 38 22 bär
307 1514 49 28 spår
379 1514 22 22 af
415 1514 26 22 de
456 1514 119 22 diametralt
591 1516 100 20 motsatta
707 1515 107 27 åsigterna
828 1515 7 21 i
850 1514 69 22 denna
934 1514 77 28 vigtiga
