1106 1792
198 131 67 20 2086
368 136 159 17 Presteständet
540 137 52 16 1877.
617 137 23 15 13
651 137 115 16 november.

170 204 44 20 häll
236 204 67 21 skulle
326 210 25 14 en
373 203 54 22 finsk
449 204 203 21 fruntimmersskola
672 204 6 20 i
701 204 83 26 Kuopio
805 205 120 25 rekryteras
940 204 47 21 med

169 232 79 26 elever,
264 232 39 21 och
318 232 74 21 skolan
408 232 67 21 skulle
490 232 7 21 i
513 235 34 18 tur
563 233 109 27 rekrytera
687 234 69 19 staten
767 233 47 21 med
825 232 85 22 bildade
921 232 67 22 finska

170 261 96 27 gvinnor.
297 261 31 20 De
344 261 55 21 båda
413 261 147 26 petitionerna,
576 268 45 14 som
637 262 36 20 äro
689 267 49 15 ense
753 261 7 20 i
775 262 38 20 sitt
823 261 91 26 slutmål,
925 261 63 27 skilja

170 289 32 27 sig
223 290 53 20 dock
293 289 46 21 frän
355 289 119 21 hvarandra
489 290 75 24 deruti,
580 292 31 18 att
627 290 40 21 den
683 296 39 14 ena
737 290 65 26 yrkar
816 290 27 26 pä
858 290 130 20 inrättandet

169 318 24 21 af
216 324 24 14 en
264 318 54 20 finsk
341 317 203 22 fruntimmersskola
565 318 118 22 oberoende
699 318 22 20 af
735 318 39 21 den
791 319 37 21 der
843 318 56 22 förut
915 318 74 22 existe-

171 347 65 21 rande
261 346 89 21 svenska
375 346 217 22 fruntimmersskolan
614 347 39 21 och
676 347 40 20 den
738 347 67 21 andra
826 348 64 26 yrkar
905 347 28 26 pä
949 347 39 21 den

170 375 123 21 nuvarande
315 375 90 21 svenska
419 375 228 21 fruntimmersskolans
661 374 144 28 förfinskning.
837 375 38 21 Om
892 382 48 14 man
955 382 34 14 ser

170 405 66 19 saken
252 403 54 21 blott
321 410 25 14 ur
362 404 121 20 ekonomisk
500 404 111 26 synpunkt,
626 406 60 24 säger
701 404 68 20 sunda
784 404 107 25 förnuftet,
907 407 32 18 att
954 404 35 20 det

169 438 82 18 senare,
273 432 39 20 den
333 432 121 21 nuvarande
470 432 227 21 fruntimmersskolans
713 432 143 27 förfinskning.
887 439 50 15 vore
952 432 36 21 det

170 462 101 23 rättaste;
294 460 24 20 sä
339 460 133 21 framstäldes
495 460 64 21 ocksä
581 461 65 20 saken
669 461 33 20 för
723 461 189 26 stadsfullmäktige
928 460 61 21 och
973 456 19 35 i

170 490 70 20 denna
265 488 53 21 form
342 488 43 22 blef
407 489 72 26 frågan
502 488 22 21 af
545 488 190 26 stadsfullmäktige
756 492 89 22 antagen
862 490 38 20 och
917 490 72 20 derom

170 518 45 21 blef
229 517 63 22 också
308 520 171 23 representanten
496 517 31 21 för
542 518 83 26 Kuopio
641 518 47 20 stad
704 518 104 20 anmodad
823 520 32 18 att
871 518 33 21 vid
921 518 67 21 landt-

171 546 67 26 dagen
255 545 132 28 petitionera.
408 546 47 20 Men
472 547 35 20 det
523 546 58 21 torde
597 546 66 21 finnas
678 546 44 21 skäl
739 548 32 19 att
786 548 49 25 taga
850 547 63 21 också
924 546 66 22 andra

170 574 182 27 omständigheter
367 574 5 21 i
388 575 182 21 betraktaktande.
590 575 38 21 Att
644 575 62 21 döma
722 574 21 22 af
757 575 110 25 referaten,
879 582 46 14 som
936 575 54 21 varit

171 604 79 26 synliga
268 604 6 20 i
290 603 139 26 tidningarna,
445 604 71 26 tyckes
531 603 207 27 skolöfverstyrelsen
754 616 27 2 —
796 603 44 21 ifall
855 604 62 26 eljest
933 603 57 22 skol-

170 632 161 27 öfverstyrelsen
358 634 24 18 är
406 632 110 21 solidarisk
539 632 48 21 med
609 634 173 24 representanten
805 632 32 21 för
854 632 136 27 Ny-Karleby

170 661 49 21 stad
240 673 27 3 -—
289 661 6 20 i
318 660 72 26 frågan
413 666 32 15 om
469 661 245 25 undervisningsspråket
736 661 6 20 i
758 660 99 22 skolorna
872 661 63 21 fattat
950 662 39 20 den

171 689 88 27 princip,
278 691 31 19 att
326 689 247 27 undervisningsspråket
588 690 6 20 i
611 696 27 13 nu
654 689 130 21 existerande
801 690 72 20 skolor
888 690 17 26 ej
922 690 67 21 skulle

170 718 84 20 ändras.
285 717 39 21 Om
348 718 23 20 så
394 719 29 25 är,
448 718 39 20 har
509 724 48 14 man
581 717 146 27 beklagligtvis
745 718 69 21 funnit
833 719 27 25 på
876 720 31 18 ett
922 718 67 22 medel

172 748 31 19 att
226 748 55 19 ännu
304 752 58 15 mera
377 746 123 21 underhålla
516 746 39 21 och
570 748 52 18 nära
638 746 39 20 den
693 747 84 21 misstro
793 746 32 21 till
841 746 147 27 skolöfversty-

170 776 81 20 relsens
270 775 104 25 åtgärder,
391 780 44 15 som
451 781 28 14 nu
495 775 25 21 de
535 775 55 21 facto
604 774 116 22 förefinnes.
752 775 49 21 Man
817 775 52 21 skall
885 776 104 26 nämligen

171 804 136 25 ovilkorligen
332 804 85 20 komma
439 806 32 18 att
493 803 58 21 tolka
571 804 68 20 denna
659 804 79 26 princip
754 805 69 20 såsom
839 810 26 14 en
881 804 62 26 afsigt
958 806 32 19 att

169 834 115 24 yttermera
300 832 126 26 kringgärda
442 832 39 20 den
497 832 89 21 svenska
601 831 73 21 skolan
691 832 38 21 och
745 832 110 22 förhindra
866 834 39 19 den
915 832 73 26 finska,

171 860 83 21 hvilken
274 860 63 22 också
352 866 74 20 genom
443 866 25 14 en
484 861 64 20 sådan
564 861 81 26 princip
661 861 96 21 kommer
771 862 6 20 i
794 864 31 19 ett
841 861 149 26 ofördelaktigt

170 889 54 27 läge.
254 889 30 28 Ty
308 889 26 21 då
356 896 28 14 nu
400 889 24 20 de
439 889 77 27 skolor,
532 896 45 15 som
593 889 112 22 förefinnas
721 890 5 20 i
743 890 197 24 residensstäderne,
956 890 32 21 för

169 919 37 20 det
221 922 67 17 mesta
304 921 36 18 äro
356 918 89 21 svenska
461 918 38 21 och
515 919 27 20 då
559 919 35 20 det
609 919 6 20 i
631 918 25 21 de
671 918 60 21 flesta
747 919 22 21 af
782 920 61 21 dessa
858 919 72 21 städer
942 919 45 21 icke

170 948 38 19 bär
230 948 32 25 sig
285 950 32 17 att
338 947 62 20 hafva
423 949 76 18 tvänne
523 947 220 26 fruntimmersskolor,
761 949 66 20 måste
842 947 59 22 fallet
917 948 69 26 blifva,

170 977 38 22 att,
230 976 26 20 då
274 976 36 21 det
326 975 90 21 omsider
433 975 40 20 blir
487 975 59 26 fråga
562 982 33 15 om
611 979 31 17 att
657 976 78 21 inrätta
750 976 67 21 finska
833 977 77 25 skolor,
927 977 60 20 dessa

170 1005 66 20 måste
261 1004 150 21 undanskaffas
435 1003 32 21 till
493 1004 93 26 aflägsna
608 1005 159 26 undanskymda
790 1005 57 22 delar
869 1005 21 20 af
909 1005 78 20 landet.

169 1033 50 21 Men
242 1033 120 26 derigenom
384 1033 83 20 komma
491 1033 23 20 de
537 1033 67 21 finska
619 1032 99 22 skolorna
733 1033 6 20 i
756 1034 82 26 mycket
853 1033 135 26 oförmånligt

170 1061 53 26 läge.
254 1061 47 21 Men
321 1061 60 26 huru,
397 1067 44 15 som
457 1061 60 24 helst,
534 1062 60 19 torde
610 1062 5 19 i
631 1061 42 21 alla
688 1061 35 21 fall
739 1061 114 22 klokheten
870 1062 70 27 bjuda,
956 1064 32 19 att

170 1097 47 14 man
241 1090 44 20 icke
308 1089 83 22 absolut
413 1089 66 21 skulle
496 1090 124 25 petitionera
636 1090 51 21 eller
701 1090 53 26 yrka
769 1091 27 26 pä
812 1091 39 20 den
867 1091 121 21 nuvarande

170 1118 90 21 svenska
281 1117 228 22 fruntimmersskolans
530 1119 6 20 i
552 1118 83 27 Kuopio
651 1118 143 27 förfinskning.
824 1120 42 21 Det
882 1120 68 20 kunde
964 1119 23 26 ju

170 1147 75 26 hända,
267 1150 30 17 att
320 1147 121 25 regeringen
464 1146 62 21 funne
549 1147 45 20 skäl
617 1149 31 19 att
671 1148 26 25 pä
712 1147 72 21 försök
799 1148 78 22 inrätta
892 1155 25 14 en
933 1147 54 22 finsk

169 1175 202 21 fruntimmersskola
386 1176 6 19 i
408 1175 83 26 Kuopio
507 1175 38 21 och
562 1175 31 20 för
609 1176 64 21 sädan
689 1176 100 21 händelse
804 1177 67 21 skulle
885 1177 36 26 jag
935 1176 52 27 yrka

170 1205 27 25 pä
219 1204 118 26 antagande
360 1203 22 21 af
403 1204 114 20 utskottets
540 1203 133 22 betänkande
688 1205 6 20 i
711 1205 66 20 denna
794 1205 39 21 del.
863 1205 49 21 Men
929 1206 58 20 detta

171 1232 133 21 betänkande
325 1232 163 21 tillfredsställer
506 1232 45 21 icke
567 1233 47 26 mig,
630 1233 87 20 emedan
733 1233 36 21 det
783 1235 24 19 är
822 1234 23 20 sä
861 1233 126 22 obestämdt.

168 1261 43 26 Jag
236 1261 67 20 skulle
328 1260 127 21 fortfarande
478 1260 51 26 yrka
545 1261 32 25 pä,
601 1263 32 18 att
653 1262 68 20 denna
741 1262 56 20 kläm
813 1262 67 21 blefve
896 1265 91 24 antagen

171 1289 46 20 med
235 1292 30 17 ett
280 1289 47 20 litet
342 1288 72 26 tillägg
429 1288 135 27 hvarigenom
581 1289 39 20 den
636 1289 83 21 komme
735 1291 31 20 att
782 1289 57 27 lyda:
851 1293 43 24 ,att
906 1297 25 14 en
941 1289 46 22 full-

170 1318 84 25 ständig
274 1318 64 25 högre
356 1316 202 21 fruntimmersskola
574 1317 47 20 med
636 1317 82 21 finskan
734 1319 68 19 säsom
819 1319 168 25 undervisnings-

170 1346 63 24 språk
250 1345 65 20 måtte
330 1345 89 20 inrättas
435 1345 6 19 i
455 1345 89 25 Kuopio,
561 1344 58 25 eller,
635 1345 70 20 derest
720 1348 79 18 statens
815 1346 111 26 tillgångar
941 1346 46 21 icke

170 1373 105 26 medgifva
291 1372 109 21 underhäll
415 1372 22 21 af
451 1374 77 19 tvänne
542 1372 215 22 fruntimmersskolor
772 1373 6 21 i
794 1374 68 20 denna
877 1375 54 24 stad,
947 1375 40 20 den

168 1407 29 14 nu
221 1401 107 26 befintliga
351 1401 89 20 svenska
462 1400 217 21 fruntimmersskolan
702 1402 109 21 derstädes
833 1402 5 20 i
857 1402 75 21 sädant
950 1402 37 21 fall

169 1429 65 22 mätte
254 1429 112 22 successivt
381 1429 128 21 förfinskas*.
539 1429 101 26 Slutligen
657 1430 38 21 och
711 1431 26 21 dä
753 1431 63 21 redan
833 1433 76 20 tvänne
924 1431 62 22 ständ

168 1458 63 21 hafva
254 1458 63 21 fattat
338 1458 68 21 beslut
428 1458 7 21 i
455 1458 68 21 denna
538 1458 64 27 fråga,
617 1458 67 21 skulle
697 1459 36 27 jag
748 1460 107 21 vördsamt
871 1460 116 28 hemställa,

170 1487 102 22 huruvida
295 1488 51 24 icke,
370 1487 32 26 dä,
425 1487 62 26 enligt
511 1487 27 20 all
560 1487 139 27 sannolikhet,
721 1491 30 18 ett
767 1489 101 26 antagligt
883 1495 104 15 samman-

167 1516 197 27 jemkningsförslag
382 1516 44 21 icke
441 1515 67 22 heller
522 1516 6 20 i
545 1516 67 21 denna
627 1516 58 27 fråga
700 1517 41 22 kan
757 1518 163 27 åstadkommas,
937 1518 49 27 hög-
