1103 1786
215 128 52 21 1942
396 132 159 18 Presteståndet
568 134 54 16 1877.
646 133 13 17 6
671 132 114 18 november.

183 200 76 28 näring
280 200 72 22 förrän
370 200 49 26 han,
435 200 54 22 efter
504 201 32 20 att
551 200 75 27 Kongl.
639 200 100 27 Majestät
754 200 63 26 gifvit
831 200 107 26 tillåtelse,
951 206 51 15 vun-

183 229 33 21 nit
236 229 103 27 burskap;
355 230 32 20 att
403 229 34 21 vid
452 228 118 27 ansökning
585 235 35 15 om
634 229 93 27 burskap
743 228 68 22 skulle
827 228 73 22 ställas
915 229 85 27 borgen,

184 257 37 21 det
242 258 42 20 han
307 258 33 21 till
361 257 37 21 det
419 258 78 21 minsta
512 257 68 21 skulle
595 258 7 20 i
618 264 36 15 sex
669 257 24 21 år
707 260 6 18 i
729 257 74 21 staden
819 257 27 21 bo
862 257 39 21 och
916 257 86 22 stadens

182 288 45 19 rätt
249 286 55 21 efter
324 286 59 21 makt
404 286 114 27 uppebålla
539 286 51 21 eller
606 286 6 21 i
628 286 54 21 brist
697 286 60 21 deraf
770 286 87 27 erlägga
871 286 110 27 utskylder
995 286 8 21 i

181 320 40 15 sex
242 315 28 20 år.
300 315 49 20 Han
370 314 69 22 skulle
454 315 67 20 förete
536 314 64 25 bevis,
616 317 34 19 att
664 314 42 21 han
720 315 43 21 lärt
779 314 40 21 och
834 315 66 26 tjenat
916 315 40 20 den
971 314 31 21 tid

183 343 180 27 författningarna
378 343 107 21 innehålla
500 343 58 24 eller,
574 349 34 15 om
624 343 41 21 han
680 343 49 21 ville
745 342 69 22 drifva
824 343 83 26 handel,
918 343 8 21 i
937 345 66 19 annat

184 371 38 22 fall
246 371 52 28 fylla
320 372 59 21 tiden
400 378 42 21 upp
458 371 47 22 med
520 371 64 27 tjenst
599 371 39 22 hos
653 372 91 26 köpman
759 371 8 22 i
783 371 40 22 den
839 372 53 25 stad,
908 372 38 21 der
960 371 43 22 han

185 401 89 20 ämnade
296 400 33 27 sig
350 400 105 26 nedsätta,
474 400 117 27 hvarjemte
606 401 115 25 sökanden,
737 400 74 21 såvida
825 400 42 22 han
882 400 46 21 icke
944 402 59 20 utom

183 429 73 21 landet
278 435 53 21 egen
352 429 75 22 handel
444 429 73 21 drifvit
532 429 39 21 och
586 429 97 21 kännbar
697 428 149 28 förmögenhet
861 429 59 28 egde,
936 429 67 22 borde

181 457 36 22 till
238 458 215 22 handelssocietetens
474 459 64 20 kassa
555 458 86 27 erlägga
655 458 42 22 200
719 458 58 21 daler
792 458 138 27 silfvermynt.
959 459 44 21 Rö-

185 487 66 21 rande
266 487 26 21 de
307 486 153 27 förhållanden,
476 493 44 16 som
536 487 87 22 beröras
638 487 6 21 i
661 487 39 21 den
717 489 26 19 14
758 488 53 25 &:en,
827 488 86 27 stadgas
926 487 7 21 i
944 487 59 22 äldre

185 515 158 28 författningar,
358 518 33 19 att
406 516 130 27 ,utländing,
552 522 45 15 som
610 516 48 21 icke
670 516 74 21 vunnit
756 516 92 27 burskap
861 517 35 21 må
908 516 76 22 endast
995 516 8 21 i

184 544 117 27 stapelstad
324 545 13 21 å
359 545 26 21 de
407 551 46 15 rum
476 551 44 15 som
537 545 144 27 borgmästare
697 545 39 21 och
748 545 38 21 råd
801 547 54 25 utse,
871 551 47 15 men
934 545 47 21 icke
995 545 7 21 i

185 575 69 25 öppen
272 573 42 22 bod
333 573 52 21 eller
399 574 8 20 i
422 573 37 21 sitt
474 573 103 27 herberge
592 574 88 26 försälja
695 573 46 21 sina
756 576 83 20 varor".
869 574 29 21 Sä
912 574 50 26 lyda
977 574 26 21 de

184 602 121 21 nuvarande
320 602 99 27 gällande
434 601 191 27 bestämningarna,
641 602 41 21 och
697 608 33 15 om
746 609 49 14 man
808 602 78 27 jemför
897 602 47 21 dem
954 602 49 21 med

184 631 26 20 de
233 630 7 21 i
262 631 60 21 detta
342 630 134 21 betänkande
491 631 94 26 intagna,
601 630 68 22 finner
683 637 56 19 man,
755 633 32 19 att
802 631 104 22 utskottet
922 633 81 25 öppnar

184 659 76 21 dörren
282 659 28 27 på
329 659 36 21 vid
386 659 69 27 gafvel
478 659 39 21 och
532 659 97 27 inbjuder
644 659 43 21 alla
702 659 136 28 utländingar
850 661 32 20 att
897 660 39 21 här
951 661 52 25 göra

184 687 87 22 förvärf.
295 700 28 3 —
341 687 42 28 Jag
402 687 84 22 förenar
501 687 44 28 mig
560 688 70 21 derför
644 688 8 20 i
668 688 40 21 den
724 688 23 21 af
761 688 136 27 domprosten
913 688 89 22 Renvall

183 717 97 20 uttalade
300 716 89 28 åsigten,
412 718 32 19 att
468 717 88 21 ärendet
577 717 67 21 måtte
666 717 33 20 till
714 717 105 21 utskottet
834 717 167 22 återremitteras

184 745 40 21 och
246 745 65 27 något
331 745 102 21 afseende
454 745 67 22 fästas
543 745 36 21 vid
600 745 26 21 de
644 745 138 28 stadganden,
798 751 45 16 som
858 746 7 21 i
881 746 26 21 de
922 745 23 22 af
959 745 43 28 mig

184 774 128 21 omnämnda
327 773 178 28 författningarna
519 774 69 21 finnas
602 774 93 27 intagna.

252 830 72 22 Sedan
344 830 147 23 diskussionen
508 831 104 27 afslutats,
627 831 132 22 framställde
774 831 49 22 herr
840 832 161 21 talmannen

183 859 95 27 följande
293 860 284 27 omröstningsproposition:

254 916 128 22 Godkännes
398 923 62 15 mom.
479 918 8 19 1
504 917 24 21 af
542 917 13 27 &
571 918 26 20 13
613 917 146 27 oförändradt,
775 917 52 21 eller
841 918 60 20 icke?
924 917 79 22 Vinner

184 945 41 26 nej,
249 945 39 21 har
308 945 85 21 ständet
410 945 88 21 beslutit
514 945 98 22 ärendets
627 946 122 21 äterremiss
764 945 33 21 för
812 946 156 27 omredigering
982 946 24 21 af

185 973 66 26 sagda
273 979 63 15 mom.
358 974 7 20 i
389 974 75 20 sädant
486 974 24 20 af
530 974 135 26 domprosten
680 974 89 21 Renvall
785 974 95 26 angifvet
894 974 62 27 syfte,
972 976 32 20 att

185 1002 137 26 utländingar
337 1002 33 21 för
384 1002 104 27 rättighet
500 1004 32 20 att
542 1002 51 22 idka
603 1002 98 22 handels-
712 1003 39 21 och
762 1002 162 22 fabriksrörelse
935 1003 68 22 skulle

185 1030 121 26 framdeles,
327 1030 89 22 likasom
431 1030 84 22 härtills
530 1032 67 26 enligt
611 1032 98 26 gällande
724 1032 126 27 författning
865 1032 55 21 varit
936 1032 66 25 fallet,

184 1055 52 58 illa
259 1059 75 26 ålagda
356 1061 32 20 att
411 1059 38 22 hos
470 1059 125 28 regeringen
614 1060 31 21 till
665 1060 69 21 denna
749 1060 103 27 rättighet
867 1061 90 21 utverka
971 1061 33 27 sig

185 1087 101 22 tillstånd.

252 1145 131 22 Besvarades
399 1145 47 22 med
464 1147 24 20 17
502 1146 22 27 ja
540 1146 39 21 och
596 1147 25 20 13
637 1147 39 26 nej.

492 1231 87 21 Momm.
596 1233 11 19 2
624 1232 39 20 och
679 1234 20 19 3.

254 1287 142 27 Domprosten
418 1287 126 21 Renvall:
574 1288 83 21 Genom
679 1288 40 21 den
743 1289 141 27 omkastning,
905 1296 46 15 som
970 1292 34 20 ut-

186 1316 81 20 skottet
288 1316 40 20 har
349 1316 56 26 gjort
425 1316 23 20 af
462 1318 132 19 momentens
610 1316 58 26 följd,
684 1317 73 25 tyckes
773 1317 36 21 det
824 1323 45 15 som
884 1318 68 20 skulle
968 1319 35 20 det

185 1349 51 15 vara
252 1343 61 27 fråga
328 1342 55 22 blott
398 1349 34 16 om
448 1344 40 20 den
503 1344 124 27 ansökning,
640 1350 45 15 som
696 1344 113 22 utländska
819 1345 105 22 affärshus
936 1346 69 22 skulle

185 1373 53 25 göra
259 1371 33 21 för
314 1373 31 19 att
367 1372 79 21 inrätta
461 1371 75 22 filialer
557 1373 7 20 i
579 1372 79 25 landet,
673 1372 73 22 hvilka
759 1376 130 24 guvernören
904 1375 54 26 egde
972 1377 33 20 att

185 1400 76 27 pröfva
276 1400 39 22 och
331 1400 54 22 efter
399 1400 169 22 vederbörandes
578 1401 95 22 hörande
685 1402 99 28 antingen
796 1402 75 22 bifalla
881 1403 52 22 eller
942 1403 62 23 afslå.

185 1429 112 23 Utskottet
312 1429 68 22 måste
395 1429 129 23 åtminstone
538 1430 151 22 omformulera
705 1432 36 20 det
756 1432 12 21 3
784 1438 64 16 mom.
863 1432 5 22 i
881 1433 38 21 sitt
929 1432 76 23 betän-

185 1458 70 22 kande
276 1458 31 26 så,
329 1460 33 20 att
386 1459 35 21 det
442 1459 68 27 gäller
528 1459 39 22 allt
582 1460 42 26 det,
640 1465 45 16 som
701 1460 6 21 i
724 1460 26 22 de
765 1460 37 22 två
816 1461 128 28 föregående
959 1468 46 16 mo-

185 1490 85 19 menten
285 1487 71 22 blifvit
371 1488 130 26 omnämndt,
516 1488 59 22 såväl
590 1489 41 21 den
646 1489 101 26 ansökan,
763 1495 45 16 som
823 1490 8 21 i
846 1497 63 15 mom.
926 1491 10 21 1
954 1490 50 23 blif-

185 1517 31 21 vit
239 1517 77 21 berörd
338 1523 46 16 som
407 1517 41 22 den
470 1517 101 27 ansökan,
594 1523 45 16 som
661 1517 8 21 i
691 1525 63 15 mom.
777 1519 12 21 2
805 1519 67 27 enligt
886 1520 118 22 utskottets
