1106 1784
322 126 159 18 Presteståndet
495 128 54 17 1877.
573 128 26 17 29
612 128 93 17 oktober.
830 123 55 20 1789

92 194 58 27 gjort
164 194 110 26 angående
290 196 36 20 det
340 197 50 24 sätt,
404 195 80 27 hvarpå
499 196 117 21 författare,
632 202 45 14 som
693 196 66 21 redan
774 196 39 21 har
827 196 88 27 utgifvit

92 218 80 34 arbete,
194 223 110 31 konstnär,
327 229 45 15 som
396 223 64 20 redan
483 224 39 20 har
543 214 151 40 åstadkommit
709 224 134 26 konstalster,
859 224 55 20 skall

92 251 86 20 komma
192 250 7 20 i
214 251 125 26 åtnjutande
354 251 24 20 af
392 251 35 21 det
443 251 74 27 skydd,
533 257 45 15 som
594 252 39 21 den
645 258 41 20 nya
697 251 151 28 författningen
859 252 55 21 skall

92 279 86 20 komma
200 281 32 18 att
255 279 58 26 gifva
328 280 7 20 i
351 279 76 22 sådant
449 280 38 20 fall
510 280 27 21 då
559 280 36 21 det
617 280 77 21 hittills
715 280 38 21 har
767 268 81 33 ansetts
863 286 51 15 vara

92 307 68 26 lofligt
182 309 32 18 att
236 307 145 27 mångfaldiga
404 308 61 20 deras
487 309 79 20 arbete.
596 309 42 26 Jag
660 308 79 21 tillåter
759 309 43 26 mig
816 309 7 20 i
839 309 75 20 sådant

92 335 99 22 afseende
207 335 113 22 framhålla
336 336 126 27 exempelvis
477 335 12 28 $
506 337 25 20 13
547 337 7 20 i
569 336 150 25 betänkandet,
735 337 38 20 der
788 337 36 20 det
839 338 6 19 i
861 337 54 21 sista

92 364 111 25 meningen
226 363 60 22 heter
310 380 9 9 ,
323 364 79 27 Tryckt
423 364 70 24 alster,
513 367 56 19 emot
585 365 62 21 hvars
662 365 132 26 uppförande
808 365 49 28 laga
872 365 43 21 för-

94 393 70 20 behåll
182 393 19 26 ej
217 394 24 19 är
255 393 77 26 gjordt,
348 399 50 15 vare
414 400 25 15 en
455 393 52 21 hvar
523 393 78 22 tillåtet
616 396 32 19 att
663 393 123 28 offentligen
802 394 111 27 uppföra".

92 421 31 21 På
137 422 69 26 grund
221 421 23 22 af
258 422 68 21 denna
346 422 133 26 bestämning
493 422 7 20 i
516 423 40 20 den
571 429 42 20 nya
627 423 62 27 lagen
705 423 68 20 skulle
788 422 62 21 hvem
869 429 44 15 som

93 450 62 25 helst,
178 450 22 21 få
222 450 91 27 uppföra
336 453 31 19 ett
383 451 127 21 dramatiskt
525 451 80 26 arbete,
621 457 44 15 som
682 451 65 22 redan
762 451 67 22 finnes
843 451 72 27 tryckt

93 482 51 18 utan
167 479 60 21 detta
243 479 105 21 förbehåll
363 480 56 21 blott
434 479 79 26 derför,
529 482 32 19 att
576 479 127 22 författaren
719 480 19 26 ej
754 480 40 21 har
809 482 58 19 vetat
882 481 33 20 att

92 509 52 25 göra
160 507 59 22 detta
234 508 110 28 förbehåll.
376 508 41 21 Det
432 508 100 21 behöfves
547 509 134 26 naturligtvis
695 508 70 27 någon
780 509 135 26 bestämning

92 542 34 15 om
149 534 72 28 sättet,
234 534 90 28 hvarpä
341 536 42 21 han
398 537 55 21 skall
467 539 53 25 göra
535 537 60 21 detta
610 526 111 37 förbehäll,
737 537 33 20 för
785 539 32 19 att
832 537 81 27 skydda

92 565 26 20 de
133 565 58 24 verk,
207 571 46 15 som
268 565 65 21 redan
349 567 37 19 äro
401 565 107 26 utkomna,
524 565 39 21 och
576 566 37 27 jag
628 566 67 21 skulle
711 554 84 38 föreslå,
810 567 32 20 att
852 572 63 21 para-

92 593 75 27 grafen
182 594 7 21 i
204 594 60 21 detta
279 593 55 28 syfte
349 594 66 21 måtte
431 594 167 21 återremitteras
614 594 32 21 till
662 595 111 21 utskottet.

161 650 111 21 Professor
287 651 120 21 Donner:
434 652 42 26 Jag
490 651 37 21 vill
543 653 55 19 ännu
613 651 95 27 tillägga,
722 653 32 19 att
765 651 39 21 här
814 651 100 27 möjligen

92 678 70 22 kunde
184 679 95 27 påpekas
297 679 130 27 rättigheten
442 680 48 21 med
505 680 99 21 afseende
619 680 14 21 å
648 680 91 21 försåldt
753 680 80 25 arbete,
848 680 66 20 huru-

92 708 48 20 vida
158 708 72 20 "under
252 708 68 21 denna
343 708 124 28 försäljning
490 709 54 21 skall
565 708 78 21 förstås
658 708 129 28 rättigheten
803 696 32 33 att
849 708 65 21 också

92 736 82 26 utgifva
196 736 119 22 detsamma
336 737 28 27 på
387 738 35 20 det
440 737 67 21 andra
522 737 110 22 inhemska
647 738 93 26 språket,
756 744 33 14 om
806 736 19 27 ej
841 737 72 21 derom

92 766 65 26 något
179 765 40 21 har
240 766 71 21 blifvit
333 766 105 26 stadgadt.
467 766 74 26 Enligt
562 766 42 21 min
628 766 135 26 uppfattning
777 766 40 21 har
832 766 35 20 det
882 766 32 20 åt-

93 794 106 21 minstone
214 794 71 21 blifvit
300 797 92 24 antaget,
409 796 32 20 att
455 801 49 14 man
519 794 40 22 har
574 794 76 22 försålt
662 795 83 21 arbetet
756 795 75 21 endast
840 795 28 25 på
878 794 37 21 det

92 829 40 14 ena
154 822 111 22 inhemska
287 823 93 27 språket.
409 823 40 26 Jag
471 823 68 21 skulle
555 823 70 21 derför
641 822 83 27 föreslå,
741 825 31 19 att
787 822 127 28 paragrafen

93 851 81 21 erhölle
195 851 93 27 följande
310 852 86 27 tillägg:
420 851 61 27 ,Med
503 852 98 21 afseende
617 852 12 20 å
644 852 125 26 eganderätt
784 852 32 21 till
832 851 83 21 härför-

92 880 64 21 innan
168 879 89 28 utgifna,
270 880 24 21 af
308 880 127 22 författaren
450 880 33 21 till
499 886 69 15 annan
584 880 118 22 öfverlåtna
717 880 93 26 arbeten,
827 880 87 21 berätti-

92 915 39 20 gar
146 909 41 21 slik
202 909 134 21 öfverlåtelse
351 910 75 20 endast
441 911 44 19 rätt
498 909 32 21 till
540 910 93 27 upplaga
648 910 27 25 på
691 915 81 15 samma
787 910 70 25 språk,
867 909 47 21 icke

92 937 34 21 till
142 937 153 27 öfversättning
309 938 28 26 på
352 939 36 20 det
400 938 67 21 andra
478 938 110 21 inhemska
598 938 93 27 språket,
702 938 23 21 så
735 938 64 21 framt
810 938 18 27 ej
841 939 72 20 derom

92 966 102 22 särskildt
209 966 218 22 öfverenskommits'.

161 1024 63 21 Efter
245 1023 88 22 härmed
355 1024 92 21 afslutad
471 1024 120 21 diskussion
613 1024 68 21 beslöt
701 1023 90 24 ståndet,
807 1023 27 27 på
849 1023 65 22 fram-

93 1052 102 27 ställning
217 1051 23 22 af
261 1052 49 21 herr
331 1053 171 26 talmannen,
521 1055 32 19 att
568 1053 155 21 återremittera
738 1052 128 27 paragrafen
881 1052 33 21 till

93 1081 105 21 utskottet
221 1080 33 21 för
276 1083 32 19 att
329 1081 67 21 denne
411 1081 68 22 blefve
495 1081 148 27 omredigerad
657 1082 6 20 i
680 1081 75 20 sådant
771 1081 24 20 af
807 1081 108 26 professor

93 1109 111 21 Ehrström
220 1109 94 27 angifvet
330 1110 61 26 syfte,
408 1112 43 24 ,att
466 1109 45 21 deri
527 1110 67 20 skulle
610 1110 49 26 ingå
674 1110 117 26 stadgande
806 1109 109 27 angående

93 1137 36 21 det
144 1140 49 24 sätt,
209 1138 27 26 på
252 1138 81 20 hvilket
348 1138 111 21 författare
474 1138 39 20 och
529 1138 102 21 konstnär
646 1138 33 20 för
691 1138 136 20 härförinnan
837 1138 78 25 produ-

93 1166 76 22 ceradt
188 1166 67 22 alster
278 1166 70 21 kunde
370 1167 86 21 komma
471 1167 6 21 i
493 1166 124 26 åtnjutande
632 1166 23 21 af
669 1166 36 21 det
720 1166 74 26 skydd,
811 1172 45 15 som
871 1166 43 21 för-

93 1194 119 28 fattningen
235 1194 81 28 åsyftar
338 1197 34 19 att
394 1195 94 27 erbjuda,
504 1195 7 20 i
527 1195 76 21 sådant
626 1195 43 25 fall,
686 1196 26 20 då
727 1195 88 26 ingrepp
830 1195 7 20 i
852 1195 62 21 deras

92 1224 44 20 rätt
158 1223 61 27 eljest
234 1224 70 20 kunde
320 1229 62 15 anses
396 1230 51 14 vara
461 1224 7 20 i
484 1223 153 27 författningen
653 1223 116 27 medgifvet
784 1225 27 19 än
826 1223 39 21 ock
881 1223 33 21 för

93 1253 32 19 att
140 1252 128 26 paragrafen
283 1252 67 21 måtte
366 1252 107 21 innehålla
489 1253 36 21 det
540 1252 23 21 af
576 1252 107 27 professor
697 1252 87 21 Donner
795 1252 120 26 föreslagna

92 1280 81 27 tillägg.

162 1338 39 20 Om
220 1338 62 21 dessa
296 1337 96 22 ståndets
408 1338 69 20 beslut
493 1338 68 21 skulle
576 1338 156 20 underrättelse
747 1343 76 21 genom
837 1337 78 27 utdrag

92 1372 26 14 ur
139 1366 130 26 protokollet
290 1366 108 22 meddelas
421 1366 59 22 såväl
501 1366 121 27 respektiva
644 1366 145 26 medstånden,
809 1372 46 15 som
870 1366 45 26 lag-

92 1394 112 22 utskottet.
