1103 1789
224 140 53 21 1876
409 144 159 18 Presteståndet
585 145 54 16 1877.
661 145 14 16 2
686 144 116 17 november.

193 213 48 22 stad
263 213 40 21 och
325 215 60 19 snart
404 219 41 20 nog
467 212 41 21 den
522 212 68 27 tredje
605 212 39 21 och
660 212 39 21 den
715 213 107 20 dessutom
837 213 24 19 är
875 210 103 28 omgifven
994 211 22 21 af

195 248 25 15 en
239 241 107 27 förmögen
361 241 95 21 landsort
470 240 40 22 och
525 241 36 21 det
576 243 24 18 är
614 242 31 19 ett
659 241 81 26 ganska
754 240 59 26 långt
828 239 82 22 afstånd
925 239 89 22 emellan

193 269 114 28 Jyväskylä
330 269 39 22 och
391 269 136 24 Tavastehus,
548 269 23 21 så
586 274 62 16 anser
660 269 37 26 jag
712 269 36 21 det
763 274 51 15 vara
828 268 83 27 mycket
926 267 88 27 obilligt,

195 305 33 15 om
251 298 142 22 Tammerfors
414 298 45 21 icke
479 297 67 22 skulle
568 297 80 22 erhålla
671 300 31 19 ett
719 297 133 26 fullständigt
867 296 86 28 lyceum.
983 297 32 21 De

194 333 106 21 personer,
317 333 44 15 som
377 327 84 20 komma
476 328 31 19 att
522 326 133 27 freqventera
671 332 25 15 en
707 325 151 22 industriskola
868 325 64 21 blifva
942 327 73 20 natur-

193 355 70 28 ligtvis
285 355 68 26 aldrig
375 355 112 26 desamma,
510 361 45 15 som
574 354 32 26 de,
622 354 71 21 hvilka
707 354 92 21 behötva
814 360 26 15 en
855 353 160 24 lärdomsskola,

195 385 40 21 och
254 386 32 20 att
307 383 55 22 båda
378 384 60 21 dessa
452 383 73 22 skolor
539 383 67 22 skulle
623 383 84 22 komma
722 385 32 19 att
769 382 63 22 hafva
847 384 31 20 ett
893 381 122 28 tillräckligt

195 412 57 23 antal
275 413 68 22 elever
365 412 81 22 bevisas
470 412 65 26 däraf,
550 414 33 19 att
602 411 148 27 Tammerfors,
766 411 26 22 då
808 411 35 22 det
858 411 54 21 hade
928 413 31 19 ett
974 411 41 27 fyr-

194 441 89 28 klassigt
305 441 88 28 lyceum,
415 441 67 27 aldrig
503 441 54 21 hade
580 441 81 21 mindre
676 443 25 19 än
720 441 39 21 100
775 440 69 22 elever
858 440 27 27 pä
900 439 45 28 fyra
960 439 55 22 klas-

194 477 39 15 ser.
263 471 30 21 Pä
309 470 68 27 grund
397 470 58 21 deraf
469 470 67 21 skulle
549 470 36 26 jag
600 469 82 26 föreslä,
698 471 32 19 att
745 468 140 22 Tammerfors
899 468 47 22 icke
961 468 55 22 blott

195 499 67 22 skulle
277 499 80 21 erhälla
373 505 26 15 en
413 498 55 22 finsk
482 498 154 22 lärdomsskola
651 501 51 18 utan
718 498 71 21 dertill
804 504 25 14 en
845 497 116 27 sjuklassig.

263 556 84 21 Doktor
369 555 163 27 Hornborg:
554 555 43 27 Jag
612 555 85 21 förenar
720 555 42 27 mig
785 554 7 21 i
815 554 41 22 allo
877 554 48 22 med
943 556 73 25 pastor

197 584 100 22 Törnudd
312 584 48 22 med
373 584 107 27 undantag
495 584 24 20 af
532 585 32 20 att
576 584 38 26 jag
629 583 46 21 icke
690 583 37 21 vill
742 583 34 21 för
791 583 43 21 min
850 583 34 21 del
899 583 118 21 bestämma

195 620 35 15 om
245 614 68 26 lyceet
328 613 66 21 borde
409 612 66 21 blifva
490 612 42 27 sju-
547 612 52 21 eller
614 612 129 27 fyrklassigt.
766 612 42 21 Det
823 612 37 21 vill
871 612 54 21 dock
942 612 74 27 tyckas

195 644 40 23 att,
250 648 34 15 om
299 641 153 22 läroanstalten
467 641 69 21 skulle
550 641 86 21 komma
649 643 31 19 att
691 643 75 25 utgöra
778 641 90 21 likasom
881 647 25 14 en
919 641 97 26 parallel-

195 670 109 28 afdelning
325 670 34 21 till
383 670 130 21 Tavastehus
540 669 171 27 normallyceum,
734 670 40 20 den
797 670 65 20 borde
885 669 67 21 blifva
975 670 41 26 sju-

195 700 86 26 klassig.

264 756 111 22 Professor
399 756 145 21 Forsman:
574 756 41 21 Det
638 757 23 19 är
683 757 59 19 utom
766 756 28 20 all
816 755 66 28 fråga,
903 758 33 19 att
955 755 61 21 äfven

195 785 144 22 Tammerfors
361 785 42 21 kan
425 784 92 21 behöfva
536 784 40 22 och
597 784 44 21 helt
657 784 71 21 säkert
743 784 102 22 behöfver
860 791 26 15 en
901 784 55 22 finsk
971 784 46 21 lärd

196 814 60 22 skola
279 814 39 20 och
341 813 70 21 dertill
434 814 94 20 kommer
544 814 56 20 ännu
616 819 24 14 en
657 812 165 28 omständighet,
838 815 31 19 att
885 813 69 21 denna
969 813 48 21 stad

195 843 39 21 har
257 845 35 24 egt
311 848 27 14 en
360 842 55 20 finsk
437 842 154 20 lärdomsskola
614 841 39 21 och
675 842 89 20 förlorat
784 842 40 20 den
840 844 56 19 emot
912 842 32 20 sin
960 841 56 27 vilja.

196 871 50 22 Men
262 871 35 21 det
313 870 88 22 oaktadt
416 870 68 21 skulle
497 870 37 27 jag
550 876 50 15 anse
616 870 36 20 det
667 876 51 14 vara
733 876 25 21 en
774 870 139 22 klokhetssak
928 872 32 19 att
970 870 47 21 icke

196 900 7 21 i
226 900 69 21 denna
317 899 90 27 petition
423 900 112 20 omnämna
550 897 149 22 Tammerfors.
730 898 69 21 Afven
816 899 40 21 den
872 898 145 28 formulering,

196 934 45 15 som
257 928 104 21 utskottet
376 928 38 20 har
429 927 62 27 gifvit
506 928 72 24 saken,
594 927 107 21 förefaller
716 928 44 26 mig
775 927 23 21 sä
813 928 112 26 oegentlig,
938 929 33 19 att
980 926 37 27 jag

195 957 47 21 icke
258 963 37 15 ens
310 956 70 21 derför
391 956 67 20 skulle
468 956 71 21 kunna
549 956 112 26 godkänna
672 958 123 19 momentet.
818 956 42 21 Det
874 956 67 21 skulle
952 956 66 21 blifva

196 992 26 14 en
237 986 91 26 petition
343 984 185 27 hufvudsakligast
543 985 79 25 derom,
638 986 32 19 att
685 985 164 27 normallyceum
865 985 7 21 i
887 984 130 22 Tavastehus

195 1014 48 21 icke
265 1014 54 21 skall
341 1014 98 26 utvidgas
461 1014 47 20 med
530 1019 25 15 en
572 1013 204 27 parallelafdelning,
792 1013 89 21 likasom
897 1014 36 20 det
948 1013 69 21 skulle

195 1049 52 15 vara
269 1044 42 24 det,
327 1048 46 15 som
388 1048 48 15 man
452 1044 54 19 mest
521 1042 83 21 fruktar
619 1042 39 21 och
674 1042 35 20 det
725 1042 59 26 lyder
800 1042 29 26 sä,
845 1044 33 19 att
895 1058 4 8 ,
901 1042 74 25 hellre
991 1044 26 18 än

197 1073 31 20 att
250 1071 68 21 denna
339 1071 75 27 olycka
437 1070 54 22 skall
512 1070 81 22 drabba
612 1076 42 19 oss,
672 1070 35 21 mä
722 1071 36 21 det
774 1070 26 21 dä
816 1070 89 22 inrättas
921 1077 26 15 en
963 1070 54 22 finsk

197 1100 60 21 skola
279 1100 7 20 i
308 1099 163 21 Tammerfors.*
501 1099 41 27 Jag
564 1105 62 15 anser
647 1101 116 19 momentet
786 1099 70 21 derför
880 1099 45 21 icke
946 1100 71 20 kunna

196 1131 95 24 antagas.

264 1157 49 21 Men
335 1156 62 21 äfven
419 1156 7 20 i
449 1156 65 28 öfrigt
530 1156 36 21 ber
580 1156 36 28 jag
632 1156 53 27 dem,
701 1162 45 16 som
762 1156 116 22 intressera
893 1156 32 28 sig
940 1156 32 22 för
987 1159 31 19 ett

195 1186 98 21 läroverk
315 1185 7 21 i
344 1185 150 24 Tammerfors,
516 1185 94 21 betänka
625 1192 25 14 en
666 1186 44 20 sak.
740 1186 43 20 Det
798 1187 24 19 är
836 1186 81 27 ganska
932 1186 34 21 väl
982 1186 35 21 be-

197 1215 59 25 kant,
279 1214 54 21 huru
357 1214 36 20 det
408 1213 38 27 gär
461 1214 32 20 till
509 1215 38 19 när
562 1213 80 21 fiender
657 1214 52 20 falla
724 1214 21 20 in
760 1214 8 21 i
783 1214 78 22 landet.
891 1214 127 22 Soldaterna

197 1243 67 21 samla
286 1242 33 28 sig
341 1242 46 21 frän
410 1242 26 20 de
458 1242 58 21 olika
538 1245 85 18 orterna
645 1242 33 21 till
701 1249 26 14 en
749 1249 121 20 gemensam
890 1244 73 25 styrka
978 1243 40 21 och

197 1272 76 26 många
288 1272 25 20 af
326 1271 48 21 dem
389 1270 67 21 måste
472 1270 117 28 öfvergifva
604 1271 37 21 sitt
656 1273 48 25 eget
720 1272 39 20 hus
774 1271 39 21 och
829 1271 48 21 hem
893 1271 39 21 och
948 1271 70 22 lemna

197 1300 36 21 det
255 1300 7 20 i
284 1299 95 21 fiendens
402 1299 54 26 väld,
480 1299 33 21 för
528 1301 32 19 att
576 1300 67 20 samla
658 1300 32 26 sig
705 1300 98 27 omkring
818 1306 80 15 samma
914 1307 48 14 man
978 1300 40 21 och

197 1329 53 21 efter
272 1329 69 25 nägon
362 1328 78 20 allmän
455 1328 49 25 plan
520 1328 70 20 kunna
606 1328 65 20 frälsa
686 1329 46 19 allt.
762 1329 73 20 Skulle
850 1331 31 18 ett
896 1331 65 18 annat
976 1329 41 20 för-

197 1356 88 21 farande
305 1356 114 26 iakttagas,
439 1355 67 21 skulle
525 1355 52 21 hvar
592 1356 39 20 och
646 1362 26 14 en
688 1356 75 20 endast
778 1357 64 20 tänka
857 1356 27 27 pä
899 1363 52 20 egen
967 1356 51 21 hus-

195 1384 54 21 knut
265 1384 39 21 och
319 1390 50 14 rusa
384 1383 32 21 till
432 1384 47 20 dess
495 1383 87 27 försvar,
599 1384 24 20 sä
638 1386 23 18 är
677 1384 36 21 det
727 1384 63 24 klart,
806 1387 33 19 att
854 1384 38 22 allt
908 1385 68 21 skulle
991 1385 27 27 gä

197 1412 110 27 förloradt,
330 1412 66 21 hären
416 1411 68 22 skulle
506 1412 85 27 splittra
612 1412 33 28 sig
667 1413 39 21 och
729 1413 86 27 skingra
837 1414 32 27 sig
888 1413 39 22 och
943 1414 74 21 endast

197 1442 75 27 olycka
287 1441 40 22 och
343 1440 81 22 förderf
437 1441 67 21 skulle
520 1441 81 21 drabba
616 1442 36 20 det
666 1442 55 21 hela.
744 1442 42 21 Det
802 1444 24 20 är
840 1443 87 27 ungefär
943 1442 74 28 dylikt,

197 1476 45 16 som
257 1470 8 22 i
281 1470 59 22 detta
355 1470 39 22 och
409 1470 101 22 liknande
529 1470 37 21 fall
581 1470 67 22 mäste
663 1470 154 28 ihägkommas.
847 1472 41 21 Det
903 1471 38 28 gär
956 1472 61 22 abso-

197 1500 31 21 lut
250 1499 48 22 icke
320 1506 26 14 an
369 1500 32 20 att
422 1498 52 22 hvar
493 1499 40 22 och
548 1506 25 14 en
589 1499 96 22 kommer
699 1500 50 28 ihäg
764 1500 74 22 endast
853 1500 38 22 sitt
907 1503 48 25 eget
969 1502 48 20 när-

197 1530 68 20 maste
287 1528 72 22 behof.
389 1527 42 22 Det
452 1528 68 22 mäste
543 1528 138 28 ovilkorligen
703 1531 61 25 tagas
784 1530 7 21 i
806 1530 141 22 betraktande
961 1530 56 22 hvad
