1103 1792
201 125 60 41 2024
390 140 159 19 Presteståndet
561 142 53 17 1877.
639 142 24 16 10
674 130 131 28 november.

176 209 70 26 någon
267 215 28 15 en
318 209 88 22 förmån.
435 205 30 25 Är
480 210 36 20 det
531 216 24 15 en
571 209 80 27 verklig
665 210 89 23 förmon,
769 215 44 15 som
830 209 124 27 tillskyndas
969 210 26 21 de

177 237 124 27 sjöfarande,
321 238 24 20 så
360 237 60 22 skola
435 238 61 20 dessa
510 244 65 20 gerna
589 238 88 20 omfatta
692 237 91 22 tillfället
798 240 33 19 att
845 237 63 22 blifva
924 238 70 21 delak-

176 266 43 26 tiga
234 265 6 21 i
256 266 68 22 denna
339 266 90 24 förmon,
444 272 47 15 men
507 266 27 21 dä
549 266 26 21 de
591 268 36 19 äro
643 272 106 20 personer,
763 272 46 15 som
825 266 32 21 väl
867 266 8 21 i
885 267 46 20 sina
941 272 53 20 egna

176 294 176 27 angelägenheter
374 294 71 22 kunna
465 294 88 22 bedöma
569 294 54 22 hvad
638 294 33 22 för
687 294 46 22 dem
749 296 24 20 är
787 294 141 27 fördelaktigt,
943 294 53 22 eller

176 322 51 25 icke,
249 328 61 22 synes
332 323 105 21 utskottet
458 324 48 20 med
527 322 48 22 fullt
592 322 45 22 skäl
653 323 61 21 hafva
729 324 80 20 lemnat
824 324 47 20 dem
885 322 63 22 frihet
963 326 32 19 att

175 352 49 26 ingå
239 352 6 21 i
261 351 128 27 föreningen,
412 351 51 23 eller
483 352 44 22 låta
550 352 28 21 bli
599 352 91 26 dermed,
714 358 47 16 men
776 352 105 22 utskottet
896 352 38 21 har
949 352 46 22 icke

176 380 47 27 följt
237 380 69 22 denna
321 381 80 27 princip
416 381 135 27 konseqvent,
565 383 51 19 utan
631 381 75 21 endast
720 380 47 22 med
777 380 98 22 afseende
886 382 13 20 å
908 381 86 26 sådana,

176 415 45 15 som
243 409 46 21 icke
311 410 44 21 låta
370 409 99 22 inskrifva
484 410 31 27 sig
530 410 7 20 i
552 410 138 26 sjömanshus.
719 410 41 27 Jag
774 409 33 21 för
821 410 42 21 min
879 410 33 21 del
928 410 68 21 skulle

176 438 46 22 åter
240 438 71 26 önska,
325 440 32 20 att
372 439 41 21 den
428 438 69 27 frihet,
513 444 44 16 som
573 438 67 22 blifvit
655 438 78 22 sådana
748 438 118 28 sjöfarande
881 438 113 22 tillerkänd

176 467 6 21 i
197 467 114 21 utskottets
329 467 84 27 förslag,
429 467 66 22 skulle
511 467 137 22 tillerkännas
662 467 49 26 alla,
726 469 33 19 att
773 467 82 22 således
870 467 40 21 den
925 467 70 27 gamla

176 496 71 26 regeln
271 496 129 28 beneficium
421 496 86 21 nemini
529 496 68 22 skulle
618 496 61 26 följas
700 496 40 21 och
761 495 68 23 skulle
851 496 83 22 derföre
948 496 48 22 icke

176 524 49 27 vilja
247 524 72 22 förena
342 525 41 25 mig
401 525 47 21 med
463 525 105 21 utskottet
583 525 18 27 ej
617 524 66 22 heller
698 525 47 21 med
760 526 41 20 den
815 524 118 28 Kejserliga
948 531 47 21 pro-

176 553 118 27 positionen
309 553 7 21 i
332 554 68 20 denna
422 554 103 26 paragraf,
549 555 50 19 utan
617 553 84 25 önskar,
717 555 32 19 att
764 554 26 20 de
805 553 66 27 årliga
886 554 108 26 pensions-

176 581 89 27 afgifter,
280 588 45 15 som
340 581 82 22 tillfalla
437 583 81 25 kassan,
533 582 68 21 skulle
616 582 96 26 erläggas
727 582 31 21 till
775 582 121 21 densamma
908 583 22 20 af
941 582 54 24 dem,

176 616 45 16 som
243 610 86 22 tillhöra
351 610 121 27 föreningen
495 611 39 21 och
556 610 60 22 skola
638 610 109 27 beräknas,
770 612 70 20 såsom
855 611 6 21 i
877 610 119 27 Kejserliga

176 640 157 26 propositionen
355 641 24 19 är
401 639 118 27 föreslaget,
538 639 42 27 ,till
602 640 67 20 sextio
685 640 59 21 mark
759 639 32 22 för
805 639 142 27 sjökaptener,
963 639 32 21 till

175 668 77 27 fyratio
273 668 61 22 mark
355 668 32 21 för
403 667 198 27 kofferdiskeppare,
616 670 95 25 styrmän
730 668 39 22 och
793 668 132 22 maskinister
940 670 56 20 samt

176 696 32 22 till
225 696 59 28 tjugu
299 696 61 22 mark
375 696 32 22 för
422 696 63 27 öfrigt
499 696 77 28 sjöfolk
591 697 39 21 och
646 696 91 22 eldare*.

244 754 89 22 Prosten
349 754 188 26 Rosengren:
563 754 42 21 För
619 754 43 21 min
678 754 32 21 del
726 754 68 21 skulle
807 754 36 28 jag
857 754 85 22 förorda
955 755 39 21 den

176 783 116 27 Kejserliga
307 783 157 26 propositionen
478 783 8 20 i
501 783 11 27 $
527 784 14 20 4
557 789 60 15 mom.
635 784 9 20 1
662 782 28 28 d),
703 783 87 21 emedan
805 789 49 15 man
867 784 40 20 kan
918 785 78 25 antaga

175 814 33 19 att
230 811 35 21 det
288 814 24 18 är
335 818 25 14 en
375 812 35 20 hel
425 811 41 27 hop
481 818 105 19 personer,
603 818 44 14 som
664 811 130 27 tillfälligtvis
809 812 56 26 gifva
879 812 31 27 sig
924 814 25 18 ut
964 814 31 19 att

176 840 57 27 segla
249 840 38 20 och
303 840 96 26 upphöra
414 840 85 21 dermed
514 840 53 21 efter
581 846 26 14 en
623 839 82 27 mycket
720 840 49 21 kort
783 840 38 21 tid.
851 840 49 22 Man
911 840 41 21 kan
963 840 32 22 väl

176 870 56 25 säga,
254 870 31 19 att
307 874 26 15 en
355 868 34 21 del
411 868 22 21 af
450 869 47 20 dem
512 868 96 21 kommer
623 871 32 18 att
670 868 83 27 erlägga
768 868 31 21 sin
816 868 158 27 pensionsafgift
989 870 6 20 i

175 896 98 25 fåvitsko,
297 896 88 22 emedan
407 896 26 21 de
448 896 45 22 icke
508 896 85 22 komma
608 898 32 20 att
655 898 75 20 stanna
745 903 58 21 qvar,
819 896 28 23 då
861 898 46 21 åter
923 897 71 26 andra,

176 931 45 16 som
237 925 79 22 kanske
331 927 58 19 emot
403 925 31 22 sin
451 925 47 27 vilja
513 925 40 22 fått
568 925 85 27 erlägga
665 931 26 15 en
702 926 66 21 sådan
779 925 65 28 afgift,
855 926 61 21 deraf
925 926 71 21 kunna

176 954 61 21 hafva
255 960 61 20 gagn.
345 953 40 27 Jag
399 953 85 22 förenar
498 954 42 27 mig
555 954 82 22 således
651 955 7 20 i
674 954 58 21 detta
748 954 97 21 afseende
860 955 48 21 med
924 955 72 21 rektor

175 983 99 21 Kihlman
290 983 6 20 i
311 984 31 20 att
357 989 56 19 anse,
429 985 32 18 att
476 983 39 21 den
530 983 117 27 Kejserliga
661 983 156 27 propositionen
830 984 39 20 har
879 990 25 14 en
916 983 80 28 ganska

176 1011 95 27 praktisk
286 1011 75 27 grund,
377 1017 46 16 men
437 1011 35 27 jag
488 1011 41 22 kan
544 1012 46 21 icke
605 1011 111 27 godkänna
731 1012 53 21 hans
796 1012 98 27 yttrande
906 1012 6 21 i
924 1012 70 27 öfrigt;

176 1047 34 15 om
226 1046 48 15 man
289 1041 81 20 lemnar
384 1040 105 21 individen
505 1047 25 14 en
546 1041 65 21 sådan
627 1041 69 24 frihet,
711 1041 41 21 kan
768 1047 48 15 man
832 1047 49 15 vara
896 1041 62 21 säker
968 1042 28 27 på

175 1071 34 19 att
222 1069 47 22 icke
283 1069 86 21 komma
384 1069 31 20 till
431 1071 30 18 ett
476 1069 106 27 praktiskt
597 1069 94 22 resultat.

244 1126 76 21 Pastor
335 1125 107 22 Lilius:
467 1126 102 27 Orsaken,
584 1126 84 21 hvarför
683 1127 104 21 utskottet
803 1126 122 22 formulerat
935 1127 59 22 detta

176 1161 63 14 mom.
261 1155 95 25 sålunda,
379 1157 32 18 att
433 1155 184 26 pensionsafgiften
632 1155 68 21 skulle
715 1161 50 16 vara
780 1155 138 27 ovilkorligen
932 1156 63 26 ålagd

176 1183 75 21 endast
265 1183 86 25 sådana,
367 1189 45 14 som
427 1183 84 20 tillhöra
527 1183 138 27 sjömanshus,
680 1186 24 19 är
718 1186 33 19 att
760 1184 45 21 från
816 1183 50 22 flere
876 1184 120 21 landsorter

175 1210 68 22 blifvit
261 1211 123 21 framhållen
401 1210 134 28 obilligheten
551 1211 7 22 i
573 1214 32 19 att
619 1212 80 21 sådana
714 1218 105 20 personer,
833 1218 45 15 som
894 1212 54 21 blott
963 1212 33 21 för

175 1239 92 22 tillfället
285 1239 58 27 segla
357 1241 30 24 ut,
403 1239 67 22 skulle
485 1240 85 27 erlägga
585 1240 188 27 pensionsafgifter.
803 1241 51 21 Man
869 1242 64 25 ansåg
949 1241 47 22 der-

176 1268 38 26 för,
235 1270 32 19 att
288 1267 130 27 delaktighet
432 1269 7 20 i
454 1275 24 14 en
502 1269 220 26 pensionsinrättning,
744 1269 32 21 till
794 1269 83 22 hvilken
893 1270 102 27 styrelsen

175 1297 96 21 lemnade
293 1297 24 20 så
338 1297 73 26 rikligt
433 1296 74 28 bidrag
525 1297 39 22 och
582 1297 32 22 till
629 1297 83 22 hvilken
727 1299 56 20 ännu
798 1299 101 21 redarene
914 1298 81 22 kontri-

175 1325 93 22 buerade
289 1325 48 21 med
357 1325 134 26 lästafgiften,
507 1332 37 15 var
559 1327 70 24 något,
641 1332 45 15 som
703 1327 64 20 borde
782 1327 63 20 sökas
860 1327 22 20 af
896 1333 26 14 en
937 1327 58 25 hvar,

176 1359 45 15 som
244 1353 43 21 valt
307 1353 152 27 sjömansyrket
481 1353 31 21 till
527 1353 37 22 sitt
579 1353 132 27 lefnadsyrke
726 1354 40 21 och
781 1355 69 20 denna
865 1355 131 26 delaktighet

175 1381 42 22 kan
233 1381 72 21 vinnas
319 1387 76 20 genom
411 1383 32 20 att
457 1381 42 21 han
513 1381 55 22 låter
582 1381 100 22 inskrifva
697 1383 31 26 sig
743 1383 6 20 i
764 1383 137 27 sjömanshus.

243 1438 90 22 Prosten
355 1439 91 21 Roos:
473 1439 46 21 Den
541 1439 62 27 åsigt,
625 1445 45 16 som
686 1439 22 22 af
722 1440 73 22 rektor
808 1440 100 23 Kihlman
922 1443 25 19 är
962 1443 32 20 ut-

175 1467 64 26 talad,
261 1469 33 20 att
316 1467 35 22 det
370 1467 65 22 borde
449 1467 34 22 stå
497 1467 53 22 hvar
564 1468 39 21 och
619 1475 25 14 en
660 1468 45 22 fritt
718 1470 33 20 att
765 1469 84 22 inträda
863 1469 7 22 i
885 1469 109 28 pensions-

175 1495 142 28 inrättningen
340 1495 51 22 eller
413 1496 52 27 icke,
487 1496 41 22 kan
540 1497 38 27 jag
592 1496 33 23 för
640 1497 42 22 min
698 1497 33 22 del
746 1498 46 21 icke
807 1498 118 27 godkänna.
953 1498 42 28 Jag

175 1527 52 25 tror,
249 1527 33 20 att
301 1525 36 22 det
355 1525 47 22 icke
417 1531 49 16 vore
481 1526 78 27 nyttigt
574 1526 40 21 och
628 1528 33 19 att
675 1526 49 22 hela
738 1527 152 26 inrättningens
905 1527 89 23 bestånd
