1103 1792
215 143 54 21 1730
406 148 158 17 Presteståndet
577 148 53 18 1877.
655 148 25 16 29
693 148 91 16 oktober.

185 216 71 22 skolor
271 217 47 21 med
333 216 64 22 finskt
412 216 221 27 undervisningsspråk
648 216 66 21 måste
724 215 172 21 fordersammast
905 214 98 21 inrättas.

185 244 94 22 Allmänt
298 245 71 28 hystes
385 245 26 21 då
427 245 39 21 den
481 245 87 26 åsigten,
583 247 32 19 att
631 245 57 21 detta
703 244 97 21 läroverk
816 243 65 21 borde
895 242 109 27 förläggas

185 273 32 22 till
232 273 90 28 Nyslott,
338 273 68 22 fastän
422 274 112 21 ständerna
549 273 6 21 i
569 274 32 21 sin
611 273 87 28 petition
709 273 18 26 ej
739 272 106 27 uttryckte
855 272 31 26 sig
896 271 105 22 bestämdt

185 303 107 26 angående
308 304 66 19 orten.
403 302 131 27 Regeringen
549 303 38 20 har
603 309 33 18 nu,
652 301 64 22 sedan
732 301 108 21 utlåtande
856 301 22 21 af
888 299 115 22 skolöfver-

184 331 102 27 styrelsen
302 331 68 20 blifvit
384 330 122 27 affordradt,
521 331 28 26 på
563 331 55 26 goda
633 330 45 21 skäl
693 332 85 19 stannat
793 329 34 21 vid
838 329 36 21 det
884 329 75 26 beslut,
971 330 32 19 att

184 359 160 28 ifrågavarande
362 359 97 21 läroverk
475 359 65 21 borde
555 359 93 26 placeras
663 358 7 21 i
685 358 91 27 Nyslott.
806 358 42 21 Det
863 359 24 19 är
901 360 54 22 sant,
971 359 31 19 att

184 394 87 15 numera
293 389 32 20 tre
348 389 57 20 orter
425 387 7 21 i
452 388 46 21 vårt
512 387 50 22 land
577 387 50 21 täfla
642 393 34 14 om
691 389 32 18 att
738 386 79 22 erhålla
832 386 59 21 detta
905 385 98 22 läroverk

184 416 56 22 inom
262 416 32 21 sin
317 416 64 25 krets,
404 416 39 21 och
466 417 41 20 alla
529 415 80 22 utlofva
631 415 105 27 betydliga
752 415 79 26 bidrag.
861 415 11 20 I
887 414 115 21 Sordavala

184 445 85 21 trakten
292 445 88 27 erbjuda
402 445 26 20 de
449 445 49 21 ädla
519 444 33 21 för
573 444 165 26 folkbildningen
753 443 132 22 nitälskande
901 443 102 21 makarna

184 473 129 22 Hallonblad
328 473 55 22 ända
398 473 32 21 till
445 474 92 25 400,000
552 473 65 26 mark,
633 473 74 20 staden
722 471 118 22 Brahestad
858 471 89 26 100,000
963 471 40 21 och

183 502 87 27 Nyslott
292 502 77 26 50,000
391 501 58 22 mark
468 502 39 21 och
521 502 28 21 fri
564 501 115 27 tomtplats,
694 507 48 15 men
758 500 65 27 enligt
838 500 42 21 min
895 500 54 26 åsigt
965 499 40 22 bör

184 531 35 21 vid
240 531 56 21 valet
319 531 23 21 af
362 532 39 22 ort,
424 530 35 22 det
481 533 68 19 större
573 530 94 26 bidraget
686 529 18 28 ej
721 531 81 20 ensamt
817 535 50 15 vara
881 528 122 27 afgörande,

184 561 51 20 utan
257 559 39 21 bör
316 560 6 20 i
342 559 87 21 främsta
443 562 90 18 rummet
547 559 98 21 afseende
660 558 64 22 fästas
740 559 72 25 derpå,
828 559 31 20 att
875 558 35 20 det
925 557 78 26 vigtiga

184 588 120 21 ändamålet
319 588 48 21 med
382 588 119 21 läroverket
516 587 87 28 uppnås.
628 587 64 21 Detta
708 586 98 21 ändamål
822 586 70 21 består
906 585 34 22 väl
951 585 52 26 deri,

184 618 32 20 att
235 616 119 22 läroverket
375 617 23 20 så
413 619 58 18 snart
486 623 45 15 som
547 616 80 27 möjligt
642 616 41 21 kan
698 615 90 22 aflemna
802 615 48 21 fullt
866 614 57 21 antal
939 614 64 21 utbil-

185 645 53 22 dade
258 645 69 22 lärare
349 645 32 21 till
403 644 126 25 folkskolan,
545 651 47 15 men
608 645 27 20 då
650 645 66 20 måste
732 645 36 20 det
783 650 50 15 vara
848 644 24 21 så
887 643 115 26 placeradt,

184 675 32 20 att
231 674 36 21 det
281 674 42 21 kan
338 673 66 22 räkna
420 674 26 26 på
461 673 123 27 tillräckligt
599 673 57 21 antal
672 673 68 21 elever
754 673 32 20 för
802 672 71 27 hvarje
888 671 30 22 år.
944 671 61 22 Skol-

184 705 60 19 orten
260 702 39 21 bör
314 702 83 21 derföre
411 701 62 22 hafva
488 702 89 21 centralt
592 702 53 26 läge,
661 708 50 15 vara
726 701 80 21 försedt
821 701 47 21 med
878 701 55 26 goda
943 701 61 20 kom-

184 731 160 22 munikationer.
374 731 10 21 I
407 731 58 21 detta
487 731 119 21 hänseende
625 732 23 19 är
662 730 86 27 Nyslott
762 729 92 22 särdeles
870 729 33 21 väl
918 729 84 24 lottadt,

184 760 30 28 ity
228 762 32 19 att
276 759 68 22 denna
358 759 48 22 stad
421 766 76 22 genom
511 759 212 27 sjökommunikation
738 759 45 21 står
798 759 6 20 i
820 758 123 22 samfärdsel
956 758 49 21 med

184 789 48 22 hela
247 788 108 27 Savolaks,
371 795 63 15 norra
449 789 143 26 Österbotten,
608 795 64 14 norra
686 788 92 21 Karelen
794 787 38 22 och
848 787 98 27 Wiborgs
961 787 43 25 län,

184 818 27 22 dä
233 818 115 22 Sordavala
362 818 40 21 och
417 818 117 21 Brahestad
549 820 36 19 äro
602 817 88 27 belägna
705 817 7 21 i
728 817 61 21 hvart
804 817 36 21 sitt
856 817 52 21 hörn
923 816 22 22 af
958 816 45 22 lan-

184 848 36 21 det
242 847 47 21 med
311 847 85 27 mycket
417 847 84 21 svårare
521 846 233 22 kommunikationsled.
788 846 92 21 Alldeles
901 846 104 26 naturligt

183 876 105 22 förefaller
303 876 88 24 således,
407 877 32 19 att
454 876 35 21 det
505 876 64 21 andra
585 875 68 21 finska
667 874 281 22 folkskollärareseminariet
960 874 44 21 för-

183 905 72 26 lägges
270 904 32 22 till
317 904 91 28 Nyslott.
433 904 77 22 Vidare
525 905 67 21 måste
608 904 66 21 under
688 903 154 27 skärskådning
852 906 59 24 tagas
922 903 84 21 befolk-

183 934 87 26 ningens
286 934 6 20 i
308 932 85 22 skolans
416 933 83 27 omnejd
514 932 235 28 bildningsståndpunkt
764 932 39 21 och
819 932 41 21 lust
875 932 32 21 för
922 931 84 22 inhem-

183 963 64 20 tande
262 962 22 21 af
298 961 82 27 bokligt
395 962 96 21 vetande.
521 961 71 22 Nekas
607 962 42 20 kan
665 961 25 27 ej,
706 963 32 19 att
752 960 149 28 befolkningen
916 961 7 21 i
939 960 65 22 Savo-

183 991 47 21 laks
244 991 7 20 i
267 990 58 22 detta
340 990 118 22 hänseende
473 991 45 21 står
532 990 89 22 framom
637 990 25 21 de
677 990 60 21 flesta
752 990 102 26 landskap
869 990 7 20 i
888 990 47 21 vårt
946 989 58 21 land.

183 1018 152 27 Befolkningen
351 1020 6 20 i
372 1018 212 28 Brahestads-nejden
600 1019 80 21 känner
692 1018 36 28 jag
744 1018 26 27 ej,
786 1024 46 16 men
848 1018 71 21 säkert
929 1020 30 25 är,
971 1020 34 19 att

183 1048 51 21 våra
256 1048 109 20 landsmän
387 1047 61 27 kring
463 1047 116 22 Sordavala
593 1048 34 20 stå
642 1048 47 20 vida
704 1047 54 21 efter
773 1047 159 22 Savolaksaren.
963 1046 40 27 Jag

183 1076 86 27 medger
291 1082 65 21 gerna
373 1078 32 19 att
420 1076 174 26 läskunnigheten
610 1076 64 21 delvis
688 1076 45 21 står
748 1076 39 21 och
803 1076 65 21 delvis
883 1078 24 19 är
921 1076 28 26 på
963 1078 43 24 väg

184 1107 31 20 att
235 1105 85 21 komma
335 1106 27 26 på
377 1104 41 27 god
433 1105 128 27 ståndpunkt
576 1105 7 21 i
598 1105 98 26 Wiborgs
711 1104 41 26 län,
768 1104 49 22 tack
831 1111 50 15 vare
896 1104 25 22 de
937 1104 68 21 finske

183 1136 55 24 män,
262 1134 70 21 hvilka
354 1134 67 20 under
443 1134 59 21 detta
522 1133 57 22 sekel
595 1134 73 20 verkat
683 1139 45 15 som
744 1133 68 21 lärare
827 1133 6 21 i
849 1133 60 21 dessa
924 1133 81 27 nejder,

183 1168 48 16 men
254 1162 48 21 hela
324 1162 171 21 folkkaraktären
517 1164 29 23 är,
567 1168 44 15 som
624 1162 37 26 jag
676 1164 44 19 tror
735 1162 115 21 tillsvidare
866 1163 56 20 emot
937 1162 66 21 sådan

183 1190 55 22 ideel
259 1190 165 28 sysselsättning,
445 1197 45 15 som
513 1197 25 15 en
556 1190 160 22 folkskollärare
732 1191 39 21 har
786 1190 31 27 sig
832 1190 101 27 förelagd.
963 1190 41 27 Jag

183 1220 86 26 medger
284 1219 60 21 äfven
359 1221 32 19 att
406 1219 109 21 karelaren
531 1221 23 19 är
569 1219 70 27 rörlig,
655 1221 31 19 att
701 1219 42 21 ban
758 1221 24 19 är
792 1219 34 21 väl
836 1218 109 28 begåfvad,
955 1225 51 15 men

183 1248 42 21 han
247 1248 71 21 älskar
338 1249 32 20 att
385 1248 128 26 ådagalägga
528 1248 32 20 sin
575 1248 101 26 rörlighet
690 1248 7 20 i
712 1248 136 25 företagande
864 1248 21 21 af
899 1248 58 26 ringa
972 1248 31 20 in-

183 1276 116 27 bringande
321 1276 122 26 fraktresor,
466 1276 39 22 och
525 1276 32 22 sin
571 1276 119 27 intelligens
705 1276 107 22 använder
826 1276 41 22 han
882 1277 27 26 på
924 1276 79 27 köpen-

183 1305 52 27 skap
258 1305 38 21 och
315 1305 122 21 småhandel
453 1306 48 20 med
515 1306 22 25 ty
553 1305 113 26 åtföljande
681 1304 93 28 fiffighet.
804 1305 40 27 Jag
859 1305 82 21 fruktar
956 1305 50 21 der-

183 1333 51 26 före,
257 1336 33 17 att
312 1336 31 17 ett
358 1333 133 20 seminarium
507 1334 48 19 med
570 1334 40 20 den
626 1334 130 25 omfattning,
773 1340 44 14 som
833 1340 29 14 nu
876 1336 24 17 är
915 1334 7 19 i
937 1333 66 26 fråga,

182 1361 84 21 komme
286 1363 32 19 att
336 1361 80 21 erhålla
430 1361 20 20 få
465 1361 96 21 alumner
575 1361 22 21 af
611 1363 71 19 ortens
697 1361 121 26 befolkning
833 1361 39 22 och
887 1361 60 26 ringa
962 1361 43 20 till-

183 1389 58 21 skott
262 1389 200 26 annorstädesifrån,
478 1389 27 21 då
521 1389 114 22 Sordavala
650 1391 24 19 är
688 1389 84 26 beläget
787 1389 7 21 i
810 1391 30 20 ett
855 1389 53 21 hörn
923 1389 22 22 af
959 1389 44 21 lan-

183 1418 36 22 det
235 1417 39 22 och
289 1417 233 22 kommunikationerna
537 1418 60 21 svåra
613 1418 39 21 och
668 1418 121 27 obeqväma.

250 1447 41 26 Jag
306 1447 38 21 har
360 1447 47 21 med
422 1448 77 20 största
514 1447 47 26 nöje
577 1447 116 27 genomläst
707 1447 26 21 de
743 1449 69 19 varmt
822 1447 39 22 och
872 1447 51 27 högt
933 1446 71 21 hållna

183 1475 147 28 petitionerna,
353 1475 59 22 hvari
436 1476 25 21 de
484 1475 64 22 ärade
569 1475 202 28 landtdagsmännen
794 1475 46 22 från
862 1476 68 21 denna
945 1475 58 22 trakt

183 1506 56 26 yttra
261 1505 31 27 sig
315 1505 57 21 öfver
394 1505 36 21 det
445 1505 63 27 djupa
523 1504 100 23 behofvet
637 1504 22 22 af
675 1505 92 27 bildning
782 1505 39 22 och
835 1505 126 28 upplysning
975 1505 30 26 på
