1103 1798
315 133 159 18 Presteståndet
486 134 53 17 1877.
563 134 14 16 8
589 134 115 17 november.
837 126 54 23 1993

103 204 26 20 27
155 203 62 27 April
243 204 54 20 1790
323 202 131 22 stadfästade
479 203 182 22 knektekontrakt
680 202 66 22 varda
772 203 89 21 sälunda
876 203 47 21 dels

102 232 100 25 ändrade,
216 232 45 21 dels
275 232 134 27 upphäfda:*
438 232 66 22 Detta
519 232 36 21 vill
565 232 37 28 jag
612 232 102 21 anmärka
725 232 75 21 endast
809 232 113 21 förskotts-

102 261 39 25 vis,
162 261 89 21 emedan
273 261 167 26 anmärkningen
459 260 64 22 beror
544 260 72 28 derpä,
639 262 32 20 att
688 260 37 28 jag
739 261 47 21 icke
801 266 62 16 anser
878 261 46 27 mig

103 290 71 21 kunna
190 289 112 27 godkänna
317 290 40 21 den
373 289 66 21 andra
453 290 113 26 klämmen,
581 289 86 22 hvilken
682 289 125 27 innehäller,
817 290 32 21 att
859 290 63 27 ingen

103 318 90 28 ändring
216 318 53 21 skall
289 319 37 21 ske
341 318 7 21 i
363 318 100 22 afseende
477 318 13 22 &
505 319 61 21 dessa
581 319 100 21 socknars
696 318 111 28 äliggande
823 320 32 20 att
870 325 53 21 upp-

103 347 63 21 ställa
181 347 40 21 och
235 347 127 22 underhålla
376 347 79 21 militär
470 347 39 21 och
525 347 86 28 erlägga
625 347 150 27 vakansafgift.
805 347 33 22 Dä
853 347 69 21 beslu-

103 377 32 20 tet
150 376 109 27 angående
275 376 38 22 den
329 376 68 22 första
411 376 106 21 klämmen
533 376 89 22 sålunda
636 376 42 21 kan
693 376 86 22 komma
794 378 32 19 att
841 376 50 21 bero
902 376 25 21 af

103 404 56 23 hvad
182 404 47 22 med
253 404 99 22 afseende
367 405 13 21 &
395 405 39 21 den
450 405 67 21 andra
531 405 136 25 bestämmes,
683 405 67 21 skulle
763 405 38 27 jag
816 405 108 22 vördsamt

104 433 92 26 anhälla,
220 435 31 20 att
274 434 127 27 afgörandet
415 434 24 21 af
452 434 69 21 denna
536 434 81 28 ingress
632 433 68 22 skulle
715 434 82 21 lemnas
811 433 114 25 beroende,

105 462 44 22 tills
172 462 155 28 behandlingen
347 462 24 22 af
392 462 39 22 den
454 463 67 21 andra
543 463 107 21 klämmen
672 464 24 20 är
718 462 91 22 slutförd
830 462 40 22 och
892 464 35 20 att

105 491 153 22 diskussionen'
267 498 28 15 nu
311 492 69 21 skulle
395 494 49 19 röra
457 492 33 27 sig
505 492 75 22 endast
595 492 109 27 angående
720 492 61 21 dessa
790 491 135 22 underafdel-

104 520 76 28 ningar
195 520 24 22 af
232 521 39 21 den
287 520 68 22 första
369 520 164 23 reservationen.

174 578 30 22 Pä
225 578 49 22 herr
297 579 181 21 talmannens
500 580 48 20 med
567 578 113 28 anledning
694 578 65 22 häraf
771 579 75 27 gjorda
861 578 66 21 fram-

106 607 100 28 ställning
228 608 69 21 beslöt
319 607 85 22 ständet
427 607 102 28 enhälligt
553 610 32 19 att
605 608 48 21 med
669 608 136 27 förbigäende
821 607 23 21 af
857 607 69 21 denna

107 637 82 26 ingress
204 637 104 27 genomgä
322 636 69 27 punkt
406 636 33 22 för
453 636 68 27 punkt
537 637 25 21 de
577 637 67 21 under
659 637 36 21 det
710 636 67 22 första
789 636 139 22 resolutions-

106 665 104 27 förslaget
225 665 173 21 förekommande
413 665 67 21 andra
495 665 167 27 afdelningarna.

469 722 65 22 Mom.
551 724 19 20 1.

175 778 83 23 Doktor
273 779 159 27 Hornborg:
453 779 32 22 De
501 781 58 20 stora
574 779 124 21 sträckorna
708 778 24 22 af
741 779 103 21 afbrända
855 778 73 28 skogs-

108 808 84 21 marker
212 808 6 21 i
234 808 61 22 dessa
310 808 97 28 nordliga
422 808 83 22 trakter
519 808 74 28 tyckas
608 807 125 28 tillräckligt
748 808 94 26 häntyda
857 808 73 26 derpä,

109 839 32 20 att
164 837 35 22 det
224 837 47 21 icke
293 839 24 19 är
339 839 51 20 utan
413 837 46 21 sina
481 838 66 21 vädor
569 843 34 15 om
619 838 60 20 desse
694 836 153 22 ödemarksbor
860 836 68 22 skulle

107 866 140 22 tillerkännas
262 868 44 20 rätt
321 868 32 20 att
367 866 28 28 pä
405 866 92 22 kronans
507 867 61 21 mark
578 866 96 28 begagna
685 866 31 27 sig
726 866 24 21 af
759 866 88 21 renbete
857 866 71 21 äfven-

109 901 45 16 som
177 896 37 21 der
236 895 51 22 idka
307 895 53 28 jagt,
384 895 98 28 djurfäng
504 895 39 22 och
559 895 58 22 fiske.
647 895 42 21 För
704 895 43 22 min
761 895 35 22 del
811 894 68 22 mäste
892 895 38 27 jag

109 931 57 18 anse,
190 927 32 19 att
242 931 25 14 en
289 927 45 20 stor
355 925 172 21 nationalförlust
549 925 69 21 skulle
633 924 103 21 undvikas
751 924 130 27 derigenom,
896 925 33 20 att

108 953 108 22 mantalen
237 953 68 22 skulle
324 953 22 22 få
361 955 31 20 ett
407 955 68 20 större
489 953 135 22 tunnlandtal
637 953 55 27 jord,
707 954 27 20 än
749 953 39 21 här
803 955 24 19 är
842 952 88 22 föresla-

109 984 42 26 get,
174 983 34 27 sig
221 983 108 21 anvisadt:
353 983 26 21 50
402 982 33 21 till
453 983 39 21 och
508 982 47 21 med
573 983 40 21 100
627 982 34 28 %/,,
677 988 45 15 mer
737 988 50 15 vore
803 982 47 21 icke
865 983 65 20 annat

109 1013 28 20 än
157 1017 25 15 en
198 1017 37 15 ren
251 1011 56 22 vinst
322 1011 33 22 för
370 1011 87 22 kronan.
487 1011 42 28 Jag
544 1013 23 20 är
583 1011 46 21 icke
644 1011 125 26 tillräckligt
784 1010 79 22 bekant
881 1010 49 21 med

108 1039 244 22 lefnadsförhällandena
373 1039 29 28 pä
425 1040 61 21 dessa
508 1040 67 21 under
597 1046 26 15 en
643 1040 41 26 hög
705 1039 120 27 breddgrad
841 1039 89 26 belägna

110 1071 64 24 orter,
193 1069 99 22 hvarföre
305 1069 37 28 jag
357 1069 46 21 icke
419 1069 132 21 annorlunda
566 1071 27 19 än
608 1068 193 27 hemställningsvis
816 1068 42 21 kan
873 1069 58 26 yttra

109 1097 45 28 mig
177 1104 34 15 om
233 1098 69 21 denna
323 1098 45 21 sak.
397 1098 42 27 Jag
461 1097 39 22 har
522 1097 65 22 likväl
609 1097 48 22 icke
672 1097 56 22 velat
743 1097 129 28 undandölja
887 1096 44 21 min

110 1127 71 26 tanke,
204 1127 87 21 emedan
312 1127 37 27 jag
371 1128 24 19 är
417 1126 124 28 öfvertygad
563 1127 79 24 derom,
664 1128 33 20 att
712 1132 74 21 genom
802 1128 33 20 att
849 1125 83 22 tilldela

110 1156 115 21 invänarne
241 1162 25 15 en
282 1158 70 19 större
367 1156 57 21 areal
440 1156 31 21 till
486 1155 87 22 renbete
588 1162 18 15 o.
623 1161 16 15 s.
655 1161 19 16 v.
690 1161 26 16 en
731 1154 82 29 verklig
826 1154 105 22 national-

111 1185 57 22 vinst
183 1185 68 22 skulle
265 1185 132 21 framkallas.

180 1243 89 21 Prosten
292 1243 81 26 Hjelt:
402 1243 43 21 För
466 1243 44 21 min
534 1243 33 21 del
590 1241 124 28 godkänner
732 1241 60 28 jag
783 1237 13 37 i
812 1241 120 22 hufvudsak

112 1272 117 21 utskottets
250 1272 85 26 förslag,
350 1277 49 15 men
415 1277 60 15 anser
491 1272 43 26 mig
549 1270 65 22 likväl
629 1271 52 20 böra
696 1270 107 21 bibehälla
819 1271 36 20 det
870 1272 62 19 tunn-

112 1300 81 21 landtal
214 1299 55 28 jord,
293 1306 46 15 som
362 1301 153 20 sammansatta
536 1302 64 19 stats-
622 1299 40 21 och
677 1298 204 22 ekonomiutskottet
895 1298 36 21 vid

115 1330 53 20 1872
184 1329 34 20 års
234 1329 102 26 landtdag
351 1327 110 22 bestämde
471 1329 52 20 eller
536 1329 75 25 12,000
621 1327 103 22 tunnland
734 1333 37 21 per
782 1327 80 22 mantal
872 1327 7 20 i
889 1327 45 21 alla

113 1358 62 21 dessa
190 1360 32 18 tre
237 1358 97 21 socknar.

182 1414 90 21 Prosten
291 1413 146 22 Johnsson:
466 1413 41 27 Jag
530 1419 68 19 anser,
620 1414 32 20 att
667 1413 40 20 den
722 1412 119 27 Kejserliga
856 1417 78 21 propo-

115 1440 90 23 sitionen
221 1442 39 21 och
275 1441 107 22 utskottet
396 1441 64 21 hafva
474 1442 35 20 väl
524 1441 89 21 betänkt
628 1441 72 24 saken,
716 1440 28 21 dä
759 1441 25 20 de
799 1439 64 21 hafva
879 1439 54 21 före-

115 1471 64 26 slagit
200 1470 57 21 olika
273 1469 134 22 tunnlandtal
420 1469 48 27 jord
483 1469 7 21 i
506 1469 61 21 dessa
582 1469 58 20 olika
655 1468 95 21 socknar.
781 1468 42 21 Det
837 1469 24 19 är
875 1469 59 19 näm-

115 1499 56 27 ligen
194 1505 26 15 en
241 1500 46 20 stor
308 1498 83 22 skilnad
414 1497 89 22 emellan
523 1497 87 28 jordens
630 1496 145 22 beskaffenhet
789 1497 7 20 i
811 1495 123 22 Kemiträsk

115 1530 57 19 samt
192 1528 109 21 Kuusamo
324 1527 40 22 och
381 1527 130 27 Kuolajärvi.
539 1526 42 27 Jag
601 1529 61 24 tager
683 1525 44 29 mig
742 1525 85 22 derföre
843 1524 91 22 friheten
