1117 1792
334 126 159 17 Presteständet
506 127 53 17 1877.
586 128 21 16 13
620 128 114 16 november.
856 123 54 19 2089

122 200 80 16 samma
225 194 115 24 befordras,
360 195 23 21 sä
399 195 32 21 väl
447 195 87 21 medelst
550 195 118 21 inrättande
684 196 26 26 pä
726 198 80 19 statens
822 196 118 20 bekostnad

122 223 22 21 af
158 223 73 26 nödigt
246 223 57 21 antal
319 224 220 24 fruntimmersskolor,
556 231 43 14 som
616 225 120 25 isynnerhet
751 225 89 20 medelst
851 224 89 20 subven-

122 251 106 27 tionering
242 250 22 22 af
278 251 78 21 sådana
371 252 81 26 privata
468 252 220 24 fruotimmersskolor,
704 252 81 21 hvilkas
798 252 142 25 organisation

122 280 80 20 lemnar
217 280 82 25 garanti
314 280 32 19 för
362 282 32 18 att
410 280 24 20 de
450 281 130 25 sanskyldigt
590 281 70 20 kunna
672 286 68 20 gagna
752 280 188 26 bildningsarbetet

122 307 6 21 i
144 307 76 25 landet,
240 307 85 26 sälänge
346 308 61 21 dessa
422 309 106 24 garantier
543 308 108 25 fortbestä,
668 309 105 20 äfvensom
790 310 32 19 att
837 308 102 27 styrelsen

122 336 66 21 måtte
210 335 62 26 tillse,
294 339 32 18 att
348 336 78 21 sådana
446 337 72 20 skolor
533 337 5 20 i
555 337 72 26 nödigt
643 337 57 20 antal
715 336 119 23 förefinnas,
851 337 17 26 ej
886 337 54 20 blott

122 364 32 21 för
177 365 25 20 de
223 364 172 21 svensktalandes
412 365 51 20 barn
478 366 7 20 i
501 365 77 27 landet,
594 369 49 17 utan
660 365 59 21 äfven
735 366 6 19 i
757 365 40 21 den
813 371 47 14 mon
878 365 65 21 behof

124 393 59 20 deraf
202 399 28 14 nu
244 394 65 20 redan
325 394 26 25 på
367 394 67 25 någon
450 396 39 19 ort,
504 406 24 2 —
545 393 126 27 exempelvis
686 393 112 27 Jyväskylä
815 406 26 2 —
856 395 38 24 gör
910 395 31 24 sig

122 421 97 26 gällande
238 421 42 22 och
302 423 46 19 med
371 422 47 20 vårt
440 422 53 21 folks
516 422 122 26 fortgående
654 423 120 24 utveckling
789 422 83 21 alltmer
887 423 54 20 skall

122 450 93 25 framstå,
238 450 59 21 äfven
320 451 33 20 för
374 451 39 20 den
435 450 137 22 finsktalande
589 450 157 27 befolkningens
763 451 73 20 barn".
866 451 74 26 Någon

122 478 100 22 märkbar
246 479 80 20 olikhet
348 479 88 21 emellan
460 479 57 21 detta
540 479 38 21 och
599 479 114 22 utskottets
740 480 64 20 första
820 479 38 21 och
874 480 68 20 andra

122 507 56 21 kläm
191 507 42 22 kan
246 507 37 27 jag
293 508 45 21 icke
350 509 110 25 upptäcka.
483 508 10 21 I
504 508 64 21 första
580 508 110 24 klämmen,
702 512 26 20 a),
739 507 87 22 föreslår
837 507 103 22 utskottet

122 535 54 22 finsk
200 537 204 20 fruntimmersskola
425 538 6 19 i
454 537 117 27 Jyväskylä.
601 537 123 20 Detsamma
745 539 38 24 gör
806 536 63 21 också
892 537 49 20 herr

122 564 147 27 Björkenheim
285 565 7 20 i
307 565 31 21 sin
354 566 135 20 reservation.
513 565 10 21 I
540 565 104 21 klämmen
660 567 20 24 c)
696 565 46 22 åter
756 565 80 21 uttalas
852 565 90 27 ungefär

123 593 117 21 detsamma
262 600 44 15 som
331 594 4 19 i
355 593 48 22 herr
419 594 159 26 Björkenheims
595 595 135 25 reservation,
747 595 75 20 endast
837 595 47 20 med
901 594 39 21 den

122 622 88 22 skilnad,
234 625 31 18 att
287 623 6 20 i
315 623 104 20 klämmen
439 623 17 26 ej
474 625 86 18 nämnes
576 624 64 25 nägot
656 629 32 15 om
705 623 173 26 svenskspräkiga
894 623 46 20 sko-

122 650 38 22 lor.
190 651 82 21 Endast
287 651 41 21 det,
340 657 44 15 som
400 651 66 21 finnes
481 651 7 21 i
503 651 104 21 klämmen
624 652 22 26 b)
663 652 6 20 i
680 652 116 21 utskottets
808 651 135 21 betänkande

122 680 109 27 angående
249 680 89 26 Kuopio,
354 680 45 21 åter
410 680 66 21 finnes
486 680 59 21 icke
541 676 9 36 i
555 681 155 20 reservationen
719 693 27 2 —
755 680 39 21 och
803 680 42 21 kan
853 681 33 20 väl
896 681 47 20 icke

122 707 68 22 finnas
206 709 43 25 der,
266 715 32 14 om
315 709 35 20 det
366 709 51 21 skall
435 708 61 21 blifva
513 709 66 25 nägon
596 709 128 21 reservation
736 721 27 2 —
774 715 46 14 men
832 709 111 25 angäende

121 737 83 26 Kuopio
228 736 60 22 hafva
311 737 81 21 bärtills
412 738 126 20 åtminstone
562 738 63 25 några
650 737 66 21 talare
733 737 53 21 varit
802 743 69 15 oense.
902 737 40 26 Jag

122 773 34 14 ser
170 766 46 21 icke
231 768 71 23 annat,
318 767 26 20 än
360 769 32 18 att
407 766 49 21 herr
471 766 146 26 Björkenheim
634 766 38 21 här
687 766 37 21 har
737 765 107 27 föreslagit
854 766 88 21 alldeles

122 801 80 15 samma
217 797 70 24 utväg,
304 800 44 15 som
364 795 36 20 det
415 795 129 26 högvördiga
560 795 84 21 ståndet
654 795 51 21 eller
717 795 127 21 åtminstone
856 795 86 27 plurali-

122 826 57 19 teten
204 823 21 21 af
239 823 84 21 ståndet
338 824 51 21 sista
405 823 84 26 lördags
505 823 91 26 föreslog
611 825 5 19 i
633 830 26 15 en
674 823 62 26 högst
752 823 70 26 vigtig,
837 824 29 25 ja,
882 823 60 21 verk-

122 852 55 26 ligen
200 851 121 22 brännande
343 852 65 27 fråga,
432 852 103 27 nämligen
554 855 31 18 att
600 852 113 27 hänskjuta
729 852 38 21 den
785 853 31 20 till
831 852 110 27 styrelsen.

123 881 32 21 Då
178 881 75 25 ansågs
277 881 35 21 det
334 881 48 20 icke
404 881 32 20 för
459 881 64 26 något
541 884 65 21 orätt;
621 881 36 26 jag
672 883 34 18 vet
722 881 46 20 icke
783 881 84 20 hvarför
884 881 58 20 detta

122 916 28 14 nu
166 909 65 21 heller
246 909 54 21 skall
316 916 60 14 anses
391 910 69 21 såsom
476 911 56 19 orätt
548 910 38 21 och
602 909 123 26 förderfligt.

190 966 154 26 Kyrkoherden
360 966 218 22 Fredriksson:
602 967 68 21 Sedan
682 966 33 26 jag
725 966 38 22 har
775 967 49 21 hört
836 966 107 27 professor

123 995 61 21 Cleve
208 997 56 25 yttra
286 996 30 26 sig
332 996 5 20 i
353 995 142 27 föreliggande
515 996 59 26 fråga
590 996 65 20 afstår
667 996 36 26 jag
719 996 81 26 mycket
816 1002 64 20 gerna
896 994 46 22 från

123 1024 66 25 ordet,
206 1024 35 20 ber
257 1024 73 21 endast
346 1027 31 18 att
393 1024 21 21 få
429 1025 5 19 i
450 1024 42 22 allo
508 1025 71 21 förena
595 1025 41 25 mig
652 1024 47 21 med
714 1025 48 20 herr
777 1024 126 26 professorn.

191 1080 76 22 Pastor
285 1082 179 20 Lindstedt:
490 1082 83 20 Doktor
589 1081 119 21 Calamnius
724 1082 38 20 har
776 1081 114 21 framhållit
906 1080 36 22 be-

123 1110 71 21 hofvet
216 1110 22 21 af
258 1116 25 15 en
306 1110 53 21 finsk
382 1110 201 22 fruntimmersskola
598 1110 6 20 i
620 1110 89 26 Kuopio,
726 1111 38 20 och
778 1110 65 26 jemte
859 1110 35 20 det
906 1110 38 26 jag

122 1138 133 26 naturligtvis
270 1139 6 20 i
292 1139 38 20 allt
352 1138 93 22 biträder
466 1139 76 21 honom
566 1139 50 24 deri,
635 1140 77 20 önskar
724 1139 36 25 jag
776 1139 32 20 för
823 1138 84 21 ståndet
922 1138 22 21 få

122 1167 117 27 framlägga
257 1167 53 21 huru
326 1167 67 21 denna
409 1167 59 21 skola
483 1168 67 20 skulle
565 1174 67 20 gagna
648 1168 44 20 icke
708 1168 73 20 endast
797 1167 82 25 Kuopio
894 1168 48 20 stad

123 1195 51 21 eller
197 1196 40 27 län,
255 1198 50 18 utan
322 1196 59 20 äfven
398 1196 4 20 i
420 1196 74 26 högsta
509 1196 52 25 grad
576 1196 36 20 det
627 1196 127 26 nordligaste
770 1196 57 20 länet
843 1196 5 19 i
864 1195 77 25 landet,

122 1224 105 27 nämligen
242 1224 117 26 Uleåborgs
375 1225 39 20 län.
445 1224 73 22 Såsom
534 1224 140 21 förhållandet
690 1231 28 14 nu
730 1226 29 21 är,
772 1225 66 20 måste
850 1224 24 20 de
886 1224 56 20 inom

123 1252 117 27 Uleåborgs
256 1254 33 19 län
305 1252 81 21 boende
397 1253 95 25 familjer,
504 1253 69 21 hvilka
586 1252 67 21 skulle
664 1254 65 20 önska
739 1252 55 27 gifva
804 1252 46 21 sina
860 1253 83 20 döttrar

124 1287 24 15 en
164 1281 94 27 bildning
273 1282 27 26 på
314 1280 67 22 finska
397 1282 91 26 språket,
505 1288 33 14 om
550 1282 25 20 de
586 1281 103 25 nämligen
701 1282 47 25 vilja
759 1281 105 21 fullborda
875 1281 70 20 denna

123 1310 30 20 sin
171 1310 86 25 önskan,
274 1310 66 20 vända
356 1310 30 24 sig
402 1310 30 20 till
448 1310 112 26 Jyväskylä
576 1310 51 20 eller
642 1310 136 26 Helsingfors.
810 1309 70 26 Vägen
897 1309 46 21 från

123 1338 117 26 Uleåborgs
261 1339 47 20 stad
329 1338 32 20 till
376 1339 112 26 Jyväskylä
503 1341 24 18 är
542 1338 95 26 omkring
652 1338 72 21 femtio
740 1338 42 23 mil,
799 1338 31 20 till
847 1338 95 25 Helsing-

123 1366 43 22 fors
181 1368 46 20 åter
242 1366 114 27 sjuttiofem
372 1367 41 21 mil.
443 1367 73 21 Under
531 1367 79 21 sådana
625 1366 145 22 förhållanden
786 1368 25 18 är
827 1366 34 21 det
872 1369 72 18 natur-

123 1395 43 27 ligt,
184 1398 31 18 att
231 1402 47 14 man
294 1396 66 20 måste
376 1395 83 21 försaka
475 1395 54 21 hvad
544 1402 48 14 man
609 1401 77 15 annars
702 1395 97 21 önskade.
829 1395 64 21 Detta
910 1401 33 14 om

123 1424 118 25 Uleåborgs
263 1424 55 20 stad.
349 1424 48 20 Men
420 1424 18 19 vi
462 1424 59 20 skola
544 1424 83 20 komma
649 1424 54 24 ihåg,
726 1426 31 17 att
772 1425 56 18 ännu
844 1429 49 13 norr
909 1428 34 14 om

122 1451 108 25 Uleåborg
252 1450 65 21 finnes
332 1451 89 21 Finland
438 1451 38 21 och
491 1452 5 19 i
514 1451 57 21 detta
587 1451 89 20 Finland
691 1450 67 21 finnes
773 1452 63 20 också
852 1462 25 3 —
895 1456 49 14 man

124 1479 34 21 må
180 1482 51 23 säga
252 1480 54 19 hvad
329 1486 47 14 man
394 1480 36 20 vill
446 1491 27 2 —
489 1481 31 18 ett
535 1480 89 25 verkligt
639 1478 173 26 bildningsbehof.
844 1478 48 21 Men
910 1484 34 15 om

124 1514 28 15 nu
168 1514 24 15 en
208 1507 54 22 finsk
277 1507 202 22 fruntimmersskola
494 1507 68 22 skulle
576 1508 89 20 inrättas
678 1507 5 21 i
695 1507 82 27 Kuopio
789 1507 38 22 och
839 1513 24 14 en
875 1512 69 15 annan
