1100 1795
230 141 53 21 1892
413 146 160 17 Presteståndet
585 147 54 17 1877.
663 147 13 17 2
687 147 116 17 november.

267 214 131 22 Besvarades
413 215 48 21 med
477 214 152 27 öfvervägande
641 214 29 27 ja.

269 266 41 23 2:0.
332 266 128 22 Godkänner
474 266 84 22 ståndet
573 266 136 22 förevarande
724 273 63 15 mom.
803 266 23 26 1),
841 266 52 22 eller
903 266 60 22 icke?

268 295 79 22 Vinner
368 295 41 27 nej,
432 295 39 22 har
492 295 91 26 ståndet,
606 295 48 22 med
668 295 136 22 förkastande
819 295 22 22 af
855 295 58 22 detta
929 301 69 19 mom.,
1013 295 6 21 i

201 323 47 22 dess
269 323 62 22 ställe
346 323 99 22 omfattat
460 324 77 21 doktor
551 324 124 27 Hornborgs
691 324 130 22 reservation
836 324 130 21 beträffande
982 330 38 15 un-

201 352 226 28 dervisningsspråkets
443 353 7 21 i
465 353 81 28 lyceum
561 353 6 21 i
583 353 30 22 St.
629 353 78 22 Michel
729 353 143 22 förändrande
895 353 32 22 till
950 353 69 21 finskt.

268 404 131 22 Besvarades
414 405 48 21 med
477 407 75 20 nästan
568 405 101 27 enhälligt
683 405 40 27 nej.

496 467 55 22 Sista
566 469 117 20 momentet
697 468 37 27 m).

268 519 153 28 Kyrkoherden
437 519 152 22 Stenbäck:
611 519 34 22 Då
659 519 72 26 frågan
747 526 34 15 om
793 520 124 27 utvidgning
927 519 22 22 af
958 520 63 22 Joen-

201 554 39 15 suu
255 548 125 28 fyrklassiga
395 548 80 28 lyceum
491 548 82 21 förevar
588 548 6 21 i
609 548 105 22 allmänna
730 549 199 27 besvärsutskottet,
944 549 78 28 afgjor-

201 577 37 22 des
253 577 40 22 den
308 579 51 20 utan
376 577 67 27 någon
459 577 115 22 nämnvärd
590 577 116 22 diskussion
723 577 7 21 i
745 578 45 26 sak,
805 578 128 21 åtminstone
945 578 75 22 förela-

201 606 38 21 des
261 606 46 21 icke
321 606 8 21 i
344 607 103 20 utskottet
470 607 65 26 några
554 607 133 26 synnerligen
701 606 86 21 talande
803 607 50 20 data
867 607 33 21 för
915 607 57 21 bifall
988 607 34 22 till

200 634 116 27 petitionen
339 641 34 15 om
395 635 130 21 läroverkets
547 635 130 26 utvidgning.
707 635 124 22 Sedermera
849 635 40 22 har
903 636 34 21 vid
953 636 69 21 denna

200 663 102 26 landtdag
325 663 106 26 åtskilliga
454 664 49 21 data
526 663 68 22 blifvit
613 663 122 27 framlagda,
751 670 46 15 som
813 664 123 27 otvetydigt,
952 665 69 21 såsom

201 692 36 21 det
251 698 61 21 synes
327 692 44 27 mig
386 692 132 25 åtminstone,
539 692 118 27 ådagalagt,
674 695 31 18 att
720 692 204 27 bildningsbehofvet
938 693 7 21 i
959 693 63 22 Joen-

200 727 39 15 suu
255 723 24 19 är
293 720 23 22 af
329 721 41 21 den
387 720 143 22 beskaffenhet
551 723 31 19 att
598 721 35 21 det
648 721 61 21 torde
724 721 85 26 påkalla
824 722 124 21 ständernas
963 722 59 21 med-

201 749 78 21 verkan
295 749 33 21 för
343 749 127 26 beviljandet
485 750 22 20 af
521 756 24 15 en
561 750 23 21 så
599 749 134 27 anspråkslös
749 750 98 26 begäran,
863 757 45 14 som
921 753 32 18 att
963 751 59 21 detta

200 777 125 27 fyrklassiga
347 777 81 28 lyceum
452 778 65 21 borde
540 778 95 26 utvidgas
657 778 32 21 till
712 780 31 19 ett
765 778 132 27 fullständigt
917 779 103 22 läroverk.

201 806 49 21 Man
273 806 39 21 har
334 806 121 27 framhållit,
477 809 32 19 att
531 806 110 27 omnejden
664 808 83 25 utgöres
763 807 22 21 af
799 808 26 20 25
841 807 181 22 landsförsamlin-

200 841 38 20 gar
261 835 38 21 och
321 836 35 20 två
376 837 51 19 nära
450 835 89 27 belägna
553 835 70 22 städer
638 835 94 22 Joensuu
747 835 40 22 och
802 835 115 23 Sordavala
933 837 47 21 med
995 843 26 16 en

201 863 127 28 befolkning,
347 870 45 15 som
409 865 54 20 1870
479 864 96 27 utgjorde
591 865 89 25 152,332
695 871 101 20 personer
811 865 82 22 således
909 872 25 15 en
949 865 72 22 tolfte-

201 892 34 22 del
250 892 22 22 af
286 892 47 22 hela
347 892 102 22 Finlands
464 893 128 27 folkmängd,
608 895 32 19 att
654 893 22 22 af
690 893 61 22 dessa
766 893 147 27 församlingar
929 896 25 20 13
968 894 54 22 hade

201 922 27 20 20
243 921 13 22 å
271 922 26 21 22
314 921 35 22 mil
365 921 40 22 och
421 923 25 20 12
462 922 39 21 och
519 923 26 20 10
559 922 36 21 mil
610 922 32 21 till
665 924 106 19 närmaste
794 923 53 25 stad,
871 923 85 22 hvarest
973 923 48 22 full-

200 950 93 27 ständigt
308 949 81 28 lyceum
405 957 36 14 var
456 951 109 26 inrättadt,
581 953 32 19 att
628 951 126 21 elevantalet
768 951 7 21 i
790 951 93 22 Joensuu
898 952 124 27 fyrklassiga

199 978 81 27 lyceum
296 979 21 26 +)
342 979 97 26 utgjorde
462 980 26 20 56
513 979 76 24 elever,
608 980 110 21 1871—72
741 980 33 25 83,
798 981 111 21 1872—73
933 981 26 21 86
982 981 39 21 och

200 1007 68 22 under
282 1009 83 20 senaste
382 1007 68 22 läseär
467 1007 6 21 i
489 1008 99 21 medeltal
604 1009 27 20 90
646 1009 12 19 å
673 1009 33 20 94.
737 1009 67 20 Dessa
819 1009 69 21 siffror
903 1011 36 20 äro
954 1009 7 21 i
974 1009 47 22 mitt

200 1036 62 27 tycke
277 1036 108 27 verkligen
400 1037 89 25 talande,
506 1037 85 21 hvarför
603 1037 36 27 jag
655 1037 154 21 vördsammast
818 1037 67 22 skulle
896 1038 82 26 föreslå,
989 1040 32 19 att

202 1065 35 20 det
260 1064 129 27 högvördiga
410 1065 90 26 ståndet,
515 1065 6 21 i
537 1065 66 22 likhet
625 1066 48 21 med
695 1065 56 22 hvad
773 1067 65 20 redan
853 1067 7 20 i
875 1067 146 27 ridderskapet

201 1093 39 22 och
255 1093 62 31 adeln
332 1093 103 27 beslutits,
453 1093 46 22 ville
514 1094 53 21 fatta
583 1096 31 19 ett
629 1094 74 26 beslut,
719 1097 32 18 att
767 1094 58 22 bifall
841 1096 66 21 måtte
922 1095 98 22 förunnas

201 1121 32 22 till.
255 1122 115 27 petitionen
388 1128 33 15 om
438 1122 36 21 det
489 1123 124 27 fyrklassiga
628 1123 77 28 lyceets
720 1124 6 21 i
742 1123 94 22 Joensuu
850 1124 124 27 utvidgning
988 1125 33 21 till

201 1152 31 20 ett
254 1150 132 27 fullständigt
408 1151 102 22 läroverk.
541 1152 100 21 Deremot
659 1158 61 15 anser
732 1153 37 26 jag
785 1153 44 21 icke
845 1153 64 26 något
924 1153 96 22 afseende

201 1180 52 21 böra
275 1180 64 21 fästas
362 1180 35 21 vid
420 1180 115 26 petitionen
558 1187 33 15 om
615 1181 80 27 lyceum
710 1181 6 21 i
732 1182 61 20 Kemi
816 1182 39 21 och
878 1182 90 28 Kuopio,
985 1183 35 22 det

200 1208 57 22 förra
272 1208 122 27 fyrklassigt
409 1208 70 27 finskt,
495 1209 36 22 det
545 1216 74 15 senare
634 1209 121 28 sjuklassigt
770 1211 91 21 svenskt.

268 1261 83 21 Doktor
374 1261 131 26 Lampön:
536 1262 29 21 Af
585 1268 52 20 egen
658 1262 120 21 erfarenhet
792 1263 42 21 kan
847 1263 37 27 jag
898 1263 122 23 konstatera

201 1289 42 21 alla
258 1289 25 21 de
299 1289 64 25 fakta,
378 1296 45 14 som
439 1290 77 21 doktor
532 1290 89 21 Andelin
637 1291 27 26 på
679 1291 143 27 förmiddagen
835 1293 24 20 så
869 1293 152 26 varmhjertadt

199 1317 98 22 framhöll
313 1317 129 22 beträffande
458 1318 36 21 det
509 1319 61 21 friskt
585 1319 124 26 pulserande
725 1320 59 21 lifvet
800 1320 2 20 i
814 1320 95 21 Joensuu
920 1321 48 21 stad
981 1321 39 21 och

200 1345 130 20 beträffande
352 1346 204 25 bildningsbehofvet
578 1347 114 20 derstädes.
722 1348 105 20 Behöfver
842 1348 69 26 någon
927 1349 47 20 stad
989 1351 31 19 ett

199 1372 132 27 fullständigt
354 1373 103 26 läroverk,
480 1374 23 20 så
519 1375 23 19 är
557 1374 36 20 det
609 1373 32 22 väl
656 1374 100 27 Joensuu,
773 1381 46 15 men
835 1376 67 21 skulle
919 1376 34 21 det
968 1376 52 27 hög-

200 1400 86 27 vördiga
302 1401 156 26 presteståndet
472 1401 91 22 hesitera
579 1403 32 20 att
625 1402 49 27 ingå
689 1403 48 21 med
751 1403 89 27 petition
857 1411 33 14 om
906 1405 23 20 så
945 1405 75 26 många

200 1435 41 22 nya
263 1429 103 27 läroverk,
388 1430 23 21 så
433 1434 45 17 tror
497 1430 42 27 jag,
563 1433 31 19 att
616 1431 37 22 vår
668 1432 103 27 regering,
787 1439 45 15 som
847 1433 93 27 ständigt
955 1434 65 22 vakar

201 1458 56 21 öfver
272 1458 82 22 landets
370 1458 66 27 bästa,
452 1461 59 20 snart
526 1466 41 20 nog
581 1460 96 21 kommer
691 1463 31 19 att
737 1461 78 22 inrätta
831 1464 50 19 utan
896 1463 123 22 ständernas

267 1539 17 24 *)
297 1539 9 18 I
318 1539 77 23 orginala
407 1540 108 23 protokollen
527 1541 54 18 finnes
594 1541 61 18 årtalet
667 1542 37 18 icke
716 1543 59 18 utsatt.
849 1543 42 24 Utg.
903 1549 46 13 anm.
