1103 1789
205 137 61 37 2000
384 146 159 17 Presteständet
555 147 54 16 1877.
634 146 22 17 13
667 146 114 16 november.

175 215 113 21 ständerna
310 214 28 21 dä
359 215 117 26 godkände.
506 215 10 20 I
539 215 60 20 dessa
613 214 91 27 grunder
718 213 69 28 ingick
803 213 63 22 bland
881 215 64 20 annat
961 215 31 20 ett

175 243 143 27 systematiskt
339 243 91 21 ordnadt
444 243 189 26 fängelseväsende,
649 243 87 20 emedan
752 241 86 22 straffen
853 243 7 20 i
874 242 117 21 hufvudsak

176 271 67 21 skulle
259 271 63 21 blifva
336 271 138 21 frihetsstraff.
496 271 72 21 Redan
584 271 27 21 dä
626 271 119 21 beräknade
760 271 121 24 ständerna,
891 272 32 19 att
933 270 59 22 detta

175 300 18 26 ej
209 299 70 22 kunde
294 299 67 27 aflöpa
376 302 51 18 utan
443 299 119 26 kostnader,
579 299 38 22 och
633 301 31 19 att
675 299 25 21 de
711 299 140 27 uppskattade
862 299 59 21 desse
933 299 59 21 kost-

175 328 65 21 nader
259 329 79 24 ganska
359 328 57 25 högt,
440 328 80 21 bevisas
543 328 60 21 deraf
624 329 31 19 att
674 328 26 20 de
716 327 102 26 beviljade
835 334 37 15 sex
889 328 105 21 millioner

175 357 59 21 mark
249 356 33 21 för
297 357 126 20 ändamälet.
453 356 150 21 Förhällandet
618 363 37 14 var
669 356 104 26 nämligen
790 356 42 25 det,
847 358 32 19 att
894 357 25 20 de
935 357 57 20 anvi-

175 385 49 21 sade
248 385 26 26 pä
296 385 179 25 bränvinskatten,
497 391 45 14 som
565 391 47 14 man
637 385 107 26 hoppades
759 385 68 20 skulle
842 384 71 21 kunna
929 384 64 22 förslä

175 413 59 21 äfven
250 413 31 20 till
297 413 59 21 detta
371 413 78 26 anslag,
466 414 90 23 600,000
572 413 59 21 mark
646 413 78 26 ärligen
741 413 38 21 och
796 413 39 21 den
851 413 142 21 bränvinsför-

174 442 95 25 fattning,
286 441 64 27 enligt
365 441 83 21 hvilken
465 442 68 20 denna
547 442 58 21 skatt
619 441 68 22 skulle
701 442 85 20 komma
801 443 32 19 att
848 442 56 25 utgä,
918 444 75 24 antogs

174 472 32 19 att
227 470 56 26 gälla
305 470 5 21 i
334 470 28 21 tio
386 470 32 24 år;
441 471 91 24 600,000
555 471 59 20 mark
634 471 6 20 i
655 471 29 20 tio
700 471 24 20 är
738 472 39 24 gör
792 471 12 20 6
820 470 109 21 millioner.
959 470 36 21 Nu

174 498 72 21 visade
266 499 35 20 det
316 499 32 26 sig
363 498 123 26 emellertid,
503 501 32 18 att
550 499 137 26 öfvergängen
703 499 45 20 frän
765 498 113 22 husbehofs
893 498 97 21 brännin-

173 533 40 20 gen
229 527 32 21 till
275 527 183 26 fabriksbränning
473 527 54 21 hade
542 527 31 21 till
589 527 85 26 påföljd,
690 529 31 19 att
736 527 85 21 skatten
836 527 33 21 till
880 533 25 15 en
918 527 75 26 början

173 556 46 21 icke
234 555 59 22 inflöt
308 556 47 21 med
368 556 118 26 päräknadt
496 556 76 26 belopp
583 555 39 22 och
633 558 31 19 att
675 555 35 21 det
720 555 33 21 för
764 556 131 26 fängelserna
905 555 87 22 afsedda

173 585 95 25 anslaget
286 584 86 21 alldeles
394 585 46 20 icke
461 585 69 20 kunde
545 585 84 20 komma
644 584 72 27 ifräga,
733 584 87 21 emedan
837 584 66 21 andra
918 585 74 26 anslag

173 613 27 26 pä
219 613 181 21 bränvinsskatten
421 613 52 21 hade
489 613 66 20 blifvit
571 613 68 21 stälda
654 613 6 20 i
676 616 30 17 ett
721 613 77 20 främre
814 619 51 15 rum.
897 613 93 21 Förord-

173 642 75 26 ningen
272 642 71 20 derom
362 641 121 21 utfärdades
499 642 39 21 den
554 642 13 19 2
583 642 56 21 Mars
654 642 23 21 är
694 642 60 21 1865.
785 641 33 22 Dä
834 641 71 27 frägan
921 642 69 20 seder-

173 677 57 14 mera
253 670 82 21 förevar
357 670 34 20 vid
416 671 52 20 1867
488 671 35 20 ärs
538 670 106 27 landtdag,
660 671 78 20 stäldes
754 670 94 26 anslaget
863 671 32 20 för
911 670 80 26 fängel-

173 705 67 18 serna,
263 698 79 21 hvilket
363 699 27 20 dä
412 701 55 18 ännu
483 699 45 21 icke
544 699 53 21 hade
614 699 73 21 hunnit
701 698 78 27 inflyta,
795 699 5 20 i
817 701 30 19 ett
862 701 55 19 ännu
933 699 60 26 lägre

173 733 52 20 rum,
242 727 68 21 säsom
324 727 116 26 Kejserliga
455 728 137 25 kungörelsen
609 727 39 21 den
663 728 27 20 23
702 727 56 22 Mars
771 729 53 20 1868
838 728 83 25 utvisar,
933 734 59 15 eme-

173 756 41 21 dan
236 758 31 18 ett
289 755 72 27 anslag
384 755 32 22 för
439 756 230 21 kommunikationerna
691 755 41 22 fick
754 756 114 25 företräde;
889 763 47 14 men
952 757 38 20 allt

172 784 128 22 fortfarande
316 785 75 26 ansägs
406 784 63 21 likväl
484 785 94 26 anslaget
588 785 33 21 för
631 784 131 27 fängelserna
772 785 53 21 böra
835 786 50 25 utgä
896 785 47 21 med
955 785 36 21 det

172 813 34 21 vid
231 813 140 21 1863—1864
393 813 61 21 årens
477 814 99 24 landtdag
599 813 108 22 bestämda
730 813 105 27 beloppet.
866 813 125 22 Emellertid

172 841 88 22 fortforo
276 842 156 25 svärigheterna
448 842 33 20 vid
495 841 137 27 öfvergängen
643 842 31 20 till
687 841 183 28 fabriksbränning
881 843 38 20 och
931 842 62 21 detta

173 870 95 24 verkade,
285 873 32 18 att
332 870 31 21 till
377 871 53 20 1872
446 871 35 20 ärs
496 871 100 26 landtdag
611 873 56 18 ännu
682 871 108 26 ingenting
805 871 53 21 hade
870 870 75 21 influtit
958 871 34 20 för

172 898 136 27 fängelserna.
339 899 64 20 Detta
418 899 53 20 hade
488 899 115 20 emellertid
619 899 103 21 föranledt
738 899 121 27 regeringen
875 901 31 19 att
919 899 22 21 af
951 899 39 21 all-

173 929 77 19 männa
271 927 122 21 statsmedel
414 928 59 20 anslä
495 928 90 24 360,000
601 929 58 20 mark
676 927 30 21 till
722 928 130 27 uppförande
868 927 22 22 af
904 927 85 22 cellfän-

173 956 66 26 gelset
254 955 6 21 i
276 955 134 22 Tavastehus.
443 955 48 22 Men
507 957 32 20 vid
557 957 54 20 1872
627 957 34 20 ärs
675 956 101 27 landtdag
791 956 90 27 begärde
897 956 93 25 regerin-

173 990 39 19 gen
235 984 46 21 åter
304 985 90 25 600,000
418 985 58 20 mark
496 986 66 19 under
583 984 41 21 fem
640 985 34 20 års
690 985 36 24 tid,
742 985 82 21 således
839 987 32 19 tre
887 985 101 26 miljoner.

173 1012 123 21 Emellertid
318 1012 53 21 hade
394 1019 47 14 man
464 1013 37 20 allt
524 1020 44 14 mer
589 1013 38 21 och
643 1020 43 14 mer
702 1014 68 26 börjat
785 1014 112 21 intressera
912 1015 31 25 sig
958 1013 34 21 för

172 1041 234 20 kommunikationerna
420 1041 6 20 i
442 1041 71 21 landet
529 1054 27 3 —
571 1041 79 22 hvilket
663 1042 35 26 jag
714 1042 46 21 icke
775 1043 27 26 pä
817 1043 64 25 något
896 1044 42 18 sätt
948 1042 42 21 kan

172 1069 89 21 klandra
284 1081 27 3 —
334 1075 46 15 men
405 1070 34 20 det
461 1070 90 21 verkade
573 1070 146 27 beklagligtvis
742 1073 32 18 att
789 1071 35 20 det
840 1071 87 24 utskott,
944 1077 46 15 som

172 1097 132 21 behandlade
325 1097 72 26 frägan
420 1098 33 24 dä,
476 1098 45 21 icke
544 1099 63 25 ansäg
628 1099 31 25 sig
674 1099 70 20 kunna
760 1099 90 25 förorda,
867 1102 37 20 att,
920 1100 70 20 säsom

173 1126 121 26 regeringen
317 1126 54 21 hade
394 1126 80 26 begärt,
491 1127 93 26 anslaget
599 1126 32 22 för
646 1127 130 26 fängelserna
792 1127 67 21 skulle
876 1128 52 26 utgä
943 1128 47 21 frän

173 1154 181 21 bränvinsskatten
370 1154 38 21 och
425 1154 54 21 blott
490 1155 105 21 eventuelt
605 1155 44 21 från
662 1156 105 20 allmänna
778 1156 214 26 bevillningsmedlen,

173 1184 49 19 utan
238 1183 103 20 utskottet
356 1182 96 27 föreslog,
469 1186 30 18 att
515 1184 57 20 detta
587 1184 72 26 anslag
674 1184 67 20 skulle
757 1184 43 21 helt
811 1184 38 21 och
860 1184 65 21 hället
938 1191 51 20 upp-

172 1210 56 22 föras
250 1212 27 25 pä
299 1212 41 20 den
362 1211 105 21 allmänna
489 1212 138 26 bevillningen
646 1212 38 20 och
700 1213 50 25 utgä
766 1212 47 21 med
829 1213 54 21 blott
899 1213 93 24 200,000

173 1239 59 21 mark
256 1246 32 14 om
306 1240 53 25 äret,
375 1239 81 21 säledes
472 1240 46 21 med
534 1247 25 14 en
575 1240 100 27 tredjedel
692 1240 22 21 af
728 1241 53 21 hvad
797 1241 122 26 regeringen
936 1241 55 22 hade

173 1266 79 27 begärt.
284 1268 44 20 Här
348 1268 37 20 har
408 1268 63 21 redan
494 1269 122 26 tillräckligt
638 1269 66 21 blifvit
726 1269 125 25 framhället,
874 1272 31 18 att
927 1271 65 25 nägot

173 1295 67 21 vilkor
254 1296 45 20 icke
316 1296 71 21 dervid
402 1296 97 26 fästades,
515 1298 112 20 ständerna
643 1298 98 26 begärde,
758 1300 31 18 att
804 1304 25 14 en
843 1298 48 27 plan
903 1298 32 21 för
946 1297 43 23 fän-

173 1324 160 25 gelsereformen
356 1325 66 19 skulle
445 1328 104 22 uppgöras
565 1326 22 20 af
600 1326 130 25 sakkunniga
745 1332 106 20 personer,
868 1333 46 13 men
931 1327 58 21 detta

172 1351 132 21 framstäldes
320 1352 45 20 icke
381 1352 68 20 säsom
465 1354 64 24 nägot
544 1353 73 25 vilkor,
634 1360 33 14 om
684 1354 34 20 det
734 1354 64 20 ocksä
814 1354 81 20 kunnat
909 1355 24 20 sä
948 1354 41 21 fat-

172 1382 39 18 tas.
242 1380 41 20 Det
305 1382 24 18 är
351 1380 59 20 äfven
426 1380 105 26 likgiltigt,
547 1387 33 15 om
597 1382 36 20 det
648 1388 36 14 var
699 1384 31 18 ett
745 1382 67 21 vilkor
828 1382 51 21 eller
893 1382 52 26 icke,
962 1383 28 21 då

172 1408 122 26 regeringen
317 1408 116 22 emellertid
455 1410 63 20 fästat
541 1410 96 21 afseende
657 1410 32 21 vid
705 1411 123 21 ständernas
843 1410 91 28 begäran
951 1412 39 21 och

172 1436 48 22 låtit
242 1443 25 15 en
283 1438 79 20 komit6
376 1438 97 20 utarbeta
489 1444 25 14 en
529 1439 66 21 sådan
610 1440 55 25 plan.
696 1439 41 21 Det
752 1440 38 20 har
806 1440 62 21 också
884 1440 53 21 visat
951 1440 38 26 sig,

173 1468 32 18 att
220 1466 68 20 denna
302 1466 49 26 plan
366 1466 7 21 i
388 1466 118 22 hufvudsak
523 1467 67 21 blifvit
605 1467 21 21 af
640 1468 121 26 regeringen
777 1468 107 27 godkänd;
896 1475 47 15 men
957 1472 32 18 att

173 1495 128 26 regeringen,
324 1495 68 21 säsom
416 1496 103 21 utskottet
540 1502 61 21 synes
623 1503 56 20 anse,
702 1497 67 21 skulle
785 1498 136 26 ovilkorligen
937 1498 53 22 böra

172 1523 50 27 följa
237 1524 68 20 denna
321 1524 55 27 plan,
391 1526 23 20 är
430 1524 32 22 väl
478 1525 63 27 nägot
556 1526 23 21 sä
593 1526 107 21 stridande
713 1529 57 19 emot
780 1528 50 20 vära
840 1527 149 27 statsrättsliga
