1103 1781
333 127 160 19 Presteståndet
505 128 54 18 1877.
583 129 23 17 31
619 128 92 18 oktober.
846 123 52 21 1831

329 231 112 27 Samma
461 232 57 34 dag
537 232 39 26 kl.
593 232 18 27 6
629 240 24 19 e.
671 240 37 18 m.

179 305 175 22 Sammanträdde
370 306 47 20 åter
432 306 32 21 till
480 306 84 26 plenum
579 306 167 27 presteståndets
762 306 97 27 samtlige
869 306 59 22 med-

109 334 89 21 lemmar
220 336 57 19 utom
299 336 111 25 prostarne
432 334 58 27 Hjelt
513 334 39 22 och
573 335 109 24 Borenius,
704 342 45 14 som
770 335 48 21 med
833 334 95 22 tillstånd

108 362 100 22 frånvoro
223 365 54 19 samt
291 363 109 27 professor
414 363 68 24 Cleve,
499 370 44 14 som
556 364 32 21 för
600 364 94 27 ågången
707 364 98 26 sjukdom
817 364 110 21 uteblifvit.

177 506 120 28 Föredrogs
318 506 39 22 och
373 506 112 22 bordlades
501 506 94 28 följande
610 506 32 23 till
657 507 86 22 ståndet
757 506 119 23 inlemnade
892 506 36 22 be-

108 535 129 22 tänkanden.

178 598 221 22 Ekonomiutskottets
414 598 133 22 betänkande
562 599 39 21 N:o
618 600 26 20 14
656 599 7 21 i
675 598 114 28 anledning
798 599 23 21 af
830 600 31 20 ett
871 599 57 21 inom

108 627 175 27 dorgareständet
298 628 121 21 framstäldt
433 628 180 26 petitionsförslag
627 628 109 26 angående
750 628 123 26 förändring
888 626 22 22 af
921 628 7 21 i

109 656 73 22 landet
196 656 97 27 gällande
308 657 129 27 vigtsystem,

177 721 152 20 sammansatta
346 721 65 20 stats-
426 719 39 21 och
481 719 213 23 ekonomiutskottets
708 719 135 22 betänkande
858 719 40 22 N:o
914 720 13 21 3

107 748 8 21 i
136 748 112 27 anledning
269 748 24 21 af
313 748 58 22 Hans
393 748 118 28 Kejserliga
531 749 109 27 Majestäts
659 748 77 27 nädiga
750 748 131 28 proposition
896 748 33 22 till

109 776 100 22 Finlands
231 777 87 22 ständer
341 777 108 27 angäende
472 778 113 26 bevillning
605 777 32 22 till
658 777 207 27 fängelseväsendets
880 777 49 22 ord-

108 806 69 21 nande
192 806 39 22 och

176 870 107 21 allmänna
298 870 203 22 besvärsutskottets
515 870 133 22 betänkande
663 870 39 21 N:o
718 870 28 22 20
760 870 7 22 i
782 869 113 29 anledning
907 870 25 21 af

107 898 105 22 särskilda
227 899 113 27 petitioner
355 906 34 14 om
405 899 121 21 inrättande
541 899 22 21 af
576 898 69 22 finska
659 898 221 22 fruntimmersskolor.

521 1009 10 11 4

178 1042 89 22 Ständet
289 1044 32 20 till
343 1043 118 22 kännedom
484 1043 108 23 meddelas
614 1043 92 27 följande
727 1043 32 22 till
774 1043 48 21 dess
837 1043 90 21 diarium

107 1071 102 23 inkomna
224 1072 207 28 protokollsutdrag
420 1067 13 37 :

178 1136 43 26 1:0)
236 1134 57 22 Från
307 1135 115 27 höglofliga
436 1135 146 28 ridderskapet
598 1135 39 22 och
649 1135 62 21 adeln
724 1135 47 21 med
784 1135 98 21 anmälan
895 1140 34 16 om

109 1164 91 21 berörda
222 1164 73 22 ständs
317 1164 70 21 beslut
409 1164 109 28 angäende
542 1164 213 22 ekonomiutskottets
773 1163 157 22 betänkande
915 1159 17 38 i

108 1192 115 26 anledning
245 1193 22 21 af
289 1195 31 19 ett
342 1193 57 21 inom
422 1193 175 27 borgareständet
612 1192 120 22 framstäldt
749 1192 181 27 petitionsförslag

108 1228 36 14 om
159 1228 27 14 en
202 1221 227 21 öfverensstämmande
444 1222 104 27 reglering
563 1221 23 22 af
598 1221 84 22 landets
697 1221 108 27 indelning
819 1221 7 21 i
841 1220 90 22 admini-

108 1250 94 24 strativt,
215 1250 96 26 judicielt
326 1250 39 21 och
383 1250 144 22 ecklesiastikt
538 1250 104 26 afseende,
653 1252 55 19 samt
718 1250 107 21 allmänna
835 1250 95 20 besvärs-

108 1278 117 22 utskottets
239 1278 79 26 förslag
330 1278 32 21 till
377 1278 202 27 sammanjemkning
593 1278 23 22 af
629 1278 26 22 de
670 1278 68 21 skilda
753 1278 70 21 beslut
838 1278 7 21 i
859 1276 72 22 hvilka

107 1307 91 21 ständen
214 1309 85 19 stannat
314 1307 34 21 vid
364 1306 155 28 behandlingen
534 1308 23 21 af
567 1307 115 21 utskottets
695 1306 135 22 betänkande
840 1307 7 20 i
858 1305 72 22 anled-

108 1336 50 26 ning
173 1334 24 22 af
210 1336 105 21 särskilda
329 1335 56 22 inom
401 1338 82 24 preste-
498 1336 39 21 och
553 1335 160 22 bondeständen
728 1335 77 22 väckta
817 1334 114 28 petitioner

107 1364 132 22 beträffande
254 1364 69 22 finska
337 1364 98 27 språkets
450 1364 125 27 rättigheter
590 1364 41 22 och

180 1426 44 26 2:0)
239 1426 47 21 från
301 1426 107 26 vällofiiga
423 1426 176 26 borgareständet
614 1426 24 21 af
651 1426 39 20 den
705 1425 7 21 i
728 1426 69 20 denna
809 1425 76 21 månad
896 1431 34 15 om

109 1455 60 21 detta
191 1454 73 22 ständs
286 1454 71 22 beslut
373 1455 7 21 i
397 1454 98 22 afseende
514 1454 13 21 &
542 1456 152 20 sammansatta
708 1454 46 26 lag-
769 1454 40 21 och
825 1453 106 22 ekonomi-

110 1484 116 22 utskottets
249 1483 135 22 betänkande
405 1483 7 21 i
434 1482 112 28 anledning
567 1482 24 22 af
610 1483 60 21 Hans
689 1482 117 28 Kejserliga
821 1482 110 28 Majestäts

110 1512 78 28 nådiga
202 1512 131 28 proposition
348 1512 107 27 angående
470 1512 126 27 näringarne
611 1512 40 21 och
