1103 1792
309 128 160 19 Presteståndet
483 130 54 18 1877.
561 130 13 16 6
585 130 116 17 november.
832 124 53 21 1927

96 198 45 22 bud
163 198 40 22 har
217 198 54 22 varit
286 198 107 22 maktlöst.
422 198 110 22 Förbudet
547 198 39 22 har
600 198 100 21 existerat
715 198 6 21 i
736 198 140 22 hundradetal
891 198 25 22 år

95 227 41 21 och
151 227 112 25 förbjuden
277 226 170 27 gårdfarihandel
464 227 38 21 har
518 226 99 22 existerat
632 227 43 22 lika
685 227 67 26 länge.
774 227 141 26 Domprosten

95 255 90 21 Renvall
197 254 121 22 förmenade
330 255 32 21 för
372 256 31 20 sin
415 254 39 28 del,
465 257 39 23 att,
515 255 65 21 sedan
591 255 39 21 den
641 256 55 20 fasta
706 254 152 22 landthandeln
868 255 48 21 ord-

97 283 72 26 nades,
185 283 186 26 gärdfarihandeln
386 283 67 21 skulle
468 283 63 22 hafva
546 283 81 27 aftagit.
656 284 41 25 Jag
712 284 45 23 har,
774 284 42 20 lika
831 284 24 20 sä
869 283 48 22 litet

95 318 47 15 som
161 312 36 27 jag
212 313 46 20 tror
273 312 35 22 det
324 312 55 21 varit
393 312 82 26 möjligt
489 312 33 22 för
537 312 68 26 någon
621 318 76 18 annan,
712 312 114 21 statistiskt
841 312 75 21 under-

96 341 49 21 sökt
168 341 69 21 denna
259 340 161 28 omständighet,
443 347 46 15 men
510 341 36 21 det
565 343 34 18 vet
612 340 43 27 jag,
671 341 38 26 att,
725 340 65 22 sedan
805 340 110 22 landthan-

94 369 51 21 dein
168 370 165 25 organiserades,
351 370 40 20 har
405 369 36 27 jag
456 371 54 20 mött
524 369 213 26 gärdfarihandlande
752 369 143 27 arkangeliter
909 368 7 22 i

96 398 117 26 nyländska
234 398 137 26 skärgården,
391 398 27 27 pä
433 399 37 20 öar
486 400 36 19 ute
537 398 6 20 i
558 398 77 21 hafvet.
666 398 40 26 Jag
727 398 39 21 har
780 398 7 21 i
803 398 78 26 hjertat
896 398 22 20 af

95 426 131 22 Tavastland
248 429 55 19 mött
325 427 55 27 dem,
403 428 53 20 mött
478 428 46 20 dem
547 427 5 21 i
576 429 69 19 vestra
660 426 89 28 Nyland.
780 426 46 22 När
838 426 37 28 jag
890 432 26 16 en

94 455 57 27 gäng
173 455 32 21 for
228 455 58 23 öfver
308 456 52 26 Lojo
383 455 38 28 sjö,
441 455 56 22 hvad
519 456 37 27 säg
568 456 38 26 jag
621 455 50 21 der?
699 455 34 26 Jo,
749 461 26 15 en
791 455 124 27 arkangelit,

95 490 48 16 som
165 484 33 22 for
218 486 25 19 ut
265 485 28 27 pä
307 484 52 22 fiske
374 484 7 22 i
396 484 92 28 sällskap
504 485 47 21 med
567 490 25 16 en
608 485 72 25 dräng.
711 484 33 21 Då
756 484 37 27 jag
808 484 38 21 har
862 486 54 19 mött

94 513 49 21 dem
159 513 38 22 hos
213 513 111 26 allmogen,
341 514 39 20 har
393 513 36 27 jag
444 513 74 27 funnit,
534 515 31 20 att
581 513 35 21 det
631 513 54 21 varit
697 513 65 26 nägot
772 512 86 22 alldeles
868 512 47 22 sed-

95 542 87 26 vanligt,
198 544 32 19 att
245 542 25 21 de
286 542 96 21 öfverallt
397 542 23 21 af
433 542 105 26 allmogen
554 541 68 22 blifvit
632 542 126 26 tolererade,
769 542 88 20 emedan
866 547 50 15 man

94 572 73 20 ansett
183 570 36 22 det
233 576 51 16 vara
299 570 134 27 nödvändigt.
464 571 33 21 Dä
512 577 28 15 nu
554 570 82 22 säledes
652 570 68 22 denna
735 570 76 22 handel
827 569 89 22 oaktadt

95 599 131 27 sekelgamla
248 599 76 21 förbud
348 599 107 22 existerar,
478 599 93 26 florerar,
594 599 118 27 uppställer
733 600 31 25 sig
787 598 39 22 den
842 598 73 27 frägan

97 628 113 26 sjelfmant,
232 628 55 21 hvad
311 628 41 21 kan
375 634 48 16 man
445 628 146 22 ästadkomma
609 634 75 20 genom
701 629 32 20 att
749 627 93 21 vidhälla
857 627 58 21 detta

95 656 84 26 förbud,
202 657 52 21 eller
276 663 75 20 genom
373 659 32 19 att
427 656 85 22 utfärda
534 658 30 20 ett
580 660 46 23 nytt
641 656 91 22 förbud?
761 656 40 27 Jag
816 659 51 23 tror,
883 657 32 20 att

96 691 49 16 man
168 685 158 22 åstadkommer
347 686 68 26 precis
434 685 43 21 lika
492 686 90 26 mycket,
598 692 44 14 som
658 692 35 19 nu,
710 692 47 14 men
773 685 78 21 tillåter
866 691 49 15 man

95 714 41 22 den
152 714 127 27 legaliseras,
296 720 33 16 om
346 715 41 21 den
402 714 82 26 ordnas,
501 720 34 15 om
551 714 39 22 den
606 714 115 23 beskattas,
737 714 23 20 sä
771 715 23 19 är
805 714 36 20 det
852 714 63 20 också

96 743 83 27 möjligt
198 744 32 20 att
246 742 62 22 ställa
324 743 38 21 den
379 744 26 26 pä
420 743 65 21 sädan
501 743 38 23 fot,
554 745 32 19 att
602 743 40 20 den
658 743 157 21 ästadkommer
830 742 24 21 sä
868 742 47 21 litet

95 772 53 21 ondt
171 778 45 15 som
239 772 89 26 möjligt.
359 772 42 27 Mig
416 778 62 20 synes
492 774 32 19 att
539 771 105 22 utskottet
658 772 6 20 i
681 772 58 21 detta
754 770 36 22 fall
806 771 39 21 har
858 771 57 26 gjort

95 803 33 19 ett
142 801 80 26 ganska
236 800 52 28 godt
303 800 84 28 förslag.
415 800 11 21 I
442 800 143 22 betänkandet
600 800 116 27 uppställes
732 800 40 21 den
782 796 92 36 fordran,
883 801 32 19 att

94 829 213 27 gärdfarihandlaren
330 829 53 21 skall
404 836 51 14 vara
472 836 25 14 en
513 829 95 22 inhemsk
624 836 55 19 man,
695 828 54 22 skall
765 835 51 15 vara
831 828 84 27 välfräj-

96 858 48 27 dad,
160 858 54 22 skall
229 858 63 22 hafva
307 858 95 22 tillständ
418 858 70 21 dertill
504 858 39 22 och
558 858 60 22 detta
628 858 94 21 tillständ
732 857 79 27 ärligen
823 857 91 27 förnyas,

95 887 41 22 och
151 887 42 22 han
208 887 53 22 skall
276 887 99 27 slutligen
390 887 109 21 beskattas
515 886 75 23 derför.
621 887 31 21 En
666 887 65 21 sådan
744 886 171 27 gärdfarihandel

95 919 46 18 tror
161 916 38 27 jag
219 916 46 22 icke
287 916 55 22 skall
361 916 94 22 medföra
479 916 79 21 sädana
574 915 142 28 olägenheter,
732 915 32 21 för
780 915 71 22 hvilka
866 921 49 15 man

95 945 40 22 kar
149 945 93 27 beskyllt
255 945 39 22 den
309 945 112 27 förbjudna
435 945 191 27 gärdfarihandeln.
648 945 77 20 Derför
740 944 67 21 skulle
818 944 36 27 jag
865 950 50 15 vara

96 974 50 27 böjd
162 974 34 21 för
211 976 33 19 att
258 974 85 22 biträda
357 974 115 21 utskottets
487 973 78 28 förslag
580 973 130 22 beträffande
726 973 68 22 denna
810 972 105 28 paragraf,

95 1009 48 15 men
165 1003 73 21 härtill
261 1003 67 22 skulle
349 1003 36 27 jag
405 1003 50 27 vilja
474 1003 94 26 äberopa
583 1003 41 26 det,
639 1009 45 15 som
699 1008 49 16 man
763 1003 81 26 pästätt
858 1004 57 19 emot

92 1031 194 28 gärdfarihandeln,
307 1033 106 26 nämligen
433 1034 31 19 att
486 1033 39 20 den
546 1032 40 21 blir
607 1038 25 15 en
654 1031 62 27 farlig
736 1031 132 22 konkurrent
883 1031 32 21 till

95 1062 40 20 den
159 1060 70 28 lofliga
254 1061 159 22 landthandeln.
446 1061 65 21 Detta
533 1061 46 21 skäl
602 1067 61 15 anser
688 1061 38 26 jag
751 1066 51 15 vara
827 1059 87 22 alldeles

94 1089 111 26 obetänkt,
228 1091 88 20 emedan
332 1089 35 22 det
389 1096 61 20 synes
473 1091 41 26 mig
535 1095 51 16 vara
603 1089 125 27 uppenbart,
747 1091 33 19 att
795 1089 35 20 det
846 1087 68 22 skulle

94 1125 51 15 vara
166 1119 44 26 just
232 1119 197 25 landthandlarene,
448 1124 45 15 som
517 1118 68 21 skulle
607 1117 94 22 bedrifva
722 1116 191 27 gärdfarihandeln.

95 1147 46 22 Blir
155 1147 185 28 gärdfarihandeln
355 1147 34 25 fri,
405 1147 95 21 kommer
514 1147 62 21 deras
591 1147 88 21 intresse
695 1149 33 18 att
743 1152 62 15 mana
820 1147 47 20 dem
882 1147 33 20 att

95 1182 76 20 genom
187 1177 46 20 sina
248 1176 123 21 utskickade
387 1175 83 28 besörja
486 1177 46 20 den.
561 1175 49 22 Just
625 1176 72 21 häruti
712 1175 68 21 finner
792 1175 37 26 jag
844 1174 71 22 derför

93 1207 34 19 ett
148 1205 108 21 korrektiv
279 1207 57 19 emot
359 1204 40 22 den
422 1204 84 27 olofliga
521 1204 83 26 handel,
619 1210 45 15 som
680 1211 27 14 nu
723 1204 87 21 florerar
826 1203 39 22 och
880 1209 34 15 om

95 1233 86 22 hvilken
203 1240 48 15 man
270 1236 67 25 säger,
353 1235 32 20 att
401 1234 40 21 den
456 1235 37 25 gör
508 1233 83 28 mycket
606 1233 57 26 ondt,
680 1234 65 25 nägot
760 1239 45 15 som
818 1232 36 27 jag
869 1231 46 22 icke

95 1262 42 21 kan
153 1262 32 22 för
200 1263 42 20 min
258 1263 34 21 del
307 1263 129 20 konstatera.
466 1263 33 20 Då
512 1262 36 27 jag
563 1262 73 25 finner,
653 1263 31 20 att
699 1262 36 20 det
750 1261 62 21 bästa
828 1261 87 21 korrek-

95 1291 52 21 tivet
169 1293 57 19 emot
249 1291 39 22 den
311 1290 84 27 olofliga
417 1291 90 20 handeln
530 1293 24 19 är
569 1291 40 20 den
624 1289 70 28 lofliga
709 1289 99 27 handeln,
824 1289 41 21 kan
878 1289 37 27 jag

94 1320 47 21 icke
157 1320 63 21 tveka
235 1322 32 19 att
282 1319 86 22 förorda
383 1320 127 21 densamma.

164 1377 83 21 Doktor
264 1377 181 21 Nordström:
475 1376 111 22 Professor
605 1375 111 22 Ehrström
732 1376 40 21 har
786 1375 24 22 sä
824 1374 35 22 väl
874 1374 41 22 för-

95 1407 73 18 svarat
183 1406 116 20 utskottets
315 1405 135 21 betänkande
464 1405 8 20 i
487 1405 59 21 detta
560 1404 105 26 afseende,
676 1407 32 18 att
719 1405 36 20 det
765 1404 67 26 knapt
842 1403 73 22 behöf-

95 1439 37 15 ves
147 1432 65 27 något
227 1433 74 26 tillägg
316 1433 33 21 till
364 1432 55 21 hvad
434 1432 41 21 han
491 1432 76 21 anfört.
590 1432 75 21 Denna
675 1431 101 27 paragraf
784 1432 40 20 har
831 1431 84 21 utskot-

94 1463 32 20 tet
140 1461 88 21 beslutit
243 1461 31 26 sig
289 1461 33 21 till
337 1460 53 22 efter
405 1466 74 21 mogen
495 1460 162 26 öfverläggning.
687 1459 41 26 Jag
743 1461 52 24 tror,
810 1461 32 19 att
857 1458 24 22 af
889 1459 26 20 de

95 1489 75 28 motiv,
192 1496 45 15 som
259 1489 106 22 utskottet
387 1489 38 21 har
447 1488 78 26 anfört,
540 1495 49 14 man
604 1493 42 21 nog
660 1488 42 21 kan
718 1494 29 20 se,
763 1489 33 20 att
811 1487 105 22 utskottet

94 1519 48 22 icke
156 1518 120 28 lättsinnigt
291 1519 38 21 har
344 1517 115 22 behandlat
474 1517 68 22 denna
556 1517 80 27 vigtiga
645 1516 67 27 fråga.
734 1516 51 22 Man
796 1517 39 21 har
844 1517 73 25 insett,
