1103 1803
328 136 159 18 Presteståndet
500 137 54 17 1877.
579 137 22 16 17
613 137 113 17 november.
849 131 55 22 2173

115 208 25 19 är
155 206 118 26 ogrundadt
309 206 42 25 Jag
365 206 112 26 förmodar,
494 208 31 19 att
541 206 40 21 den
597 206 65 26 skola,
678 212 33 15 om
727 205 84 22 hvilken
827 206 38 21 här
875 206 7 21 i
892 207 41 26 dag

116 235 40 20 har
176 234 55 21 varit
251 234 66 27 fråga,
336 235 104 25 nämligen
456 235 39 20 den
512 235 124 26 fyrklassiga
651 235 119 20 realskolan
785 235 7 20 i
807 235 126 25 Jakobstad,

116 263 39 21 har
176 264 55 20 visat
250 262 29 27 sig
296 269 51 14 vara
360 263 45 26 just
419 269 25 15 en
459 263 66 21 sådan
541 263 65 24 skola,
622 270 45 14 som
682 263 68 21 skulle
765 263 82 26 framgå
862 269 26 15 ur
902 265 32 19 ett

115 291 173 27 bildningsbehof
302 292 62 20 hvars
379 291 117 26 verklighet
511 291 39 21 har
565 291 99 22 existerat
678 292 68 20 under
760 292 117 25 decennier,
893 291 40 22 och

115 320 69 22 skulle
197 320 36 27 jag
249 319 69 22 derför
333 320 6 20 i
355 320 42 21 allo
412 320 49 27 vilja
476 320 73 21 förena
563 320 43 27 mig
621 321 47 20 med
684 320 26 21 de
725 320 74 25 talare,
815 326 44 15 som
871 320 63 21 hafva

117 349 81 25 önskat,
221 350 32 19 att
275 349 114 21 utskottets
411 349 134 21 betänkande
565 349 6 20 i
590 349 96 21 afseende
701 349 13 21 å
728 349 69 21 denna
812 349 60 21 skola
886 349 47 21 icke

115 377 65 22 borde
195 377 130 27 godkännas.

183 436 82 21 Rektor
283 436 128 20 Hallsten:
440 436 40 26 Jag
498 436 36 20 vill
549 436 72 21 förena
636 435 42 27 mig
692 436 48 20 med
756 435 26 22 de
798 436 74 24 talare,
887 441 46 15 som

115 464 63 22 hafva
198 464 63 27 yrkat
284 464 27 27 på
333 464 127 28 petitionens
479 470 33 16 om
527 464 128 22 Jakobstads
670 464 59 21 skola
745 464 124 27 antagande,
884 470 48 15 men

115 493 68 27 skulle
198 492 50 27 vilja
262 493 87 27 tillägga
365 495 31 19 ett
411 494 44 20 skäl
469 493 100 21 särskildt
581 493 90 21 rörande
692 494 240 20 lärovärksanstalterna

114 522 6 20 i
137 522 143 22 Österbotten,
301 522 104 26 jemförda
427 522 47 21 med
490 522 25 21 de
530 522 7 21 i
553 522 35 21 det
603 522 66 26 öfriga
684 522 96 21 Finland.
811 522 42 21 Det
868 524 23 19 är
906 528 26 14 en

115 550 77 22 allmän
215 550 83 28 klagan,
321 553 33 19 att
377 551 36 21 det
433 554 70 18 vestra
525 550 90 22 Finland
633 550 39 21 har
687 550 67 22 blifvit
768 550 109 24 förbisedt,
892 550 38 22 och

114 580 62 21 äfven
191 580 39 27 här
245 580 7 20 i
267 580 59 20 detta
341 580 36 21 fall
392 580 56 20 visar
463 579 35 21 det
513 580 36 26 sig.
573 579 30 27 Ty
615 579 91 27 jemföra
721 580 20 20 vi
756 580 81 21 antalet
847 580 22 20 af
878 579 53 21 läro-

115 609 50 20 verk
187 609 7 20 i
215 608 136 22 Österbotten
367 608 6 21 i
389 608 131 28 förhållande
535 608 32 21 till
583 608 149 26 folkmängden
748 608 47 21 med
812 608 45 21 dem
875 608 5 21 i
896 608 36 22 det

112 637 68 27 öfriga
200 637 96 23 Finland,
313 638 19 21 få
349 638 19 20 vi
388 637 2 20 i
407 637 136 22 Österbotten
559 639 30 19 ett
603 638 48 20 vida
666 639 68 19 sämre
750 637 137 26 förhållande,
904 638 27 20 än

113 666 6 21 i
135 666 68 26 någon
227 666 33 21 del
283 666 23 21 af
327 667 36 20 det
378 665 66 28 öfriga
459 666 95 25 Finland,
571 666 39 21 och
629 666 38 27 jag
690 669 51 23 tror,
761 669 31 18 att
814 666 115 27 bildnings-

113 695 99 21 behofvet
228 695 36 21 der
279 697 24 19 är
318 696 43 20 lika
375 697 61 24 stort,
452 701 44 15 som
512 695 7 21 i
534 696 66 20 andra
615 695 58 21 delar
688 695 23 21 af
724 695 95 21 Finland.
840 695 11 21 I
866 695 66 21 Wasa

112 724 40 21 och
174 723 118 27 Uleåborgs
315 724 34 21 län
373 736 27 3 —
421 730 33 14 om
469 724 20 20 vi
505 723 56 22 fästa
575 724 98 21 afseende
688 724 36 20 vid
740 724 95 26 lyceerna
850 724 39 21 och
904 724 26 21 de

114 752 125 27 fyrklassiga
255 752 145 22 realskolorna
415 764 27 3 —
457 752 40 21 blir
513 752 35 21 det
561 754 31 20 ett
604 752 76 22 sådant
690 752 97 22 läroverk
797 753 28 25 på
835 752 96 27 omkring

113 781 78 25 80,000
206 780 13 22 å
235 782 75 20 90,000
326 782 106 25 invänare,
448 781 26 21 då
490 782 95 20 deremot
598 782 5 20 i
614 781 35 21 det
660 781 112 27 sydligaste
783 782 39 20 och
833 782 99 25 sydöstra

113 809 87 21 Finland
217 809 142 21 förhållandet
374 811 25 20 är
414 810 47 20 vida
476 810 155 26 förmånligare.
655 810 40 26 Jag
710 810 79 27 tycker,
804 812 32 19 att
851 810 79 21 Jakob-

114 839 46 21 stad
182 839 38 21 och
241 838 143 22 Kristinestad
405 844 41 20 nog
460 839 72 20 kunna
547 839 91 26 förtjena
653 841 31 18 att
699 838 21 22 få
735 839 126 27 fyrklassiga
876 839 55 21 real-

113 867 77 22 skolor.
206 880 27 4 —
249 868 48 21 Med
319 868 99 21 afseende
437 867 13 21 å
470 867 56 21 hvad
544 868 107 26 professor
671 867 101 21 Forsman
793 867 84 27 yttrade
897 874 34 14 om

113 896 160 27 användningen
289 896 22 22 af
325 896 147 27 Lindskogska
487 896 83 26 fonden,
586 896 39 21 har
640 896 36 21 det
691 896 120 26 visserligen
824 896 55 20 varit
889 896 42 21 för-

113 925 113 26 hållandet,
246 927 32 19 att
300 928 70 18 staten
393 926 52 25 drog
466 926 21 20 in
511 925 39 21 den
570 925 39 21 och
629 925 142 21 förminskade
786 925 94 21 lärarens
895 926 36 20 lön

113 954 47 21 med
181 954 92 21 kronans
289 955 34 20 lön
339 954 32 21 för
387 956 32 18 att
433 954 61 26 fyllas
510 954 46 21 med
572 954 146 26 Lindskogska
734 954 133 21 donationen.
896 954 35 21 Nu

113 984 24 20 är
152 983 60 21 detta
233 983 45 21 icke
294 982 148 26 förhållandet,
457 985 50 18 utan
524 983 39 21 den
579 982 195 27 tjenstförrättande
789 982 88 22 rektorn
892 982 38 22 har

113 1012 43 20 lika
177 1015 45 18 stor
244 1011 41 26 lön,
309 1018 45 15 som
375 1015 69 18 staten
465 1012 7 20 i
487 1012 115 21 allmänhet
618 1012 70 21 består
702 1012 23 21 åt
741 1012 68 20 lärare
824 1011 34 21 vid
873 1012 57 26 lägre

113 1040 190 22 elementarskolor
319 1040 39 22 och
374 1041 105 21 dessutom
495 1042 75 20 räntan
583 1040 47 22 från
641 1040 39 22 den
691 1040 146 27 Lindskogska
847 1040 83 22 fonden.

180 1097 153 28 Kyrkoherden
349 1098 133 21 Stenbäck:
505 1098 41 27 Jag
561 1097 92 28 begärde
668 1098 60 21 ordet
744 1099 92 20 närmast
851 1097 32 22 för
898 1099 32 20 att

113 1127 85 22 bemöta
218 1128 108 25 professor
345 1127 102 22 Forsman
469 1128 46 20 med
535 1127 112 26 anledning
664 1127 23 21 af
701 1127 52 21 hans
768 1127 115 28 påstående
898 1128 33 19 att

113 1156 73 26 frågan
210 1162 33 15 om
266 1163 25 14 en
314 1157 113 26 utredning
449 1156 22 21 af
493 1156 40 21 den
555 1156 104 21 förmenta
678 1155 107 26 orättvisa,
801 1162 45 15 som
862 1156 67 21 skulle

111 1185 62 21 hafva
194 1185 69 21 blifvit
285 1185 109 26 begängen
416 1187 44 19 mot
483 1185 125 21 kommunen
629 1185 6 20 i
654 1184 123 27 Jakobstad,
794 1185 67 21 skulle
877 1185 52 26 ånyo

110 1215 106 26 upptagas
234 1214 31 21 till
284 1214 127 26 behandling
426 1214 22 21 af
462 1213 105 22 allmänna
583 1213 196 26 besvärsutskottet,
795 1213 34 21 för
843 1215 38 24 att,
898 1213 33 21 så-

111 1249 45 15 som
179 1243 106 26 professor
306 1243 101 20 Forsman
431 1243 108 26 behagade
561 1243 98 26 uttrycka
681 1243 37 26 sig,
734 1243 113 20 ständerna
862 1242 68 21 skulle

111 1271 102 21 försättas
228 1271 7 20 i
250 1271 82 21 tillfälle
348 1273 32 19 att
395 1271 62 27 åtaga
473 1271 31 26 sig
519 1271 59 21 detta
588 1271 112 21 samhälles
712 1271 45 21 sak.
782 1271 41 20 Det
833 1270 97 21 förvånar

111 1299 43 27 mig
175 1299 28 27 på
224 1301 35 20 det
281 1299 82 27 högsta,
387 1302 30 19 att
440 1301 30 20 ett
491 1299 76 21 sådant
589 1299 93 28 yrkande
697 1299 39 20 har
751 1299 80 21 kunnat
846 1299 85 27 göras
921 1294 14 37 i

112 1329 59 20 detta
192 1329 68 20 stånd.
290 1328 100 21 Hvarken
405 1328 139 27 petitionären
561 1328 17 27 ej
595 1327 66 22 heller
676 1328 26 20 de
717 1328 74 25 talare,
808 1333 44 16 som
867 1328 7 21 i
890 1327 40 27 dag

113 1357 63 20 hafva
192 1357 101 26 uppträdt
304 1357 31 20 till
346 1357 80 21 förmån
439 1357 32 21 för
484 1357 126 26 petitionens
621 1356 125 26 antagande,
757 1357 62 20 hafva
829 1357 27 26 på
867 1356 63 25 något

112 1387 43 19 sätt
177 1385 91 27 påyrkat
291 1391 25 15 en
339 1385 65 21 sådan
427 1385 162 27 undersökning,
611 1385 89 20 oaktadt
715 1385 139 26 petitionären
871 1384 60 21 har
920 1380 14 36 i

112 1420 42 20 nog
169 1414 72 22 starka
256 1413 87 27 ordalag
358 1413 117 23 framhållit
491 1414 61 21 dessa
563 1413 147 23 förhållanden
722 1413 6 21 i
739 1413 62 27 afsigt
811 1416 38 22 att,
860 1413 70 21 såsom

113 1442 64 21 också
188 1442 21 20 af
218 1444 86 24 prosten
320 1442 107 21 Helander
442 1442 38 20 har
496 1442 68 20 blifvit
580 1442 93 24 nämndt,
690 1442 102 20 motivera
807 1443 39 19 den
857 1442 73 20 anhål-

113 1470 41 25 lan,
170 1476 44 15 som
231 1469 22 22 af
267 1470 126 21 kommunen
409 1470 7 20 i
431 1469 118 22 Jakobstad
565 1469 68 21 blifvit
643 1469 48 21 dess
702 1471 145 24 representant
858 1469 72 21 anför-

113 1498 68 21 trodd.
212 1498 31 21 En
259 1498 132 27 häntydning
404 1499 23 20 åt
441 1503 81 16 samma
537 1497 42 22 håll
594 1497 98 22 anfördes
707 1498 33 21 väl
756 1498 7 21 i
773 1497 106 22 allmänna
895 1498 35 21 be-

113 1528 171 26 svärsutskottet,
305 1528 27 21 då
353 1527 74 27 frågan
449 1533 37 15 var
507 1526 67 22 under
596 1526 128 27 behandling
745 1526 115 22 derstädes.
881 1525 48 23 Men
