1106 1798
196 135 56 21 2238
378 140 158 18 Presteståndet
548 140 54 18 1877.
626 140 26 17 27
664 140 113 17 november.

168 215 42 21 ung
231 215 83 21 person,
333 215 45 16 som
394 209 44 22 helt
453 209 84 27 nyligen
552 209 39 21 har
606 209 65 22 slutat
686 209 46 21 sina
747 209 82 21 studier
844 209 39 21 och
898 215 47 15 som
960 215 28 15 nu

167 239 67 20 sättes
255 238 32 21 till
308 238 86 21 domare
412 239 7 20 i
439 239 81 26 ganska
541 239 80 26 vigtiga
641 238 68 25 saker,
725 240 51 19 utan
798 239 32 20 att
845 243 39 21 ega
899 238 41 21 den
955 244 32 15 er-

166 267 97 21 farenhet
279 267 39 21 och
334 267 40 22 den
387 267 71 27 insigt,
470 273 44 15 som
529 274 24 14 en
565 267 23 21 sä
599 267 67 27 vigtig
676 267 120 26 befattning
806 266 68 21 skulle
885 266 102 21 erfordra.

167 296 54 24 Den,
244 302 44 15 som
309 296 39 21 har
363 298 42 19 sett
420 296 174 21 häradsrätterna
608 296 28 27 pä
650 297 52 19 nära
717 295 44 22 häll
776 308 27 2 —
819 295 40 21 och
875 295 36 21 det
925 295 64 22 hafva

168 325 26 20 de
208 323 60 22 fleste
283 324 24 21 af
320 325 36 20 det
371 325 130 26 högvördiga
516 324 94 22 ständets
626 324 137 21 medlemmar
778 326 42 19 sett
835 324 81 21 kanske
930 330 59 15 mera

166 355 27 19 än
212 353 37 27 jag
264 365 27 2 —
306 353 62 21 torde
386 353 73 21 kunna
478 355 57 25 säga,
554 355 32 20 att
598 353 45 26 just
658 353 33 21 till
706 353 52 26 följd
774 353 23 20 af
811 352 68 21 denna
895 354 92 19 omstän-

167 381 73 27 dighet
260 381 174 22 häradsrätterna
452 382 47 21 icke
516 381 62 22 hafva
598 381 64 28 något
682 382 116 26 synnerligt
813 383 54 19 stort
883 381 105 22 anseende

167 411 7 20 i
190 410 123 21 landsorten
328 410 65 21 bland
408 411 54 26 dem,
479 410 32 21 för
526 410 72 21 hvilka
614 411 25 20 de
654 410 62 26 skipa
731 410 41 27 lag.
793 410 78 21 Dertill
886 410 101 26 kommer,

167 441 35 19 att
217 438 192 28 häradshöfdingen
424 445 77 21 genom
509 439 33 20 sin
552 439 101 26 ställning
668 441 24 18 är
702 442 91 24 tvungen
805 441 32 18 att
849 440 76 19 stanna
936 445 52 21 qvar

166 468 36 21 vid
224 467 32 21 sin
280 467 124 28 befattning,
427 468 47 21 icke
496 467 43 21 kan
562 472 49 23 taga
633 467 75 21 afsked
726 468 48 20 med
789 467 94 27 pension,
899 467 88 22 emedan

166 497 54 20 hans
237 496 103 22 kronolön
356 498 24 19 är
394 496 24 21 så
433 496 114 27 obetydlig,
564 497 82 21 således
660 499 24 18 är
700 499 91 24 tvungen
807 498 31 19 att
849 500 76 17 stanna
936 502 52 21 qvar

166 525 33 21 till
222 525 96 28 dödedag
341 525 39 22 och
403 525 44 21 låta
469 526 91 27 tjensten
582 525 8 21 i
612 525 76 27 många
711 525 24 20 år
756 525 108 21 oafbrutet
879 525 72 21 skötas
967 525 22 22 af

166 554 98 21 vikarier.
295 553 48 22 Alla
363 555 61 20 dessa
444 554 180 27 omständigheter
640 554 64 21 borde
720 554 71 21 kunna
806 553 126 22 reformeras
947 554 40 21 och

166 583 176 21 häradsrätterna
364 583 6 20 i
392 583 59 20 detta
471 583 118 21 hänseende
605 583 71 20 kunna
691 583 73 20 ställas
779 583 27 26 på
821 588 26 15 en
862 588 70 15 annan
949 582 38 24 fot,

166 617 48 15 men
238 611 70 21 dertill
330 611 100 21 behöfves
452 611 134 27 naturligtvis
604 611 76 26 medel,
696 610 122 27 tillgångar;
836 611 35 20 det
887 611 100 20 behöfves

166 639 32 21 för
216 643 32 18 att
263 640 71 21 kunna
350 641 56 20 sätta
421 646 25 14 en
462 640 52 21 eller
528 641 37 20 två
578 639 100 27 juridiskt
693 639 84 21 bildade
792 639 99 22 bisittare
909 639 4 21 i
928 639 59 21 dom-

166 669 67 20 stolen
253 667 139 28 ovilkorligen
408 669 68 20 medel
491 671 32 18 att
538 668 71 21 aflöna
625 669 59 20 desse
700 668 40 21 och
755 668 33 21 för
804 670 33 19 att
851 668 72 21 kunna
937 675 50 20 pen-

166 697 84 21 sionera
272 697 224 27 häradshöfdingarne,
512 697 24 21 så
558 699 32 19 att
606 697 25 22 de
646 697 71 21 kunna
732 699 50 25 taga
798 697 74 21 afsked
888 697 99 21 behöfves

166 726 64 21 också
245 726 75 21 medel.
342 725 32 21 En
390 726 109 27 möjlighet
514 728 32 19 att
561 726 69 27 någon
645 727 55 24 gäng
715 726 6 21 i
738 732 25 14 en
778 725 87 22 framtid
880 725 68 21 skafta
960 732 25 15 en

166 754 63 22 sådan
254 760 80 16 ressurs
356 755 82 20 lemnar
459 755 153 26 indragningen
634 755 22 20 af
671 754 192 27 lagmansrätterna
883 754 39 21 och
942 754 44 28 lag-

165 784 183 25 manskapparnes
368 783 168 27 kapitalisering.
566 783 125 22 Emellertid
706 783 39 21 har
760 789 48 15 man
824 789 28 15 nu
868 785 70 19 ansett
953 784 34 27 sig

165 812 59 25 böra,
245 812 48 21 med
312 812 110 21 lemnande
438 813 12 20 å
465 812 46 21 sido
527 812 23 21 af
563 813 39 20 den
618 813 46 20 inre
678 812 114 25 reformen,
808 812 81 27 skynda
904 813 27 26 på
947 812 39 21 den

164 843 56 24 yttre
244 841 104 21 reformen
368 841 39 21 och
429 841 33 21 för
478 841 48 21 dess
543 841 164 27 genomförande
722 841 95 27 tillgripa
833 841 25 21 de
874 841 54 21 enda
943 847 43 15 res-

164 876 78 20 surser,
262 876 74 20 genom
358 869 70 22 hvilka
449 876 26 15 en
496 870 45 21 inre
559 870 77 21 reform
652 870 110 27 verkligen
777 870 41 21 kan
834 870 153 26 åvägabringas

164 900 52 20 utan
236 905 25 21 ny
282 899 143 25 beskattning.
456 899 25 21 D.
503 905 18 15 v.
542 905 16 15 s.
576 899 206 27 lagmanskapparna
797 898 69 22 skulle
881 899 105 27 tillgripas

164 927 34 21 för
219 928 68 20 denna
307 930 57 24 yttre
384 927 115 27 reglerings
520 927 68 21 skuld.
619 928 49 21 Man
688 928 41 20 kan
745 929 57 25 säga,
818 930 32 19 att
865 928 62 20 dessa
942 928 43 26 lag-

164 956 142 27 manskappar
327 962 29 15 nu
375 956 46 21 icke
439 956 33 22 för
487 956 135 27 ögonblicket
637 956 109 27 tilleripas,
763 959 32 18 att
810 956 177 27 genomförandet

164 984 22 22 af
206 984 106 22 reformen
334 985 76 26 drager
429 988 23 18 ut
473 985 26 27 pä
519 986 58 20 tiden
598 985 40 21 och
659 987 32 19 att
710 985 36 21 det
760 985 84 21 säledes
858 985 47 21 icke
920 987 66 25 ögon-

164 1013 113 27 blickligen
299 1014 82 26 upphör
402 1016 32 18 att
449 1014 7 21 i
471 1014 244 27 lagmanskappefonden
731 1014 78 21 samlas
824 1014 76 23 medel,
915 1020 48 15 men
978 1014 7 20 i

164 1042 29 22 all
208 1042 102 22 händelse
320 1042 68 22 skulle
399 1042 70 21 denna
479 1042 57 21 källa
547 1042 131 28 smäningom
689 1042 39 22 och
738 1043 82 27 ganska
830 1046 59 18 snart
900 1043 86 21 komma

163 1073 33 19 att
216 1071 77 21 utsina.
323 1071 43 21 För
386 1071 63 27 öfrigt
470 1078 60 20 synes
551 1072 35 20 det
604 1072 50 26 mig,
670 1078 44 14 som
730 1078 34 15 om
780 1072 69 20 denna
864 1072 122 27 föreslagna

164 1100 178 27 domsagsreform
357 1100 47 21 icke
420 1106 48 15 vore
484 1102 43 19 rätt
543 1100 81 27 lyckad.
645 1100 43 21 Det
703 1102 23 19 är
741 1100 7 21 i
764 1100 77 27 mänga
851 1100 134 21 hänseenden

163 1129 37 21 der
220 1135 29 15 nu
268 1129 55 21 visat
344 1128 37 27 sig,
402 1129 128 21 ätminstone
546 1130 6 19 i
567 1129 43 21 min
629 1129 70 25 tanke,
714 1130 81 26 ganska
810 1129 81 27 vigtiga
905 1130 80 26 svärig-

162 1157 66 22 heter.
259 1157 111 22 Utskottet
390 1158 38 20 har
448 1158 55 20 varit
524 1158 83 26 mycket
626 1160 44 19 ömt
684 1158 7 21 i
707 1161 31 18 att
754 1164 21 15 se
791 1158 32 21 till
839 1159 32 20 att
886 1157 46 22 icke
947 1158 36 21 hä-

162 1186 190 27 radshöfdingarne
373 1186 67 21 skulle
455 1186 28 26 pä
498 1186 65 27 nägot
578 1188 43 20 sätt
636 1186 66 21 blifva
716 1186 86 22 lidande
818 1187 7 20 i
841 1186 68 22 denna
924 1186 60 26 affär,

162 1221 48 15 men
231 1214 63 28 ingen
314 1214 40 21 har
372 1214 62 22 tänkt
454 1216 27 25 pä
502 1217 31 19 att
552 1215 153 21 kommunerna
720 1216 51 20 eller
786 1215 122 21 landsorten
923 1216 7 19 i
946 1216 38 20 all-

162 1243 87 22 mänhet
268 1244 95 21 kommer
383 1245 32 20 att
435 1243 65 22 blifva
521 1244 85 21 lidande
621 1250 76 21 genom
712 1250 65 21 resor,
793 1250 76 21 genom
885 1244 99 27 möjligen

162 1272 104 21 förökade
286 1272 73 27 anslag
377 1272 47 21 frän
444 1273 152 21 kommunerna
617 1273 31 21 till
670 1273 111 27 nämnden,
798 1279 45 16 som
865 1273 120 26 säkerligen

162 1301 47 22 icke
228 1301 42 21 kan
290 1301 85 21 komma
394 1301 33 20 till
446 1303 58 19 rätta
518 1302 48 20 med
582 1303 41 20 den
638 1308 40 14 ena
693 1302 69 27 kappe
778 1308 44 15 som
838 1303 24 20 är
877 1302 107 27 anslagen,

162 1329 27 21 dä
209 1329 262 26 nämndemannatjensten
498 1329 70 21 blifvit
592 1337 25 14 en
638 1330 87 20 stående
746 1330 70 25 tjenst,
840 1337 45 13 som
908 1332 76 18 nästan

161 1357 95 26 ständigt
271 1359 61 24 tager
347 1357 31 20 sin
394 1363 48 14 man
458 1357 7 20 i
480 1357 98 26 anspräk.
599 1357 45 22 Allt
660 1358 58 21 detta
733 1359 24 19 är
768 1358 83 23 sädant,
862 1364 45 15 som
918 1358 67 26 enligt

161 1385 43 20 min
226 1385 54 26 äsigt
302 1385 88 26 utvisar,
414 1386 32 19 att
468 1385 113 26 reformen,
604 1385 61 22 äfven
690 1392 33 15 om
747 1386 41 20 den
809 1386 70 21 kunde
895 1386 89 21 sättas
973 1381 15 36 i

160 1413 82 27 verket,
263 1415 51 19 utan
335 1415 33 19 att
388 1413 94 27 tillgripa
503 1420 134 15 ressurserna
652 1414 34 21 för
702 1415 40 20 den
757 1415 67 21 andra
839 1415 6 20 i
861 1415 43 21 min
919 1415 65 20 tanke

160 1443 104 26 vigtigare
287 1443 112 25 reformen,
422 1442 65 21 likväl
502 1443 46 20 icke
564 1445 24 19 är
603 1449 81 20 mogen.
714 1443 31 22 Af
758 1444 36 21 det
810 1443 74 25 skälet,
900 1444 46 21 icke
961 1443 25 22 af

160 1471 66 27 nägot
241 1475 64 18 annat
320 1477 62 15 anser
394 1471 43 26 jag,
454 1473 32 19 att
500 1471 152 28 inbjudningen
668 1472 38 21 bör
722 1471 64 23 afsläs
802 1473 40 21 och
858 1474 31 19 att
904 1475 80 24 preste-

160 1500 86 22 ständet
261 1500 66 21 borde
342 1499 94 23 vidhälla
452 1500 38 21 sitt
505 1500 58 22 förra
580 1501 75 21 beslut.
