1103 1784
345 128 159 17 Presteståndet
516 128 51 17 1877.
591 128 13 16 2
616 128 114 17 november.
845 122 52 21 1907

111 196 76 22 endast
209 202 75 21 genom
306 197 108 26 uttrycket
437 196 94 29 ,bilägge
554 197 72 26 intyg"
650 196 6 21 i
678 196 72 22 stället
771 196 33 21 för
827 214 9 8 ,
841 196 92 27 styrke".

110 223 114 23 Skilnaden
246 227 23 18 är
285 225 32 20 väl
333 225 46 21 icke
394 226 50 24 stor,
461 231 46 15 men
524 225 26 21 då
565 225 177 26 borgareståndet
757 225 81 21 biträdt
853 231 81 15 samma

109 253 62 26 åsigt,
193 253 67 21 skulle
281 253 35 26 jag
336 253 78 21 föreslå
434 253 39 21 den
489 253 117 27 Kejserliga
622 253 169 27 propositionens
807 253 125 27 antagande.

179 309 90 21 Prosten
291 308 145 22 Helander
458 309 99 21 förenade
578 309 31 26 sig
631 315 33 15 om
681 309 39 21 den
737 309 23 21 af
772 311 86 24 prosten
874 309 59 27 Hjelt

110 337 74 28 gjorda
200 337 166 27 anmärkningen
382 340 56 19 emot
453 340 122 19 momentet.

179 394 88 22 Prosten
283 395 148 26 Dahlberg:
446 395 40 26 Jag
501 395 90 26 begärde
608 395 64 20 också
688 395 59 21 ordet
759 395 6 20 i
777 395 64 26 afsigt
851 396 31 19 att
891 394 41 21 till-

109 423 74 28 styrka
198 424 40 21 den
253 423 118 27 Kejserliga
386 423 156 28 propositionen
558 423 39 21 och
614 423 36 21 det
666 424 27 25 på
702 423 66 27 grund
780 423 22 21 af
812 423 26 21 de
849 423 84 28 mycket

110 452 77 27 vigtiga
203 453 39 20 och
257 452 73 21 starka
344 451 53 28 skäl,
412 458 46 15 som
472 451 67 22 finnas
553 454 108 25 upptagna
672 451 6 22 i
688 453 158 20 reservationen
857 453 23 20 af
888 452 43 27 lag-

111 487 47 15 man
173 481 91 21 Jansson
280 487 46 21 pag.
343 481 33 21 38.

178 537 109 22 Professor.
309 537 158 22 Ehrström:
491 537 70 27 Enligt
584 537 41 21 min
641 537 55 26 äsigt
711 539 23 19 är
750 537 36 22 det
801 537 128 27 fullkomligt

110 566 105 27 likgiltigt,
239 573 35 14 om
297 566 114 21 utskottets
435 566 132 21 betänkande
590 566 50 21 eller
662 565 160 27 propositionen
838 569 94 24 antages.

111 595 57 21 Skall
185 595 38 21 den
239 595 93 21 sökande
348 601 50 15 vara
413 595 82 26 skyldig
510 597 31 19 att
557 595 82 26 bilägga
654 594 58 27 intyg
728 594 32 21 till
774 595 159 20 vederbörande

110 623 152 27 myndigheter,
277 623 24 22 så
322 624 66 21 måste
410 623 57 22 detta
483 623 58 27 intyg
555 623 133 26 naturligtvis
703 623 79 26 styrka,
799 625 32 18 att
848 623 84 27 bolaget

110 651 48 21 låtit
173 653 6 19 i
194 652 48 26 laga
257 653 89 25 ordning
360 651 83 22 anmäla
457 652 32 21 sin
504 651 65 22 firma.
600 652 74 20 Denna
690 652 97 20 anmälan
798 653 39 19 bör
848 652 37 20 ske
894 652 38 20 hos

110 680 55 22 vissa
189 680 151 27 myndigheter,
367 680 96 26 vanligen
488 680 38 22 hos
551 679 145 27 kronofogden
721 680 40 21 och
786 680 145 26 magistraten.

110 709 149 27 Kronofogden
275 709 51 21 eller
341 709 137 26 magistraten
493 711 54 23 veta,
563 709 60 21 hvem
640 709 35 20 det
692 710 22 19 är
730 714 44 16 som
792 714 49 20 eger
857 711 31 19 att
899 711 32 19 ut-

110 738 59 22 färda
193 738 57 21 detta
273 738 68 27 betyg.
372 738 41 21 Det
436 744 59 21 synes
519 738 69 21 derför
607 744 50 14 vara
673 736 87 22 alldeles
776 736 105 28 likgiltigt,
898 744 33 15 om

111 766 35 22 det
161 766 123 22 formuleras
300 768 27 26 på
343 767 35 21 det
394 773 38 15 ena
447 766 52 22 eller
513 767 66 21 andra
593 768 72 19 sättet.

178 824 55 22 Herr
249 824 166 21 talmannen
430 824 121 21 framstälde
566 824 91 26 följande
672 824 142 26 proposition:

179 881 126 22 Godkännes
320 888 63 15 mom.
400 882 11 20 3
427 881 64 27 enligt
502 880 143 23 betänkandet
655 880 143 25 oförändradt,
810 881 51 22 eller
872 880 60 22 icke?

180 911 78 20 Vinner
279 910 39 26 nej,
334 910 39 21 har
387 910 84 21 ståndet
485 910 116 26 föredragit
617 911 39 20 den
672 909 118 27 Kejserliga
805 910 127 27 propositio-

111 945 51 16 nens
179 939 131 27 ordalydelse
324 939 6 20 i
346 939 66 26 sagda
427 941 98 19 moment.

181 996 129 22 Besvarades
326 996 47 21 med
389 996 150 26 öfvervägande
555 996 40 26 nej.

475 1080 63 22 Mom.
555 1082 18 20 4.

179 1138 83 20 Doktor
284 1137 180 21 Nordström:
487 1138 40 26 Jag
543 1137 66 21 skulle
624 1137 7 21 i
646 1136 66 22 likhet
728 1137 47 21 med
791 1137 54 21 hvad
861 1137 6 21 i
883 1138 48 20 bor-

111 1167 136 26 gareståndet
262 1166 38 22 har
315 1165 117 27 föreslagits
447 1165 76 22 föreslå
538 1165 91 27 följande
645 1166 109 21 redaktion
766 1166 21 21 af
795 1166 58 21 detta
862 1172 67 15 mom.:

111 1195 54 27 yDet
179 1195 79 25 åligger
273 1194 156 22 vederbörande
444 1194 145 26 myndigheter
603 1196 32 19 att
649 1194 57 21 inom
721 1194 46 21 åtta
784 1194 71 26 dagar,
879 1195 59 27 efter

112 1224 35 20 det
162 1223 61 21 ofvan
239 1222 102 28 stadgade
356 1222 97 22 anmälan
469 1223 62 23 skett,
547 1222 50 22 derå
611 1222 84 22 utfärda
710 1222 64 26 bevis,
791 1222 59 21 hvari
863 1223 68 21 tillika

111 1252 39 20 bör
173 1251 105 21 meddelas
294 1251 86 27 uppgift,
396 1251 103 21 huruvida
514 1251 39 21 och
568 1252 6 20 i
590 1251 55 21 hvad
662 1251 46 21 mån
725 1251 158 21 föreskrifterna
898 1252 33 20 för

111 1280 65 22 sådan
193 1280 119 27 anmälning
327 1280 126 26 iakttagits".

179 1338 88 20 Prosten
283 1336 86 28 Hjelt:
386 1336 36 21 Uti
437 1336 58 22 detta
511 1337 13 20 4
539 1342 62 16 mom.
613 1336 38 20 har
661 1336 116 21 utskottets
786 1336 78 28 förslag
872 1337 58 21 bort-

111 1366 79 21 lemnat
213 1366 38 20 den
274 1366 66 21 första
361 1365 109 26 meningen
486 1365 6 20 i
508 1365 39 21 den
563 1364 116 27 Kejserliga
694 1365 166 27 propositionen.
890 1365 41 26 Jag

111 1396 45 19 tror
178 1394 70 25 likväl,
272 1396 31 19 att
326 1394 25 20 de
373 1393 51 26 skäl,
445 1400 44 14 som
507 1394 22 20 af
543 1396 133 18 reservanten
692 1393 50 21 herr
756 1394 92 20 Jansson
864 1393 67 21 blifvit

111 1422 93 26 anförda,
220 1424 37 18 äro
273 1422 23 20 så
312 1421 90 26 talande,
417 1422 32 19 att
461 1421 36 26 jag
512 1421 32 20 för
554 1421 42 20 min
605 1420 33 20 del
649 1421 66 20 måste
726 1422 87 26 påyrka,
825 1424 32 18 att
870 1422 60 20 äfven

111 1450 6 21 i
133 1450 58 21 detta
206 1449 36 21 fall
258 1450 39 20 den
313 1449 117 27 Kejserliga
445 1449 157 27 propositionen
617 1448 121 26 föredrages
754 1448 86 22 framför
848 1449 83 21 utskot-

111 1480 42 20 tets
175 1478 138 22 betänkande.
343 1478 56 21 Herr
420 1476 90 22 Jansson
526 1480 61 24 säger
601 1476 114 28 nämligen:
732 1477 120 27 ,borttages
869 1478 39 20 den
923 1478 7 20 i

111 1514 62 16 mom.
189 1508 13 20 4
219 1506 171 28 myndigheterna
401 1505 131 23 förbehållna
542 1506 184 28 pröfningsrätten,
739 1506 41 21 kan
792 1506 23 26 ju
825 1506 106 28 sjelffallet
