1103 1786
201 139 55 21 1910
383 143 160 18 Presteståndet
556 143 53 17 1877.
634 143 12 17 6
659 143 114 17 november.

279 245 141 34 Tisdagen
439 245 55 26 den
512 244 16 27 6
546 245 155 26 November
718 245 39 26 kl.
775 245 27 26 11
819 245 18 26 f.
854 253 35 18 m.

239 308 89 21 Plenum
351 307 107 28 öppnades
480 308 47 21 med
547 307 41 22 bön
604 308 104 21 förrättad
723 308 28 26 på
765 308 90 21 svenska
870 307 86 28 språket
971 308 20 21 af

174 337 76 21 doktor
266 336 132 22 Nordström.

240 394 40 22 Vid
302 396 106 25 uppropet
430 394 140 22 antecknades
594 394 67 22 såsom
678 393 138 23 frånvarande
832 394 76 21 doktor
923 394 68 22 Horn-

171 423 53 27 borg
247 424 47 20 med
314 424 95 21 ståndets
424 423 124 27 begifvande
563 423 39 22 och
617 423 104 27 professor
737 423 62 22 Cleve
815 423 31 21 för
861 423 129 22 fortfarande

172 452 102 27 sjukdom.

240 509 40 21 Till
300 509 103 27 justering
423 509 107 27 upplästes
546 509 94 21 ståndets
656 509 69 21 beslut
740 509 34 22 vid
791 511 82 19 senaste
888 516 103 15 samman-

171 538 81 21 träden.

239 675 119 25 Föredrogs
381 674 38 22 och
441 675 58 21 lades
523 675 30 21 till
576 675 150 26 handlingarna
749 676 68 20 såsom
841 675 44 21 icke
901 675 89 22 föranle-

172 704 68 21 dande
256 703 32 22 till
304 704 67 26 någon
387 703 74 26 åtgärd
478 706 30 19 ett
522 704 194 27 protokollsutdrag
731 704 46 21 från
793 704 146 26 ridderskapet
952 704 38 21 och

172 732 61 22 adeln
250 732 20 21 af
285 732 40 21 den
341 733 25 20 31
384 732 100 26 Oktober,
500 732 146 22 innehällande
662 732 58 22 detta
735 732 74 22 ständs
826 732 68 22 beslut
909 733 6 20 i
930 732 61 28 fråga

172 767 33 15 om
222 767 25 15 en
263 761 76 21 allmän
356 761 177 27 pensionsanstalt
548 762 32 20 för
595 761 143 21 befälhafvare
753 762 39 20 och
807 763 65 19 annat
887 761 76 27 sjöfolk
978 762 13 21 å

173 788 67 22 finska
262 789 157 27 handelsfartyg
441 796 26 14 m.
484 796 26 14 m.
526 792 54 19 samt
596 792 30 19 ett
640 790 196 26 protokollsutdrag
851 790 45 21 från
912 790 78 21 bonde-

171 818 85 20 ståndet
272 818 22 20 af
308 819 39 20 den
363 818 27 21 29
406 818 38 21 och
461 820 24 20 31
504 818 94 22 Oktober
614 819 46 20 med
675 819 92 20 nämnda
782 819 72 21 stånds
869 818 69 22 beslut
954 818 36 21 be-

173 846 101 22 träffande
297 846 243 28 undervisningsspråket
556 847 32 21 vid
604 846 238 22 elementarläroverken
857 849 55 19 samt
926 847 65 21 inrät-

172 876 73 19 tandet
261 874 23 22 af
296 881 41 20 nya
351 875 74 27 lycéer.

240 1012 55 21 Herr
310 1012 154 22 talmannen
478 1013 129 26 meddelade,
624 1015 31 19 att
670 1013 105 26 professor
787 1013 101 21 Forsman
905 1013 85 23 anmält,

172 1042 32 19 att
226 1041 40 20 han
289 1041 6 21 i
318 1041 50 26 följd
391 1041 22 21 af
430 1043 74 24 trägna
524 1042 93 26 göromål
634 1047 49 16 vore
698 1041 123 22 förhindrad
837 1044 31 19 att
883 1042 108 21 öfvervara

172 1069 78 26 dagens
265 1070 161 26 sammanträde,
442 1070 39 21 och
496 1071 36 25 gaf
546 1070 83 21 ståndet
644 1070 71 21 härtill
730 1071 37 20 sitt
783 1069 65 22 bifall.

240 1210 119 28 Föredrogs
374 1211 30 21 till
421 1211 85 21 fortsatt
521 1212 125 27 behandling
661 1214 150 19 sammansatta
827 1212 43 27 lag-
886 1212 38 21 och
941 1212 48 22 eko-

172 1240 173 21 nomiutskottets
361 1240 133 22 betänkande
509 1241 6 20 i
531 1241 112 27 anledning
658 1241 21 21 af
693 1241 76 26 nådiga
785 1241 155 28 propositionen
953 1248 36 15 an-

171 1269 80 26 gående
266 1267 121 28 förordning
403 1275 30 14 om
449 1269 131 26 näringarna.

558 1355 12 25 8
586 1355 18 20 3.

536 1411 62 21 Mom.
616 1411 18 21 1.

239 1468 90 21 Prosten
351 1468 89 26 Hjelt:
462 1468 44 21 Här
527 1468 79 21 tillåter
628 1468 155 28 lagstiftningen
799 1469 75 21 hustru
889 1472 38 21 att,
943 1470 48 21 med

171 1496 32 22 sin
224 1502 60 16 mans
306 1496 131 27 begifvande,
460 1496 94 22 bedrifva
576 1496 135 29 näringsyrke
733 1498 67 21 under
820 1498 35 22 det
870 1498 73 27 vilkor,
959 1500 32 20 att

172 1531 89 15 mannen
277 1531 100 16 ansvarar
393 1525 32 22 för
439 1525 26 28 de
480 1525 142 27 förbindelser,
639 1532 45 15 som
699 1526 6 21 i
721 1526 38 22 och
775 1527 32 21 för
822 1526 103 23 rörelsens
936 1527 54 22 skull
