1103 1798
341 136 158 18 Presteståndet
511 136 65 27 1877.
576 129 8 38 ,
587 136 26 17 27
624 136 114 18 november.
863 129 55 22 2245

192 205 82 22 Vinner
296 206 41 27 nej,
360 205 39 22 har
421 206 91 23 ståndet,
530 193 48 42 mell
594 205 112 28 afböjande
721 205 21 22 af
756 205 92 21 berörda
863 204 83 27 inbjud-

124 235 81 27 ningar,
220 235 57 21 velat
291 234 101 22 vidblifva
407 235 36 21 sitt
457 235 58 21 förut
530 235 80 21 fattade
625 235 70 20 beslut
709 235 7 20 i
731 234 81 26 frågan.

192 291 131 22 Besvarades
339 291 47 21 med
404 292 25 20 14
441 291 23 27 ja
479 291 40 21 och
535 292 23 20 19
572 280 46 38 nej.

192 348 98 22 Börande
310 348 196 27 protokollsutdrag
524 338 50 31 med
586 347 154 22 underrättelse
755 353 34 15 om
804 347 96 22 ständets
915 353 29 15 nu

124 377 81 23 fattade
226 377 70 21 beslut
316 377 48 27 afgå
383 377 54 21 både
452 376 32 22 till
499 377 67 27 bägge
582 376 61 22 dessa
657 377 62 21 stånd
735 375 39 22 och
790 375 154 22 bondeståndet

124 406 107 22 äfvensom
248 406 32 21 till
296 405 146 28 lagutskottet.

194 533 55 21 Herr
265 532 146 22 talmannen
427 532 123 21 meddelade
566 534 31 19 att
612 532 7 21 i
635 531 229 22 talmanskonferensen
874 531 71 22 beslu-

124 563 50 24 tats,
190 563 33 19 att
237 561 63 26 plena
315 561 61 21 skola
391 560 68 22 hållas
474 561 8 21 i
496 560 93 27 torsdag,
604 560 73 27 fredag
693 560 38 21 och
747 559 75 27 lördag
837 559 106 22 äfvensom

125 596 34 15 om
175 589 124 27 måndagen.

193 751 120 26 Föredrogs
340 750 32 22 för
395 753 31 19 att
448 751 6 21 i
477 753 31 19 ett
531 751 151 26 sammanhang
703 749 32 22 till
757 750 128 27 granskning
905 750 39 21 och

125 779 114 28 afgörande
262 780 115 26 företagas:
401 781 32 20 1:0
454 780 217 27 jernvägsutskottets
694 779 134 21 betänkande
848 779 40 21 N:o
911 779 34 20 1i

125 809 113 26 anledning
253 809 22 21 af
289 809 25 20 H.
331 809 24 21 K.
372 809 50 21 M:ts
437 809 77 32 nådiga
528 809 133 27 proposition
676 809 47 20 med
739 809 79 26 förslag
833 808 32 21 till
880 809 64 20 stam-

125 837 91 22 bansnät
237 837 34 22 för
287 837 140 27 jernvägarne
446 838 6 21 i
467 837 96 26 Finland,
580 837 79 22 hvilket
674 837 134 21 betänkande
823 837 64 20 sedan
904 836 41 21 den

125 867 27 21 22
174 865 95 22 sistlidne
291 866 44 26 Maj
357 865 22 22 af
393 866 40 21 den
448 866 8 21 i
471 851 129 46 protokollet
615 866 32 21 för
663 872 80 15 samma
758 865 41 26 dag
814 865 131 22 antecknade

125 897 63 19 orsak
207 895 55 21 varit
277 894 119 27 bordlagdt,
413 895 38 21 och
467 898 33 18 2:o
515 895 93 21 nämnda
623 895 93 21 utskotts
731 894 120 22 sedermera
866 893 79 27 afgifna

125 924 134 22 betänkande
285 924 41 21 N:o
346 911 19 34 3
381 924 90 21 rörande
496 923 104 23 särskilda
616 923 186 27 undersökningar,
816 929 46 15 som
877 922 68 22 blifvit

125 953 32 21 till
173 952 116 22 utskottets
302 952 133 28 ompröfning
452 953 126 27 hänskjutna
590 953 39 21 och
639 952 55 27 angå
704 952 153 28 högstberörda
868 952 77 26 nådiga

125 982 137 26 proposition.

194 1038 152 22 Diskussionen
362 1038 93 22 inleddes
471 1038 21 22 af

193 1096 89 21 Prosten
299 1096 141 28 Grönberg,
468 1103 45 15 som
540 1097 94 27 yttrade:
671 1096 112 22 Huruvida
806 1096 113 28 jernvägar
938 1096 7 21 i

124 1126 107 20 närmaste
255 1125 84 21 framtid
362 1125 52 21 böra
437 1126 83 27 byggas,
543 1126 51 21 eller
612 1126 52 25 icke,
679 1125 35 21 vill
728 1125 36 27 jag
780 1125 68 21 lemna
864 1125 81 27 osagdt,

125 1160 47 15 men
188 1154 48 20 med
251 1154 99 21 afseende
365 1154 12 20 å
393 1154 124 21 ständernas
532 1154 56 26 gifna
604 1154 52 21 löfte
672 1160 33 15 om
719 1154 88 26 jernväg
822 1153 47 21 från
882 1154 63 21 Tam-

124 1182 89 22 merfors
228 1182 32 21 till
274 1182 133 21 Nikolaistad
423 1182 36 21 vill
472 1183 36 27 jag
522 1182 122 25 förutsätta,
660 1184 32 19 att
708 1182 59 21 detta
777 1182 51 21 löfte
838 1182 107 21 måhända

123 1211 75 21 infrias
214 1210 39 22 och
268 1212 49 20 med
331 1211 80 27 hänsyn
427 1211 70 21 dertill
512 1213 56 19 emot
578 1217 29 15 nu
617 1211 6 20 i
634 1211 60 27 fråga
706 1211 93 21 varande
810 1211 135 21 betänkande

124 1241 52 25 göra
191 1240 56 20 mina
263 1239 172 27 anmärkningar.
466 1240 41 21 Det
522 1246 61 21 synes
598 1240 43 26 mig
656 1240 111 26 nämligen,
784 1246 44 14 som
844 1246 33 14 om
886 1239 57 28 jern-

123 1269 158 26 vägsutskottet
300 1269 54 20 hade
373 1269 45 20 från
434 1269 140 26 premisserna
590 1269 69 26 dragit
675 1275 25 14 en
715 1275 42 20 nog
772 1268 105 27 oegentlig
892 1268 52 21 slut-

124 1299 51 25 sats,
199 1297 19 21 d.
241 1303 18 14 v.
283 1303 14 16 s.
322 1298 6 20 i
343 1297 73 27 frågan
433 1303 32 15 om
481 1298 105 21 huruvida
603 1297 68 21 denna
684 1297 88 27 jernväg
787 1297 66 21 borde
869 1297 75 27 dragas

123 1328 71 19 vester
209 1325 52 22 eller
276 1328 93 19 österom
385 1325 111 27 Näsijärvi.
520 1326 111 22 Utskottet
646 1326 38 21 har
699 1326 22 21 af
734 1326 211 27 undersökningarna

123 1355 110 25 inhemtat,
255 1357 31 19 att
302 1355 121 22 densamma
439 1357 104 19 vesterom
558 1355 105 26 Näsijärvi
678 1354 69 21 blefve
762 1355 66 26 några
848 1355 97 26 miljoner

123 1383 104 27 billigare,
250 1389 48 16 men
320 1383 95 22 kommer
438 1384 80 21 ändock
542 1384 31 21 till
596 1384 40 20 den
660 1383 93 26 slutsats,
775 1385 32 19 att
822 1383 40 22 den
878 1383 65 22 borde

124 1412 76 25 dragas
223 1414 92 19 österom
338 1413 65 25 sagda
420 1413 130 25 vattendrag.
580 1412 73 25 Några
667 1413 120 25 yttranden,
803 1411 72 22 hvilka
889 1412 56 21 före-

123 1439 51 21 falla
195 1439 43 26 mig
261 1439 99 26 temligen
383 1439 79 26 oklara,
485 1439 82 22 inflikas
589 1439 33 21 till
640 1439 48 21 stöd
702 1439 78 26 härför,
795 1439 69 21 såsom
880 1441 15 18 t.
911 1445 32 15 ex.

123 1467 178 26 förutsättningen
313 1473 34 15 om
364 1473 25 15 en
405 1468 67 20 större
488 1467 71 26 odling
573 1468 28 26 på
616 1467 41 21 den
672 1469 58 19 östra
745 1467 67 26 sidan,
828 1469 27 19 än
865 1467 27 27 på
903 1467 40 21 den

123 1498 76 19 vestra.
230 1495 40 28 Jag
293 1496 38 21 ber
353 1497 33 20 att
407 1495 22 21 få
450 1495 110 22 framhålla
580 1495 186 26 omständigheter,
787 1495 47 22 dem
846 1495 37 27 jag
899 1495 45 22 dels

123 1524 50 28 sjelf
185 1525 87 27 känner,
287 1524 45 22 dels
347 1524 23 22 af
383 1524 66 21 andra
463 1524 40 21 har
517 1524 41 22 fått
574 1524 100 21 inhemta.
701 1523 75 23 Denna
791 1523 49 28 linje
855 1524 7 21 i
877 1523 65 28 fråga,
