1106 1795
209 141 55 20 2224
379 145 158 17 Presteständet
551 146 54 16 1877.
629 145 26 17 24
668 145 114 17 november.

178 213 66 21 motiv
267 213 39 21 har
328 213 116 21 framhällit
467 213 68 21 säsom
552 219 24 15 en
593 213 69 24 orsak,
678 213 87 20 hvarför
779 213 19 26 ej
815 213 25 20 de
856 219 27 14 nu
899 212 23 21 af
936 219 58 20 rege-

177 242 74 26 ringen
266 242 125 20 utarbetade
407 241 140 27 lagförslagen
563 241 60 21 alltid
636 241 21 21 af
666 241 114 21 ständerna
790 242 71 20 kunna
871 241 124 27 obetingadt

176 273 96 24 antagas,
292 272 39 25 gör
352 271 42 25 mig
414 270 115 27 tvehogsen
551 272 31 19 att
604 270 47 21 med
666 270 43 20 min
723 272 45 19 röst
784 270 87 25 bidraga
887 271 34 20 till
937 270 57 21 detta

178 299 144 20 betänkandes
338 299 123 26 antagande.

246 355 109 22 Professor
377 355 148 22 Forsman:
551 356 32 21 Då
603 356 36 27 jag
658 358 36 23 tog
710 356 40 26 mig
767 355 89 22 friheten
872 357 31 19 att
919 357 76 20 nämna

177 385 56 20 hvad
249 385 68 26 nägon
333 384 21 21 af
364 387 195 24 representanterne
569 385 33 21 för
613 385 38 20 den
661 384 102 27 juridiska
774 384 121 27 bildningen
907 385 6 20 i
924 385 71 20 landet

178 414 68 20 under
268 413 138 27 jandtdagens
429 413 48 27 lopp
500 413 54 22 hade
575 415 68 26 yttrat
663 419 32 16 om
711 413 32 21 sin
759 413 174 22 tillfredställelse
949 414 46 21 med

178 443 167 26 lagskipningen,
361 442 72 26 sädan,
449 449 45 14 som
511 443 39 21 den
565 443 32 20 för
613 443 129 20 närvarande
758 444 29 23 är,
799 442 78 20 skedde
887 442 35 21 det
933 443 18 25 ej
963 442 32 21 för

176 474 34 18 att
232 471 86 21 dermed
341 471 71 21 bevisa
435 471 64 26 något
521 474 70 22 annat,
612 473 26 18 än
659 471 39 21 den
715 471 92 25 slutsats,
824 477 44 15 som
883 470 36 26 jag
934 470 61 22 äfven

177 500 60 26 drog,
261 502 31 18 att
315 499 74 21 herrar
409 500 86 26 jurister
514 502 93 19 svärmat
628 499 33 21 för
676 499 41 21 alla
739 500 66 20 andra
820 499 102 21 reformer
937 502 57 18 utom

178 528 34 21 för
233 528 45 25 den,
297 534 44 15 som
357 528 66 21 folket
438 528 23 21 af
475 529 47 20 dem
538 530 80 19 väntar.
648 528 49 21 Med
713 530 30 18 ett
759 528 46 21 ord:
829 528 36 26 jag
881 534 67 20 anser,
964 531 31 18 att

178 558 6 20 i
200 557 59 21 detta
274 556 120 22 hänseende
409 556 53 21 låter
477 558 96 25 tillämpa
588 558 32 26 sig
631 557 39 20 den
682 557 91 20 bekanta
784 556 109 26 liknelsen,
905 559 32 19 att
947 563 48 15 man

177 586 52 20 silar
250 592 62 20 mygg
328 586 39 20 och
382 586 76 26 sväljer
473 586 98 20 kameler.
601 585 62 21 Hvad
679 586 39 20 den
734 586 51 20 sista
801 585 60 21 delen
877 585 24 21 af
914 586 81 20 utskot-

178 615 42 20 tets
243 614 78 26 förslag
336 614 72 26 angär,
424 620 44 14 som
483 614 106 26 professor
604 614 111 20 Ehrström
731 613 38 21 har
785 616 68 18 ansett
869 615 70 19 kunna
955 614 40 20 för-

176 648 82 20 svaras,
271 642 65 21 ehuru
353 643 41 20 han
409 642 32 21 för
457 643 31 20 sin
504 644 34 20 del
553 643 60 20 äfven
630 642 102 21 förklarat
747 642 38 27 sig,
799 642 71 21 kunna
881 642 73 21 förena
965 643 30 25 sig

179 671 47 21 med
242 673 164 23 reservanterne,
423 672 67 20 mäste
504 672 35 26 jag
555 673 56 25 säga,
625 674 31 18 att
665 672 36 26 jag
712 671 42 21 kan
765 671 73 21 förena
848 672 44 26 mig
903 671 92 21 hvarken

177 706 35 15 om
228 699 100 27 förslaget
344 700 50 21 eller
409 700 47 20 med
472 702 164 19 reservanterne.
661 700 41 20 Det
717 702 24 18 är
753 700 45 26 just
814 700 38 20 den
868 700 127 26 omständig-

178 729 70 23 heten,
270 735 44 15 som
336 728 22 21 af
378 728 107 28 professor
507 730 110 20 Ehrström
639 728 125 27 päpekades,
779 729 105 25 nämligen
900 731 32 18 att
947 735 47 15 man

178 764 75 19 genom
277 758 68 20 denna
368 758 141 25 organisation
532 757 67 22 skulle
619 758 84 20 komma
724 759 31 19 att
771 758 102 20 definitivt
888 759 53 25 göra
956 758 38 21 den

177 786 69 20 finska
262 786 106 26 lagtexten
384 786 32 20 till
431 792 25 14 en
473 786 158 26 öfversättning,
646 786 31 20 för
692 786 80 20 hvilket
788 786 39 20 den
842 786 68 26 aldrig
920 786 75 21 hittills

178 814 120 27 egentligen
321 817 86 22 ansetts,
431 821 43 14 som
495 816 37 26 jag
554 821 61 14 anser
637 815 80 26 ganska
738 814 115 27 betänklie,
872 815 39 20 och
926 817 32 19 att
973 815 23 21 sä

178 843 108 25 verkligen
309 844 23 19 är
355 843 109 26 meningen
487 844 46 20 med
555 843 150 23 betänkandet,
727 842 66 22 finner
814 849 48 15 man
884 843 65 25 deraf,
965 847 31 17 att

178 872 76 20 medan
270 872 104 20 utskottet
390 872 96 20 förordar
501 872 101 26 förslaget
617 872 6 20 i
639 871 116 21 allmänhet
769 872 28 26 på
809 872 67 26 grund
887 872 66 25 deraf,
965 875 31 18 att

178 906 49 14 man
250 899 68 21 skulle
340 899 79 21 erhålla
440 900 128 21 kontinuitet
587 899 38 21 och
640 900 152 26 sammanhang
806 900 7 20 i
829 899 166 27 lagstiftningen,

179 928 89 21 föreslår
284 929 35 20 det
334 928 7 20 i
356 928 99 21 afseende
471 929 11 20 å
499 929 34 20 det
549 929 22 20 så
582 928 85 21 kallade
677 929 66 20 andra
753 929 110 20 inhemska
873 929 86 25 språket
970 941 26 2 —

178 957 83 20 läsaren
284 957 80 20 lemnas
388 957 6 20 i
413 957 93 20 ovisshet
521 963 34 15 om
571 957 103 20 huruvida
689 957 35 20 det
740 963 71 14 menas
827 957 103 21 svenskan
945 957 51 21 eller

177 985 83 21 finskan
275 998 28 2 —
319 988 46 21 ,att
387 986 113 20 ständerna
520 986 78 26 jemväl
621 985 68 21 skulle
704 985 69 22 såsom
789 986 31 20 sin
837 986 80 20 önskan
933 986 62 20 fram-

179 1014 57 21 hålla
258 1016 32 19 att
311 1014 65 25 sagda
398 1015 79 20 komité
493 1014 53 27 finge
563 1015 30 26 sig
609 1014 72 27 ålagdt
696 1017 38 22 att,
750 1015 27 26 på
792 1017 42 19 sätt
849 1015 5 20 i
871 1014 72 27 hvarje
959 1015 36 20 fall

178 1043 119 26 lämpligast
312 1045 78 24 syntes,
407 1044 65 25 draga
486 1043 84 27 försorg
585 1049 33 14 om
635 1046 30 18 att
681 1046 70 18 texten
767 1043 33 20 till
816 1044 25 20 de
856 1043 85 26 förslag,
951 1050 44 14 som

178 1072 54 20 varit
248 1071 89 22 föremål
352 1071 34 21 för
402 1072 46 20 dess
465 1072 133 27 behandling,
614 1072 75 21 varder
704 1072 26 26 på
746 1073 36 20 det
797 1073 66 20 andra
878 1071 21 21 af
913 1073 82 20 landets

179 1100 55 20 båda
256 1101 63 25 språk
342 1100 87 21 affattad
453 1100 4 21 i
481 1107 25 14 en
529 1101 48 20 fullt
599 1100 195 21 tillfredsställande
816 1101 75 24 form,"
910 1101 19 20 d.
945 1107 18 14 v.
979 1107 16 14 s.

178 1129 96 22 sålunda,
290 1131 32 19 att
337 1135 47 15 man
400 1133 59 23 tager
476 1129 38 21 den
531 1136 39 14 ena
585 1129 81 27 gången
683 1129 39 21 den
738 1136 39 14 ena
793 1129 152 22 öfversättaren
957 1129 38 21 och

178 1158 41 20 den
243 1157 65 21 andra
331 1158 81 26 gången
434 1158 39 20 den
492 1158 71 25 andra,
580 1158 38 21 och
634 1158 88 20 sålunda
738 1158 31 21 får
785 1161 31 18 ett
831 1157 95 22 miztum
941 1165 56 14 com-

175 1186 106 27 positum,
303 1186 76 21 hvaraf
397 1186 20 21 vi
433 1186 57 20 förut
505 1186 63 20 hafva
584 1186 124 27 tillräckligt
723 1193 42 20 nog
780 1186 33 21 för
829 1187 25 20 de
870 1186 68 21 finska
954 1187 44 25 lag-

179 1216 102 22 texterna,
297 1217 50 18 utan
364 1217 32 17 att
411 1214 89 21 behöfva
516 1215 71 20 derför
598 1220 25 15 en
634 1215 77 26 speciel
723 1216 210 26 beredningskomité.
959 1215 40 27 Jag

178 1248 68 20 anser,
271 1245 31 18 att
318 1243 6 20 i
341 1244 59 19 detta
422 1243 118 21 hänseende
561 1243 94 21 komitén
671 1244 94 20 kommer
781 1245 31 19 att
827 1250 51 14 vara
893 1244 106 20 bestämdt

179 1271 32 21 till
236 1271 65 21 skada
324 1272 40 20 och
383 1272 95 20 kommer
493 1272 101 20 särskildt
610 1274 31 19 att
657 1272 97 20 nedsätta
769 1273 36 20 det
820 1272 67 21 finska
903 1273 95 25 språkets

178 1299 101 27 ställning
302 1300 83 21 utöfver
408 1300 55 20 hvad
486 1300 35 21 det
536 1300 39 21 har
589 1300 54 21 varit
659 1300 81 21 hittills.
770 1300 49 22 Men
835 1301 83 21 oafsedt
933 1301 64 24 deita,

178 1334 63 15 anser
254 1328 37 25 jag
307 1328 35 21 det
356 1335 51 13 vara
422 1329 23 19 af
459 1330 114 19 ständerna
589 1329 98 24 temligen
703 1330 86 24 onödigt
805 1332 30 17 att
852 1330 103 25 bekymra
967 1330 32 25 sig

180 1362 32 14 om
236 1362 25 14 en
284 1356 45 25 sak,
350 1362 50 19 som,
420 1356 43 21 ifall
480 1357 39 20 den
535 1356 94 21 befinnes
644 1356 22 20 af
681 1357 101 26 styrelsen
799 1363 50 14 vara
865 1360 30 17 ett
911 1357 87 26 verkligt

179 1383 70 27 behof,
272 1384 33 20 väl
328 1384 22 20 af
371 1385 102 25 styrelsen
493 1384 66 21 finner
575 1384 126 27 lämpligast,
717 1385 108 26 afhjelpas.
856 1385 39 27 Jag
911 1388 45 18 tror
973 1385 24 26 ej,

179 1415 33 18 att
234 1412 36 21 det
292 1413 72 20 tillhör
380 1414 114 20 ständerra
509 1416 32 18 att
556 1416 49 23 taga
620 1414 56 26 uppå
691 1414 30 26 sig
737 1417 97 18 ansvaret
850 1414 32 21 för
898 1421 25 14 en
940 1415 59 20 insti-

180 1441 76 26 tution,
272 1448 34 15 om
323 1442 61 21 hvars
400 1445 59 24 nytta
474 1443 137 26 meningarna
626 1442 87 21 alldeies
729 1442 46 21 icke
790 1443 63 21 hafva
865 1443 84 22 klarnat
960 1443 39 21 och

179 1470 85 22 hvilken
284 1471 121 21 institution
421 1471 7 21 i
443 1471 26 21 de
484 1470 61 22 flesta
561 1471 36 20 fall
613 1473 24 19 är
652 1471 31 20 till
699 1472 36 20 sitt
750 1479 54 20 gagn
821 1473 79 26 ganska
915 1473 82 26 proble-

179 1499 85 21 matisk.
294 1500 40 26 Jag
349 1500 67 21 skulle
432 1499 70 22 derför
517 1501 64 20 redan
597 1500 23 21 af
634 1501 35 20 det
684 1501 73 26 skälet,
773 1505 32 18 att
821 1501 35 21 det
869 1503 23 19 är
902 1501 97 22 fullkom-
