1103 1792
312 126 159 19 Presteståndet
484 128 54 17 1877.
565 128 24 17 10
601 129 115 17 november.
841 124 56 21 2047

106 195 52 27 visa,
181 197 32 20 att
234 196 40 21 den
297 196 95 27 stigande
414 195 168 29 folkbildningen
600 196 54 22 skall
673 203 99 21 reparera
790 198 80 21 skadan
885 198 41 22 och

107 226 52 24 göra
174 224 38 21 allt
226 225 52 26 godt
292 224 55 27 igen,
362 224 39 22 och
417 226 66 20 under
498 226 40 21 den
549 226 178 26 förutsättningen
739 226 55 22 låter
804 232 47 16 man
862 226 64 22 brän-

105 252 58 22 vinet
177 252 56 22 flöda
248 254 6 20 i
269 254 66 21 sådan
351 254 110 26 qvantitet,
484 256 32 19 att
538 254 36 21 det
595 254 122 22 motverkar
739 255 39 21 och
801 255 127 27 omöjliggör

107 280 40 21 den
170 280 133 27 förbättring,
326 288 49 14 man
397 281 69 22 skulle
486 283 72 20 önska.
588 282 42 21 Det
652 284 23 19 är
695 283 88 21 alldeles
797 283 82 26 fåfängt
893 286 35 19 att

105 309 45 22 tala
165 315 34 15 om
215 316 25 14 en
256 309 95 27 stigande
365 309 179 28 folkupplysning,
566 316 34 16 om
620 317 47 14 man
689 310 46 22 icke
750 314 61 23 tager
826 311 48 21 bort
888 312 40 21 det

106 338 63 25 onda,
183 343 45 16 som
244 339 6 20 i
266 340 95 19 rötterna
376 344 80 22 gnagar
471 338 27 22 all
514 339 257 28 folkupplysningsbrådd.
800 340 42 26 Jag
856 339 69 22 skulle

105 366 84 21 derföre
209 367 131 21 fortfarande
361 367 54 27 yrka
434 367 34 27 på,
490 370 32 19 att
544 368 114 26 någonting
680 368 69 21 skulle
770 368 96 27 tillgöras
884 369 41 21 och

105 401 68 21 anser,
188 397 32 20 att
235 402 26 15 en
276 395 140 28 begränsning
428 397 22 20 af
463 396 100 27 beloppet
579 397 33 21 väl
627 397 54 21 låter
695 399 52 25 göra
762 397 32 27 sig
806 397 39 21 och
855 397 69 22 måste

105 424 45 21 låta
164 425 52 25 göra
231 425 37 26 sig,
292 425 26 21 då
337 424 76 22 sådant
435 425 64 21 redan
521 425 66 21 blifvit
609 425 88 25 försökt,
718 425 21 22 d.
755 432 19 14 v.
789 432 16 15 s.
822 432 49 15 man
886 426 40 21 har

105 453 50 25 förr,
180 453 66 21 under
268 453 294 28 husbehofsbränningstiden,
583 454 89 21 kommit
693 454 32 22 till
747 456 58 20 rätta
824 454 48 22 med
893 457 33 19 ett

106 481 82 21 mindre
204 483 108 25 qvantum.
334 481 34 22 Då
383 482 36 21 det
431 482 24 21 af
467 485 87 24 prosten
569 483 104 26 Bergroth
689 483 119 27 föreslagna
823 486 101 24 qvantum

104 510 46 21 icke
171 511 131 26 synnerligen
325 511 124 22 inskränker
472 512 35 21 det
529 512 121 21 nuvarande
671 512 256 27 tillverkningsbeloppet,

104 539 68 21 skulle
186 539 36 27 jag
237 539 84 25 föreslå,
340 542 32 19 att
387 540 84 21 ståndet
491 541 67 20 skulle
573 541 73 21 förena
661 541 31 26 sig
707 547 34 15 om
756 543 88 25 prosten
859 541 66 27 Berg-

105 568 60 21 roths
180 568 95 26 petition.

174 625 110 22 Professor
305 626 173 21 Ehrström:
508 627 66 26 Ingen
596 626 42 21 kan
660 627 133 26 naturligtvis
813 627 60 25 neka,
892 628 34 20 att

104 654 47 21 icke
166 655 110 21 bränvinet
292 654 156 22 åstadkommer
464 654 98 27 ofantligt
576 655 84 26 mycket
675 656 58 24 ondt,
752 655 39 21 och
807 655 26 21 de
848 656 78 26 många

104 685 75 24 röster,
195 689 45 15 som
256 683 50 27 höja
320 683 31 26 sig
366 686 45 19 mot
426 684 59 21 detta
500 683 56 22 onda
571 683 39 22 och
626 684 72 26 önska,
713 685 33 20 att
756 683 7 22 i
773 684 151 27 lagstiftnings-

104 714 41 24 väg
160 712 64 27 något
239 712 54 21 skall
308 714 63 24 göras
386 712 32 21 till
435 713 46 20 dess
496 712 128 27 afvärjande,
642 712 91 27 förtjena
748 713 133 26 naturligtvis
896 713 29 27 på

105 740 36 22 det
157 741 75 26 högsta
247 743 33 18 att
295 741 70 21 höras.
395 741 48 21 Men
466 741 36 21 det
524 741 61 21 torde
603 741 60 21 äfven
679 741 91 26 förtjena
785 741 138 25 undersökas,

104 769 104 22 huruvida
230 769 156 28 lagstiftningen
409 770 108 27 verkligen
539 770 41 21 kan
603 770 136 21 åtadkomma
757 770 65 26 något
840 770 84 21 sådant.

104 798 211 22 Ekonomiutskottet
336 798 39 21 har
397 799 45 21 icke
464 798 70 21 inlåtit
556 799 32 26 sig
602 798 28 27 på
644 805 25 14 en
686 798 57 28 dylik
758 799 166 26 undersökning.

103 827 41 26 Jag
167 827 73 26 tycker
256 827 32 21 för
304 827 41 21 min
361 827 40 27 del,
419 829 32 20 att
472 827 104 22 utskottet
590 827 40 22 har
644 827 53 27 tagit
713 827 63 22 saken
793 829 80 24 ganska
888 827 35 21 be-

103 855 80 22 kvämt.
208 855 42 22 Det
264 856 55 21 hade
336 856 48 21 bort
399 862 49 15 vara
464 856 116 21 utskottets
594 855 119 28 skyldighet
728 859 32 18 att
775 856 64 27 något
850 857 73 20 derom

105 885 51 20 orda
171 885 6 20 i
193 885 71 20 stället
279 884 33 21 för
327 886 31 19 att
373 884 44 20 helt
440 885 94 25 negativt
555 884 53 21 rifva
631 884 40 21 ned
695 885 40 21 den
753 891 40 14 ena
807 885 116 26 petitionen

103 913 54 21 efter
174 913 40 21 den
230 913 72 21 andra.
328 912 49 22 Men
390 912 36 28 jag
441 915 46 19 tror
502 913 52 26 icke,
570 914 32 20 att
616 913 157 26 presteständet
788 912 39 22 här
841 914 7 20 i
865 913 60 21 detta

102 947 46 15 rum
165 941 41 21 kan
222 948 74 20 genom
313 944 32 19 att
361 941 72 21 förena
455 941 31 27 sig
509 948 33 15 om
558 941 40 21 den
614 948 39 14 ena
668 941 51 22 eller
734 942 40 20 den
790 942 67 20 andra
871 942 53 26 peti-

102 970 72 21 tionen
185 973 49 24 taga
250 970 51 21 reda
316 970 33 27 pä,
365 970 54 21 hvad
435 969 157 27 lagstiftningen
602 970 7 21 i
620 970 59 21 detta
689 970 99 21 afseende
799 970 40 21 kan
851 970 72 21 ästad-

102 999 91 21 komma.
222 999 43 21 För
280 999 43 21 min
339 998 34 22 del
389 999 67 21 mäste
469 999 37 26 jag
521 999 52 26 hysa
588 998 83 27 mycket
687 998 71 22 tvifvel
773 1004 41 20 om,
833 1001 32 18 att
879 998 44 27 lag-

102 1027 122 27 stiftningen
240 1028 42 20 kan
298 1029 80 19 uträtta
393 1028 84 26 mycket
492 1027 6 21 i
514 1028 59 20 detta
585 1026 128 26 hänseende;
729 1027 65 26 något
805 1027 65 21 borde
880 1027 41 21 den

102 1056 54 22 dock
178 1056 72 21 kunna
272 1058 87 24 uträtta,
381 1056 39 21 och
442 1056 124 21 ständernas
589 1056 65 21 redan
671 1056 35 21 vid
729 1056 69 21 denna
820 1055 102 27 landtdag

101 1085 79 21 aflätna
194 1085 90 27 petition
299 1092 34 14 om
348 1084 152 28 inskränkning
515 1085 7 20 i
537 1084 132 22 handlandes
681 1084 101 26 rättighet
793 1086 32 20 att
835 1084 86 27 försälja

101 1114 151 26 spritdrycker,
268 1120 61 20 synes
344 1114 51 27 visa,
407 1116 33 18 att
455 1113 61 21 äfven
531 1114 114 20 ständerna
660 1112 32 22 för
708 1114 31 20 sin
755 1113 34 21 del
802 1115 37 19 äro
850 1112 22 22 af
881 1112 41 22 den

102 1142 70 26 tanke,
193 1145 33 18 att
247 1143 65 26 nägot
335 1142 38 21 bör
391 1142 71 21 kunna
480 1144 92 19 uträttas
587 1148 74 20 genom
677 1140 165 28 lagstiftningen.
872 1142 50 20 Men

100 1172 36 26 jag
151 1173 51 24 tror,
217 1173 32 19 att
265 1172 35 21 det
315 1173 24 19 är
355 1171 57 21 svärt
427 1172 32 20 att
474 1171 54 21 efter
538 1177 26 14 en
575 1171 66 21 sädan
652 1170 126 27 diskussion,
791 1176 44 15 som
847 1170 76 26 denna,

102 1202 57 25 säga,
175 1202 32 20 att
222 1200 271 26 bränvinstillverkningens
508 1199 157 21 inskränkande
680 1199 33 21 till
729 1199 41 27 2!/;
785 1199 73 26 miljon
870 1199 52 21 kan-

101 1235 38 15 nor
155 1234 34 16 om
205 1228 46 22 året
266 1230 25 20 är
306 1229 43 26 det,
371 1235 46 15 som
439 1228 157 27 lagstiftningen
618 1230 95 19 närmast
733 1227 39 21 bör
790 1230 57 25 göra.
878 1227 45 21 För

101 1258 43 21 min
160 1258 34 20 del
210 1260 45 18 tror
270 1258 65 22 ocksä
347 1257 43 27 jag,
406 1259 32 19 att
453 1257 37 21 det
504 1259 24 19 är
538 1256 118 27 egentligen
667 1256 66 22 andra
747 1256 76 24 medel,
839 1258 26 19 än
875 1256 46 26 lag-

101 1286 131 28 stiftningen,
254 1292 44 16 som
320 1286 59 21 skola
397 1285 146 22 ästadkomma
558 1286 36 21 det
608 1285 61 27 goda.
699 1285 61 21 Hvad
776 1287 24 19 är
816 1285 57 26 felet,
888 1287 34 19 att

102 1315 112 21 bränvinet
232 1315 157 21 ästadkommer
405 1315 23 21 sä
442 1315 85 27 mycket
542 1314 64 21 ondt?
636 1314 41 21 Det
692 1315 24 19 är
731 1314 134 26 naturligtvis
880 1313 41 21 den

101 1344 114 21 moraliska
230 1344 120 27 svagheten,
365 1343 81 22 bristen
461 1343 27 27 pä
503 1343 95 27 förmäga
613 1344 33 19 att
661 1342 78 22 motstä
747 1342 117 22 frestelsen.
887 1342 34 20 En

99 1372 66 22 sådan
181 1372 95 28 förmåga
291 1373 42 21 kan
347 1372 46 22 icke
408 1372 157 26 lagstiftningen
579 1372 57 26 gifva
651 1372 22 20 ät
692 1371 41 21 den
755 1377 72 21 svage;
850 1370 70 22 dertill

100 1401 101 21 behöfvas
221 1402 67 20 andra
307 1402 74 20 medel.
411 1401 46 21 Här
471 1400 39 22 har
524 1401 64 21 redan
605 1400 68 21 blifvit
687 1400 129 24 framhället,
836 1402 33 18 att
884 1399 37 21 det

100 1430 23 19 är
138 1429 128 26 uppfostran
282 1429 40 21 och
337 1428 128 27 bildningen,
480 1434 44 15 som
540 1428 149 21 företrädesvis
701 1428 60 20 skola
773 1428 148 20 åstadkomma

99 1457 84 21 sädant.
213 1457 31 21 De
259 1457 84 21 bildade
358 1457 120 21 klassernas
493 1456 95 26 förmäga
603 1457 33 19 att
650 1456 79 20 motstä
743 1456 80 20 sädana
837 1454 83 22 frestel-

100 1491 34 16 ser
150 1485 138 22 öfverhufvud
303 1486 64 26 visar,
382 1486 32 20 att
429 1486 36 20 det
478 1484 44 27 just
537 1486 23 19 är
575 1483 128 28 bildningen,
719 1490 45 15 som
779 1484 55 21 skall
849 1482 72 22 ästad-

99 1515 86 21 komma
201 1515 64 21 detta.
296 1513 55 27 Men,
369 1513 70 22 säsom
456 1513 37 28 jag
508 1512 96 27 nämnde,
624 1513 63 26 nägot
703 1513 41 21 kan
759 1512 161 27 lagstiftningen
