1117 1792
335 141 159 17 Presteståndet
508 143 52 17 1877.
584 143 22 16 13
619 143 115 16 november.
857 137 53 20 2081

122 210 50 22 med
192 210 68 21 denna
275 213 113 23 reservant,
405 212 31 19 att
451 210 41 22 han
508 211 66 21 kändt
590 213 31 20 ett
636 211 104 26 oafvisligt
754 211 66 21 behof
833 213 32 19 att
880 212 61 20 utka-

122 241 34 19 sta
178 238 118 22 invektiver
318 242 44 18 mot
384 239 53 25 dem,
453 246 44 14 som
514 240 116 21 framställa
645 240 107 26 yrkanden
767 240 30 20 till
814 239 80 22 förmån
910 239 32 21 för

121 268 42 20 den
187 266 67 22 finska
277 267 155 27 befolkningen,
455 268 38 21 och
515 269 86 20 emedan
623 268 68 21 denna
706 268 52 21 hans
773 268 128 21 reservation
917 270 25 19 är

120 302 28 14 en
170 295 64 22 bland
257 296 53 25 dem,
334 302 45 15 som
401 299 54 18 west
478 297 155 20 karaktärisera
648 297 68 20 denna
732 297 97 25 riktning,
849 297 39 21 har
906 297 36 26 jag

123 324 45 21 icke
184 326 70 19 ansett
270 324 42 27 mig
332 325 70 20 kunna
417 325 69 20 lemna
502 325 38 20 den
556 325 86 21 alldeles
658 325 123 26 ogranskad.
811 325 55 21 Herr
881 325 61 26 Björ-

123 353 96 20 kenheim
247 353 38 25 går
312 353 57 20 öfver
395 353 45 21 från
467 353 71 26 frågan
566 360 33 14 om
624 354 36 20 det
685 353 89 26 speciela
798 353 100 22 behofvet
922 353 22 21 af

123 380 69 21 finska
214 381 215 22 fruntimmersskolor
450 382 32 20 till
498 382 99 21 behofvet
612 382 23 21 af
650 382 216 21 fruntimmersskolor
882 383 5 20 i
904 381 38 21 all-

124 410 92 25 mänhet,
236 409 79 22 hvilket
338 410 40 21 han
400 410 46 21 icke
466 417 61 14 anser
542 417 50 14 vara
607 411 135 26 tillgodosedt
757 411 48 20 med
821 411 25 20 de
862 409 81 28 uppoff-

122 439 78 24 ringar,
225 445 44 15 som
292 441 69 18 staten
384 439 74 21 hittills
481 439 38 20 har
538 439 62 26 gjort,
626 445 36 15 ens
681 439 32 21 för
733 439 39 21 den
795 439 89 21 svenska
907 440 35 21 be-

122 466 134 27 folkningens
274 467 64 21 behof
362 468 5 20 i
394 467 58 22 detta
476 467 126 22 hänseende.
632 468 47 21 Han
706 467 38 26 går
768 468 82 21 således
872 469 72 25 egent-

123 495 55 26 ligen
207 496 44 21 från
276 496 40 20 den
342 496 43 26 sak,
412 497 86 20 hvarom
524 497 140 26 petitionerna
687 496 77 21 handla
787 497 38 20 och
848 497 95 21 kommer

124 525 21 20 in
168 525 26 26 på
218 527 31 19 ett
272 527 63 18 annat
354 525 85 26 kapitel,
456 531 44 15 som
517 525 116 26 egentligen
649 525 67 21 skulle
731 525 61 21 hafva
807 526 52 20 stått
874 526 6 19 i
896 527 46 19 när-

124 559 58 15 mare
204 553 152 26 sammanhang
378 554 46 20 med
445 554 49 20 herr
510 553 139 27 Gripenbergs
664 554 94 26 petition,
774 553 84 22 hvilken
873 554 6 20 i
896 554 47 21 bör-

120 581 38 26 jan
175 581 21 21 af
210 582 127 26 landtdagen
353 581 148 22 behandlades.
526 582 42 21 Det
583 584 24 19 är
623 583 82 26 mycket
720 582 78 26 vanligt
813 583 6 19 i
830 582 42 21 alla
883 583 61 20 dessa

124 609 67 22 finska
214 610 76 26 frågor,
307 613 31 18 att
354 610 32 27 de,
402 617 45 14 som
462 611 46 20 icke
524 611 60 20 hafva
599 612 68 24 någon
684 611 73 21 känsla
772 611 33 20 för
820 611 40 21 den
876 610 68 21 finska

124 638 159 27 befolkningens
300 639 68 24 behof,
384 640 104 25 uppträda
504 640 46 21 med
566 639 40 21 den
622 639 52 21 allra
690 639 170 21 oskuldsfullaste
876 640 42 20 min
937 639 6 20 i

125 667 85 21 verlden
226 668 38 21 och
280 667 99 26 förklara,
396 670 31 18 att
442 669 26 20 de
483 668 19 26 ej
518 668 50 21 höra
584 667 32 21 till
632 668 35 20 det
682 667 56 27 slags
753 667 51 25 folk,
814 674 45 15 som
871 668 73 21 ställer

124 695 32 21 till
172 697 132 25 agitationer,
322 695 18 22 d.
358 702 17 15 v.
393 702 16 15 s.
425 697 47 20 med
488 697 66 20 andra
569 696 45 25 ord,
629 697 25 20 de
670 697 61 20 tacka
746 696 53 25 Gud,
816 699 31 18 att
862 697 26 20 de
898 696 46 21 icke

123 726 38 19 äro
185 725 68 20 såsom
277 725 66 21 andra
366 725 125 20 menniskor.
523 725 29 21 Sä
567 727 60 24 säger
642 725 64 20 också
722 725 48 20 herr
785 725 157 25 Björkenbeim:

125 753 53 26 Jag
201 753 39 21 hör
263 753 45 22 icke
329 753 32 21 till
385 753 53 27 dem,
461 760 45 14 som
522 760 73 20 genom
611 753 74 21 skolan
700 753 49 27 vilja
765 753 66 22 drifva
846 756 30 18 ett
892 753 50 21 visst

122 781 104 27 språkligt
248 783 165 26 partiintresse*.
443 782 41 21 Det
502 783 40 20 kan
559 788 49 15 vara
623 783 83 25 mycket
720 783 113 20 intressant
848 784 32 19 att
895 784 49 19 veta

124 810 32 22 för
179 811 111 21 framtiden
314 811 38 21 och
375 810 33 22 för
428 811 108 25 historien,
559 812 61 20 hvart
635 810 49 22 herr
699 812 145 26 Björkenheim
860 811 45 24 hör,
921 813 23 25 ty

124 840 74 20 derom
220 840 68 21 skulle
310 840 88 26 troligen
422 840 164 26 menskligheten
610 846 76 14 annars
709 840 84 20 komma
816 842 30 19 att
869 839 75 21 lefva
934 835 14 36 i

124 868 98 21 ovisshet.
254 868 42 21 För
318 868 63 26 öfrigt
403 874 72 14 menar
500 868 46 26 han,
562 871 31 18 att
608 868 71 21 skolor
694 868 52 21 böra
761 869 89 20 inrättas
865 868 32 20 för
912 870 32 18 att

125 896 112 27 tillgodose
253 896 204 27 bildningsbehofvet
472 897 5 20 i
493 897 76 21 landet.
586 910 26 2 —
628 897 92 21 Dermed
736 903 71 15 menas
818 910 27 2 —
858 897 35 20 det
906 896 38 21 har

125 926 116 26 begagnats
256 926 6 20 i
278 926 42 21 alla
336 926 60 21 dessa
412 925 117 27 skolfrågor
544 926 69 21 såsom
630 927 30 19 ett
676 925 83 27 slagord
784 938 23 2 —
825 925 119 27 påtagligen

125 954 108 26 ingenting
249 957 70 23 annat,
336 956 26 19 än
378 955 26 21 de
419 954 102 21 bildades,
538 954 18 21 d.
573 961 17 14 v.
607 961 15 14 s.
639 954 164 21 välförståendes
819 955 25 20 de
860 954 84 21 svensk-

124 983 97 21 talandes
245 983 68 21 behof.
344 983 49 21 Men
415 982 49 22 herr
482 983 147 26 Björkenheim
645 982 39 21 har
699 983 63 21 också
777 984 5 19 i
800 983 66 20 denna
886 982 59 26 fråga

124 1012 123 26 ytterligare
269 1012 97 26 tillgripit
380 1012 66 26 några
461 1011 22 21 af
496 1012 26 20 de
537 1012 63 20 redan
616 1012 7 20 i
639 1012 35 20 det
689 1010 125 28 föregående
830 1011 116 21 betänkan-

124 1040 37 21 det
181 1041 123 26 begagnade
327 1040 97 27 temligen
447 1040 87 22 utslitna
557 1046 88 21 vapnen,
669 1042 22 24 ty
714 1040 40 21 han
770 1040 122 21 framhåller
908 1040 38 20 här

125 1070 69 20 såsom
212 1076 24 14 en
252 1069 100 21 särskildt
368 1069 64 27 vigtig
448 1069 162 26 omständighet,
627 1068 120 28 isynnerhet
763 1075 34 19 nu,
814 1069 26 21 då
856 1070 36 19 det
902 1068 42 26 gäl-

126 1098 31 21 ler
180 1098 26 21 de
229 1098 66 22 finska
316 1098 247 24 fruntimmersskolorna,
586 1100 32 19 att
638 1098 25 20 de
678 1097 61 22 skola
753 1100 110 24 uppsättas
879 1113 5 8 ,
886 1096 60 26 efter

125 1133 27 15 en
169 1127 104 26 -godkänd
296 1127 56 26 plan,
371 1126 82 22 hvartill
467 1127 35 27 jag
518 1127 133 26 naturligtvis
666 1132 62 15 anser
743 1126 51 21 höra
810 1126 136 27 bibringande

126 1156 22 20 af
169 1156 94 26 förmåga
286 1158 31 18 att
332 1156 6 20 i
354 1156 30 20 tal
400 1156 38 20 och
454 1155 61 22 skrift
530 1156 94 20 använda
640 1155 82 21 landets
738 1155 54 21 båda
807 1156 69 25 språk,
895 1154 51 21 hvil-

127 1184 40 21 ken
190 1184 94 27 förmåga
308 1186 23 19 är
353 1184 32 21 för
408 1185 39 20 den
470 1184 84 21 bildade
568 1184 90 27 qvionan
674 1184 73 21 liksom
764 1184 32 20 för
810 1190 89 15 mannen
916 1185 31 19 ett

126 1213 106 25 oafvisligt
247 1213 80 21 behof*.
350 1213 64 21 Detta
430 1216 23 18 är
469 1213 62 21 också
547 1216 30 18 ett
592 1213 22 21 af
624 1213 24 21 de
660 1212 134 27 påståenden,
806 1219 44 14 som
862 1213 84 20 kommo

127 1242 53 20 fram
196 1242 35 21 vid
246 1242 72 26 frågan
334 1248 33 15 om
383 1241 67 21 finska
465 1242 101 26 lyceerna.
597 1242 32 20 Då
645 1242 75 20 trodde
736 1247 47 15 man
800 1241 38 21 och
854 1243 36 23 tog
906 1241 41 21 den

128 1270 64 21 saken
208 1270 45 21 från
269 1270 41 21 alla
325 1270 42 21 håll
383 1271 26 25 på
424 1270 66 21 allvar
504 1271 68 20 såsom
588 1276 25 14 en
629 1270 81 26 verklig
720 1270 172 26 behjertansvärd
903 1270 44 24 sak,

128 1299 40 21 och
184 1298 59 22 äfven
257 1299 35 27 jag
308 1298 64 26 ansåg
388 1298 34 21 det
438 1305 49 15 vara
503 1299 82 26 mycket
600 1298 80 26 vigtigt,
696 1301 31 18 att
745 1298 2 20 i
764 1298 26 20 de
800 1298 90 20 svenska
900 1298 48 21 sko-

129 1327 60 21 lorna
211 1327 67 21 skulle
296 1327 32 21 väl
344 1327 122 21 undervisas
481 1327 67 21 finska
564 1327 37 21 och
617 1329 90 19 tvärtom
723 1327 6 20 i
745 1326 67 21 finska
827 1326 71 21 skolor
914 1325 34 22 väl

129 1356 122 21 undervisas
274 1356 97 21 sverska.
401 1356 47 21 Men
470 1357 26 20 då
512 1362 80 15 samma
607 1356 114 25 påstående
736 1363 28 13 nu
780 1355 38 21 här
834 1355 114 20 framkom-

130 1391 50 19 mer,
204 1385 31 20 får
258 1385 35 21 det
317 1391 25 15 en
365 1385 47 20 litet
434 1391 69 14 annan
524 1384 106 27 betydelse
646 1384 39 21 och
701 1384 79 21 blottar
795 1383 59 21 äfven
869 1383 80 26 ganska

129 1413 103 26 betydligt
255 1413 71 25 sjelfva
350 1413 91 20 motiven
465 1414 32 19 för
520 1414 36 19 allt
576 1413 64 21 detta.
671 1413 41 20 Det
727 1415 24 18 är
766 1412 102 25 nämligen
885 1411 64 24 fallet,

129 1443 33 18 att
181 1442 6 19 i
211 1441 25 20 de
258 1441 90 20 svenska
364 1440 242 21 fruntimmersskolorna
622 1439 32 21 för
669 1440 130 20 närvarande
814 1439 81 21 finskan
911 1438 38 21 alls

129 1469 47 20 icke
198 1471 62 24 utgör
283 1470 64 25 något
369 1468 147 26 obligatoriskt
538 1471 65 18 ämne.
634 1468 93 20 Finskan
750 1468 37 20 bar
803 1467 17 26 ej
836 1467 70 20 förrän
923 1467 27 26 på

130 1497 27 21 de
178 1497 52 21 sista
252 1498 82 21 tiderna
358 1503 36 15 ens
416 1497 54 21 varit
492 1499 30 19 ett
545 1497 22 21 af
586 1498 68 19 staten
671 1496 113 21 bekostadt
798 1499 62 18 ämne
874 1495 34 22 vid
925 1495 25 21 de

130 1526 91 21 svenska
243 1525 247 26 fruntimmersskolorna,
510 1525 38 22 och
564 1528 55 19 ännu
634 1525 6 20 i
656 1525 68 20 denna
739 1525 41 26 dag
796 1527 23 19 är
834 1525 36 20 det
885 1524 17 27 ej
920 1525 31 20 ett

849 1563 33 18 132
