1103 1798
199 144 57 21 2004
383 148 159 18 Presteståndet
555 149 53 17 1877.
633 150 14 16 8
658 150 116 16 november.

171 217 48 21 dem
242 216 39 22 och
304 223 61 15 anser
385 216 36 27 jag
442 217 42 26 mig
505 218 28 26 på
555 217 61 22 dessa
637 217 46 21 skäl
705 217 52 21 böra
771 217 73 22 förena
860 218 42 26 mig
916 218 7 20 i
938 218 53 22 hans

170 245 102 27 yrkande,
288 245 63 21 likväl
367 244 87 22 sålunda
469 247 33 19 att
516 246 59 21 detta
589 246 147 26 upphäfvande
751 246 75 25 skulle,
841 247 70 21 såsom
922 247 69 26 åtgär-

172 274 40 22 den
227 274 7 21 i
250 273 68 28 öfrigt,
333 274 38 21 ske
386 273 143 27 provisoriskt,
545 275 24 21 så
584 276 32 20 att
630 274 114 22 ständerna
758 275 7 21 i
780 274 152 27 sammanhang
944 275 47 21 med

170 302 75 28 frågan
260 309 34 15 om
310 302 93 22 definitiv
417 302 157 28 skattläggning
590 303 68 22 skulle
672 305 57 25 yttra
743 304 32 26 sig
791 310 34 15 om
840 304 104 22 huruvida
954 304 37 22 det

171 331 8 21 i
200 331 112 22 framtiden
335 331 68 22 skulle
425 332 23 21 så
470 332 102 26 förblifva,
588 332 52 21 eller
655 332 51 21 icke.
737 332 82 28 Riktigt
834 339 67 21 synes,
918 334 32 20 att
965 332 26 22 då

171 366 49 16 man
242 360 117 28 upphäfver
377 360 117 28 förmånen,
517 368 49 14 man
585 361 61 21 äfven
664 360 39 22 bör
717 361 106 27 upphäfva
838 361 152 28 skyldigheten.

239 418 111 22 Professor
367 418 148 22 Forsman:
545 419 43 21 Det
600 418 39 22 har
653 418 55 22 varit
723 421 32 19 ett
769 419 88 27 misstag
872 419 23 21 af
908 420 83 21 utskot-

170 448 33 20 tet
226 449 32 19 att
279 450 33 19 tro
335 449 40 25 att,
395 447 45 21 ifall
462 448 6 20 i
491 448 68 21 denna
582 448 67 26 punkt
669 448 62 21 dessa
746 448 100 22 socknars
861 448 130 27 förpligtelse

171 476 85 21 komme
280 479 33 18 att
339 476 122 27 upphäfvas,
488 477 26 21 de
535 476 68 22 skulle
628 476 140 22 underkastas
790 477 78 21 allmän
890 478 101 26 rotering.

171 505 75 26 Någon
262 506 93 26 rotering
371 505 60 21 torde
446 505 46 21 icke
507 512 45 14 mer
566 506 84 21 komma
660 508 33 18 att
703 506 113 26 tillämpas,
827 506 65 21 sedan
902 506 89 22 vakans-

170 533 89 26 afgiften
282 533 67 21 blifvit
365 540 26 14 en
404 534 134 26 beskattning
552 534 55 22 blott
622 534 39 21 och
677 534 48 21 bart
740 534 27 27 på
780 534 75 27 jorden
871 535 40 21 och
925 535 8 21 i
948 535 42 21 alla

169 562 38 21 fall
232 562 60 21 torde
318 562 68 22 denna
410 563 94 25 rotering
529 563 46 21 icke
598 563 71 21 kunna
689 563 120 21 utsträckas
830 564 32 20 till
881 564 109 21 Kuusamo

169 590 42 22 och
233 591 128 27 Kuolajärvi,
381 591 71 21 hvilka
467 591 69 22 såsom
552 592 146 26 Lappmarker
713 592 54 21 varit
782 592 95 21 befriade
892 592 97 22 derifrän.

171 619 63 22 Hvad
258 620 25 21 de
304 621 6 20 i
330 620 41 21 alla
387 620 111 21 händelser
513 620 85 21 komma
613 623 32 18 att
660 620 27 27 få,
703 622 24 19 är
743 621 61 21 deras
819 622 62 21 andel
896 622 6 20 i
917 623 74 20 värne-

170 648 81 28 pligten
266 649 39 21 och
321 649 82 21 således
418 649 86 21 komma
515 651 33 19 att
563 650 89 27 bidraga
666 649 49 22 med
730 649 32 22 sin
777 652 76 25 anpart
864 649 31 22 till
907 650 82 23 landets

169 678 89 21 försvar.
289 677 84 28 Frågan
393 677 67 28 gäller
476 679 81 25 endast,
572 679 70 21 såsom
656 678 36 27 jag
706 679 45 21 ofta
765 681 111 26 upprepat,
892 685 34 16 om
942 686 48 15 man

170 706 55 21 skall
248 713 50 16 anse
321 707 36 22 det
379 707 99 27 förenligt
492 707 48 22 med
555 708 89 21 rättvisa
659 708 39 21 och
714 707 96 28 billighet
825 710 32 19 att
872 709 117 26 dekretera,

169 737 34 20 att
226 735 26 22 de
274 736 60 21 skola
353 736 131 21 fortfarande
507 738 75 25 utgöra
605 737 40 21 den
660 737 86 26 vakans,
763 743 44 15 som
824 739 24 19 är
863 744 25 15 en
903 737 52 28 följd
970 738 22 22 af

170 765 38 20 det
222 764 108 26 kontrakt,
345 771 46 15 som
407 771 28 15 nu
450 765 54 21 skall
519 765 125 28 upphäfvas.

238 822 90 22 Prosten
350 823 92 26 Hjelt:
472 822 48 22 Ifall
542 823 114 22 invänarne
671 823 6 21 i
694 823 61 22 dessa
770 826 32 19 tre
817 824 91 21 socknar
923 825 67 21 skulle

170 850 77 22 befrias
269 851 47 21 från
337 852 32 20 sin
392 851 119 28 skyldighet
533 854 31 19 att
587 852 98 26 antingen
708 852 107 27 uppställa
829 853 94 21 soldater
938 853 52 22 eller

171 880 85 26 erlägga
271 880 86 25 vakans,
372 881 24 21 så
411 881 65 21 borde
492 881 26 21 de
533 880 64 22 blifva
611 881 95 27 skyldige
721 881 32 21 till
769 882 70 26 något,
851 881 47 22 från
910 882 80 22 hvilket

170 908 27 22 de
216 908 7 21 i
242 909 39 26 dag
296 909 23 21 af
331 909 84 21 ståndet
431 909 67 21 blifvit
514 909 93 22 befriade
622 910 105 26 nämligen
743 910 125 28 deltagande
882 911 7 21 i
904 911 85 21 kostna-

170 938 66 21 derna
258 938 33 21 för
313 938 35 21 det
363 938 114 26 storskifte,
493 944 45 16 som
554 938 68 22 skulle
637 938 84 26 öfvergå
736 939 155 27 lägenheterna.
922 940 68 22 Dessa

170 966 40 21 har
232 966 54 22 dock
309 967 80 21 kronan
411 968 68 25 åtagit
498 967 32 27 sig
550 968 38 20 och
604 967 81 22 således
700 968 13 21 &
728 968 33 21 sin
775 968 47 22 sida
835 968 67 28 åtagit
917 969 31 26 sig
964 975 25 15 en

168 994 128 28 skyldighet,
312 1002 45 15 som
372 996 46 21 icke
433 996 127 22 tillkommer
575 996 88 22 kronan.

239 1052 76 22 Pastor
330 1053 143 21 Törnudd:
489 1053 64 22 Emot
567 1054 41 21 den
624 1053 22 22 af
658 1055 86 26 prosten
760 1054 58 27 Hjelt
832 1057 71 19 senast
915 1056 75 27 gjorda

169 1081 156 27 invändningen
340 1082 68 21 skulle
420 1082 37 26 jag
472 1082 49 26 vilja
536 1084 57 25 yttra
608 1083 48 25 mig.
685 1083 33 21 Då
733 1083 82 21 kronan
830 1084 97 22 beröfvar
942 1085 47 21 dem

168 1108 52 22 flere
235 1110 96 26 miljoner
345 1110 103 21 tunnland
464 1110 65 27 mark,
545 1117 61 21 synes
621 1111 263 23 storskifteskostnaderna
895 1119 51 15 vara
956 1113 33 21 väl

170 1137 85 23 betalda
270 1138 48 21 med
333 1138 61 22 dessa
409 1139 96 26 miljoner
520 1140 102 21 tunnland
638 1140 66 21 mark.

238 1194 90 22 Prosten
347 1195 154 26 Bergroth:
531 1195 110 22 Utskottet
659 1196 49 21 kom
726 1196 32 21 till
774 1196 40 22 den
831 1197 158 28 öfvertygelsen,

169 1224 33 19 att
217 1222 36 21 det
267 1222 46 22 icke
328 1222 67 22 skulle
410 1225 52 24 göra
477 1224 69 26 någon
562 1225 78 25 otjenst
654 1224 22 21 åt
692 1224 59 22 dessa
767 1225 90 21 socknar
869 1226 120 26 derigenom

169 1252 34 19 att
227 1251 36 21 det
284 1251 46 21 icke
353 1251 106 27 upphäfde
482 1252 60 21 deras
562 1252 126 28 skyldighet,
706 1253 67 21 ehuru
789 1254 61 21 deras
865 1254 125 27 rättigheter

168 1278 110 27 fråntogos
294 1280 53 21 dem.
370 1280 49 21 Man
434 1282 126 20 resonerade
576 1282 27 26 på
618 1282 36 20 det
669 1283 72 25 sättet,
755 1284 39 24 att,
811 1283 26 21 då
847 1289 48 15 man
906 1290 28 14 nu
944 1284 46 22 icke

169 1310 42 20 vet,
233 1307 54 22 huru
310 1308 35 21 det
368 1309 38 26 går
425 1309 48 21 med
494 1310 157 26 propositionen
667 1316 34 15 om
717 1310 118 28 värnepligt
849 1312 7 20 i
871 1312 77 26 landet,
964 1313 26 21 de

169 1335 113 26 möjligtvis
305 1336 67 20 skulle
393 1336 61 21 hafva
477 1344 25 14 en
521 1340 45 18 stor
586 1338 90 26 lindring
692 1338 5 20 i
713 1339 36 20 det
765 1341 32 19 att
812 1340 61 20 deras
888 1340 102 22 kontrakt

168 1363 47 21 icke
238 1364 122 26 upphäfdes,
381 1364 20 21 d.
424 1371 18 14 v.
461 1371 17 15 s.
502 1367 32 19 att
554 1366 36 20 det
605 1365 67 21 blefve
687 1366 78 22 lättare
780 1367 33 21 för
828 1367 47 21 dem
891 1370 33 18 att
938 1375 51 20 upp-

168 1390 64 21 ställa
250 1392 61 21 dessa
327 1393 26 20 14
367 1392 94 21 soldater
476 1393 39 20 och
531 1400 26 15 en
571 1394 146 27 trumslagare,
733 1397 27 18 än
776 1397 32 19 att
823 1395 85 22 komma
923 1397 67 21 under

169 1419 42 22 den
225 1419 107 22 allmänna
347 1421 150 28 värnepligten.

237 1477 150 22 Diskussionen
400 1477 124 23 afstannade
534 1479 74 22 härvid
621 1479 39 22 och
670 1479 49 23 herr
730 1480 147 23 talmannen
887 1481 102 23 framlade

168 1505 92 28 följande
276 1507 141 27 proposition:
