1103 1798
209 131 66 26 0
390 142 159 17 Presteständet
560 142 54 17 1877.
639 142 23 17 18
674 142 113 16 november.

180 211 33 26 sig
236 211 51 20 böra
310 210 99 21 betrakta
431 217 25 14 en
477 210 33 21 del
530 211 23 20 af
569 209 26 21 de
610 210 87 21 sälunda
712 209 104 26 beviljade
832 209 81 20 medlen
929 207 69 22 säsom

181 241 56 19 ännu
260 238 136 27 tillgängliga.
426 238 48 21 Men
496 239 32 20 till
551 238 76 21 sådant
648 244 61 20 synes
732 237 41 26 mig
793 237 53 21 dock
861 237 104 21 utskottet
980 239 19 24 ej

181 267 62 22 hafva
265 267 45 21 haft
331 267 114 26 tillräcklig
465 267 74 26 grund,
555 269 56 19 ännu
627 267 78 20 mindre
721 268 49 19 rätt.
800 266 42 21 Det
857 267 23 19 är
895 265 105 27 nämligen

181 303 26 14 en
228 296 56 21 känd
307 296 44 24 sak,
374 297 33 19 att
429 296 35 21 det
487 295 158 28 ifrägavarande
667 295 110 21 tukthuset
800 295 66 20 redan
888 294 39 21 bar
949 300 51 21 upp-

181 325 72 21 slukat
272 325 46 20 icke
334 325 22 20 sä
372 324 78 21 aldeles
466 324 59 26 ringa
540 330 92 15 summor
647 324 46 25 och,
710 325 68 20 såsom
795 323 136 27 domprosten
946 323 55 21 Ren-

181 353 42 22 vall
246 354 56 25 sade,
325 353 39 21 har
384 354 36 20 det
435 353 119 27 uppgifvits,
570 355 31 20 att
617 353 36 21 det
668 353 38 20 har
720 353 46 26 gått
781 352 31 21 till
828 353 91 24 800,000
935 351 65 22 mark.

181 382 72 22 Också
267 385 24 19 är
306 382 124 27 byggnaden
445 383 6 20 i
467 376 46 28 Åbo
531 383 106 26 påbegynt
657 381 38 22 och
710 381 39 21 har
764 381 35 21 väl
814 381 64 21 också
893 381 61 26 tagit,
969 380 33 21 så-

183 417 45 15 som
252 411 49 21 herr
324 411 135 27 domprosten
475 411 97 27 antydde,
588 411 96 26 omkring
699 411 91 24 200,000
806 410 60 21 mark
881 409 7 22 i
903 409 98 28 anspråk.

183 440 124 21 Emellertid
322 439 89 28 framgår
429 446 28 15 nu
472 440 20 21 af
508 440 115 21 utskottets
639 439 77 27 kalkyl,
730 441 33 19 att
773 439 127 21 åtminstone
911 438 91 25 800,000

183 469 67 24 mark,
274 469 52 21 eller
342 469 39 20 den
398 475 86 19 summa,
501 475 44 15 som
561 468 65 22 redan
642 469 67 21 blifvit
724 469 83 20 använd
824 469 26 25 på
866 467 135 27 uppbyggan-

183 499 37 20 det
242 497 22 22 af
282 497 112 22 tukthuset
415 498 55 21 invid
487 499 68 20 denna
570 497 53 24 stad,
640 497 68 21 skulle
722 503 51 15 vara
788 496 129 22 fortfarande
933 496 70 27 dispo-

184 526 58 22 nibla
264 527 39 20 och
326 527 60 20 detta
406 526 28 26 på
451 527 39 21 den
509 527 74 25 grund,
605 528 32 19 att
657 526 113 21 ständerna
787 526 46 21 icke
849 525 67 22 skulle
932 525 71 21 kunna

182 555 113 26 godkänna
318 555 58 20 Hans
399 555 117 27 Kejserliga
531 555 109 27 Majestäts
656 555 68 21 beslut
740 557 31 18 att
786 554 44 21 låta
845 555 111 26 uppbygga
971 555 32 20 ett

183 584 77 21 sådant
274 583 99 28 fängelse.
403 584 34 21 Nu
452 584 67 21 måste
537 584 36 21 det
589 584 131 26 naturligtvis
736 583 78 27 frågas:
841 584 61 23 ,med
918 583 85 21 hvilken

184 615 44 19 rätt
243 613 67 20 skulle
326 613 114 20 ständerna
455 613 70 21 kunna
541 613 90 21 tillmäta
646 613 30 26 sig
687 612 65 26 något
763 612 85 27 dylikt”,
860 613 67 20 såsom
939 611 64 22 också

184 641 106 28 professor
305 641 107 22 Ehrström
432 642 65 21 redan
512 641 119 22 framhållit.
659 641 57 22 Hans
732 641 109 27 Majestäts
856 641 69 21 beslut
941 647 62 20 grun-

184 671 38 21 dar
238 671 30 26 sig
283 671 28 26 på
326 671 40 20 den
382 670 22 21 af
418 671 113 21 ständerna
545 671 24 21 år
586 671 52 20 1872
654 671 73 26 gjorda
743 670 137 26 bevillningen
896 670 5 21 i
916 669 39 21 och
971 669 33 22 för

185 702 32 19 ett
239 699 106 21 bestämdt
366 699 103 21 ändamål.
499 699 43 22 För
562 699 57 21 detta
635 699 98 21 ändamål
748 699 39 20 har
803 699 36 20 det
854 698 103 25 beslutits,
971 700 33 19 att

185 729 59 20 detta
259 728 88 21 tukthus
362 728 67 21 skulle
445 728 100 27 uppföras
560 727 39 22 och
616 728 69 20 dertill
700 727 63 22 hafva
778 727 142 27 penningarne
936 727 67 20 blifvit

184 757 97 20 använda
296 757 66 26 enligt
376 757 125 21 ständernas
517 756 68 22 beslut
601 757 38 21 och
656 757 86 20 önskan.
768 757 34 20 Nu
818 756 87 21 föreslår
921 755 82 22 utskot-

185 788 37 22 tet,
244 787 32 19 att
291 785 61 21 dessa
367 786 91 23 800,000
474 786 59 21 mark
545 785 60 21 skola
620 791 60 15 anses
696 786 68 20 såsom
780 785 46 21 icke
842 785 95 21 använda
954 786 50 19 utan

185 815 69 20 såsom
276 814 136 26 tillgängliga,
434 814 13 21 d
471 821 18 14 v.
505 821 15 14 s.
537 816 31 19 att
587 814 115 21 ständerna
716 814 60 21 skola
792 813 108 21 annullera
915 813 38 21 sitt
969 813 35 21 be-

184 842 43 21 slut
249 843 24 20 år
296 844 53 19 1872
365 843 40 20 och
419 842 94 21 förkasta
529 842 59 22 Hans
604 842 98 27 Majestät
718 843 68 20 beslut
801 844 32 19 att
848 841 111 28 uppbygga
973 843 32 20 ett

185 871 89 21 tukthus
297 871 55 20 invid
377 871 136 26 Helsingfors.
545 871 62 22 Såväl
629 872 35 20 det
683 877 45 20 ena,
744 877 44 15 som
805 871 36 21 det
856 871 67 20 andra
938 871 67 20 måste

182 900 38 26 jag
234 906 50 14 anse
300 901 46 20 icke
362 906 51 14 vara
427 900 98 26 förenligt
541 900 46 21 med
603 902 31 19 ett
649 899 170 22 konstitutionelt
835 899 170 27 åskådningssätt

186 929 39 21 och
248 929 36 21 det
306 928 137 26 förhållande,
467 929 84 21 hvaruti
573 930 113 20 ständerna
708 929 34 21 stå
757 929 32 20 till
805 929 40 21 den
860 928 67 22 andra
942 930 63 20 stats-

185 957 92 21 makten.
308 958 42 20 Det
364 959 24 19 är
403 964 25 14 ur
443 958 67 21 denna
525 957 112 28 synpunkt,
654 964 44 15 som
712 958 36 26 jag
764 958 66 20 skulle
846 964 49 14 anse
907 958 36 20 det
955 963 50 15 vara

185 986 89 22 alldeles
297 986 147 27 oundvikligen
460 987 129 26 nödvändigt
603 989 32 18 att
651 987 155 21 återremittera
822 987 58 21 detta
895 986 110 21 utiåtande

186 1015 32 21 till
239 1016 111 22 utskottet,
369 1015 27 27 på
412 1016 34 20 det
461 1017 32 19 att
508 1016 105 21 utskottet
628 1016 34 20 må
676 1016 70 20 lemna
761 1022 26 19 ny
802 1016 113 25 utredning
930 1021 33 15 om
979 1015 25 21 de

185 1044 33 20 vid
237 1045 52 20 1872
306 1044 34 20 års
359 1044 101 26 landtdag
474 1044 104 27 beviljade
594 1045 92 20 medlens
701 1044 133 26 användning
848 1044 39 22 och
898 1044 107 21 inkomma

186 1072 47 22 med
256 1075 32 19 ett
308 1072 83 28 förslag,
412 1080 44 14 som
473 1073 12 21 å
501 1079 38 15 ena
555 1072 59 22 sidan
629 1073 45 21 icke
691 1075 102 25 upptager
808 1073 69 21 såsom
893 1072 113 26 tillgångar

186 1102 61 25 hvad,
271 1107 44 15 som
334 1102 46 20 icke
395 1103 23 19 är
434 1102 117 26 tillgångar,
567 1102 39 21 och
622 1102 13 20 å
649 1101 67 21 andra
731 1102 66 23 sidan,
813 1102 68 21 såsom
897 1101 108 27 professor

186 1130 111 22 Ehrström
313 1130 49 20 sökt
373 1130 116 27 frarnhålla,
500 1131 62 21 söker
573 1130 110 26 tillgodose
695 1130 179 26 fängelseplanens
883 1130 122 21 realisation

185 1160 6 20 i
208 1158 45 21 vårt
268 1159 49 21 land
334 1159 25 26 på
375 1161 31 19 ett
419 1159 68 21 bättre
498 1161 48 24 sätt,
558 1161 26 19 än
595 1165 44 15 som
653 1159 55 21 skett
718 1159 6 20 i
735 1159 141 26 föreliggande
888 1158 116 22 utlåtande.

185 1187 40 27 Jag
240 1188 64 26 yrkar
320 1188 87 24 således,
422 1187 69 21 såsom
507 1188 68 26 sagdt,
591 1188 27 26 på
633 1187 121 21 återremiss
768 1188 7 20 i
791 1188 58 20 detta
864 1188 59 27 syfte.

254 1244 90 22 Prosten
367 1244 99 28 Hjelt:
494 1245 27 22 Af
537 1246 25 21 de
581 1252 35 15 sex
631 1246 63 20 ärade
709 1245 73 26 talare,
799 1251 44 16 som
859 1246 65 21 redan
939 1247 67 26 yttrat

186 1274 32 27 sig
238 1275 90 20 rörande
343 1276 152 19 sammansatta
511 1276 61 20 stats-
588 1274 39 22 och
643 1274 214 22 ekonomiutskottets
872 1275 133 22 betänkande

187 1303 39 20 N:o
243 1303 12 20 3
271 1303 90 20 rörande
376 1303 114 27 bevillning
505 1303 31 21 till
547 1303 204 27 fängelseväsendets
762 1304 113 26 ordnande,
886 1303 63 22 hafva
960 1304 45 27 fyra

185 1331 57 20 olika
260 1333 109 23 meningar
383 1331 104 25 afgifvits;
513 1335 32 17 tre
567 1332 62 19 hafva
644 1332 61 25 yrkat
720 1332 27 24 på
762 1333 119 19 återremiss
897 1332 22 20 af
933 1332 71 20 betän-

185 1358 81 21 kandet
287 1359 32 20 till
341 1359 110 25 utskotiet,
475 1366 25 13 en
516 1359 93 26 godkänt
624 1359 122 26 detsamma,
762 1366 26 13 en
803 1359 90 21 anhållit
907 1366 34 15 om
958 1361 47 20 dess

186 1386 152 27 bordläggning
360 1387 32 20 till
414 1388 47 19 dess
483 1387 168 21 statsutskottets
666 1387 202 21 finansbetänkande
885 1387 118 28 inkommit,

187 1415 109 21 hvarutom
320 1421 26 15 en
367 1417 78 19 uttalat
465 1415 40 21 den
522 1415 59 27 åsigt,
598 1419 31 17 att
645 1416 64 21 saken
724 1416 67 21 skulle
807 1416 118 22 diskuteras
940 1417 7 20 i
963 1417 40 21 den

185 1444 95 26 ordning,
303 1445 7 20 i
332 1444 84 21 hvilken
439 1447 117 18 momenten
572 1445 7 20 i
594 1444 114 22 utskottets
731 1445 133 22 betänkande
879 1446 55 27 ingå.
963 1445 40 28 Jag

187 1473 37 21 har
248 1473 74 25 begärt
342 1473 61 21 ordet
422 1473 32 21 för
470 1475 31 19 att
516 1473 96 26 genmäla
627 1474 26 21 de
668 1474 73 25 talare,
757 1474 77 27 hvilka,
847 1474 64 27 jemte
927 1474 36 22 det
979 1475 25 21 de

186 1502 56 27 gjort
258 1504 30 18 ett
304 1502 82 21 utskott
402 1502 39 21 den
457 1503 79 20 största
551 1502 113 26 tillvitelse,
677 1509 47 14 man
736 1503 40 21 kan
788 1505 58 24 göra,
857 1503 104 28 nämligen
973 1505 32 20 att

186 1531 36 21 det
248 1530 117 22 öfverträdt
387 1531 30 21 sin
441 1530 174 23 konstitutionela
637 1531 132 28 befogenhet,
792 1532 63 21 hafva
875 1533 56 21 velat
952 1532 53 22 åter-
