1106 1800
319 136 159 18 Presteståndet
491 137 54 17 1877.
568 137 26 17 27
606 138 114 16 november.
846 131 55 21 2269

110 206 142 28 öfvertygelse
273 206 131 26 tillgodosett
422 206 94 22 hvarken
532 206 148 21 Österbottens
696 206 51 22 eller
762 206 83 21 landets
861 206 6 21 i
883 206 48 21 dess

110 234 72 22 helhet
196 235 96 21 intresse.
317 235 39 21 Att
369 234 36 27 jag
420 234 27 27 på
462 234 145 26 förmiddagen
622 236 37 25 tog
674 234 42 27 mig
726 234 90 22 friheten
827 236 32 19 att
867 234 64 21 fram-

110 264 62 26 lägga
186 263 66 27 några
266 263 120 21 statistiska
401 263 56 28 data,
473 270 45 14 som
535 263 117 27 ådagalade
666 264 40 20 den
722 262 159 28 styfmoderliga
895 263 36 20 be-

109 292 108 27 handling,
238 298 44 15 som
304 292 89 21 kommit
412 288 137 25 Österbotten
570 292 33 21 till
621 292 39 26 del,
676 297 38 15 var
728 292 80 26 ganska
823 291 108 26 naturligt,

109 326 49 16 men
179 321 63 21 dessa
263 320 71 22 siffror
354 320 68 21 måste
441 320 33 21 väl
494 320 62 21 hafva
577 321 55 21 varit
652 320 72 21 alltför
740 320 84 27 mycket
840 320 92 26 talande,

109 349 29 21 då
156 356 49 14 man
227 349 46 21 icke
295 350 81 20 kunnat
396 349 127 27 vederlägga
540 349 53 21 dem.
624 349 38 21 Att
678 349 25 21 de
718 349 62 21 hafva
796 348 62 22 väckt
873 349 59 21 miss-

110 378 48 26 nöje
173 378 39 22 hos
227 384 25 16 en
268 378 39 22 och
322 384 70 15 annan
406 378 42 21 kan
462 378 38 26 jag
515 378 46 22 icke
576 378 24 21 rå
615 379 39 20 för.

178 435 110 20 Professor
303 435 125 20 Donner:
448 435 34 21 Då
497 441 48 14 man
561 434 88 21 allmänt
664 435 72 25 tyckes
752 434 58 27 hylla
820 434 40 21 den
871 434 61 27 åsigt,

109 465 33 20 att
164 463 46 21 icke
233 463 65 27 något
318 463 35 21 lån
373 463 39 21 bör
431 465 105 25 upptagas
556 463 33 21 för
609 463 163 27 fortsättningen
788 462 22 21 af
822 463 112 27 jernvägs-

111 494 65 25 nätet,
198 493 52 20 utan
270 493 58 20 detta
343 491 111 22 fortsättas
470 493 75 20 endast
559 492 48 21 med
622 492 26 21 de
663 492 75 26 medel,
754 498 44 15 som
814 491 73 22 kunna
901 492 31 20 in-

109 520 53 28 flyta
182 521 6 21 i
211 521 271 22 kommunikationsfonden
506 521 40 22 och
568 523 62 24 göras
653 521 135 21 användbara
810 520 33 22 för
867 521 66 21 ända-

111 550 72 26 målet,
198 556 62 21 synes
280 550 36 21 det
330 550 43 27 mig
388 557 50 14 vara
454 557 26 14 en
495 549 120 27 nödvändig
628 549 59 28 följd,
703 552 32 19 att
749 550 46 21 icke
810 555 77 22 genom
902 551 31 20 ett

112 579 70 21 beslut
201 579 108 27 angående
323 579 158 28 jernvägsnätet
497 579 39 22 och
552 579 47 21 dess
614 579 146 27 utsträckning
775 579 7 20 i
797 578 74 21 alltför
889 580 44 19 stor

109 608 53 27 grad
178 608 52 22 söka
246 608 64 21 binda
324 608 126 22 kommande
466 609 96 21 ständers
578 608 75 25 beslut,
668 608 53 21 söka
735 610 52 24 göra
802 608 43 25 det,
861 610 22 24 ty
898 614 34 14 om

111 636 65 22 också
192 639 31 19 ett
238 638 68 26 dylikt
320 637 70 21 beslut
406 644 28 14 pu
449 637 71 25 fattas,
536 636 69 22 skulle
620 637 119 27 säkerligen
750 637 45 21 icke
806 636 127 22 kommande

111 666 87 21 ständer
218 665 56 22 finna
292 666 32 26 sig
338 672 52 15 vara
404 666 86 21 bundna
506 666 60 22 deraf
579 667 51 19 utan
646 666 27 26 på
687 666 66 26 grund
770 666 24 20 af
808 666 25 20 de
849 665 85 26 åsigter,

110 701 46 15 som
178 694 28 22 då
227 697 53 24 göra
302 695 32 26 sig
356 695 96 27 gällande
474 696 99 25 antingen
595 694 113 27 godkänna
731 695 36 21 det
787 700 79 15 samma
882 694 52 21 eller

111 723 84 21 besluta
214 724 65 26 något
299 727 71 18 annat.
400 724 42 20 Det
461 729 61 21 synes
545 724 41 26 mig
606 723 84 21 derföre
704 730 52 14 vara
772 724 35 20 det
823 722 110 28 riktigaste

111 754 32 19 att
163 758 29 14 nu
213 752 116 21 inskränka
348 753 38 20 sitt
405 752 69 22 beslut
495 752 74 22 endast
589 751 32 21 till
642 752 24 21 de
682 752 102 26 sträckor,
800 758 45 14 som
861 752 72 20 kunna

112 781 47 21 med
182 781 73 21 arbete
277 781 106 26 beläggas.
417 780 209 28 Jernvägsutskottet
648 781 39 20 har
708 780 56 27 gjort
786 781 32 26 sig
840 786 25 15 en
887 782 46 20 stor

112 810 64 20 möda
197 812 32 19 att
250 810 48 20 med
318 810 85 27 ledning
418 810 22 21 af
453 809 211 22 förhandenvarande
680 809 96 21 material
789 809 99 21 utarbeta
903 811 31 19 ett

111 838 77 22 sådant
209 838 88 22 allmänt
317 838 85 27 förslag,
424 844 47 16 men
493 838 89 22 rörande
603 838 142 21 förbindelsen
766 838 89 21 emellan
870 838 64 22 södra

111 867 41 21 och
173 873 64 15 norra
256 867 90 22 Finland
366 868 91 21 existera
472 868 19 26 ej
506 874 45 15 mer
566 866 52 22 eller
633 867 80 21 mindre
728 868 26 20 än
768 874 36 14 sex
819 867 58 21 olika
891 867 42 21 för-

111 896 46 27 slag
170 896 33 22 till
214 896 61 27 linjer
289 896 39 22 och
342 903 34 15 om
388 903 48 15 man
446 896 82 26 engång
539 896 93 21 besluter
642 896 71 26 något,
721 902 62 21 synes
791 895 22 21 af
822 895 41 22 alla
872 896 61 21 dessa

112 926 84 26 förslag,
220 925 61 21 hvart
303 926 40 21 och
366 928 31 18 ett
417 925 63 22 hafva
501 926 55 20 vissa
576 925 45 21 skäl
642 925 33 21 för
690 924 38 27 sig.
758 925 42 21 För
815 927 32 19 att
862 925 72 21 kunna

112 954 63 21 döma
194 954 48 21 med
262 954 68 26 någon
351 954 65 26 högre
437 954 52 27 grad
510 954 23 20 af
546 954 135 21 bestämdhet
696 954 89 20 rörande
800 954 40 20 den
856 953 78 21 fördel-

111 982 106 28 aktigaste
233 982 23 22 af
269 983 61 21 dessa
345 983 152 27 sträckningar,
513 988 61 21 synes
590 983 35 21 det
640 982 42 26 mig
696 988 52 16 vara
763 982 48 21 bäst
820 984 39 24 att,
867 982 66 26 jemte

112 1012 36 20 det
170 1017 48 15 man
241 1011 47 21 icke
308 1012 65 21 fattar
396 1011 65 28 något
484 1011 103 21 definitivt
609 1011 75 24 beslut,
706 1011 129 21 öfverlemna
857 1011 77 21 sakens

111 1040 157 26 undersökning
289 1042 23 20 åt
332 1047 25 14 en
376 1040 143 25 kommission,
536 1040 32 21 för
584 1042 32 19 att
631 1040 32 20 till
679 1041 60 19 nästa
754 1039 101 27 landtdag
870 1040 64 20 fram-

111 1069 61 26 lägga
194 1070 31 20 ett
244 1069 125 27 utförligare
389 1068 85 28 förslag,
490 1071 26 19 än
539 1074 28 16 nu
582 1069 38 21 har
635 1068 80 22 kunnat
731 1068 43 21 ske.
804 1068 43 21 Det
861 1068 73 27 tyckes

111 1098 43 26 mig
176 1097 82 21 derföre
278 1104 51 15 vara
349 1099 31 19 ett
400 1098 22 21 af
440 1098 105 20 utskottet
566 1097 86 21 alldeles
676 1097 126 27 följdriktigt
817 1097 70 21 beslut
902 1098 33 20 att

111 1126 79 22 föreslå
205 1126 55 21 blott
275 1127 39 21 och
330 1127 50 21 bart
394 1126 39 22 den
450 1126 55 28 linje,
521 1132 44 15 som
581 1126 108 22 förbinder
702 1126 56 21 Vasa
769 1125 47 22 med
826 1126 107 21 Tammer-

111 1155 49 22 fors.
191 1155 64 21 Emot
276 1157 32 20 att
328 1155 48 21 med
395 1155 69 21 denna
482 1154 49 28 linje
546 1154 26 28 gå
587 1154 73 27 längre
676 1156 82 20 österut
773 1156 26 19 än
814 1154 48 22 från
878 1154 56 21 Vasa

111 1184 33 22 till
165 1184 71 21 Etseri
258 1185 39 22 och
320 1184 92 22 derifrån
434 1184 32 22 till
488 1184 142 21 Tammerfors
651 1183 45 25 har,
718 1190 62 21 synes
798 1184 48 27 mig,
862 1185 72 25 pastor

111 1213 100 22 Törnudd
232 1214 71 21 anfört
324 1213 76 27 många
419 1214 85 21 talande
526 1213 52 21 skäl.
607 1213 41 26 Jag
668 1213 35 21 vill
722 1213 32 20 till
770 1213 62 21 dessa
847 1213 88 26 tillägga

111 1242 63 26 blott,
195 1244 33 19 att
247 1243 40 21 den
305 1242 56 27 linje,
377 1248 45 15 som
438 1242 67 21 skulle
520 1242 26 27 gå
562 1242 46 21 från
623 1241 55 22 Vasa
694 1243 88 24 österut,
799 1243 26 20 då
841 1242 40 20 den
896 1241 39 21 når

111 1271 153 26 vattendragen
286 1271 6 21 i
308 1271 76 26 Etseri,
400 1271 66 21 redan
481 1271 7 20 i
503 1271 119 20 hufvudsak
636 1271 90 26 uppnått
742 1271 26 20 de
783 1271 89 25 trakter,
887 1269 48 22 från

111 1299 71 21 hvilka
208 1300 68 27 någon
302 1301 69 20 större
394 1300 63 21 trafik
479 1299 41 21 kan
542 1299 114 28 påräknas;
679 1299 48 21 dess
742 1299 137 26 fortsättning
901 1298 33 21 till

110 1327 116 28 Jyväskylä
241 1329 41 20 kan
298 1329 46 20 icke
359 1329 7 21 i
381 1329 103 25 väsentlig
495 1335 47 14 mon
554 1328 113 26 tillskynda
678 1328 39 21 den
728 1328 65 26 något
804 1328 131 26 betydligare

112 1356 76 27 bidrag
208 1356 7 21 i
234 1359 110 25 transport
360 1357 102 27 jemfördt
483 1357 47 21 med
551 1356 54 21 hvad
622 1356 40 21 den
677 1356 70 21 kunde
763 1356 81 22 erhålla
858 1362 76 20 genom

111 1388 34 18 att
160 1385 109 22 förbindas
284 1386 48 21 med
348 1385 142 22 Tammerfors
506 1386 38 20 och
560 1385 48 21 med
623 1384 48 22 hela
686 1385 36 21 det
737 1386 64 20 södra
816 1384 119 22 stambans-

112 1416 66 18 nätet.
209 1414 46 21 Den
278 1414 68 21 skulle
369 1414 71 25 också,
456 1420 34 15 om
506 1415 40 20 den
562 1420 28 14 nu
606 1414 78 26 bygdes
699 1413 32 21 till
746 1413 121 27 Jyväskylä,
883 1415 52 19 utan

112 1441 72 21 tvifvel
204 1441 84 22 komma
306 1443 33 20 att
353 1442 40 25 stå,
407 1442 46 20 icke
468 1442 7 20 i
490 1443 30 19 tio
536 1442 30 25 år,
581 1444 51 18 utan
647 1442 54 20 allra
715 1442 63 20 minst
794 1442 6 20 i
815 1442 80 20 femton
911 1441 24 20 år

112 1472 52 19 utan
185 1470 129 22 förbindelse
335 1471 48 21 med
404 1470 36 21 det
460 1470 68 26 öfriga
543 1470 165 26 jernvägsnätet,
724 1470 88 20 emedan
827 1469 108 21 sannolikt

113 1498 71 27 ungef.
200 1499 33 27 sju
248 1499 24 21 år
287 1498 91 28 ätginge,
392 1499 64 21 innan
472 1499 40 21 den
528 1498 69 22 blefve
612 1498 70 26 färdig
697 1498 55 27 bygd
771 1498 33 21 till
820 1498 115 27 Jyväskylä

113 1528 40 21 och
178 1528 27 22 då
224 1528 40 22 den
279 1534 88 22 summa,
382 1534 45 16 som
442 1527 85 28 ätginge
542 1527 34 22 för
591 1529 31 20 att
638 1527 95 22 fullända
748 1527 37 22 det
800 1526 135 22 återstående
