1117 1806
112 144 23 17 31
147 145 44 17 dec.
446 135 151 37 Bevillningar.
890 140 42 21 505

179 212 71 22 Sedan
264 214 33 20 till
312 214 127 28 protokollet
453 214 131 26 antecknats,
599 217 32 19 att
646 216 155 26 omröstningen
818 214 64 28 gifvit
895 214 37 21 vid

110 241 90 26 handen,
222 244 32 18 att
276 242 173 27 borgareståndet
463 242 87 22 beslutit
565 245 32 19 att
611 242 88 22 öfvergå
713 243 32 21 till
761 243 122 21 omedelbar
898 242 35 22 be-

110 269 102 27 handling
226 270 24 21 af
263 278 27 13 nu
305 270 162 28 ifrågavarande
483 270 153 28 betänkanden,
652 271 70 21 anhöll

179 338 25 20 hr
226 338 137 27 Jansson,
385 338 134 22 Fredrik
543 346 34 14 om
606 339 61 21 ordet
693 339 39 21 och
758 338 94 29 yttrade:
892 339 41 28 Jag

110 366 38 22 ber
172 369 32 19 att
226 366 23 22 få
267 367 33 21 till
322 367 95 21 ståndets
448 367 88 21 protokoll
552 367 119 22 antecknad
686 368 42 20 min
743 368 129 21 reservation
888 371 45 18 mot

110 394 97 22 ståndets
229 395 70 21 beslut
313 398 31 19 att
358 396 87 28 öfvergå
461 396 31 20 till
507 396 158 28 handläggning
679 396 22 21 af
715 396 75 28 frågan
805 396 39 21 och
860 396 72 21 anhål-

110 424 32 21 ler
160 424 69 21 tillika
244 427 32 18 att
290 424 23 22 få
327 424 88 27 anmäla,
429 428 32 18 att
475 425 35 28 jag
525 424 28 29 på
567 425 26 21 de
609 424 23 22 af
646 425 44 27 mig
705 424 57 22 förut
776 424 90 22 anförda
875 426 57 27 prin-

110 452 85 28 cipiella
215 452 73 21 skälen
304 460 61 14 anser
380 453 43 28 mig
438 453 125 21 förhindrad
577 456 32 19 att
624 453 85 27 deltaga
723 453 8 20 i
746 453 98 21 ärendets
860 453 72 22 vidare

111 481 133 28 behandling.

179 549 34 22 Hr
228 550 183 22 Stenström:
444 550 35 22 Då
493 552 35 27 jag
542 551 38 21 har
595 550 99 22 omfattat
708 550 41 21 den
764 551 24 21 af
802 551 25 20 hr
842 550 89 22 Jansson

110 579 66 21 under
197 579 145 22 diskussionen
362 579 94 22 uttalade
472 580 161 29 uppfattningen
650 579 133 22 beträffande
798 579 60 21 detta
872 581 60 19 ären-

110 607 38 22 des
171 607 133 28 behandling,
326 608 38 21 ber
386 608 62 21 äfven
470 609 6 28 jag
519 611 32 19 att
566 609 22 21 få
603 608 33 21 till
651 607 95 22 ståndets
761 607 105 30 protokoll
881 609 51 28 göra

110 636 110 22 enahanda
234 637 95 21 anmälan
346 644 43 15 som
405 637 41 22 den
461 613 25 57 dt
496 617 27 41 hr
537 637 89 22 Jansson
641 645 50 21 nyss
705 637 78 28 gjorda.

178 699 34 21 Hr
234 699 149 22 Lundson:
413 700 113 21 Niinikään
551 701 56 20 minä
621 700 85 29 pyydän
721 700 145 29 pöytäkirjaan
878 707 54 14 mer-

110 727 116 22 kittäväksi
241 728 158 27 vastalauseeni,
414 729 21 28 ja
450 729 42 21 kun
508 737 26 13 en
550 729 59 21 katso
625 728 82 22 olevani
717 729 64 21 ilman
792 728 79 29 säädyn
882 731 20 26 pä

109 758 57 20 töstä
192 757 117 21 oikeutettu
324 757 123 29 luopumaan
464 761 114 18 ottamasta
592 765 50 13 osaa
656 759 71 19 tämän
742 758 57 21 asian
816 759 88 26 enempä

111 785 132 28 käsittelyyn,
266 785 83 29 pyydän
375 786 78 28 säädyn
468 788 98 27 päätöstä
581 787 54 25 siitä,
651 787 44 20 että
709 787 67 20 minut
790 786 141 28 vapautettai-

110 814 40 21 siin
164 816 56 19 tästä
235 813 138 29 käsittelystä.

178 876 34 21 Hr
227 876 106 23 Savön:
370 876 27 21 Jag
427 877 37 21 ber
479 880 32 18 att
526 877 22 21 fä
561 877 33 21 till
608 877 128 50 poe
751 877 134 26 antecknadt,
900 881 32 18 att

110 905 34 49 jag
158 905 48 22 icke
222 906 46 20 med
285 906 42 20 min
343 907 44 20 röst
416 905 79 29 bidragit
508 906 33 21 till
556 906 37 21 det
623 906 55 21 beslut
692 905 174 28 borgareständet
882 913 50 21 nyss

119 937 60 18 attat.

178 996 34 21 Hr
235 996 180 22 Carlström:
444 996 44 28 Jag
511 997 37 21 ber
562 1000 33 18 att
609 997 22 21 fä
645 998 52 26 göra
712 997 109 21 enahanda
835 997 96 21 anmälan

110 1032 45 14 som
170 1025 41 21 den
226 1025 22 21 af
263 1024 25 21 hr
302 1025 91 21 Jansson
407 1025 137 22 framställda.

178 1087 35 21 Hr
228 1088 144 21 Labbart:
391 1087 42 28 Jag
449 1088 37 21 ber
501 1092 31 18 att
547 1088 23 21 fä
584 1088 32 22 till
625 1087 126 29 protokollet
759 1087 134 27 antecknadt,
900 1091 32 18 att

109 1117 36 27 jag
167 1116 92 21 ansluter
280 1118 44 26 mig
348 1116 32 22 till
395 1116 26 22 hr
435 1116 100 22 Janssons
551 1117 132 21 reservation.
712 1116 111 28 Därjämte
838 1116 94 22 anhäller

110 1145 62 21 äfven
187 1145 35 29 jag
236 1152 34 14 om
287 1145 98 21 befrielse
399 1145 48 21 frän
463 1146 72 21 vidare
550 1145 125 29 deltagande
690 1146 7 20 i
712 1145 183 29 handläggningen
910 1146 22 20 af

110 1174 60 21 detta
184 1173 83 22 ärende.

178 1237 36 21 Hr
227 1236 173 29 Holmberg:
420 1232 73 26 Äfven
508 1238 35 28 jag
559 1238 36 21 ber
603 1240 32 18 att
642 1236 23 22 få
672 1237 32 21 till
711 1237 128 29 protokollet
845 1237 87 21 anteck-

110 1265 57 27 nadt,
186 1269 32 17 att
240 1266 35 28 jag
297 1266 47 21 icke
359 1265 94 29 bidragit
466 1266 33 21 till
515 1266 36 22 det
565 1266 76 25 beslut,
655 1274 44 13 som
714 1274 28 12 nu
757 1266 74 21 fattats
847 1265 22 22 af
884 1266 48 20 bor-

110 1294 140 28 gareståndet.
279 1294 80 21 Tillika
374 1294 49 22 ville
438 1295 35 27 jag
488 1294 88 27 anmäla,
591 1297 33 19 att
637 1295 36 28 jag
687 1294 48 22 icke
750 1294 72 22 vidare
837 1293 41 22 kan
887 1294 45 21 del-

110 1325 50 25 taga
175 1324 8 20 i
197 1322 155 28 behandlingen
364 1322 23 22 af
402 1322 69 22 denna
485 1323 66 27 fråga.

179 1385 47 21 Hra
241 1384 138 28 Castrén,
393 1385 126 21 Arthur:
559 1385 89 29 Pyydän
663 1385 144 29 pöytäkirjaan
823 1385 109 21 merkittä-

111 1413 67 27 väksi,
200 1415 44 20 että
266 1414 94 21 minäkin
381 1413 99 29 yhdistyn
504 1414 66 21 siihen
593 1414 173 27 vastalauseesen,
785 1414 63 28 jonka
864 1422 26 12 m.
905 1422 27 12 m.

110 1442 38 20 hra
162 1442 91 20 Jansson
267 1449 27 13 on
309 1442 64 20 täällä
387 1442 106 27 esittänyt.

178 1503 35 22 Hr
228 1503 149 23 Renlund:
416 1502 42 30 Jag
472 1503 38 22 ber
524 1506 32 19 att
570 1503 23 22 få
607 1503 32 21 till
654 1503 129 29 protokollet
797 1503 88 28 anmäla,
900 1506 32 19 att

109 1533 36 28 jag
159 1532 50 21 med
224 1533 42 20 min
283 1534 44 19 röst
342 1532 47 22 icke
405 1532 93 28 bidragit
512 1533 33 21 till
559 1532 186 28 borgareståndets
760 1532 74 22 beslut.
