1111 1814
196 147 41 20 174
540 143 133 34 Näringslag.
940 152 23 16 21
977 152 39 16 dec

263 219 40 27 De,
321 227 44 14 som
384 219 83 21 erhållit
481 219 27 21 de
526 220 62 21 flesta
603 221 99 24 rösterna,
720 218 104 22 förklaras
841 219 22 21 af
878 220 137 27 magistraten

194 248 34 21 till
243 248 132 28 fullmäktige
391 248 67 21 valda.
481 248 79 21 Mellan
571 248 55 24 dem,
635 255 44 14 som
691 247 84 22 erhållit
785 247 44 21 lika
840 247 92 27 röstetal,
943 247 72 28 skiljes

194 284 75 20 genom
285 277 94 28 lottning.

578 335 11 26 S
607 335 31 20 18.

271 386 54 26 Den,
346 393 42 13 som
410 385 72 22 blifvit
496 386 32 21 till
544 386 118 28 fullmäktig
678 386 55 23 vald,
748 386 35 21 må
798 386 17 27 ej
832 385 73 29 afsäga
920 386 32 27 sig
967 394 52 20 upp-

202 415 80 28 draget,
297 414 88 22 säframt
399 414 41 21 han
455 414 47 22 icke
518 414 89 29 uppnått
622 415 26 20 60
659 414 92 22 äldersär
761 414 52 21 eller
822 414 68 21 såsom
900 414 121 28 fullmäktig

202 444 121 28 tjänstgjort
345 442 39 22 den
408 446 82 18 senaste
513 442 133 29 valperioden
666 442 51 22 eller
736 443 40 21 kan
797 442 129 29 ådagalägga
945 442 76 22 sådant

202 472 80 27 hinder,
298 479 45 14 som
359 471 23 21 af
396 472 135 27 magistraten
546 471 126 28 godkännes.

578 552 11 26 S
606 552 32 20 19.

270 603 143 28 Fullmäktige
433 603 60 28 välja,
512 604 55 20 inom
591 603 50 21 eller
662 606 56 18 utom
738 604 37 27 sig,
795 603 34 20 för
848 603 71 28 hvarje
934 603 23 21 år
972 603 47 21 ord-

202 632 93 21 förande.
325 631 97 22 Erbåller
437 632 17 27 ej
471 632 66 27 någon
553 632 36 21 vid
605 632 55 21 valet
675 633 27 26 3/,
717 631 23 22 af
749 631 98 28 samtliga
857 632 81 28 afgifna
948 633 74 26 röster,

203 660 124 22 värkställes
348 661 74 21 omval.
452 660 105 21 Tillfaller
578 661 17 27 ej
615 660 67 27 någon
704 660 66 21 häller
785 659 27 22 dä
827 660 126 29 nyssnämda
968 662 54 19 röst-

203 689 112 28 pluralitet,
326 689 140 21 öfverlämnas
481 689 22 20 åt
517 689 191 26 stadsfullmäktige
723 689 13 20 å
749 691 60 19 orten
825 692 32 18 att
867 689 33 21 för
909 689 112 28 yrkesfull-

203 717 99 28 mäktige,
317 725 47 13 men
379 717 47 21 icke
442 717 64 21 bland
521 717 54 26 dem,
590 721 45 18 utse
650 717 132 26 ordförande,
795 717 93 21 förfaren
900 718 7 20 i
917 717 105 21 allmänna

204 746 52 21 värf.
285 745 120 22 Valbarhet
424 745 32 22 till
472 745 119 29 fullmäktig
607 748 22 19 är
644 747 18 26 ej
678 749 32 17 ett
724 745 77 21 villkor
815 746 34 20 för
863 745 111 22 valbarhet
988 745 33 21 till

203 774 133 21 ordförande.
366 775 12 20 I
396 774 109 21 enahanda
523 774 88 28 ordning
628 777 56 18 utses
700 774 63 21 bland
779 773 132 30 fullmäktige
926 774 96 21 viceord-

201 803 87 21 förande
304 802 33 21 för
352 803 49 21 året.

269 831 54 28 Den,
343 839 43 14 som
405 831 49 28 fyllt
476 832 26 20 60
520 831 24 20 år
564 831 50 21 eller
632 831 26 21 de
679 834 82 18 senaste
780 831 37 22 två
837 831 49 21 åren
905 832 54 20 varit
974 831 47 21 ord-

202 859 94 27 förande,
311 862 23 19 är
348 859 119 29 berättigad
482 863 32 18 att
528 860 73 28 afsäga
616 861 31 26 sig
662 859 60 22 detta
733 860 101 29 uppdrag.
856 861 92 20 Anföres
958 863 64 18 annat

202 889 46 20 skäl
268 888 33 21 för
320 889 108 27 afsägelse,
448 888 120 21 ankommer
586 888 37 21 det
640 888 12 21 &
669 887 105 30 pröfning,
789 896 34 13 om
839 889 68 20 skälet
922 888 34 21 mä
970 889 52 27 god-

201 917 84 21 kännas.

269 945 47 22 Har
334 945 126 22 ordförande
480 945 72 22 blifvit
568 947 55 20 inom
639 945 132 28 fullmäktige
787 945 56 26 vald,
858 953 38 20 ege
912 945 111 29 suppleant

200 974 62 21 träda
276 975 8 20 i
299 974 52 21 hans
366 974 60 21 ställe
441 973 28 29 pä
484 976 42 19 sätt
539 975 8 20 i
563 975 11 26 $
591 975 26 20 14
632 973 91 28 stadgas.

581 1055 11 27 3
607 1055 33 20 20.

270 1106 142 28 Fullmäktige
426 1106 104 21 fastställa
542 1106 33 20 för
587 1107 32 27 sig
629 1106 160 28 arbetsordning
799 1109 55 18 samt
863 1109 77 25 antaga
950 1106 71 20 sekre-

204 1138 73 23 terare,
292 1135 73 21 kassör
380 1134 39 22 och
434 1135 74 27 nödigt
524 1134 156 22 kanslibiträde.

270 1164 26 28 Ej
318 1163 35 21 må
373 1163 69 22 beslut
461 1164 71 26 fattas,
552 1164 37 20 där
607 1164 17 28 ej
640 1166 57 19 utom
713 1163 142 22 ordföranden
870 1164 64 21 minst
948 1163 73 21 halfva

201 1193 80 21 antalet
296 1192 131 28 fullmäktige
442 1195 36 19 äro
493 1192 108 22 tillstädes.
630 1192 61 22 Falla
706 1192 36 22 vid
757 1193 129 27 omröstning
900 1192 44 21 lika
954 1194 68 19 röster

201 1224 44 18 mot
260 1221 124 26 hvarandra,
399 1221 54 27 gälle
468 1221 41 21 den
524 1222 83 26 mening
622 1221 139 21 ordföranden
777 1220 105 22 omfattar.

270 1249 151 21 Förekommer
442 1250 66 28 fråga,
526 1250 85 21 hvilken
632 1249 62 22 berör
714 1249 133 22 uteslutande
867 1250 40 21 den
923 1257 39 13 ena
977 1250 44 20 val-

201 1286 170 20 mannagruppen
380 1278 50 21 eller
440 1278 32 21 till
483 1278 54 28 följd
546 1278 75 21 hvaraf
630 1278 75 21 endast
714 1278 41 21 den
766 1286 39 13 ena
815 1278 205 29 valmannagruppen

201 1307 83 21 komme
305 1309 32 19 att
356 1306 110 22 åhvälfvas
481 1307 56 21 vissa
552 1306 144 29 förpliktelser
710 1306 84 22 utöfver
809 1306 56 22 hvad
880 1307 34 28 lag
928 1310 93 24 stadgar,

200 1335 35 21 må
250 1336 7 20 i
272 1334 96 22 fattande
383 1335 23 21 af
421 1335 68 21 beslut
503 1335 72 21 därom
590 1335 75 21 endast
680 1335 132 27 fullmäktige
829 1334 33 22 för
873 1336 69 20 denna
951 1343 69 19 grupp

200 1366 50 24 taga
265 1363 40 20 del.
334 1363 133 27 Deltagande
482 1364 8 18 i
504 1362 184 28 förhandlingarna
704 1370 49 13 vare
769 1363 54 20 dock
840 1364 47 19 ieke
902 1363 40 21 den
955 1363 65 20 andra

200 1391 205 27 valmannagruppen
421 1390 97 22 förment.

269 1418 45 22 Vid
330 1419 39 27 val,
385 1426 44 14 som
444 1419 7 21 i
468 1420 12 25 $
497 1419 25 21 19
538 1420 91 25 nämnes,
644 1418 106 22 äfvensom
767 1418 28 22 då
805 1418 139 30 fullmäktige,
955 1419 65 28 enligt

199 1448 57 21 hvad
271 1448 7 20 i
294 1448 25 27 $$
335 1448 27 21 24
378 1448 40 21 och
432 1449 27 20 25
476 1449 65 26 säges,
556 1448 7 20 i
578 1447 105 29 egenskap
699 1448 23 21 af
736 1447 134 29 förliknings-
886 1448 50 21 eller
948 1447 71 29 skilje-

199 1476 63 22 nämd
277 1476 121 28 handlägga
413 1476 83 27 ärende,
510 1476 53 28 skall
578 1476 103 22 hvardera
695 1484 95 21 gruppen
805 1477 22 21 af
842 1476 132 29 fullmäktige
986 1476 32 22 till

199 1505 44 22 lika
261 1505 57 21 antal
337 1506 45 20 häri
400 1508 49 24 taga
468 1505 41 21 del.
538 1506 32 21 Ar
589 1505 23 22 af
629 1505 79 22 endera
724 1513 94 22 gruppen
835 1509 30 18 ett
880 1508 66 19 större
962 1506 57 21 antal

199 1534 137 27 närvarande,
351 1534 52 22 skall
420 1534 36 22 det
471 1534 170 29 öfverskjutande
657 1534 85 27 antalet,
756 1534 54 22 efter
825 1535 95 28 lottning,
930 1534 90 22 afträda.
