1117 1803
198 213 99 26 yttrande
311 214 8 20 i
334 213 39 21 sak
387 213 7 20 i
410 212 145 21 diskussioner
571 211 93 26 rörande;
674 211 189 28 grundlagsfrågor
873 212 46 21 icke
929 214 23 19 är
963 213 57 21 med-

199 240 72 27 gifvet.

267 287 33 22 Hr
322 288 128 24 Jansson,
472 285 118 22 Fredrik:
613 285 42 26 Jag
669 284 94 22 anhåller
778 285 21 21 få
814 286 96 21 meddela
924 288 32 19 att
973 287 47 21 mitt

198 315 109 22 uttalande
322 316 32 21 till
369 315 130 28 protokollet
514 314 46 21 icke
574 314 96 21 kommer
685 315 31 19 att
731 314 76 21 beröra
823 314 38 21 sak
877 316 50 19 utan
944 315 80 21 endast

198 350 82 15 remiss.

266 373 43 21 Det
333 373 7 20 i
362 372 48 21 vårt
431 371 50 22 land
503 371 94 21 rådande
620 370 99 26 sakläget,
735 370 64 22 hvars
817 370 140 28 oförenlighet
971 372 49 21 med

198 401 84 21 landets
297 401 143 21 konstitution
456 400 39 22 och
510 400 49 20 med
574 399 122 27 lagbunden
712 400 92 26 ordning
821 399 200 29 öfverhufvudtaget

197 429 46 22 icke
259 430 38 21 bör
313 430 39 21 och
373 429 46 22 icke
440 428 103 22 behöfver
558 428 22 21 af
594 428 43 27 mig
651 428 7 20 i
673 428 58 21 detta
747 428 153 26 sammanhang
915 429 106 27 utläggas,

198 464 65 22 synes
278 459 45 27 mig
338 460 51 25 göra
404 458 36 21 det
454 458 32 21 för
502 457 102 21 Finlands
621 457 86 21 ständer
722 456 31 22 till
769 463 26 15 en
811 456 98 28 oafvislig
924 458 54 27 plikt
987 460 33 20 att

197 486 83 28 främst,
295 487 40 22 och
349 488 65 20 innan
429 486 36 23 det
479 486 108 27 förelagda
602 486 83 21 arbetet
697 486 101 26 vidtager,
808 485 123 29 allvarligen
942 486 78 28 pröfva

197 516 40 21 och
261 516 79 27 afgöra,
356 516 106 21 huruvida
476 516 26 20 de
518 514 186 28 grundlagsenliga
718 514 207 28 förutsättningarna
939 515 34 21 för
988 518 31 19 ett

198 545 92 21 normalt
306 544 161 22 ständerarbete
488 546 36 19 äro
544 543 32 21 för
598 543 89 21 handen.
717 544 42 26 Jag
776 545 23 19 är
814 543 65 22 också
893 544 125 27 öfvertygad

199 574 79 26 därom,
293 575 32 20 att
340 573 197 27 representationen
552 572 49 21 fullt
615 572 87 21 beaktar
717 572 70 21 denna
802 572 33 21 sin
850 572 53 28 plikt
914 573 39 21 och
964 573 53 21 skall

197 602 58 22 finna
269 603 36 21 det
320 602 83 27 möjligt
417 604 31 19 att
468 602 58 21 inom
540 601 97 21 kortaste
652 601 30 21 tid
697 601 27 21 nå
739 602 31 20 ett
785 600 114 28 afgörande
914 602 7 20 i
935 601 81 27 frågan.

198 631 34 22 Då
253 631 117 22 emellertid
393 631 25 22 de
440 630 108 28 ingångna
569 630 77 27 nådiga
667 630 198 27 propositionernas
880 630 76 22 remiss
971 630 46 22 icke

197 660 41 21 kan
255 660 127 27 uppskjutas
397 660 31 21 till
444 660 49 21 dess
508 661 32 19 att
554 659 77 21 nämda
645 658 115 27 afgörande
775 658 113 28 föreligger
903 659 39 21 och
957 659 63 21 häraf

197 689 41 21 den
254 688 137 28 uppfattning
411 689 71 21 kunde
503 687 56 28 följa,
576 689 32 20 att
623 687 101 22 remissen
740 687 104 22 innebure
859 694 26 15 en
901 687 116 28 öfvergång

197 717 32 21 till
244 718 36 21 det
294 718 97 20 normala
405 717 169 21 ständerarbetet
588 717 64 20 innan
668 716 68 21 dettas
752 716 189 27 grundlagsenliga
949 716 68 22 förut-

197 746 120 27 sättningar
339 746 101 28 pröfvats,
456 746 24 21 så
502 744 94 22 anhåller
608 745 38 27 jag
660 744 33 21 för
708 744 47 22 mitt
770 744 164 22 vidkommande
949 744 21 22 få
985 745 31 21 till

196 775 130 27 protokollet
347 774 133 26 antecknadt,
496 776 31 19 att
539 774 37 27 jag
590 773 33 22 för
638 774 43 20 min
697 773 33 21 del
745 773 46 21 icke
805 774 49 21 med
869 774 146 27 remissåtgär-

197 804 42 21 den
253 804 124 28 förknippar
399 804 71 26 någon
486 804 112 26 anvisning
613 802 31 22 till
660 802 104 22 utskottet
778 805 32 19 att
825 803 132 21 omedelbart
971 803 46 22 vid-

196 835 49 25 taga
260 833 48 21 med
330 833 174 27 propositionens
522 832 134 26 behandling,
672 833 50 19 utan
737 830 88 23 fastmer
840 832 37 20 vill
891 831 63 22 hafva
968 832 48 22 här-

195 862 49 21 med
258 861 125 22 framhållen
398 861 115 21 utskottets
528 862 43 20 rätt
586 860 40 22 och
640 860 54 27 plikt
709 861 31 20 att
754 860 119 28 handlägga
887 861 129 27 propositio-

195 896 42 16 nen
253 890 54 22 först
323 897 34 15 om
373 890 39 22 och
426 892 39 19 när
480 890 26 21 de
522 888 187 28 grundlagsenliga
723 888 206 28 förutsättningarna
943 889 33 21 för
986 892 31 20 ett

196 919 93 21 normalt
303 919 159 21 ständerarbete
477 918 95 27 pröfvats
587 918 108 26 föreligga.

263 948 42 22 För
321 948 135 22 undvikande
470 946 23 22 af
506 947 126 22 tidsödande
646 947 136 27 upprepning
798 947 95 21 anhåller
899 947 40 27 jag
950 947 67 22 tillika

194 978 32 20 att
241 977 58 21 detta
314 977 49 21 mitt
377 976 109 22 uttalande
500 976 35 21 må
549 976 21 21 få
585 975 55 27 gälla
654 975 64 21 också
733 976 26 20 de
774 975 68 27 öfriga
857 976 31 20 till
899 976 76 21 remiss
986 983 30 14 nu

194 1004 173 23 förekommande
383 1005 77 27 nådiga
474 1005 192 27 propositionerna.

263 1058 44 20 Hrr
323 1058 165 24 Stenström,
505 1057 147 25 Carlström,
668 1056 158 27 Holmberg,
848 1052 93 35 Savön,
956 1057 58 21 Lun-

194 1085 97 27 denius,
316 1085 132 25 Sumelius,
470 1085 124 26 Renlund,
615 1084 114 26 Labbart,
745 1085 126 26 Boisman,
887 1085 128 26 Lundson,

193 1114 133 27 Bergman,
342 1114 119 27 Krogius,
478 1114 152 21 Stockmann
645 1113 39 21 och
700 1114 203 21 Hammarström
913 1113 102 22 förenade

194 1143 33 27 sig
241 1150 35 14 om
291 1143 26 21 hr
331 1143 106 22 Janssons
455 1143 114 21 uttalande.

261 1195 34 20 Hr
310 1194 110 27 Hynön:
435 1195 59 20 Minä
508 1194 82 26 pyydän
606 1193 143 27 pöytäkirjaan
765 1193 82 26 lausua,
861 1195 44 20 että
920 1195 58 20 minä
988 1201 25 14 en

193 1223 35 20 voi
251 1223 63 20 tähän
339 1223 64 26 yhtyä
425 1222 189 27 käytännöllisestä
635 1223 76 26 syystä,
731 1222 48 21 sillä
795 1228 34 15 me
844 1222 90 21 olemme
949 1224 65 19 tänne

192 1251 101 21 miehissä
319 1251 162 21 kokoontuneet
505 1251 84 26 työhön,
609 1250 24 27 ja
655 1250 104 21 tällaisten
782 1252 134 25 määräysten
939 1251 75 21 kautta

192 1280 112 20 voisimme
319 1279 52 21 tulla
387 1279 66 21 siihen
466 1285 106 20 asemaan,
583 1281 44 19 että
634 1279 106 27 jäisimme
750 1279 63 21 täällä
822 1279 107 21 istumaan
940 1281 72 25 iyöttä.

191 1308 105 21 Jokainen
319 1308 64 21 tietää
405 1310 43 19 että
465 1307 105 28 nykyinen
585 1313 73 16 asema
673 1314 27 14 on
715 1307 86 27 yleensä
815 1307 150 28 valtiopäiville
980 1310 32 19 tu-

191 1336 49 20 kala
259 1337 23 25 ja
304 1337 72 19 toivoo
399 1343 38 14 sen
459 1336 135 25 poistamista
615 1337 44 19 niin
676 1336 49 25 pian
741 1335 51 20 kuin
807 1336 141 21 mahdollista.
978 1336 35 21 On

193 1363 76 26 selvää,
290 1365 44 19 että
353 1363 101 27 jokainen
469 1365 45 19 tätä
528 1363 78 21 toivoo.
635 1363 70 21 Mutta
720 1363 117 21 sentähden
853 1364 58 20 minä
925 1370 26 14 en
968 1363 45 22 tah-

192 1392 50 21 toisi
256 1391 129 22 kuitenkaan
400 1393 115 26 työtämme
529 1391 177 27 viivytettäväksi.

261 1438 44 21 Hrr
327 1438 153 25 Durchman,
501 1437 85 22 Julius
608 1438 120 23 Jansson,
751 1437 78 26 Kalm,
845 1438 85 27 Spoof,
945 1438 66 21 John

191 1467 155 25 Dahlström,
376 1467 105 20 Teodor
507 1466 97 26 Heikel,
627 1467 144 25 Mattsson,
793 1467 97 26 Ansas,
909 1467 102 21 Johan-

191 1502 50 15 nes
258 1495 123 26 Castrén,
397 1495 126 21 Mikkola
538 1495 39 21 och
594 1495 164 27 Cederberg
772 1494 100 23 förenade
888 1496 33 27 sig
936 1502 34 15 om
985 1495 26 22 hr

190 1525 106 21 Janssons
312 1525 108 21 uttalande
435 1524 32 21 till
482 1524 135 27 protokollet.
