1117 1795
176 153 42 21 486
519 159 150 20 Bevillningar.

912 157 28 17 30
954 157 45 16 dec.

247 227 32 20 Hr
295 225 175 27 Ståhlberg:
500 226 47 21 Hra
560 226 116 21 Janssonin
692 226 108 21 viimeisen
816 225 121 21 lausunnon
951 225 48 27 joh-

178 255 64 21 dosta
260 255 105 26 pyytäisin
381 254 143 26 huomauttaa,
540 256 43 19 että
595 255 35 26 jos
646 254 68 21 hänen
729 253 174 22 tarkoituksensa
918 253 81 21 mukai-

179 283 52 22 sesti
246 283 58 21 asian
320 283 153 27 pöydällepano
488 283 160 27 huomispäivää
662 283 172 20 tuonnemmaksi
849 282 151 27 hyväksytään,

178 312 44 21 niin
246 312 151 21 vastakkainen
420 311 106 28 mielipide
548 312 41 21 itse
611 312 79 21 asiasta
707 311 20 21 ei
742 311 35 21 voi
792 311 52 22 tulla
859 311 140 27 äänestyksen

178 340 105 26 alaiseksi,
298 340 67 21 koska
380 340 69 21 silloin
465 340 47 21 aika
526 340 114 27 päätöksen
657 340 128 21 tekemiseen
801 340 49 21 siitä
865 346 27 15 on
903 339 97 22 ehdotto-

179 369 63 21 masti
257 371 88 24 mennyt
360 369 41 21 ohi.

249 427 33 21 Hr
303 426 144 25 Jansson,
470 426 141 22 Fredrik:
641 427 42 26 Jag
705 426 39 22 kan
767 426 46 22 icke
835 426 73 26 förstä,
930 428 31 19 att
976 426 27 21 hr

182 455 124 26 Stählbergs
329 457 85 18 senaste
433 454 139 27 anmärkning
587 461 51 15 vore
654 455 27 26 pä
696 455 65 26 nägot
776 457 43 19 sätt
833 454 97 27 befogad.
960 454 42 21 Om

181 483 41 22 den
237 483 114 27 meningen
367 483 69 22 skulle
451 489 67 21 segra,
533 486 31 19 att
579 483 142 22 betänkandet
736 483 45 22 icke
796 489 29 15 nu
841 483 65 21 borde
916 483 85 21 komma

182 512 33 21 till
230 511 135 28 behandling,
380 511 24 22 sä
418 511 32 22 fär
465 512 26 21 hr
507 512 112 27 Stählberg
633 511 58 22 finna
706 512 33 27 sig
753 512 32 21 uti
801 512 69 21 denna
886 512 81 27 utgäng
981 511 25 22 af

183 541 71 21 saken.
284 540 99 22 Beslutes
407 541 96 21 däremot
525 541 155 26 bordläggning
703 541 30 21 till
755 541 3 20 i
773 547 97 20 morgon,
886 541 24 21 sä
924 540 38 21 har
977 540 27 21 hr

182 569 113 27 Stählberg
317 569 65 21 redan
401 569 27 21 dä
443 569 80 22 tillfälle
537 572 32 19 att
583 569 21 22 fä
618 569 41 22 alla
674 569 46 22 sina
735 569 131 27 önskningar
881 569 6 21 i
902 569 101 22 afseende

181 598 13 21 å
209 598 77 21 sakens
301 597 115 28 afgörande
430 597 60 22 fram.

250 655 33 21 Hr
299 655 188 21 talmannen:
505 656 42 27 Jag
562 656 67 21 mäste
644 655 90 22 vidhälla
749 656 40 21 den
806 655 142 27 uppfattning,
963 657 39 23 att,

184 684 27 21 dä
221 683 51 22 flere
283 684 66 21 talare
359 684 76 27 begärt
445 684 156 27 bordläggning
607 684 31 22 till
643 685 171 26 morgondagens
823 684 92 27 plenum,
923 690 48 15 men
979 684 26 21 hr

182 713 106 21 Janssons
304 712 81 27 förslag
399 713 45 21 icke
459 713 114 21 innefattar
589 713 159 27 bordläggning,
764 713 88 21 ärendet
867 713 66 26 enligt
945 713 23 20 L.
979 712 27 22 O.

183 741 39 21 bör
245 741 127 27 bordläggas
395 741 31 21 till
449 741 66 27 sagda
529 742 93 27 plenum.
653 741 42 22 Det
710 741 41 21 kan
763 742 26 26 ju
804 741 75 26 hända,
894 743 32 20 att
941 741 63 22 dessa

183 769 67 22 talare
272 770 35 21 vid
325 770 172 27 morgondagens
515 770 86 27 plenum
617 770 68 21 skulle
701 770 66 21 önska
782 770 124 27 ytterligare
921 770 85 21 bemöta

182 798 26 21 hr
223 799 106 20 Janssons
343 798 86 27 förslag.

252 855 34 22 Då
300 855 25 22 hr
341 855 177 22 talmannen
534 841 51 36 härå
600 855 118 22 förklarade
733 856 31 21 till
779 856 135 27 protokollet,
930 858 31 19 att
975 862 31 15 nu

183 883 161 28 ifrågavarande
365 886 79 19 tvänne
467 885 146 21 betänkanden
633 885 68 21 skulle
717 884 127 27 bordläggas
860 884 31 21 till
906 891 102 20 morgon-

185 913 79 27 dagens
280 913 93 27 plenum,
389 913 102 27 begärdes
507 914 61 21 ordet
582 913 23 22 af

253 970 25 21 hr
299 970 140 26 Jansson,
461 971 138 26 Fredrik,
621 977 45 15 som
689 971 94 27 yttrade:
812 971 42 26 Jag
874 971 38 20 ber
932 970 21 21 få
976 970 31 21 till

187 999 130 26 protokollet
339 999 132 26 antecknadt,
487 1001 30 20 att
529 999 39 27 jag
583 999 77 22 önskar
676 1005 109 15 reservera
800 999 44 27 mig
859 1000 43 20 rätt
916 1001 32 19 att
963 1005 45 15 om-

186 1027 143 27 röstningsvis
344 1027 21 21 få
380 1027 53 22 fram
450 1028 40 21 den
507 1028 136 27 ståndpunkt,
655 1028 38 27 jag
708 1028 6 21 i
730 1028 69 21 denna
815 1028 38 21 sak
868 1027 108 22 företrädt.

255 1084 33 21 Hr
304 1084 187 21 Carlström:
507 1085 42 26 Jag
563 1085 38 21 ber
611 1087 32 19 att
653 1085 31 20 till
695 1085 129 26 protokollet
834 1083 22 22 få
866 1086 51 25 göra
928 1090 82 15 samma

186 1112 105 21 anmälan.

256 1225 33 22 Hr
311 1226 73 21 Löfs
407 1227 98 21 anhållan
523 1229 32 20 att
572 1227 33 22 för
621 1220 95 29 enskilda
731 1227 177 27 angelägenheter
923 1227 21 21 få
959 1233 51 16 vara

187 1253 143 22 frånvarande
345 1254 46 21 från
407 1256 171 26 morgondagens
594 1257 62 26 plena
671 1255 70 22 bifölls
756 1255 23 22 af
792 1253 91 24 ståndet.

257 1378 90 21 Plenum
363 1378 74 23 afslöts
452 1380 27 21 kl.
495 1380 38 26 8,15
550 1386 17 15 e.
583 1387 26 14 m.

806 1437 23 18 In
841 1437 65 18 fidem:

741 1473 25 20 A.
787 1472 22 21 V.
825 1472 118 28 Lindberg.
