1114 1770
89 112 26 16 21
127 112 43 17 dec.
436 101 133 38 Näringslag.
871 108 42 21 193

472 183 12 26 $
501 183 32 20 70.
872 182 8 6 :

159 226 143 27 Magistrater,
322 227 144 28 kronofogdar
485 227 41 21 och
548 228 149 27 länestyrelser
719 227 60 21 skola
803 227 46 21 föra
865 229 44 19 sär-

87 254 71 20 skilda
180 254 161 28 förteckningar
360 256 62 20 öfver
440 256 146 26 anmälningar
608 255 40 21 och
668 255 125 22 meddelade
813 255 97 21 tillständ

88 282 32 21 till
143 282 117 21 utöfvande
280 283 22 20 af
322 284 137 28 näringsyrke
480 284 110 21 äfvensom
610 283 148 28 anmälningar
776 290 36 14 om
827 283 83 28 upphö-

88 310 65 22 rande
162 310 86 22 därmed
256 314 54 18 samt
318 311 84 21 förvara
411 312 27 20 de
446 312 32 20 till
487 312 47 20 dem
544 313 5 19 i
558 311 79 22 sådana
645 312 91 20 ärenden
746 311 81 28 ingifna
837 311 70 28 betyg.

157 338 32 22 Af
204 339 123 21 förenämda
342 340 160 28 förteckningar
518 341 49 21 böra
584 340 137 28 erforderliga
734 340 112 21 afskrifter
857 339 51 22 eller

87 368 76 28 utdrag
179 368 79 28 ärligen
275 368 151 22 kestnadsfritt
440 369 110 21 tillsändas
566 369 161 21 kommunernas
743 370 164 26 taxeringsmän.

470 456 12 26 8
499 456 33 20 71.

156 499 66 22 Hvad
242 501 6 20 i
268 499 70 22 denna
356 501 34 26 lag
408 502 23 19 är
446 500 62 28 sagdt
524 507 33 14 om
576 501 116 27 magistrat,
712 499 105 27 tillämpas
833 499 12 21 &
864 499 49 22 ord-

87 529 106 28 ningsrätt
207 529 7 20 i
230 528 26 21 de
272 528 78 27 städer,
365 528 38 22 där
418 529 110 28 magistrat
544 530 18 27 ej
579 529 66 21 finnes
662 528 97 21 inrättad.

473 616 11 24 $
501 616 32 20 72.

157 660 115 21 Förmenar
286 660 144 28 yrkesidkare,
447 660 51 22 eller
514 660 81 22 biträde
610 660 51 21 eller
674 660 95 21 arbetare
781 660 38 21 hos
830 659 74 27 sädan,

87 692 32 18 att
134 688 67 28 nägot
214 689 209 28 yrkesfullmäktiges
439 690 7 20 i
461 689 48 21 stad
525 689 69 22 beslut
609 689 48 21 icke
673 690 6 20 i
695 689 46 28 laga
757 688 92 28 ordning
864 688 44 21 till-

88 718 89 20 kommit
200 718 50 20 eller
272 718 44 20 stär
335 719 7 19 i
362 717 51 22 strid
434 717 49 22 med
501 717 98 29 gällande
617 718 35 27 lag
672 717 50 22 eller
743 717 92 21 kränker
854 717 53 21 hans

88 746 98 21 enskilda
208 748 48 24 rätt,
276 754 50 13 vare
347 746 118 28 berättigad
484 750 31 18 att
530 746 38 22 hos
589 746 135 28 magistraten
739 746 75 21 anföra
831 746 77 20 besvär

87 774 63 22 öfver
171 774 91 22 beslutet
281 776 56 20 inom
358 775 72 21 trettio
452 774 66 28 dagar
536 776 55 20 efter
606 774 36 22 det
658 774 91 22 beslutet
764 774 75 22 fattats
856 774 51 21 eller

89 803 42 21 han
147 803 62 21 däraf
225 803 84 21 erhällit
324 803 40 22 del.

473 874 11 25 s
501 874 32 19 73.

158 918 67 21 Föres
241 918 75 28 klagan
333 918 105 27 däröfver,
455 921 31 18 att
499 919 69 20 beslut
579 919 17 27 ej
609 919 6 20 i
626 918 47 28 laga
684 917 89 28 ordning
784 917 128 27 tillkommit,

89 947 52 21 eller
155 949 32 19 att
201 947 37 21 det
253 947 43 21 stär
311 948 6 20 i
333 947 53 21 strid
398 947 48 21 med
457 947 99 28 gällande
566 947 41 28 lag,
618 947 50 20 eller
679 953 76 14 annars
766 945 146 22 öfverskrider

89 976 62 21 deras
173 975 134 28 befogenhet,
327 983 45 14 som
393 975 93 22 beslutet
507 975 69 26 fattat,
600 982 38 21 ege
658 976 143 27 magistraten,
817 982 33 14 om
869 974 42 21 den

89 1005 67 20 finner
171 1004 45 21 skäl
232 1004 70 21 därtill
318 1004 137 27 förekomma,
472 1005 102 20 beslutets
590 1003 161 28 värkställighet
767 1003 107 29 förbjuda.

158 1032 101 21 Grundas
283 1033 102 21 besvären
409 1033 71 27 därpä,
503 1036 31 18 att
556 1033 80 27 nägons
659 1032 96 21 enskilda
776 1033 42 19 rätt
838 1031 73 21 blifvit

88 1068 77 21 genom
187 1060 92 22 beslutet
300 1061 83 24 kränkt,
403 1060 40 22 och
462 1062 64 20 varda
543 1062 103 20 besvären
661 1060 120 28 godkända,
796 1060 55 28 gälle
867 1061 43 20 rät-

89 1089 68 21 telsen
178 1090 31 20 till
231 1090 82 20 förmän
336 1089 33 21 för
390 1089 48 26 den,
458 1097 45 14 som
524 1090 76 28 klagat,
621 1089 41 21 och
677 1088 74 22 stände
768 1089 92 21 beslutet
876 1088 35 21 för

89 1117 72 29 öfrigt,
181 1121 50 18 utan
253 1117 23 22 sä
296 1120 28 24 är,
342 1120 32 19 att
393 1118 36 21 det
447 1118 67 22 finnes
530 1117 108 22 stridande
654 1120 44 18 mot
713 1116 98 29 gällande
827 1117 40 28 lag,
883 1116 28 22 dä

90 1147 136 27 magistraten
250 1146 40 22 ock
314 1146 33 22 mä
370 1146 109 28 angäende
507 1146 150 29 upphäfvande
678 1146 22 21 af
722 1146 91 21 beslutet
833 1146 6 20 i
860 1145 51 21 dess

90 1174 73 22 helhet
177 1175 107 21 förordna.

441 1284 68 28 Kap.
528 1283 42 22 VL

143 1347 36 22 Om
195 1346 67 23 straff
272 1346 36 22 för
324 1345 156 23 öfverträdelse
496 1346 25 21 af
532 1345 166 23 föreskrifterna
714 1344 4 22 i
735 1345 68 22 denna
818 1345 40 27 lag.

475 1420 13 26 $
504 1420 32 20 74.

161 1465 55 28 Den,
237 1473 44 14 som
303 1469 50 18 utan
373 1465 129 28 föregängen
524 1464 87 28 behörig
632 1464 96 21 anmälan
751 1464 51 21 eller
826 1463 90 22 erhället

91 1494 104 27 tillständ,
216 1495 38 21 där
278 1494 78 22 sädant
378 1493 112 26 erfordras,
512 1493 87 22 utöfvar
624 1493 143 28 näringsyrke,
793 1493 51 21 eller
869 1499 46 15 som

827 1534 21 16 13
