1123 1820
222 153 40 20 140
559 152 140 31 Konkurslag.
961 159 25 17 21
998 159 44 17 dec.

221 226 50 21 boet
285 226 57 26 eller,
356 233 35 14 om
405 226 145 28 uppteckning
565 226 64 21 redan
645 225 63 27 skett,
719 226 90 27 granska
823 229 56 18 samt
888 226 70 21 såvidt
968 226 76 27 nödigt

221 256 56 19 rätta
290 254 41 21 och
346 254 171 27 förfullständiga
531 255 69 21 denna
614 254 40 22 och
669 254 27 21 de
711 254 44 21 däri
771 254 70 22 åsatta
853 255 97 21 värdena.

289 283 180 28 Uppteckningen
484 283 54 21 skall
553 285 106 27 uppgöras
673 283 49 21 med
736 283 138 28 iakttagande
888 283 24 21 af
925 283 58 22 hvad
995 285 6 19 i
1016 285 25 19 11

222 312 13 27 $
249 311 67 28 tredje
332 319 62 14 mom.
409 314 57 25 sagts
482 315 55 18 samt
548 312 78 28 jämväl
642 311 92 28 angifva,
744 311 74 22 hvilka
827 312 80 22 böcker
917 312 126 27 gäldenären

221 341 8 20 1
244 340 32 21 sin
290 341 74 26 näring
379 340 51 21 eller
444 340 50 29 eljes
509 340 49 22 fört.
577 341 79 21 Tillika
670 340 54 21 skall
734 342 92 25 utrönas,
837 340 105 22 huruvida
953 341 27 21 de
990 348 52 21 upp-

221 372 65 23 tagna
307 369 147 28 fordringarna
472 369 22 21 af
517 369 125 28 gäldenären
665 369 68 22 såsom
756 369 77 29 riktiga
856 369 122 28 godkännas
993 369 51 22 eller

221 397 54 27 icke,
290 400 56 19 samt
359 398 9 21 i
382 404 74 15 senare
478 397 60 22 fallet
552 398 37 22 vid
611 398 72 28 hvarje
708 397 91 27 fordran,
818 405 45 15 som
878 398 23 21 af
915 398 77 22 honom
1006 398 37 22 be-

221 425 82 27 strides,
318 426 72 22 härom
405 427 141 28 uttryckligen
562 427 115 21 anmärkas.

289 455 153 21 Instrumentet
463 455 61 22 öfver
546 455 153 28 förrättningen
721 458 110 26 uppsättes
853 456 8 21 i
877 455 38 22 två
936 456 108 21 exemplar

222 484 40 20 och
284 483 158 22 underskrifves
462 484 78 28 jämväl
555 484 23 21 af
595 484 127 28 gäldenären
737 484 40 22 och
793 484 150 28 godemannen,
957 484 87 22 hvilken

223 512 64 22 sedan
302 512 24 22 så
340 512 43 22 fort
397 512 37 22 ske
450 512 41 22 kan
506 513 103 22 inlämnar
623 512 38 22 det
675 520 39 14 ena
729 513 131 29 exemplaret
873 513 34 21 till
920 513 124 22 domstolen.

222 540 85 29 Vägrar
329 541 126 27 gäldenären
470 542 32 20 sin
516 541 137 27 underskrift,
674 542 64 21 varde
753 542 8 21 i
775 542 72 22 stället
868 542 60 21 bevis
942 550 35 14 om
991 542 52 21 hans

221 572 79 25 vägran
315 570 23 21 af
352 570 227 27 förrättningsmännen
594 570 102 22 tecknadt
710 570 13 21 å
737 571 152 21 instrumentet.

607 635 27 21 74
649 634 18 27 8.

290 678 78 23 Finnes
383 680 7 20 i
406 679 142 22 konkursboet
563 680 108 28 egendom,
686 688 44 13 som
745 682 24 19 är
783 679 143 22 underkastad
940 680 104 21 förskäm-

221 708 57 27 ning,
292 715 49 14 snar
362 708 121 21 förstörelse
498 709 51 21 eller
564 709 79 28 hastigt
665 709 103 21 värdefall
783 708 52 22 eller
852 709 106 21 erfordrar
972 709 72 21 alltför

221 736 93 22 kostsam
329 736 59 27 vård,
403 744 38 20 ege
464 737 150 27 godemannen,
631 737 54 22 efter
707 737 138 22 meddelande
863 737 33 22 till
912 738 132 27 gäldenären,

222 765 91 29 föryttra
328 765 65 22 sådan
408 766 103 27 egendom
527 774 49 14 vare
591 767 33 27 sig
639 766 12 21 å
665 767 87 21 auktion
767 767 51 21 eller
832 766 67 22 under
913 767 63 27 hand,
990 767 54 21 efter

221 793 58 22 hvad
293 794 35 21 för
342 794 142 22 konkursboet
498 797 23 19 är
536 795 172 28 fördelaktigast;
723 795 42 22 låte
783 795 55 22 dock
856 796 7 20 i
874 796 112 21 sistnämdt
1000 795 44 27 fall,

221 823 39 21 där
274 823 130 28 egendomen
419 825 23 20 är
456 825 132 27 synnerligen
611 824 110 27 värdefull,
739 824 123 22 densamma
876 825 54 20 först
945 824 99 22 värderas

222 859 74 20 genom
311 851 137 28 sakkunniga.

290 879 76 23 Såvidt
387 881 33 21 till
442 881 135 22 bestridande
599 882 22 21 af
643 881 208 22 konkurskostnader
874 881 169 28 oundgängligen

221 908 82 22 fordras
325 909 70 21 medel
416 910 84 21 utöfver
521 910 56 22 hvad
593 911 7 20 i
616 910 49 22 boet
686 910 69 22 finnes
770 910 51 22 eller
841 916 75 21 genom
930 910 114 29 nyssnämd

221 937 125 28 försäljning
368 938 51 21 eller
432 939 8 20 i
455 938 38 22 fall
508 946 44 14 som
567 940 8 20 i
591 940 26 20 75
634 940 11 26 $
661 941 48 25 sägs
731 938 92 29 inflyter,
846 938 34 22 må
898 938 63 22 äfven
976 947 67 13 annan

221 966 135 27 lösegendom
371 974 25 14 ur
411 966 142 23 konkursboet
567 968 107 28 föryttras.

598 1037 27 21 175
641 1037 19 27 8.

289 1081 67 21 Idkar
378 1081 126 27 gäldenären
526 1082 37 21 vid
578 1082 129 21 konkursens
730 1082 72 28 början
817 1082 78 22 handel
911 1082 51 22 eller
976 1090 68 14 annan

222 1110 79 27 näring,
316 1116 39 21 ege
378 1110 143 27 godemannen
536 1110 33 22 till
585 1111 47 21 dess
647 1110 269 27 borgenärssammanträde
931 1111 92 21 beslutat
1037 1112 7 20 i

221 1138 65 21 saken
301 1138 43 21 låta
366 1138 121 22 densamma
499 1140 7 20 i
521 1138 49 22 dess
585 1139 72 21 helhet
679 1139 51 21 eller
744 1140 7 20 i
766 1140 57 21 vissa
840 1139 59 22 delar
919 1139 75 28 fortgå,
1010 1147 33 14 om

222 1166 48 22 dess
284 1166 128 22 inställande
427 1167 87 29 pröfvas
529 1167 63 22 lända
607 1167 142 22 konkursboet
759 1168 39 21 till
809 1162 105 38 uppenbar
927 1168 68 22 skada
1003 1168 41 22 och

222 1194 69 22 medel
305 1195 33 21 till
353 1195 102 21 rörelsens
470 1195 141 22 fortsättande
625 1196 69 22 finnas
709 1196 50 21 eller
769 1196 70 22 kunna
855 1196 103 29 påräknas
968 1196 76 29 inflyta

222 1230 74 20 genom
311 1223 127 22 densamma.

290 1251 152 22 Godemannen
465 1252 43 21 låte
530 1252 69 22 tillika
613 1253 8 21 i
635 1252 28 22 de
678 1252 85 28 böcker,
779 1252 126 29 gäldenären
920 1254 8 20 i
942 1254 101 27 näringen

223 1280 49 26 fört,
287 1280 97 22 utmärka
399 1280 149 28 bokföringens
564 1281 119 21 afslutande
698 1281 13 21 å
725 1281 42 21 den
778 1281 108 29 tidpunkt,
900 1282 28 21 då
942 1282 102 21 konkurs-

221 1308 132 22 förfarandet
367 1308 111 30 begynnte.

607 1356 26 20 76
649 1356 18 25 S.

291 1399 75 27 Afrad,
380 1399 54 28 hyra
448 1399 51 21 eller
514 1402 66 23 ränta,
595 1407 44 13 som
654 1399 63 21 faller
725 1399 24 21 af
761 1399 49 22 boet
819 1399 95 28 tillhörig
926 1399 43 22 fast
981 1406 63 21 egen-

221 1427 50 22 dom
286 1427 52 22 eller
351 1427 134 28 anläggning,
499 1427 23 22 sä
536 1427 41 23 ock
592 1427 152 27 skiftesbidrag
759 1428 51 22 eller
824 1435 68 15 annan
907 1428 60 29 dylik
978 1428 66 22 betal-

221 1456 57 28 ning,
292 1464 46 14 som
352 1456 33 22 till
400 1456 50 22 boet
464 1456 95 29 tillhörig
574 1456 102 28 fastighet
690 1456 67 28 utgår,
772 1457 54 22 skall
836 1457 67 22 hållas
918 1457 66 23 skildt
998 1458 46 28 och,

221 1485 65 21 sedan
299 1486 130 27 egendomen
444 1485 112 28 äliggande
569 1485 86 29 utskyld
664 1485 76 23 främst
750 1486 85 28 guldits,
847 1486 49 22 med
906 1486 137 29 iakttagande

221 1514 23 22 af
259 1514 127 28 lagstadgad
409 1514 209 28 betalningsordning
641 1515 107 21 användas
773 1515 34 22 för
821 1515 27 22 de
871 1515 125 28 fordringar,
1011 1516 33 21 för

222 1542 86 23 hvilken
324 1544 128 27 egendomen
468 1546 23 19 är
505 1543 123 29 underpant.
