1117 1803
188 154 40 20 362
375 159 49 17 Den
434 160 78 20 lagliga
524 159 127 20 ordningens
664 157 156 18 återställande.

924 158 26 17 29
963 158 47 17 dec.

188 227 56 21 hvad
266 227 60 22 skola
345 227 115 22 ständerna
482 229 56 25 göra,
557 227 27 22 då
603 226 206 27 förutsättningarna
823 226 32 21 för
870 228 32 19 ett
916 225 95 22 normalt

187 256 187 27 landtdagsarbete
395 256 45 21 icke
458 255 128 22 förefinnas?
616 255 49 22 Men
681 255 116 21 tillsvidare
812 261 62 15 anser
887 254 37 27 jag
939 254 69 21 denna

187 284 60 27 fråga
262 291 50 14 vara
327 285 33 21 för
375 284 63 27 tidigt
452 284 68 22 väckt.
544 284 104 22 Särskildt
662 283 68 22 måste
743 284 38 27 jag
795 282 115 27 framhålla,
926 285 32 19 att
973 283 36 21 det

187 313 47 21 icke
249 313 68 21 skulle
331 313 74 21 bevisa
420 313 38 21 hos
473 313 177 26 borgareståndet
663 312 71 27 någon
750 312 109 27 synnerlig
873 311 89 28 aktning
976 311 34 22 för

186 341 84 22 landets
286 341 169 27 representation
470 341 8 21 i
493 341 49 22 dess
558 341 75 26 helhet,
650 347 35 15 om
694 340 179 27 borgareståndet
882 342 84 20 ensamt
975 339 36 22 för

188 370 34 27 sig
236 369 68 22 skulle
320 370 84 21 besluta
418 370 34 27 sig
466 369 33 23 för
514 376 26 15 en
556 370 66 22 sådan
637 369 75 27 åtgärd
728 375 46 16 som
790 369 40 21 den
848 368 24 22 af
879 368 25 22 hr
914 368 94 22 Jansson

187 398 127 27 föreslagna,
330 401 21 25 ty
366 400 32 20 att
412 398 54 22 fatta
480 401 31 19 ett
526 399 76 21 sådant
616 398 126 22 ostentativt
756 397 72 22 beslut
842 397 40 22 bör
896 397 114 21 ankomma

187 428 29 26 på
230 427 99 27 samtliga
344 428 63 21 stånd
422 427 39 22 och
475 427 46 22 icke
537 428 54 21 blott
606 428 27 27 på
648 428 30 20 ett
693 427 60 21 enda.
776 426 43 22 Vill
832 426 178 27 borgareståndet

188 455 72 23 därför
275 459 93 25 upptaga
384 456 26 22 hr
424 456 106 22 Janssons
545 456 86 28 förslag,
647 456 24 21 så
684 456 68 21 borde
766 456 37 21 det
818 455 37 22 ske
870 455 7 21 i
892 455 41 22 den
948 454 61 27 form,

188 487 32 19 att
241 486 119 21 detsamma
380 485 78 21 sändes
481 485 30 21 till
535 485 83 22 utskott
639 484 33 22 för
693 486 31 20 att
742 484 106 22 utskottet
863 483 98 22 däröfver
976 484 34 21 må

188 513 79 27 afgifva
288 513 139 26 betänkande,
449 514 80 21 hvilket
551 514 63 22 sedan
638 513 70 22 kunde
730 513 117 21 behandlas
869 512 23 22 af
912 512 98 27 samtliga

188 542 70 22 stånd.
287 542 42 22 För
344 543 44 21 min
403 542 34 22 del
451 542 98 22 förordar
561 543 38 27 jag
614 542 53 21 dock
681 542 46 21 icke
742 542 71 26 någon
828 542 66 21 sådan
909 541 83 21 remiss.

257 571 33 21 Hr
306 571 94 22 Jansson
422 571 56 26 sade,
499 574 31 19 att
550 572 36 21 det
605 571 69 21 finska
695 570 76 22 folkets
787 570 65 22 heder
867 570 40 21 och
922 570 89 27 aktning

188 599 33 22 för
236 600 34 26 sig
284 599 58 27 själft
356 599 90 25 kräfver,
461 602 32 19 att
508 600 66 21 orden
588 599 62 27 följas
666 599 23 21 af
701 599 122 21 omedelbar
838 599 107 26 handling.
969 599 42 26 Jag

188 628 66 27 vågar
268 628 33 21 för
316 629 44 20 min
376 628 33 21 del
424 630 39 23 tro,
479 631 31 18 att
525 629 36 20 det
575 627 69 22 finska
658 627 78 22 folkets
751 627 65 21 heder
832 627 40 22 och
887 627 124 27 själfkänsla

188 656 68 22 hvilar
280 657 27 26 på
328 663 26 15 en
375 657 59 26 långt
455 657 91 21 solidare
566 657 69 27 grund
651 658 26 19 än
693 657 27 26 på
735 662 26 15 en
777 655 62 28 dylik,
852 655 38 28 jag
905 655 34 22 må
954 657 56 25 säga,

188 685 89 21 kraftlös
300 685 108 27 handling.
439 685 83 28 (Hyvä).
552 686 43 21 Det
612 685 69 21 finska
695 684 77 22 folkets
788 685 64 21 heder
868 684 39 21 och
922 684 90 27 aktning

188 714 69 20 hvilar
280 714 101 26 däruppå,
404 716 30 19 att
456 714 37 21 det
515 715 88 26 manligt
622 713 40 22 och
678 713 83 27 värdigt
776 713 74 21 häfdar
865 713 33 21 sin
914 715 43 19 rätt
972 713 39 21 och

189 742 64 26 yrkar
268 742 28 27 på
311 742 49 22 dess
375 741 51 22 fulla
441 742 130 28 åtnjutande,
587 742 45 22 icke
647 742 27 26 på
689 748 26 15 en
731 741 56 28 dylik
802 748 45 14 mer
862 741 51 21 eller
928 741 85 21 mindre

189 770 141 28 betydelselös
355 770 117 28 förklaring
493 777 45 15 som
562 772 46 25 den,
631 770 84 22 hvilken
738 770 22 21 af
780 770 24 21 hr
826 770 94 22 Jansson
944 770 71 21 föror-

189 799 53 22 dats.
274 799 66 28 (Bra).

258 857 32 21 Hr
313 857 255 21 Hammarström:
597 857 41 26 Jag
660 862 63 15 anser
745 856 43 27 mig
809 856 51 21 böra
881 855 79 27 afgifva
980 858 30 19 ett

188 885 136 21 förklarande
339 885 74 27 tillägg
427 884 31 22 till
474 885 48 21 mitt
536 885 98 27 yttrande
651 884 6 22 i
675 884 73 27 början
768 884 23 22 af
802 884 69 21 denna
882 884 129 21 diskussion.

189 914 50 21 Med
260 913 39 21 full
321 913 103 27 tydlighet
439 913 61 22 torde
516 920 25 14 ur
556 914 58 21 detta
629 913 48 21 mitt
691 913 99 26 yttrande
804 912 88 27 framgä,
908 914 31 20 att
951 912 38 28 jag
1003 913 8 20 i

189 942 38 21 allt
242 942 114 27 väsentligt
372 942 96 21 ansluter
483 942 44 26 mig
542 942 30 21 till
588 942 117 21 utskottets
720 940 80 28 förslag
816 941 58 21 säväl
888 941 8 21 i
910 940 101 22 afseende

190 970 12 22 å
216 970 129 28 motivering
360 976 46 16 som
422 970 62 22 kläm.
501 971 41 21 Vid
558 970 41 22 den
615 969 105 23 blifvande
738 970 161 26 omröstningen
914 969 100 22 kommer

187 1000 39 26 jag
248 998 62 22 äfven
332 1001 30 19 att
381 999 49 21 med
445 1000 43 20 min
504 1001 46 20 röst
564 999 88 27 bidraga
667 998 31 22 till
714 998 164 28 godkännandet
892 998 23 22 af
928 998 84 22 utskot-

189 1030 43 19 tets
252 1028 81 27 förslag
354 1028 143 22 oförändradt.
528 1028 43 22 Det
591 1027 108 22 uttalande
713 1028 91 21 rörande
819 1027 129 26 äterremiss,
963 1033 46 15 som

190 1057 6 20 i
212 1056 48 22 mitt
274 1056 136 27 andragande
426 1056 101 24 förekom,
543 1063 37 15 var
596 1056 90 22 sälunda
700 1056 68 22 afsedt
784 1056 76 22 endast
874 1058 32 19 att
917 1055 93 27 pävärka

188 1085 83 21 formen
296 1084 33 22 för
354 1085 129 25 återremiss,
505 1084 33 22 för
558 1085 40 22 den
618 1085 101 20 händelse
744 1087 31 18 att
799 1090 26 15 en
851 1084 65 21 sådan
940 1083 71 22 blefve

189 1113 104 22 besluten.
323 1114 42 26 Jag
387 1113 37 21 vill
445 1113 33 21 för
501 1113 199 27 fullständighetens
720 1113 55 21 skull
796 1119 97 20 upprepa
908 1111 102 28 förslaget

188 1142 97 27 sälunda,
300 1144 37 23 att,
357 1142 34 21 för
411 1142 40 21 den
472 1141 101 22 händelse
588 1142 85 21 ständet
687 1142 95 21 besluter
798 1142 33 25 sig
846 1143 30 19 att
892 1141 117 21 äterremit-

189 1174 46 18 tera
256 1171 89 21 ärendet
366 1170 31 21 till
412 1170 111 27 utskottet,
539 1171 69 21 denna
623 1170 122 21 återremiss
760 1171 8 20 i
782 1169 73 27 hvarje
869 1169 37 22 fall
921 1169 35 22 mä
972 1169 42 22 ske

189 1199 68 21 under
279 1199 36 21 det
332 1198 109 27 förbehäll,
456 1200 32 20 att
508 1199 153 21 betänkandets
680 1198 140 27 formulering
835 1197 22 22 af
872 1198 40 21 den
928 1197 81 22 konsti-

190 1227 112 22 tutionella
324 1227 163 28 uppfattningen
506 1227 80 26 därom,
600 1229 32 20 att
646 1226 207 28 förutsättningarna
867 1226 33 22 för
915 1229 31 19 ett
961 1232 52 16 nor-:

188 1256 52 21 malt
264 1256 161 22 ständerarbete
439 1256 33 22 för
487 1256 132 22 närvarande
634 1256 83 25 saknas,
732 1256 46 21 icke
792 1255 69 22 blefve
875 1255 134 21 förvanskad.

257 1313 33 21 Hr
306 1313 176 22 Karvonen:
513 1314 70 21 Niistä
603 1313 155 26 lausunnoista,
777 1312 55 28 joita
852 1312 64 22 täällä
930 1318 28 16 on
973 1318 36 15 an-

189 1344 60 18 nettu
272 1342 154 20 käsiteltävänä
448 1342 94 20 olevasta
565 1342 142 24 mietinnöstä,
726 1342 40 26 käy
789 1341 86 23 selville,
896 1342 44 20 että
962 1341 48 21 olisi

188 1371 58 19 tästä
260 1369 139 21 mietinnöstä
414 1369 92 21 toivottu
521 1369 117 27 asiakirjaa,
650 1369 52 27 joka
717 1368 90 22 esittäisi
817 1368 70 22 kaikki
897 1375 27 15 ne
934 1375 77 20 perus-

190 1397 167 27 tuslakejamme,
373 1398 83 20 oikeus-
469 1397 24 27 ja
506 1397 315 27 yhteiskuntajärjestystämme
831 1397 117 21 hävittävät
958 1397 52 21 lain-

189 1426 112 21 säädäntö-
313 1426 24 27 ja
355 1425 151 22 hallinnolliset
528 1426 79 26 toimet,
620 1425 23 28 ja
658 1427 44 20 että
716 1426 64 21 niistä
792 1425 90 27 johtuva
898 1425 116 22 sekasorto:

188 1454 48 22 olisi
250 1454 125 21 tarkoilleen
390 1454 110 27 yksityisiä
515 1454 72 22 kohtia
602 1455 84 27 myöten
702 1454 47 21 eikä
763 1460 54 15 vaan
833 1454 176 27 pääpiirteissään

188 1483 92 28 esitetty.
310 1483 109 22 Tällainen
435 1483 111 21 selonteko
561 1482 272 29 valtiopäiväasiakirjoissa
848 1483 48 21 olisi
906 1482 104 22 tietenkin

188 1511 55 22 ollut
258 1517 80 22 sangen
354 1512 123 26 toivottava,
492 1514 69 19 mutta
576 1511 43 22 kun
630 1511 48 22 olisi
688 1512 130 27 ylenmäärin
829 1511 127 28 viivyttänyt
965 1513 45 20 tätä

187 1541 65 26 asiaa,
264 1541 35 27 jos
316 1540 122 22 valiokunta
454 1540 48 22 olisi
516 1541 100 27 ryhtynyt
631 1542 106 20 ottamaan
754 1540 72 22 selvää
840 1540 91 22 kaikista
946 1540 65 22 niistä
