1125 1809
103 132 14 18 8
129 132 44 17 dec.
452 129 121 31 Annonser.
910 124 14 22 9

172 200 130 23 Annonser
325 207 33 15 om
382 201 96 22 ständets
504 201 170 22 sammanträden
700 201 69 21 skulle
791 200 79 22 införas
893 200 32 21 uti

104 229 98 27 samtliga
217 230 6 20 i
239 230 74 21 staden
337 230 152 22 utkommande
504 230 84 27 dagliga
602 230 114 26 tidningar.

172 373 42 22 Vid
230 373 92 21 härefter
337 373 101 22 anställdt
453 373 33 21 val
502 373 23 21 af
539 373 35 21 två
589 373 116 22 ledamöter
720 373 39 21 och
773 379 26 15 en
811 373 115 28 suppleant

104 402 7 21 i
127 401 270 29 talmanskonferensen
415 402 94 27 utsägos,
520 402 31 21 till
561 402 116 21 ledamöter
687 401 36 22 hir
741 402 75 21 Felix
832 401 93 22 Heikel

105 431 49 21 med
169 431 28 21 62
211 431 39 21 och
266 430 99 22 Öhman
382 431 48 22 med
444 431 27 21 47
483 432 69 20 röster
565 433 54 20 samt
629 431 32 22 till
671 431 115 26 suppleant
795 431 26 21 hr
831 431 94 22 Idman

105 460 48 21 med
179 460 26 21 31
232 461 74 20 röster.

174 489 40 21 Vid
231 488 56 22 valet
301 488 81 22 erhöllo
398 489 103 26 därjämte
516 488 91 27 följande
623 488 213 22 ständsmedlemmar
849 490 78 24 röster,

105 517 106 27 nämligen
235 517 30 22 till
288 517 116 22 ledamöter
426 517 37 21 hrr
480 523 41 16 von
544 517 69 22 Pfaler
629 518 18 25 7,
671 517 86 21 Kumlin
781 517 19 26 5,
816 517 110 27 Hallberg,

107 545 76 28 Hynön
195 546 39 21 och
245 546 97 27 Ignatius
354 545 79 22 enhvar
444 547 13 20 3
468 546 38 21 och
518 546 107 27 Clouberg
634 547 13 20 2
658 547 69 20 röster
737 548 56 19 samt
803 545 36 22 hrr
850 546 76 21 Idman

104 575 40 22 och
168 575 124 21 Söderholm
315 575 103 21 hvardera
442 576 9 19 1
476 577 51 22 röst,
550 574 108 22 äfvensom
681 575 31 20 tili
735 574 138 27 suppleanter
888 575 38 20 hrr

106 603 87 22 Kumlin
211 604 32 21 19.
259 610 40 15 von
316 603 71 22 Pfaler
404 604 32 21 10,
452 604 96 26 Ignatius
563 604 13 20 4
592 603 39 22 och
646 603 103 27 Hallberg
761 604 13 20 2
785 605 69 20 röster
870 606 57 19 samt

102 632 30 21 hr
154 632 57 21 Felix
234 632 75 22 Heikel
334 633 8 20 1
360 634 51 19 röst.

174 661 31 21 Af
218 661 26 21 de
258 661 120 22 inlämnade
400 661 133 22 valsedlarna
555 661 152 22 medräknades
723 661 45 21 icke
784 664 38 23 tre,
837 661 89 21 emedan

106 689 109 22 desamma
230 692 95 25 upptogo
341 692 87 19 namnet
443 690 75 21 Heikel
534 692 50 19 utan
600 689 126 28 angifvande
736 690 23 21 af
767 689 97 22 förnamn
876 689 51 22 eller

107 724 69 15 annan
192 718 105 22 ätskilnad
313 718 89 21 emellan
418 719 26 20 de
459 719 36 20 tvä
508 718 132 28 fullmäktige
655 719 48 20 med
719 719 65 26 sagda
798 724 70 19 namn,
880 724 45 15 som

106 746 79 22 funnos
192 742 12 36 i
219 747 90 22 ständet.

176 879 69 22 Sedan
269 880 109 21 läktarena
400 880 51 21 härä
473 883 96 25 utrymts,
593 880 98 28 uppläste
718 879 37 22 hrr
781 879 145 27 Hallberg,

104 909 162 22 Lundenius
282 909 38 22 och
336 909 85 22 Edvin
438 909 111 22 Castrén
563 910 53 21 hvar
632 909 53 22 efter
699 915 69 15 annan
786 909 26 21 de
827 908 34 27 tal,
877 909 49 21 med

107 938 71 21 hvilka
193 938 26 21 de
234 938 78 21 ärnade
327 938 135 27 öfverbringa
477 939 188 27 borgareständets
680 937 115 28 hälsning
810 937 41 23 till
861 937 66 23 med-

107 967 113 26 ständen,
236 967 105 27 nämligen

174 1025 25 22 hr
215 1025 152 28 Hallberg
383 1025 30 22 till
428 1025 25 21 R.
471 1031 18 15 o.
504 1025 25 21 A.
545 1025 22 22 af
580 1025 92 28 följande
687 1025 88 27 lydelse:

176 1083 61 21 Inom
256 1082 49 21 kort
327 1083 38 21 har
384 1085 32 19 ett
430 1083 58 21 sekel
502 1082 89 23 förflutit
607 1084 64 21 sedan
688 1083 76 26 Kejsar
781 1083 120 21 Alexander
918 1083 10 20 I

107 1111 35 22 vid
158 1111 71 27 Borgä
244 1111 101 28 landtdag
360 1111 155 22 tillförsäkrade
530 1118 35 15 oss
581 1118 26 15 en
623 1111 101 22 nationell
740 1112 89 21 tillvara.
853 1112 76 22 Under

108 1140 68 21 denna
197 1141 63 26 länga
282 1140 30 21 tid
331 1140 38 22 har
388 1140 35 22 det
437 1140 69 21 finska
520 1140 66 22 folket
600 1141 49 21 med
665 1147 38 20 seg
717 1140 127 27 ihärdighet,
859 1141 70 21 under

108 1168 44 22 ofta
166 1169 83 27 vidriga
263 1169 60 25 öden,
339 1169 86 27 kämpat
445 1176 25 15 en
487 1169 53 22 härd
555 1169 52 22 strid
622 1169 33 22 för
671 1170 36 21 sitt
722 1168 140 26 fortbeständ,
878 1175 48 15 men

107 1198 39 21 ock
168 1200 43 19 sett
234 1199 37 20 sitt
293 1198 72 21 arbete
388 1198 78 26 lönadt,
482 1198 7 21 i
504 1198 36 21 det
562 1198 72 27 odling
656 1199 39 20 och
717 1198 98 21 välstånd
830 1198 98 24 tillvuxit,

106 1227 93 21 värnade
221 1226 23 22 af
265 1233 24 14 en
313 1226 120 27 lagbunden
462 1226 69 26 frihet,
554 1227 63 21 hvars
645 1227 124 21 befästande
795 1227 56 21 varit
875 1226 52 21 allas

106 1255 48 22 mål.
184 1255 248 28 Kejsaren-Storfursten
455 1255 119 22 Alexander
589 1255 40 22 II:s
648 1256 48 21 ord:
727 1255 75 27 ingen
826 1255 103 27 handling

108 1283 47 22 frän
178 1284 44 21 min
245 1285 46 20 sida
310 1283 41 22 kan
367 1283 64 22 hafva
446 1286 54 19 stört
516 1284 36 21 det
565 1283 128 26 förtroende,
709 1290 46 15 som
771 1284 39 21 bör
825 1290 39 20 ega
880 1290 46 15 rum

108 1312 88 21 emellan
220 1315 75 24 regent
316 1312 38 21 och
379 1312 55 21 folk»
458 1312 40 21 kan
515 1313 36 21 det
567 1311 69 23 finska
657 1312 66 21 folket
738 1312 88 27 tillegna
840 1313 34 26 sig
888 1311 39 22 och

108 1342 51 25 göra
175 1341 97 27 gällande
286 1341 7 22 i
309 1341 38 21 sitt
361 1341 132 21 förhällande
508 1341 31 22 till
554 1341 47 21 sina
620 1341 121 26 Monarker,
757 1341 39 21 och
811 1341 63 21 likväl
890 1341 38 21 har

93 1379 2 2 +
108 1369 36 22 det
158 1369 81 27 lyckats
255 1370 95 27 skuggor
365 1371 32 20 att
412 1371 76 26 tränga
502 1371 34 26 sig
549 1369 60 26 fram,
624 1370 71 21 hvilka
709 1377 29 14 nu
754 1370 61 21 kasta
825 1370 37 21 sitt
872 1371 56 19 mör-

107 1397 37 22 ker
160 1397 59 22 öfver
234 1399 40 20 den
290 1399 38 21 allt
343 1404 59 15 mera
417 1398 113 27 Iljusnande
552 1397 84 23 framtid
652 1398 20 21 vi
688 1399 76 20 trodde
779 1404 36 15 oss
831 1404 39 21 ega
885 1399 43 20 rätt

107 1426 37 22 till.
175 1427 50 25 Slag
239 1427 27 26 pä
282 1428 46 25 slag
342 1427 39 20 har
396 1427 58 24 fallit,
470 1427 123 24 förintande,
609 1427 45 20 icke
669 1427 129 24 ärtiondens,
813 1429 51 18 utan
880 1426 47 21 sek-

106 1454 43 21 lers
171 1455 147 20 mödosamma
340 1454 84 25 arbete;
446 1454 36 21 det
503 1461 40 14 ena
564 1454 71 21 stödet
657 1454 53 21 efter
733 1454 36 21 det
787 1454 67 21 andra
868 1454 6 20 i
890 1454 38 20 vär

108 1482 199 27 samhällsbyggnad
329 1483 39 21 har
391 1483 143 26 undanryckts
550 1482 23 21 af
586 1482 53 21 nitet
656 1481 33 22 för
703 1488 27 15 en
746 1482 118 27 unifiering.
880 1488 47 15 som

108 1510 68 28 aldrig
191 1511 41 21 kan
249 1511 65 21 blifva
329 1513 66 20 annat
410 1512 25 20 än
451 1513 30 19 ett
498 1511 45 21 skal
558 1513 50 20 utan
624 1510 71 22 kärna.
724 1511 44 21 Vär
783 1513 39 21 tro,
838 1512 32 20 att
878 1510 51 22 Fin-
