1117 1784
200 134 27 20 28
416 140 54 16 Prot.
483 141 104 19 utdragen
598 140 48 16 från
657 139 143 17 medstånden.

938 140 24 16 13
974 140 43 16 dec.

201 213 46 15 som
270 207 67 21 under
360 209 85 19 senaste
466 207 131 27 landtdagar,
613 207 106 26 nämligen
741 209 32 19 att
795 207 224 27 protokollsutdragen

201 235 75 21 endast
290 235 113 21 framlades
418 235 30 21 till
465 235 251 22 ståndsmedlemmarnas
732 235 113 28 påseende.

269 291 90 22 Ståndet
380 292 69 21 beslöt
467 294 31 19 att
518 291 223 28 protokollsutdragen
757 291 47 22 från
819 292 140 22 medstånden
975 293 45 21 icke

201 320 68 22 skulle
291 321 107 26 uppläsas,
415 322 49 19 utan
482 321 35 20 vid
532 321 64 26 plena
610 320 66 21 hållas
693 320 131 27 tillgängliga
838 321 33 21 för
886 321 133 22 ståndsmed-

207 355 108 15 emmarna
329 349 7 21 i
347 349 122 27 plenisalen.

267 481 32 22 Hr
322 481 122 22 talmannen
467 480 139 28 tillkännagaf
624 481 79 26 vidare,
722 483 32 19 att
775 482 102 20 senatorn
893 480 62 21 Emil
970 480 50 21 Fri-

199 509 61 27 thiof
281 510 111 21 Andersin
418 509 123 22 öfversändt
566 510 84 26 utdrag;
666 517 26 14 ur
714 510 36 21 det
774 509 112 27 protokoll,
910 515 46 15 som
980 509 40 21 till

198 538 90 21 kommit
302 539 36 21 vid
353 538 23 21 af
388 539 79 21 honom
491 538 117 23 värkställd
632 538 151 27 granskning
798 538 28 21 af
841 538 178 27 landtdagsom-

199 566 94 23 budens
308 568 7 20 i
330 569 87 24 präste-,
433 567 100 28 borgare-
550 567 38 22 och
604 567 161 21 bondestånden
781 567 156 22 fullmakter.

269 699 10 21 I
302 699 93 27 enlighet
416 700 47 20 med
479 699 246 21 talmanskonferensens
741 698 80 28 förslag
836 699 69 21 beslöt
920 699 100 27 borgare-

200 728 85 21 ståndet
299 730 37 24 att,
351 727 93 21 förutom
460 728 27 20 de
502 729 31 20 uti
548 728 28 20 29
591 728 11 27 $
617 728 22 20 L.
656 728 26 20 O.
692 728 126 21 föreskrifna
828 727 42 22 fem
881 727 89 26 utskott,
980 734 38 14 un-

200 756 37 21 der
252 756 144 21 innevarande
418 756 101 27 landtdag
534 756 68 22 skulle
618 756 98 22 tillsättas
733 758 31 19 ett
779 756 239 27 grundlagsutskott,

201 787 31 19 ett
246 784 49 28 Jag-
311 784 46 22 och
373 784 218 27 ekonomiutskott,
607 786 30 20 ett
647 784 119 22 särskildt
776 785 202 26 besvärsutskott,
989 786 31 20 ett

200 813 105 21 allmänt
327 813 215 27 petitionsutskott
562 813 39 21 och
617 815 31 19 ett
660 813 221 27 järnvägsutskott,
904 813 115 21 bestående

199 841 63 21 hvart
277 841 39 21 och
331 842 32 20 ett
377 840 22 22 af
412 841 45 27 fyra
471 841 116 21 ledamöter
610 842 39 20 och
671 841 36 21 två
729 842 137 26 suppleanter
884 841 47 22 från
946 841 73 27 hvarje

201 869 69 26 stånd,
285 869 110 22 äfvensom
411 872 31 18 att
456 870 32 20 till
503 870 124 21 förberörda
649 869 146 27 lagbestämda
817 870 84 21 utskott
922 869 39 22 och
984 870 36 21 det

201 898 260 28 expeditionsutskott,
476 898 80 22 hvilket
579 899 115 21 ständerna
715 899 84 26 jämlikt
815 899 26 22 77
857 899 13 26 &
885 899 22 21 L.
925 899 24 22 O.
967 899 52 26 egde

200 927 93 26 tillsätta,
317 927 68 21 skulle
407 929 59 19 utses
481 927 36 21 två
532 927 138 28 suppleanter
684 927 46 21 från
752 927 73 27 hvarje
848 927 68 22 stånd.

268 1059 42 21 Vid
332 1059 140 27 landtdagens
495 1059 116 27 högtidliga
630 1059 112 27 öppnande
757 1060 12 21 å
784 1060 109 21 tronsalen
915 1059 54 22 hade
989 1059 31 21 till

201 1087 115 21 ständerna
331 1087 151 22 öfverlämnats
497 1087 92 27 följande
605 1088 77 26 nådiga
696 1088 164 26 propositioner,
875 1088 115 26 nämligen:

267 1150 35 16 n:o
319 1145 11 20 1
346 1145 109 27 angående
478 1145 80 21 ändrad
581 1145 79 27 lydelse
682 1144 22 22 af
727 1145 31 26 12,
778 1144 32 26 13,
830 1145 27 21 14
875 1144 39 22 och
931 1145 27 21 15
973 1145 24 27 $$
1013 1145 6 21 i

200 1172 269 28 landtdagsordningen
492 1172 32 22 för
546 1173 203 21 storfurstendömet
764 1173 101 26 Finland;

268 1207 34 15 n:o
317 1201 14 21 2
346 1202 110 26 angående
477 1202 90 26 ändring
582 1202 7 21 i
604 1202 26 21 81
647 1202 12 26 $
674 1202 7 20 i
696 1201 269 28 landtdagsordningen
986 1201 32 22 för

200 1228 203 23 storfurstendömet
417 1230 101 26 Finland;

269 1264 34 16 n:o
319 1258 14 21 3
348 1259 110 27 angående
473 1259 81 21 ändrad
568 1258 80 28 lydelse
662 1258 24 22 af
698 1259 13 21 2
726 1259 11 27 $
753 1260 13 20 6
782 1265 63 15 mom.
861 1260 7 20 i
883 1259 136 27 reglemen-

199 1286 37 22 tet
250 1286 40 22 för
304 1286 118 23 Finlands
438 1287 63 22 bank
516 1287 24 21 af
552 1288 40 20 den
609 1287 26 22 19
650 1287 94 21 februari
760 1288 60 26 1895,
831 1288 66 22 sådan
908 1288 41 21 den
960 1288 58 28 lyder

198 1314 7 21 i
221 1314 77 27 nådiga
311 1315 151 26 förordningen
479 1316 22 20 af
514 1316 41 20 den
572 1316 26 20 10
610 1316 41 26 juli
666 1316 60 25 1901;

267 1349 36 15 n:o
317 1343 14 21 4
346 1343 109 27 angående
471 1343 121 27 grunderna
606 1344 34 20 för
655 1344 198 26 tolagsafgiftens
873 1344 145 26 beräknande;

268 1377 34 15 n:o
317 1371 14 21 5
343 1371 110 27 angående
468 1371 121 27 grunderna
604 1371 40 22 och
658 1372 120 27 ordningen
793 1372 34 22 för
838 1372 180 28 väghållnings-

199 1398 124 23 besvärets
339 1399 134 28 utgörande
488 1400 32 28 på
534 1400 93 26 landet;

267 1434 34 15 n:o
317 1428 14 21 6
346 1434 35 15 om
396 1429 119 27 antagande
530 1428 22 22 af
564 1428 36 28 lag
614 1428 109 27 angående
737 1428 212 28 skiftesväsendet;

267 1463 35 15 n:o
318 1457 12 21 7
345 1457 110 27 angående
470 1458 121 26 grunderna
605 1457 33 22 för
653 1458 121 27 uttaxering
788 1457 23 23 af
824 1458 58 22 vissa
904 1458 114 28 kyrkliga

199 1484 115 29 afgifter;

267 1521 34 15 n:o
316 1514 13 22 8
345 1521 35 15 om
396 1514 110 22 införande
520 1514 24 22 af
556 1517 31 19 ett
601 1515 93 22 ordnadt
711 1515 237 27 notariatsväsende;
