1117 1798
105 134 28 16 80
146 134 44 16 dec.
445 127 149 33 Bevillningar.
885 128 43 20 ATT

106 202 65 22 stolar
192 202 40 22 och
255 202 135 22 ämbetsvärk
413 204 68 20 måste
503 202 94 28 fungera,
620 208 47 16 men
685 203 75 27 många
776 203 79 26 viktiga
871 206 54 18 sam:

107 230 120 22 hällsbehof
239 230 64 22 hafva
314 231 45 21 icke
372 231 81 21 kunnat
463 232 6 20 i
480 231 64 27 laglig
554 232 91 26 ordning
654 230 61 28 fyllas
726 232 31 20 till
768 233 55 19 stort
833 237 48 15 men
893 232 35 20 för

109 259 249 27 samhällsutvecklingen
379 260 7 20 i
408 260 49 21 dess
480 260 75 21 helhet.
583 260 46 21 Hos
645 265 42 17 oss,
703 260 38 20 där
757 260 115 20 ständerna
887 260 39 26 egå

105 289 31 19 ett
150 287 64 25 högst
229 288 112 21 inskränkt
355 287 115 27 inflytande
478 289 27 26 på
512 288 114 27 budgeten,
634 290 23 19 är
669 288 58 20 detta
737 294 67 21 vapen
815 288 45 21 icke
872 288 54 21 blott

105 316 119 26 tveeggadt,
240 319 51 18 utan
313 316 36 21 det
363 316 80 21 vänder
458 317 33 27 sig
506 317 40 21 hos
561 322 36 15 oss
613 316 45 22 icke
674 319 44 18 mot
733 316 124 27 regeringen
874 319 51 18 utan

105 346 45 19 mot
171 344 116 22 ständerna
307 344 39 22 och
367 346 46 20 mot
427 345 48 21 hela
489 345 36 21 det
539 344 69 22 finska
622 344 71 22 folket.
723 345 32 21 De
771 344 154 28 samhällsupp-

105 372 68 28 gifter,
194 379 47 15 som
257 374 48 20 med
321 374 64 21 dessa
399 374 140 26 bevillningar
554 373 63 27 fyllts,
633 374 62 21 hafva
710 374 71 20 städse
796 374 56 26 legat
868 375 57 19 stän-

106 402 65 21 derna
186 402 39 21 och
240 402 67 21 folket
322 402 48 22 vida
384 408 45 15 mer
445 408 34 16 om
495 402 78 28 hjärtat
588 404 26 20 än
631 408 132 21 regeringen.
788 402 62 22 Hvad
864 402 63 21 brän-

105 431 55 21 vins-
176 430 39 22 och
230 431 106 21 ölskatten
352 431 137 23 vidkommer,
505 434 48 18 veta
567 431 27 25 vi,
604 434 32 18 att
651 431 114 21 ständerna
780 431 30 21 tid
826 430 52 22 efter
889 437 37 15 an-

104 465 42 15 nan
164 459 46 27 höjt
225 460 129 24 densamma,
369 460 45 21 icke
428 459 33 21 för
477 462 31 19 att
523 460 122 26 därigenom
662 460 77 20 bereda
755 459 128 21 statsvärket
898 466 26 14 en

106 489 67 20 större
195 488 100 25 inkomst,
317 490 52 19 utan
391 488 33 21 för
439 490 31 19 att
485 494 76 21 genom
577 488 156 27 spritvarornas
749 487 127 28 fördyrande
892 488 33 21 så-

106 516 44 22 vidt
166 516 82 27 möjligt
264 516 115 22 inskränka
392 516 167 28 förbrukningen
575 516 22 22 af
611 517 112 21 desamma.
749 516 72 22 Skulle
836 523 30 15 nu
876 517 49 21 med

105 551 38 15 ens
159 545 53 21 både
228 545 109 22 bränvins-
353 546 39 21 och
408 546 104 21 ölskatten
529 546 102 27 upphöra,
647 546 24 21 så
684 545 83 22 fruktar
779 546 43 26 jag,
837 547 31 19 att
884 546 40 20 den

106 574 106 21 allmänna
234 574 114 26 opinionen
364 574 6 21 i
386 574 71 22 landet
472 574 39 21 lätt
525 574 72 22 kunde
613 574 67 21 vända
696 575 33 25 sig
744 578 45 17 mot
804 574 120 22 ständerna,

106 602 26 21 då
153 602 122 27 därigenom
300 603 169 27 bränvinspriset
480 603 85 21 komme
580 605 31 19 att
625 603 69 27 nedgå
708 602 31 22 till
755 609 25 14 en
797 602 49 22 liten
863 602 62 21 bråk-

106 631 32 21 del
154 631 23 21 af
190 631 55 21 hvad
261 632 36 20 det
311 631 33 21 för
359 632 132 20 närvarande
506 634 29 18 är.
551 632 189 20 Bränvinsmedlen
756 630 62 22 hafva
833 630 91 22 hufvud-

104 659 94 27 sakligen
221 659 54 21 förts
298 659 30 21 till
351 660 273 21 kommunikationsfonden
647 660 32 21 för
701 662 30 19 att
760 660 78 20 bereda
853 660 71 21 landet

105 690 65 24 utväg
184 688 46 21 dels
245 688 31 20 till
293 688 110 27 byggande
417 688 23 22 af
452 694 40 21 nya
505 688 120 28 järnvägar,
641 688 45 22 dels
701 691 32 19 att
748 688 88 21 betäcka
850 688 74 21 annui-

104 718 54 20 teter
176 716 28 28 på
218 722 42 21 nya
272 716 144 28 järnvägslän.
432 717 45 22 Och
492 719 31 19 att
539 718 63 20 dessa
616 716 99 22 fortsatta
727 717 197 27 järnvägsbyggna-

104 744 37 22 der
162 745 57 27 ligga
241 746 116 20 ständerna
378 745 130 22 fortfarande
530 748 69 18 varmt
621 752 34 14 om
671 746 84 26 hjärtat,
771 745 73 21 bevisa
858 745 65 21 redan

104 773 26 21 de
152 774 77 27 många
249 774 223 27 järnvägspetitioner,
495 780 46 15 som
559 774 113 21 inlämnats
688 774 35 22 vid
738 774 69 22 denna
822 773 103 27 landtdag

104 802 57 21 såväl
176 802 7 21 i
198 802 59 22 detta
271 802 63 22 stånd
350 809 46 15 som
412 803 39 21 hos
466 803 26 21 de
507 803 66 21 andra
589 803 96 21 stånden.
707 802 216 22 Folkskoleväsendet

104 832 23 20 är
142 830 67 22 likaså
224 831 127 22 ständernas
366 831 51 21 kära
432 831 120 22 skötebarn.
568 831 82 27 Bevilja
664 832 116 20 ständerna
794 831 45 21 icke
855 830 68 22 medel

104 858 33 22 för
158 859 213 25 folkskoleväsendet,
393 860 23 21 så
431 860 41 22 kan
488 860 36 22 det
538 860 39 21 lätt
592 860 75 25 hända,
682 862 31 19 att
728 860 41 21 den
785 860 139 20 ekonomiska

104 888 75 27 grund,
201 894 46 16 som
270 890 23 19 är
316 888 145 28 oundgänglig
483 888 32 22 för
535 888 218 22 folkskoleväsendets
769 888 155 27 uppehållande

104 917 39 21 och
165 917 73 22 vidare
260 917 115 25 förkofran,
398 918 148 26 undandrages
569 918 123 25 detsamma,
715 917 38 22 och
766 917 61 21 äfven
843 917 7 21 i
865 917 59 21 detta

102 945 36 22 fall
153 945 83 22 fruktar
248 946 43 27 jag,
301 948 32 19 att
347 947 114 27 opinionen
476 946 105 22 måhända
595 953 58 15 mera
668 946 68 21 skulle
751 946 70 21 vända
835 946 33 26 sig
879 948 45 19 mot

104 975 114 21 ständerna
233 977 26 19 än
275 977 46 19 mot
335 975 131 27 regeringen.
487 976 42 21 Det
544 977 24 20 är
583 975 90 22 sålunda
688 975 79 27 viktiga
781 973 142 22 lifsintressen

103 1003 32 22 för
151 1004 37 21 vår
202 1003 50 26 folk,
268 1010 47 15 som
331 1005 36 20 äro
383 1004 106 21 beroende
505 1004 21 21 af
540 1004 63 21 dessa
618 1003 144 27 bevillningar,
778 1003 39 22 och
831 1002 33 22 för
880 1003 43 20 min

104 1032 32 22 del
159 1033 36 20 vill
215 1033 38 26 jag
274 1032 46 21 icke
341 1033 117 21 blottställa
479 1033 108 21 desamma
609 1033 39 21 och
665 1033 7 20 i
687 1032 40 21 och
742 1033 48 20 med
806 1031 117 22 detsamma

100 1061 80 26 jämväl
196 1061 105 21 måhända
315 1061 32 22 för
363 1068 26 15 en
405 1061 82 28 mycket
501 1062 50 26 lång
565 1061 86 22 framtid
665 1060 87 23 beröfva
762 1061 116 21 ständerna
888 1060 36 21 det

103 1088 115 28 inflytande
242 1090 26 27 på
291 1090 112 26 budgeten,
426 1097 45 14 som
495 1091 26 20 de
540 1090 104 21 härintills
660 1089 49 22 haft.
740 1089 42 21 Det
798 1089 64 27 gäller
878 1089 46 21 icke

104 1118 66 21 häller
192 1125 28 14 nu
244 1121 30 19 att
290 1119 76 27 bevilja
381 1125 25 15 en
423 1119 81 21 normal
520 1119 86 27 budget,
620 1121 51 18 utan
687 1119 76 20 endast
778 1125 25 14 en
819 1118 105 27 provisio-

104 1147 42 22 nell
168 1147 32 21 för
223 1148 66 26 några
311 1148 105 21 månader.
446 1148 11 21 I
479 1148 106 21 utskottet
605 1147 38 22 har
663 1147 42 28 jag,
727 1147 47 21 med
797 1146 99 22 afseende
911 1147 13 20 å

104 1176 55 21 hvad
179 1176 38 27 jag
239 1176 37 21 här
299 1176 70 21 anfört
391 1183 34 15 om
446 1176 104 27 följderna
572 1175 23 22 af
610 1182 26 15 en
652 1175 105 22 eventuell
773 1175 149 26 skattevägran

104 1205 39 20 och
168 1205 27 20 då
220 1205 42 24 det,
285 1204 59 22 äfven
371 1211 34 15 om
430 1205 197 26 landtdagsarbetet
648 1205 27 26 på
697 1205 36 20 det
755 1211 40 20 nya
817 1205 46 20 året
884 1210 40 14 un-

105 1233 37 21 der
165 1233 127 22 förändrade
313 1233 146 22 förhållanden
481 1233 84 22 komme
587 1235 32 19 att
640 1233 71 26 fortgå
735 1233 97 23 normalt,
855 1232 70 21 skulle

105 1261 64 22 blifva
191 1261 83 28 mycket
294 1262 59 21 svårt
372 1268 34 15 om
422 1262 64 21 också
500 1262 46 21 icke
561 1261 97 27 omöjligt
672 1263 31 19 att
717 1261 22 21 få
753 1261 48 21 hela
816 1261 107 26 budgeten

104 1290 97 27 reglerad
224 1291 39 20 och
286 1290 119 22 stadfästad
425 1291 31 21 till
472 1291 41 21 den
528 1291 66 21 första
607 1290 40 27 juli
661 1292 62 19 nästa
738 1290 29 25 år,
783 1289 32 22 för
830 1289 43 21 min
889 1289 34 21 del

104 1320 68 20 röstat
194 1318 38 27 för,
255 1321 32 20 att
302 1319 142 27 bevillningen
459 1319 143 27 provisoriskt
617 1319 68 20 skulle
699 1319 23 21 af
735 1319 114 20 ständerna
865 1318 58 20 med-

105 1347 67 27 gifvas
188 1347 32 21 för
237 1348 25 21 12
278 1348 100 21 månader
392 1347 83 22 framåt.
490 1348 78 21 Härtill
583 1348 38 21 har
636 1347 91 27 bidragit
739 1346 62 22 äfven
815 1353 28 14 en
854 1352 69 15 annan

105 1376 113 27 synpunkt,
242 1376 40 21 den
305 1376 106 27 nämligen
434 1379 36 23 att,
486 1376 43 21 ifall
547 1376 133 21 närvarande
695 1375 144 22 ständermöte
855 1374 69 22 skulle

105 1405 95 27 åtskiljas
227 1408 50 18 utan
300 1407 32 20 att
357 1405 40 21 den
420 1405 77 27 lagliga
519 1405 118 26 ordningen
660 1404 69 21 blifvit
750 1403 114 26 återställd,
888 1403 35 20 det

104 1433 71 20 kunde
190 1436 57 17 ännu
264 1433 67 26 gifvas
347 1439 26 15 en
388 1434 115 25 möjlighet,
513 1435 32 18 att
557 1435 30 18 ett
597 1434 46 25 nytt
653 1433 144 20 ständermöte
808 1432 68 20 under
886 1431 37 20 hö-

104 1462 47 19 sten
167 1461 71 20 kunde
254 1460 164 22 sammankallas
433 1460 33 21 för
481 1462 32 19 att
527 1461 68 20 ordna
609 1459 41 22 alla
659 1460 63 21 dessa
731 1459 73 26 frågor
815 1459 39 21 och
864 1459 60 21 detta

104 1489 65 20 innan
184 1489 41 21 alla
240 1489 26 21 de
280 1489 155 26 förvecklingar
450 1489 102 27 uppstått,
568 1494 45 15 som
627 1494 76 21 genom
715 1487 208 27 bevillningsvägran

105 1517 68 22 skulle
195 1517 89 22 inträda.
314 1517 130 27 Principiellt
459 1517 48 22 sedt
527 1523 62 21 synes
605 1517 36 21 det
656 1517 43 26 mig
713 1516 62 22 äfven
791 1523 50 14 vara
856 1515 68 28 likgil-
