1114 1817
91 152 24 19 21
127 156 44 16 dec.
348 149 143 25 Återvinning
502 154 58 16 utom
572 153 101 17 konkurs.
872 146 40 21 155

145 258 117 31 Förslag
279 258 40 24 till
339 258 163 31 förordning
520 258 147 31 angående
686 258 180 32 återvinning

392 301 79 21 utom
490 298 130 24 konkurs.

159 366 53 21 Med
228 366 154 28 upphäfvande
400 366 22 20 af
437 366 27 21 29
481 366 11 27 8
507 366 6 20 i
529 365 152 28 förordaingen
705 373 33 14 om
761 366 113 22 införande
890 366 23 21 af

91 403 28 21 ny
135 396 162 26 utsökningslag
318 394 24 22 af
363 395 41 21 den
420 396 12 20 3
449 394 113 22 december
584 396 54 20 1895
655 394 76 22 varder
751 394 88 22 härmed
854 395 59 21 stad-

91 424 52 28 gadt
159 431 44 13 som
219 424 71 27 följer:
915 427 1 3 N

484 465 43 27 18.

161 505 48 21 Har
224 505 103 28 borgenär
350 505 35 20 vid
409 505 121 27 utmätning
545 505 6 20 i
566 504 140 27 gäldenärens
723 505 27 20 bo
766 505 48 21 icke
830 505 84 21 erhällit

91 533 40 21 full
153 533 111 28 betalning
286 533 33 21 för
343 534 32 21 sin
399 533 92 26 fordran,
507 533 39 21 och
568 533 38 21 har
628 533 128 28 gäldenären
776 533 90 22 afhändt
880 535 34 26 sig

93 562 104 28 egendom
221 562 50 21 eller
295 562 102 28 rättighet
408 569 76 21 genom
507 561 133 28 förfogande,
655 565 56 18 emot
726 561 82 22 hvilket
824 562 89 21 klander

93 591 67 27 enligt
175 592 27 20 49
218 591 51 21 eller
285 592 26 20 50
328 592 12 26 &
356 591 157 26 konkurslagen
534 591 72 20 kunde
621 590 87 27 utföras,
725 598 33 13 om
775 591 139 21 konkursför-

92 619 95 26 farande,
203 619 28 21 dä
255 621 146 26 utmätningen
426 620 108 27 begärdes,
550 620 5 20 i
572 619 70 22 stället
661 619 55 21 hade
731 619 85 26 inledts,
832 619 27 22 dä
874 626 39 21 ege

93 649 131 26 borgenären
248 649 46 20 föra
318 649 57 20 talan
398 651 31 18 att
450 648 42 21 den
512 649 103 26 egendom
631 648 51 21 eller
697 648 100 28 rättighet
812 648 34 21 mä
861 651 51 18 utan

93 677 75 21 hinder
183 677 22 20 af
221 677 141 21 afhändelsen
378 677 109 21 användas
503 677 31 20 till
550 676 106 28 gäldande
671 677 23 20 af
709 677 52 21 hans
777 677 93 21 fordran.

162 706 46 27 Lag
224 713 79 14 samma
319 713 57 19 vare,
391 705 83 21 ändock
491 705 189 27 värkställigheten
695 705 47 21 icke
758 705 104 27 slutförts,
880 705 34 21 sä-

93 734 64 21 framt
181 735 129 27 borgenären
327 735 58 20 visar
400 734 109 21 sannolika
525 735 47 20 skäl
587 737 30 18 att
632 734 40 21 full
688 734 108 27 betalning
812 734 33 21 för
860 734 53 21 hans

93 763 88 21 fordran
198 763 47 21 icke
261 771 77 19 genom
354 763 123 20 densamma
493 763 95 21 erhälles.

162 791 65 22 Hvad
244 793 7 19 i
267 793 32 25 51,
317 793 33 23 53,
366 792 32 24 54,
414 793 26 18 58
457 791 39 21 och
513 792 39 20 121
576 791 24 28 $$
622 791 23 20 af
666 791 121 28 åberopade
808 791 35 28 lag
866 793 48 26 sägs

93 827 39 20 ege
148 821 41 20 ock
204 821 6 20 i
226 828 28 13 nu
270 820 74 21 nämdt
360 820 38 21 fall
412 820 140 28 tillämpning,

481 884 47 25 28.

162 924 68 21 Talan
251 931 32 14 om
306 924 142 27 ätervinning,
463 923 87 22 hvarom
566 925 6 19 i
588 924 11 20 1
616 923 12 28 &
644 922 102 28 stadgats,
761 923 54 20 skall
834 922 80 21 anhän-

93 955 100 26 giggöras
215 960 76 21 genom
316 953 112 26 stämning,
444 952 108 27 delgifven
575 953 65 20 innan
656 959 38 14 sex
709 951 101 22 mänader
824 951 90 22 förflutit

93 982 48 21 frän
159 982 36 20 det
211 983 235 26 utmätningsmannens
470 981 137 27 redovisning
622 980 78 28 afgafs,
717 980 35 21 vid
768 980 100 28 äfventyr
883 982 31 19 att

95 1010 122 22 densamma
233 1011 50 27 eljes
299 1012 22 19 är
336 1010 112 21 försutten.

163 1103 32 21 Är
210 1102 134 28 förfogande,
359 1109 45 14 som
420 1103 6 19 i
442 1103 26 20 49
486 1103 11 25 $
514 1102 66 21 andra
597 1109 62 13 mom.
674 1101 51 20 eller
741 1101 26 20 50
783 1103 11 24 $
811 1101 103 20 konkurs-

94 1133 63 27 lagen
173 1131 142 24 omförmäles,
330 1131 22 21 af
367 1131 128 28 gäldenären
518 1131 95 26 vidtaget
628 1130 32 20 till
676 1137 80 13 annans
773 1129 89 26 förmän,
874 1129 41 21 och

94 1161 42 21 kan
153 1161 131 27 borgenären
301 1160 48 21 icke
364 1160 34 20 för
413 1161 32 19 sin
461 1159 88 21 fordran
565 1159 79 28 begära
666 1159 118 26 utmätning
800 1159 56 19 inom
872 1157 42 21 den

94 1189 31 22 tid
142 1189 55 21 efter
219 1188 145 28 förfogandet,
379 1188 87 21 hvilken
485 1189 23 20 är
523 1189 6 20 i
545 1187 77 22 nämda
638 1187 80 27 lagrum
734 1187 34 20 för
782 1187 74 26 hvarje
871 1188 44 19 sär-

95 1218 66 22 skildt
176 1218 37 21 fall
229 1220 72 22 utsatt,
317 1225 39 20 ege
379 1217 131 27 borgenären
525 1217 31 20 till
574 1216 118 21 bevarande
708 1215 24 21 af
746 1217 32 19 sin
794 1215 122 21 klanderta-

94 1247 35 21 lan
145 1247 39 21 hos
200 1246 167 21 öfverexekutor
377 1245 34 21 för
420 1246 52 21 hans
489 1245 82 22 hemort
586 1245 83 21 anmäla
684 1245 122 20 densamma
822 1244 39 21 och
872 1243 43 21 läta

94 1276 96 21 tillställa
201 1275 66 21 andra
282 1278 74 25 parten
373 1274 223 27 anmälningsskriften
613 1274 47 20 med
677 1273 176 21 öfverexekutors
864 1272 52 21 därä

95 1304 106 22 tecknade
217 1304 66 25 bevis,
299 1303 39 21 allt
352 1303 46 21 före
413 1303 107 28 utgängen
536 1303 23 20 af
574 1301 128 30 nyssnämda
723 1302 41 25 tid;
785 1308 51 14 vare
860 1301 56 20 dock

96 1333 85 28 skyldig
196 1336 31 17 att
242 1334 57 19 inom
315 1335 32 18 tre
362 1331 102 21 mänader
486 1332 54 20 efter
562 1331 67 21 sädan
645 1330 95 21 anmälan
757 1330 159 27 anhängiggöra

97 1362 40 21 och
152 1361 66 22 sedan
233 1364 51 18 utan
300 1361 82 21 afbrott
396 1360 92 28 fullfölja
502 1361 56 21 talan
575 1368 34 13 om
625 1360 33 20 sin
672 1359 99 21 fordrans
786 1357 130 23 utdömande

96 1394 55 18 samt
173 1392 56 19 inom
253 1390 47 28 fyra
323 1389 101 21 mänader
447 1389 55 21 efter
524 1389 36 21 det
580 1389 40 21 den
642 1387 71 22 blifvit
728 1387 95 21 domfäst
838 1388 78 26 begära

95 1420 126 26 utmätning,
238 1419 35 21 vid
289 1419 101 25 äfventyr
405 1420 31 19 att
451 1418 52 21 hans
520 1418 96 21 anmälan
632 1417 51 28 eljes
699 1418 23 19 är
736 1419 51 18 utan
800 1416 87 20 värkan.

483 1474 47 25 48.

166 1514 86 22 Inledes
268 1512 218 23 konkursförfarande
502 1512 47 21 med
565 1512 139 28 gäldenärens
720 1511 34 28 bo,
770 1518 49 14 vare
834 1510 82 22 enskild

97 1544 105 29 borgenär
218 1544 47 21 icke
284 1544 74 21 vidare
381 1542 93 28 befogad
490 1544 31 19 att
536 1541 91 28 fullfölja
642 1541 24 21 af
681 1540 77 22 honom
774 1540 64 21 väckt
853 1541 64 19 rätte-
