1114 1773
194 121 42 20 194
535 117 132 33 Näringslag.
934 123 24 16 21
970 123 45 16 dec.

195 193 146 21 öfverskrider
364 193 41 20 den
429 192 192 27 näringsrättighet,
640 191 76 21 honom
739 191 66 27 enligt
826 191 70 20 denna
918 190 34 27 lag
974 190 40 20 och

197 221 126 22 meddelade
339 221 135 21 föreskrifter
489 220 133 24 tillkommer,
639 220 48 21 böte
703 219 46 21 från
762 220 30 20 tio
808 219 31 20 till
850 219 41 21 och
901 218 48 21 med
962 218 54 20 fem-

194 249 83 22 hundra
292 249 66 22 mark.

575 307 11 26 S
604 307 31 20 75.

267 352 48 21 Har
329 352 139 29 yrkesidkare
483 352 52 21 felat
550 355 57 18 emot
622 351 55 22 hvad
694 353 6 19 i
716 352 25 27 $$
756 352 34 25 39,
804 352 34 24 47,
852 351 34 26 48,
896 351 34 25 49,
940 351 33 25 50,
985 351 34 25 51,

196 383 33 24 52,
252 382 33 25 53,
307 382 26 20 55
353 381 51 20 eller
424 381 26 20 62
474 381 67 20 finnes
561 380 105 28 stadgadt,
685 380 51 21 eller
750 379 122 22 underläter
887 379 41 21 han
944 381 32 18 att
990 378 28 28 pä

196 409 116 22 anfordran
330 409 70 21 lämna
418 409 27 21 de
461 410 5 20 i
510 410 26 20 16
551 410 76 20 nämda
644 409 108 28 uppgifter
767 409 57 26 eller,
839 409 6 20 i
861 408 27 21 de
903 408 30 20 uti
950 407 24 28 $$
990 407 26 22 57

198 438 53 21 eller
266 439 26 21 58
308 437 138 22 omförmälda
462 438 36 21 fall
515 440 31 19 att
561 438 83 27 utgifva
658 417 72 48 betyg
744 437 50 22 böte
809 436 48 21 från
873 436 40 21 och
929 436 48 21 med
988 437 29 20 tio

197 467 33 20 till
246 467 40 21 och
303 467 48 20 med
367 467 126 20 femhundra
508 467 65 20 mark.
596 467 10 20 I
622 467 36 20 det
673 467 6 20 i
696 467 11 26 $
720 467 25 20 51
758 465 76 22 nämda
845 465 38 21 fall
893 465 41 21 kan
944 465 75 28 yrkes-

196 495 76 22 idkare
293 495 34 21 för
350 496 43 20 viss
415 495 29 20 tid
464 495 51 21 eller
536 495 58 21 alltid
617 495 103 20 förklaras
739 495 99 27 förlustig
857 495 42 20 rätt
917 497 31 18 att
962 493 56 22 hålla

194 524 91 34 lärling.

270 558 137 21 Åsidosätter
427 558 136 28 yrkesidkare
586 557 65 28 något
668 557 23 22 af
710 557 56 22 hvad
784 559 6 19 i
811 557 68 22 denna
896 557 34 28 lag
945 559 23 19 är
983 565 36 13 an-

195 587 89 28 gående
307 587 172 28 ordningsregler
499 587 33 20 för
552 587 96 20 arbetare
668 586 104 28 stadgadt,
792 587 50 20 böte
864 586 70 21 såsom
953 586 66 21 ofvan

194 615 63 28 sagdt
273 617 28 20 är.

574 673 11 26 g
603 673 31 20 76.

267 718 95 27 Biträde,
381 718 96 21 arbetare
496 719 50 20 eller
564 718 81 28 lärling,
663 725 45 14 som
728 717 54 22 felar
798 720 56 19 emot
868 717 56 21 hvad
941 718 6 20 i
963 718 13 26 &
992 718 27 20 54

197 747 68 21 finnes
288 747 107 28 stadgadt,
416 747 51 21 eller
486 749 38 26 gör
545 747 32 27 sig
596 746 85 29 skyldig
699 747 33 20 till
752 747 68 27 någon
840 746 67 21 sådan
922 746 98 28 gärning,

196 784 46 13 som
261 776 7 20 i
287 777 12 26 &
319 777 27 20 56
368 775 130 28 förutsättes,
516 775 54 21 skall
587 777 78 19 ersätta
681 775 69 21 vällad
767 775 66 21 skada
849 775 41 21 och
905 775 49 21 böta
970 774 47 22 från

195 804 42 22 och
257 804 47 22 med
320 805 30 20 tio
366 804 32 21 till
414 804 40 22 och
469 804 48 21 med
532 804 115 21 trehundra
662 804 65 27 mark,
743 804 71 21 därest
830 804 18 28 ej
863 804 116 28 gärningen
995 805 25 19 är

195 834 8 20 i
218 833 77 21 allmän
311 833 35 28 lag
362 833 47 21 med
425 833 63 21 straff
501 833 95 28 belaggd.

576 904 13 25 8
606 904 31 20 77.

265 948 79 28 Skiljer
364 948 138 28 yrkesidkare
518 949 88 26 biträde,
621 949 95 20 arbetare
735 948 51 21 eller
801 948 81 27 lärling,
898 948 51 21 eller
963 955 56 21 upp-

196 977 53 22 höra
266 977 62 21 dessa
344 976 48 21 med
408 977 37 20 sitt
460 977 72 21 arbete
549 977 37 21 hos
602 976 152 29 yrkesidkaren
767 979 51 18 utan
829 979 31 18 att
870 976 95 28 iakttaga
975 976 41 21 den

196 1005 178 29 uppsägningstid
390 1005 51 21 eller
456 1005 104 22 särskilda
570 1005 182 28 tidsbestämning,
762 1005 86 21 hvartill
858 1005 34 28 lag
903 1005 51 21 eller
964 1005 53 20 aftal

197 1034 48 21 dem
266 1034 119 28 förpliktar,
404 1034 50 21 eller
475 1037 50 18 utan
545 1037 31 18 att
595 1034 65 27 något
675 1033 23 21 af
712 1033 27 21 de
756 1034 4 20 i
777 1035 27 25 $&
820 1034 32 25 56,
868 1035 26 20 57
910 1033 40 22 och
967 1034 27 20 58
1009 1034 8 19 i

195 1063 71 21 denna
281 1062 35 28 lag
330 1066 110 24 upptagna
454 1062 38 21 fall
506 1063 121 27 föreligger,
644 1063 48 20 böte
707 1062 47 21 frän
770 1063 29 20 tio
810 1062 32 21 till
852 1062 41 21 och
904 1062 48 21 med
962 1062 56 21 fem-

195 1091 82 21 hundra
293 1091 59 20 mark
368 1091 41 20 och
424 1093 78 18 ersätte
517 1091 27 20 all
560 1091 72 21 skada.

264 1119 55 25 Den,
335 1127 45 13 som
400 1119 48 21 med
469 1119 48 21 väld
538 1119 51 21 eller
610 1119 37 21 hot
665 1120 85 27 tvingar
769 1119 97 21 arbetare
885 1122 31 17 att
930 1119 86 27 deltaga

193 1149 6 19 i
223 1148 187 21 arbetsinställelse
432 1148 50 21 eller
500 1148 86 21 hindrar
604 1148 77 21 honom
696 1151 31 17 att
742 1148 73 21 arbete
831 1148 70 20 utföra
916 1147 52 21 eller
983 1148 33 27 sig

194 1176 69 28 ätaga,
278 1176 84 21 straffas
378 1183 44 14 som
438 1177 7 20 i
460 1177 122 27 strafflagen
598 1178 66 26 säges.

263 1206 97 26 Antager
378 1205 138 28 yrkesidkare
539 1213 80 13 annans
639 1204 88 24 biträde,
748 1204 96 21 arbetare
864 1204 51 21 eller
933 1204 83 28 lärling,

195 1241 45 14 som
262 1233 78 21 honom
364 1233 115 28 veterligen
503 1235 6 19 i
532 1234 51 21 strid
608 1236 43 18 mot
673 1233 34 27 lag
731 1233 51 21 eller
804 1233 52 21 aftal
876 1233 47 20 frän
944 1233 70 21 denne

193 1262 77 27 afgätt,
287 1262 48 20 böte
351 1262 46 20 frän
414 1262 74 21 femtio
503 1262 32 21 till
550 1262 40 21 och
606 1261 47 21 med
669 1261 126 21 femhundra
811 1261 57 21 mark
884 1261 41 21 och
936 1263 79 19 ersätte

191 1291 28 22 all
235 1290 72 21 skada.

260 1318 148 20 Yrkesidkare
431 1321 22 17 är
476 1318 120 27 berättigad
616 1321 32 17 att
666 1325 76 20 genom
763 1318 180 27 polismyndighet
962 1318 52 20 eller

192 1346 117 27 Kejsarens
332 1345 235 28 befallningshafvande
586 1346 22 20 fä
626 1345 48 27 den,
692 1353 45 13 som
752 1346 53 20 aftal
822 1346 70 26 brutit,
908 1346 107 27 ofördröj-

192 1375 57 27 ligen
265 1375 6 20 i
289 1374 72 21 arbete
377 1374 84 21 inställd
478 1374 27 28 pä
521 1374 80 21 dennes
614 1381 53 20 egen
679 1374 125 21 bekostnad.

572 1428 12 26 8
601 1427 32 21 78.

259 1473 76 21 Denna
359 1474 34 27 lag
416 1473 53 21 skall
492 1480 38 20 ega
550 1473 96 28 gällande
668 1473 56 21 kraft
742 1474 48 21 frän
810 1474 40 21 och
869 1473 47 21 med
938 1473 41 21 den
1000 1475 11 19 1

189 1514 29 4 —
234 1503 60 20 19—
