1123 1798
194 130 40 20 136
531 131 143 29 Konkurslag.
932 135 24 17 21
968 136 44 16 dec.

577 204 27 21 58
620 205 19 26 .

261 249 26 21 Ej
304 249 35 21 mä
359 249 129 26 afhändelse,
508 248 82 23 ändock
610 249 41 22 den
668 248 82 23 iklädes
772 248 81 23 formen
868 249 23 21 af
906 249 42 30 köp
964 249 51 22 eller

194 277 101 22 likartadt
309 277 60 28 aftal,
390 277 128 22 annorlunda
540 285 60 15 anses
619 281 27 18 än
660 277 69 22 säsom
751 277 70 29 gäfva,
835 285 34 14 om
883 278 39 21 det
936 278 79 22 utfästa

193 306 123 29 vederlaget
330 309 23 19 är
367 306 55 22 blott
436 306 100 22 skenbart
550 307 51 21 eller
616 307 47 22 icke
678 307 43 21 stär
736 308 7 20 i
758 306 64 29 nägot
837 306 132 23 förhällande
980 307 33 22 till

193 335 38 21 det
245 335 103 22 afhändas
363 335 70 22 värde.

517 406 12 19 5
552 404 145 30 kapitlet.

343 474 36 23 Om
395 474 32 22 val
443 473 26 24 af
481 473 119 28 syssloman
616 474 40 35 och
672 473 208 28 borgenärsutskott.

579 538 26 20 59
621 538 17 25 8.

263 576 123 29 Syssloman
408 576 65 29 väljes
496 576 12 21 å
523 577 37 21 det
580 577 33 21 för
636 576 76 22 sådant
733 577 96 21 ändamål
850 579 80 19 utsatta
951 579 65 19 rätte-

194 605 231 28 gängssammanträdet
439 605 24 21 af
477 605 26 22 de
518 605 75 22 därvid
615 605 129 22 närvarande
763 605 252 28 konkursborgenärerna.

195 633 60 30 Vilja
269 633 62 22 dessa
352 634 55 27 välja
421 633 53 22 flere
490 636 25 19 än
531 641 25 14 en
575 635 121 28 syssloman,
711 634 39 21 och
766 634 86 28 pröfvas
874 633 77 22 sädant
965 641 51 14 vara

194 662 24 22 af
231 662 120 29 synnerliga
365 662 46 21 skäl
425 661 114 30 päkalladt,
554 670 39 21 ege
608 665 67 19 rätten
690 663 37 21 det
741 662 74 21 tilläta.

262 691 159 28 Borgenärerna
443 690 81 22 beslute
542 691 75 22 därvid
632 691 69 21 tillika
715 699 34 13 om
763 691 81 21 antalet
857 690 137 21 medlemmar
1008 691 9 20 i

196 719 216 29 borgenärsutskottet
426 722 56 19 samt
496 720 54 28 välje
565 719 165 22 medlemmarna
744 721 7 19 i
766 719 122 22 detsamma.

263 748 60 28 Vilja
338 747 153 29 borgenärerna
504 749 8 20 i
527 748 72 21 stället
613 749 34 20 för
663 747 195 30 borgenärsutskott
872 747 90 22 tillsätta
976 747 40 22 och

195 777 56 28 välja
265 777 55 22 blott
335 784 25 14 en
375 776 143 27 ombudsman,
532 777 75 22 stände
622 777 37 22 det
673 777 48 21 dem
737 777 52 21 fritt.

581 841 26 21 60
623 841 20 27 S.

265 887 75 21 Hafva
355 886 36 22 vid
406 886 286 29 rättegängssammanträdet
710 887 74 21 endast
799 886 22 22 fä
836 886 51 22 eller
901 887 60 27 ringa
975 886 44 21 for-

197 916 46 22 dringar
301 915 81 29 egande
404 915 125 29 borgenärer
550 915 201 27 tillstädeskommit,
768 916 41 21 kan
832 915 116 21 domstolen
963 914 55 22 före-

197 945 88 26 skrifva,
299 947 32 19 att
345 944 13 22 &
372 944 183 28 inställelsedagen
569 944 55 22 skall
639 944 54 28 ånyo
707 943 93 23 beslutas
815 944 40 22 och
870 944 35 21 val
919 944 47 26 ske;
976 943 42 21 låte

198 973 40 23 ock
253 973 139 22 meddelande
406 972 73 22 härom
493 973 50 27 ingå
557 973 8 21 i
579 972 41 22 den
635 974 8 20 i
659 973 26 21 16
701 974 12 26 &
729 973 65 21 andra
809 980 61 14 mom.
880 972 77 22 nämda
967 971 52 22 kun-

198 1002 87 29 görelse.

583 1048 25 20 61
625 1048 18 27 S.

267 1094 44 22 Till
325 1094 122 28 syssloman,
462 1094 90 21 medlem
567 1094 7 21 i
590 1093 217 28 borgenärsutskottet
821 1093 50 21 eller
883 1092 138 22 ombudsman

200 1123 35 23 mä
249 1123 64 22 äfven
327 1130 69 14 annan
411 1124 27 20 än
453 1122 102 28 borgenär
569 1122 72 28 väljas.

269 1152 26 29 Ej
310 1151 35 22 mä
359 1151 103 27 borgenär
476 1154 44 18 mot
534 1152 32 20 sin
582 1151 50 29 vilja
646 1150 33 22 till
694 1158 27 14 nu
736 1150 64 22 nämd
815 1150 119 29 befattning
949 1154 63 19 utses.

268 1182 31 20 Ät
313 1180 41 22 den
370 1180 63 22 valda
454 1180 156 28 sysslomannen
631 1179 83 22 utfärde
729 1182 68 19 rätten
813 1180 58 21 bevis
886 1183 32 18 att
932 1180 42 21 han
988 1179 34 22 till

200 1210 81 28 sysslan
295 1212 83 19 utsetts.

585 1255 26 21 62
627 1255 17 26 8.

271 1289 19 28 Ä
312 1294 281 30 rättegängssammanträde,
615 1294 37 23 vid
675 1294 82 21 hvilket
781 1294 153 27 borgenärerna
956 1293 67 28 enligt

202 1327 28 20 59
252 1325 40 22 och
308 1325 27 22 60
352 1325 24 27 88
391 1325 38 20 här
443 1324 64 21 ofvan
522 1323 51 22 eller
587 1323 68 26 enligt
673 1325 65 19 annat
752 1322 116 27 stadgande
882 1323 8 20 i
905 1323 69 20 denna
988 1322 35 27 lag

203 1359 40 22 ega
254 1353 74 21 utöfva
365 1352 157 27 beslutanderätt,
541 1351 60 26 skall,
616 1351 39 20 där
669 1351 18 27 ej
703 1351 8 20 i
725 1350 101 21 särskildt
840 1349 38 22 fall
892 1349 130 22 annorlunda

202 1381 93 28 stadgas,
309 1380 68 22 såsom
399 1380 61 22 deras
482 1379 70 22 beslut
572 1378 56 29 gälla
642 1378 41 21 den
703 1379 91 26 mening,
808 1378 34 21 för
863 1378 87 22 hvilken
964 1379 58 20 inne-

202 1409 89 23 hafvare
313 1409 22 21 af
357 1408 155 28 sammanlagdt
533 1408 78 21 största
632 1406 101 30 beloppet
753 1406 119 29 fordringar
892 1408 80 25 röstat;
986 1408 36 20 äro

203 1438 211 29 fordringsbeloppen
428 1437 49 27 lika,
491 1443 50 16 vare
556 1436 79 21 antalet
649 1435 126 29 borgenärer
789 1435 121 28 afgörande.

271 1467 134 28 Fordringar,
419 1465 74 22 hvilka
513 1465 81 28 ätnjuta
614 1466 95 27 panträtt
723 1464 52 22 eller
793 1472 67 14 annan
875 1465 8 21 i
897 1465 28 21 30
940 1464 40 22 och
996 1465 26 21 31

203 1496 28 30 88
252 1495 88 23 därmed
361 1494 94 23 likställd
477 1496 43 20 rätt
533 1495 8 20 i
556 1493 53 22 visst
631 1493 58 28 gods,
709 1493 130 22 tillkommer
860 1493 55 22 dock
937 1495 87 20 rösträtt

203 1525 76 22 endast
293 1525 34 21 för
341 1524 37 23 det
392 1523 83 30 belopp,
490 1523 34 22 för
544 1522 83 22 hvilket
644 1522 107 28 betalning
765 1530 25 13 ur
805 1522 37 22 det
856 1523 52 27 gods
923 1523 18 27 ej
957 1523 24 21 är
992 1525 32 19 att
