1123 1809
199 150 40 20 132
539 154 143 20 Konkurslag.

518 246 12 20 3
554 244 149 30 kapitlet.

339 315 35 22 Om
390 314 140 27 gäldenärens
546 314 144 28 skyldigheter
705 314 39 22 och
759 312 117 24 förmåner.

581 378 26 20 41
625 378 18 26 $.

268 417 133 22 Gäldenären
424 419 24 19 är
467 417 78 29 pliktig
567 419 94 24 närvara,
675 416 28 22 då
718 417 144 21 konkursboet
884 413 138 57 upptecknas,

198 449 56 19 samt
268 446 75 21 därvid
364 445 40 22 och
420 446 50 28 eljes
486 446 98 21 meddela
604 445 145 28 godemannen
771 445 41 21 alla
829 445 27 21 de
871 446 151 27 upplysningar

198 483 34 13 om
248 475 60 21 boets
322 474 98 22 tillstånd
434 475 39 20 och
489 474 181 28 angelägenheter,
684 474 74 21 hvilka
772 473 23 22 af
809 473 69 22 denne
893 474 62 21 äskas
970 474 51 21 eller

198 511 75 14 annars
288 506 36 19 äro
338 503 112 29 påkallade
458 511 6 18 ;
479 503 65 22 värde
559 503 40 22 ock
614 502 142 22 konkursboet
766 502 32 21 till
813 502 49 21 dess
872 503 38 20 det
919 503 23 20 af
955 502 66 29 gode-

199 539 89 14 mannen
304 532 126 28 öfvertages.

268 560 134 22 Gäldenären
416 560 69 29 åligge
500 563 32 18 att
547 559 102 22 likaledes
664 567 51 14 vara
729 560 104 21 tillstädes
848 560 37 21 vid
900 559 26 21 de
941 560 8 21 i
965 561 26 20 12
1007 561 12 26 $

198 589 78 22 nämda
297 589 290 28 rättegångssammanträden
601 588 40 22 och
656 589 27 21 de
699 589 120 28 borgenärs-
842 589 40 21 och
897 588 124 29 borgenärs-

199 617 268 27 utskottssammanträden,
488 617 32 22 till
534 617 74 22 hvilka
623 617 41 22 han
679 617 75 27 kallas,
769 620 55 19 samt
839 617 82 28 afgifva
936 617 27 21 de
978 617 43 21 för-

199 647 105 28 klaringar
318 647 40 21 och
381 646 155 29 upplysningar,
557 647 74 21 hvilka
653 647 144 27 godemannen
815 646 51 21 eller
880 646 103 28 borgenär
998 645 23 22 af

199 676 77 21 honom
291 676 67 21 äskar.

267 704 67 22 Hvad
348 711 34 14 om
396 703 145 30 godemannen
555 705 9 20 i
579 704 69 21 denna
663 707 54 18 samt
732 705 28 20 42
775 704 40 21 och
831 704 28 21 43
873 704 25 28 $$
913 705 53 26 sägs,
982 711 40 21 ege

198 734 133 27 tillämpning
346 733 12 20 å
373 733 161 28 sysslomannen.

582 797 27 20 42
626 797 17 28 S.

267 837 63 21 Efter
352 836 208 29 bouppteckningens
583 836 118 22 afslutande
723 836 68 22 såsom
806 838 7 19 i
830 837 26 21 73
872 837 11 28 $
898 839 47 26 sägs
968 836 53 21 skall

198 866 133 28 gäldenären,
344 865 30 29 pä
387 865 155 29 godemannens
556 865 121 28 tillsägelse,
691 865 28 28 gå
732 865 189 29 uppteckningsed.

267 895 33 21 Ar
308 895 18 28 ej
337 894 91 28 tidigare
438 894 276 29 rättegängssammanträde
722 896 26 20 än
757 894 185 29 inställelsedagen
954 895 7 21 i
970 894 53 22 kon-

199 924 77 21 kursen
290 927 72 22 utsatt,
377 923 51 21 eller
442 924 42 21 kan
499 923 110 29 edgängen
623 924 18 28 ej
654 923 12 21 å
677 923 75 22 sådant
764 924 90 28 tidigare
866 923 155 22 sammanträde

199 952 43 27 ske,
258 960 50 14 vare
330 952 126 29 gäldenären
478 952 28 29 pä
528 953 114 28 tillsägelse
664 952 85 29 skyldig
763 952 41 21 och
818 952 78 29 jämväl
916 953 55 21 efter
985 960 36 13 an-

198 981 70 21 mälan
279 981 39 21 hos
332 980 144 29 godemannen
493 981 116 28 berättigad
621 984 32 18 att
662 982 22 20 vid
708 981 117 21 domstolen
841 981 51 21 eller
902 989 67 14 annan
980 983 44 19 rätt

198 1009 14 22 å
226 1010 44 21 viss
284 1005 118 58 uppgifven
416 1009 163 30 rättegångsdag
593 1010 84 28 aflägga
693 1009 58 22 eden.

267 1038 117 22 Enahanda
406 1038 215 29 edgängsskyldighet
645 1039 79 27 åligger
741 1038 137 29 gäldenärens
894 1039 78 24 hustru,
987 1046 34 13 om

198 1067 145 27 godemannen
357 1067 37 21 det
409 1067 66 21 äskar.

584 1114 27 20 43
627 1113 18 28 8.

268 1152 145 22 Gäldenärens
428 1152 51 21 barn
495 1153 39 20 och
549 1153 126 28 tjänstehjon
692 1160 48 13 vare
753 1153 143 28 skyldiga,
871 1148 26 37 om
908 1153 113 28 godeman-

198 1189 41 13 nen
254 1181 37 21 det
304 1181 70 28 yrkar,
390 1184 32 19 att
437 1181 102 28 uppgifva
554 1181 41 22 den
609 1181 126 28 gäldenären
751 1181 109 28 tillhöriga
874 1182 102 27 egendom
992 1181 27 22 de

198 1209 163 22 omhänderhaft
375 1212 55 19 samt
445 1209 111 29 uppgiften
571 1210 49 21 med
635 1209 27 22 ed
677 1209 77 29 styrka.

267 1238 46 29 Lag
328 1245 80 14 samma
423 1245 49 14 vare
487 1246 33 13 om
536 1246 73 19 annan,
624 1245 44 15 som
684 1238 38 21 hör
731 1238 33 21 till
778 1238 137 29 gäldenärens
929 1238 93 22 husfolk.

581 1303 28 19 44
625 1301 17 28 8.

267 1341 122 21 Uteblifver
408 1340 126 27 gäldenären
548 1341 48 20 från
611 1340 281 27 rättegångssammanträde,
907 1349 45 12 som
969 1342 7 19 i
993 1342 27 19 12

198 1369 11 28 &
224 1371 75 25 nämts,
315 1368 63 21 varde
393 1368 91 27 inställd,
498 1368 38 21 där
550 1368 53 21 hans
617 1370 88 19 närvaro
720 1367 69 22 finnes
804 1368 23 21 af
841 1369 75 20 nöden.

266 1396 108 21 Tredskar
393 1397 42 20 han
450 1399 32 18 att
497 1397 51 20 eljes
573 1396 90 29 fullgöra
685 1396 57 21 hvad
757 1397 7 20 i
779 1397 26 20 41
825 1396 40 21 och
880 1398 27 19 42
923 1397 25 27 $$
964 1397 55 20 före-

197 1425 102 27 skrifvits,
314 1425 54 22 skall
382 1425 43 21 han
439 1425 23 21 af
476 1425 211 22 konkursdomstolen
701 1424 72 22 därtill
787 1425 67 22 hållas
863 1433 74 20 genom
948 1425 73 22 häkte.

197 1453 86 23 Fortfar
297 1454 42 21 han
353 1454 9 21 i
377 1454 31 21 sin
422 1453 93 28 tredska,
535 1453 64 22 sedan
613 1454 42 21 han
674 1453 71 22 hållits
760 1453 37 22 två
812 1453 100 23 månader
926 1455 7 20 i
948 1454 70 27 häkte,

199 1483 64 22 varde
278 1483 91 22 tilltalad
384 1483 40 21 och
438 1482 65 22 dömd
518 1483 69 21 såsom
603 1482 81 29 oredlig
698 1482 106 29 gäldenär.

266 1512 107 22 Tredskar
387 1512 136 28 gäldenärens
538 1512 73 21 hustru
627 1514 32 20 att
672 1512 27 28 gå
717 1512 187 29 uppteckningsed,
920 1520 49 15 vare
984 1512 36 29 lag

198 1549 85 14 samma.
