1117 1795
199 144 29 22 36
509 139 200 38 Notariatväsende.
952 149 24 16 14
989 149 38 16 dec

202 217 235 27 notariatsväsende,
454 218 39 21 och
509 218 69 21 beslöt
593 218 177 26 borgareständet
785 217 109 21 remittera
909 217 70 21 denna
989 216 37 21 nä-

201 246 50 27 diga
266 246 135 27 proposition
417 246 30 20 till
463 246 146 27 lagutskottet.

274 355 121 27 Föredrogs
411 355 38 21 och
465 354 150 22 remitterades
631 354 31 22 till
677 354 141 27 lagutskottet
833 354 61 21 Hans
905 353 121 27 Kejserliga

201 384 111 27 Majestäts
329 384 35 21 vid
379 386 86 19 senaste
480 383 86 27 plenum
581 382 118 28 bordlagda
713 382 77 27 nådiga
812 382 134 28 proposition
961 388 34 15 n:o
1010 382 14 20 9

200 412 112 28 angående
329 412 66 22 änrad
409 412 80 27 lydelse
504 412 23 22 af
540 412 14 21 4
568 412 11 27 $
596 412 25 21 17
637 412 47 26 kap.
699 411 239 27 rättegångsbalken.

271 531 121 27 Föredrogs
408 531 38 22 och
463 531 147 22 remitterades
626 531 32 21 till
672 530 141 27 lagutskottet
828 531 61 20 Hans
906 530 118 28 Kejserliga

201 559 111 28 Majestäts
328 560 36 21 vid
380 562 85 19 senaste
480 560 87 27 plenum
582 559 118 28 bordlagda
714 559 77 27 nådiga
806 559 135 27 proposition
952 565 33 15 n:o
999 559 25 22 10

201 589 111 27 angående
327 588 301 28 rättegångsfullmäktige
643 588 39 21 och
698 587 282 28 sakförareföreningar.

271 709 121 26 Föredrogs
403 709 60 21 Hans
475 709 119 28 Kejserliga
604 709 111 26 Majestäts
726 709 34 21 vid
771 711 86 19 senaste
867 709 87 27 plenum
962 709 62 22 bord-

201 738 63 28 lagda
286 738 77 27 nådiga
383 738 133 27 proposition
534 744 35 15 n:o
589 739 25 20 11
631 737 108 28 angående
766 737 138 22 fristående
925 737 99 23 tilland-

202 767 101 27 ningars
319 766 115 22 bildande
448 766 42 22 till
500 766 173 28 själfständiga
684 766 151 27 lägenheter,
847 766 39 21 och
896 767 70 21 beslöt
975 766 49 22 bor-

202 795 138 27 gareståndet
355 795 109 21 remittera
478 794 159 28 ifrågavarande
653 795 76 26 nådiga
743 795 135 26 proposition
888 794 32 22 till
930 794 44 28 lag-
985 794 39 22 och

201 823 213 22 ekonomiutskottet.

272 931 120 28 Föredrogs
403 932 60 21 Hans
475 932 119 27 Kejserliga
604 932 109 27 Majestäts
725 932 36 21 vid
771 933 85 20 senaste
866 933 87 26 plenum
961 932 63 22 bord-

201 961 63 27 lagda
278 961 79 26 nådiga
371 961 134 26 proposition
518 967 34 15 n:o
564 961 27 21 12
601 960 109 28 angående
720 961 66 22 skatt
804 960 42 22 för
862 961 163 27 tillvärkning

200 989 30 22 af
251 989 114 27 bränvin,
389 989 138 27 bevillning
548 989 42 22 för
611 989 164 27 tillvärkning
798 989 28 22 af
848 989 175 28 maltdrycker,

202 1017 138 28 bevillning
354 1018 43 22 för
411 1018 110 27 spelkort
532 1020 55 20 samt
598 1017 242 29 stämpelbevillning
851 1019 67 21 under
928 1019 24 20 år
964 1018 60 27 1905,

202 1047 111 22 äfvensom
329 1047 110 27 angående
454 1047 161 28 provisionell
634 1047 123 26 reglering
772 1047 26 22 af
814 1047 210 27 bevillningsbud-

202 1076 81 27 geten,
303 1075 41 22 och
364 1075 45 22 blef
424 1076 161 27 propositionen
605 1075 22 22 af
643 1075 165 28 borgarståndet
825 1076 124 21 remitterad
967 1076 58 21 såväl

202 1104 32 21 till
250 1104 136 27 bevillnings-
402 1110 46 15 som
465 1104 165 22 statsutskottet.

271 1236 120 26 Föredrogs
407 1235 116 28 styrelsens
539 1235 32 22 för
587 1236 184 27 postsparbanken
786 1236 36 21 vid
837 1239 85 18 senaste
937 1237 87 26 plenum

202 1264 118 27 bordlagda
340 1264 90 21 relation
448 1264 32 21 till
498 1265 101 21 Finlands
617 1265 24 20 år
660 1265 56 20 1904
733 1264 128 22 församlade
879 1265 87 22 ständer
988 1272 36 15 an-

201 1293 83 26 gående
302 1292 222 27 postsparbankens
539 1293 9 21 i
564 1292 104 23 Finland
683 1293 114 22 tillstånd
812 1293 46 22 och
870 1293 155 29 förvaltning

202 1321 69 21 under
286 1321 51 21 åren
354 1321 61 25 1899,
432 1321 60 25 1900,
510 1322 59 25 1901,
587 1322 54 20 1902
657 1321 38 22 och
712 1321 61 21 1903.

273 1376 68 22 Ordet
356 1376 103 26 begärdes
475 1376 74 21 härvid
564 1377 23 21 af

271 1432 26 22 hr
312 1432 169 27 Holmberg,
495 1440 44 14 som
550 1433 91 27 yttrade:
671 1434 42 26 Jag
727 1434 38 21 ber
780 1434 21 21 få
815 1434 79 21 föreslå
908 1437 31 19 att
955 1436 69 21 denna

202 1461 91 22 relation
308 1461 127 27 bordlägges
452 1461 31 21 till
498 1461 67 22 första
580 1461 86 28 plenum
682 1461 53 23 efter
747 1463 34 27 jul
795 1463 89 21 likasom
904 1463 64 22 också
983 1465 40 21 den

201 1491 37 20 vid
261 1492 85 20 senaste
368 1491 87 26 plenum
478 1491 115 27 bordlagda
616 1490 125 23 skrifvelsen
762 1491 47 22 från
829 1492 147 27 delegationen
991 1493 32 22 för

202 1519 81 21 vården
299 1519 22 22 af
335 1519 26 22 de
373 1519 111 22 Antellska
495 1519 147 28 samlingarna.
