1125 1803
199 137 41 20 338
388 143 47 16 Den
447 143 78 20 lagliga
537 143 127 19 ordningens
677 141 156 18 återställande.
935 142 29 16 28
975 142 46 17 dec.

200 211 48 26 gits,
270 210 45 21 dels
339 212 42 19 sett
404 209 33 27 sig
459 212 96 25 tvungna
576 211 32 20 att
630 209 48 27 afgå
696 209 47 22 från
759 210 47 21 sina
821 210 86 27 platser.
937 210 82 21 Genom

200 239 63 21 dessa
280 239 99 26 åtgärder
397 238 63 21 hafva
483 237 79 28 viktiga
580 238 58 21 delar
654 237 22 22 af
686 237 261 28 järnvägsförvaltningen
961 239 8 20 i
984 239 37 20 be-

198 267 82 28 tänklig
295 267 52 27 grad
362 267 95 25 rubbats,
466 266 39 22 och
520 273 34 15 om
567 266 199 22 förstörelsevärket
773 267 46 21 icke
831 266 81 28 stäfjas,
923 267 98 21 kommer

199 296 49 22 hela
262 295 157 28 förvaltningen
435 297 32 20 att
482 295 27 27 gå
523 296 32 21 sin
571 296 47 21 ruin
634 296 32 21 till
681 298 74 19 mötes.

268 325 74 21 Redan
362 325 41 20 den
421 325 191 26 omständigheten,
626 327 32 18 att
674 325 206 26 statsjärnvägarnas
896 325 125 21 nuvarande

200 353 180 28 generaldirektör
395 353 46 21 icke
456 353 114 21 behärskar
585 353 117 27 någotdera
709 353 23 21 af
741 353 83 22 landets
838 353 70 27 språk,
919 353 100 21 invärkar

198 382 127 22 hämmande
347 382 27 26 på
397 382 117 21 ärendenas
534 382 127 26 behandling
678 382 8 20 i
704 382 212 27 järnvägsstyrelsen,
932 382 27 21 då
979 382 40 21 alla

198 411 113 27 yttranden
327 410 68 22 måste
410 410 132 22 öfversättas.
558 410 34 22 Då
606 410 71 21 härtill
692 411 101 25 kommer,
803 412 32 20 att
849 410 28 21 all
887 410 133 22 ämbetskor-

199 440 137 26 respondens,
352 440 7 20 i
374 439 26 21 de
415 438 62 22 flesta
492 438 36 22 fall
543 439 48 21 med
606 439 106 21 anlitande
727 438 23 22 af
765 439 120 25 translator,
901 438 56 22 föres
974 442 47 18 ute-

199 468 98 21 slutande
315 468 27 27 på
362 468 63 26 ryska
440 467 86 27 språket
541 468 48 22 med
604 470 94 23 senaten,
714 468 306 26 generalguvernörskansliet,

199 496 251 26 centralämbetsvärken,
465 496 64 27 ryska
544 496 147 27 myndigheter
706 498 56 19 samt
778 496 49 21 med
840 496 178 27 järnvägsstyrel-

199 532 39 15 sen
257 525 159 27 underlydande
435 524 84 26 kontor,
534 525 57 21 inses
607 525 55 21 huru
679 526 57 26 trögt
752 524 135 22 maskineriet
902 525 69 21 måste
985 531 34 15 ar-

200 554 53 21 beta.
283 554 89 27 Följden
387 554 38 21 har
441 552 61 23 äfven
517 554 61 27 varit,
586 555 32 20 att
632 554 106 21 ärendena
754 553 64 22 blifva
833 553 108 22 beroende
955 553 7 22 i
975 554 43 21 mä-

198 583 78 21 nadtal.
306 583 46 21 Och
374 583 54 21 dock
445 582 67 22 borde
529 583 36 21 vid
580 582 266 28 järnvägsförvaltningen,
862 589 46 15 som
928 584 23 19 är
963 582 55 27 jäm-

199 612 64 27 förlig
278 612 48 21 med
342 613 30 20 ett
387 610 154 28 affärsföretag,
557 613 79 20 största
651 611 85 28 möjliga
751 611 152 28 skyndsamhet
914 611 33 21 vid
958 613 61 19 ären-

199 641 65 20 denas
280 641 129 26 behandling
422 639 111 28 iakttagas.

267 669 33 21 Då
316 668 207 27 generaldirektören
540 675 75 20 genom
627 669 35 21 det
672 675 41 20 nya
723 669 139 26 reglementet
875 669 38 20 och
924 668 95 22 instruk-

199 698 73 21 tionen
296 697 80 27 tillagts
400 699 68 19 större
491 697 187 27 maktbefogenhet
700 699 25 19 än
740 697 43 22 han
799 696 104 22 tillförene
918 697 45 22 haft
978 697 40 21 och

199 726 26 21 då
241 726 41 21 han
298 732 29 15 nu
340 726 67 26 jämte
422 726 173 26 byrådirektören
612 725 38 21 och
665 725 161 22 föreståndaren
845 725 32 21 för
895 727 124 25 trupptran-

200 756 114 24 sporterna
328 754 38 21 har
382 754 109 26 pluralitet
505 754 7 20 i
527 753 77 27 frågor,
616 760 45 14 som
672 754 52 21 böra
734 754 131 26 handläggas
877 753 24 21 af
905 754 114 26 järnvägs-

199 783 109 26 styrelsen,
324 782 73 22 kunna
412 782 26 21 de
453 782 67 26 öfriga
531 782 145 22 direktörerna
685 782 48 22 med
744 783 61 21 bästa
815 782 50 27 vilja
874 782 45 21 icke
929 782 88 21 invärka

198 811 28 27 på
242 811 117 21 ärendenas
376 811 55 26 gäng
446 811 6 20 i
468 817 26 15 en
511 811 69 21 bättre
594 810 101 27 riktning.

268 840 10 21 I
294 839 64 27 öfrigt
373 840 36 20 ber
422 839 38 27 jag
474 841 31 19 att
519 839 21 22 få
555 839 88 21 omfatta
658 839 118 22 utskottets
787 839 132 22 betänkande
930 839 39 22 och
980 839 39 21 ber

198 871 37 24 att,
251 868 32 21 för
306 868 40 22 den
369 868 102 21 händelse
489 868 58 22 detta
561 868 133 21 betänkande
710 868 68 22 blefve
793 868 178 22 återremitteradt
986 868 31 21 till

198 897 110 27 utskottet,
320 897 115 22 utskottets
445 896 110 22 uttalande
564 897 92 21 rörande
666 898 196 26 statsjärnvägarna
873 896 65 28 något
949 896 69 22 blefve

198 926 74 27 skärpt
286 926 48 21 med
349 926 86 27 ledning
450 925 23 21 af
486 925 26 21 de
526 925 62 27 fakta,
605 932 45 15 som
664 926 37 26 jag
716 926 38 21 här
769 925 45 22 haft
829 927 51 19 äran
895 925 33 22 för
943 925 74 22 vällof-

196 955 43 27 liga
254 954 176 27 borgareståndet
445 953 78 23 anföra.

266 1012 32 20 Hr
314 1012 132 26 Ingman:
477 1011 99 27 Lyhyesti
596 1011 105 27 pyytäisin
724 1012 76 20 lausua
821 1011 136 27 käsitykseni,
973 1013 43 19 että

197 1040 110 21 minunkin
326 1040 119 21 mielestäni
465 1040 47 22 olisi
531 1040 121 22 koetettava
670 1040 74 21 toimia
760 1040 67 21 siihen
843 1042 113 24 suuntaan,
972 1042 44 19 että

196 1068 145 27 yksimielinen
365 1070 134 25 säätypäätös
518 1069 58 20 esillä
596 1069 94 21 olevasta
707 1068 108 21 tärkeästä
833 1069 78 20 asiasta
931 1068 85 21 aikaan-

197 1097 113 21 saataisiin.
341 1097 33 21 On
388 1097 23 26 jo
427 1097 112 26 tarpeeksi,
552 1097 52 27 jopa
619 1097 111 26 liiaksikin,
746 1098 43 20 että
804 1097 117 21 tällaisesta
935 1097 79 21 asiasta

196 1133 28 14 on
240 1125 122 28 ilmestynyt
377 1125 142 22 valiokunnan
535 1126 100 25 mietintö,
648 1125 67 27 johon
731 1125 68 28 liittyy
815 1125 125 22 vastalause.
962 1125 54 22 Vas-

196 1155 118 26 talausetta,
328 1154 52 27 joka
395 1154 60 21 alkaa
470 1155 88 20 sanoilla
574 1155 90 27 »yhtyen
680 1154 122 27 pääasiassa
812 1155 139 20 enemmistön
964 1155 52 20 mie-

195 1183 131 27 lipiteesen»,
342 1183 18 20 ei
382 1183 44 21 toki
448 1183 47 21 olisi
511 1183 113 22 odottanut
640 1183 117 21 tällaisessa
773 1183 86 25 asiassa,
871 1183 62 27 jossa
947 1183 67 21 kansa

196 1211 135 28 epäilemättä
345 1212 73 21 toivoo
433 1212 143 27 edustajainsa
591 1211 157 28 yksimielisesti
763 1212 136 21 vaikuttavan
915 1218 38 15 sen
964 1218 51 15 suu-

194 1247 38 15 ren
253 1240 148 22 toivomuksen
422 1241 184 26 toteuttamiseksi,
618 1240 52 27 joka
685 1240 83 22 kaikkia
783 1241 110 27 elähyttää,
908 1240 106 22 nimittäin

194 1269 89 21 laillisen
303 1269 87 21 olotilan
406 1269 188 27 palauttamiseksi.
623 1269 70 21 Mutta
708 1269 112 21 vaikkakin
836 1270 101 21 sellainen
953 1270 61 21 ikävä

195 1298 73 21 seikka
284 1304 27 15 on
326 1298 134 26 tapahtunut,
476 1300 43 19 että
535 1298 140 21 valiokunnan
687 1298 96 21 mietintö
795 1304 27 15 on
833 1298 122 27 ilmestynyt
967 1304 48 15 vas-

195 1326 82 21 talause
298 1326 125 26 mukanaan,
439 1332 28 15 on
487 1326 93 22 minusta
602 1326 100 27 säädyillä
717 1327 54 26 täysi
787 1333 38 20 syy
837 1326 23 27 ja
875 1326 139 22 velvollisuus

194 1355 86 20 koettaa
301 1354 84 26 korjata
403 1356 56 19 tämä
475 1354 72 21 seikka
561 1354 143 21 lähettämällä
719 1355 96 20 mietintö
831 1355 181 21 vastalauseineen

194 1382 90 21 takaisin
300 1382 149 21 valiokuntaan
465 1382 219 26 yhteensovittamista
700 1384 80 19 varten.
796 1382 114 21 Sellaiseen
925 1383 89 26 yhteen-

194 1410 138 22 sovitukseen
348 1412 71 25 täytyy
435 1410 89 22 otaksua
539 1410 74 22 olevan
625 1410 190 22 mahdollisuuksia
822 1410 24 27 ja
856 1410 51 22 sekä
916 1411 99 21 mietintö

194 1440 44 20 että
262 1438 119 22 vastalause
404 1439 120 25 osoittavat,
547 1441 43 19 että
612 1439 92 21 sellaisia
725 1439 64 21 onkin
806 1439 111 22 olemassa.
947 1440 66 20 Tämä

193 1468 123 21 ainoastaan:
340 1467 132 22 kumminkin
495 1467 48 22 sillä
564 1467 162 28 edellytyksellä,
748 1469 44 20 että
811 1468 94 27 jätetään
929 1468 82 27 syrjään

193 1497 171 21 vastalauseessa
386 1497 61 21 oleva
468 1497 90 21 ehdotus
582 1497 70 21 uuden
674 1497 181 22 hallitusmuodon
877 1498 136 21 anomisesta.

193 1526 67 21 Tämä
280 1525 65 22 kohta
368 1525 169 22 vastalauseessa
558 1525 102 28 liittyykin
677 1532 79 21 sangen
772 1525 90 28 löyhästi
878 1526 134 22 varsinaisiin
