1114 1789
101 135 23 16 21
137 135 43 16 dec.
410 132 179 30 Privatskolorna.
881 130 38 21 201

101 203 84 28 privata
200 203 119 22 samskolor
335 204 38 21 och
390 204 117 26 gosskolor,
518 204 70 21 hvilka
603 204 82 27 åtnjuta
701 205 172 21 statsunderstöd
884 204 39 21 och

92 232 16 23 Ä
123 231 72 22 hvilka
210 232 153 27 reallyceernas
378 232 123 21 lärokurser
516 233 128 25 absolveras,
661 232 53 22 skall
729 235 73 18 senast
816 232 55 21 ifrån
882 232 41 21 den

103 260 10 20 1
130 260 121 27 september
268 260 55 21 1905
337 260 135 27 fullständigt
489 260 61 27 följas
565 261 41 20 den
623 267 76 21 genom
712 261 77 26 nädiga
803 260 119 21 förordnin-

103 294 40 20 gen
158 288 23 21 af
194 288 41 21 den
251 289 45 26 13/2;
309 289 41 26 juli
366 288 55 21 1903
435 288 33 21 för
479 291 81 19 statens
571 289 112 27 reallyceer
698 288 120 22 fastställda
830 289 93 20 läseord-

103 317 57 26 ning.
190 317 32 20 En
247 317 57 26 dylik
326 316 153 27 uniformering
501 317 98 22 beröfvar
621 317 26 21 de
669 317 83 26 privata
768 317 100 21 skolorna
883 317 40 21 den

102 345 69 23 frihet,
187 351 45 16 som
255 347 63 25 utgör
340 347 30 19 ett
391 345 130 28 nödvändigt
537 345 74 22 villkor
626 345 33 22 för
674 351 25 16 en
716 346 55 21 sund
786 345 39 22 och
841 345 85 27 allsidig

104 373 122 28 utveckling
248 373 22 22 af
291 374 47 21 värt
356 374 269 27 undervisningsväsende;
641 375 40 20 den
697 374 40 21 blir
752 375 32 20 ett
798 374 127 21 hämmande

103 403 57 21 band
182 403 28 26 pä
232 403 36 21 det
290 403 139 27 uppväxande
453 403 87 21 släktets
562 403 126 27 uppfostran
704 403 39 21 och
759 403 62 21 berör
836 402 90 21 sälunda

103 431 106 21 kännbart
231 431 47 21 hela
301 432 47 20 vårt
362 431 55 21 folks
434 431 185 27 bildningsarbete.
649 432 42 26 Jag
706 432 65 26 vågar
786 431 72 21 därför
873 431 52 26 hop-

104 466 45 21 pas,
164 462 32 19 att
218 460 36 21 det
277 460 106 26 vällofliga
402 460 176 26 borgareständet
593 460 52 21 skall
661 459 58 22 finna
734 460 39 20 den
790 466 29 14 nu
834 459 92 21 berörda

105 488 73 27 frägan
195 495 51 15 vara
261 488 21 21 af
296 489 41 21 den
356 491 58 19 stora
429 488 115 27 betydelse,
559 491 32 19 att
606 489 40 21 den
662 488 94 27 päkallar
771 491 31 18 ett
817 488 110 21 uttalande

105 517 47 21 frän
169 517 126 22 ständernas
312 518 50 25 sida,
378 517 39 22 och
432 517 32 21 fär
477 518 38 26 jag
529 518 7 20 i
551 517 76 22 sädant
641 516 99 22 afseende
753 517 110 21 vördsamt
872 516 55 22 före-

107 546 36 26 slä,
159 548 32 20 att
206 546 86 22 ständet
310 546 68 27 jämte
399 546 139 21 medständen
557 546 48 21 ville
620 546 49 26 ingä
685 546 30 21 till
731 546 61 21 Hans
808 545 120 27 Kejserliga

105 574 100 27 Majestät
220 574 48 22 med
283 575 132 27 underdänig
430 575 89 26 petition
535 581 33 15 om

379 639 33 19 att
425 638 89 26 privata
530 638 68 26 lyceer
612 636 39 22 och
666 637 120 21 samskolor
796 637 10 19 i
815 636 50 21 väri
875 636 54 21 land

312 665 72 27 måtte,
393 665 73 21 såsom
480 666 150 26 härförinnan
641 666 60 26 skett,
713 667 54 19 utan
777 666 86 26 strängt
872 664 56 21 iakt-

312 694 94 27 tagande
427 695 29 26 af
471 696 82 19 statens
569 695 79 27 lyceers
664 694 125 27 läroplaner
804 694 38 20 och
857 694 73 20 obero-

312 724 52 20 ende
375 723 29 27 af
410 724 36 26 för
456 723 76 21 skolan
541 723 140 27 främmande
689 722 131 28 bisyftemä!,
828 722 101 21 anordna

312 751 36 21 sin
364 752 139 20 värksamhet
517 751 72 22 säsom
604 751 117 21 allmänna
732 750 197 28 bildningsanstal-

313 781 37 25 ter,
366 780 61 21 ledda
446 780 77 21 endast
537 780 29 28 af
575 780 116 28 godkända
703 779 145 28 pedagogiska
860 779 67 27 prin-

312 808 68 28 eiper;
395 810 59 20 samt

382 844 32 20 att
434 843 153 27 privatskolor,
601 849 47 14 som
671 842 57 28 fylla
750 842 25 21 de
794 842 36 27 för
844 842 86 20 sädana

313 872 220 26 vildningsanstalter
553 871 151 27 härförinnan
724 870 103 28 stadgade
845 870 85 26 villkor,

314 900 145 21 tillerkännas
474 900 173 21 statsunderstöd
662 900 35 20 till
712 900 34 20 det
762 899 74 28 belopp
847 899 38 21 och
896 898 36 26 för

313 928 25 21 sä
354 928 51 27 läng
426 928 32 21 tid
476 928 9 20 i
500 929 85 25 sänder,
600 930 33 19 att
647 928 112 21 skolornas
775 928 89 20 tillvara
880 928 52 20 här-

313 958 85 26 igenom
414 957 143 21 säkerställes.

177 1019 136 27 Helsingfors
329 1019 39 21 den
385 1019 27 20 20
429 1019 110 21 december
554 1019 59 21 1904.

627 1093 26 21 K.
672 1093 25 21 F.
717 1093 108 28 Ignatius.

178 1180 32 21 Hr
232 1180 128 27 Ignatius
395 1179 76 26 anhöll,
482 1182 31 19 att
523 1180 124 26 petitionen,
659 1180 64 21 sedan
736 1179 40 21 den
789 1179 69 21 blifvit
869 1179 63 21 bord-

109 1209 49 26 lagd
174 1209 31 21 till
220 1208 68 21 första
303 1209 85 26 plenum
405 1210 61 19 nästa
481 1209 29 25 är,
526 1208 65 21 mätte
607 1208 119 21 remitteras
738 1207 30 22 till
779 1207 107 22 allmänna
896 1213 36 21 pe-

109 1237 185 22 titionsutskottet.

179 1290 95 25 Ärendet
289 1293 112 22 bordlades
417 1293 31 21 till
463 1293 66 22 första
544 1294 86 26 plenum
646 1293 23 22 är
687 1293 59 22 1905.

179 1453 33 21 Hr
235 1453 69 20 Alin
328 1453 97 27 uppläste
447 1455 32 18 ett
496 1452 23 21 af
536 1453 77 20 honom
627 1452 68 27 jämte
710 1453 36 21 hrr
761 1453 102 26 Latva,
879 1453 53 26 Hy-

110 1481 65 25 n6n,
226 1481 84 22 Winter
326 1481 38 22 och
409 1481 84 21 Hom&n
509 1480 173 27 undertecknadt,
696 1481 115 27 sälydande
821 1482 111 26 petitions-

110 1510 120 22 memorial:
