1114 1809
95 137 14 17 8
121 136 44 18 dec.
376 134 258 32 Fullmaktsgranskning.
906 133 16 21 5

165 207 69 23 Sedan
258 209 90 24 ständet,
364 210 27 26 pä
409 209 157 27 framställning
579 208 23 23 af
615 210 25 21 hr
655 209 209 27 älderspresiden
871 210 50 25 ten,

96 236 116 28 uppdragit
226 237 22 21 ät
263 238 158 22 undertecknad
439 238 171 28 justitierädman
626 240 37 24 att,
678 237 117 22 tillsvidare
810 238 39 21 och
864 237 56 22 intill

95 264 50 22 dess
160 265 134 22 sekreterare
308 266 77 22 hunnit
397 269 65 23 utses,
473 266 179 22 omhänderhafva
662 266 134 28 protokollet,
807 266 113 27 föredrogs

96 299 26 15 en
137 293 48 21 från
201 297 100 18 senatorn
318 296 59 19 Emil
392 294 100 27 Frithiof
507 295 112 21 Andersin
631 295 32 20 till
673 295 87 21 ståndet
769 294 77 21 afläten
856 294 64 22 skrif-

95 321 65 26 velse,
182 322 60 21 hvari
264 325 108 24 senatorn,
387 329 47 16 som
457 323 86 28 nädigst
564 323 121 22 förordnats
708 325 32 20 att
762 325 95 25 mottaga
879 323 40 21 och

97 351 92 26 granska
208 351 27 22 de
256 351 127 27 fullmakter,
398 352 71 22 hvilka
491 352 104 22 utfärdats
617 351 34 22 för
671 352 26 21 de
718 352 78 21 ofrälse
817 352 102 21 ständens

96 379 85 27 ombud,
197 379 139 29 tillkännagaf
352 383 31 19 att
400 381 43 21 han
459 381 94 28 godkänt
568 383 212 26 representanternas
796 381 6 21 i
818 381 101 26 borgare-

95 408 87 22 ståndet
195 408 121 23 fullmakter
332 412 56 20 samt
402 409 75 23 försett
492 410 106 21 ombuden
614 410 48 21 med
677 409 194 28 inträdespolletter
886 409 34 21 till

96 439 46 20 säte
158 438 38 21 och
212 440 91 20 stämma
318 439 7 21 i
340 439 90 22 ståndet.

165 600 226 27 Ceremonimästaren,
408 601 206 27 kammarjunkaren,
632 601 89 22 friherre
733 601 95 21 Theodor
836 600 82 22 Bruun

95 628 97 22 inträdde
210 628 54 22 efter
282 629 67 22 skedd
364 629 97 22 anmälan
477 632 56 19 samt
547 629 140 28 tillkännagaf
699 632 32 19 att
745 630 54 21 hans
814 629 104 22 excellens

94 657 222 28 generalguvernören
336 665 52 15 vore
407 658 80 22 beredd
506 661 32 20 att
552 659 7 21 i
574 659 41 27 dag
633 659 88 21 klockan
738 659 27 21 12
780 659 28 26 på
822 659 68 26 dagen
906 659 13 21 å

94 686 114 27 kejserliga
230 686 74 22 slottet
325 689 108 25 emottaga
455 687 40 22 den
515 688 130 27 deputation,
661 694 45 15 som
729 687 66 22 borde
810 687 40 22 hos
864 687 55 22 hans

95 715 107 22 excellens
217 715 84 22 anhålla
311 722 34 15 om
356 717 143 21 utnämnande
510 717 23 21 af
541 717 78 21 talman
630 716 39 23 och
680 717 123 21 vicetalman
817 716 32 22 för
860 717 58 21 stån-

95 744 40 27 det,
149 747 56 19 samt
219 746 33 20 att
266 745 40 21 den
322 745 131 28 deputation,
464 751 45 16 som
526 746 53 27 egde
593 748 32 19 att
639 746 39 21 hos
694 745 53 22 hans
762 745 103 22 excellens
880 752 37 15 an-

94 773 57 22 hålla
172 779 35 16 om
223 773 122 22 utsättande
360 773 24 22 af
397 774 42 28 dag
455 775 38 21 och
509 775 72 21 timme
596 774 33 22 för
644 775 142 27 landtdagens
800 774 118 28 högtidliga

94 802 114 27 öppnande
226 803 13 21 å
256 803 117 26 tronsalen,
388 803 69 22 skulle
473 803 79 22 erhålla
566 803 106 22 företräde
687 803 13 22 å
714 803 115 28 kejserliga
844 803 73 22 slottet

91 831 81 27 jämväl
187 831 7 21 i
209 831 42 28 dag
265 831 27 22 kl.
307 832 15 21 4
336 838 18 15 e.
371 838 26 15 m.

162 993 33 21 Hr
214 993 259 27 ålderspresidenten
494 993 134 28 uppmanade
648 993 52 22 härå
721 993 86 22 ståndet
821 995 31 20 att
869 997 48 18 utse

92 1021 134 22 förstnämda
250 1022 156 27 deputation;
429 1023 7 21 i
457 1022 115 27 anledning
593 1022 76 22 hvaraf
681 1022 39 22 och
736 1023 64 21 sedan
825 1023 91 24 ståndet,

93 1051 28 27 på
135 1050 83 28 förslag
232 1051 22 21 af
267 1051 25 21 hr
307 1051 128 28 Hallberg,
451 1051 83 22 förenat
549 1052 33 27 sig
596 1058 35 15 om
642 1054 32 19 att
684 1051 152 28 deputationen
848 1051 69 22 skulle

93 1080 71 21 såsom
180 1080 36 21 vid
231 1079 128 28 föregående
379 1080 126 28 landtdagar
523 1082 87 25 utgöras
629 1080 22 21 af
667 1081 26 21 hr
708 1080 207 27 ålderspresidenten

94 1109 38 21 och
156 1115 36 15 sex
215 1109 143 26 medlemmar,
382 1109 109 22 äfvensom
515 1110 25 21 hr
560 1109 264 27 ålderspresidenten
841 1109 76 22 uttalat

93 1138 171 21 önskvärdheten
280 1137 62 22 däraf
354 1140 32 19 att
399 1139 36 20 hrr
451 1137 81 23 Lilius
548 1138 38 21 och
598 1138 90 27 Hynén
700 1138 69 22 blefve
779 1138 7 21 i
797 1138 118 27 deputatio-

92 1172 42 16 nen
156 1166 90 27 invalda,
262 1167 74 21 skreds
358 1167 31 21 till
411 1167 34 21 val
466 1167 80 22 medels
568 1167 71 22 slutna
659 1167 70 21 sedlar
744 1167 23 22 af
780 1167 64 22 dessa
858 1167 58 22 med-

92 1195 94 26 lemmar,
202 1195 40 22 och
258 1196 88 27 utsågos
361 1195 81 22 härtill:

326 1259 26 22 hr
366 1259 82 22 Lilius
521 1259 48 22 med
583 1259 28 22 66
625 1261 70 20 röster

335 1297 9 11 »
368 1294 41 15 von
425 1287 85 23 Pfaler
542 1297 8 10 »
585 1289 27 20 62
658 1297 8 10 »

335 1326 9 10 »
368 1317 103 22 Kumlin
541 1326 9 10 »
584 1317 28 21 55
657 1326 8 10 »

335 1355 9 10 »
367 1345 87 22 Idman
544 1355 9 10 »
583 1346 28 21 42
657 1355 8 10 »

336 1384 8 10 »
368 1375 89 28 Hyn6n
543 1384 8 11 >
583 1375 28 21 35
656 1383 9 11 »

334 1413 9 10 »
368 1404 95 21 Ohman
543 1413 9 10 »
583 1404 28 21 35
656 1413 8 10 »

160 1466 78 21 Röster
261 1465 82 22 tillföllo
366 1466 110 21 dessutom
498 1465 93 27 följande
606 1465 218 25 ständsmedlemmar,
839 1465 76 21 nämli-

91 1500 51 22 gen:
165 1494 37 21 hrr
226 1494 114 27 Stählberg
361 1494 33 25 24,
415 1493 125 22 Lundenius
559 1494 34 25 20,
613 1493 104 27 Hallberg
732 1493 32 26 16,
780 1487 98 27 Äkesson
894 1493 21 25 9,

91 1522 76 23 Möller
190 1523 19 26 6,
232 1522 62 22 Kalm
316 1523 18 25 5,
358 1522 81 22 Arthur
463 1521 95 27 Castrén,
578 1522 58 21 Felix
654 1521 82 26 Heikel,
752 1521 107 22 Snellman
875 1521 39 21 och
