1120 1798
210 148 27 22 22
530 154 141 17 Talmannens
683 154 35 16 tal.
960 153 13 17 9
986 153 49 25 dec.

209 223 96 21 inhämta
320 223 96 21 ständets
435 222 51 22 eller
502 222 26 22 de
543 222 49 22 dess
608 222 149 22 medlemmars
775 221 61 26 äsikt,
847 222 49 20 med
910 222 71 21 hvilka
993 221 38 27 jag

210 251 73 22 hunne
298 252 61 20 träda
373 251 7 21 i
396 251 104 27 beröring.

279 308 49 22 Med
347 308 98 22 anhållan
465 314 34 15 om
519 308 26 21 de
561 308 132 21 närvarande
708 307 251 21 ständsmedlemmarnas
975 309 56 19 utta-

209 338 64 21 lande
284 338 7 20 i
302 337 139 21 förevarande
453 336 154 28 angelägenhet
617 336 71 22 tillade
698 336 25 21 hr
735 336 145 21 talmannen
888 338 32 19 att
927 336 47 25 han,
983 336 47 21 där-

209 368 35 20 est
265 366 26 22 de
304 366 133 21 närvarande
448 366 24 21 sä
482 366 99 26 önskade,
591 365 130 22 fortfarande
732 371 51 15 vore
793 365 79 21 beredd
882 367 32 19 att
923 364 107 28 framsäga

210 394 113 23 svarstalet
342 395 7 20 i
364 395 50 21 dess
430 394 157 27 ursprungliga,
603 394 22 22 af
638 394 85 21 ständet
737 394 65 21 redan
818 394 112 26 godkända
945 393 86 27 lydelse,

210 430 49 15 men
277 422 32 23 för
328 424 41 20 den
389 423 102 21 händelse
505 423 25 21 hr
545 423 133 21 talmannens
694 422 77 28 gjorda
785 422 139 22 meddelande
939 422 90 28 ansäges

210 452 57 28 gifva
289 452 115 27 anledning
426 452 32 21 till
480 452 90 22 särskild
593 452 79 26 ätgärd,
696 451 99 27 uppläste
815 451 25 21 hr
861 451 122 21 talmannen
999 452 31 20 ett

208 481 81 27 förslag
304 481 31 21 till
351 481 97 25 svarstal,
463 481 24 21 af
498 480 93 27 följande
605 480 90 28 lydelse:

403 561 80 21 Teidän
498 561 161 21 ruhtinaallinen
675 560 168 28 ylhäisyytenne!

280 618 92 21 Suomen
388 618 164 27 porvarissääty,
565 618 52 27 joka
632 618 130 21 noudattaen
773 618 77 20 Hänen
861 617 170 26 Majesteettinsa

210 647 99 21 Keisarin
321 647 23 26 ja
360 646 177 22 Suuriruhtinaan
553 646 116 21 armollista
684 646 137 21 kutsumusta
836 651 28 16 on
879 645 152 22 kokoontunut

209 675 64 22 näille
291 675 154 27 valtiopäiville,
461 677 81 25 pyytää,
568 674 267 27 valtiopäiväjärjestyksen
855 675 26 20 26
898 675 33 26 $:n
946 674 86 27 nojalla,

209 706 45 19 että
268 704 70 21 teidän
354 704 159 27 ylhäisyytenne
527 704 87 21 tahtoisi
633 703 159 21 Keisarilliselle
802 702 148 28 Majesteetille
966 703 63 21 esiin-

210 733 68 22 tuoda
293 733 177 27 porvarissäädyn
487 733 114 21 alamaisen
617 731 165 22 kunnioituksen
795 732 23 27 ja
834 731 169 22 uskollisuuden.

281 813 66 22 Ordet
362 813 104 27 begärdes
481 813 51 21 härä
547 813 22 21 af

278 870 25 21 hr
319 870 161 27 Hallberg,
496 877 45 14 som
557 871 91 26 yttrade:
670 870 42 26 Jag
726 871 38 20 ber
779 869 20 22 få
814 872 78 19 nämna
907 872 32 19 att
950 871 38 26 jag
997 869 34 22 för

209 899 44 21 min
273 899 34 21 del
325 905 63 15 anser
406 901 32 19 att
452 899 7 21 i
474 901 31 19 ett
519 899 41 26 fall,
576 899 76 21 sädant
667 905 46 15 som
730 899 63 25 detta,
808 899 36 21 det
859 899 49 21 bäst
923 898 107 22 öfverens-

210 928 132 21 stämmande
365 927 49 21 med
436 928 187 26 borgareständets
644 927 113 27 värdighet
771 927 39 21 och
826 927 61 21 äfven
903 928 49 20 med
967 928 23 20 L.
1005 928 26 21 O.

208 955 134 23 föreskrifter
358 956 60 21 torde
433 963 50 14 vara
498 959 32 19 att
544 956 25 21 hr
584 957 121 20 talmannen
721 956 126 21 inskränker
862 956 34 26 sig
906 956 32 21 till
948 956 26 21 de
985 956 45 26 ord,

211 991 48 15 som
274 984 38 22 här
328 987 74 19 senast
416 985 116 27 upplästes.

277 1043 34 21 Hr
332 1043 187 27 Cederberg:
541 1043 42 27 Jag
600 1043 77 21 tilläter
692 1043 45 27 mig
752 1043 66 21 uttala
834 1043 41 21 den
890 1043 93 26 mening,
999 1045 31 19 att

209 1072 52 22 talet
275 1072 67 21 borde
357 1072 102 26 uppläsas
474 1072 7 20 i
497 1072 49 21 dess
562 1071 151 28 ursprungliga
728 1070 61 22 form.
811 1072 50 20 Man
877 1071 38 22 har
928 1072 25 26 ju
963 1072 65 21 redan

209 1100 120 22 diskuterat
343 1100 52 22 talet
410 1100 39 22 och
465 1101 72 21 därvid
553 1100 38 22 har
607 1100 92 26 uttalats,
715 1102 31 19 att
762 1100 48 22 dess
827 1103 37 18 ton
880 1107 52 15 vore
946 1100 83 22 hofsam

209 1129 40 21 och
271 1131 31 19 att
324 1129 66 27 nägot
412 1129 122 21 kränkande
552 1128 33 22 för
601 1129 120 27 Majestätet
737 1129 38 21 där
791 1129 45 21 icke
851 1128 121 22 förefinnes.
1001 1129 31 21 Af

209 1158 66 21 sädan
297 1158 115 27 anledning
434 1158 68 21 skulle
520 1158 37 27 jag
571 1158 51 27 vilja
636 1157 77 22 föreslä
729 1160 31 18 att
775 1158 51 21 talet
841 1158 100 27 uppläses
958 1159 6 20 i
979 1158 49 22 dess

209 1186 154 27 ursprungliga
376 1186 62 21 form.

278 1244 33 20 Hr
325 1243 118 27 Hyn6n:
459 1243 90 21 Kovasti
564 1250 27 14 on
607 1244 79 26 tietysti
697 1243 128 25 valitettava,
836 1245 50 24 että,
896 1243 75 21 vaikka
982 1245 47 20 sää-

209 1271 64 27 dyille
287 1278 28 15 on
330 1272 83 21 luvattu
429 1278 67 20 vapaa
512 1272 129 24 sananvalta,
654 1271 83 27 jotakin
748 1272 92 21 tällaista
850 1272 57 21 tulee
917 1272 111 27 kysymyk-

208 1306 58 15 seen.
295 1300 71 21 Mutta
387 1300 45 21 asia
455 1306 27 15 on
502 1300 77 21 tärkeä.
609 1300 71 21 Meillä
697 1306 27 15 on
741 1301 130 21 edesvastuu
887 1300 141 28 valitsijamie-

207 1328 93 20 hiämme
322 1328 98 24 kohtaan,
441 1328 62 26 jotka
525 1331 49 18 ovat
597 1328 127 21 lähettäneet
742 1329 78 20 meidät
840 1330 66 20 tänne
920 1329 55 21 siinä
989 1329 40 21 toi-

208 1362 65 15 vossa
292 1358 44 19 että
354 1356 145 21 säännöllinen
515 1356 105 21 asiaintila
637 1356 107 21 saataisiin
760 1356 149 27 palautetuksi.
940 1356 88 22 Sentäh-

208 1384 41 21 den
269 1384 23 27 ja
314 1384 44 21 kun
377 1384 69 21 meillä
465 1390 27 15 on
508 1384 97 21 tilaisuus
623 1396 23 2 —
660 1384 48 26 jota
722 1384 19 21 ei
756 1385 86 20 voitane
856 1386 60 19 estää
930 1385 47 21 eikä
991 1390 39 15 saa

208 1414 60 19 estää
283 1425 27 2 —
326 1411 224 23 anomusehdotuksen
566 1412 115 21 muodossa
691 1413 66 21 tuoda
767 1412 53 21 esiin
832 1412 198 27 toivomuksemme,

207 1441 44 21 niin
275 1441 94 22 minusta
388 1447 68 15 emme
475 1441 95 21 tällaisen
593 1442 107 20 sattuman
715 1441 78 22 tähden
810 1447 36 16 saa
860 1448 71 20 panna
946 1441 84 22 kaikkia

208 1469 94 27 alttiiksi,
315 1469 67 28 jonka
396 1469 126 26 tekisimme,
535 1470 36 27 jos
585 1471 71 20 tämän
671 1470 59 21 asian
746 1470 57 21 takia
813 1476 61 15 maan
886 1471 143 21 säännöllisen

208 1498 51 22 tilan
282 1498 167 27 palauttaminen
472 1498 58 21 tulisi
551 1499 185 21 mahdottomaksi.
766 1499 136 21 Ehdottaisin
924 1499 43 25 siis,
985 1501 45 19 että

207 1527 112 27 puhemies
334 1527 72 28 pitäisi
420 1527 84 27 puheen
518 1527 44 21 niin
578 1527 94 27 lyhyenä,
687 1527 51 22 kuin
755 1533 23 16 se
793 1529 37 25 nyt
845 1527 90 22 luettiin.
957 1528 73 22 Jokai-
