1120 1817
228 157 40 21 146
562 154 141 31 Konkurslag.
967 161 24 17 21
1003 162 43 15 dec.

611 230 26 20 97
653 229 17 28 $.

295 277 70 21 Begär
386 275 82 22 enskild
489 275 102 28 borgenär
606 278 32 18 att
651 274 35 21 för
708 274 129 28 granskning
852 274 23 22 af
889 274 156 28 förvaltningen

226 305 22 23 få
263 305 35 22 del
314 298 25 38 af
349 304 59 23 boets
424 304 142 28 räkenskaper
579 304 40 22 och
633 304 32 21 till
676 303 48 21 dem
738 303 93 21 hörande
847 303 130 28 handlingar,
988 302 57 28 gifve

226 334 156 30 sysslomannen
397 333 76 21 honom
488 332 84 22 tillfälle
587 332 76 22 därtill.

294 362 161 29 Sysslomannen
470 368 50 15 vare
535 361 40 21 ock
589 361 77 29 pliktig
681 364 33 18 att
728 360 97 21 meddela
841 360 82 22 enskild
938 360 107 27 borgenär,

225 398 45 15 som
285 391 37 21 det
343 390 71 28 begär,
435 390 127 28 upplysning
577 397 34 14 om
628 389 60 22 boets
709 388 96 22 tillstånd
828 388 40 22 och
890 388 155 28 förvaltningen

225 420 89 21 rörande
328 419 185 27 omständigheter.
534 418 71 28 Begär
620 418 102 26 borgenär
744 418 121 26 skriftligen
882 417 92 29 uppgift,
983 417 62 21 huru-

225 448 51 22 vida
290 448 51 21 hans
356 448 86 21 fordran
457 447 72 21 blifvit
542 447 33 21 till
590 446 108 27 betalning
720 446 107 21 fastställd
842 446 51 21 eller
907 446 54 25 icke,
976 446 68 27 åligge

224 477 156 28 sysslomannen
394 476 79 28 jämväl
487 478 32 19 att
533 476 8 20 i
555 475 48 22 bref
619 474 97 22 meddela
730 474 66 21 sådan
810 474 132 29 upplysning.

607 539 28 20 98
650 538 19 27 8.

292 585 108 22 Tredskar
424 585 52 21 eller
499 585 125 21 försummar
648 583 155 28 sysslomannen
826 587 33 18 att
882 583 91 28 fullgöra
988 583 56 23 hvad

224 615 76 22 honom
320 614 86 27 åligger,
431 613 55 22 hålle
508 615 74 24 rätten,
606 613 27 29 på
658 612 96 21 anmälan
779 612 23 21 af
823 612 222 29 borgenärsutskottet,

223 643 77 22 honom
314 643 70 21 därtill
400 649 75 21 genom
490 642 97 29 lämpligt
601 642 103 28 äfventyr.
731 641 65 21 Låter
811 641 155 28 sysslomannen
982 642 18 27 ej
1011 642 34 27 sig

223 674 62 25 rätta,
306 671 51 22 eller
378 674 23 19 är
424 671 159 22 försummelsen
598 671 23 21 af
644 671 49 22 svår
718 669 155 28 beskaffenhet,
893 670 60 28 skilje
976 672 67 19 rätten

223 701 76 21 honom
313 700 45 23 från
373 699 80 30 sysslan
470 700 39 21 och
524 700 55 21 kalle
594 700 7 20 i
617 700 39 20 den
666 701 8 19 i
684 699 28 21 90
727 699 11 28 $
754 699 102 27 stadgade
870 699 89 27 ordning
970 699 72 28 borge-

223 731 88 20 närerna
325 732 33 19 att
380 729 56 28 välja
458 737 28 20 ny
501 729 126 28 syssloman;
651 727 99 22 förordne
765 727 40 22 ock
820 727 88 29 lämplig
923 735 75 21 person
1011 731 33 18 att

222 759 55 20 intill
292 758 48 21 dess
354 757 76 22 sådant
444 757 58 22 skett
515 757 122 22 handhafva
652 756 86 29 sysslan.

289 787 13 21 I
315 786 116 28 trängande
446 786 38 21 fall
499 785 34 22 må
547 785 167 29 sysslomannens
729 784 103 29 skiljande
842 784 97 29 vidtagas
952 788 50 19 utan
1011 788 32 19 att

222 815 42 22 han
280 815 56 22 förut
350 815 73 22 blifvit
437 815 7 21 i
460 815 64 21 saken
540 814 59 22 hörd.

600 885 26 20 99
642 885 18 26 8.

288 930 222 28 Borgenärsutskottet
519 930 66 28 väljer
594 931 56 20 inom
660 930 33 27 sig
703 937 26 14 en
738 929 127 22 ordförande
876 931 65 26 jämte
949 937 25 14 en
984 930 57 21 vice-

222 959 130 26 ordförande,
376 959 85 21 hvilken
483 959 36 21 vid
541 958 72 22 förfall
635 959 33 20 för
687 958 141 21 ordföranden
851 958 71 21 träder
941 959 8 20 i
963 958 78 22 dennes

222 988 66 26 ställe,
303 988 39 21 och
364 987 166 22 sammanträder
551 987 28 28 på
601 987 86 21 kallelse
709 987 22 21 af
752 987 127 21 ordförande
900 987 51 21 eller
966 987 75 28 sysslo-

223 1024 95 14 mannen.
347 1016 150 22 Ordföranden
517 1018 23 19 är
559 1015 77 29 pliktig
660 1015 151 22 sammankalla
833 1015 108 27 utskottet,
956 1023 34 14 om
1004 1016 38 21 två

222 1045 136 21 medlemmar
372 1045 77 21 sådant
464 1045 51 20 äska
529 1045 34 20 för
577 1044 113 29 uppgifvet
704 1044 83 21 ärende.

290 1073 79 22 Stanna
392 1074 113 20 utskottets
530 1073 136 21 medlemmar
686 1074 8 19 i
713 1073 56 20 olika
794 1073 125 27 meningar,
930 1080 48 14 vare
1000 1073 40 20 den

220 1102 113 21 utskottets
348 1102 74 26 beslut,
438 1101 34 22 för
487 1101 86 22 hvilken
587 1102 63 21 flesta
665 1103 94 20 rösterna
774 1101 102 28 afgifvits.
904 1102 44 21 Aro
958 1101 13 21 å
983 1103 57 20 ömse

222 1131 57 21 sidor
293 1131 43 21 lika
351 1130 76 28 många
448 1132 73 25 röster,
537 1130 54 27 gälle
609 1130 41 21 den
671 1131 91 26 mening,
784 1137 43 14 som
851 1129 142 22 ordföranden
1007 1129 32 22 bi-

220 1159 77 22 träder.

595 1217 41 20 100
646 1217 18 26 8.

288 1261 222 28 Borgenärsutskottet
524 1261 81 28 åligger
620 1264 32 18 att
666 1268 56 20 noga
741 1261 117 22 öfvervaka
872 1262 167 28 sysslomannens

220 1291 128 26 förvaltning
372 1290 40 21 och
434 1290 26 21 de
482 1289 75 22 honom
574 1291 7 20 i
596 1290 36 27 lag
654 1289 51 22 eller
726 1290 23 21 af
772 1291 267 26 borgenärssammanträde

219 1319 125 21 meddelade
359 1318 144 21 föreskrifters
521 1318 138 27 fullgörande,
674 1318 32 21 tid
721 1319 55 20 efter
791 1327 67 13 annan
874 1319 90 26 granska
980 1319 58 21 boets

219 1347 129 25 handlingar,
363 1347 141 27 räkenskaper
525 1347 40 19 och
588 1347 61 20 kassa
670 1350 56 17 samt
747 1347 103 21 huruvida
865 1347 90 21 influtna
970 1347 67 21 medel

218 1376 36 19 äro
269 1374 115 26 behörigen
399 1374 78 20 insatta
491 1374 7 20 i
513 1374 62 25 bank,
591 1374 108 20 äfvensom
714 1374 56 20 tillse
785 1377 32 18 att
831 1374 150 27 tillgångarnas
997 1376 41 20 för-

219 1402 118 22 vandlande
351 1403 8 19 i
374 1403 117 27 penningar
514 1402 48 20 icke
587 1402 103 28 fördröjes
714 1402 40 21 och
775 1405 32 18 att
828 1402 110 28 utdelning
953 1403 47 21 sker
1015 1403 23 21 så

218 1434 58 18 snart
290 1430 69 22 medel
375 1430 70 22 därtill
460 1430 75 22 finnas.

286 1459 47 22 Har
348 1460 155 28 sysslomannen
518 1460 49 28 själf
581 1459 79 21 anmält
674 1459 86 22 fordran
775 1460 8 21 i
798 1459 124 28 konkursen,
938 1468 37 20 ege
991 1460 46 22 bor-

218 1489 188 27 genärsutskottets
428 1488 131 27 ordförande,
581 1488 51 22 eller
654 1488 41 22 den
716 1488 104 22 utskottet
841 1489 66 21 skildt
924 1489 113 27 förordnat,

217 1518 37 21 vid
276 1520 104 26 uppropet
398 1517 39 21 och
452 1516 28 22 då
495 1518 155 28 sysslomannen
665 1518 50 28 eljes
730 1518 32 21 till
779 1518 53 28 följd
854 1518 61 22 däraf
934 1521 23 19 är
970 1519 67 28 jäfvig

219 1550 106 24 gentemot
340 1546 76 22 honom
431 1546 74 22 utöfva
520 1546 166 30 sysslomannens
701 1546 156 28 befogenheter.
