1114 1792
101 131 28 17 22
142 132 43 16 dec.
427 134 178 16 Privatskolorna.

884 128 41 20 249

102 200 51 22 åren
176 200 135 22 förekommit
333 202 28 27 på
383 202 24 20 så
427 202 52 27 godt
498 208 47 16 som
562 202 41 22 alla
618 202 100 22 områden
734 202 58 21 inom
807 202 47 21 vårt
869 202 56 21 land.

102 229 43 27 Jag
159 235 62 15 anser
237 230 35 21 det
287 230 121 26 obehöfligt,
423 233 31 19 att
476 230 38 22 här
536 230 111 27 uppräkna
664 231 26 21 de
708 230 56 22 olika
780 230 90 22 cirkulär
886 231 39 20 och

102 256 146 28 förfoganden,
259 264 46 15 som
322 261 112 24 emanerat,
450 259 39 21 och
504 259 93 21 anhåller
612 259 55 21 blott
681 261 31 19 att
726 258 22 22 få
761 258 82 27 påpeka
853 258 71 27 några,

103 285 70 22 hvilka
196 287 114 26 väsentligt
332 287 87 21 invärka
441 287 27 27 på
492 287 155 27 privatskolans
661 287 29 20 lif.
719 287 11 21 I
745 287 143 27 kungörelsen
903 287 23 21 af

103 314 41 21 den
162 315 24 20 11
203 314 43 22 dec.
263 315 55 21 1884
333 315 115 22 fastställes
465 316 71 21 såsom
551 315 75 22 villkor
641 315 34 21 för
690 315 121 22 erhållande
826 315 23 21 af
862 317 63 19 stats-

103 343 80 26 bidrag,
198 345 32 20 att
251 343 131 28 privatskola
400 344 49 21 med
468 343 99 23 afseende
585 345 11 20 å
617 344 122 21 lärokurser
760 344 54 21 skall
830 343 96 22 meddela

103 372 154 27 undervisning
271 372 7 21 i
293 372 69 22 finska
376 373 39 21 och
431 373 62 27 ryska
508 373 91 28 språken
614 374 7 20 i
637 379 80 15 samma
732 372 87 27 omfång
832 379 47 14 som
890 373 35 20 vid

103 403 81 19 statens
204 401 104 22 lärovärk.
338 401 34 22 Då
389 402 69 27 någon
475 409 69 14 annan
561 402 134 27 bestämning
709 402 7 21 i
731 401 59 22 detta
804 401 121 21 hänseende

103 429 45 22 icke
170 429 61 28 ingår
252 430 7 21 i
280 430 159 27 författningen,
455 430 62 22 hafva
538 430 171 28 privatskolorna
729 431 83 20 kunnat
830 430 96 21 anordna

103 459 45 21 sina
170 458 122 22 lärokurser
307 465 59 16 mera
380 459 53 22 efter
448 459 211 22 förhandenvarande
674 459 65 22 behof
753 461 27 19 än
795 459 7 21 i
818 458 106 22 öfverens-

103 487 123 22 stämmelse
248 488 48 21 med
319 488 142 21 statsskolans
483 488 44 22 ofta
545 488 74 22 snäfva
633 487 85 22 former.
747 487 125 22 Emellertid
887 488 38 20 har

103 522 77 21 genom
196 522 26 15 en
238 516 111 22 skrifvelse
363 516 47 22 från
425 517 113 27 kejserliga
553 520 87 19 senaten
656 517 23 20 af
693 517 10 20 1
719 523 48 14 nov.
784 516 55 21 1904
856 515 69 22 blifvit

104 544 36 21 af
159 543 146 23 förekommen
327 545 126 27 anledning»
476 545 121 27 anbefalldt,
613 547 32 20 att
661 545 98 27 samtliga
775 545 151 21 subventione-

102 573 51 21 rade
168 573 82 27 privata
266 580 60 21 goss-
341 573 39 22 och
396 573 119 22 samskolor
530 574 46 21 från
593 574 39 21 och
646 574 49 21 med
710 575 62 20 nästa
786 573 80 21 läseårs
877 573 48 21 bör-

99 601 38 27 jan
154 601 60 22 skola
230 602 30 21 till
276 603 40 20 alla
331 602 58 21 delar
404 602 68 22 införa
487 603 40 21 den
540 603 33 21 för
583 605 82 19 statens
675 602 114 27 reallyceer
799 601 127 22 föreskrifna

93 630 132 27 .läroplanen
248 631 23 21 af
291 631 27 21 26
333 631 41 26 juli
390 631 60 21 1903.
481 631 82 22 Genom
579 632 69 21 denna
663 630 111 22 skrifvelse
790 631 38 20 har
843 630 82 22 således

103 665 25 14 en
147 658 125 28 författning
295 659 68 22 blifvit
378 659 100 28 upphäfd,
493 660 84 21 hvilken
594 660 54 21 varit
662 659 21 21 af
698 659 105 27 väsentlig
818 659 108 27 betydelse

102 686 33 22 för
150 687 182 27 privatskolornas
355 689 47 20 hela
423 688 78 22 arbete.
531 689 42 21 För
588 691 31 18 att
635 688 81 27 påpeka
731 688 77 21 endast
822 693 26 16 en
864 687 23 21 af
900 687 26 20 de

102 715 76 28 följder
194 715 125 23 skrifvelsen
334 717 96 22 kommer
445 719 32 20 att
491 717 100 25 medföra,
601 717 35 21 må
650 718 94 25 nämnas,
755 718 33 19 att
798 722 25 15 en
835 716 91 21 nioklas-

103 744 33 28 sig
151 751 61 21 goss-
228 745 50 21 eller
297 745 107 22 samskola
419 746 68 21 måste
505 746 31 21 till
551 746 99 27 åtlydnad
665 745 23 21 af
701 745 137 21 skrifvelsens
853 745 73 27 påbud

103 773 6 21 i
125 779 25 16 en
174 773 166 28 handvändning
362 774 95 21 anordna
480 775 47 21 sina
545 774 122 22 lärokurser
682 774 27 26 på
725 779 81 16 samma
821 775 43 20 sätt
878 779 46 15 som

101 803 33 20 ett
156 802 134 27 åttaklassigt
311 803 87 27 lyceum.
429 803 48 21 Den
492 803 93 21 kontroll
600 805 69 19 staten
686 804 50 20 utan
751 801 73 22 tvifvel
840 802 38 21 bör
894 803 32 19 ut-

100 830 51 22 öfva
173 830 60 22 öfver
254 832 146 26 privatskolan
423 838 63 21 synes
509 832 43 27 mig
573 838 50 15 vara
640 831 49 21 fullt
703 830 121 27 tillräckligt
840 830 86 22 utöfvad

104 865 76 21 genom
196 858 93 27 fordran,
298 862 32 20 att
345 860 85 27 uppgift
444 860 59 21 öfver
519 860 86 22 skolans
620 860 95 26 läroplan
726 860 39 20 bör
776 859 104 21 inlämnas
891 859 35 21 vid

103 888 95 22 ansökan
221 890 31 20 att
274 889 79 21 inrätta
374 895 26 15 en
424 889 65 21 sådan
511 889 60 22 skola
589 888 50 22 eller
655 888 79 22 erhålla
749 888 130 26 statsbidrag
893 886 33 22 för

103 916 130 22 densamma.
264 917 34 21 Då
317 919 70 20 staten
405 917 122 22 därutöfver
543 924 62 15 anser
621 918 33 26 sig
668 917 73 21 kunna
755 918 39 20 när
809 922 47 16 som
872 916 55 21 hälst

103 946 94 26 påbjuda
210 945 149 29 förändringar
374 946 8 21 i
396 952 26 15 en
439 946 84 28 engång
534 946 99 28 godkänd
643 945 102 27 läroplan,
755 945 69 22 måste
831 945 38 27 jag
879 945 47 21 där-

103 973 33 23 för
151 980 52 16 anse
218 975 59 21 detta
295 975 45 21 icke
360 975 134 27 berättigadt.
526 975 77 22 Skolan
619 975 39 21 bör
672 975 8 20 i
694 974 51 28 lugn
761 974 39 21 och
816 980 24 15 ro
855 973 21 22 få
892 980 34 20 ge-

104 1002 97 22 nomföra
222 1004 26 21 de
269 1004 110 27 principer,
395 1010 46 15 som
464 1003 70 22 funnit
549 1004 37 21 sitt
605 1003 85 27 uttryck
711 1003 6 21 i
741 1003 49 21 dess
808 1002 119 22 fastställda

105 1032 86 26 stadgar
206 1032 39 22 och
261 1032 102 28 läroplan,
372 1032 39 21 och
426 1038 35 16 om
477 1032 128 28 någongång
619 1032 147 26 förändringar
777 1031 52 21 böra
840 1030 86 26 införas,

104 1060 35 21 må
154 1060 76 22 sådant
253 1061 129 21 åtminstone
399 1061 47 21 icke
461 1061 37 21 ske
514 1062 7 20 i
535 1061 76 21 sådant
625 1060 92 28 omfång,
732 1062 32 20 att
779 1060 86 21 skolans
880 1059 48 21 hela

104 1089 166 27 arbetsordning
291 1090 79 21 rubbas
394 1090 39 21 och
450 1089 46 22 icke
515 1090 68 21 oftare
598 1092 26 19 än
641 1096 26 14 en
682 1096 29 20 ny
725 1088 75 28 period
814 1088 34 22 för
864 1089 63 21 stats-

105 1117 75 27 bidrag
194 1117 88 22 infaller.

172 1146 40 21 Till
235 1146 157 27 privatskolans
414 1137 121 31 företridlen
551 1147 37 21 har
606 1146 74 22 hittills
699 1146 61 21 äfven
776 1146 54 24 hört,
845 1147 32 19 att
891 1152 35 14 en-

105 1174 69 22 skilda
195 1174 70 22 elever
282 1175 83 21 kunnat
382 1175 23 22 af
416 1175 145 22 förekommen
577 1175 116 27 anledning
707 1174 78 22 befrias
800 1174 46 21 från
862 1174 65 21 delta-

105 1203 69 27 gande
189 1204 7 21 i
211 1204 180 27 undervisningen
407 1204 7 21 i
428 1206 31 19 ett
474 1204 50 22 eller
539 1206 65 20 annat
619 1204 113 21 läroämne.
760 1203 78 21 Denna
852 1202 76 22 anord-

105 1232 52 27 ning
176 1232 44 26 har,
236 1232 100 22 särskildt
356 1232 55 22 hvad
433 1233 26 21 de
474 1233 66 27 högre
555 1232 147 22 samskolorna
716 1231 106 25 beträffar,
838 1231 55 22 varit
907 1230 23 22 af

102 1262 48 20 stor
170 1261 114 27 betydelse.
314 1262 82 21 Genom
415 1262 114 26 kejserliga
547 1264 98 19 senatens
666 1260 110 22 skrifvelse
797 1260 23 21 af
840 1260 26 21 27
880 1260 48 26 juni

106 1289 56 21 1904
176 1290 38 20 har
237 1290 117 21 emellertid
374 1290 115 27 påbjudits,
505 1292 31 19 att
558 1289 181 27 undervisningen
757 1289 7 21 i
783 1289 27 21 de
828 1288 54 22 båda
896 1288 32 20 in-

104 1318 88 21 hemska
207 1318 92 27 språken
314 1318 40 22 och
368 1318 64 28 ryska
447 1318 53 22 skall
515 1325 51 15 vara
580 1318 139 26 obligatorisk
733 1316 33 23 för
780 1317 42 21 alla
836 1317 71 21 elever
922 1316 7 21 i

105 1347 151 27 privatskolan.
287 1346 70 23 Häraf
369 1348 41 21 blir
424 1353 26 16 en
469 1347 58 28 följd,
541 1349 32 20 att
588 1346 61 22 äfven
664 1347 27 21 de
706 1346 76 26 elever,
797 1345 71 22 hvilka
882 1345 46 22 icke

104 1375 62 22 tänkt
186 1376 34 27 sig
241 1375 127 28 inskrifning
391 1376 34 21 vid
448 1376 147 22 universitetet
614 1376 72 21 såsom
708 1374 118 27 afslutning
843 1375 28 26 på
895 1373 33 22 sin

105 1404 110 27 skolgång,
230 1405 68 20 måste
312 1405 98 21 använda
424 1411 26 15 en
467 1407 45 19 stor
527 1405 34 21 del
575 1404 24 21 af
611 1404 33 21 sin
660 1403 78 22 skoltid
748 1403 29 27 på
786 1405 32 19 ett
827 1403 103 21 intensivt

105 1432 73 21 arbete
200 1432 32 21 för
255 1433 110 20 inlärande
386 1431 22 22 af
427 1435 14 18 t.
461 1439 30 14 ex.
506 1433 64 26 ryska
584 1432 92 26 språket,
692 1437 46 15 som
753 1431 33 21 för
801 1431 67 24 deras,
884 1432 44 19 sär-

106 1460 65 21 skildt
185 1460 27 21 de
226 1459 109 27 kvinnliga
349 1460 110 21 elevernas
474 1460 99 21 framtida
588 1459 24 21 lif
625 1459 46 22 icke
681 1459 38 21 har
728 1459 71 26 någon
814 1458 115 27 afgörande

105 1489 115 28 betydelse.
