1120 1814
450 145 139 34 Konkurslag.
886 145 41 21 153

483 222 41 20 125
540 222 16 25 8.

175 258 13 22 I
203 258 110 22 underrätt
328 260 54 20 skall
407 259 57 21 föras
489 259 136 29 förteckning
647 260 62 20 öfver
731 259 195 25 konkursärenden,

107 287 136 29 upptagande
258 287 35 21 för
307 288 73 28 hvarje
394 288 78 21 ärende
494 288 76 28 dagen,
586 288 28 20 då
630 288 91 28 begäran
737 295 34 13 om
786 287 140 22 konkursför-

107 315 89 22 farande
210 315 92 28 gjordes,
318 316 68 27 dagen
397 316 41 21 och
447 317 86 21 timmen
544 316 28 22 då
582 316 121 22 konkursen
725 316 97 28 begynte,
832 316 94 28 dagarna

107 344 34 22 för
156 345 26 20 de
198 347 79 19 utsatta
291 344 306 29 rättegångssammanträdena
607 346 7 20 i
625 344 65 22 målet
703 344 40 22 och
755 346 38 20 när
803 344 122 22 konkursen

106 373 100 22 afslutats
217 373 58 27 eller,
283 373 38 22 där
336 373 122 22 densamma
473 374 91 21 inställts
574 374 52 22 eller
636 373 105 29 nedlagts,
751 373 59 21 tiden
819 372 28 22 då
857 372 68 22 sådan

107 405 37 25 egt
157 409 53 15 rum.

174 430 173 28 Förteckningen
367 431 55 21 skall
436 431 88 28 angifva
539 431 65 22 äfven
620 431 79 21 sådana
714 431 99 26 ärenden,
829 432 7 20 i
851 430 72 22 hvilka

104 460 148 27 ansökningen
268 460 96 28 afslagits
380 460 28 28 på
423 460 40 21 den
480 461 6 20 i
503 461 25 21 11
544 460 14 29 &
572 460 67 22 andra
652 467 63 14 mom.
730 459 77 22 nämda
821 458 75 30 grund.

481 541 41 21 126
538 542 18 27 8.

175 585 84 22 Genom
274 585 146 29 stadgandena
436 587 6 20 i
457 586 71 22 denna
542 587 35 28 lag
592 586 76 22 ändras
685 587 58 21 icke:

174 614 57 21 hvad
247 616 12 19 5
274 615 48 28 kap.
333 616 26 21 10
371 616 11 27 $
394 615 23 21 af
427 615 59 28 lagen
495 623 34 14 om
538 615 82 22 makars
636 615 126 28 egendoms-
770 615 40 22 och
818 615 106 28 gäldsför-

104 643 114 21 hållanden
233 643 23 22 af
271 643 41 22 den
328 645 26 20 15
370 644 53 28 april
440 645 53 20 1889
507 644 117 21 innehåller
641 652 34 14 om
693 643 230 22 konkursförfarandes

106 671 113 22 inledande
234 673 6 20 i
257 672 38 21 där
310 672 72 22 nämdt
398 672 47 27 fall;

173 700 27 22 de
216 701 6 20 i
239 702 32 25 13,
288 702 26 21 14
329 701 41 22 och
386 703 26 20 15
428 703 26 26 88
470 701 23 22 af
510 702 60 28 lagen
593 701 110 29 avgående
720 701 143 28 bankrörelse,
877 709 46 14 som

104 729 23 21 af
143 729 62 28 bolag
228 729 67 28 idkas,
317 730 23 21 af
355 730 41 22 den
413 731 25 21 10
455 732 39 26 maj
511 732 53 21 1886
596 730 125 22 meddelade
744 730 103 22 särskilda
867 730 56 22 före-

104 757 88 23 skrifter
207 759 90 21 rörande
314 759 67 22 banks
397 759 106 27 konkurs;

173 787 41 22 den
229 787 34 22 för
277 788 117 28 sysslomän
410 789 6 20 i
432 788 120 28 aktiebolag
562 788 52 22 eller
623 787 110 28 andelslag
749 787 103 29 stadgade
863 788 58 28 skyl-

103 815 102 28 digheten
221 819 32 18 att
268 817 5 20 i
289 816 44 27 fall,
348 824 46 14 som
409 817 7 20 i
432 817 26 21 39
474 817 12 27 $
502 817 23 21 af
539 817 61 28 lagen
616 824 33 14 om
672 817 122 28 aktiebolag
814 817 23 21 af
852 817 41 21 den
909 818 12 19 2

105 840 42 58 maj
158 845 53 21 1895
228 845 142 26 omförmäles,
385 845 77 28 begära
480 845 219 22 konkursförfarande
710 845 47 22 med
767 845 96 28 bolagets
871 845 52 21 eller

104 873 144 28 andelslagets
265 873 35 27 bo;
317 874 41 21 och
374 874 33 21 må
417 874 74 29 förty
484 869 13 38 i
502 874 110 22 enahanda
627 874 37 21 fall
674 873 66 22 sådan
758 874 91 28 begäran
859 875 63 26 göras

102 902 79 27 jämväl
196 902 23 21 af
235 902 108 29 borgenär.

172 930 27 29 Ej
214 931 67 22 häller
303 939 39 20 ega
364 931 146 28 stadgandena
525 933 7 20 i
549 932 24 21 11
591 931 13 29 &
618 931 135 29 tillämpning
774 930 36 23 vid
830 931 92 21 begäran

103 967 36 14 om
154 959 218 23 konkursförfarande
395 961 47 21 med
457 959 77 23 sådant
557 960 120 29 andelslags
694 960 33 28 bo,
739 949 66 33 hvars
821 960 100 21 medlem-

103 996 46 14 mar
163 988 81 29 åligger
259 989 163 21 tillskottsplikt.

171 1017 66 21 Hvad
253 1018 6 20 i
275 1019 27 20 46
318 1019 12 25 8
345 1026 13 13 af
389 1018 62 28 lagen
474 1026 34 14 om
531 1018 122 28 aktiebolag
675 1018 86 28 stadgas
784 1017 74 22 länder
880 1018 41 21 ock

102 1045 134 22 fortfarande
253 1047 33 21 till
309 1046 153 27 efterrättelse;
478 1047 40 21 och
534 1054 38 20 ege
590 1046 161 29 sysslomannen
766 1046 8 21 i
788 1046 133 28 aktiebolags

101 1074 54 21 eller
169 1074 121 29 andelslags
305 1074 95 23 konkurs
414 1076 78 28 jämväl
506 1076 76 21 utöfva
596 1075 42 21 den
653 1076 43 20 rätt
711 1078 31 18 att
758 1074 88 22 klandra
860 1075 62 21 redo-

102 1104 87 27 visning
203 1103 24 21 af
243 1104 94 28 bolagets
353 1104 124 28 syssloman,
493 1111 45 14 som
553 1104 122 21 tillkommit
691 1103 171 28 bolagsmännen.

479 1178 39 20 127
535 1178 17 27 8.

171 1222 152 28 Stadgandena
338 1223 7 20 i
360 1224 20 23 1,
395 1223 19 26 2,
430 1224 13 20 3
458 1222 40 22 och
515 1224 24 20 11
552 1223 27 28 $$
595 1230 39 20 ega
644 1223 18 28 ej
674 1222 139 29 tillämpning,
829 1222 28 22 då
869 1222 52 22 kon-

99 1250 179 23 kursförfarande
300 1250 48 22 med
370 1250 84 22 dödsbo
476 1251 88 28 begäres
586 1252 34 21 för
638 1251 178 28 urarfvagörelse;
831 1251 41 21 och
887 1251 35 21 mä

99 1279 63 29 -dylik
177 1280 101 26 ansökan,
293 1287 45 14 som
353 1281 63 27 göres
432 1280 23 21 af
469 1280 83 21 enskild
574 1280 105 28 arfvinge,
694 1283 111 25 upptagas,
820 1279 55 22 ändä
891 1282 31 19 att

99 1308 45 22 den
159 1308 48 22 icke
223 1308 86 29 ätföljes
323 1308 24 22 af
362 1308 26 22 de
403 1308 7 22 i
426 1309 12 20 5
454 1309 13 27 $
482 1308 76 22 nämda
573 1308 130 28 handlingar.

170 1337 13 21 I
198 1336 65 30 öfrigt
284 1337 92 21 förfares
399 1337 48 21 med
462 1344 28 14 nu
506 1338 73 21 nämdt
600 1339 79 20 ärende
694 1337 70 22 säsom
779 1338 7 20 i
801 1337 70 22 denna
886 1337 36 29 lag

99 1368 59 26 sägs,
172 1366 56 21 dock
243 1365 48 22 med
307 1365 139 29 iakttagande
460 1366 69 21 tillika
537 1366 23 21 af
570 1365 57 23 hvad
637 1366 7 21 i
654 1366 153 28 förordningen
816 1374 33 14 om
859 1365 62 29 gälds

103 1394 110 28 betalning
235 1394 35 21 vid
293 1394 93 22 dödsfall
408 1397 55 19 samt
485 1394 169 29 urarfvagörelse
675 1394 24 22 af
719 1394 42 22 den
777 1395 13 21 9
805 1394 117 22 november

104 1424 54 21 1868
173 1424 24 20 är
211 1423 102 22 särskildt
326 1423 144 22 föreskrifvet.

171 1450 81 21 Finnas
267 1451 61 21 boets
343 1451 113 28 tillgångar
468 1451 18 28 ej
497 1451 67 21 förslä
574 1452 33 20 till
617 1451 250 22 konkurskostnadernas
891 1452 31 20 gäl-

100 1479 79 25 dande,
194 1479 43 21 kan
252 1481 68 19 rätten
337 1479 13 21 &
364 1479 192 28 inställelsedagen,
570 1479 56 22 efter
636 1479 37 21 det
683 1479 155 28 borgenärerna
849 1479 73 21 blifvit

102 1508 8 21 i
125 1507 116 29 anledning
263 1507 23 22 af
309 1507 147 28 ansökningen
480 1514 33 15 om
536 1507 170 22 urarfvaförmän
731 1507 72 27 hörda,
824 1507 98 22 meddela

101 1536 100 29 yttrande
216 1537 7 21 i
238 1535 71 23 denna
323 1536 35 22 del
374 1536 41 22 och
429 1537 7 20 i
451 1536 65 29 öfrigt
531 1536 105 29 nedlägga
650 1536 233 22 konkursförfarandet.
