1114 1811
110 151 26 16 31
148 150 44 17 dec.
445 143 150 34 Bevillningar.
889 144 41 21 503

109 227 38 13 nas
168 226 100 21 precense
291 218 70 22 kunde
383 218 68 21 tillåta
473 219 32 28 sig
527 219 63 28 något
609 219 75 21 sådant
698 226 44 13 som
758 218 136 21 utfärdandet
908 217 24 22 af

110 247 142 28 provisoriska
279 247 203 28 finansstadganden.
518 247 51 21 Men
591 255 33 13 om
647 247 98 28 slutligen
764 247 121 27 regeringen
908 245 24 22 så

112 275 66 22 skulle
194 275 60 28 begå,
268 275 24 21 så
305 275 85 22 befarar
403 275 36 28 jag
448 275 117 28 ingalunda,
576 278 33 18 att
618 275 74 21 detta
685 270 10 38 i
701 276 77 20 minsta
789 274 47 21 mån
847 275 84 20 komme

111 306 32 18 att
164 304 81 28 grumla
268 303 38 21 det
327 303 66 21 finska
415 303 77 21 folkets
511 303 193 29 rättsuppfattning.
742 304 33 27 Ty
790 303 37 21 det
844 304 23 20 är
884 310 48 14 san-

114 332 91 29 nerligen
221 332 47 21 icke
283 332 47 22 frän
344 332 38 21 vär
397 333 101 27 regering,
513 340 43 13 som
587 335 22 18 det
623 332 67 21 finska
705 332 68 21 folket
788 334 50 19 vant
852 332 34 28 sig
900 334 33 18 att

110 360 56 22 finna
181 360 85 28 ledning
280 361 7 20 i
303 360 61 29 fräga
378 368 33 14 om
427 360 42 27 det,
484 368 43 14 som
543 362 24 20 är
580 362 48 20 rätt.

179 418 34 21 Hr
234 418 122 26 Heikel,
376 418 99 21 Felix:
504 418 41 27 Jag
563 421 23 18 är
601 418 87 21 alldeles
703 425 49 14 ense
767 417 49 22 med
830 418 26 20 hr
869 417 62 22 Jans-

111 453 39 14 son
163 447 79 26 därom,
257 450 31 18 att
304 447 66 21 folket
386 446 37 22 bör
438 447 54 20 ifrän
507 447 112 21 ständerna
633 446 79 21 erhälla
722 446 92 28 signaler
823 445 108 30 angäende

110 475 42 21 den
168 475 134 29 uppfattning
317 475 23 22 af
354 475 37 21 det
406 478 61 24 rätta,
482 483 43 13 som
541 476 38 21 bör
594 483 50 13 vara
658 475 93 21 rädande
766 476 8 19 i
789 475 77 21 landet.
890 474 42 29 Jag

111 507 45 18 tror
170 505 42 27 mig
227 504 62 21 äfven
305 504 65 21 hafva
386 505 55 20 visat
455 504 58 21 detta
528 511 74 21 genom
613 507 32 18 att
655 504 32 21 till
698 504 41 21 alla
749 503 59 22 delar
815 504 65 21 hafva
888 503 43 21 för-

110 536 50 18 enat
176 533 41 28 mig
232 540 32 14 om
280 533 40 22 och
336 533 54 21 varit
405 533 48 20 med
468 540 33 13 om
518 532 147 22 utarbetandet
679 533 23 21 af
716 532 180 29 framställningen
910 531 22 22 af

110 561 28 22 de
160 562 32 21 för
216 562 129 21 närvarande
360 561 93 22 rädande
468 562 127 21 orätträdiga
609 561 159 22 förhällandena
783 561 7 20 i
805 561 72 21 landet
892 560 39 22 och

112 598 35 13 om
162 590 96 21 anhällan
273 598 32 14 om
322 590 96 49 de
433 591 34 19 för
481 590 60 22 deras
551 590 140 28 afhjälpande.
712 590 51 21 Men
774 589 28 22 dä
809 590 26 20 hr
842 590 90 20 Jansson

111 621 66 26 säger,
199 622 32 18 att
252 627 46 13 man
321 618 64 22 ocksä
408 618 54 22 skall
479 626 50 14 vara
544 626 48 14 ense
607 626 33 14 om
656 618 41 22 alla
712 618 160 26 konsekvenser,
886 625 45 14 som

111 656 48 12 man
178 647 75 29 drager
273 648 46 21 utaf
337 655 25 13 en
378 648 141 29 rättsprincip,
536 648 23 21 sä
574 648 40 20 kan
629 648 34 28 jag
678 647 47 22 icke
741 647 72 21 vidare
828 647 51 28 följa
894 646 38 22 ho-

110 684 54 14 nom.
194 676 32 28 Ty
249 676 37 22 det
307 678 23 19 är
352 676 24 22 sä
397 677 49 21 med
467 676 42 22 alla
528 676 117 28 mänskliga
660 677 112 28 principer,
787 679 32 19 att
833 677 62 27 ingen
910 676 22 21 af

110 705 50 21 dem
182 707 24 19 är
221 706 23 21 sä
259 705 69 28 riktig,
344 709 32 18 att
390 714 48 13 man
453 705 23 21 af
491 706 121 20 densamma
627 705 70 21 kunde
712 705 66 27 draga
793 705 26 21 de
834 705 52 21 allra
900 707 32 26 yt-

110 736 68 19 tersta
192 734 182 22 konsekvenserna
390 738 48 18 utan
454 737 32 18 att
501 735 96 27 antingen
613 734 84 21 komma
712 734 21 20 in
748 734 120 24 absurdum,
882 733 50 21 eller

114 762 80 22 kanske
210 765 78 19 rättare
303 763 95 29 uttryckt
411 763 32 21 till
462 763 49 21 »fiat
523 763 86 28 justitia,
623 766 72 26 pereat
710 763 108 21 mundus.>
837 762 41 28 Jag
887 764 45 20 tror

109 794 33 18 att
156 791 100 21 särskildt
272 791 32 26 de,
320 799 44 13 som
380 792 44 21 helt
439 792 39 21 och
493 792 66 21 hället
575 791 57 22 velat
646 794 65 26 vägra
728 791 115 27 bevillning
853 790 28 29 pä
890 790 42 22 den

111 820 69 28 grund
195 824 32 18 att
241 820 94 22 normala
349 820 145 22 förhällanden
509 820 34 21 för
556 820 130 22 närvarande
701 820 47 21 icke
762 821 95 24 existera,
867 819 65 22 hafva

109 849 48 28 gätt
171 849 34 21 för
220 848 58 28 längt
293 850 48 21 med
356 850 46 20 sina
416 849 155 21 konsekvenser
585 849 23 21 af
623 849 26 21 de
659 852 69 18 satser
738 849 26 21 de
774 848 108 30 uppställt,
892 848 40 22 och

109 878 38 21 det
162 880 24 18 är
200 878 73 21 därför
286 878 36 28 jag
335 878 48 21 icke
399 878 41 21 kan
456 878 72 21 förena
543 879 43 27 mig
600 878 49 21 med
664 878 54 21 dem.
740 878 41 28 Jag
795 877 80 21 tilläter
888 878 44 26 mig

109 909 33 18 att
162 906 122 28 ytterligare
310 907 82 26 betona,
415 909 32 18 att
471 907 110 21 ständerna
606 907 30 20 uti
661 906 41 21 den
724 906 155 27 framställning
899 906 33 21 till

109 935 23 20 H.
161 935 46 26 M:t,
229 943 44 13 som
294 935 38 21 här
347 936 7 21 i
369 935 84 22 ståndet
467 943 49 21 nyss
532 935 71 22 blifvit
617 934 105 29 godkänd,
737 935 65 21 hafva
817 934 115 21 framhållit

109 963 69 22 såsom
201 967 31 18 ett
254 963 89 22 faktiskt
365 963 138 28 förhållande,
517 967 32 18 att
571 964 77 29 lagliga
665 963 173 28 förutsättningar
853 963 33 21 för
902 965 31 19 ett

110 993 90 21 normalt
215 992 184 29 landtdagsarbete
414 993 48 21 icke
477 993 96 27 existera,
588 1000 46 14 men
651 996 32 17 att
696 992 95 22 hvarken
801 992 59 21 detta
871 991 61 22 stånd

109 1021 52 21 eller
183 1021 65 28 något
269 1025 64 18 annat
355 1021 61 22 stånd
438 1021 117 22 tillsvidare
574 1021 76 22 uttalat
665 1021 17 21 sig
712 1021 88 21 rörande
816 1021 26 21 de
857 1021 75 21 konse-

111 1049 95 27 kvenser,
229 1050 32 21 till
283 1050 73 21 hvilka
378 1050 59 22 detta
459 1051 94 20 faktiska
574 1050 131 21 förhållande
727 1050 39 21 bör
781 1049 53 22 leda.
863 1050 69 20 Dessa

110 1078 156 21 konsekvenser
288 1080 69 20 kunna
378 1087 51 14 vara
443 1079 47 21 utaf
507 1079 146 28 mångahanda
667 1078 52 28 slag,
734 1079 39 20 och
788 1079 34 27 jag
837 1082 49 22 tror,
900 1080 33 19 att

110 1106 41 21 den
167 1107 131 22 konsekvens
313 1108 52 20 flere
380 1107 38 22 här
430 1108 69 27 dragit
509 1107 45 22 från
565 1107 124 22 förenämda
699 1108 17 27 ej
728 1107 126 28 förefintliga
866 1107 66 20 förut-

109 1136 118 27 sättningar
241 1135 48 22 icke
304 1138 24 19 är
342 1136 41 21 den
398 1137 54 20 enda
467 1136 90 28 möjliga.
575 1136 44 21 Det
636 1135 68 28 gifves
714 1135 77 29 jämväl
802 1135 54 21 flera
868 1134 65 22 andra

109 1165 44 20 sätt
174 1167 32 18 att
227 1164 27 27 gå
276 1165 87 27 tillväga
384 1166 26 20 än
426 1165 42 27 det,
483 1172 44 14 som
543 1165 37 21 här
595 1164 72 22 blifvit
681 1164 23 21 af
719 1164 53 21 flera
786 1163 66 22 talare
868 1163 64 21 fram-

110 1192 71 21 hållet.
210 1192 45 21 Det
276 1193 69 27 gifves
368 1195 49 25 sätt,
439 1201 43 13 som
505 1193 33 21 stå
552 1194 31 20 uti
597 1195 101 25 närmare,
714 1193 50 21 eller
778 1193 35 27 jag
828 1192 34 21 må
876 1193 56 26 säga,

110 1220 39 22 full
168 1220 218 22 öfverensstämmelse
404 1222 49 21 med
468 1222 25 21 L.
508 1222 27 21 O.
550 1222 38 21 och
604 1221 65 21 likväl
684 1221 66 21 häfda
765 1221 167 28 rättsprincipen.

109 1250 44 27 Jag
171 1249 103 22 behöfver
288 1250 47 21 icke
351 1250 48 28 ingå
413 1250 28 29 på
456 1254 31 18 ett
502 1252 94 20 närmare
610 1250 109 21 uttalande
734 1250 72 20 härom
822 1249 36 21 vid
873 1249 59 21 detta

109 1278 91 27 tillfälle,
224 1278 26 21 dä
272 1279 69 21 denna
362 1279 65 28 fråga,
449 1279 67 21 såsom
539 1280 88 27 tidigare
650 1281 23 19 är
688 1278 45 22 utaf
747 1279 44 27 mig
807 1277 126 26 framhället,

110 1306 40 22 bör
172 1306 84 22 komma
278 1307 32 21 till
330 1307 116 28 afgörande
464 1308 54 21 först
532 1308 71 28 längre
617 1307 61 26 fram,
693 1306 65 22 sedan
773 1306 113 22 ständerna
900 1312 32 15 er-

111 1335 61 21 hållit
186 1342 49 14 svar
249 1336 28 28 på
292 1336 30 20 sin
338 1336 155 28 framställning
507 1344 34 14 om
556 1336 178 28 rättsordningens
750 1334 153 23 återställande.

180 1392 35 21 Hr
232 1392 140 27 Jansson,
394 1393 143 22 Fredrik:
560 1393 33 21 Hr
615 1392 89 22 Heikels
726 1396 83 18 senaste
824 1391 108 22 uttalande

111 1420 121 22 föranleder
254 1422 43 26 mig
319 1422 74 21 endast
415 1422 33 20 till
469 1422 65 27 några
555 1422 42 21 ord.
626 1422 42 26 Jag
688 1421 38 21 har
744 1420 67 22 likaså
826 1420 48 22 litet
888 1428 45 14 som

111 1449 26 20 hr
157 1448 78 21 Heikel
259 1449 114 27 anledning
394 1452 33 18 att
445 1449 71 21 vidare
532 1449 48 27 ingå
593 1448 29 28 på
636 1450 42 20 den
693 1451 55 18 stora
763 1448 74 28 frågan
852 1455 33 13 om
900 1448 32 20 af-

111 1476 88 22 stående
222 1477 46 21 från
289 1476 169 22 ständerarbetet
480 1478 51 20 eller
551 1476 54 22 icke.
633 1477 42 27 Jag
697 1476 39 21 har
755 1477 72 21 härom
842 1476 90 28 tidigare

111 1505 78 21 uttalat
203 1506 43 27 mig
261 1505 97 28 utförligt
371 1505 39 21 och
426 1505 24 21 så
459 1505 62 26 klart,
531 1513 44 13 som
585 1504 38 22 det
633 1506 56 21 varit
698 1505 43 28 mig
752 1504 88 29 möjligt,
847 1504 40 21 och
896 1504 37 21 har

111 1533 35 22 väl
168 1534 67 22 utsikt
256 1537 32 18 att
310 1535 6 20 i
338 1537 64 19 annat
423 1534 150 28 sammanhang
595 1535 54 20 ännu
667 1534 22 21 få
704 1533 86 22 bemöta
803 1533 26 22 hr
843 1533 89 22 Heikels
