1120 1817
217 160 41 20 148
554 158 141 33 Konkurslag.
958 166 23 16 21
994 166 44 16 dec.

597 234 41 21 105
655 234 18 26 8.

285 272 86 22 Varder
386 272 66 22 afsatt
467 272 76 30 belopp
558 273 73 28 ledigt,
645 273 54 21 skall
714 273 117 21 detsamma
845 272 36 22 vid
896 273 140 29 nästföljande

217 300 110 29 utdelning
340 301 51 28 ingå
404 302 9 20 i
427 301 151 28 fördelningen.

283 330 115 27 Borgenär,
412 329 63 22 hvars
490 330 85 22 fordran
591 331 37 22 vid
643 338 25 14 en
682 330 90 28 tidigare
787 330 110 28 utdelning
911 330 47 22 icke
973 332 65 26 tagits

217 359 9 21 i
240 358 146 27 betraktande,
395 358 128 22 tillkommer
533 360 36 20 vid
581 367 26 14 en
617 366 72 15 senare
699 358 115 28 utdelning,
821 358 71 23 såvidt
898 358 141 28 tillgångarna

219 387 71 26 förslä,
304 387 76 22 främst
394 387 37 21 det
445 386 83 30 belopp,
542 395 45 14 som
609 391 116 19 motsvarar
739 388 57 21 hvad
811 388 13 20 å
838 388 68 27 öfriga
920 387 120 28 fordringar

218 416 86 26 utfallit,
318 416 89 21 såframt
420 416 42 21 han
477 416 118 22 emellertid
614 416 94 29 fullgjort
722 416 58 22 hvad
794 416 76 21 honom
885 416 34 21 för
934 416 105 22 vinnande

219 444 22 22 af
256 446 42 20 rätt
312 444 33 22 till
360 444 109 28 utdelning
484 444 66 28 enligt
564 445 69 21 denna
647 445 36 27 lag
697 444 86 28 åligger.

595 515 39 21 106
649 516 18 26 $.

287 560 72 22 Sedan
381 560 152 22 konkursboets
556 561 97 27 samtliga
674 560 114 28 tillgångar
808 560 130 22 förvandlats
958 561 8 20 i
987 568 53 21 pen-

219 590 76 27 ningar
309 592 55 18 samt
378 597 34 13 om
427 589 97 29 anspråk,
533 597 45 14 som
588 590 33 21 till
631 590 107 28 äfventyrs
751 589 74 21 väckts
838 592 43 19 mot
892 589 148 25 konkursboet,

220 618 72 22 blifvit
306 618 82 27 slutligt
402 618 80 27 dömdt,
496 625 38 21 ege
549 618 268 28 borgenärssammanträde
834 618 83 22 besluta
926 621 32 19 att
967 618 73 28 slutlig

219 646 110 28 utdelning
351 646 54 22 skall
427 647 44 27 ske,
492 647 54 22 ändå
568 650 32 18 att
621 647 118 27 rättegång,
756 654 45 14 som
815 648 8 20 i
838 648 27 20 34
881 648 12 26 &
909 647 65 22 andra
989 647 51 21 eller

219 675 68 28 tredje
302 683 61 13 mom.
377 677 76 23 nämts,
467 678 54 19 ännu
536 678 23 19 är
573 676 106 27 anhängig
694 676 51 21 eller
759 683 34 13 om
805 678 32 19 ett
847 676 50 21 eller
911 679 65 19 annat
986 678 53 19 mot-

220 704 64 27 sagdt
312 711 48 14 men
381 704 104 28 fullföljdt
506 704 91 30 anspråk
620 706 54 20 ännu
696 704 47 21 icke
761 706 23 19 är
798 704 75 22 dömdt
895 711 74 21 genom
984 704 56 26 dom,

221 740 44 14 som
281 733 73 21 vunnit
375 732 49 28 laga
438 732 66 27 kraft;
526 733 56 22 dock
603 732 59 27 skall,
677 740 34 14 om
733 732 155 29 sysslomannen
903 734 8 20 i
925 732 62 23 dessa
1001 732 38 22 fall

220 763 23 19 är
257 764 54 26 part,
325 761 78 29 jämväl
425 761 88 22 afsättas
535 761 75 28 nödigt
627 761 78 29 belopp
719 762 33 21 till
767 761 135 22 bestridande
917 762 23 21 af
955 762 84 21 kostna-

218 789 66 22 derna
298 791 7 20 i
320 790 66 22 saken
401 790 40 21 och
456 790 32 22 till
509 790 103 28 gäldande
623 790 22 22 af
655 790 41 21 den
711 790 218 28 rättegångskostnad,
942 798 46 14 som
998 790 42 22 kan

218 819 67 22 varda
300 818 143 22 konkursboet
457 818 92 23 åhvälfd.

285 848 27 28 Ej
328 848 35 21 må
385 848 150 28 slututdelning
549 848 86 22 hindras
649 848 67 26 däraf,
731 850 31 19 att
776 847 109 27 fastighet,
899 847 66 23 hvarå
979 852 62 24 pant-

219 878 42 20 rätt
285 876 74 28 hvilar,
380 876 33 21 till
438 876 53 22 följd
513 877 23 21 af
557 877 69 21 denna
649 876 48 22 icke
723 876 80 22 kunnat
827 876 34 22 för
887 876 153 23 konkursboets

219 904 90 28 räkning
331 905 102 28 försäljas,
448 906 51 20 eller
516 909 32 18 att
569 905 89 28 tillgång
682 908 50 18 utan
757 905 169 29 penningevärde
950 906 90 21 lämnats

220 933 100 22 oförsåld.

285 962 47 21 Där
345 962 108 27 motsagdt
467 962 91 22 anspråk
574 963 36 21 vid
625 962 220 28 utdelningslängdens
860 962 119 22 afslutande
991 963 50 21 icke

219 990 65 21 redan
299 993 24 19 är
337 990 95 22 anmäldt
453 991 32 21 till
511 991 121 29 fullföljande
654 991 40 21 och
716 991 130 21 fortfarande
868 991 106 28 fullföljes,
990 999 49 14 vare

219 1020 44 20 rätt
277 1019 33 21 till
325 1019 110 27 utdelning
448 1018 34 22 för
496 1020 117 21 detsamma
627 1019 104 22 förfallen.

289 1048 47 27 Lag
356 1055 80 14 samma
450 1055 49 14 vare
514 1056 33 13 om
563 1048 106 27 villkorlig
687 1048 91 26 fordran,
792 1048 38 21 där
845 1048 48 22 med
908 1048 132 22 sannolikhet

219 1076 40 21 bör
273 1079 93 24 antagas,
381 1079 32 19 att
427 1076 98 22 villkoret
540 1078 18 27 ej
575 1077 37 27 går
626 1078 7 20 i
648 1076 125 22 fullbordan.

596 1147 39 20 107
653 1146 18 27 8.

288 1191 36 21 Då
338 1191 153 27 slututdelning
506 1192 81 28 utlysts,
602 1192 81 21 anmäle
698 1191 153 28 sysslomannen
868 1191 72 22 härom
950 1191 38 21 hos
998 1194 43 19 rät-

220 1223 36 19 ten
272 1220 40 21 och
327 1220 85 26 bilägge
424 1220 79 27 jämväl
521 1220 75 27 nödigt
615 1220 76 27 utdrag
705 1227 24 14 ur
743 1219 37 21 det
794 1220 7 20 i
817 1220 41 21 106
873 1221 13 25 8
901 1220 77 21 nämda
992 1219 48 22 bor-

221 1248 250 28 genärssammanträdets
493 1248 104 29 protokoll
618 1252 54 18 samt
694 1248 225 27 borgenärsutskottets
934 1248 60 22 bevis
1009 1251 32 19 att

220 1276 211 28 utdelningslängden
452 1277 23 21 af
494 1276 103 22 utskottet
619 1277 112 27 godkänts;
753 1276 40 22 och
807 1284 67 20 anses,
888 1279 39 19 när
941 1276 23 23 så
978 1277 66 27 skett,

220 1305 224 27 konkursförfarandet
457 1305 108 22 afslutadt.

289 1334 51 26 Aro,
350 1333 28 22 då
387 1334 151 27 slututdelning
548 1334 54 26 sker,
613 1334 76 28 belopp
699 1334 85 26 afsatta,
794 1333 39 21 och
843 1333 66 22 blifva
919 1333 61 23 dessa
990 1334 51 21 eller

220 1362 35 21 del
271 1362 22 20 af
307 1362 49 20 dem
378 1362 65 20 sedan
464 1362 76 26 lediga,
562 1362 54 20 skall
638 1362 90 20 särskild
743 1362 119 27 fördelning
877 1362 39 20 och
932 1362 109 27 utdelning

221 1390 23 20 af
258 1390 27 20 de
300 1389 88 21 sålunda
402 1389 125 28 ledigblifna
543 1389 83 21 medlen
642 1389 129 21 värkställas.

596 1454 40 20 108
651 1454 18 26 8.

289 1494 71 22 Jämte
375 1493 223 29 utdelningsförslaget
608 1494 91 21 aflämne
710 1494 155 28 sysslomannen
875 1494 33 21 till
919 1494 121 29 borgenärs-

221 1523 105 22 utskottet
340 1522 73 28 slutlig
426 1522 140 29 redovisning,
580 1522 131 23 omfattande
726 1523 47 21 hela
788 1522 156 29 förvaltningen
958 1523 40 22 och
1009 1523 34 22 ät-

221 1552 54 28 följd
290 1552 23 22 af
327 1552 41 22 alla
384 1551 69 22 därtill
467 1551 93 23 hörande
575 1551 124 28 handlingar
713 1552 40 21 och
768 1552 86 28 bilagor.
