1114 1809
119 149 23 16 31
154 148 44 17 dec.
448 139 154 37 Bevillningar.
895 142 40 22 501

117 216 38 22 det
175 216 58 22 förra
250 217 135 21 alternativet
398 217 43 21 tala
456 225 40 20 nog
511 217 75 29 många
600 217 183 27 omständigheter,
798 217 37 21 det
849 217 88 28 medger

116 246 35 26 jag
169 247 70 26 gärna.
268 244 52 22 Men
335 245 13 21 å
362 245 65 21 andra
442 246 59 20 sidan
516 246 37 20 har
567 247 35 27 jag
616 246 54 27 tagit
684 246 7 20 i
723 245 130 27 betraktande,
868 248 32 18 att
915 246 20 20 vi

117 273 47 21 icke
186 273 65 22 hafva
273 274 67 28 någon
363 273 97 21 säkerhet
483 273 33 22 för
537 277 33 18 att
591 274 112 22 ständerna
723 274 70 21 kunna
807 274 45 20 före
867 273 70 21 denna

116 301 113 29 landtdags
243 302 42 21 slut
299 302 113 21 medhinna
426 302 153 28 granskningen
594 302 23 21 af
631 302 105 28 budgeten
748 302 34 21 för
792 302 40 21 den
843 302 93 27 följande

116 330 58 22 tiden
197 330 39 22 och
259 332 95 27 uppgöra
375 330 79 29 förslag
473 331 32 21 till
520 330 103 22 ordinarie
638 330 114 28 bevillning
767 331 34 21 för
815 330 48 21 hela
877 330 59 22 tiden

117 359 32 21 till
164 361 60 19 nästa
238 359 106 28 landtdag.
366 359 44 21 Det
425 362 23 18 är
463 360 74 21 endast
551 360 23 21 af
588 359 57 22 detta
662 360 45 21 skäl
722 367 45 13 som
781 360 35 27 jag
829 366 60 14 anser
900 359 37 21 det

116 395 51 14 vara
183 395 44 14 mer
241 388 118 22 tilltalande
374 391 32 18 att
421 388 107 28 medgifva
543 388 114 28 bevillning
672 388 33 22 för
719 388 48 21 hela
781 388 51 26 året,
847 388 88 21 emedan

117 416 32 28 då,
172 417 8 21 i
202 416 99 22 händelse
323 416 128 29 landtdagen
473 417 23 21 af
518 424 24 14 en
565 417 51 21 eller
641 425 66 13 annan
732 416 112 28 anledning
869 416 67 22 skulle

116 445 84 22 komma
223 448 31 18 att
276 445 100 28 afbrytas,
398 445 37 21 det
457 446 64 21 likväl
539 445 89 22 återstår
642 446 108 28 möjlighet
764 446 34 20 för
814 446 122 28 regeringen

116 477 38 23 att,
176 482 33 14 om
232 474 40 21 den
295 474 37 21 vill
353 474 131 22 förekomma
502 474 71 22 vidare
588 474 161 28 förvecklingar,
764 474 53 28 ånyo
832 481 104 14 samman-

117 502 56 22 kalla
188 502 102 28 landtdag
305 502 66 22 under
385 502 80 22 hösten.
487 503 31 21 På
533 503 68 21 denna
615 503 67 28 grund
699 502 35 22 vill
749 504 34 27 jag
800 502 33 22 för
847 503 43 20 min
901 502 35 22 del

116 532 111 26 godkänna
242 532 132 27 regeringeus
388 530 86 29 förslag,
488 539 47 13 men
550 532 34 28 jag
599 538 60 14 anser
669 534 31 18 ett
710 531 152 28 godkännande
875 530 62 22 häraf

116 560 47 21 icke
178 560 28 28 pä
221 559 63 28 något
298 561 42 19 sätt
354 567 51 14 vara
420 562 31 18 ett
465 560 192 21 förtroendevotum
672 560 34 20 för
721 560 127 27 regeringen.
873 559 62 21 Stän-

115 588 66 21 derna
203 588 108 28 medgifva
333 588 115 27 bevillning
467 589 33 20 för
516 592 48 25 eget
578 588 69 26 behof,
662 588 39 21 och
717 590 32 19 att
763 588 37 20 det
812 588 33 22 dä,
860 595 34 13 om
909 595 26 13 en

115 617 56 28 gäng
186 620 31 18 ett
231 618 138 27 provisorium
384 624 60 14 anses
459 625 50 13 vara
525 618 78 27 nödigt,
618 616 66 22 skulle
700 624 49 14 vara
761 619 32 19 ett
805 616 130 22 förtroende-

116 649 72 18 votum
210 648 31 18 att
258 645 59 29 gifva
332 644 115 28 bevillning
462 645 33 21 för
510 648 31 19 ett
555 646 28 27 är,
599 653 44 13 mer
657 647 25 19 än
698 648 31 18 att
743 645 59 29 gifva
817 645 41 21 den
873 645 34 21 för
923 645 14 21 6

116 674 104 26 mänader,
236 674 41 21 kan
292 675 34 27 jag
341 674 48 21 icke
405 674 71 21 förstä.

184 731 34 21 Hr
236 731 122 25 Heikel,
374 731 98 22 Felix:
494 731 26 22 Jag
549 732 40 20 kan
605 731 47 21 icke
668 731 108 21 underläta
791 734 32 18 att
837 733 54 19 ännu
902 730 35 22 för

117 763 30 19 ett
168 768 40 21 par
229 761 90 20 minuter
338 763 50 25 taga
410 736 182 56 borgareständets
614 760 186 28 uppmärksamhet
817 760 7 20 i
844 759 91 29 anspråk

116 788 49 22 med
187 789 112 27 anledning
320 788 23 22 af
358 788 104 22 särskilda
478 789 118 28 yttranden,
610 796 44 14 som
669 788 76 22 fälldes
759 789 8 20 i
781 788 38 29 går
833 788 40 21 och
889 788 46 21 från

117 818 65 21 andra
197 817 41 21 håll
254 817 65 22 hafva
333 820 115 26 upprepats
462 818 8 20 i
485 818 47 28 dag.
560 818 51 21 Man
627 817 39 21 bar
680 817 52 21 talat
747 825 34 13 om
796 817 140 28 utilitetssyn-

116 846 91 29 punkter
221 846 39 21 och
276 849 74 23 ansett,
365 849 32 19 att
411 846 78 21 sådana
504 846 46 21 icke
567 846 64 22 borde
646 847 7 19 i
668 846 59 21 detta
740 846 37 20 fall
789 854 50 14 vara
848 846 88 21 berätti-

115 874 60 29 gade.
200 874 52 22 Men
267 874 53 22 buru
334 874 57 22 olika
406 882 48 14 man
470 874 64 22 fattar
548 875 60 21 detta
622 874 44 27 ord,
682 874 91 28 framgår
788 874 64 22 redan
867 874 68 27 däraf,

116 907 32 19 att
169 903 46 23 utaf
230 904 26 22 de
271 903 63 23 ärade
349 904 72 26 talare,
436 903 72 23 hvilka
522 905 8 21 i
544 903 38 29 går
595 903 81 30 yrkade
690 903 28 29 på
733 907 31 18 att
779 903 73 29 frågan
867 902 69 23 skulle

115 934 80 20 lämnas
209 933 117 21 tillsvidare
342 933 101 29 oafgjord,
458 941 24 13 en
498 934 93 21 uttalade
606 933 32 21 sin
654 933 78 27 fägnad
747 932 60 22 öfver
821 936 32 18 att
863 932 72 29 dylika

115 961 219 29 utilitetssynpunkter
353 962 48 21 icke
416 962 7 20 i
438 962 73 28 frågan
531 962 72 21 blifvit
622 961 130 26 framhållna,
767 970 24 13 en
807 969 67 14 annan
891 961 46 22 åter

115 990 56 27 sade,
187 994 32 18 att
233 990 100 22 särskildt
347 991 35 28 jag
396 990 33 22 för
444 992 42 19 min
502 991 33 21 del
551 991 54 21 hade
620 990 115 22 framhållit
750 991 75 21 endast
836 990 100 22 utilitets-

116 1020 134 28 synpunkter,
265 1019 73 22 hvilka
352 1020 47 21 icke
414 1019 70 21 kunde
514 1020 12 21 på
540 1020 64 28 något
616 1022 43 18 sätt
667 1019 99 28 jämföras
777 1019 48 21 med
835 1020 27 21 de
873 1021 62 20 rätts-

116 1048 134 29 synpunkter,
272 1056 44 14 som
332 1048 65 22 andra
414 1048 54 28 följt.
497 1024 41 57 Jag
557 1048 35 22 vill
608 1048 86 21 härmed
710 1048 99 27 förklara,
823 1052 32 18 att
870 1048 66 28 enligt

115 1077 42 21 min
181 1077 136 28 uppfattning
339 1077 37 21 det
394 1078 24 20 är
432 1076 121 29 förkastligt
567 1085 33 13 om
616 1085 26 13 en
658 1077 81 21 enskild
754 1084 75 22 person
844 1078 30 20 uti
890 1078 46 20 sina

116 1105 96 22 enskilda
226 1106 105 27 göranden
348 1105 40 22 och
403 1105 97 22 låtanden
516 1106 62 28 följer
590 1112 50 14 rena
653 1105 218 29 utilitetssynpunkter
881 1106 6 20 i
898 1106 38 20 sitt

115 1134 118 28 personliga
253 1135 95 24 intresse,
363 1141 47 14 men
431 1134 27 21 då
473 1142 47 13 man
536 1135 53 21 talar
603 1134 40 21 och
659 1134 87 21 handlar
761 1134 12 21 å
788 1134 80 22 landets
885 1136 50 26 väg-

115 1170 44 19 nar,
173 1162 24 22 så
211 1164 23 20 är
248 1170 48 14 man
312 1162 84 29 skyldig
410 1166 32 18 att
456 1162 52 28 följa
523 1163 223 27 utilitetssynpunkter,
762 1163 19 21 d.
796 1170 20 14 v.
831 1170 15 14 s.
857 1162 79 22 sådana

115 1192 136 28 synpunkter,
275 1198 44 14 som
342 1194 36 18 äro
399 1191 111 29 gagneliga
530 1192 33 20 för
578 1191 76 21 landet.
684 1191 42 21 För
741 1192 41 20 min
798 1191 35 21 del
848 1191 38 21 har
900 1192 36 27 jag

136 1220 39 21 ltid
191 1220 48 28 följt
254 1227 43 14 som
313 1228 57 13 norm
387 1220 39 21 den
442 1220 70 27 gamla
527 1220 139 27 romarregeln
682 1220 107 21 »Videant
804 1220 94 21 consules
909 1227 26 13 ne

115 1248 51 29 quid
188 1248 120 22 detrimenti
338 1249 117 28 respublica
473 1252 96 18 caveat»:
594 1248 50 21 »Må
667 1248 124 22 konsulerna
813 1256 22 14 se
850 1248 39 26 till,
904 1251 32 18 att

115 1280 68 18 staten
199 1277 47 21 icke
261 1277 55 21 lider
329 1277 68 27 någon
412 1277 84 21 skada.>
522 1277 157 21 Fosterlandets
694 1277 33 21 väl
743 1280 22 19 är
780 1277 41 21 den
836 1277 99 21 utilitets-

116 1305 107 29 synpunkt
237 1306 34 28 jag
286 1305 61 22 alltid
362 1305 48 29 följt
424 1305 39 21 och
478 1306 35 28 jag
528 1308 22 19 är
565 1305 126 28 öfvertygad
703 1313 40 20 om,
753 1309 32 17 att
795 1305 71 28 hvarje
877 1305 58 21 med-

116 1334 41 21 lem
174 1334 23 21 af
211 1334 59 21 detta
285 1334 61 21 stånd
361 1334 101 22 likaledes
478 1334 70 21 ställer
560 1335 69 21 denna
639 1334 194 28 utilitetssynpunkt
843 1342 44 13 som
899 1334 38 21 det

116 1362 88 22 främsta
222 1362 110 22 föremålet
350 1362 34 21 för
398 1364 46 20 sina
458 1363 141 21 sträfvanden.
629 1363 51 21 Men
696 1362 75 22 därvid
785 1363 39 21 bör
839 1371 46 13 man
899 1370 36 13 na-

115 1390 106 28 turligtvis
243 1390 65 22 hafva
330 1393 68 26 öppen
421 1391 39 21 och
483 1391 36 21 vid
535 1391 56 21 blick
606 1391 34 21 för
654 1392 42 20 alla
710 1391 26 21 de
751 1392 130 28 syppunkter
895 1390 40 22 och

116 1419 183 27 omständigheter,
320 1427 44 13 som
386 1419 68 21 måste
469 1420 93 21 beaktas.
592 1420 104 21 Särskildt
712 1420 38 21 bör
765 1428 46 13 man
827 1420 61 26 tillse,
903 1422 34 18 att

115 1454 49 14 man
187 1447 48 21 icke
257 1447 33 21 för
305 1447 103 21 vinnande
424 1447 23 20 af
461 1447 105 28 tillfälliga
581 1447 93 21 fördelar
688 1447 50 21 eller
753 1448 34 19 för
802 1447 134 21 undvikande

115 1475 24 21 af
159 1474 107 28 tillfälliga
288 1475 134 27 olägenheter
443 1475 90 21 förbiser
550 1478 32 18 ett
604 1476 105 26 varaktigt
723 1483 54 20 gagn
793 1475 50 21 eller
858 1474 79 22 rubbar

116 1502 27 22 de
165 1502 145 30 grundpelare,
329 1510 45 14 som
392 1503 112 29 uppehålla
518 1503 78 22 folkets
611 1503 63 28 lycka
688 1503 39 21 och
742 1503 95 29 välgång.
865 1503 70 21 Bland

115 1532 64 22 dessa
199 1532 138 29 grundpelare
360 1534 23 20 är
403 1532 76 28 jämväl
500 1540 31 20 en,
546 1540 44 14 som
605 1532 8 21 i
628 1532 60 22 detta
702 1532 37 22 fall
754 1532 100 22 särskildt
869 1531 67 22 måste
