1114 1798
100 124 29 17 22
141 124 44 17 dec.
465 112 100 38 Järnväg.
884 115 43 21 255

103 194 70 20 masta
196 194 72 26 syystä
290 192 33 22 ole
345 193 115 21 uskallettu
483 199 38 15 sen
539 192 100 22 lukuisiin
655 190 84 22 koskiin
754 193 106 25 perustaa,
876 190 52 21 sekä

101 224 46 19 että
162 221 112 27 Venäjältä
291 222 82 21 tuodun
389 222 63 26 viljan
468 221 65 26 hinta,
547 220 121 22 kiertoteitä
683 221 97 24 tuotuna,
796 226 28 14 on
839 218 87 22 melkoi-

103 251 52 21 sesti
177 250 113 22 kohonnut
312 250 107 21 varsinkin
441 250 198 24 Keski-Suomessa,
653 248 151 21 rohkenemme
819 246 108 22 kunnioit-

102 281 49 19 taen
170 280 82 26 pyytää,
268 280 44 20 että
331 278 149 27 hyvinarvoisa
498 278 157 27 porvarissääty
672 276 92 27 yhdessä
779 276 86 21 muiden
881 277 45 19 sää-

101 307 59 27 tyjen
174 307 80 21 kanssa
268 306 129 22 kannattaisi
412 308 125 20 anomusta:

378 371 43 19 että
436 369 27 27 jo
485 368 143 22 koneellisesti
648 367 91 21 tutkittu
753 367 121 27 yhdysrata
889 365 39 27 Jy-

310 396 381 29 väskylä—
439 390 92 39 Mikkeli
536 390 11 39 —
553 396 138 29 Savonlinna
711 396 145 21 lähimmässä
876 394 53 20 tule-

311 426 141 21 vaisuudessa
471 426 100 28 säätyjen
593 426 43 20 sitä
651 427 76 19 varten
743 423 134 22 osottamilla
892 430 38 14 va-

309 455 66 21 roilla
390 454 191 27 rakennettaisiin,
590 455 24 26 ja
629 454 95 20 ainakin
733 455 107 19 rataosan
850 452 79 27 Jyväs-

311 484 170 28 kylä
377 476 10 40 —
397 484 84 28 Mikkeli
510 482 160 22 rakentamista
697 484 76 19 varten
799 480 131 28 tarpeelliset

310 514 64 20 varat
388 512 45 22 heti
447 512 190 28 myönnettäisiin.

173 577 141 27 Helsingissä,
331 576 26 21 19
372 576 91 27 päivänä
475 576 130 27 joulukuuta
621 575 60 21 1904.

244 645 48 20 Joh.
312 644 95 21 Castren.
552 643 79 21 Walter
646 642 145 21 Parviainen.

177 737 69 22 Sedan
270 737 143 21 memorialets
437 737 103 20 klämmar
569 736 97 28 upplästs
689 735 23 22 af
736 735 26 22 hr
790 735 140 26 Castrén,

107 766 70 22 beslöt
192 765 90 26 ståndet,
298 765 28 28 pä
339 765 81 28 förslag
435 765 22 22 af
470 765 25 22 hr
511 765 96 26 Castrén,
622 767 32 20 att
665 764 118 28 bordlägga
798 764 87 22 ärendet
900 763 32 22 till

107 795 69 22 första
190 795 85 28 plenum
291 797 63 19 nästa
368 795 30 21 är.

180 952 32 20 Hr
235 951 153 22 Salminen
404 951 99 27 uppläste
517 954 31 19 ett
562 951 23 22 af
597 951 78 21 honom
691 950 117 22 inlämnadt
823 951 110 27 petitions-

111 980 109 22 memorial
235 980 23 21 af
270 980 93 28 följande
379 980 89 27 lydelse:

344 1072 40 21 Till
399 1071 106 28 vällofliga
519 1072 181 27 borgareständet.

179 1136 33 20 De
228 1136 142 26 olägenheter,
385 1142 47 14 som
448 1136 79 26 uppstä
541 1135 31 21 till
587 1135 51 27 följd
649 1134 22 22 af
680 1136 75 20 tvister
766 1136 76 20 mellan
854 1135 81 21 arbets-

111 1163 81 28 gifvare
214 1164 39 22 och
275 1164 103 25 arbetare,
393 1165 37 19 äro
450 1164 70 21 alltför
542 1164 35 21 väl
596 1164 92 21 bekanta
702 1163 32 22 för
750 1165 32 20 att
796 1170 45 14 mer
856 1166 27 18 än
899 1170 36 15 an-

110 1192 135 28 tydningsvis
268 1192 90 22 behöfva
378 1192 127 22 framhällas.
535 1193 42 26 Jag
592 1192 36 21 vili
643 1193 76 20 endast
733 1192 71 21 erinra
819 1198 33 15 om
869 1193 67 25 nägra

111 1220 22 22 af
147 1221 27 21 de
188 1221 93 27 menliga
294 1220 82 28 följder,
392 1227 46 15 som
454 1221 131 27 oskiljaktigt
600 1222 37 20 äro
652 1220 140 28 förknippade
807 1220 48 22 med
866 1221 70 27 dylika

112 1250 81 26 tvister,
208 1256 51 15 vare
278 1250 34 26 sig
334 1250 26 20 de
382 1249 89 22 härröra
493 1250 46 20 trän
560 1250 153 26 arbetsgifvare
728 1249 40 21 och
783 1249 66 21 kallas
865 1251 71 25 stäng-

112 1278 76 27 ningar
209 1278 50 22 eller
281 1278 47 21 från
351 1278 97 21 arbetare
463 1278 39 21 och
517 1278 66 21 kallas
599 1278 96 27 sträjker.
725 1278 113 26 Följderna
853 1278 83 21 sträcka

113 1307 33 26 sig
161 1307 46 21 icke
222 1307 76 21 endast
313 1306 31 22 till
360 1306 26 22 de
400 1307 8 21 i
422 1307 41 21 den
479 1306 98 22 inställda
589 1306 163 22 värksamheten
764 1306 124 27 sysselsatta
903 1313 34 15 ar-

113 1336 73 21 betare
200 1335 40 22 och
255 1335 89 21 ledande
362 1342 107 20 personer,
486 1337 50 19 utan
552 1334 61 22 äfven
628 1335 31 21 till
675 1335 150 21 utomstående
840 1336 96 26 närings-

113 1370 77 21 grenar
206 1364 39 22 och
260 1364 73 21 kunna
347 1364 83 22 således
444 1364 76 21 beröra
535 1364 80 27 viktiga
629 1364 106 21 intressen
751 1364 59 20 inom
826 1364 111 21 sambhället

112 1393 8 20 i
135 1393 33 21 sin
182 1392 76 22 helhet.

183 1421 95 20 Fruktan
300 1420 34 21 för
349 1420 67 26 sträjk
430 1420 42 20 kan
487 1420 39 20 hos
542 1420 153 26 arbetsgifvare
710 1419 89 21 förlama
814 1421 53 19 hans
882 1419 55 21 före-

113 1448 121 27 tagsamhet
256 1448 40 21 och
314 1449 51 25 göra
380 1447 102 27 kapitalet
496 1447 105 27 obenäget
615 1450 32 19 att
661 1447 52 21 söka
728 1448 137 26 användning
879 1447 58 21 inom

114 1476 154 27 näringslifvet,
282 1477 28 26 på
331 1482 81 15 samma
431 1476 57 27 gång
503 1476 40 20 den
559 1476 40 21 kan
616 1477 51 25 göra
681 1476 111 21 kunderna
806 1476 132 21 tveksamma

115 1507 32 21 att
168 1507 50 26 göra
241 1505 157 27 beställningar,
414 1504 71 21 hvilka
507 1505 26 20 de
555 1505 46 21 icke
623 1507 39 24 äga
682 1504 80 22 visshet
780 1511 35 15 om
830 1507 31 19 att
875 1504 21 22 få
910 1505 28 26 på
