1111 1811
533 153 132 30 Näringslag.
932 158 23 17 21
967 157 46 17 dec.

194 152 41 20 178

262 225 139 21 Revisorerna
422 231 39 21 ega
475 225 89 27 grauska
579 224 144 27 fullmäktiges
738 224 141 28 räkenskaper
894 224 40 21 och
950 224 61 21 kassa

193 256 56 18 samt
263 253 27 21 de
305 253 23 21 af
342 252 132 29 fullmäktige
489 252 117 22 förvaltade
622 252 112 21 fondernas
749 252 99 21 säkerhet
858 252 109 21 äfvensom
977 260 34 13 om

192 281 156 29 granskningen
366 281 32 21 till
420 282 135 26 magistraten
572 281 112 22 inberätta.
713 281 103 21 Förklara
830 281 135 25 revisorerna,
980 284 32 19 att

192 310 47 21 skäl
258 310 32 21 till
306 309 121 23 anmärkning
458 309 47 21 icke
520 309 140 26 förekommit,
674 310 55 27 gälle
744 309 61 22 deras
820 309 107 22 utlåtande
943 309 68 21 såsom

193 338 111 28 decharge.
333 338 52 21 Men
400 318 65 41 hafva
479 338 26 21 de
520 339 54 27 gjort
584 338 144 26 anmärkning,
737 338 92 23 hvilken,
839 338 88 21 oaktadt
938 338 74 21 veder-

194 366 104 22 börandes
312 366 122 28 förklaring,
449 366 22 22 af
486 366 48 22 dem
550 366 108 26 vidhålles,
673 366 52 22 skall
745 368 135 26 magistraten
898 366 35 21 vid
952 368 59 20 nästa

193 395 119 22 valtillfälle
327 396 52 20 eller
393 396 45 25 ock,
454 395 38 21 där
506 396 41 20 den
562 395 36 21 det
613 395 87 29 pröfvar
714 395 79 27 nödigt,
808 395 37 21 vid
860 395 76 21 enkom
947 394 65 29 utlyst

194 424 154 21 sammanträde
364 424 22 20 af
401 424 26 21 de
443 423 165 28 valberättigade
624 424 130 20 öfverlämna
769 423 22 22 ät
805 424 61 21 dessa
882 427 32 18 att
923 424 7 20 i
940 423 73 21 anled-

193 453 51 28 ning
258 451 22 22 af
295 452 163 28 anmärkningen
474 451 87 22 besluta.

571 523 11 26 s
599 522 33 21 30.

260 567 43 21 För
326 567 173 28 angelägenheter
520 567 87 21 rörande
629 567 40 21 den
689 569 66 19 större
776 567 102 21 industrin
896 567 28 29 på
942 567 70 22 lands-

193 595 97 29 byggden
306 595 59 22 skola
379 597 55 19 inom
451 595 72 28 hvarje
531 596 39 26 län,
578 595 33 22 för
622 599 33 17 tre
665 595 23 21 år
698 596 7 20 i
716 595 80 25 sänder,
806 599 56 18 utses
872 597 30 20 tio
912 596 99 21 industri-

192 625 138 28 follmäktige,
348 624 32 21 till
399 632 39 13 ena
455 624 80 21 hälften
551 624 64 22 bland
630 624 158 28 arbetsgifvare,
803 624 33 21 till
850 624 66 22 andra
930 624 81 22 hälften

194 652 63 22 bland
273 652 96 22 biträden
384 652 39 22 och
439 652 101 22 arbetare.

260 681 96 22 Valbara
374 684 37 18 äro
425 682 6 20 i
447 681 41 21 den
503 681 57 21 förra
574 688 103 22 gruppen:
694 688 61 20 egare
771 681 22 21 af
807 681 131 21 industriella
953 682 60 26 värk,

192 718 44 13 som
255 710 121 28 sysselsätta
394 710 64 21 minst
475 710 59 28 tjugu
554 712 102 22 arbetare,
671 709 108 22 äfvensom
794 710 137 21 medlemmar
945 711 7 20 i
967 713 45 25 sty-

192 739 65 21 relser
263 739 34 20 för
306 738 131 21 industriella
447 738 71 28 bolag;
528 739 8 20 i
546 739 40 21 den
596 746 72 13 senare
678 746 106 21 gruppen:
800 738 98 22 tekniska
908 738 105 26 biträden,

192 767 144 21 värkmästare
351 767 39 21 och
405 766 101 27 arbetare,
517 774 43 14 som
577 766 36 22 vid
627 766 73 29 dylika
714 767 52 21 värk
781 769 36 19 äro
832 767 103 22 anställda
945 768 67 26 enligt

192 796 115 28 personligt
314 795 100 21 kontrakt
422 795 51 21 eller
482 795 48 21 med
541 796 42 20 viss
594 796 179 28 uppsägningstid.
788 796 118 21 Valbarhet
916 796 95 21 inträder

192 824 37 22 vid
245 825 26 21 25
287 824 33 21 års
335 824 63 21 ålder.

260 852 77 22 Första
351 852 88 28 gången,
453 852 39 22 och
508 852 62 22 äfven
581 852 112 21 framdeles
704 853 32 20 till
747 852 48 22 dess
805 852 65 22 sådan
882 852 131 28 valordning,

191 889 45 14 som
258 881 69 22 nedan
349 883 66 25 säges,
439 881 76 21 blifvid
537 880 124 27 stadfästad,
680 883 56 19 utses
758 880 61 22 dessa
837 881 132 28 fullmäktige
988 881 24 22 af

191 909 197 29 industristyrelsen,
410 909 64 22 sedan
496 909 226 28 yrkesinspektörerna,
740 909 53 22 hvar
811 909 33 21 för
862 911 38 20 sitt
920 909 92 27 område,

191 938 70 22 härtill
276 939 99 28 uppgjort
390 937 84 29 förslag,
489 938 40 21 och
540 938 47 21 med
597 938 136 27 iakttagande
743 941 32 18 att
786 938 56 21 olika
853 938 59 21 delar
921 938 23 21 af
954 938 57 22 länet

191 967 65 21 varda
280 967 177 28 representerade.
491 966 109 28 Därjämte
621 973 49 20 eger
692 967 191 21 industristyrelsen
907 967 32 21 till
962 967 48 21 ord-

190 995 88 22 förande
294 995 33 21 för
342 995 131 28 fullmäktige
489 995 7 20 i
510 995 72 28 hvarje
599 995 32 21 län
647 995 56 21 kalla
718 1003 24 13 en
758 996 7 19 i
781 995 103 21 allmänna
902 995 46 21 värf
967 995 43 22 för-

190 1024 66 26 faren,
270 1025 56 20 inom
341 1024 57 20 länet
412 1023 71 22 bosatt
497 1031 53 14 man.

258 1052 34 21 De
311 1052 86 21 sålunda
412 1051 89 22 utsedda
515 1052 131 28 fullmäktige
662 1059 49 14 vare
726 1052 131 28 berättigade
872 1056 32 17 att
920 1053 6 20 i
941 1053 67 20 sinom

189 1082 39 26 tid,
246 1081 72 22 därest
334 1081 37 21 det
388 1080 34 21 för
440 1081 57 20 länet
529 1080 71 22 pröfvas
615 1080 101 29 lämpligt,
732 1083 94 26 uppgöra
841 1081 79 28 förslag
934 1081 33 21 till
982 1089 25 13 en

190 1109 128 29 valordning,
334 1109 65 28 enligt
413 1109 86 21 hvilken
527 1117 10 13 de
548 1110 7 19 i
565 1109 65 22 andra
641 1116 61 14 mom.
713 1109 22 21 af
744 1088 71 42 Hera
824 1109 99 28 paragraf
933 1110 75 21 nämda

188 1137 154 29 arbetsgifvare
364 1138 39 21 och
426 1137 95 22 arbetare
543 1138 75 27 själfva
637 1137 52 28 egde
708 1138 55 28 välja
778 1138 229 28 industrifullmäktige.

188 1166 12 21 I
216 1167 64 21 sådan
295 1166 124 28 valordning
434 1166 57 27 böra,
507 1166 131 21 beträffande
654 1167 78 20 valrätt
745 1165 40 22 och
801 1166 114 25 valbarhet,
929 1167 27 20 de
971 1168 8 19 i
994 1167 12 28 8

190 1197 26 19 16
229 1195 86 27 angifna
324 1195 91 27 grunder
424 1195 112 27 tillämpas.
564 1195 43 21 Till
617 1195 160 27 öfverläggning
786 1195 71 20 härom
868 1195 52 21 böra
929 1195 79 21 ombud

188 1224 34 20 för
242 1223 170 27 fackföreningar
429 1222 28 29 på
475 1222 78 27 landet,
570 1223 70 21 därest
660 1222 79 22 sådana
762 1224 57 20 inom
840 1223 57 21 länet
920 1223 87 21 kommit

187 1252 34 24 till
238 1251 68 26 stånd,
327 1251 23 21 af
368 1251 133 28 fullmäktige
518 1251 94 21 inkallas.
641 1251 159 29 Valordningen
819 1252 97 21 insändes
931 1259 76 21 genom

188 1280 190 28 industristyrelsen
393 1280 32 21 till
441 1283 87 18 senaten
541 1280 7 20 i
562 1279 98 22 afseende
677 1280 13 20 å
704 1280 99 28 pröfning
816 1280 39 21 och
866 1280 141 22 stadfästelse.

257 1308 45 22 Län
326 1308 40 26 må,
383 1308 38 21 där
441 1308 23 22 så
483 1308 68 21 finnes
570 1308 80 28 nödigt,
668 1308 23 21 af
712 1308 191 28 industristyrelsen
922 1309 58 21 delas
998 1310 8 20 i

187 1340 77 19 tvänne
275 1336 104 26 områden,
389 1336 63 22 hvart
461 1336 49 22 med
520 1336 36 22 det
566 1336 57 22 antal
634 1336 137 28 fullmäktige,
781 1345 44 13 som
836 1338 64 21 ofvan
908 1338 63 27 sagdt
978 1340 29 18 är.

566 1405 12 26 8
594 1405 33 20 31.

255 1451 79 21 Länets
349 1450 222 28 industrifullmäktige
586 1449 64 22 hafva
665 1450 75 22 främst
754 1450 33 22 till
803 1450 85 29 uppgift
897 1454 32 18 att
939 1451 65 21 värka

186 1480 34 20 för
235 1479 125 22 biläggande
375 1479 22 21 af
411 1478 100 29 oenighet
525 1479 76 21 mellan
616 1478 152 29 arbetsgifvare
783 1479 40 22 och
838 1480 100 22 arbetare.
961 1480 45 21 För

186 1505 60 36 detta
264 1483 95 57 ändamål
377 1508 99 21 tillsättes
496 1515 26 13 en
537 1508 195 28 förlikningsnämd,
748 1508 108 28 angående
871 1509 63 21 hvars
949 1516 55 14 sam-

185 1537 142 28 mansättning
342 1537 39 21 och
397 1536 120 22 förfarande
533 1536 181 29 bestämningarna
728 1538 7 20 i
751 1537 12 27 $
779 1537 26 21 25
821 1537 63 22 lända
896 1537 31 22 till
940 1537 64 22 efter-
