1114 1803
188 143 42 22 266
553 138 100 36 Järnväg.
927 145 27 17 22
966 145 43 16 dec.

419 233 40 21 Till
474 233 105 28 vällofliga
594 232 184 27 borgareståndet.

257 296 50 21 Med
322 295 115 27 anledning
455 294 23 22 af
491 295 105 22 särskilda
610 295 58 22 inom
684 296 88 25 präste-,
787 295 100 26 borgare-
903 294 39 21 och
958 295 52 21 bon-

189 324 118 23 destånden
329 324 76 21 väckta
421 324 182 27 petitionsförslag
619 323 82 22 beslöto
716 323 116 22 ständerna
853 323 35 21 vid
905 323 55 22 1900
975 323 34 22 års

189 353 106 27 landtdag,
311 355 32 19 att
357 353 40 21 hos
413 353 61 20 Hans
490 353 120 27 Kejserliga
625 352 100 26 Majestät
740 352 92 21 anhålla:

463 416 38 24 att,
515 414 10 21 i
539 414 102 22 händelse
650 415 80 20 staden
746 413 110 29 Uleåborg,
868 414 85 22 enskild
962 421 48 21 per-

395 450 40 14 son
457 444 52 20 eller
530 443 61 27 bolag
613 443 47 27 före
682 443 201 21 nästinstundande
907 443 104 27 landtdag

396 471 93 22 erhåller
511 472 125 21 koncession
655 471 14 21 &
691 472 110 28 byggande
822 471 30 27 af
870 478 26 14 en
913 472 98 27 järnväg

396 500 53 28 frän
479 500 105 27 Uleäborg
607 500 35 21 till
670 500 75 27 Vaala,
767 500 106 27 företaget
894 500 67 21 mätte
986 500 29 28 af

395 530 129 20 statsvärket
545 528 180 22 subventioneras
749 529 49 20 med
822 535 27 14 en
873 536 88 14 summa
985 529 30 27 af

397 558 106 27 500,000
519 558 69 25 mark,
603 560 59 19 samt
679 559 32 20 att
728 557 127 28 därutöfver
873 558 37 28 för
923 564 87 15 samma

394 587 107 21 ändamål
511 587 66 21 måtte
586 586 90 28 beviljas
684 589 29 18 ett
720 587 101 26 statslän,
826 588 54 20 stort
886 587 125 27 1,000,000

395 616 68 21 mark.

259 673 125 22 Emellertid
406 673 38 21 har
466 673 61 21 Hans
551 673 120 26 Kejserliga
693 672 100 27 Majestät
813 673 46 21 icke
874 672 71 21 funnit
960 673 51 26 godt

190 702 73 22 bifalla
285 702 126 21 ständernas
433 701 161 27 ifrägavarande
612 701 95 27 petition,
723 701 7 21 i
744 701 55 21 hvad
819 701 40 22 den
875 701 70 27 gällde
961 701 50 22 sub-

190 731 87 21 vention
292 730 33 21 för
340 730 75 26 banan,
431 730 17 27 ej
465 730 66 21 häller
547 730 56 22 velat
617 730 31 21 till
664 729 99 27 pröfning
779 732 93 25 upptaga
886 729 74 28 frägan
976 736 34 14 om

190 759 117 22 eventuellt
321 759 120 27 beviljande
463 758 23 22 af
507 758 88 22 statslän
617 758 32 22 för
671 758 125 22 ändamälet.
826 758 93 22 Oaktadt
941 759 71 21 denna

190 794 154 22 ogynnsamma
365 788 82 27 utgång
461 787 23 21 af
497 788 65 21 saken
577 800 28 3 —
620 794 26 15 en
665 788 86 26 utgång,
767 794 46 14 som
829 788 90 21 drabbat
931 787 79 27 jämväl

190 817 41 21 alla
247 816 67 28 öfriga
329 817 126 21 ständernas
471 816 114 35 petitioner
601 823 34 15 om
651 816 74 27 anslag
739 815 33 22 för
787 816 138 27 privatbanor
939 828 27 3 —
977 822 33 21 sy-

191 852 38 15 nes
245 846 42 25 det.
303 846 48 21 med
371 845 100 21 afseende
486 845 12 21 å
512 844 87 28 frågans
619 844 180 28 utomordentliga
813 845 109 27 betydelse
937 844 32 22 för
985 845 25 21 de

190 869 130 27 vidsträckta
343 874 85 26 trakter,
443 873 71 22 hvilka
529 874 69 21 banan
613 874 8 20 i
634 873 60 27 fråga
709 874 8 20 i
731 873 89 22 främsta
834 876 93 19 rummet
942 874 68 21 skulle

191 909 75 21 gagna,
281 910 52 14 vara
348 909 26 15 en
390 902 107 27 bjudande
513 903 53 26 plikt
581 904 32 20 att
627 904 58 19 ännu
701 904 94 25 upptaga
810 902 73 27 frågan
895 909 34 14 om
941 902 70 22 denna

190 932 67 21 banas
272 932 149 21 realiserande.

259 960 34 21 En
314 966 59 15 mera
394 962 26 18 än
432 960 134 34 fyratioårig
587 959 120 22 erfarenhet
729 966 34 14 om
783 960 36 20 det
833 959 116 28 inflytande
964 960 47 21 vårt

187 989 141 27 järnvägsnät
350 988 45 22 haft
415 988 27 26 på
463 988 82 22 landets
562 988 121 34 utveckling
698 988 43 26 har,
757 988 70 21 såsom
844 988 71 26 kändt,
930 988 81 21 lämnat

191 1018 26 20 de
234 1019 56 19 mäst
305 1017 104 26 ostridiga
426 1017 59 21 bevis
509 1017 72 27 därpå,
596 1019 31 19 att
642 1016 12 21 å
669 1022 40 15 ena
724 1017 59 21 sidan
801 1017 35 21 det
851 1017 6 21 i
869 1017 140 27 järnvägsan-

190 1046 154 27 läggningarna
356 1045 119 27 nedlaggda
485 1046 102 26 kapitalet
597 1045 58 22 burit
665 1046 135 26 synnerligen
811 1045 63 27 riklig
883 1045 59 21 frukt
955 1049 54 18 samt

190 1077 32 18 att
239 1074 13 21 å
273 1075 67 20 andra
362 1074 60 21 sidan
445 1074 26 21 de
493 1074 57 21 delar
571 1074 24 21 af
607 1074 76 25 landet,
699 1080 46 15 som
761 1076 57 19 ännu
834 1076 36 19 äro
886 1074 7 21 i
908 1073 102 22 afsaknad

190 1102 23 21 af
223 1103 96 32 järnväg,
334 1103 46 20 icke
399 1102 68 21 förmå
484 1103 27 26 på
526 1105 31 18 ett
571 1102 56 22 hälst
641 1102 7 21 i
665 1102 70 27 någon
751 1103 48 20 mån
816 1101 194 23 tillfredsställande

191 1133 47 24 sätt,
259 1132 2 20 i
273 1131 112 27 jämbredd
407 1131 48 21 med
478 1131 82 21 landets
581 1131 68 26 öfriga
671 1131 63 26 delar,
759 1127 148 43 tillgodogöra
916 1131 33 27 sig
964 1132 45 21 sina

190 1144 107 47 naturliga
318 1159 130 28 hjälpkällor.
478 1159 59 22 Allra
557 1160 65 21 minst
643 1159 42 22 kan
707 1160 35 21 det
759 1159 80 27 jämväl
860 1160 7 21 i
887 1161 24 20 så
933 1160 76 27 många

190 1189 67 20 andra
279 1188 115 21 afseenden
413 1187 155 27 jämförelsevis
591 1188 121 21 vanlottade
730 1188 97 27 nordliga
847 1189 89 20 Finland
957 1189 52 20 und-

190 1223 51 15 vara
272 1217 64 21 dessa
367 1217 116 21 samtidens
520 1219 101 24 yppersta
653 1205 270 33 kommunikationsmedel.
946 1201 13 47 —
967 1217 42 21 För

190 1245 184 27 tillgodogörande
396 1245 23 21 af
439 1245 38 21 här
500 1245 108 27 befintliga
630 1245 45 21 icke
697 1246 62 26 ringa
779 1245 107 28 naturliga
905 1252 104 20 resurser,

189 1274 76 21 främst
287 1274 132 26 skogsalster
441 1276 56 19 samt
519 1274 93 26 mäktiga
626 1274 69 21 forsar
710 1274 33 21 för
757 1274 134 21 industriella
906 1274 103 26 ändamäl,

190 1308 64 21 synes
275 1302 160 27 ifrägavarande
458 1302 55 21 bana
534 1308 50 15 vara
607 1302 133 28 synnerligen
764 1302 23 21 af
799 1302 99 22 behofvet
913 1302 97 27 päkallad

190 1330 39 22 och
245 1331 102 21 särskildt
364 1331 68 26 egnad
449 1332 32 19 att
498 1330 115 26 upphjälpa
628 1331 39 21 och
683 1337 69 20 gagna
767 1337 25 14 en
809 1331 116 21 vidsträckt
939 1332 70 20 lands-

190 1358 45 21 dels
251 1358 126 26 utveckling.

259 1386 82 26 Frägan
365 1392 34 16 om
422 1392 26 15 en
468 1386 91 26 järnväg
574 1386 89 22 emellan
685 1386 120 27 Uleäborgs
828 1388 48 20 stad
891 1387 40 21 och
947 1387 62 21 Uleä-

190 1414 60 22 träsk
265 1414 38 22 har
319 1414 103 22 alltsedan
438 1414 23 22 är
478 1414 53 21 1877
548 1414 35 22 vid
599 1415 26 21 de
639 1414 62 22 flesta
716 1414 126 29 landtdagar
857 1415 55 22 varit
921 1414 89 23 föremäl

189 1443 33 22 för
237 1443 127 22 ständernas
385 1443 189 27 uppmärksamhet
589 1443 38 22 och
643 1443 22 21 af
679 1443 108 22 desamma
803 1445 48 20 med
866 1444 85 27 välvilja
965 1450 44 15 om-

189 1471 82 27 fattats,
286 1472 40 21 och
340 1473 83 21 banans
438 1473 59 20 stora
513 1471 107 28 betydelse
635 1472 38 21 har
689 1473 72 21 städse
776 1473 93 22 erkänts,
893 1473 26 22 Vi
934 1473 55 27 våga
1003 1473 7 21 i

189 1501 77 22 sädant
287 1501 100 22 afseende
409 1501 88 21 hänvisa
517 1501 31 20 till
563 1501 26 22 de
605 1501 123 22 utlätanden
745 1501 39 22 och
799 1502 147 22 betänkanden
963 1508 46 22 som

189 1530 35 21 vid
239 1529 154 28 landtdagarna
410 1530 59 25 1877,
487 1529 60 27 1882,
563 1530 62 26 1891,
641 1530 60 25 1894,
718 1530 53 22 1897
788 1531 39 21 och
844 1531 55 22 1900
914 1531 7 21 i
935 1531 74 27 frägan
