1114 1806
94 146 27 16 22
133 146 43 16 dec.
474 140 68 34 Skola.
874 140 43 22 275

162 215 33 21 En
221 214 113 28 fyrklassig
360 216 181 25 elementarskola,
565 216 63 21 hvars
653 216 121 21 lärokurser
798 216 17 26 ej
839 218 77 24 utgöra

93 244 67 26 något
182 243 102 21 afslutadt
301 243 49 26 helt,
366 244 40 20 kan
422 244 118 22 allraminst
554 244 28 27 på
597 250 26 15 en
639 246 34 19 ort
688 244 66 22 sådan
770 251 47 14 som
833 244 83 25 Lovisa,

95 272 37 21 där
147 272 40 21 den
204 272 139 27 uppväxande
358 272 120 27 ungdomen
495 272 72 22 talrikt
583 273 79 21 vänder
677 273 33 26 sig
725 273 22 21 åt
757 272 108 27 praktiska
878 272 37 21 lef-

94 300 127 25 nadsbanor,
245 300 113 27 tillgodose
380 301 26 20 de
428 300 48 22 kraf
496 308 48 14 man
563 308 28 14 nu
606 300 33 22 för
654 301 58 21 tiden
728 301 68 21 måste
812 300 62 22 ställa
888 302 27 26 på

94 329 80 21 sådana
188 328 155 22 läroanstalter.
364 329 115 21 Desamma
493 329 72 22 fordra
575 329 131 27 nödvändigt
716 330 72 21 såsom
799 329 117 27 afslutning

94 357 34 21 för
143 358 38 21 här
196 356 160 28 ifrågavarande
372 358 59 21 skola
446 364 25 15 en
487 358 65 22 femte
566 358 64 22 klass.
659 358 32 21 En
708 358 66 22 sådan
789 358 58 22 klass
862 364 54 21 upp-

94 386 110 22 rätthålles
221 386 125 27 visserligen
361 386 33 21 för
409 387 132 21 närvarande
555 388 8 20 i
577 387 77 21 Lovisa
669 387 27 27 på
711 388 70 26 privat
797 389 45 25 väg.
865 386 49 22 Men

94 415 41 21 den
147 415 42 21 kan
202 414 68 27 aldrig
281 415 65 21 blifva
358 414 23 22 af
391 415 41 21 den
443 415 113 28 betydelse,
568 422 46 16 som
625 416 40 21 den
676 415 62 27 finge,
749 422 35 15 om
796 416 40 21 den
847 415 69 22 blefve

94 443 43 22 fast
158 444 87 21 förenad
267 444 48 21 med
338 444 190 23 elementarskolan
551 451 75 21 genom
649 446 32 21 att
700 445 66 27 sagda
780 444 64 23 femte
859 444 57 21 klass

94 473 121 27 öfvertoges
231 473 23 21 af
266 475 77 20 staten.

162 502 50 22 Med
233 501 99 22 afseende
350 502 13 21 å
380 502 55 21 hvad
448 502 37 27 jag
500 503 6 20 i
522 503 36 21 det
572 503 127 26 föregående
714 502 45 22 haft
774 504 51 20 äran
842 502 74 22 anföra

95 531 39 21 och
149 531 7 21 i
170 531 140 21 betraktande
325 531 23 21 af
361 531 36 21 det
412 530 209 23 otillfredsställande
635 531 64 27 skick,
715 531 60 22 hvari
790 531 125 22 skolförhål-

94 560 91 21 landena
199 560 7 21 i
222 560 77 21 Lovisa
314 560 90 21 sålunda
418 559 85 22 befinna
517 561 38 26 sig,
571 561 64 26 vågar
648 560 38 27 jag
700 559 55 28 förty
771 561 144 20 vördsamme-

94 589 57 26 ligen
166 588 88 27 anhålla,

368 647 33 19 att
423 646 176 27 borgareständet
617 645 50 22 ville
685 646 10 20 i
709 645 103 28 förening
828 646 49 20 med
890 645 26 21 de

300 674 73 28 öfriga
394 674 93 21 stånden
510 675 82 20 besluta
613 675 32 20 att
665 673 53 28 ingå
735 674 35 21 till
787 674 63 21 Hans
865 673 51 28 Kej-

300 703 80 28 serliga
395 703 103 27 Majestät
513 703 48 22 med
576 703 137 27 underdänig
725 703 97 27 petition
834 703 81 26 därom,

301 733 33 20 att
358 732 40 21 den
420 732 134 28 fyrklassiga
575 732 92 21 svenska
691 731 194 22 elementarskolan
906 732 10 20 i

300 760 81 22 Lovisa
397 761 67 27 blefve
479 761 105 28 utvidgad
597 761 49 21 med
661 767 26 14 en
702 760 29 28 af
742 761 129 20 statsvärket
883 761 33 20 be-

301 789 75 22 kostad
389 789 66 27 femte
471 789 57 22 klass
543 791 58 20 samt
615 791 34 20 att
662 789 88 22 skolans
764 789 153 28 lärareplatser

302 818 65 21 måtte
383 818 67 21 varda
466 818 37 21 vid
517 818 135 27 inträffande
667 819 107 20 vakanser
784 818 134 21 ordinariter

301 847 87 21 besatta.

163 909 136 27 Helsingfors
315 910 40 21 den
371 910 27 20 22
414 909 113 22 december
543 910 60 21 1904.

622 973 73 20 Fredr.
712 973 135 21 Lundenius.

164 1059 144 21 Memorialets
328 1059 102 21 klämmar
454 1059 109 27 upplästes
586 1058 22 22 af
624 1059 25 21 hr
664 1059 186 27 Lundenius,
870 1066 45 15 som

97 1088 66 27 därpä
179 1087 95 27 föreslog
292 1088 98 21 ärendets
409 1088 156 27 bordläggning
583 1087 30 23 till
628 1087 69 22 första
712 1088 87 27 plenum
815 1089 23 20 är
855 1088 60 21 1905.

166 1145 87 22 Ständet
269 1145 69 21 beslöt
354 1145 117 26 bordlägga
486 1146 87 20 ärendet
589 1145 30 22 till
635 1145 67 22 första
718 1145 86 27 plenum
816 1147 61 20 nästa
886 1146 30 21 är.

165 1289 120 27 Föredrogs
300 1290 31 19 ett
346 1288 22 21 af
381 1288 36 21 hrr
432 1289 100 26 Latva,
544 1289 78 25 Kari,
633 1289 159 26 Sundvall,
805 1287 112 28 Hynö6n,

96 1318 140 21 Killinen
255 1317 39 22 och
337 1323 132 16 Karvonen
485 1317 172 26 undertecknadt,
673 1317 117 28 sälydande
805 1317 111 27 petitions-

96 1347 119 21 memorial:

302 1421 185 27 Hyvinarvoisalle
503 1421 196 26 porvarissäädylle.

164 1477 73 21 Mikäli
260 1476 196 21 kansakoululaitos
481 1482 27 15 on
532 1482 139 15 maassamme
696 1476 118 27 kehittynyt
834 1476 23 26 ja
880 1482 37 15 sen

96 1506 89 21 muodot
200 1505 160 26 vakaantuneet,
376 1511 27 15 on
420 1505 53 21 siinä
489 1505 112 26 esiintynyt
616 1504 93 21 tehtäviä
718 1504 23 27 ja
752 1505 95 26 tarpeita,
855 1505 62 26 jotka

96 1535 72 22 alussa
187 1535 57 21 eivät
263 1534 73 21 tulleet
356 1533 51 28 yhtä
427 1533 87 22 selvästi
529 1533 103 27 näkyviin.
661 1533 53 21 Yksi
729 1533 70 22 näistä
814 1540 27 15 on
857 1535 59 25 opet-
