1114 1792
85 123 24 31 21
121 122 44 18 dec.
432 115 132 37 Näringslag.
867 122 39 20 191

155 192 41 25 3:0)
207 198 34 14 om
248 192 139 28 yrkesidkare
399 193 132 28 öfverflyttar
542 195 31 20 till
581 202 70 14 annan
661 195 99 21 kommun
769 195 51 21 eller
828 194 80 22 aflider.

154 219 50 22 Och
219 221 23 19 är
257 221 6 19 i
279 220 62 22 dessa
357 221 36 21 fall
408 222 153 27 yrkesidkaren
578 224 51 20 eller
643 223 53 21 hans
712 224 98 20 sterbhus
822 222 86 29 skyldig

85 251 36 23 att,
137 248 28 28 pä
180 248 122 27 anfordran,
317 249 161 22 tillhandahälla
494 251 101 28 lärlingen
611 251 159 28 afskedsbetyg.

153 276 122 28 Nedlägger
288 278 141 27 yrkesidkare
444 280 32 19 sin
492 280 84 25 rörelse,
592 287 49 14 vare
656 280 122 20 läroaftalet
788 280 34 20 för
832 280 75 27 ingen-

85 305 50 21 dera
151 308 73 25 parten
241 305 73 21 vidare
330 306 113 22 bindande.

467 381 11 27 $
494 382 32 20 64.

154 425 80 29 Hvarje
258 426 86 28 lärlings
368 426 102 28 framsteg
493 427 50 21 böra
563 427 36 21 vid
623 428 64 20 slutet
711 428 21 20 af
754 427 52 21 hans
829 427 77 21 lärotid

84 454 103 27 granskas
209 454 23 21 af
252 456 78 19 tvänne
348 455 139 29 yrkesidkare
503 456 41 20 och
559 463 25 13 en
600 456 66 28 gesäll
682 456 51 21 eller
748 463 69 13 annan
832 456 74 28 yrkes-

84 482 82 28 kunnig
188 484 102 20 arbetare.
319 483 80 21 Finnes
417 484 13 21 &
451 487 60 18 orten
528 486 55 19 inom
600 484 163 28 ifrägavarande
778 485 52 27 yrke
846 484 61 21 fack-

79 511 109 29 förening,
208 511 116 22 bestående
343 512 22 21 af
380 512 138 28 yrkesidkare
534 513 50 21 eller
599 513 41 21 ock
655 513 23 21 af
693 513 59 21 såväl
767 512 138 28 yrkesidkare

84 548 45 13 som
146 541 102 25 arbetare,
264 540 51 21 eller
330 541 53 21 filial
400 542 22 20 af
437 542 66 20 sädan
519 542 104 27 förening,
639 549 50 21 eger
700 542 48 20 dess
759 542 89 27 styrelse
858 546 47 16 utse

85 569 96 21 bemälda
204 570 126 27 granskare;
351 571 5 19 i
376 578 68 13 annan
469 570 101 22 händelse
592 574 59 18 utses
674 570 26 21 de
723 570 23 21 af
767 570 140 28 fullmäktige.

84 597 74 21 Skulle
174 598 52 21 flere
242 600 26 19 än
285 606 25 13 en
326 598 151 28 fackförening
492 599 23 21 af
529 598 89 22 anförda
633 599 46 27 slag
695 607 50 13 vara
761 598 13 21 å
789 603 59 17 orten
866 598 40 21 bil-

84 626 62 26 dade,
167 626 123 22 ankommer
311 627 35 21 det
364 627 13 21 å
395 627 133 29 fullmäktige
551 631 30 17 att
604 627 79 28 afgöra,
703 628 86 20 hvilken
806 627 22 21 af
843 627 62 21 dessa

84 654 53 22 skall
154 662 38 20 ega
208 658 48 18 utse
270 656 149 28 granskarena.

152 683 140 29 Framstegen
308 684 101 22 bedömas
425 685 27 27 pä
467 686 68 27 grund
551 685 22 21 af
587 684 27 22 de
625 684 86 22 arbeten
723 685 103 27 lärlingen
838 684 68 21 under

84 713 37 21 det
135 713 53 21 sista
203 713 91 21 läroäret
309 713 146 29 själfständigt
470 714 73 23 utfört,
560 714 40 21 och
615 713 64 21 lända
694 714 74 20 härvid
784 713 27 21 de
824 714 22 20 af
856 713 49 21 full-

83 741 93 27 mäktige
192 741 28 29 pä
235 742 67 27 grund
319 742 23 21 af
357 742 11 28 $
384 743 26 20 25
427 742 124 22 meddelade
567 742 134 22 föreskrifter
716 742 31 21 till
758 742 148 21 efterrättelse.

152 770 92 21 Pröfvas
261 770 103 28 lärlingen
381 770 66 22 hafva
462 772 75 20 vunnit
551 771 187 21 tillfredställande
753 770 129 28 skicklighet
898 772 6 19 i

82 800 38 20 sitt
142 798 52 29 yrke
216 799 41 21 och
280 799 38 21 har
340 800 41 20 han
405 799 83 21 erhällit
510 801 59 27 intyg
592 800 62 20 öfver
673 800 67 27 flitigt
758 799 108 21 anlitande
882 799 23 21 af

83 828 181 28 undervisningen
283 829 7 20 i
308 828 141 22 handtvärks-
468 829 51 21 eller
533 836 69 14 annan
617 828 125 28 yrkesskola
758 828 51 21 eller
824 828 81 21 företer

83 858 61 27 intyg
159 856 63 22 öfver
236 860 32 18 att
282 857 42 21 han
341 857 87 21 innehar
443 858 148 20 motsvarande
607 857 169 28 kunskapsmätt,
792 864 39 21 ega
841 864 65 20 gran-

83 886 90 20 skarena
196 885 93 21 förklara
312 886 77 20 honom
414 886 117 27 berättigad
551 889 31 18 att
600 886 80 21 erhälla
700 886 121 27 gesällbref.
851 885 52 20 Men

83 921 34 14 om
132 913 103 28 lärlingen
252 915 17 27 ej
285 915 56 27 gjort
356 915 33 27 sig
403 913 87 28 förtjänt
505 914 23 21 af
543 914 120 28 gesällbref,
675 914 97 21 utfärdas
783 913 34 22 för
827 914 77 21 honom

83 943 65 28 betyg
162 942 62 21 öfver
239 943 92 20 afslutad
352 943 76 21 lärotid
447 943 48 20 med
512 943 96 21 omdöme
625 950 33 14 om
674 942 36 21 det
726 942 52 21 mätt
794 943 22 20 af
830 942 75 29 yrkes-

81 971 131 28 skicklighet
233 971 41 21 han
298 971 126 22 förvärfvat.
454 971 64 21 Säväl
538 972 58 21 detta
612 972 65 27 betyg
692 979 45 13 som
752 971 152 27 gesällbrefvet

82 1000 62 25 skall,
166 1003 58 18 utom
247 1000 23 20 af
291 1000 150 27 granskarena,
459 1000 160 21 underskrifvas
643 999 22 22 af
687 999 145 28 fullmäktiges
855 999 49 22 ord-

82 1028 96 21 förande.

151 1056 116 21 Dessutom
286 1057 81 28 äligger
385 1057 36 21 det
439 1057 152 28 yrkesidkaren
607 1059 32 18 att
654 1056 81 21 tilldela
750 1057 33 20 sin
799 1056 106 28 afgäende

83 1085 76 27 lärling
174 1085 156 28 afgängsbetyg
340 1085 62 22 öfver
411 1085 54 21 hans
475 1085 36 20 flit
521 1085 40 21 och
571 1085 135 28 uppförande
716 1085 68 20 under
795 1085 110 20 lärotiden.

465 1166 12 27 s
493 1165 32 21 65.

152 1210 80 27 Gesäll,
248 1218 45 14 som
309 1212 66 20 minst
390 1211 37 21 två
441 1211 24 21 år
479 1211 83 21 arbetat
577 1212 5 19 i
599 1211 38 21 sitt
651 1211 52 28 yrke
719 1211 40 21 och
772 1210 45 21 däri
828 1211 76 21 vunnit

82 1239 130 22 utmärktare
232 1239 135 28 skicklighet,
387 1240 40 26 mä,
446 1247 33 14 om
499 1239 41 22 han
555 1239 128 28 förfärdigat
697 1239 145 28 mästareprof,
857 1247 46 14 som

81 1268 107 28 godkänts
214 1268 24 21 af
261 1272 32 17 tre
316 1268 133 28 sakkunniga
474 1268 143 29 yrkesidkare,
639 1268 34 21 för
697 1268 49 21 dess
771 1267 133 22 bedömande

83 1297 91 21 utsedda
189 1297 27 28 pä
231 1297 111 22 enahanda
357 1299 43 19 sätt
414 1305 46 13 som
476 1297 27 21 de
517 1297 6 21 i
540 1297 12 27 $
568 1298 26 20 59
606 1297 76 21 nämda
692 1296 122 29 granskare,
825 1296 79 21 erhålla

82 1327 162 20 mästarenamn.
266 1326 109 21 Häröfver
391 1325 96 22 utfärdas
503 1325 31 22 till
549 1325 78 22 honom
643 1325 53 26 bref,
712 1325 159 21 underskrifvet
881 1325 24 21 af

82 1353 144 28 fullmäktiges
243 1354 128 21 ordförande
385 1355 64 27 jämte
463 1353 96 22 bemälda
571 1357 33 18 tre
615 1354 146 27 yrkesidkare.
