1120 1803
214 148 41 20 126
554 149 140 29 Konkurslag.
953 155 23 16 21
988 154 46 17 dee.

283 222 18 20 A
316 221 181 28 inställelsedagen
508 222 39 20 och
559 221 56 21 skild
630 222 133 28 uppropsdag
774 222 96 27 vidtager
882 221 75 21 målets
967 221 67 21 hand-

213 249 99 28 läggning
326 249 90 22 klockan
431 249 41 22 tolf
487 249 27 29 på
528 249 73 28 dagen.

596 319 26 20 16
637 319 18 26 8.

281 357 119 29 Offentliga
424 357 136 29 kungörelsen
576 357 54 22 skall
644 361 75 24 genast
735 357 49 22 eller
799 361 70 17 senast
884 357 92 28 följande
992 357 42 28 dag

213 385 69 23 anslås
297 386 13 22 å
324 388 79 20 rättens
426 386 135 29 anslagstafla
576 390 54 18 samt
644 387 56 21 inom
716 394 25 14 en
757 386 67 21 vecka
839 386 98 22 afsändas
952 386 33 21 för
1000 388 34 19 att

214 414 24 22 så
252 414 43 22 fort
309 415 37 21 ske
362 415 40 23 kan
426 415 78 22 införas
519 416 6 20 i
541 415 104 22 allmänna
666 415 135 29 tidningarna
823 414 40 22 och
877 416 8 20 i
899 414 68 29 någon
983 414 51 29 eljes

213 443 13 21 å
240 446 58 19 orten
314 444 149 21 utkommande
478 444 50 21 eller
543 444 74 29 spridd
631 444 83 28 tidning
729 452 25 13 en
769 443 55 29 gång
838 443 166 22 offentliggöras.

281 472 43 22 Om
338 473 125 21 inställelse-
480 473 40 21 och
542 472 186 30 uppropsdagarna
743 472 41 22 låte
800 472 116 22 domstolen
947 473 86 27 därjämte

212 501 8 20 i
235 501 85 21 korthet
335 502 7 20 i
357 502 125 27 nyssnämda
501 501 107 28 tidningar
627 501 94 28 kungöra
735 504 33 18 tre
784 501 50 21 eller
851 501 39 21 sist
904 501 37 21 två
955 500 79 22 veckor

213 529 46 21 före
274 530 187 28 inställelsedagen.

597 589 23 19 17
637 588 17 26 8.

281 626 57 28 Eger
352 626 126 29 gäldenären
504 628 101 28 fastighet
620 627 49 21 eller
693 627 134 28 registreradt
842 628 76 27 fartyg,
933 627 53 21 skall
1002 630 31 18 ett

215 656 107 28 exemplar
336 656 23 21 af
382 656 137 28 kungörelsen
541 657 56 20 inom
610 664 24 13 en
650 656 67 22 vecka
732 656 98 21 afsändas
845 656 33 21 till
893 655 115 22 domstolen
1025 656 7 20 i

213 684 41 21 den
269 687 38 23 ort,
322 684 38 22 där
381 684 127 29 fastigheten
525 685 72 28 ligger,
609 685 56 26 eller,
680 685 8 20 i
704 684 59 29 fråga
778 692 33 14 om
835 684 76 29 fartyg,
931 684 32 22 till
979 684 55 29 regi-

211 713 199 29 stermyndigheten.

280 743 33 20 År
326 742 126 28 gäldenären
475 745 105 26 upptagen
596 743 7 20 i
626 742 191 27 bandelsregistret,
835 742 64 21 varde
922 741 112 29 kungörel-

213 778 37 13 sen
265 772 54 20 inom
335 779 80 13 samma
429 771 31 21 tid
481 771 76 21 afsänd
572 771 32 21 till
620 771 40 21 den
683 771 128 28 myndighet,
827 778 43 13 som
887 770 33 21 för
935 770 98 29 handels-

213 801 104 26 registret,
332 799 40 21 och
387 799 33 21 till
435 800 237 28 registermyndigheten
686 799 12 21 å
713 802 64 19 orten.

595 869 25 20 18
637 870 17 25 &.

281 908 123 21 Domstolen
420 908 79 27 äligger
513 912 32 17 att
559 909 56 20 inom
631 916 24 13 en
672 909 66 21 vecka
753 909 7 20 i
774 909 81 28 omslag
869 909 67 21 under
950 910 82 21 rekom-

211 937 121 21 mendation
343 936 97 22 tillsända
456 937 96 28 samtliga
568 937 68 21 kända
651 937 125 21 borgenärer
788 937 78 21 enhvar
876 945 26 13 en
913 937 87 22 afskrift
1009 938 24 21 af

211 965 145 27 kungörelsen,
371 965 23 21 sä
409 965 40 21 ock
465 969 31 17 att
511 969 49 17 utan
578 965 99 28 dröjsmäl
700 965 35 22 läta
750 965 95 28 delgifva
859 966 121 21 densamma
995 974 37 13 ve-

211 993 132 22 derbörande
358 995 108 26 guvernör,
485 993 103 29 äklagare,
603 994 197 29 förmyndarenämd
816 998 56 18 samt
886 995 77 21 allmän
979 1003 52 21 upp-

212 1022 114 21 bördsman
340 1022 34 21 för
389 1025 58 18 orten
463 1023 50 20 eller
528 1023 34 20 för
576 1031 68 13 annan
659 1025 38 24 ort,
709 1023 38 21 där
757 1023 127 28 gäldenären
895 1023 48 22 dref
952 1025 80 26 näring.

279 1051 83 25 Finnes,
378 1051 64 21 sedan
466 1051 122 28 fullständig
606 1051 144 28 uppteckning
764 1051 23 21 af
801 1051 50 22 boet
865 1052 117 26 inkommit,
996 1055 34 26 yt-

210 1080 99 26 terligare
330 1079 118 27 delgifning
465 1080 69 27 nödig,
557 1079 64 21 varde
643 1079 67 21 denna
731 1080 98 27 fullgjord
851 1081 56 20 inom
923 1088 25 13 en
964 1081 67 21 vecka

211 1108 54 20 efter
280 1107 37 21 det
331 1108 169 28 uppteckningen
514 1108 116 20 inkommit.

279 1136 44 20 Det
337 1137 7 19 i
361 1136 53 26 168
436 1136 127 21 föreskrifna
585 1136 110 28 offentliga
718 1136 145 29 kungörandet
882 1137 55 27 gälle
953 1137 54 21 dock
1023 1138 9 20 i

211 1164 73 28 hvarje
299 1164 37 21 fall
352 1164 68 21 säsom
436 1164 46 28 laga
498 1164 121 28 delgifning.

587 1239 26 20 19
630 1238 15 25 $.

279 1278 87 21 Afvisas
381 1278 51 21 eller
454 1278 62 21 afsläs
532 1279 22 20 af
569 1278 102 28 borgenär
692 1279 60 28 gjord
771 1279 90 28 begäran
879 1286 35 14 om
929 1279 103 22 konkurs-

211 1306 127 25 förfarande,
353 1314 38 20 ege
407 1306 41 22 han
463 1308 7 19 i
484 1307 92 21 beslutet
590 1306 51 22 söka
657 1308 88 27 ändring
759 1315 75 21 genom
849 1308 81 21 besvär.

278 1335 48 21 Har
340 1335 116 21 domstolen
472 1336 26 26 pä
513 1336 64 20 sädan
594 1336 88 27 begäran
699 1336 102 20 förklarat
815 1336 216 21 konkursförfarande

209 1362 74 27 inledt,
293 1370 37 20 ege
345 1362 124 28 gäldenären
486 1370 79 14 samma
580 1363 137 27 befogenhet;
733 1364 55 20 dock
800 1363 67 28 gänge
880 1364 90 21 beslutet
980 1367 49 18 utan

209 1390 76 22 hinder
299 1390 23 21 af
335 1390 103 22 besvären
452 1392 7 20 i
475 1391 163 28 värkställighet.

278 1419 85 21 Varder
378 1419 91 22 beslutet
479 1419 106 28 upphäfdt
599 1427 74 20 genom
687 1420 113 22 öfverrätts
811 1421 74 28 utslag,
893 1421 54 21 skall
958 1421 72 21 därom

209 1447 173 29 tillkännagifvas
406 1448 66 21 såsom
496 1449 7 20 i
519 1449 26 20 16
564 1448 38 21 och
626 1449 25 20 17
668 1449 27 27 8&
714 1452 56 25 sagts
792 1449 39 22 och
853 1449 131 22 förfarandet
999 1450 33 21 in-

210 1477 80 26 ställas;
305 1477 55 21 dock
377 1477 61 21 lände
458 1477 35 21 för
507 1477 75 22 sädant
604 1477 36 22 fall
655 1477 32 21 till
711 1477 139 23 efterrättelse
866 1478 56 22 hvad
937 1485 33 15 om
984 1478 46 29 gäl-

209 1505 70 22 dande
295 1505 49 22 eller
366 1505 163 22 säkerställande
552 1506 22 21 af
597 1506 232 23 konkurskostnaderna
847 1507 40 22 och
910 1507 65 22 andra
992 1515 40 14 an-

208 1535 64 29 språk
288 1538 43 18 mot
346 1535 140 22 konkursboet
500 1536 7 19 i
525 1536 37 21 117
580 1536 11 26 $
607 1537 53 26 sägs.
