1114 1814
196 157 41 21 182
537 152 132 37 Näringslag.
936 162 24 16 21
972 162 43 16 dec.

196 237 66 28 utlyst
282 236 164 29 föreningsmöte
467 237 63 21 minst
547 237 36 21 två
603 236 126 28 tredjedelar
749 237 23 21 af
792 236 26 21 de
840 235 130 22 närvarande
985 237 32 27 sig

195 264 73 22 därom
283 265 79 21 förena.

575 323 14 28 8
603 323 34 21 40.

265 368 93 22 Landets
392 368 123 22 yrkesidkare
536 376 49 14 vare
603 368 131 28 berättigade
756 371 38 23 att,
812 367 28 22 då
853 367 163 30 yrkesfullmäk-

195 397 44 28 tige
257 398 8 21 i
281 397 37 22 två
339 373 128 56 tredjedelar
488 397 23 22 af
531 397 48 22 hela
599 397 80 21 antalet
701 397 72 22 städer
794 397 72 21 därför
888 397 76 22 uttalat
979 397 37 28 sig,

196 426 156 21 sammanträda
370 426 33 21 till
425 427 56 20 möte
501 427 34 20 för
549 425 161 29 öfverläggning
724 434 33 13 om
774 426 45 21 sina
834 425 104 22 allmänna
954 433 62 20 ange-

196 455 126 28 lägenheter.

265 483 89 28 Förslag
375 491 33 13 om
428 483 134 22 anordnande
583 483 22 21 af
622 482 194 29 yrkesidkaremöte
832 483 41 20 kan
889 483 127 28 framläggas

195 512 24 21 af
228 511 349 29 arbetsgifvarerepresentanterna
586 512 55 21 inom
652 511 195 28 yrkesfullmäktige
857 512 7 20 i
874 511 54 22 stad.
949 511 67 22 Innan

196 541 101 28 förslaget
317 541 8 20 i
344 540 100 22 afseende
465 540 13 21 å
496 540 99 29 pröfning
612 540 107 21 meddelas
734 540 27 21 de
777 540 69 21 skilda
860 544 94 17 orternas
969 540 47 21 full-

196 569 99 28 mäktige,
317 569 51 21 böra
391 569 132 28 fullmäktige
542 569 13 21 å
572 569 40 21 den
627 572 39 23 ort,
681 569 85 21 hvarest
781 570 67 19 mötet
862 571 23 19 är
899 569 71 21 afsedt
984 571 32 18 att

195 600 41 26 äga
251 605 51 17 rum,
316 597 111 28 tillfrågas,
441 597 105 22 huruvida
561 597 26 21 de
603 599 35 20 äro
653 597 73 28 villiga
741 600 32 18 att
787 597 93 22 anordna
894 599 67 20 mötet
975 597 41 21 och

196 626 85 21 utfärda
295 626 109 28 inbjudning
433 626 34 21 till
481 626 123 21 detsamma.
629 625 71 22 Sådan
714 625 124 29 inbjudning
848 626 53 21 skall
912 625 104 21 innehålla

196 654 41 21 den
255 654 55 29 plan,
328 654 66 28 enligt
426 654 71 21 hvilken
512 656 67 19 mötet
593 656 23 20 är
630 654 72 21 afsedt
716 657 31 18 att
763 654 97 28 försiggå,
876 654 40 22 och
931 654 86 28 uppgift

196 683 62 21 öfver
272 682 26 22 de
314 682 76 28 frågor,
405 691 44 13 som
465 683 75 21 därvid
555 683 83 21 komma
653 686 32 18 att
699 682 123 22 behandlas.

265 712 177 28 Representanter
456 712 32 21 till
503 712 88 20 allmänt
605 711 193 29 yrkesidkaremöte
814 712 66 28 väljas
891 711 27 29 på
930 714 42 19 sätt
982 719 34 13 om

196 740 35 22 val
247 740 23 22 af
282 740 198 29 yrkesfullmäktige
495 741 7 20 i
517 740 68 22 denna
601 740 33 28 lag
649 742 23 19 är
687 740 105 28 stadgadt.

264 769 90 21 Antalet
368 772 167 26 representanter
550 769 33 22 för
592 770 27 21 de
629 769 57 21 olika
695 772 83 18 orterna
790 769 124 21 bestämmes
924 768 93 27 sålunda,

195 800 34 19 att
243 798 47 21 stad
305 798 49 21 med
369 798 81 21 mindre
466 800 24 18 än
508 799 25 19 51
550 798 82 22 valmän
647 800 58 19 utser
719 800 30 18 ett
764 798 84 27 ombud,
863 798 48 21 stad
925 797 49 21 med
990 799 25 19 51

196 827 70 21 —100
288 826 82 22 valmän
390 826 36 22 två
441 826 84 24 ombud,
540 826 47 22 stad
603 826 48 22 med
667 827 112 21 101—150
795 827 82 21 valmän
892 830 32 18 tre
939 826 78 22 ombud

195 855 42 22 och
252 855 47 21 stad
314 855 49 21 med
378 855 52 21 flere
446 857 26 19 än
488 856 40 20 150
544 856 82 21 valmän
642 854 106 22 dessutom
765 858 31 18 ett
810 855 78 21 ombud
898 855 34 21 för
944 855 72 28 hvarje

197 884 45 21 helt
256 884 112 22 hundratal
383 884 84 21 utöfver
483 884 40 21 150
538 884 89 22 valmän.

266 912 85 28 Nödiga
372 912 139 28 anordningar
531 913 34 21 för
578 912 195 30 yrkesidkaremöte
789 912 96 28 vidtagas
900 912 23 22 af
938 912 80 22 arbets-

195 941 281 29 gifvarerepresentanterna
496 942 56 21 inom
571 941 195 29 yrkesfullmäktige
786 941 13 21 &
816 941 41 21 den
876 944 38 24 ort,
932 941 86 22 hvarest

196 971 68 20 mötet
278 972 50 26 äger
342 978 50 13 rum.

266 998 143 26 Ordförande,
426 999 175 21 viceordförande
621 998 39 22 och
679 998 129 22 sekreterare
827 998 65 29 väljas
907 998 23 21 af
945 1001 72 25 mötet,

197 1034 44 14 som
257 1027 64 22 äfven
336 1027 115 21 fastställer
465 1028 32 20 sin
512 1028 165 26 arbetsordning.

265 1056 149 22 Kostnaderna
436 1056 33 21 för
489 1056 194 29 yrkesidkaremöte
706 1056 138 22 förskotteras
864 1056 23 21 af
915 1056 103 21 yrkesfull-

197 1084 93 29 mäktige
306 1084 12 22 å
333 1086 127 20 mötesorten
475 1085 40 21 och
530 1085 93 21 fördelas
637 1084 28 29 på
680 1084 41 22 alla
731 1084 81 22 städers
822 1060 196 57 yrkestullmäktige

196 1114 8 19 i
225 1112 131 23 förhållande
376 1114 33 20 till
431 1114 80 21 antalet
532 1114 82 21 valmän
635 1113 13 21 å
662 1117 59 18 orten
737 1117 55 18 samt
807 1113 111 29 uppbäras,
933 1113 27 29 på
976 1116 42 18 sätt

195 1149 37 14 om
247 1142 207 28 yrkesfullmäktiges
469 1142 69 29 öfriga
552 1142 88 29 utgifter
655 1144 22 19 är
692 1142 106 29 stadgadt.

579 1212 11 26 S
605 1212 34 20 41.

267 1256 203 22 Yrkesidkaremöte
486 1257 65 28 enligt
567 1258 12 26 $
591 1258 26 20 39
629 1264 49 14 vare
689 1256 129 28 berättigadt
827 1260 37 23 att,
874 1258 72 20 därest
955 1258 64 20 minst

195 1285 39 21 två
254 1285 126 28 tredjedelar
395 1286 23 20 af
431 1285 106 21 ombuden
552 1288 35 18 äro
602 1293 33 13 om
651 1286 92 20 beslutet
757 1292 55 20 ense,
827 1285 87 22 tillsätta
930 1293 24 13 en
970 1292 48 14 cen-

197 1313 131 21 tralkomitté
344 1313 33 21 för
392 1314 92 21 fabriks-
494 1314 40 20 och
544 1314 203 22 handtvärksidkare
757 1314 9 22 i
776 1313 101 22 Finlands
887 1314 71 21 städer
970 1314 49 20 med

198 1342 86 27 uppgift
298 1344 32 18 att
344 1342 83 21 bevaka
441 1342 162 27 yrkesidkarnas
619 1342 104 21 allmänna
738 1342 108 21 intressen.

267 1368 189 22 Centralkomittén
471 1369 89 28 åligger:

266 1398 21 25 a)
303 1400 32 18 att
350 1398 37 20 vid
402 1397 64 21 behof
480 1399 51 26 göra
545 1398 178 26 framställningar
737 1397 33 21 till
786 1397 158 22 vederbörande
960 1406 58 19 myn-

196 1425 100 28 digheter
311 1428 55 19 samt
380 1428 33 19 att
427 1425 83 28 afgifva
524 1425 78 22 äskade
618 1425 131 26 utlåtanden;

266 1453 20 27 b)
302 1456 32 19 att
350 1453 104 22 behandla
469 1453 97 26 ärenden,
583 1454 73 21 hvilka
670 1454 23 21 af
707 1453 196 30 yrkesfullmäktige
918 1455 7 20 i
936 1454 82 21 landets

197 1482 71 22 städer
282 1482 33 22 till
330 1482 184 23 centralkomittén
528 1483 107 26 insändas;

266 1512 20 27 c)
302 1514 33 19 att
349 1511 65 22 hafva
426 1511 88 29 uppsikt
523 1511 61 22 öfver
594 1514 32 19 att
635 1511 23 21 af
667 1511 106 22 allmänna
782 1511 237 24 industriidkaremöten

197 1540 89 22 tillsatta
301 1540 81 23 utskott
397 1540 90 29 fullgöra
502 1541 45 20 sina
561 1540 135 29 åligganden;
