<?xml version="1.0" encoding="UTF-8"?>
<alto xmlns="http://www.loc.gov/standards/alto/ns-v3#" xmlns:xlink="http://www.w3.org/1999/xlink" xmlns:xsi="http://www.w3.org/2001/XMLSchema-instance" xsi:schemaLocation="http://www.loc.gov/standards/alto/ns-v3# http://www.loc.gov/alto/v3/alto-3-0.xsd">
	<Description>
		<MeasurementUnit>pixel</MeasurementUnit>
		<sourceImageInformation>
			<fileName>/tmp/tess__w7lglyw_input.PNG</fileName>
		</sourceImageInformation>
		<OCRProcessing ID="OCR_0">
			<ocrProcessingStep>
				<processingSoftware>
					<softwareName>tesseract 5.3.4</softwareName>
				</processingSoftware>
			</ocrProcessingStep>
		</OCRProcessing>
	</Description>
	<Layout>
		<Page WIDTH="1109" HEIGHT="1806" PHYSICAL_IMG_NR="0" ID="page_0">
			<PrintSpace HPOS="0" VPOS="0" WIDTH="1109" HEIGHT="1806">
				<ComposedBlock ID="cblock_0" HPOS="188" VPOS="152" WIDTH="821" HEIGHT="26">
					<TextBlock ID="block_0" HPOS="188" VPOS="152" WIDTH="821" HEIGHT="26">
						<TextLine ID="line_0" HPOS="188" VPOS="152" WIDTH="821" HEIGHT="26">
							<String ID="string_0" HPOS="188" VPOS="152" WIDTH="41" HEIGHT="21" WC="0.96" CONTENT="514"/><SP WIDTH="140" VPOS="152" HPOS="229"/>
							<String ID="string_1" HPOS="369" VPOS="157" WIDTH="128" HEIGHT="21" WC="0.94" CONTENT="Kränkning"/><SP WIDTH="11" VPOS="157" HPOS="497"/>
							<String ID="string_2" HPOS="508" VPOS="158" WIDTH="24" HEIGHT="16" WC="0.92" CONTENT="af"/><SP WIDTH="8" VPOS="158" HPOS="532"/>
							<String ID="string_3" HPOS="540" VPOS="156" WIDTH="298" HEIGHT="22" WC="0.91" CONTENT="landtdagsmannarättighet."/><SP WIDTH="92" VPOS="156" HPOS="838"/>
							<String ID="string_4" HPOS="930" VPOS="156" WIDTH="23" HEIGHT="17" WC="0.95" CONTENT="81"/><SP WIDTH="12" VPOS="156" HPOS="953"/>
							<String ID="string_5" HPOS="965" VPOS="156" WIDTH="44" HEIGHT="17" WC="0.95" CONTENT="dec."/>
						</TextLine>
					</TextBlock>
				</ComposedBlock>
				<GraphicalElement ID="cblock_1" HPOS="187" VPOS="185" WIDTH="821" HEIGHT="4"></GraphicalElement >
				<ComposedBlock ID="cblock_2" HPOS="186" VPOS="224" WIDTH="824" HEIGHT="200">
					<TextBlock ID="block_1" HPOS="186" VPOS="224" WIDTH="824" HEIGHT="143">
						<TextLine ID="line_1" HPOS="187" VPOS="224" WIDTH="823" HEIGHT="29">
							<String ID="string_6" HPOS="187" VPOS="224" WIDTH="97" HEIGHT="29" WC="0.89" CONTENT="inbjudas"/><SP WIDTH="19" VPOS="224" HPOS="284"/>
							<String ID="string_7" HPOS="303" VPOS="228" WIDTH="32" HEIGHT="18" WC="0.96" CONTENT="att"/><SP WIDTH="20" VPOS="228" HPOS="335"/>
							<String ID="string_8" HPOS="355" VPOS="225" WIDTH="63" HEIGHT="21" WC="0.96" CONTENT="äfven"/><SP WIDTH="15" VPOS="225" HPOS="418"/>
							<String ID="string_9" HPOS="433" VPOS="225" WIDTH="27" HEIGHT="21" WC="0.93" CONTENT="de"/><SP WIDTH="16" VPOS="225" HPOS="460"/>
							<String ID="string_10" HPOS="476" VPOS="224" WIDTH="109" HEIGHT="29" WC="0.92" CONTENT="uppdraga"/><SP WIDTH="14" VPOS="224" HPOS="585"/>
							<String ID="string_11" HPOS="599" VPOS="224" WIDTH="22" HEIGHT="22" WC="0.96" CONTENT="åt"/><SP WIDTH="14" VPOS="224" HPOS="621"/>
							<String ID="string_12" HPOS="635" VPOS="225" WIDTH="46" HEIGHT="21" WC="0.93" CONTENT="sina"/><SP WIDTH="14" VPOS="225" HPOS="681"/>
							<String ID="string_13" HPOS="695" VPOS="224" WIDTH="78" HEIGHT="21" WC="0.92" CONTENT="talmän"/><SP WIDTH="15" VPOS="224" HPOS="773"/>
							<String ID="string_14" HPOS="788" VPOS="226" WIDTH="33" HEIGHT="20" WC="0.96" CONTENT="att"/><SP WIDTH="13" VPOS="226" HPOS="821"/>
							<String ID="string_15" HPOS="834" VPOS="224" WIDTH="38" HEIGHT="21" WC="0.92" CONTENT="hos"/><SP WIDTH="15" VPOS="224" HPOS="872"/>
							<String ID="string_16" HPOS="887" VPOS="224" WIDTH="123" HEIGHT="28" WC="0.92" CONTENT="generalgu-"/>
						</TextLine>
						<TextLine ID="line_2" HPOS="187" VPOS="252" WIDTH="821" HEIGHT="30">
							<String ID="string_17" HPOS="187" VPOS="255" WIDTH="102" HEIGHT="20" WC="0.91" CONTENT="vernören"/><SP WIDTH="14" VPOS="255" HPOS="289"/>
							<String ID="string_18" HPOS="303" VPOS="255" WIDTH="51" HEIGHT="27" WC="0.96" CONTENT="göra"/><SP WIDTH="14" VPOS="255" HPOS="354"/>
							<String ID="string_19" HPOS="368" VPOS="253" WIDTH="154" HEIGHT="29" WC="0.95" CONTENT="framställning"/><SP WIDTH="15" VPOS="253" HPOS="522"/>
							<String ID="string_20" HPOS="537" VPOS="253" WIDTH="80" HEIGHT="26" WC="0.87" CONTENT="därom;"/><SP WIDTH="9" VPOS="253" HPOS="617"/>
							<String ID="string_21" HPOS="626" VPOS="256" WIDTH="32" HEIGHT="18" WC="0.96" CONTENT="att"/><SP WIDTH="14" VPOS="256" HPOS="658"/>
							<String ID="string_22" HPOS="672" VPOS="252" WIDTH="75" HEIGHT="22" WC="0.96" CONTENT="sådant"/><SP WIDTH="15" VPOS="252" HPOS="747"/>
							<String ID="string_23" HPOS="762" VPOS="252" WIDTH="74" HEIGHT="22" WC="0.96" CONTENT="oskick"/><SP WIDTH="15" VPOS="252" HPOS="836"/>
							<String ID="string_24" HPOS="851" VPOS="252" WIDTH="34" HEIGHT="21" WC="0.95" CONTENT="för"/><SP WIDTH="11" VPOS="252" HPOS="885"/>
							<String ID="string_25" HPOS="896" VPOS="252" WIDTH="112" HEIGHT="21" WC="0.95" CONTENT="framtiden"/>
						</TextLine>
						<TextLine ID="line_3" HPOS="187" VPOS="280" WIDTH="822" HEIGHT="31">
							<String ID="string_26" HPOS="187" VPOS="282" WIDTH="48" HEIGHT="22" WC="0.96" CONTENT="från"/><SP WIDTH="21" VPOS="282" HPOS="235"/>
							<String ID="string_27" HPOS="256" VPOS="282" WIDTH="63" HEIGHT="29" WC="0.93" CONTENT="ryska"/><SP WIDTH="22" VPOS="282" HPOS="319"/>
							<String ID="string_28" HPOS="341" VPOS="282" WIDTH="165" HEIGHT="29" WC="0.91" CONTENT="gendarmeriets"/><SP WIDTH="22" VPOS="282" HPOS="506"/>
							<String ID="string_29" HPOS="528" VPOS="282" WIDTH="47" HEIGHT="22" WC="0.96" CONTENT="sida"/><SP WIDTH="22" VPOS="282" HPOS="575"/>
							<String ID="string_30" HPOS="597" VPOS="281" WIDTH="64" HEIGHT="22" WC="0.93" CONTENT="måtte"/><SP WIDTH="15" VPOS="281" HPOS="661"/>
							<String ID="string_31" HPOS="676" VPOS="281" WIDTH="147" HEIGHT="26" WC="0.92" CONTENT="förekommas,"/><SP WIDTH="15" VPOS="281" HPOS="823"/>
							<String ID="string_32" HPOS="838" VPOS="280" WIDTH="34" HEIGHT="22" WC="0.96" CONTENT="får"/><SP WIDTH="11" VPOS="280" HPOS="872"/>
							<String ID="string_33" HPOS="883" VPOS="281" WIDTH="37" HEIGHT="27" WC="0.96" CONTENT="jag"/><SP WIDTH="15" VPOS="281" HPOS="920"/>
							<String ID="string_34" HPOS="935" VPOS="280" WIDTH="74" HEIGHT="22" WC="0.96" CONTENT="endast"/>
						</TextLine>
						<TextLine ID="line_4" HPOS="186" VPOS="309" WIDTH="824" HEIGHT="30">
							<String ID="string_35" HPOS="186" VPOS="310" WIDTH="79" HEIGHT="22" WC="0.96" CONTENT="föreslå"/><SP WIDTH="14" VPOS="310" HPOS="265"/>
							<String ID="string_36" HPOS="279" VPOS="310" WIDTH="65" HEIGHT="22" WC="0.96" CONTENT="sådan"/><SP WIDTH="15" VPOS="310" HPOS="344"/>
							<String ID="string_37" HPOS="359" VPOS="310" WIDTH="122" HEIGHT="29" WC="0.96" CONTENT="förändring"/><SP WIDTH="15" VPOS="310" HPOS="481"/>
							<String ID="string_38" HPOS="496" VPOS="312" WIDTH="8" HEIGHT="20" WC="0.96" CONTENT="i"/><SP WIDTH="16" VPOS="312" HPOS="504"/>
							<String ID="string_39" HPOS="520" VPOS="311" WIDTH="25" HEIGHT="21" WC="0.96" CONTENT="hr"/><SP WIDTH="12" VPOS="311" HPOS="545"/>
							<String ID="string_40" HPOS="557" VPOS="311" WIDTH="100" HEIGHT="21" WC="0.96" CONTENT="Janssons"/><SP WIDTH="10" VPOS="311" HPOS="657"/>
							<String ID="string_41" HPOS="667" VPOS="310" WIDTH="85" HEIGHT="28" WC="0.95" CONTENT="förslag,"/><SP WIDTH="13" VPOS="310" HPOS="752"/>
							<String ID="string_42" HPOS="765" VPOS="313" WIDTH="32" HEIGHT="18" WC="0.96" CONTENT="att"/><SP WIDTH="10" VPOS="313" HPOS="797"/>
							<String ID="string_43" HPOS="807" VPOS="310" WIDTH="69" HEIGHT="21" WC="0.93" CONTENT="denna"/><SP WIDTH="9" VPOS="310" HPOS="876"/>
							<String ID="string_44" HPOS="885" VPOS="309" WIDTH="125" HEIGHT="29" WC="0.92" CONTENT="inbjudning"/>
						</TextLine>
						<TextLine ID="line_5" HPOS="187" VPOS="339" WIDTH="822" HEIGHT="28">
							<String ID="string_45" HPOS="187" VPOS="340" WIDTH="32" HEIGHT="21" WC="0.83" CONTENT="till"/><SP WIDTH="22" VPOS="340" HPOS="219"/>
							<String ID="string_46" HPOS="241" VPOS="340" WIDTH="139" HEIGHT="21" WC="0.92" CONTENT="medstånden"/><SP WIDTH="21" VPOS="340" HPOS="380"/>
							<String ID="string_47" HPOS="401" VPOS="339" WIDTH="48" HEIGHT="21" WC="0.96" CONTENT="icke"/><SP WIDTH="20" VPOS="339" HPOS="449"/>
							<String ID="string_48" HPOS="469" VPOS="339" WIDTH="67" HEIGHT="22" WC="0.96" CONTENT="skulle"/><SP WIDTH="23" VPOS="339" HPOS="536"/>
							<String ID="string_49" HPOS="559" VPOS="340" WIDTH="38" HEIGHT="21" WC="0.96" CONTENT="ske"/><SP WIDTH="22" VPOS="340" HPOS="597"/>
							<String ID="string_50" HPOS="619" VPOS="346" WIDTH="75" HEIGHT="21" WC="0.93" CONTENT="genom"/><SP WIDTH="22" VPOS="346" HPOS="694"/>
							<String ID="string_51" HPOS="716" VPOS="339" WIDTH="124" HEIGHT="28" WC="0.90" CONTENT="deputation"/><SP WIDTH="23" VPOS="339" HPOS="840"/>
							<String ID="string_52" HPOS="863" VPOS="341" WIDTH="49" HEIGHT="19" WC="0.96" CONTENT="utan"/><SP WIDTH="21" VPOS="341" HPOS="912"/>
							<String ID="string_53" HPOS="933" VPOS="345" WIDTH="76" HEIGHT="21" WC="0.95" CONTENT="genom"/>
						</TextLine>
					</TextBlock>
					<TextBlock ID="block_2" HPOS="187" VPOS="366" WIDTH="822" HEIGHT="58">
						<TextLine ID="line_6" HPOS="203" VPOS="366" WIDTH="806" HEIGHT="30">
							<String ID="string_54" HPOS="203" VPOS="368" WIDTH="182" HEIGHT="28" WC="0.91" CONTENT="rotokollsutdrag,"/><SP WIDTH="21" VPOS="368" HPOS="385"/>
							<String ID="string_55" HPOS="406" VPOS="375" WIDTH="44" HEIGHT="15" WC="0.93" CONTENT="som"/><SP WIDTH="21" VPOS="375" HPOS="450"/>
							<String ID="string_56" HPOS="471" VPOS="368" WIDTH="173" HEIGHT="22" WC="0.89" CONTENT="fordersammast"/><SP WIDTH="21" VPOS="368" HPOS="644"/>
							<String ID="string_57" HPOS="665" VPOS="367" WIDTH="67" HEIGHT="21" WC="0.95" CONTENT="skulle"/><SP WIDTH="15" VPOS="367" HPOS="732"/>
							<String ID="string_58" HPOS="747" VPOS="367" WIDTH="125" HEIGHT="29" WC="0.96" CONTENT="expedieras"/><SP WIDTH="14" VPOS="367" HPOS="872"/>
							<String ID="string_59" HPOS="886" VPOS="366" WIDTH="40" HEIGHT="22" WC="0.96" CONTENT="och"/><SP WIDTH="15" VPOS="366" HPOS="926"/>
							<String ID="string_60" HPOS="941" VPOS="366" WIDTH="68" HEIGHT="22" WC="0.96" CONTENT="såsom"/>
						</TextLine>
						<TextLine ID="line_7" HPOS="187" VPOS="376" WIDTH="562" HEIGHT="48">
							<String ID="string_61" HPOS="187" VPOS="376" WIDTH="134" HEIGHT="42" WC="0.94" CONTENT="brådskande"/><SP WIDTH="15" VPOS="376" HPOS="321"/>
							<String ID="string_62" HPOS="336" VPOS="396" WIDTH="105" HEIGHT="22" WC="0.92" CONTENT="tillställas"/><SP WIDTH="15" VPOS="396" HPOS="441"/>
							<String ID="string_63" HPOS="456" VPOS="397" WIDTH="139" HEIGHT="21" WC="0.91" CONTENT="medstånden"/><SP WIDTH="15" VPOS="397" HPOS="595"/>
							<String ID="string_64" HPOS="610" VPOS="398" WIDTH="53" HEIGHT="20" WC="0.96" CONTENT="ännu"/><SP WIDTH="16" VPOS="398" HPOS="663"/>
							<String ID="string_65" HPOS="679" VPOS="396" WIDTH="7" HEIGHT="21" WC="0.96" CONTENT="i"/><SP WIDTH="15" VPOS="396" HPOS="686"/>
							<String ID="string_66" HPOS="701" VPOS="396" WIDTH="48" HEIGHT="28" WC="0.96" CONTENT="dag."/>
						</TextLine>
					</TextBlock>
				</ComposedBlock>
				<ComposedBlock ID="cblock_3" HPOS="188" VPOS="463" WIDTH="824" HEIGHT="88">
					<TextBlock ID="block_3" HPOS="188" VPOS="463" WIDTH="824" HEIGHT="88">
						<TextLine ID="line_8" HPOS="255" VPOS="463" WIDTH="756" HEIGHT="31">
							<String ID="string_67" HPOS="255" VPOS="465" WIDTH="36" HEIGHT="22" WC="0.92" CONTENT="Hr"/><SP WIDTH="13" VPOS="465" HPOS="291"/>
							<String ID="string_68" HPOS="304" VPOS="465" WIDTH="159" HEIGHT="28" WC="0.90" CONTENT="Ignatius:"/><SP WIDTH="30" VPOS="465" HPOS="463"/>
							<String ID="string_69" HPOS="493" VPOS="464" WIDTH="41" HEIGHT="30" WC="0.96" CONTENT="Jag"/><SP WIDTH="23" VPOS="464" HPOS="534"/>
							<String ID="string_70" HPOS="557" VPOS="465" WIDTH="37" HEIGHT="22" WC="0.96" CONTENT="ber"/><SP WIDTH="22" VPOS="465" HPOS="594"/>
							<String ID="string_71" HPOS="616" VPOS="464" WIDTH="22" HEIGHT="22" WC="0.93" CONTENT="få"/><SP WIDTH="22" VPOS="464" HPOS="638"/>
							<String ID="string_72" HPOS="660" VPOS="464" WIDTH="128" HEIGHT="22" WC="0.92" CONTENT="understöda"/><SP WIDTH="14" VPOS="464" HPOS="788"/>
							<String ID="string_73" HPOS="802" VPOS="464" WIDTH="26" HEIGHT="22" WC="0.93" CONTENT="hr"/><SP WIDTH="15" VPOS="464" HPOS="828"/>
							<String ID="string_74" HPOS="843" VPOS="464" WIDTH="127" HEIGHT="22" WC="0.92" CONTENT="Lundenius."/><SP WIDTH="28" VPOS="464" HPOS="970"/>
							<String ID="string_75" HPOS="998" VPOS="463" WIDTH="13" HEIGHT="22" WC="0.91" CONTENT="1"/>
						</TextLine>
						<TextLine ID="line_9" HPOS="188" VPOS="493" WIDTH="824" HEIGHT="29">
							<String ID="string_76" HPOS="188" VPOS="494" WIDTH="103" HEIGHT="21" WC="0.92" CONTENT="anseende"/><SP WIDTH="21" VPOS="494" HPOS="291"/>
							<String ID="string_77" HPOS="312" VPOS="494" WIDTH="33" HEIGHT="21" WC="0.96" CONTENT="till"/><SP WIDTH="15" VPOS="494" HPOS="345"/>
							<String ID="string_78" HPOS="360" VPOS="494" WIDTH="41" HEIGHT="21" WC="0.93" CONTENT="den"/><SP WIDTH="16" VPOS="494" HPOS="401"/>
							<String ID="string_79" HPOS="417" VPOS="494" WIDTH="57" HEIGHT="28" WC="0.93" CONTENT="längt"/><SP WIDTH="14" VPOS="494" HPOS="474"/>
							<String ID="string_80" HPOS="488" VPOS="493" WIDTH="142" HEIGHT="22" WC="0.90" CONTENT="framskridna"/><SP WIDTH="14" VPOS="493" HPOS="630"/>
							<String ID="string_81" HPOS="644" VPOS="493" WIDTH="58" HEIGHT="22" WC="0.96" CONTENT="tiden"/><SP WIDTH="15" VPOS="493" HPOS="702"/>
							<String ID="string_82" HPOS="717" VPOS="493" WIDTH="60" HEIGHT="22" WC="0.96" CONTENT="torde"/><SP WIDTH="14" VPOS="493" HPOS="777"/>
							<String ID="string_83" HPOS="791" VPOS="493" WIDTH="38" HEIGHT="22" WC="0.96" CONTENT="det"/><SP WIDTH="14" VPOS="493" HPOS="829"/>
							<String ID="string_84" HPOS="843" VPOS="501" WIDTH="51" HEIGHT="14" WC="0.96" CONTENT="vara"/><SP WIDTH="12" VPOS="501" HPOS="894"/>
							<String ID="string_85" HPOS="906" VPOS="493" WIDTH="37" HEIGHT="22" WC="0.93" CONTENT="det"/><SP WIDTH="14" VPOS="493" HPOS="943"/>
							<String ID="string_86" HPOS="957" VPOS="493" WIDTH="55" HEIGHT="21" WC="0.92" CONTENT="enda"/>
						</TextLine>
						<TextLine ID="line_10" HPOS="188" VPOS="522" WIDTH="589" HEIGHT="29">
							<String ID="string_87" HPOS="188" VPOS="523" WIDTH="110" HEIGHT="28" WC="0.96" CONTENT="praktiska"/><SP WIDTH="15" VPOS="523" HPOS="298"/>
							<String ID="string_88" HPOS="313" VPOS="525" WIDTH="46" HEIGHT="24" WC="0.96" CONTENT="sätt,"/><SP WIDTH="16" VPOS="525" HPOS="359"/>
							<String ID="string_89" HPOS="375" VPOS="530" WIDTH="44" HEIGHT="14" WC="0.96" CONTENT="som"/><SP WIDTH="16" VPOS="530" HPOS="419"/>
							<String ID="string_90" HPOS="435" VPOS="523" WIDTH="41" HEIGHT="21" WC="0.96" CONTENT="kan"/><SP WIDTH="16" VPOS="523" HPOS="476"/>
							<String ID="string_91" HPOS="492" VPOS="523" WIDTH="84" HEIGHT="20" WC="0.96" CONTENT="komma"/><SP WIDTH="14" VPOS="523" HPOS="576"/>
							<String ID="string_92" HPOS="590" VPOS="522" WIDTH="33" HEIGHT="21" WC="0.96" CONTENT="till"/><SP WIDTH="14" VPOS="522" HPOS="623"/>
							<String ID="string_93" HPOS="637" VPOS="522" WIDTH="140" HEIGHT="27" WC="0.96" CONTENT="användning."/>
						</TextLine>
					</TextBlock>
				</ComposedBlock>
				<ComposedBlock ID="cblock_4" HPOS="188" VPOS="590" WIDTH="823" HEIGHT="80">
					<TextBlock ID="block_4" HPOS="188" VPOS="590" WIDTH="823" HEIGHT="80">
						<TextLine ID="line_11" HPOS="256" VPOS="590" WIDTH="754" HEIGHT="29">
							<String ID="string_94" HPOS="256" VPOS="591" WIDTH="35" HEIGHT="21" WC="0.96" CONTENT="Hr"/><SP WIDTH="14" VPOS="591" HPOS="291"/>
							<String ID="string_95" HPOS="305" VPOS="591" WIDTH="144" HEIGHT="22" WC="0.95" CONTENT="Renvall:"/><SP WIDTH="30" VPOS="591" HPOS="449"/>
							<String ID="string_96" HPOS="479" VPOS="591" WIDTH="88" HEIGHT="28" WC="0.96" CONTENT="Pyydän"/><SP WIDTH="14" VPOS="591" HPOS="567"/>
							<String ID="string_97" HPOS="581" VPOS="590" WIDTH="65" HEIGHT="22" WC="0.96" CONTENT="saada"/><SP WIDTH="13" VPOS="590" HPOS="646"/>
							<String ID="string_98" HPOS="659" VPOS="590" WIDTH="114" HEIGHT="23" WC="0.96" CONTENT="kannattaa"/><SP WIDTH="10" VPOS="590" HPOS="773"/>
							<String ID="string_99" HPOS="783" VPOS="591" WIDTH="38" HEIGHT="22" WC="0.96" CONTENT="hra"/><SP WIDTH="10" VPOS="591" HPOS="821"/>
							<String ID="string_100" HPOS="831" VPOS="590" WIDTH="111" HEIGHT="22" WC="0.93" CONTENT="Janssonin"/><SP WIDTH="10" VPOS="590" HPOS="942"/>
							<String ID="string_101" HPOS="952" VPOS="590" WIDTH="58" HEIGHT="21" WC="0.93" CONTENT="teke-"/>
						</TextLine>
						<TextLine ID="line_12" HPOS="188" VPOS="619" WIDTH="823" HEIGHT="29">
							<String ID="string_102" HPOS="188" VPOS="621" WIDTH="47" HEIGHT="21" WC="0.95" CONTENT="mää"/><SP WIDTH="15" VPOS="621" HPOS="235"/>
							<String ID="string_103" HPOS="250" VPOS="619" WIDTH="117" HEIGHT="22" WC="0.96" CONTENT="ehdotusta."/><SP WIDTH="29" VPOS="619" HPOS="367"/>
							<String ID="string_104" HPOS="396" VPOS="620" WIDTH="56" HEIGHT="28" WC="0.90" CONTENT="Ajan"/><SP WIDTH="15" VPOS="620" HPOS="452"/>
							<String ID="string_105" HPOS="467" VPOS="619" WIDTH="152" HEIGHT="22" WC="0.96" CONTENT="voittamiseksi"/><SP WIDTH="15" VPOS="619" HPOS="619"/>
							<String ID="string_106" HPOS="634" VPOS="620" WIDTH="47" HEIGHT="21" WC="0.96" CONTENT="olisi"/><SP WIDTH="16" VPOS="620" HPOS="681"/>
							<String ID="string_107" HPOS="697" VPOS="619" WIDTH="118" HEIGHT="22" WC="0.96" CONTENT="mielestäni"/><SP WIDTH="14" VPOS="619" HPOS="815"/>
							<String ID="string_108" HPOS="829" VPOS="620" WIDTH="45" HEIGHT="21" WC="0.96" CONTENT="asia"/><SP WIDTH="10" VPOS="620" HPOS="874"/>
							<String ID="string_109" HPOS="884" VPOS="619" WIDTH="47" HEIGHT="21" WC="0.96" CONTENT="sillä"/><SP WIDTH="7" VPOS="619" HPOS="931"/>
							<String ID="string_110" HPOS="938" VPOS="619" WIDTH="73" HEIGHT="22" WC="0.96" CONTENT="tavoin"/>
						</TextLine>
						<TextLine ID="line_13" HPOS="189" VPOS="649" WIDTH="143" HEIGHT="21">
							<String ID="string_111" HPOS="189" VPOS="649" WIDTH="143" HEIGHT="21" WC="0.96" CONTENT="suoritettava."/>
						</TextLine>
					</TextBlock>
				</ComposedBlock>
				<ComposedBlock ID="cblock_5" HPOS="188" VPOS="716" WIDTH="824" HEIGHT="57">
					<TextBlock ID="block_5" HPOS="188" VPOS="716" WIDTH="824" HEIGHT="57">
						<TextLine ID="line_14" HPOS="257" VPOS="716" WIDTH="755" HEIGHT="29">
							<String ID="string_112" HPOS="257" VPOS="716" WIDTH="34" HEIGHT="22" WC="0.93" CONTENT="Hr"/><SP WIDTH="22" VPOS="716" HPOS="291"/>
							<String ID="string_113" HPOS="313" VPOS="716" WIDTH="107" HEIGHT="22" WC="0.92" CONTENT="Spoof:"/><SP WIDTH="30" VPOS="716" HPOS="420"/>
							<String ID="string_114" HPOS="450" VPOS="717" WIDTH="114" HEIGHT="21" WC="0.96" CONTENT="Niinikään"/><SP WIDTH="24" VPOS="717" HPOS="564"/>
							<String ID="string_115" HPOS="588" VPOS="717" WIDTH="55" HEIGHT="21" WC="0.96" CONTENT="minä"/><SP WIDTH="22" VPOS="717" HPOS="643"/>
							<String ID="string_116" HPOS="665" VPOS="717" WIDTH="84" HEIGHT="28" WC="0.96" CONTENT="pyydän"/><SP WIDTH="16" VPOS="717" HPOS="749"/>
							<String ID="string_117" HPOS="765" VPOS="717" WIDTH="65" HEIGHT="21" WC="0.96" CONTENT="saada"/><SP WIDTH="16" VPOS="717" HPOS="830"/>
							<String ID="string_118" HPOS="846" VPOS="717" WIDTH="114" HEIGHT="21" WC="0.96" CONTENT="kannattaa"/><SP WIDTH="14" VPOS="717" HPOS="960"/>
							<String ID="string_119" HPOS="974" VPOS="717" WIDTH="38" HEIGHT="21" WC="0.96" CONTENT="hra"/>
						</TextLine>
						<TextLine ID="line_15" HPOS="188" VPOS="745" WIDTH="401" HEIGHT="28">
							<String ID="string_120" HPOS="188" VPOS="745" WIDTH="112" HEIGHT="22" WC="0.96" CONTENT="Janssonin"/><SP WIDTH="15" VPOS="745" HPOS="300"/>
							<String ID="string_121" HPOS="315" VPOS="745" WIDTH="140" HEIGHT="28" WC="0.96" CONTENT="alkuperäistä"/><SP WIDTH="16" VPOS="745" HPOS="455"/>
							<String ID="string_122" HPOS="471" VPOS="745" WIDTH="118" HEIGHT="21" WC="0.96" CONTENT="ehdotusta."/>
						</TextLine>
					</TextBlock>
				</ComposedBlock>
				<ComposedBlock ID="cblock_6" HPOS="258" VPOS="813" WIDTH="630" HEIGHT="27">
					<TextBlock ID="block_6" HPOS="258" VPOS="813" WIDTH="630" HEIGHT="27">
						<TextLine ID="line_16" HPOS="258" VPOS="813" WIDTH="630" HEIGHT="27">
							<String ID="string_123" HPOS="258" VPOS="813" WIDTH="71" HEIGHT="22" WC="0.93" CONTENT="Sedan"/><SP WIDTH="15" VPOS="813" HPOS="329"/>
							<String ID="string_124" HPOS="344" VPOS="813" WIDTH="144" HEIGHT="21" WC="0.91" CONTENT="diskussionen"/><SP WIDTH="16" VPOS="813" HPOS="488"/>
							<String ID="string_125" HPOS="504" VPOS="813" WIDTH="114" HEIGHT="22" WC="0.92" CONTENT="förklarats"/><SP WIDTH="15" VPOS="813" HPOS="618"/>
							<String ID="string_126" HPOS="633" VPOS="813" WIDTH="98" HEIGHT="27" WC="0.93" CONTENT="afslutad,"/><SP WIDTH="16" VPOS="813" HPOS="731"/>
							<String ID="string_127" HPOS="747" VPOS="813" WIDTH="71" HEIGHT="21" WC="0.92" CONTENT="anhöll"/><SP WIDTH="15" VPOS="813" HPOS="818"/>
							<String ID="string_128" HPOS="833" VPOS="815" WIDTH="55" HEIGHT="19" WC="0.96" CONTENT="ännu"/>
						</TextLine>
					</TextBlock>
				</ComposedBlock>
				<ComposedBlock ID="cblock_7" HPOS="188" VPOS="875" WIDTH="824" HEIGHT="116">
					<TextBlock ID="block_7" HPOS="188" VPOS="875" WIDTH="824" HEIGHT="116">
						<TextLine ID="line_17" HPOS="258" VPOS="875" WIDTH="753" HEIGHT="30">
							<String ID="string_129" HPOS="258" VPOS="876" WIDTH="25" HEIGHT="21" WC="0.96" CONTENT="hr"/><SP WIDTH="14" VPOS="876" HPOS="283"/>
							<String ID="string_130" HPOS="297" VPOS="876" WIDTH="147" HEIGHT="29" WC="0.96" CONTENT="Bergman"/><SP WIDTH="15" VPOS="876" HPOS="444"/>
							<String ID="string_131" HPOS="459" VPOS="883" WIDTH="34" HEIGHT="14" WC="0.93" CONTENT="om"/><SP WIDTH="13" VPOS="883" HPOS="493"/>
							<String ID="string_132" HPOS="506" VPOS="876" WIDTH="61" HEIGHT="21" WC="0.92" CONTENT="ordet"/><SP WIDTH="10" VPOS="876" HPOS="567"/>
							<String ID="string_133" HPOS="577" VPOS="876" WIDTH="39" HEIGHT="21" WC="0.93" CONTENT="och"/><SP WIDTH="13" VPOS="876" HPOS="616"/>
							<String ID="string_134" HPOS="629" VPOS="875" WIDTH="93" HEIGHT="28" WC="0.92" CONTENT="yttrade:"/><SP WIDTH="21" VPOS="875" HPOS="722"/>
							<String ID="string_135" HPOS="743" VPOS="875" WIDTH="56" HEIGHT="22" WC="0.92" CONTENT="Före"/><SP WIDTH="10" VPOS="875" HPOS="799"/>
							<String ID="string_136" HPOS="809" VPOS="876" WIDTH="37" HEIGHT="21" WC="0.93" CONTENT="det"/><SP WIDTH="10" VPOS="876" HPOS="846"/>
							<String ID="string_137" HPOS="856" VPOS="876" WIDTH="155" HEIGHT="27" WC="0.93" CONTENT="omröstningen"/>
						</TextLine>
						<TextLine ID="line_18" HPOS="190" VPOS="904" WIDTH="820" HEIGHT="29">
							<String ID="string_138" HPOS="190" VPOS="905" WIDTH="101" HEIGHT="28" WC="0.92" CONTENT="vidtager,"/><SP WIDTH="15" VPOS="905" HPOS="291"/>
							<String ID="string_139" HPOS="306" VPOS="912" WIDTH="49" HEIGHT="14" WC="0.93" CONTENT="vore"/><SP WIDTH="16" VPOS="912" HPOS="355"/>
							<String ID="string_140" HPOS="371" VPOS="905" WIDTH="37" HEIGHT="21" WC="0.93" CONTENT="det"/><SP WIDTH="14" VPOS="905" HPOS="408"/>
							<String ID="string_141" HPOS="422" VPOS="904" WIDTH="80" HEIGHT="22" WC="0.92" CONTENT="kanske"/><SP WIDTH="21" VPOS="904" HPOS="502"/>
							<String ID="string_142" HPOS="523" VPOS="907" WIDTH="55" HEIGHT="19" WC="0.96" CONTENT="ännu"/><SP WIDTH="15" VPOS="907" HPOS="578"/>
							<String ID="string_143" HPOS="593" VPOS="905" WIDTH="52" HEIGHT="27" WC="0.92" CONTENT="skäl,"/><SP WIDTH="16" VPOS="905" HPOS="645"/>
							<String ID="string_144" HPOS="661" VPOS="907" WIDTH="32" HEIGHT="19" WC="0.93" CONTENT="att"/><SP WIDTH="14" VPOS="907" HPOS="693"/>
							<String ID="string_145" HPOS="707" VPOS="905" WIDTH="84" HEIGHT="21" WC="0.92" CONTENT="ständet"/><SP WIDTH="15" VPOS="905" HPOS="791"/>
							<String ID="string_146" HPOS="806" VPOS="905" WIDTH="58" HEIGHT="28" WC="0.93" CONTENT="finge"/><SP WIDTH="15" VPOS="905" HPOS="864"/>
							<String ID="string_147" HPOS="879" VPOS="907" WIDTH="31" HEIGHT="19" WC="0.93" CONTENT="ett"/><SP WIDTH="15" VPOS="907" HPOS="910"/>
							<String ID="string_148" HPOS="925" VPOS="904" WIDTH="85" HEIGHT="21" WC="0.92" CONTENT="medde-"/>
						</TextLine>
						<TextLine ID="line_19" HPOS="188" VPOS="933" WIDTH="824" HEIGHT="29">
							<String ID="string_149" HPOS="188" VPOS="933" WIDTH="62" HEIGHT="22" WC="0.95" CONTENT="lande"/><SP WIDTH="23" VPOS="933" HPOS="250"/>
							<String ID="string_150" HPOS="273" VPOS="941" WIDTH="40" HEIGHT="19" WC="0.96" CONTENT="om,"/><SP WIDTH="15" VPOS="941" HPOS="313"/>
							<String ID="string_151" HPOS="328" VPOS="933" WIDTH="52" HEIGHT="21" WC="0.93" CONTENT="huru"/><SP WIDTH="22" VPOS="933" HPOS="380"/>
							<String ID="string_152" HPOS="402" VPOS="933" WIDTH="49" HEIGHT="28" WC="0.96" CONTENT="lång"/><SP WIDTH="22" VPOS="933" HPOS="451"/>
							<String ID="string_153" HPOS="473" VPOS="933" WIDTH="31" HEIGHT="22" WC="0.96" CONTENT="tid"/><SP WIDTH="16" VPOS="933" HPOS="504"/>
							<String ID="string_154" HPOS="520" VPOS="933" WIDTH="37" HEIGHT="22" WC="0.96" CONTENT="det"/><SP WIDTH="14" VPOS="933" HPOS="557"/>
							<String ID="string_155" HPOS="571" VPOS="934" WIDTH="42" HEIGHT="21" WC="0.93" CONTENT="kan"/><SP WIDTH="14" VPOS="934" HPOS="613"/>
							<String ID="string_156" HPOS="627" VPOS="937" WIDTH="50" HEIGHT="24" WC="0.96" CONTENT="taga"/><SP WIDTH="15" VPOS="937" HPOS="677"/>
							<String ID="string_157" HPOS="692" VPOS="936" WIDTH="31" HEIGHT="18" WC="0.73" CONTENT="att"/><SP WIDTH="12" VPOS="936" HPOS="723"/>
							<String ID="string_158" HPOS="735" VPOS="933" WIDTH="23" HEIGHT="21" WC="0.96" CONTENT="få"/><SP WIDTH="15" VPOS="933" HPOS="758"/>
							<String ID="string_159" HPOS="773" VPOS="936" WIDTH="31" HEIGHT="19" WC="0.93" CONTENT="ett"/><SP WIDTH="15" VPOS="936" HPOS="804"/>
							<String ID="string_160" HPOS="819" VPOS="933" WIDTH="193" HEIGHT="29" WC="0.91" CONTENT="protokollsutdrag"/>
						</TextLine>
						<TextLine ID="line_20" HPOS="189" VPOS="962" WIDTH="142" HEIGHT="29">
							<String ID="string_161" HPOS="189" VPOS="962" WIDTH="142" HEIGHT="29" WC="0.91" CONTENT="expedieradt."/>
						</TextLine>
					</TextBlock>
				</ComposedBlock>
				<ComposedBlock ID="cblock_8" HPOS="189" VPOS="1023" WIDTH="822" HEIGHT="87">
					<TextBlock ID="block_8" HPOS="189" VPOS="1023" WIDTH="822" HEIGHT="87">
						<TextLine ID="line_21" HPOS="258" VPOS="1023" WIDTH="753" HEIGHT="30">
							<String ID="string_162" HPOS="258" VPOS="1023" WIDTH="69" HEIGHT="23" WC="0.96" CONTENT="Sedan"/><SP WIDTH="16" VPOS="1023" HPOS="327"/>
							<String ID="string_163" HPOS="343" VPOS="1024" WIDTH="26" HEIGHT="21" WC="0.93" CONTENT="hr"/><SP WIDTH="14" VPOS="1024" HPOS="369"/>
							<String ID="string_164" HPOS="383" VPOS="1024" WIDTH="164" HEIGHT="22" WC="0.92" CONTENT="talmannen"/><SP WIDTH="11" VPOS="1024" HPOS="547"/>
							<String ID="string_165" HPOS="558" VPOS="1025" WIDTH="90" HEIGHT="28" WC="0.91" CONTENT="upplyst,"/><SP WIDTH="10" VPOS="1025" HPOS="648"/>
							<String ID="string_166" HPOS="658" VPOS="1027" WIDTH="32" HEIGHT="18" WC="0.93" CONTENT="att"/><SP WIDTH="11" VPOS="1027" HPOS="690"/>
							<String ID="string_167" HPOS="701" VPOS="1025" WIDTH="70" HEIGHT="21" WC="0.91" CONTENT="härtill"/><SP WIDTH="10" VPOS="1025" HPOS="771"/>
							<String ID="string_168" HPOS="781" VPOS="1024" WIDTH="66" HEIGHT="29" WC="0.93" CONTENT="enligt"/><SP WIDTH="9" VPOS="1024" HPOS="847"/>
							<String ID="string_169" HPOS="856" VPOS="1024" WIDTH="155" HEIGHT="22" WC="0.90" CONTENT="sekreterarens"/>
						</TextLine>
						<TextLine ID="line_22" HPOS="189" VPOS="1053" WIDTH="821" HEIGHT="29">
							<String ID="string_170" HPOS="189" VPOS="1053" WIDTH="85" HEIGHT="29" WC="0.87" CONTENT="uppgift"/><SP WIDTH="21" VPOS="1053" HPOS="274"/>
							<String ID="string_171" HPOS="295" VPOS="1053" WIDTH="84" HEIGHT="21" WC="0.87" CONTENT="komme"/><SP WIDTH="22" VPOS="1053" HPOS="379"/>
							<String ID="string_172" HPOS="401" VPOS="1055" WIDTH="32" HEIGHT="19" WC="0.93" CONTENT="att"/><SP WIDTH="14" VPOS="1055" HPOS="433"/>
							<String ID="string_173" HPOS="447" VPOS="1053" WIDTH="49" HEIGHT="28" WC="0.92" CONTENT="ätgä"/><SP WIDTH="18" VPOS="1053" HPOS="496"/>
							<String ID="string_174" HPOS="514" VPOS="1053" WIDTH="63" HEIGHT="28" WC="0.91" CONTENT="högst"/><SP WIDTH="14" VPOS="1053" HPOS="577"/>
							<String ID="string_175" HPOS="591" VPOS="1061" WIDTH="26" HEIGHT="13" WC="0.97" CONTENT="en"/><SP WIDTH="14" VPOS="1061" HPOS="617"/>
							<String ID="string_176" HPOS="631" VPOS="1053" WIDTH="46" HEIGHT="21" WC="0.96" CONTENT="half"/><SP WIDTH="14" VPOS="1053" HPOS="677"/>
							<String ID="string_177" HPOS="691" VPOS="1054" WIDTH="80" HEIGHT="25" WC="0.93" CONTENT="timme,"/><SP WIDTH="14" VPOS="1054" HPOS="771"/>
							<String ID="string_178" HPOS="785" VPOS="1053" WIDTH="131" HEIGHT="21" WC="0.92" CONTENT="framställde"/><SP WIDTH="15" VPOS="1053" HPOS="916"/>
							<String ID="string_179" HPOS="931" VPOS="1053" WIDTH="25" HEIGHT="20" WC="0.93" CONTENT="hr"/><SP WIDTH="15" VPOS="1053" HPOS="956"/>
							<String ID="string_180" HPOS="971" VPOS="1053" WIDTH="39" HEIGHT="21" WC="0.93" CONTENT="tal-"/>
						</TextLine>
						<TextLine ID="line_23" HPOS="189" VPOS="1081" WIDTH="795" HEIGHT="29">
							<String ID="string_181" HPOS="189" VPOS="1089" WIDTH="88" HEIGHT="14" WC="0.93" CONTENT="mannen"/><SP WIDTH="14" VPOS="1089" HPOS="277"/>
							<String ID="string_182" HPOS="291" VPOS="1081" WIDTH="34" HEIGHT="22" WC="0.93" CONTENT="till"/><SP WIDTH="14" VPOS="1081" HPOS="325"/>
							<String ID="string_183" HPOS="339" VPOS="1081" WIDTH="94" HEIGHT="22" WC="0.92" CONTENT="ständets"/><SP WIDTH="15" VPOS="1081" HPOS="433"/>
							<String ID="string_184" HPOS="448" VPOS="1081" WIDTH="130" HEIGHT="22" WC="0.92" CONTENT="besvarande"/><SP WIDTH="15" VPOS="1081" HPOS="578"/>
							<String ID="string_185" HPOS="593" VPOS="1081" WIDTH="93" HEIGHT="29" WC="0.93" CONTENT="följande"/><SP WIDTH="15" VPOS="1081" HPOS="686"/>
							<String ID="string_186" HPOS="701" VPOS="1081" WIDTH="283" HEIGHT="29" WC="0.92" CONTENT="omröstningsproposition"/><SP WIDTH="-11" VPOS="1081" HPOS="984"/>
							<String ID="string_187" HPOS="973" VPOS="1077" WIDTH="14" HEIGHT="38" WC="0.92" CONTENT=":"/>
						</TextLine>
					</TextBlock>
				</ComposedBlock>
				<ComposedBlock ID="cblock_9" HPOS="188" VPOS="1143" WIDTH="822" HEIGHT="116">
					<TextBlock ID="block_9" HPOS="188" VPOS="1143" WIDTH="822" HEIGHT="59">
						<TextLine ID="line_24" HPOS="258" VPOS="1143" WIDTH="752" HEIGHT="30">
							<String ID="string_188" HPOS="258" VPOS="1145" WIDTH="39" HEIGHT="27" WC="0.93" CONTENT="De,"/><SP WIDTH="15" VPOS="1145" HPOS="297"/>
							<String ID="string_189" HPOS="312" VPOS="1145" WIDTH="75" HEIGHT="21" WC="0.96" CONTENT="hvilka"/><SP WIDTH="13" VPOS="1145" HPOS="387"/>
							<String ID="string_190" HPOS="400" VPOS="1145" WIDTH="117" HEIGHT="28" WC="0.96" CONTENT="godkänna"/><SP WIDTH="15" VPOS="1145" HPOS="517"/>
							<String ID="string_191" HPOS="532" VPOS="1145" WIDTH="27" HEIGHT="21" WC="0.96" CONTENT="hr"/><SP WIDTH="10" VPOS="1145" HPOS="559"/>
							<String ID="string_192" HPOS="569" VPOS="1145" WIDTH="76" HEIGHT="22" WC="0.69" CONTENT="Julius"/><SP WIDTH="10" VPOS="1145" HPOS="645"/>
							<String ID="string_193" HPOS="655" VPOS="1145" WIDTH="109" HEIGHT="21" WC="0.96" CONTENT="Janssons"/><SP WIDTH="9" VPOS="1145" HPOS="764"/>
							<String ID="string_194" HPOS="773" VPOS="1144" WIDTH="169" HEIGHT="28" WC="0.92" CONTENT="framställning"/><SP WIDTH="11" VPOS="1144" HPOS="942"/>
							<String ID="string_195" HPOS="953" VPOS="1143" WIDTH="57" HEIGHT="28" WC="0.89" CONTENT="oför-"/>
						</TextLine>
						<TextLine ID="line_25" HPOS="188" VPOS="1173" WIDTH="583" HEIGHT="29">
							<String ID="string_196" HPOS="188" VPOS="1174" WIDTH="91" HEIGHT="25" WC="0.92" CONTENT="ändrad,"/><SP WIDTH="15" VPOS="1174" HPOS="279"/>
							<String ID="string_197" HPOS="294" VPOS="1175" WIDTH="59" HEIGHT="20" WC="0.91" CONTENT="rösta"/><SP WIDTH="10" VPOS="1175" HPOS="353"/>
							<String ID="string_198" HPOS="363" VPOS="1174" WIDTH="40" HEIGHT="27" WC="0.96" CONTENT="ja;"/><SP WIDTH="16" VPOS="1174" HPOS="403"/>
							<String ID="string_199" HPOS="419" VPOS="1174" WIDTH="31" HEIGHT="25" WC="0.96" CONTENT="de,"/><SP WIDTH="15" VPOS="1174" HPOS="450"/>
							<String ID="string_200" HPOS="465" VPOS="1173" WIDTH="35" HEIGHT="22" WC="0.93" CONTENT="det"/><SP WIDTH="13" VPOS="1173" HPOS="500"/>
							<String ID="string_201" HPOS="513" VPOS="1174" WIDTH="46" HEIGHT="21" WC="0.93" CONTENT="icke"/><SP WIDTH="13" VPOS="1174" HPOS="559"/>
							<String ID="string_202" HPOS="572" VPOS="1176" WIDTH="60" HEIGHT="25" WC="0.93" CONTENT="göra,"/><SP WIDTH="16" VPOS="1176" HPOS="632"/>
							<String ID="string_203" HPOS="648" VPOS="1175" WIDTH="59" HEIGHT="20" WC="0.93" CONTENT="rösta"/><SP WIDTH="16" VPOS="1175" HPOS="707"/>
							<String ID="string_204" HPOS="723" VPOS="1174" WIDTH="48" HEIGHT="28" WC="0.95" CONTENT="nej;"/>
						</TextLine>
					</TextBlock>
					<TextBlock ID="block_10" HPOS="188" VPOS="1201" WIDTH="821" HEIGHT="58">
						<TextLine ID="line_26" HPOS="257" VPOS="1201" WIDTH="752" HEIGHT="29">
							<String ID="string_205" HPOS="257" VPOS="1202" WIDTH="79" HEIGHT="21" WC="0.96" CONTENT="vinner"/><SP WIDTH="24" VPOS="1202" HPOS="336"/>
							<String ID="string_206" HPOS="360" VPOS="1203" WIDTH="41" HEIGHT="27" WC="0.95" CONTENT="nej,"/><SP WIDTH="25" VPOS="1203" HPOS="401"/>
							<String ID="string_207" HPOS="426" VPOS="1203" WIDTH="41" HEIGHT="20" WC="0.91" CONTENT="har"/><SP WIDTH="22" VPOS="1203" HPOS="467"/>
							<String ID="string_208" HPOS="489" VPOS="1203" WIDTH="87" HEIGHT="21" WC="0.95" CONTENT="ståndet"/><SP WIDTH="21" VPOS="1203" HPOS="576"/>
							<String ID="string_209" HPOS="597" VPOS="1202" WIDTH="88" HEIGHT="28" WC="0.96" CONTENT="förenat"/><SP WIDTH="21" VPOS="1202" HPOS="685"/>
							<String ID="string_210" HPOS="706" VPOS="1203" WIDTH="33" HEIGHT="27" WC="0.96" CONTENT="sig"/><SP WIDTH="24" VPOS="1203" HPOS="739"/>
							<String ID="string_211" HPOS="763" VPOS="1209" WIDTH="35" HEIGHT="14" WC="0.96" CONTENT="om"/><SP WIDTH="23" VPOS="1209" HPOS="798"/>
							<String ID="string_212" HPOS="821" VPOS="1202" WIDTH="27" HEIGHT="21" WC="0.93" CONTENT="hr"/><SP WIDTH="23" VPOS="1202" HPOS="848"/>
							<String ID="string_213" HPOS="871" VPOS="1201" WIDTH="138" HEIGHT="22" WC="0.45" CONTENT="Lundenius&quot;"/>
						</TextLine>
						<TextLine ID="line_27" HPOS="188" VPOS="1231" WIDTH="88" HEIGHT="28">
							<String ID="string_214" HPOS="188" VPOS="1231" WIDTH="88" HEIGHT="28" WC="0.90" CONTENT="förslag."/>
						</TextLine>
					</TextBlock>
				</ComposedBlock>
				<ComposedBlock ID="cblock_10" HPOS="188" VPOS="1298" WIDTH="823" HEIGHT="112">
					<TextBlock ID="block_11" HPOS="188" VPOS="1298" WIDTH="823" HEIGHT="112">
						<TextLine ID="line_28" HPOS="257" VPOS="1298" WIDTH="754" HEIGHT="29">
							<String ID="string_215" HPOS="257" VPOS="1299" WIDTH="158" HEIGHT="28" WC="0.96" CONTENT="Propositionen"/><SP WIDTH="23" VPOS="1299" HPOS="415"/>
							<String ID="string_216" HPOS="438" VPOS="1299" WIDTH="125" HEIGHT="21" WC="0.95" CONTENT="besvarades"/><SP WIDTH="23" VPOS="1299" HPOS="563"/>
							<String ID="string_217" HPOS="586" VPOS="1299" WIDTH="37" HEIGHT="21" WC="0.93" CONTENT="vid"/><SP WIDTH="21" VPOS="1299" HPOS="623"/>
							<String ID="string_218" HPOS="644" VPOS="1299" WIDTH="116" HEIGHT="21" WC="0.63" CONTENT="värkställd"/><SP WIDTH="15" VPOS="1299" HPOS="760"/>
							<String ID="string_219" HPOS="775" VPOS="1299" WIDTH="95" HEIGHT="28" WC="0.96" CONTENT="votering"/><SP WIDTH="14" VPOS="1299" HPOS="870"/>
							<String ID="string_220" HPOS="884" VPOS="1298" WIDTH="49" HEIGHT="21" WC="0.96" CONTENT="med"/><SP WIDTH="16" VPOS="1298" HPOS="933"/>
							<String ID="string_221" HPOS="949" VPOS="1299" WIDTH="25" HEIGHT="20" WC="0.96" CONTENT="31"/><SP WIDTH="16" VPOS="1299" HPOS="974"/>
							<String ID="string_222" HPOS="990" VPOS="1299" WIDTH="21" HEIGHT="27" WC="0.96" CONTENT="ja"/>
						</TextLine>
						<TextLine ID="line_29" HPOS="188" VPOS="1327" WIDTH="822" HEIGHT="28">
							<String ID="string_223" HPOS="188" VPOS="1327" WIDTH="40" HEIGHT="21" WC="0.94" CONTENT="och"/><SP WIDTH="22" VPOS="1327" HPOS="228"/>
							<String ID="string_224" HPOS="250" VPOS="1328" WIDTH="27" HEIGHT="20" WC="0.95" CONTENT="34"/><SP WIDTH="20" VPOS="1328" HPOS="277"/>
							<String ID="string_225" HPOS="297" VPOS="1328" WIDTH="40" HEIGHT="27" WC="0.90" CONTENT="nej,"/><SP WIDTH="22" VPOS="1328" HPOS="337"/>
							<String ID="string_226" HPOS="359" VPOS="1327" WIDTH="39" HEIGHT="21" WC="0.96" CONTENT="och"/><SP WIDTH="18" VPOS="1327" HPOS="398"/>
							<String ID="string_227" HPOS="416" VPOS="1327" WIDTH="55" HEIGHT="22" WC="0.93" CONTENT="hade"/><SP WIDTH="15" VPOS="1327" HPOS="471"/>
							<String ID="string_228" HPOS="486" VPOS="1327" WIDTH="85" HEIGHT="22" WC="0.93" CONTENT="ständet"/><SP WIDTH="14" VPOS="1327" HPOS="571"/>
							<String ID="string_229" HPOS="585" VPOS="1327" WIDTH="81" HEIGHT="22" WC="0.93" CONTENT="säledes"/><SP WIDTH="15" VPOS="1327" HPOS="666"/>
							<String ID="string_230" HPOS="681" VPOS="1327" WIDTH="87" HEIGHT="21" WC="0.92" CONTENT="beslutit"/><SP WIDTH="14" VPOS="1327" HPOS="768"/>
							<String ID="string_231" HPOS="782" VPOS="1327" WIDTH="112" HEIGHT="28" WC="0.92" CONTENT="godkänna"/><SP WIDTH="14" VPOS="1327" HPOS="894"/>
							<String ID="string_232" HPOS="908" VPOS="1327" WIDTH="26" HEIGHT="20" WC="0.93" CONTENT="hr"/><SP WIDTH="14" VPOS="1327" HPOS="934"/>
							<String ID="string_233" HPOS="948" VPOS="1327" WIDTH="62" HEIGHT="21" WC="0.93" CONTENT="Jans-"/>
						</TextLine>
						<TextLine ID="line_30" HPOS="189" VPOS="1355" WIDTH="821" HEIGHT="28">
							<String ID="string_234" HPOS="189" VPOS="1361" WIDTH="48" HEIGHT="14" WC="0.96" CONTENT="sons"/><SP WIDTH="25" VPOS="1361" HPOS="237"/>
							<String ID="string_235" HPOS="262" VPOS="1355" WIDTH="153" HEIGHT="27" WC="0.86" CONTENT="framställning"/><SP WIDTH="24" VPOS="1355" HPOS="415"/>
							<String ID="string_236" HPOS="439" VPOS="1358" WIDTH="56" HEIGHT="18" WC="0.93" CONTENT="samt"/><SP WIDTH="23" VPOS="1358" HPOS="495"/>
							<String ID="string_237" HPOS="518" VPOS="1355" WIDTH="69" HEIGHT="21" WC="0.96" CONTENT="tillika"/><SP WIDTH="23" VPOS="1355" HPOS="587"/>
							<String ID="string_238" HPOS="610" VPOS="1362" WIDTH="75" HEIGHT="21" WC="0.92" CONTENT="genom"/><SP WIDTH="22" VPOS="1362" HPOS="685"/>
							<String ID="string_239" HPOS="707" VPOS="1355" WIDTH="193" HEIGHT="28" WC="0.88" CONTENT="protokollsutdrag"/><SP WIDTH="24" VPOS="1355" HPOS="900"/>
							<String ID="string_240" HPOS="924" VPOS="1355" WIDTH="86" HEIGHT="27" WC="0.96" CONTENT="inbjuda"/>
						</TextLine>
						<TextLine ID="line_31" HPOS="188" VPOS="1383" WIDTH="765" HEIGHT="27">
							<String ID="string_241" HPOS="188" VPOS="1383" WIDTH="137" HEIGHT="21" WC="0.92" CONTENT="medständen"/><SP WIDTH="16" VPOS="1383" HPOS="325"/>
							<String ID="string_242" HPOS="341" VPOS="1386" WIDTH="32" HEIGHT="18" WC="0.93" CONTENT="att"/><SP WIDTH="14" VPOS="1386" HPOS="373"/>
							<String ID="string_243" HPOS="387" VPOS="1383" WIDTH="74" HEIGHT="21" WC="0.92" CONTENT="förena"/><SP WIDTH="14" VPOS="1383" HPOS="461"/>
							<String ID="string_244" HPOS="475" VPOS="1384" WIDTH="33" HEIGHT="26" WC="0.96" CONTENT="sig"/><SP WIDTH="14" VPOS="1384" HPOS="508"/>
							<String ID="string_245" HPOS="522" VPOS="1391" WIDTH="35" HEIGHT="12" WC="0.93" CONTENT="om"/><SP WIDTH="14" VPOS="1391" HPOS="557"/>
							<String ID="string_246" HPOS="571" VPOS="1383" WIDTH="94" HEIGHT="22" WC="0.92" CONTENT="ständets"/><SP WIDTH="16" VPOS="1383" HPOS="665"/>
							<String ID="string_247" HPOS="681" VPOS="1383" WIDTH="86" HEIGHT="21" WC="0.93" CONTENT="sälunda"/><SP WIDTH="15" VPOS="1383" HPOS="767"/>
							<String ID="string_248" HPOS="782" VPOS="1383" WIDTH="82" HEIGHT="21" WC="0.96" CONTENT="fattade"/><SP WIDTH="15" VPOS="1383" HPOS="864"/>
							<String ID="string_249" HPOS="879" VPOS="1383" WIDTH="74" HEIGHT="21" WC="0.96" CONTENT="beslut."/>
						</TextLine>
					</TextBlock>
				</ComposedBlock>
			</PrintSpace>
		</Page>
	</Layout>
</alto>
