1117 1798
185 142 43 21 470
516 138 150 34 Bevillningar.
922 148 28 16 30
962 147 47 17 dec:

186 215 107 21 servation
309 215 32 21 till
356 214 115 22 utskottets
486 214 139 22 betänkande.
640 214 41 27 Jag
697 214 37 21 har
749 214 46 22 icke
810 214 67 22 kännt
891 214 66 28 något
972 214 37 21 be-

186 243 39 22 hof
240 245 32 20 att
287 243 53 22 söka
354 243 33 21 för
402 243 43 22 min
461 243 137 27 uppfattning
613 249 76 21 genom
706 242 113 28 bifogande
834 242 23 22 af
870 249 26 15 en
912 249 96 16 reserva-

186 273 45 21 tion
246 272 64 22 vinna
325 272 121 27 anhängare
456 272 57 22 inom
525 272 203 27 representationen.
745 272 42 27 Jag
802 272 37 21 har
855 272 76 22 endast
941 271 67 22 kännt

186 300 66 22 behof
272 300 24 22 af
315 303 32 19 att
361 300 60 22 freda
441 301 43 21 min
502 300 136 26 rättskänsla,
653 300 39 22 och
708 300 58 22 detta
782 300 65 22 behof
859 300 38 22 har
909 300 38 28 jag
961 300 47 28 fyllt

188 336 76 21 genom
283 331 32 20 att
329 329 55 22 inför
400 330 105 21 utskottet
520 329 31 22 till
567 330 49 21 dess
632 329 107 27 protokoll
755 329 67 22 uttala
837 329 43 21 min
896 329 114 22 afvikande

186 358 93 28 mening.
308 358 45 22 Min
375 358 126 25 erfarenhet,
524 358 40 22 och
584 358 32 22 till
638 358 70 21 denna
723 358 120 21 erfarenhet
856 358 28 21 ha
899 358 68 22 under
981 358 29 22 de

187 389 86 19 senaste
296 388 67 25 tunga
384 387 50 21 åren
457 386 91 22 lämnats
570 386 117 22 värdefulla
702 386 79 28 bidrag,
797 386 38 22 har
850 386 42 22 lärt
906 386 50 27 mig,
971 388 39 24 att,

188 416 27 20 då
232 415 38 27 jag
288 415 53 21 efter
357 421 76 21 mogen
449 416 101 26 pröfning
564 415 69 21 funnit
649 421 24 15 en
690 415 88 27 princip,
793 421 26 15 en
835 414 173 27 rättsäskädning

187 444 65 27 riktig
270 443 39 22 och
325 444 27 21 då
363 443 39 27 jag
417 443 104 27 därjämte
535 443 78 25 erfarit,
628 446 32 18 att
674 442 91 22 flertalet
779 442 23 22 af
815 443 27 21 de
856 449 110 21 personer,
981 443 27 27 på

187 472 83 22 hvilkas
289 472 98 22 omdöme
404 472 37 27 jag
456 472 55 21 varit
525 478 41 15 van
581 474 31 19 att
627 472 42 25 lita,
685 471 53 22 efter
754 478 76 20 mogen
847 471 162 28 öfverläggning

187 501 91 21 kommit
292 501 32 21 till
340 506 81 16 samma
436 500 95 27 resultat,
547 501 27 21 då
588 500 39 22 har
639 501 38 26 jag
691 500 69 27 aldrig
774 500 45 22 haft
834 500 46 21 skäl
895 502 31 20 att
936 500 74 27 ångra,

188 536 35 15 om
243 529 38 27 jag
302 530 7 21 i
332 529 58 22 lifvet
413 529 38 21 har
473 529 106 27 tillämpat
593 529 70 22 denna
677 529 88 27 princip.
793 529 42 27 Jag
850 528 54 22 hade
920 528 88 22 sålunda

188 558 57 22 hälst
266 560 48 24 sett,
337 560 31 20 att
387 564 29 15 nu
434 558 145 27 föreliggande
595 557 242 23 utskottsbetänkanden
853 557 46 22 icke
913 557 33 22 för
961 559 49 20 när-

188 588 93 20 varande
303 587 54 21 hade
378 586 117 26 inkommit,
517 593 49 15 men
589 587 27 21 då
638 587 7 21 i
667 586 41 22 alla
725 586 36 22 fall
777 586 24 22 så
816 586 62 26 skett,
894 586 65 28 vågar
972 586 38 28 jag

188 615 83 26 föreslå,
294 617 31 20 att
347 614 105 28 vällofliga
473 615 178 27 borgareståndet
671 615 33 21 för
726 615 132 21 närvarande
880 615 46 21 icke
941 614 71 22 skulle

188 644 50 27 ingå
253 644 28 27 på
296 643 68 27 saklig
378 643 129 28 behandling
522 643 22 22 af
557 643 161 22 betänkandena
734 645 50 20 utan
799 643 157 22 återremittera
966 643 45 22 det-

190 679 81 15 samma
293 672 31 22 till
347 673 109 21 utskotten
479 672 48 21 med
545 671 108 23 föreskrift
671 673 32 20 att
718 672 115 26 utskotten,
850 672 65 21 sedan
932 671 80 28 grund-

188 701 119 27 lagsenliga
326 701 178 26 förutsättningar
526 700 33 22 för
581 703 32 19 ett
634 701 93 21 normalt
746 701 161 22 ständerarbete
924 700 90 26 inträdt,

190 729 66 22 måtte
271 732 50 25 taga
335 729 186 28 propositionerna
536 729 68 22 under
619 729 88 28 förnyad
723 729 142 28 ompröfning.

259 787 32 21 Hr
337 788 222 20 Hammarström:
573 783 70 25 Äfven
651 786 38 27 jag
699 786 41 22 kan
750 786 45 22 icke
805 785 58 23 finna
873 786 36 22 det
919 785 94 23 försvar-

190 816 44 27 ligt,
252 817 33 20 att
307 815 200 27 bevillningsfrågor
529 822 28 15 nu
576 815 31 22 till
623 815 128 27 behandling
764 817 109 26 upptagas.
904 815 108 22 Särskilda

190 844 207 22 besvärsutskottets
420 844 133 22 betänkande
576 844 83 27 uttalar,
681 846 32 19 att
736 843 178 28 förutsättningar
933 843 33 22 för
982 846 30 19 ett

190 873 93 22 normalt
305 873 162 22 ständerarbete
487 873 33 21 för
543 873 131 22 närvarande
697 873 83 21 saknas.
810 873 65 21 Detta
896 873 117 25 uttalande,

191 908 46 16 som
254 902 22 21 af
290 902 176 27 borgareståndet
481 902 126 27 godkännts,
623 902 38 22 har
676 902 103 28 därjämte
794 902 64 22 redan
870 901 95 23 influtit
958 897 11 38 i
977 902 35 21 det

190 930 23 22 af
226 931 28 21 69
269 931 138 21 medlemmar
421 930 23 22 af
457 931 85 21 ståndet
552 930 149 22 underskrifna
711 930 238 28 petitionsmemorialet,
960 930 54 22 hvil-

190 960 37 21 ket
247 959 67 22 delvis
335 959 83 27 utgjort
433 960 96 26 grunden
545 959 33 21 för
594 960 77 21 nämda
685 959 139 22 betänkande.
853 959 42 27 Jag
910 960 41 20 kan
966 958 48 22 icke

191 988 64 21 tänka
270 988 44 28 mig
329 990 71 24 annat,
415 990 26 19 än
453 990 31 19 att
495 988 166 27 formuleringen
676 987 23 22 af
711 988 59 21 detta
783 987 103 22 förbehåll
897 987 69 22 blifvit
976 988 37 21 nå-

192 1020 38 23 got
244 1016 79 22 dunkel
338 1017 29 25 på
382 1016 69 27 grund
466 1016 23 22 af
501 1016 212 28 opportunitetsskäl.
739 1016 56 22 Dess
810 1016 105 22 innebörd
930 1016 38 22 har
979 1016 34 21 väl

185 1044 163 28 -otvifvelaktigt
363 1045 60 25 varit,
438 1046 32 20 att
484 1044 178 28 förutsättningar
677 1044 32 22 för
725 1047 30 19 ett
765 1044 140 28 laglikmätigt
916 1044 97 22 ständer-

192 1074 74 21 arbete
280 1073 34 21 för
329 1074 132 20 närvarande
475 1073 46 22 icke
536 1073 74 22 finnas.
631 1073 40 21 Om
686 1080 29 14 nu
731 1074 115 21 ständerna
860 1073 70 21 skulle
942 1073 72 22 skrida

191 1102 32 21 till
238 1108 27 15 en
280 1102 8 20 i
303 1102 25 22 så
342 1102 94 21 eminent
451 1102 52 26 grad
519 1102 82 21 normal
617 1102 74 27 åtgärd
707 1102 94 21 hörande
816 1102 32 21 till
863 1102 148 22 ständerarbe-

191 1133 36 24 tet,
249 1136 46 16 som
311 1130 71 22 denna
397 1130 116 27 bevillning
527 1136 58 20 vore,
601 1130 26 22 då
641 1137 52 15 vore
708 1130 36 22 det
759 1130 33 22 väl
808 1130 61 22 äfven
886 1130 127 28 fullkomligt

191 1159 97 27 omöjligt
303 1161 32 19 att
351 1158 91 22 därefter
459 1160 49 26 göra
525 1161 31 19 ett
571 1160 76 21 sådant
662 1159 114 26 uttalande,
792 1165 46 16 som
850 1161 30 19 att
892 1160 123 24 ständerna,

191 1189 39 20 när
253 1188 70 21 denna
345 1188 76 26 åtgärd
443 1187 47 21 från
513 1188 62 21 deras
591 1188 46 22 sida
653 1188 90 26 vidtogs,
759 1188 80 26 ansågo
856 1189 31 19 att
901 1188 112 21 förutsätt-

191 1217 76 25 ningar
289 1216 33 21 för
344 1218 31 19 ett
397 1216 142 27 laglikmätigt
561 1216 158 22 ständerarbete
742 1216 45 21 icke
809 1216 131 21 förefunnos.
972 1216 41 22 Om

191 1244 72 27 vanlig
277 1244 59 27 logik
350 1244 39 22 här
405 1244 53 22 skall
473 1244 22 21 få
509 1244 70 27 någon
595 1244 62 28 plats,
673 1250 62 22 synes
748 1244 109 27 åtgärden,
872 1244 107 28 efterföljd
992 1244 26 22 af

191 1275 31 19 ett
244 1273 77 21 sådant
339 1272 114 26 uttalande,
471 1273 47 21 leda
536 1273 31 21 till
587 1275 31 19 att
633 1273 114 21 ständerpa
762 1272 93 22 förklara
870 1273 36 21 det
921 1273 41 21 den
977 1274 36 20 be-

191 1300 208 28 villningshandling,
415 1307 46 15 som
478 1300 46 22 från
540 1302 127 20 ständernas
683 1301 45 21 sida
742 1300 113 28 företages,
870 1301 46 21 icke
931 1303 23 19 är
970 1301 43 27 lag-

190 1329 102 25 likmätig,
308 1329 19 21 d.
342 1336 19 14 v.
377 1336 16 14 s.
409 1331 32 19 att
455 1329 82 21 således
553 1330 115 21 ständerna
682 1329 45 21 icke
743 1335 76 20 genom
835 1332 31 18 att
880 1329 71 21 afvika
966 1329 46 21 från

192 1357 32 21 sin
240 1356 91 27 tidigare
347 1356 132 27 ständpunkt
493 1356 82 22 ändock
590 1356 80 28 lyckats
686 1357 93 21 undvika
789 1357 41 21 den
841 1356 115 26 kalamitet,
966 1363 47 15 som

190 1384 235 27 bevillningsutskottet
445 1385 30 20 uti
491 1385 38 21 sitt
543 1385 134 21 betänkande
693 1384 140 26 omförmäler,
849 1385 107 26 nämligen
970 1384 43 22 för-

191 1412 118 22 anledande
324 1412 23 22 af
359 1419 27 15 en
401 1419 28 21 ny
446 1412 107 27 »konflikt,
568 1413 40 22 den
625 1413 38 22 där
678 1412 156 28 otvifvelaktigt
850 1413 68 22 blefve
932 1413 80 28 följden

191 1441 22 22 af
234 1444 32 19 att
288 1441 120 27 ständerna,
423 1441 65 22 innan
509 1442 74 27 nådigt
600 1449 50 14 svar
665 1442 12 21 ä
691 1441 125 22 förberörda
831 1442 89 28 petition
936 1442 77 23 hunnit

191 1470 95 28 afgifvas,
309 1474 50 18 vare
380 1470 33 28 sig
428 1471 92 27 vägrade
534 1473 32 19 att
580 1473 95 25 upptaga
689 1471 162 27 propositionen
866 1471 32 22 till
913 1470 101 29 pröfning

190 1499 52 22 eller
256 1499 45 22 helt
316 1499 39 22 och
370 1499 65 22 hållet
449 1499 86 28 afböjde
551 1499 61 22 den»,
642 1499 39 22 Om
698 1505 49 16 man
763 1500 74 22 tänker
852 1500 34 28 sig
900 1501 71 21 såsom
986 1506 26 16 en

191 1528 146 28 oundgänglig
354 1528 52 27 följd
421 1527 26 28 af,
462 1530 32 20 att
509 1528 115 23 ständerna
639 1535 29 15 nu
683 1529 46 21 icke
739 1531 101 25 upptaga
855 1529 69 22 denna
940 1528 74 23 bevill-
