1114 1795
111 129 28 17 29
152 130 43 16 dec.
492 121 68 36 Skola.
892 124 42 22 389

111 198 84 50 ri
214 198 44 22 icke
274 199 72 22 vidare
361 199 88 27 bidraga
465 199 30 21 till
512 199 133 22 underhället
660 199 23 22 af
696 200 63 21 dessa
773 199 160 28 fortsättnings-

127 228 74 20 lasser.

181 256 49 21 Med
246 256 63 21 bitter
321 256 143 27 missräkning
473 259 107 24 emottogs
590 256 98 22 öfverallt
698 256 7 21 i
715 257 27 21 de
752 256 103 22 äländska
866 257 67 27 bygg-

112 284 67 21 derna
193 284 120 27 budskapet
328 291 34 15 om
378 285 58 21 detta
451 284 67 22 hårda
532 285 52 27 slag,
601 291 47 16 som
662 284 23 22 af
698 284 83 22 landets
797 284 77 28 högsta
889 287 43 25 sty-

113 312 54 21 relse
189 312 75 22 riktats
286 316 58 18 emot
366 313 58 21 detta
446 313 104 26 lärovärk,
565 320 46 15 som
627 313 66 21 redan
709 313 77 21 hunnit
802 314 65 21 blifva
883 314 49 21 öbe-

111 340 125 28 folkningen
251 342 47 20 kärt
314 342 39 21 och
367 342 28 26 pä
410 342 63 21 hvars
489 344 59 19 stora
562 341 85 29 uppgift
661 342 64 27 ingen
740 341 92 23 tviflade.
855 342 31 27 Ty
901 344 32 20 att

111 369 77 21 enbart
210 370 47 21 med
280 370 96 22 enskilda
398 370 68 22 medel
488 370 124 22 underhälla
634 370 73 22 skolan
731 370 68 22 skulle
818 371 7 21 i
840 371 91 27 längden

112 397 65 22 blifva
193 398 96 28 ogörligt.
319 399 43 21 Det
376 399 62 27 insåg
452 398 81 22 enhvar
548 399 30 21 till
593 399 59 22 fullo.
681 398 72 28 Enligt
768 399 41 22 den
824 400 28 27 pä
861 394 70 27 Äland

112 426 153 22 förhärskande
288 428 113 26 meningen
423 428 71 21 kunde
513 428 63 27 ingen
595 428 75 22 rättvis
686 428 129 27 motivering
829 428 57 27 ligga
900 428 32 22 till

113 455 70 26 grund
205 455 33 22 för
259 456 59 21 detta
340 456 75 21 beslut.
444 456 174 22 Reallärovärket
639 457 48 21 med
706 457 49 20 dess
770 456 161 27 fortsättnings-

110 483 83 22 klasser
211 485 76 21 räknar
303 485 6 21 i
325 485 47 26 dag,
387 487 54 19 trots
458 485 40 21 den
511 485 156 27 jämförelsevis
683 485 55 27 höga
753 485 178 28 terminsafgiften

111 512 28 21 50
159 513 59 21 mark
239 513 12 21 ä
272 513 26 22 de
321 514 122 25 sistnämda,
463 513 74 22 inalles
562 514 38 21 121
618 513 75 22 elever.
723 513 74 28 Enligt
813 514 118 21 statistiska

112 541 108 27 uppgifter
239 541 47 22 från
307 542 91 22 läseäret
414 542 52 21 1901
477 542 77 21 —1902
570 542 54 22 hade
639 542 27 21 dä
681 545 13 18 t.
711 548 30 15 ex.
757 542 36 22 det
813 542 118 27 finsksprä-

110 570 50 27 kiga
182 570 122 27 statslyceet
325 571 6 21 i
354 571 87 27 Nyslott
456 571 42 21 113
514 571 70 22 elever
599 571 39 21 och
654 571 35 21 det
705 571 180 28 svenskspräkiga
900 571 31 27 ly-

110 601 47 19 ceet
179 599 6 21 i
208 599 70 27 Borgå
302 600 38 21 131
364 599 76 22 elever.
471 600 45 21 Och
539 606 48 15 man
610 606 64 15 anser
692 600 48 21 med
755 600 51 26 skäl,
822 602 31 19 att
869 600 62 21 dessa

112 627 54 22 bäda
188 628 71 21 skolor
285 629 33 21 väl
343 627 49 28 fylla
413 628 31 21 sin
466 629 56 27 plats
542 631 55 19 samt
612 630 37 19 äro
664 628 23 22 af
700 628 99 22 behofvet
814 628 117 27 päkallade.

111 657 38 20 Ett
164 657 61 26 ringa
240 657 103 22 elevanta]
360 657 34 22 vid
409 657 121 22 lärovärket
544 657 8 22 i
566 657 131 22 Mariehamn
712 657 71 22 kunde
799 657 70 22 därför
885 657 46 22 icke

110 685 73 22 säsom
199 687 95 26 vägande
310 685 45 23 skäl
371 686 104 27 äberopas
491 686 34 22 vid
541 686 137 22 fattandet
651 681 26 37 af
686 685 123 23 förenämda
819 686 76 26 beslut,
907 686 24 21 sä

112 714 83 27 mycket
213 715 87 26 mindre,
316 721 46 15 som
378 715 80 21 antalet
473 715 69 21 elever
557 715 29 27 pä
599 715 263 26 fortsättningsklasserna
877 715 53 21 efter

110 742 39 22 allt
164 745 31 20 att
211 743 62 22 döma
284 744 58 21 inom
359 745 107 20 närmaste
480 743 85 22 framtid
580 744 96 21 kommer
689 745 31 20 att
730 744 57 26 ökas,
798 744 73 21 sävida
881 743 49 22 sko-

112 771 47 22 lans
174 771 99 23 framtida
288 773 92 21 existens
397 771 75 23 blifver
487 773 121 27 betryggad.

181 800 71 27 Nägot
266 803 65 19 annat
346 801 66 21 motiv
426 800 33 22 för
475 802 107 26 vägrande
596 800 24 22 af
634 800 146 28 ifrägakomna
797 801 132 22 statsunder-

110 830 50 20 stöd
175 829 42 21 kan
233 830 33 20 väl
280 830 105 27 knappast
400 829 43 22 läta
458 830 64 21 tänka
536 830 38 27 sig.

181 858 189 27 Nödvändigheten
391 857 23 22 af
430 860 30 20 ett
475 858 133 27 fullständigt
624 858 113 27 8-klassigt
752 858 108 22 lärovärks
877 864 53 21 upp-

112 886 140 22 rätthällande
274 887 28 26 pä
324 881 70 27 Äland
416 887 62 22 torde
497 887 7 20 i
522 886 139 22 betraktande
676 886 61 22 häraf
756 886 58 27 ligga
834 887 7 21 i
860 888 70 25 öppen

113 915 46 27 dag.
191 915 73 22 Såsom
288 921 25 15 en
337 921 49 16 man
407 915 44 22 står
474 914 39 22 ock
531 915 46 22 hela
595 914 36 23 det
648 915 101 22 åländska
771 915 68 21 folket
853 915 77 21 bakom

112 943 41 25 den
175 944 88 27 petition
279 944 39 27 jag
335 944 87 22 härmed
437 943 33 22 för
486 944 35 22 det
536 943 105 28 vällofliga
656 944 176 27 borgareständet
847 944 37 27 gär
899 946 32 19 att

112 972 123 27 framlägga.

181 1001 50 22 Med
249 1001 63 22 tanke
330 1002 28 27 pä
372 995 76 29 Äland,
464 1007 46 16 som
525 1001 33 22 för
574 1001 33 22 sin
622 1001 35 21 del
671 1001 59 22 alltid
746 1001 68 27 villigt
829 1001 52 22 efter
897 1002 33 21 sin

112 1030 96 27 förmåga
231 1029 61 22 offrat
312 1030 33 21 för
366 1029 140 22 fosterlandet
526 1030 56 21 hvad
597 1030 58 21 detta
670 1029 55 22 kräft
740 1029 39 22 och
795 1030 12 21 ä
821 1030 67 21 andra
903 1030 28 21 si-

111 1059 42 21 dan
173 1059 155 27 jämförelsevis
350 1058 66 22 sällan
436 1058 33 21 för
484 1065 53 21 egen
553 1059 90 26 räkning
658 1059 53 26 tagit
725 1058 83 21 landets
824 1058 107 27 frikostig-

113 1087 36 22 het
164 1088 7 20 i
186 1087 96 27 anspräk,
298 1090 24 19 är
334 1087 38 28 jag
386 1087 106 22 förvissad
507 1093 40 18 om,
562 1089 32 20 att
608 1087 165 27 älänningarnas
789 1087 81 21 önskan
886 1087 46 21 icke

113 1123 28 14 nu
158 1116 54 21 skall
226 1116 104 27 förklinga
346 1116 72 21 ohörd.

182 1145 82 21 Genom
286 1147 32 19 att
340 1147 69 19 staten
428 1144 109 27 öfvertoge
552 1144 160 27 ifrågavarande
726 1143 205 28 fortsättningsklas-

112 1179 35 15 ser
166 1173 69 21 skulle
246 1172 80 27 jämväl
342 1179 27 15 en
384 1173 138 27 nedsättning
536 1172 23 21 af
572 1171 203 28 terminsafgifterna
789 1173 12 20 ä
816 1172 63 21 dessa
894 1172 38 21 ske

113 1201 32 22 till
159 1201 33 22 för
207 1201 67 26 öfriga
290 1201 153 22 statslärovärk
458 1201 6 21 i
479 1201 72 22 landet
564 1201 120 22 fastställda
700 1200 83 28 belopp,
793 1201 137 26 hvarigenom

111 1229 127 22 elevantalet
253 1230 7 21 i
276 1230 74 21 skolan
365 1229 7 22 i
387 1229 94 28 betydlig
496 1229 48 22 män
560 1229 61 22 äfven
636 1229 85 21 komme
735 1231 32 20 att
781 1229 58 21 ökas.

181 1258 144 22 Närslutande
347 1259 67 26 några
432 1257 167 28 siffernppgifter
616 1258 92 21 rörande
722 1257 126 22 elevantalet
863 1257 68 22 under

111 1287 107 21 särskilda
233 1287 23 20 är
271 1287 35 21 vid
322 1287 129 26 tväklassiga
465 1286 191 22 elementarskolan
672 1287 7 20 i
689 1286 136 25 Mariehamn,
836 1286 36 22 vid
882 1286 49 21 dess

113 1318 32 19 tre
167 1315 157 28 privatklasser,
344 1315 34 22 vid
399 1315 137 27 femklassiga
550 1315 165 22 reallärovärket
730 1315 39 21 och
785 1315 49 20 dess
850 1315 83 26 privata

111 1343 235 27 fortsättningsklasser
363 1343 110 22 äfvensom
489 1343 67 27 nägra
570 1342 108 28 uppgifter
693 1343 110 25 angäende
817 1342 115 22 ekonomin

114 1372 35 21 vid
171 1371 265 27 fortsättningsklasserna,
458 1372 66 26 vägar
542 1372 39 26 jag
603 1371 77 26 därför,
702 1370 124 28 öfvertygad
844 1377 35 15 om
901 1372 32 20 att

114 1400 105 27 vällofliga
233 1400 178 27 borgareständet
424 1400 42 21 kan
482 1400 39 21 och
536 1400 36 21 vill
587 1399 94 21 erkänna
693 1400 36 20 det
739 1400 132 26 berättigade
882 1399 51 25 däri,

113 1430 32 18 att
155 1431 31 18 ett
196 1428 24 20 sä
229 1428 93 26 folkrikt,
333 1428 103 26 därjämte
446 1428 46 20 frän
504 1428 36 20 det
554 1428 68 26 öfriga
637 1428 88 20 Finland
741 1433 77 21 genom
834 1428 37 20 sitt
885 1426 48 27 läge

113 1456 103 21 isoleradt
237 1456 87 21 omräde
346 1462 46 15 som
414 1450 70 26 Äland
508 1455 88 21 erhäller
619 1457 31 19 ett
672 1454 133 27 fullständigt
820 1454 114 27 8-klassigt

113 1483 177 28 svenskspråkigt
310 1483 214 22 elementarlärovärk
546 1483 48 22 med
617 1483 167 22 dimissionsrätt
803 1483 31 21 till
849 1483 85 21 univer-
