1117 1803
199 150 27 21 38
468 155 115 17 Antellska
594 155 147 19 samlingarna.

936 154 25 16 14
974 154 44 16 dec.

269 224 38 26 De,
325 223 74 22 hvilka
416 224 72 21 säsom
503 222 214 29 kontraproposition
732 224 45 20 moi
792 222 27 21 hr
836 222 124 27 Stählbergs
974 220 46 28 för-

199 253 47 27 slag
262 259 34 15 om
312 252 157 28 bordläggning
491 252 54 27 vilja
561 253 81 26 antaga
655 251 27 21 hr
697 250 128 28 Holmbergs
839 250 83 28 förslag
937 250 10 20 i
961 250 58 20 detta

200 282 64 27 syfte,
277 283 61 19 rösta
347 282 40 27 ja;
403 281 30 27 de,
449 282 35 20 det
498 281 45 21 icke
557 280 62 28 vilja,
633 282 59 19 rösta
707 280 47 28 nej;

269 310 80 21 vinner
370 310 42 27 nej,
434 310 41 21 har
495 309 86 22 ständet
603 309 10 21 i
632 308 81 22 sädant
734 308 101 28 afseende
855 307 121 29 föredragit
994 307 26 21 hr

202 338 131 22 Stenströms
347 338 89 27 förslag.

270 395 166 27 Propositionen
458 395 127 22 besvarades
603 395 48 21 med
669 394 156 27 öfvervägande
839 393 41 28 nej,
895 393 86 22 hvarför
996 393 26 20 hr

201 423 121 22 talmannen
337 423 131 22 framställde
483 429 26 16 en
524 424 114 27 sälydande
653 422 288 27 omröstningsproposition:

270 480 37 28 De,
323 481 75 21 hvilka
411 481 116 26 godkänna
543 481 27 20 hr
585 480 125 27 Stählbergs
719 480 89 27 förslag,
824 481 59 20 rösta
890 479 40 27 ja;
941 479 32 27 de,
986 479 35 20 det

200 509 45 21 teke
258 512 59 25 göra,
331 511 60 19 rösta
405 509 47 27 nej;

270 538 79 21 vinner
363 538 42 27 nej,
417 538 42 21 har
468 538 86 21 ständet
564 538 86 27 förenat
661 537 33 28 sig
705 544 35 13 om
751 537 27 20 hr
790 536 132 21 Stenströms
931 536 89 27 förslag.

269 595 166 27 Propositionen
459 595 126 21 besvarades
608 594 48 22 med
677 594 156 27 öfvervägande
850 594 41 26 nej,
910 593 39 21 och
967 593 54 21 hade

202 622 84 22 ständet
301 623 88 26 säledes,
405 624 8 20 i
425 624 93 26 enlighet
527 624 49 21 med
586 624 25 20 hr
623 623 131 21 Stenströms
764 622 86 27 förslag,
860 622 88 22 beslutit
958 622 63 21 bord-

201 652 63 26 lägga
279 652 88 21 ärendet
382 652 31 21 till
427 651 68 22 första
510 652 86 27 plenum
613 652 66 22 under
695 653 62 19 nästa
771 650 70 22 vecka.

270 772 55 21 Från
336 772 95 22 ständets
443 772 104 22 elektorer
558 772 54 22 hade
622 772 111 22 inkommit
744 775 30 18 ett
785 772 113 28 sälydande
906 771 116 28 protokoll:

474 830 116 26 Protokoll,
605 829 57 22 fördt
676 830 35 21 vid
722 829 186 28 borgareständets
920 829 102 22 elektors-

407 860 156 21 sammanträde
582 859 40 21 den
639 859 26 21 14
681 859 111 21 december
808 859 55 21 1904
877 859 27 20 kl.
923 858 27 21 10
964 857 13 22 f.
994 864 27 15 m.

270 917 40 20 Vid
331 916 102 21 anställdt
453 923 84 21 upprop
556 916 105 22 befunnos
683 917 98 26 samtliga
798 916 37 21 hrr
855 916 104 21 elektorer
974 917 48 20 när-

200 945 99 22 varande.

269 973 40 22 Till
325 973 127 22 ordförande
467 974 74 27 utsägs
557 974 47 21 med
619 973 140 22 acklamation
774 973 25 21 hr
814 973 103 27 Ignatius.

270 1002 10 21 I
295 1002 60 27 fråga
370 1008 35 15 om
421 1004 65 19 sättet
501 1003 39 21 och
555 1003 118 26 ordningen
688 1001 33 22 för
736 1001 61 22 valen
812 1002 81 21 beslöts
907 1004 31 19 att
948 1002 73 21 därvid

200 1031 70 21 skulle
288 1030 61 27 följas
365 1030 110 22 enahanda
490 1031 167 27 tillvägagående
673 1037 46 14 som
734 1031 36 21 vid
784 1030 127 27 föregående
926 1030 96 21 landtda-

200 1065 45 20 gar,
264 1059 107 26 nämligen
391 1061 32 19 att
443 1059 60 21 valen
522 1059 68 21 skulle
608 1065 62 15 anses
689 1059 108 21 definitiva
814 1059 76 21 endast
907 1059 7 20 i
930 1059 36 21 det
979 1059 43 25 fall,

200 1089 33 19 att
252 1087 35 22 det
304 1086 129 22 föreskrifna
447 1087 80 21 antalet
541 1087 116 22 ledamöter
672 1087 39 21 och
727 1087 137 27 suppleanter
878 1087 8 20 i
900 1087 74 26 hvarje
989 1089 33 19 ut-

200 1115 60 22 skott
275 1115 79 22 erhölle
368 1115 86 22 absolut
469 1116 112 27 majoritet,
596 1115 151 22 hvarförinnan
761 1115 70 22 omval
842 1115 68 22 skulle
920 1115 38 22 ske
968 1115 54 22 intill

200 1144 51 21 dess
266 1145 36 21 det
317 1144 78 27 nödiga
409 1144 80 21 antalet
503 1144 116 22 ledamöter
634 1145 40 21 och
689 1144 138 27 suppleanter
840 1144 99 26 erhållits,
950 1144 72 22 äfven-

200 1179 48 15 som
271 1175 32 20 att
325 1173 131 21 omedelbart
477 1172 55 22 efter
550 1174 35 21 det
601 1173 26 21 de
642 1173 105 22 ordinarie
762 1173 146 21 ledamöterna
921 1173 8 20 i
944 1175 31 19 ett
990 1175 33 19 ut-

200 1201 60 22 skott
276 1201 69 22 blifvit
359 1201 90 22 utsedda
472 1202 164 27 suppleanterna
650 1202 8 21 i
673 1207 82 16 samma
770 1201 83 22 utskott
868 1201 67 22 skulle
950 1201 73 27 väljas,

200 1230 105 21 hvardera
320 1229 65 22 skildt
399 1229 32 22 för
447 1229 40 28 sig.

270 1258 100 21 Härefter
386 1258 75 21 skreds
477 1259 32 20 till
523 1259 34 20 val
572 1259 22 20 af
607 1258 116 21 ledamöter
738 1258 39 21 och
793 1258 137 27 suppleanter
944 1259 8 20 i

452 1326 109 21 särskilda
577 1326 194 26 besvärsutskottet,

202 1381 87 22 hvarvid
301 1381 147 22 nedannämda
459 1381 212 22 ståndsmedlemmar
685 1382 79 21 erhöllo
776 1382 92 27 följande
879 1382 57 21 antal
948 1383 75 23 röster,

200 1409 116 29 nämligen:

202 1467 252 29 tillledamöter:
469 1467 37 22 hrr
521 1468 70 21 Edvin
607 1467 95 27 Castrén,
715 1468 58 22 Felix
783 1468 82 26 Heikel,
875 1468 98 28 Ignatius
984 1469 40 22 och

291 1497 63 21 hman
377 1496 80 22 enhvar
471 1497 28 21 20
514 1498 75 25 röster,
605 1497 25 21 hr
645 1497 89 21 Fredrik
755 1497 94 22 Jansson
864 1498 14 20 2
888 1499 70 20 röster
968 1501 56 19 samt

270 1525 36 22 hrr
321 1525 123 23 Lundenius
460 1525 40 22 och
515 1525 113 28 Ståhlberg
642 1525 104 23 hvardera
762 1527 10 20 1
789 1528 54 25 röst;
