1114 1798
109 138 30 16 30
152 138 44 18 dec,
438 140 149 21 Bevillningar.

891 136 41 22 485

179 207 33 22 Hr
234 207 144 27 Jansson,
400 209 142 22 Fredrik:
565 209 42 28 Jag
622 209 68 22 skulle
704 209 46 22 icke
765 212 40 25 tro,
821 212 32 19 att
868 211 65 21 bord-

110 235 232 28 läggningsbegreppet
355 237 132 27 nödvändigt
500 237 97 28 betingar
612 240 30 19 ett
656 238 94 27 yrkande
760 239 28 26 pä
798 239 95 26 uppskot
902 239 32 21 till

111 264 44 21 viss
170 264 48 21 dag.
248 265 41 20 För
304 265 44 20 min
364 265 33 21 del
412 265 38 21 har
465 266 39 27 jag
517 265 46 22 icke
578 267 31 20 uti
624 267 23 20 L.
663 266 25 21 O.
703 266 82 22 kunnat
795 266 57 22 finna
862 267 71 27 någon

109 298 105 21 paragraf,
230 298 46 15 som
292 293 68 21 skulle
375 293 43 21 tala
433 294 80 21 därom.

178 355 34 21 Hr
234 355 217 27 Heimbärger:
480 356 43 27 Jag
544 355 31 22 får
597 356 84 21 anhålla
703 363 34 15 om
754 356 84 28 uppgift
853 358 80 23 därom,

109 383 107 22 huruvida
238 383 25 22 hr
284 385 94 21 Jansson
401 384 88 22 anhållit
509 391 35 15 om
563 385 156 27 bordläggning
734 385 27 27 på
776 385 111 22 obestämd
903 386 31 21 tid

109 412 52 21 eller
176 412 114 23 huruledes
306 413 53 21 hans
375 413 91 22 berörda
480 413 97 22 anhållan
593 414 54 21 varit
662 413 136 22 formulerad.

178 476 32 21 Hr
235 476 177 21 talmannen
439 477 51 21 sade
511 477 34 27 sig
564 476 62 22 hafva
649 477 107 27 uppfattat
779 477 25 21 hr
826 478 106 21 Janssons

108 503 82 28 förslag
206 504 28 25 så,
248 507 32 19 att
294 504 41 22 han
351 504 64 28 afsåg,
431 507 32 19 att
479 505 175 27 borgareståndet
669 512 28 15 nu
713 505 46 22 icke
770 505 67 22 skulle
847 506 50 27 ingå
906 506 28 27 på

109 533 131 27 behandling
254 533 23 22 af
290 533 139 22 förevarande
444 533 153 27 betänkanden,
614 536 50 19 utan
681 534 88 26 besluta,
784 537 32 19 att
826 535 108 21 desamma

108 561 70 22 skulle
200 561 54 28 ånyo
276 561 123 28 föredragas
421 562 56 22 först
499 563 64 21 sedan
586 563 36 21 det
644 563 68 21 blifvit
733 563 154 26 konstateradt,
902 565 32 20 att

109 590 188 28 grundlagsenliga
326 590 177 28 förutsättningar
533 591 32 22 för
595 593 30 20 ett
652 591 93 22 normalt
772 592 161 21 ständerarbete

108 619 100 27 förelåge.

179 682 32 21 Hr
226 683 219 26 Heimbärger:
468 683 49 22 Med
533 683 114 27 anledning
661 683 24 22 af
697 683 41 22 den
754 684 44 27 mig
808 691 29 14 nu
848 684 84 21 medde-

109 711 48 22 lade
172 711 157 28 upplysningen
345 711 94 22 anhäller
453 711 37 27 jag
504 714 32 19 att
550 712 21 21 fä
586 712 67 21 uttala
667 712 44 21 min
726 713 115 21 osäkerhet
852 713 80 24 därom,

108 739 115 22 huruledes
239 742 31 19 ett
285 740 84 24 ärende,
385 747 46 14 som
447 741 124 27 bordlaggts
587 740 27 28 pä
624 743 43 19 sätt
677 741 25 21 hr
712 741 94 22 Jansson
817 741 115 27 föreslagit,

107 769 57 21 skall
178 768 54 28 änyo
247 769 32 21 till
294 769 129 27 behandling
437 769 132 22 förekomma
583 769 40 22 och
633 770 13 21 ä
656 769 62 22 hvem
729 769 127 28 pröfningen
868 769 65 27 däraf,

109 799 39 19 när
163 798 89 21 ärendet
268 797 53 22 skall
336 798 46 21 äter
396 797 112 28 företagas,
523 799 131 20 ankommer.

179 861 32 21 Hr
234 860 186 22 talmannen:
444 861 43 21 Det
501 860 105 22 förefaller
621 861 44 26 mig
680 859 137 27 fortfarande,
834 867 46 14 som
896 867 35 14 om

108 889 27 21 hr
150 889 106 22 Janssons
270 889 82 28 förslag
365 889 46 22 icke
427 889 68 22 skulle
511 896 50 14 vara
575 891 32 20 ett
621 889 94 27 yrkande
726 896 35 14 om
771 889 162 27 bordläggning,

110 920 52 19 utan
177 918 45 22 afse
237 920 31 19 ett
283 918 160 28 uppskjutande
457 918 23 22 af
493 918 51 22 eller
559 917 109 23 afstäende
683 917 47 22 frän
747 918 155 27 behandlingen
913 917 23 22 af

110 947 59 21 detta
184 947 78 21 ärende
276 946 32 22 till
318 949 32 19 ett
359 946 87 27 tillfälle,
456 947 84 21 hvartill
549 946 178 28 förutsättningar
738 946 113 22 framdelas
862 947 72 21 kunna

108 982 59 20 yppa
182 982 38 21 sig.

179 1034 33 20 Hr
226 1034 143 25 Jansson,
385 1033 143 21 Fredrik:
553 1034 42 27 Jag
609 1033 77 21 tillåter
703 1033 43 27 mig
760 1035 58 19 ännu
834 1040 26 14 en
878 1033 56 27 gång

110 1062 88 27 påpeka,
214 1064 31 19 att
260 1063 30 21 ett
306 1062 76 22 sådant
396 1061 121 23 förfarande
532 1068 47 15 som
591 1062 36 22 det
637 1063 32 20 att
678 1068 30 15 nu
719 1061 117 27 bordlägga
846 1062 88 21 ärendet

108 1090 34 22 till
157 1090 171 28 morgondagens
344 1090 93 28 plenum,
451 1090 105 22 utesluter
571 1090 28 22 all
613 1090 111 27 möjlighet
738 1090 34 22 för
787 1090 44 28 mig
841 1090 39 22 och
890 1096 44 15 me-

110 1119 150 27 ningsfränder
282 1122 31 19 att
335 1119 21 21 få
378 1119 38 22 vår
431 1119 132 27 ståndpunkt
578 1119 179 27 omröstningsvis
772 1118 60 23 fram.
861 1119 31 27 Ty
908 1118 26 22 då

110 1148 89 21 ärendet
217 1148 7 20 i
243 1154 91 21 morgon
348 1148 33 21 för
396 1148 69 26 tredje
480 1148 83 27 gången
579 1148 131 21 förekomme
725 1148 27 26 på
767 1148 96 21 ståndets
878 1147 56 21 före-

109 1176 173 27 dragningslista,
299 1176 24 22 så
337 1176 86 22 komme
438 1177 36 20 det
488 1176 28 27 på
531 1176 69 28 grund
614 1176 23 21 af
649 1176 28 21 56
693 1176 11 28 $
719 1176 23 21 L.
757 1176 25 21 O.
793 1178 32 19 att
835 1176 99 21 ovillkor-

110 1204 57 28 ligen
191 1204 69 22 måsta
282 1204 32 22 till
334 1204 116 27 afgörande
471 1206 111 26 upptagas,
602 1204 80 22 hvilket
696 1204 22 21 vi
732 1204 8 21 i
754 1204 63 27 ingen
832 1204 102 21 händelse

110 1233 52 27 vilja
183 1239 51 15 vara
255 1233 49 21 med
322 1239 41 15 om.
393 1233 113 21 Motsätter
521 1240 49 15 man
586 1233 33 27 sig
634 1233 84 21 således
734 1234 31 20 ett
780 1233 76 21 sådant
871 1232 63 22 bord-

110 1260 200 29 läggningsförslag,
326 1268 46 15 som
385 1262 38 27 jag
438 1261 101 27 förordat,
551 1262 25 21 så
586 1262 38 21 bör
634 1267 49 16 man
694 1261 46 22 visa
751 1262 49 21 stöd
810 1260 23 23 af
841 1260 93 28 uttryck-

110 1290 42 27 liga
174 1290 167 27 grundlagsbud,
364 1290 103 22 särskildt
489 1290 26 22 då
537 1297 49 14 man
604 1290 124 27 härigenom
747 1290 7 21 i
770 1289 76 28 själfva
860 1289 74 22 värket

109 1319 73 21 afskär
197 1318 33 22 för
245 1322 31 18 ett
290 1318 68 22 flertal
374 1319 212 22 ståndsmedlemmar
602 1319 62 21 deras
679 1318 198 27 förhandlingsrätt.

181 1381 32 22 Hr
228 1381 146 22 Mikkola:
404 1382 46 21 Hra
463 1381 117 22 Janssonin
595 1381 64 21 täällä
673 1381 85 21 tekemä
773 1381 104 21 vaatimus
893 1382 41 20 tar-

110 1411 82 20 koittaa
213 1411 41 20 itse
276 1410 59 21 asian
357 1410 162 21 ratkaisemista.
549 1410 66 21 Tämä
637 1409 104 22 vaatimus
761 1409 58 22 tulisi
838 1409 38 21 siis
892 1409 42 21 ole-

110 1444 64 15 maan
196 1438 138 21 ristiriidassa
348 1444 39 15 sen
402 1439 100 26 pyynnön
517 1437 84 26 kanssa,
617 1437 57 21 mikä
689 1437 63 20 täällä
766 1443 28 15 on
810 1437 59 26 tehty
883 1438 51 25 pöy-

110 1466 128 27 dällepanon
254 1465 104 28 puolesta.
379 1465 186 22 Ymmärtääkseni
579 1465 39 21 hra
631 1465 95 22 Jansson
739 1465 24 26 ja
774 1471 33 18 ne,
815 1465 60 26 jotka
885 1466 50 20 ovat

110 1494 71 21 hänen
200 1494 107 21 kanssaan
322 1494 51 27 yhtä
387 1493 77 26 mieltä,
479 1494 72 21 voivat
565 1494 75 27 päästä
655 1499 86 15 samaan
757 1493 118 26 tulokseen,
890 1493 45 21 kun

109 1523 48 22 asia
171 1522 128 29 lopullisesti
314 1523 135 25 ratkaistaan,
465 1522 104 22 nimittäin
584 1521 127 22 huomenna.
