1111 1803
97 140 27 17 22
136 141 43 16 dec.
308 135 225 42 Missförhållandena
537 143 8 15 i
552 135 96 42 Viborgs
656 135 51 42 län.
875 136 41 20 230

97 208 83 22 nämda.
207 208 61 22 Efter
288 208 107 35 förloppet
409 210 22 21 af
444 210 66 26 några
524 210 92 21 minuter
630 209 89 22 befanns
735 208 60 23 äfven
811 212 32 18 att
858 209 59 21 detta

97 236 82 26 företag
193 237 86 26 lyckats,
295 239 51 19 enär
360 238 124 21 förenämda
498 238 50 21 dörr
563 238 89 21 emellan
668 238 192 26 trappuppgången
875 237 40 21 och

97 264 116 27 vestibylen
229 264 46 22 från
290 265 46 21 inre
351 266 59 21 sidan
426 266 108 26 öppnades
550 265 22 22 af
585 272 26 15 en
626 265 174 27 poliskonstapel.

166 292 40 22 Om
222 293 55 22 hvad
292 294 89 21 sålunda
396 293 99 28 förelupit
508 294 68 22 skulle
591 294 191 26 stadsfullmäktige
792 274 124 51 underättas

97 320 80 22 medels
193 322 77 27 utdrag
285 328 26 15 ur
327 322 57 21 detta
398 322 113 27 protokoll.
542 322 155 22 Antecknades.

680 350 23 18 In
714 350 65 18 fidem:

615 373 58 22 Karl
691 373 154 28 Söderhjelm.»

166 407 68 22 Sedan
258 407 37 22 här
318 408 72 21 vidare
412 409 131 25 antecknats,
558 411 31 19 att
612 408 66 27 enligt
701 407 84 28 uppgift
803 409 8 20 i
826 408 90 21 berörda

96 435 111 22 skrifvelse
225 436 138 22 omförmälda
382 437 80 21 lokaler
477 437 6 21 i
498 437 102 22 rådhuset
615 437 69 21 hållits
700 437 22 21 af
735 437 82 27 polisen
834 437 83 21 besatta

96 464 47 22 frän
165 465 39 21 den
226 466 26 20 22
272 465 31 21 till
323 465 39 21 och
384 466 48 21 med
452 466 40 21 den
508 467 28 20 29
551 465 58 28 april,
625 465 83 22 beslöto
724 465 191 26 stadsfullmäktige

96 493 39 22 hos
157 493 142 34 prokuratorn
315 494 7 20 i
337 494 111 27 kejserliga
464 497 88 19 senaten
566 494 33 21 för
614 494 89 21 Finland
719 493 73 22 anföra
809 493 107 28 klagomål

96 521 59 23 öfver
171 524 133 25 guvernören
321 523 38 20 och
374 523 142 21 ofvannämda
530 523 195 27 polistjänstemäns
741 522 113 27 brottsliga
872 521 43 22 för-

95 549 106 23 farande.»

164 579 88 28 Inlagan
268 580 31 21 till
315 580 141 27 prokuratorn
473 580 68 26 lyder:
563 580 49 21 »Uti
622 579 110 22 skrifvelse
742 579 23 22 af
773 579 40 22 den
826 580 24 20 11
861 579 55 27 april

98 608 54 21 1905
167 609 123 21 meddelade
306 611 132 24 guvernören
449 609 7 20 i
467 609 91 26 Viborgs
568 609 35 20 län
619 608 196 27 stadsfullmäktige,
826 611 32 18 att
867 608 48 23 han,

96 639 51 19 enär
167 637 86 21 stadens
271 638 111 25 magistrat
402 637 45 22 icke
462 637 103 22 anskaffat
580 637 55 22 lokal
650 637 33 21 för
698 637 36 22 det
748 638 58 20 inom
822 637 93 27 Viborgs

96 665 47 22 stad
158 666 143 21 innevarande
317 666 22 21 är
355 665 147 28 försiggäende
519 666 243 27 värnepliktsuppbädet,
778 665 70 22 funnit
864 666 51 26 godt

95 694 101 22 förordna
211 697 32 18 att
257 694 32 21 för
305 695 77 21 nämda
396 695 86 27 uppbäd
498 695 68 21 skulle
581 695 99 27 upplätas
696 694 113 22 »festsalen
825 695 6 20 i
847 694 68 22 stads-

95 722 64 22 huset
181 723 37 21 och
241 722 201 28 stadsfullmäktiges
466 724 94 21 därinvid
579 724 91 26 belägna
688 724 143 20 sessionsrum
848 723 67 27 jämte

95 751 85 21 tambur
195 752 47 20 med
259 752 68 21 därtill
343 752 93 21 hörande
452 752 64 27 nödig
530 752 123 26 inredning»
671 751 46 21 från
728 751 38 21 och
777 752 48 20 med
836 752 40 20 den
887 752 28 20 22

96 780 6 20 i
121 780 65 27 sagda
209 780 76 21 mänad
301 780 31 21 till
347 780 49 21 dess
412 780 251 27 uppbädsförrättningen
680 780 102 26 slutförts,
798 780 118 26 hvarjämte

97 810 132 26 guvernören
246 811 71 19 ansett
333 809 32 27 sig
379 810 49 20 böra
444 808 54 23 fästa
514 808 202 27 stadsftullmäktiges
728 808 187 28 uppmärksamhet

96 838 71 27 därpå,
186 840 33 18 att
237 837 41 21 han
295 844 50 15 vore
361 838 75 21 sinnad
451 840 31 18 att
497 838 96 27 begagna
607 838 41 20 alla
663 838 68 20 medel
745 836 33 22 för
794 837 121 21 undanröd-

93 866 66 27 jande
177 866 23 21 af
212 866 26 21 de
253 866 74 21 hinder
343 867 39 21 och
396 866 36 22 det
448 867 113 25 motstånd,
577 873 46 15 som
639 866 27 27 på
681 868 31 19 ett
727 866 50 21 eller
793 869 64 18 annat
873 868 42 18 sätt

95 894 140 28 tilläfventyrs
260 895 71 21 kunde
355 894 108 22 förhindra
487 895 165 27 förrättningens
676 895 60 26 gång.
767 895 11 20 I
801 894 113 26 anledning

95 923 61 22 häraf
174 924 82 21 beslöto
276 923 192 27 stadsfullmäktige
490 924 34 20 vid
543 924 39 21 den
600 924 26 20 16
641 924 7 20 i
664 930 80 14 samma
759 924 77 20 månad
851 923 64 21 hållet

95 952 158 22 sammanträde
267 952 92 27 delgifva
374 954 132 24 guvernören
522 955 36 19 att.
573 952 88 22 emedan
677 952 73 21 staden
768 952 91 26 lagligen
869 951 46 21 icke

96 987 51 15 vore
171 981 82 27 skyldig
274 982 31 20 att
327 981 87 27 upplåta
433 981 69 27 någon
522 981 24 21 af
558 981 47 21 sina
619 980 79 22 lokaler
713 980 32 21 för
761 980 155 22 ofvanberörda

96 1009 97 22 ändamål
208 1009 51 21 eller
280 1016 38 14 ens
333 1012 32 18 att
379 1009 56 21 tillse
450 1010 36 20 det
501 1010 64 26 nödig
579 1009 56 22 lokal
650 1009 32 21 för
698 1010 118 20 detsamma
831 1008 84 22 anskaf-

94 1038 65 25 fades,
179 1038 39 20 och
237 1038 123 20 förenämda
379 1038 74 21 staden
474 1038 105 27 tillhöriga
598 1038 79 21 lokaler
695 1044 52 14 voro
763 1037 104 27 behöfliga
882 1037 33 21 för

94 1066 67 21 andra
176 1066 103 25 ändamål,
295 1067 63 20 dessa
372 1066 45 21 icke
432 1066 71 21 kunde
518 1066 32 21 för
565 1066 120 21 ändamålet
700 1066 132 26 disponeras.

163 1094 123 21 Emellertid
302 1095 37 20 har
355 1101 89 14 numera
459 1095 86 20 stadens
561 1095 111 26 magistrat
684 1095 66 26 jämte
761 1094 111 21 skrifvelse
882 1094 32 21 för

94 1123 41 21 den
150 1123 13 21 6
179 1123 40 26 maj
237 1123 54 21 1903
307 1123 95 21 tillsändt
416 1123 191 27 stadsfullmäktige
622 1123 84 26 bilagda
721 1123 78 26 utdrag
813 1129 25 14 ur
848 1123 66 26 magi-

94 1153 93 20 stratens
206 1151 40 22 den
269 1152 27 21 22
311 1151 143 27 förutgångna
468 1152 53 26 april
538 1152 67 21 under
621 1152 11 27 $
647 1151 15 20 4
677 1151 110 21 tillkomna
801 1151 112 26 protokoll,

93 1179 76 22 hvaraf
188 1180 111 25 inhämtas,
318 1182 31 19 att
365 1181 85 20 stadens
466 1179 201 28 polismyndigheter
682 1180 7 20 i
704 1179 93 27 enlighet
813 1180 46 21 med
876 1186 38 20 gu-

94 1210 117 20 vernörens
231 1209 72 22 därom
320 1209 123 21 meddelade
458 1209 109 21 föreskrift
582 1208 107 27 sistsagda
704 1209 41 26 dag
760 1207 98 28 olofligen
875 1208 39 21 och

95 1243 76 21 genom
186 1237 81 21 inbrott
282 1237 75 21 beredt
372 1237 32 27 sig
419 1237 93 21 tillträde
527 1237 30 21 till
573 1237 126 25 oftanämda,
716 1237 73 21 staden
809 1236 104 27 tillhöriga

94 1266 79 21 lokaler
192 1266 8 20 i
218 1266 107 25 rådhuset,
345 1265 75 26 hvilka,
440 1266 66 26 enligt
528 1265 22 21 af
567 1266 137 26 magistraten
724 1265 84 21 lämnad
824 1264 89 28 uppgift.

93 1294 70 21 hållits
185 1293 23 22 af
229 1294 81 27 polisen
333 1294 83 21 besatta
433 1293 47 22 från
496 1294 40 21 den
552 1294 27 21 22
594 1294 31 21 till
640 1294 39 20 och
695 1294 47 21 med
758 1294 40 20 den
814 1294 27 20 29
856 1294 7 20 i
879 1294 35 20 be-

93 1323 64 21 rörda
179 1323 54 26 april
254 1322 83 22 månad.
366 1322 34 22 Då
422 1322 89 22 sålunda
534 1324 139 25 guvernören,
689 1322 94 27 värkliga
799 1322 115 22 statsrådet

93 1352 26 20 N.
136 1351 143 27 Mjäsojädow,
295 1351 84 21 hvilken
395 1352 36 20 det
446 1352 6 20 i
468 1352 106 26 egenskap
589 1350 23 22 af
624 1351 68 21 länets
708 1351 75 27 högsta
795 1354 118 23 styresman

94 1380 79 27 åligger
188 1382 31 19 att
235 1379 113 22 öfvervaka
363 1380 36 20 det
408 1380 93 26 ordning
510 1380 39 21 och
560 1380 98 21 säkerhet
668 1380 57 20 inom
736 1380 56 20 länet
803 1379 110 27 iakttagas,

94 1408 48 22 med
155 1408 174 22 öfverskridande
339 1408 23 22 af
370 1409 32 21 sin
413 1408 127 26 befogenhet
551 1408 38 22 och
600 1408 48 21 med
659 1408 138 21 användande
807 1407 24 21 af
838 1408 76 21 sådant

94 1436 55 25 våld,
165 1442 45 14 som
226 1437 7 19 i
251 1437 96 26 gällande
369 1436 95 26 strafflag
479 1438 24 18 är
518 1436 75 26 belagd
609 1436 48 20 med
673 1438 82 23 strängt
770 1442 83 18 ansvar,
867 1436 46 20 låtit

93 1466 50 25 taga
153 1463 146 28 ifrågakomna
309 1464 75 21 staden
395 1463 106 27 tillhöriga
510 1464 79 21 lokaler
598 1464 6 20 i
613 1464 116 26 besittning
736 1463 32 21 för
775 1463 139 21 omförmälda

93 1492 233 28 uppbådsförrättning,
345 1491 22 22 få
386 1491 191 28 stadsfullmäktige
593 1491 108 22 vördsamt
716 1492 39 21 hos
771 1491 49 22 herr
835 1491 78 28 proku-

93 1523 73 20 ratorn
181 1521 84 22 anhålla
279 1527 34 15 om
330 1521 74 26 åtgärd
419 1520 86 26 dårhän,
520 1523 31 19 att
566 1521 17 26 ej
600 1521 82 21 mindre
695 1520 94 27 värkliga
799 1520 117 22 statsrådet
