1117 1803
195 146 43 34 340
383 155 47 16 Den
442 155 77 21 lagliga
532 155 127 20 ordningens
673 153 155 18 återställande.
933 154 28 17 28
973 154 43 16 dec.

195 223 48 21 Jade
262 222 31 22 till
308 223 37 21 det
359 222 40 25 val,
415 222 27 27 på
458 222 68 27 grund
542 222 22 21 af
578 222 80 21 hvilket
670 222 38 26 jag
722 222 38 21 har
776 222 40 21 den
833 224 50 19 äran
899 223 31 20 att
944 222 72 26 intaga

193 258 29 14 en
245 251 55 27 plats
322 251 8 21 i
352 251 59 21 detta
431 250 68 26 stånd,
516 251 104 21 uttalades
643 250 101 26 enhälligt
759 251 27 26 på
800 250 56 22 båda
871 250 98 27 språken,
984 252 32 19 ätt

195 280 125 21 valmännen
337 280 77 21 skredo
429 279 32 21 till
476 280 54 20 valet
546 280 56 21 blott
616 280 68 21 under
696 279 40 21 den
745 279 159 27 förutsättning,
916 281 31 19 att
957 281 58 19 stän-

196 309 66 21 derna
285 308 68 22 skulle
375 308 21 21 få
418 308 81 21 tillfälle
521 310 31 20 att
568 308 70 22 utföra
653 308 38 21 sitt
705 308 74 21 arbete
794 308 67 21 under
875 308 49 21 fullt
939 308 77 27 lagliga

194 337 152 26 förhållanden,
362 336 109 22 äfvensom
488 340 30 18 att
534 337 26 21 de
575 337 62 21 valda
652 338 205 25 representanterna,
873 336 43 22 ifall
932 337 23 21 så
970 336 45 22 icke

196 365 68 22 blefve
279 365 64 26 fallet,
360 365 65 22 hällre
440 365 67 22 borde
522 365 104 27 nedlägga
641 365 37 21 sitt
694 365 91 21 mandat.
801 365 66 21 Detta
881 366 24 20 är
918 367 31 19 ett
960 367 54 19 utta-

194 394 69 25 lande,
271 394 64 21 också
351 394 40 25 det,
401 394 45 21 från
462 393 78 22 folkets
556 394 65 27 djupa
636 393 39 26 led,
686 395 30 19 ett
727 394 114 24 uttalande,
852 393 46 22 icke
909 393 106 22 beroende

194 424 28 26 på
237 423 102 27 tillfälliga
354 429 45 14 mer
415 423 51 20 eller
477 423 81 21 mindre
568 422 149 22 oöfvertänkta
727 422 116 25 ordanden,
854 424 50 19 utan
918 424 31 19 ett
959 424 55 19 utta-

194 451 68 26 lande,
277 451 80 22 hvilket
372 451 27 27 på
413 451 88 21 förhand
519 451 67 22 blifvit
602 452 120 25 noggrannt
737 450 111 27 öfvervägt
863 451 38 21 och
913 451 101 26 skriftligt

194 480 93 21 affattats
310 483 55 18 samt
387 480 101 26 enhälligt
510 480 35 21 vid
566 480 77 21 nämda
658 479 80 21 tillfälle
753 479 131 22 framfördes.
914 478 43 22 För
973 479 39 22 den

195 509 101 21 händelse
314 511 31 19 att
360 509 45 20 icke
420 509 136 26 tidningarna
571 509 64 26 ljuga,
652 508 67 21 måste
731 508 38 27 jag
784 507 55 22 hålla
854 508 71 21 såsom
942 507 71 26 gifvet,

193 541 32 17 att
240 537 61 22 äfven
317 537 34 21 vid
367 543 25 14 en
409 537 78 26 mängd
502 537 66 21 andra
583 536 95 22 tillfällen
693 536 22 21 af
729 543 80 14 samma
822 538 33 19 art
866 536 88 27 ungefär
965 543 48 14 ena-

194 566 70 21 handa
281 566 122 21 attalanden
419 565 57 22 skett
490 565 46 21 från
553 565 137 22 valmänneus
706 565 51 21 sida.
777 565 76 26 Någon
869 564 78 22 folkets
962 566 50 25 röst,

194 601 47 14 som
257 594 68 21 skulle
340 593 62 22 hafva
418 595 44 26 gått
475 595 7 20 i
497 596 88 19 motsatt
600 594 99 26 riktning,
714 594 39 21 har
767 594 130 21 åtminstone
912 593 46 22 icke
968 594 46 21 nått

194 623 32 20 till
241 623 49 26 mig.
321 622 97 22 Likasom
432 623 38 26 jag
487 623 33 21 vid
537 623 64 20 redan
617 621 138 22 omförmälda
770 621 81 22 tillfälle
865 622 45 21 helt
920 622 39 21 och
969 622 43 21 häl-

194 652 29 20 let
244 651 84 22 förenat
350 651 43 26 mig
413 651 47 21 med
485 651 25 21 de
533 651 37 21 där
587 651 74 27 gjorda
676 651 142 25 uttalandena,
834 651 37 20 har
887 650 45 21 icke
948 651 65 21 häller

194 679 70 28 nägon
287 686 47 15 som
355 679 56 22 hälst
432 680 162 27 omständighet,
611 685 45 15 som
673 679 64 21 sedan
753 679 49 21 dess
818 679 97 25 inträffat,
932 679 81 21 kunnat

193 709 66 21 värka
274 709 85 25 därhän,
375 711 31 18 att
418 708 37 26 jag
470 709 44 20 icke
530 708 68 21 skulle
614 707 83 21 tillfullo
712 708 85 20 ansluta
807 708 44 26 mig
861 707 32 21 till
903 708 36 21 det
949 707 63 21 form-

193 737 122 21 fulländade
333 737 39 21 och
395 736 58 22 klara
477 737 108 21 uttalande
608 736 22 21 af
648 736 69 21 denna
732 736 138 27 ständpunkt,
885 742 47 15 som
952 736 23 21 af
988 736 24 21 hr

193 766 93 21 Jansson
311 766 72 26 gjorts.
415 765 60 21 Dock
497 766 67 20 mäste
584 766 38 26 jag
642 765 48 21 med
712 764 81 27 hänsyn
810 764 31 22 till
856 766 31 20 att
902 765 41 21 den
959 765 54 21 enda

193 794 65 27 fråga,
274 800 46 16 som
340 794 116 22 tillsvidare
474 794 66 21 borde
561 794 65 21 blifva
641 793 89 21 föremål
745 793 33 21 för
793 793 126 21 ständernas
934 794 78 25 arbete,

193 823 46 21 icke
259 830 29 14 nu
303 824 42 20 kan
360 829 62 15 anses
438 822 169 24 slutbehandlad,
622 822 88 25 anhålla,
725 825 32 18 att
772 822 25 21 hr
811 822 106 22 Janssons
932 822 81 27 förslag

194 852 70 20 biefve
279 852 119 26 bordlagdt.
414 851 41 21 Det
471 858 28 14 nu
515 851 144 27 föreliggande
674 850 143 22 betänkandet
827 857 62 21 synes
900 851 44 27 mig
954 852 58 20 näm-

193 880 56 27 ligen
265 881 48 21 med
329 881 32 20 sin
377 880 131 21 reservation
524 886 50 15 vara
589 879 22 21 af
624 880 40 20 den
681 878 151 27 beskaffenhet,
848 881 31 19 att
895 880 26 21 de
935 880 77 26 yrkan-

193 909 41 21 den
257 910 27 26 pä
301 909 128 23 återremiss,
446 915 46 15 som
507 908 63 22 hafva
584 908 139 25 förekommit,
739 908 73 21 kunna
827 914 62 15 anses
906 908 61 22 hafva
982 910 30 20 ett

192 938 46 20 icke
254 938 24 21 sä
293 938 60 26 ringa
369 937 152 27 berättigande.
551 938 42 20 För
609 942 53 21 egen
678 936 33 21 del
726 936 69 21 mäste
807 936 38 27 jag
860 938 56 26 säga,
931 939 32 19 att
975 937 37 27 jag

192 966 46 21 icke
260 966 41 21 kan
323 966 69 21 känna
415 966 44 26 mig
477 966 117 27 synnerligt
610 965 128 27 optimistisk
753 964 131 22 beträffande
899 966 112 21 resultatet

193 995 22 21 af
237 1001 26 15 en
286 995 128 25 återremiss,
429 996 51 19 enär
500 995 58 21 detta
573 993 155 27 otvifvelaktigt
744 994 68 21 måste
828 994 64 21 blifva
905 994 107 21 beroende

193 1023 46 21 icke
259 1024 28 26 på
307 1024 146 26 majoritetens
473 1023 41 27 håg
528 1025 32 19 att
575 1025 73 19 närma
663 1022 34 27 sig
711 1023 147 21 minoritetens
874 1023 136 27 ståndpunkt,

193 1055 51 18 utan
260 1054 99 20 tvärtom.
388 1052 33 21 Då
436 1052 148 21 minoritetens
600 1051 132 27 ståndpunkt
748 1058 28 14 nu
792 1053 23 19 är
831 1051 71 24 sådan,
913 1058 45 15 som
971 1052 40 21 den

193 1081 5 20 i
216 1081 158 21 reservationen
385 1077 118 42 uttryckes,
518 1080 41 21 kan
572 1081 38 26 jag
625 1080 45 21 icke
685 1080 70 21 känna
769 1080 45 27 mig
829 1080 135 27 synnerligen
976 1080 35 21 be-

193 1112 68 24 nägen
277 1111 32 20 att
324 1111 33 20 tro
368 1109 32 27 på.
416 1111 30 19 att
462 1109 134 21 minoriteten
612 1109 33 20 för
660 1109 40 20 den
717 1108 55 27 goda
787 1109 77 20 sakens
878 1108 55 22 skull
944 1109 68 21 skulle

193 1138 96 21 befinnas
313 1138 94 27 benägen
428 1140 32 19 att
475 1137 43 22 helt
534 1138 38 21 och
588 1137 70 22 hållet.
674 1137 69 21 såsom
760 1137 74 27 nödigt
849 1137 74 26 blefve,
940 1137 72 28 stryka

192 1167 103 35 förslaget
310 1173 34 14 om
360 1173 26 14 en
401 1166 173 27 regeringsform.
588 1166 49 21 Men
654 1165 26 21 dä
695 1165 117 22 emellertid
826 1166 78 21 äfven
896 1172 38 21 jag
944 1166 68 21 skulle

192 1195 49 21 med
263 1196 23 20 sä
303 1195 84 27 mycket
401 1178 99 48 lifligare
506 1195 124 26 anslutning
644 1194 73 21 förena
733 1194 44 27 mig
791 1200 34 15 om
842 1196 30 19 ett
886 1194 81 27 förslag
981 1195 30 20 till

193 1224 198 21 ständeruttalande
413 1224 6 20 i
439 1212 69 32 denna
527 1223 63 27 fråga,
613 1229 33 15 om
664 1223 57 20 detta
737 1223 109 21 uttalande
861 1223 72 21 kunde
949 1223 63 22 blifva

193 1252 106 27 enhälligt,
315 1252 36 21 vill
371 1252 38 27 jag
430 1252 46 20 icke
499 1236 101 47 motsätta
619 1252 43 26 mig
677 1251 102 27 förslaget
794 1258 34 14 om
845 1252 121 20 återremiss
981 1252 30 20 till

193 1280 106 22 utskottet
314 1280 48 22 med
377 1280 108 21 uttalande
500 1280 80 24 därom,
595 1282 31 19 att
640 1280 106 21 utskottet
762 1280 64 21 måtte
841 1279 86 22 försöka
938 1280 74 26 bringa

193 1308 128 28 enhällighet
343 1309 66 21 åstad.
438 1308 47 21 Den
505 1308 155 28 hufvudpunkt,
676 1308 45 20 däri
736 1310 175 19 reservanternas
927 1308 84 27 skiljak-

192 1337 68 26 tighet
281 1340 22 18 är
325 1338 158 24 koncentrerad,
499 1339 23 19 är
537 1338 25 24 ju
580 1336 102 26 förslaget
703 1343 34 14 om
757 1343 24 14 en
798 1337 89 25 petition
903 1337 109 26 angående

191 1365 200 21 åstadkommandet
413 1364 22 21 af
454 1370 26 15 en
502 1371 27 20 ny
549 1363 172 27 regeringsform.
751 1364 124 21 Emellertid
891 1371 62 20 synes
970 1365 43 26 mig

193 1393 58 21 detta
271 1393 81 27 förslag
373 1393 44 21 icke
433 1392 33 21 stå
481 1393 7 19 i
504 1393 35 21 det
554 1393 74 20 intima
643 1392 154 27 sammanhang
812 1393 47 21 med
876 1392 75 27 själfva
966 1393 46 21 huf-

192 1421 123 27 vudfrågan,
331 1428 47 14 som
394 1421 92 26 önskligt
502 1428 56 14 vore.
582 1420 163 27 Hufvudfrågan
761 1422 23 19 är
797 1421 24 26 ju
836 1420 33 22 för
882 1422 130 21 närvarande

190 1449 107 28 yrkandet
317 1449 46 22 från
385 1449 126 22 ständernas
533 1450 44 21 sida
593 1449 27 27 på
635 1448 139 27 aflägsnande
789 1449 22 21 af
825 1449 35 22 det
875 1456 29 15 nu
920 1450 6 20 i
941 1449 71 22 landet

192 1479 94 21 rådande
301 1478 250 26 olaglighetstillståndet.
581 1479 42 20 Det
638 1478 61 21 torde
714 1478 33 21 väl
763 1478 46 21 icke
825 1479 72 21 kunna
911 1478 101 21 förutsät-

192 1510 40 23 tas,
247 1510 31 19 att
300 1508 7 21 i
330 1507 58 21 detta
408 1507 61 21 stånd
485 1507 70 26 någon
571 1506 69 21 skulle
656 1505 94 22 befinnas
766 1507 58 26 villig
840 1509 29 19 att
885 1510 77 24 antaga
977 1508 35 21 det

193 1537 26 20 de
241 1537 61 26 öden,
317 1536 71 21 hvilka
410 1536 46 21 vårt
471 1535 49 22 land
537 1535 67 22 under
620 1537 85 19 senaste
720 1535 23 22 år
760 1535 45 27 gått
819 1535 32 22 till
866 1537 62 25 möte,
944 1536 68 22 skulle
