1125 1811
93 150 24 17 21
129 150 43 17 dec.
431 144 141 33 Konkurslag.
874 144 39 20 127

420 249 12 19 2
455 247 135 28 kapitlet.

263 320 35 22 Om
314 321 79 22 värkan
409 320 26 22 af
447 320 64 23 inledt
527 320 221 23 konkursförfarande.

477 391 27 21 20
519 390 18 28 8.

162 435 36 21 Då
220 435 213 22 konkursförfarande
448 436 83 26 inledts,
546 436 58 21 skola
622 436 98 28 samtliga
737 436 118 28 tillgångar,
869 444 45 14 som

95 464 75 22 därvid
184 464 100 22 tillhörde
298 464 127 28 gäldenären
440 465 40 21 och
498 465 66 28 enligt
578 465 34 28 lag
627 464 41 22 fått
683 467 90 19 utmätas
789 464 34 22 för
837 465 55 28 gäld,
908 466 9 20 i

94 493 69 22 nedan
182 493 90 29 stadgad
294 494 89 27 ordning
405 493 120 22 förvandlas
540 494 7 21 i
562 494 115 29 penningar
698 494 40 21 och
761 494 106 21 användas
881 494 34 21 till

94 522 44 22 lika
159 522 107 28 betalning
281 522 22 21 af
320 522 52 22 hans
395 522 44 22 före
462 522 118 22 konkursen
602 522 110 22 tillkomna
726 522 56 29 gäld,
797 522 23 22 så
835 522 46 22 vidt
895 523 20 28 ej

95 551 100 22 särskildt
209 551 129 21 annorlunda
352 553 53 27 sägs.

163 580 96 21 Klander
274 580 22 21 af
317 583 132 23 testamente,
472 588 44 13 som
537 580 126 28 gäldenären
685 580 133 27 tillkommer,
833 580 34 21 må
881 580 37 20 för

95 608 144 21 konkursboet
258 609 86 26 utföras,
358 616 34 13 om
408 608 64 21 sådan
487 609 57 21 talan
560 609 66 21 redan
640 617 38 13 var
693 609 104 28 anhängig
812 608 37 22 vid
864 608 54 21 kon-

95 637 87 21 kursens
199 637 71 28 början
286 637 50 21 eller
350 637 126 28 gäldenären
492 637 118 29 medgifver
625 637 47 22 dess
688 637 203 28 anhängiggörande.

164 659 98 28 Åtnjuter
286 666 127 28 gäldenären
437 665 94 30 aflöning
555 667 51 20 eller
632 667 116 27 utmätning
773 665 142 22 underkastad

95 695 93 28 pension,
225 702 47 13 hvars
296 695 58 20 löne-
377 695 50 20 eller
450 695 175 29 pensionsbelopp
650 695 95 21 förfaller
760 695 33 21 till
809 695 92 21 betalnin;

95 724 56 21 mom
166 723 105 29 utgången
286 723 22 22 af
322 723 167 29 uppropsdagen,
503 724 68 29 gänge
586 724 23 21 af
623 724 72 28 hvarje
711 723 75 22 sådant
801 723 76 30 belopp
893 731 23 14 så

95 755 43 18 stor
153 752 42 27 del,
209 760 44 14 som
269 753 89 28 lagligen
374 752 42 21 fått
429 755 98 24 utmätas,
541 753 32 21 till
589 753 146 21 konkursboet.
755 753 44 21 Till
814 753 103 21 konkurs-

95 781 50 22 boet
159 781 67 28 gånge
242 781 100 21 likaledes
358 781 38 26 arf,
412 789 44 14 som
471 782 56 21 inom
542 782 77 21 nämda
632 782 31 21 tid
673 781 96 22 tillfaller
783 781 133 28 gäldenären.

479 846 23 19 21
521 846 18 27 8.

165 890 45 21 Har
232 890 54 21 efter
308 891 129 21 konkursens
460 891 71 27 början
554 891 102 27 egendom
671 891 33 20 till
725 891 125 28 gäldenären
866 890 53 21 eller

95 918 67 29 nägon
178 918 34 21 för
229 919 52 21 hans
304 919 88 26 räkning
415 918 149 22 öfverlämnats
588 919 50 21 eller
660 920 117 20 ankommit
791 920 7 20 i
813 918 66 29 grund
894 918 25 22 af

96 947 128 29 ömsesidigt,
241 955 47 13 men
303 948 21 20 af
339 948 126 26 gäldenären
483 950 53 19 ännu
552 948 48 21 icke
615 948 109 28 fullgjordt
739 948 59 26 aftal,
813 947 38 21 och
868 947 49 21 full-

95 978 61 26 göres
171 976 48 21 icke
234 976 63 21 äfven
312 976 137 28 gäldenärens
464 976 128 22 förbindelse
607 976 34 21 för
656 976 152 22 konkursboets
824 976 95 28 räkning,

96 1004 53 22 skall
164 1004 65 22 sädan
245 1006 100 27 egendom
361 1013 25 13 ur
401 1005 142 22 konkursboet
557 1005 131 21 äterlämnas.

164 1034 78 21 Finnes
258 1034 17 28 ej
292 1034 76 28 själfva
383 1034 135 28 egendomen,
533 1042 48 13 men
596 1034 34 21 för
644 1034 122 21 densamma
781 1033 89 22 erhållet
881 1041 38 15 ve-

96 1062 72 28 derlag
190 1064 7 20 i
221 1062 75 27 behäll,
314 1062 28 22 dä
363 1062 143 22 konkursboet
527 1063 23 21 af
572 1063 143 28 godemannen
737 1063 181 29 omhändertages,

97 1091 54 21 skall
166 1092 7 20 i
189 1092 71 20 stället
274 1092 60 20 detta
348 1092 65 21 värde
428 1092 97 28 utgifvas.

480 1156 27 19 22
523 1156 18 26 &.

165 1196 33 26 Är
212 1201 101 27 egendom
331 1201 46 20 frän
398 1208 68 14 annan
481 1204 33 17 ort
528 1201 32 20 till
578 1201 125 27 gäldenären
723 1200 75 21 afsänd
813 1200 23 21 af
850 1200 67 21 sädan

96 1230 119 27 anledning,
230 1237 43 13 som
288 1230 8 20 i
312 1230 25 20 21
354 1229 12 29 $
382 1232 63 25 sagts,
459 1229 39 21 och
514 1232 23 18 är
549 1229 50 21 eller
614 1229 75 21 varder
704 1228 215 22 konkursförfarande

95 1258 49 22 med
159 1258 53 22 hans
227 1258 27 21 bo
278 1258 95 28 hbegärdt,
390 1265 48 14 vare
461 1258 130 27 afsändaren,
606 1258 23 21 sä
650 1258 60 28 länge
726 1257 128 29 egendomen
869 1257 50 21 icke

96 1288 32 20 till
143 1287 206 21 bestämmelseorten
372 1287 117 21 ankommit
503 1287 39 21 och
557 1287 38 21 där
615 1286 178 28 omhändertagits
809 1286 22 21 af
845 1286 72 28 gälde-

96 1318 63 19 nären
175 1316 51 21 eller
248 1323 67 14 annan
331 1315 33 21 för
379 1315 52 21 hans
453 1315 94 28 räkning,
569 1315 119 28 berättigad
710 1318 32 18 att
757 1314 102 22 äterkalla
874 1314 45 21 för-

99 1344 129 29 sändningen
243 1344 40 22 och
298 1344 84 22 inställa
397 1344 139 28 egendomens
551 1344 140 21 utlämnande.

482 1408 25 20 23
524 1408 17 27 &.

165 1452 77 20 Finnes
265 1452 107 28 egendom,
394 1452 86 20 hvilken
495 1452 23 20 af
539 1452 68 26 nägon
622 1452 38 19 hos
682 1451 127 27 gäldenären
823 1451 95 20 nedsatts

98 1480 50 21 eller
162 1480 28 28 pä
212 1488 66 13 annan
301 1480 65 28 laglig
389 1479 66 27 grund
477 1479 80 21 kunnat
578 1478 133 28 äterbegäras
730 1486 25 13 ur
770 1478 148 26 konkursboet,

96 1508 48 21 icke
156 1508 71 21 vidare
242 1508 46 21 däri
298 1509 7 20 i
313 1508 77 27 behåll,
401 1515 38 20 ege
453 1508 41 20 han
505 1507 109 21 enahanda
625 1509 47 24 rätt,
684 1514 43 13 som
738 1507 32 20 till
783 1507 136 28 egendomen,

96 1537 34 22 till
145 1539 54 20 ännu
215 1537 123 21 utestäende
354 1536 100 28 vederlag
470 1536 32 21 för
517 1536 127 21 densamma.
