1117 1811
190 151 42 21 500
523 149 151 34 Bevillningar.
930 155 24 18 31
966 156 44 16 dec.

190 225 101 28 ständigt,
308 232 34 14 om
362 224 48 22 icke
425 224 112 22 ständerna
550 224 69 22 tillika
634 225 60 20 sökte
711 223 142 30 upprätthålla
867 227 67 18 status
964 231 25 13 quo
1005 225 6 20 i

189 253 101 22 afseende
309 253 12 22 &
341 253 142 27 bevillningen
503 253 55 21 intill
572 253 48 22 dess
635 256 32 18 att
681 260 48 14 svar
744 252 23 21 af
781 252 114 21 monarken
910 252 102 27 afgifvits,

190 282 104 21 huruvida
315 281 41 22 han
379 281 38 22 vill
438 281 128 27 tillmötesgå
583 281 122 22 ständernas
720 281 124 29 enständiga
858 281 154 28 framställning

190 318 34 14 om
240 310 41 22 den
297 310 78 28 lagliga
390 310 125 28 ordningens
531 310 147 22 återställande
694 310 51 21 eller
758 310 54 21 icke.
832 309 64 22 Först
906 311 38 20 när
953 309 59 22 detta

190 347 49 13 svar
261 339 122 26 ankommit,
404 338 129 22 tillkommer
554 339 37 21 det
612 338 113 22 ständerna
747 341 32 19 att
795 339 72 27 intaga
882 339 32 21 sin
928 338 84 29 slutliga

189 368 101 28 ställning
311 369 8 20 i
341 368 61 27 fråga
422 375 34 13 om
475 368 145 28 bevillningen.
649 368 111 20 Därintills
779 367 34 22 må
827 367 38 22 det
879 366 70 29 fortgå
964 367 48 21 med

189 397 43 21 den
251 396 120 29 bevillning,
386 404 43 14 som
449 396 76 22 hittills
539 397 75 27 utgått.
643 396 51 22 Men
709 396 37 22 det
761 398 23 19 är
798 396 65 22 också
877 396 23 21 af
914 396 53 26 vikt,
981 399 31 19 att

190 426 42 21 den
250 425 122 29 bevillning,
386 433 45 13 som
451 425 88 21 sälunda
553 426 67 28 enligt
633 426 44 20 min
691 426 64 20 tanke
769 433 29 13 nu
813 424 66 22 mäste
894 426 28 28 pä
936 432 76 22 propo-

189 455 90 21 sitionen
302 462 34 14 om
358 454 139 28 provisorium
515 454 93 28 beviljas,
622 454 48 21 icke
688 454 49 21 sker
751 454 28 28 pä
793 454 71 28 längre
879 454 32 21 tid
926 456 25 18 än
967 461 45 14 som

190 483 169 28 oundgängligen
376 482 87 23 tarfvas,
478 483 33 20 för
529 486 32 18 att
577 482 112 22 ständerna
704 482 59 21 skola
778 482 68 22 blifva
860 484 7 19 i
882 482 84 22 tillfälle
981 486 32 18 att

190 514 107 26 emottaga
319 511 124 21 monarkens
464 518 48 14 svar
534 512 27 27 pä
581 512 32 20 sin
636 511 153 27 framställning
809 510 108 22 äfvensom
932 511 34 21 för
981 514 32 18 att

190 540 158 22 statsutskottet
366 540 65 21 måtte
446 539 23 21 få
483 540 32 21 tid
530 543 32 18 att
576 540 84 21 komma
674 540 21 20 in
711 539 48 21 med
774 540 38 21 sitt
826 539 137 29 fullständiga
978 540 34 21 be-

191 568 106 22 tänkande
319 569 8 20 i
349 568 100 22 afseende
471 568 12 21 ä
505 568 164 29 statsbudgeten.
700 568 43 21 För
763 568 62 22 dessa
840 568 97 22 ändamål
953 576 60 14 anser

189 598 37 27 jag
248 605 25 13 en
292 597 31 22 tid
343 597 23 21 af
381 598 12 20 6
409 596 100 22 mänader
523 604 50 14 vara
588 597 128 28 erforderlig.
746 596 33 21 En
810 597 112 21 provisorisk
938 597 74 21 bevill-

190 627 51 26 ning
257 626 34 21 för
305 626 72 28 längre
391 625 32 22 tid
438 626 41 21 kan
493 626 36 27 jag
543 626 47 21 icke
605 633 50 14 anse
671 633 49 14 vara
735 625 46 22 utaf
793 604 101 43 Behofvet
907 625 105 29 påkallad.

191 654 49 22 Och
264 654 27 22 då
313 662 25 13 en
362 654 71 28 längre
455 654 43 21 tids
520 654 115 29 bevillning
649 654 87 21 sålunda
751 654 47 21 icke
813 654 39 21 har
866 654 46 21 skäl
927 655 34 20 för
976 655 37 27 sig,

190 683 68 22 skulle
274 683 47 26 den,
336 684 7 20 i
358 683 37 21 fall
411 683 39 22 den
466 683 81 27 utfölle,
562 683 22 21 få
599 683 123 21 karaktären
737 683 23 21 af
775 686 32 19 ett
816 683 56 28 slags
882 683 131 21 förtroende-

190 715 78 25 votum,
284 711 85 22 hvilken
389 711 40 22 den
449 713 97 27 regering
560 713 21 20 vi
596 719 28 14 nu
638 719 45 20 ega,
698 712 23 21 så
735 719 45 14 som
795 712 42 21 den
852 715 82 25 regerat
949 711 65 22 också

191 741 27 28 på
241 741 37 21 det
299 740 119 21 finansiella
440 740 100 27 området,
561 741 8 20 i
591 741 87 27 sanning
700 740 47 21 icke
771 743 23 18 är
812 740 89 28 förtjänt
915 741 28 20 af.
972 740 41 28 Jag

191 769 67 22 måste
278 769 73 22 därför
372 769 28 28 på
421 769 37 21 det
481 769 156 28 enständigaste
652 769 102 28 afstyrka,
769 771 32 19 att
815 769 41 21 den
871 769 142 29 provisoriska

192 798 120 28 bevillning,
334 797 87 22 hvarom
440 805 27 13 nu
483 799 22 20 är
520 797 65 29 fråga,
601 797 66 22 skulle
682 797 118 22 utsträckas
815 797 85 22 utöfver
915 799 12 20 6
943 798 70 21 måna-

190 827 44 21 der.
263 827 52 20 Men
334 826 34 21 för
385 825 62 22 dessa
469 827 12 20 6
503 826 99 21 månader
624 834 60 13 anser
699 827 34 27 jag
747 834 34 13 oss
796 826 48 21 icke
859 826 70 22 kunna
944 826 70 28 undgå

189 855 128 21 densamma.

259 912 34 21 Hr
307 912 44 22 Öh
360 919 71 14 man:
446 912 168 26 Framhällande,
629 914 31 19 att
674 912 35 28 jag
723 912 28 28 pä
765 912 52 26 skäl,
829 920 45 14 som
884 912 66 21 finnas
961 920 53 20 upp-

189 944 65 24 tagna
269 942 7 20 i
287 940 135 28 bevillnings-
432 940 39 22 och
485 941 165 21 statsutskottets
661 940 153 25 betänkanden,
824 942 64 28 jämte
899 940 33 27 de,
941 940 73 22 hvilka

190 970 40 21 här
244 969 92 22 förliden
350 969 81 28 gärdag
446 969 23 21 af
483 970 25 20 hr
522 970 62 21 Felix
598 969 78 22 Heikel
691 970 126 25 utvecklats,
831 970 87 21 anslutit
928 971 43 27 mig
980 970 33 21 till

190 998 40 22 den
247 998 88 27 åsikten,
350 1001 32 18 att
397 1006 25 13 en
436 998 128 29 provisorisk
579 998 115 28 bevillning
708 998 48 21 icke
771 1006 28 14 nu
810 998 39 22 bör
859 1001 81 25 vägras,
951 998 63 28 hyser

190 1028 35 48 jae
247 1027 65 22 likväl
335 1026 42 22 den
399 1026 86 28 åsikten,
507 1030 31 18 att
556 1027 65 28 sagda
635 1026 116 29 bevillning
765 1028 47 20 icke
828 1027 39 21 bör
882 1030 83 19 voteras
980 1027 34 21 för

198 1058 64 26 längre
284 1056 32 22 tid
339 1057 25 19 än
387 1056 145 28 ovillkorligen
547 1056 74 28 nödigt
637 1058 22 19 är
674 1056 33 21 för
722 1056 103 28 reglering
840 1056 23 21 af
877 1056 135 28 bevillnings-

191 1084 107 28 budgeten
318 1085 8 20 i
344 1084 48 22 dess
414 1084 77 27 helhet,
507 1084 38 22 och
563 1084 28 22 dä
605 1084 60 22 detta
679 1084 66 29 enligt
759 1086 49 20 mitt
823 1084 137 22 förmenande
974 1084 39 22 bör

190 1113 71 21 kunna
280 1113 37 21 ske
332 1113 7 21 i
354 1112 24 22 så
392 1113 41 28 god
448 1114 38 26 tid,
502 1116 32 18 att
548 1113 126 28 författning
687 1114 8 20 i
710 1113 87 22 ärendet
814 1114 57 20 inom
886 1113 58 21 förra
958 1113 54 22 hälf-

190 1145 35 18 ten
248 1142 23 22 af
293 1141 23 22 är
339 1142 54 21 1905
417 1143 40 20 kan
480 1142 101 27 utfärdas,
603 1142 38 21 har
657 1143 34 28 jag
706 1145 48 19 äran
771 1142 83 22 föreslå,
869 1145 32 19 att
916 1142 96 28 borgare-

190 1171 86 21 ständet
295 1170 72 27 mätte,
382 1171 49 21 med
449 1171 152 27 godkännande
616 1171 22 21 af
653 1171 41 21 den
709 1171 32 21 till
757 1171 167 22 statsutskottets
940 1171 73 21 betän-

191 1200 69 21 kande
282 1199 77 28 fogade
381 1201 160 24 reservationen,
557 1199 107 29 medgifva
683 1200 27 21 de
725 1200 161 27 ifrägavarande
902 1200 110 21 bevillnin-

190 1236 64 20 garna
270 1228 74 22 endast
358 1228 35 21 för
407 1228 57 21 förra
479 1228 80 22 hälften
574 1228 23 22 af
611 1228 23 21 är
649 1229 61 21 1905.
732 1228 10 21 I
757 1228 100 22 händelse
873 1231 139 19 reservanter-

190 1264 37 14 nas
242 1257 80 28 förslag
337 1257 124 21 härutinnan
476 1257 23 21 af
513 1256 172 29 borgareständet
701 1257 127 28 godkännes,
844 1257 61 21 utber
918 1258 36 27 jag
969 1258 43 27 mig

190 1289 33 18 att
237 1293 73 14 senare
325 1285 23 21 fä
362 1285 77 21 föreslä
454 1293 26 14 en
495 1285 61 22 häraf
569 1286 112 21 föranledd
696 1286 122 28 förändring
832 1287 31 20 uti
878 1286 134 22 statsutskot-

190 1317 42 19 tets
248 1314 56 21 kläm
319 1314 29 28 pä
362 1314 53 21 sidd.
432 1314 27 21 14
473 1314 40 21 och
529 1316 33 20 15.

258 1369 35 22 Hr
313 1369 166 29 Clouberg:
509 1370 40 21 För
563 1371 44 20 min
622 1370 34 21 del
671 1370 93 21 ansluter
777 1371 36 27 jag
828 1371 44 27 mig
886 1373 50 18 utan
948 1370 64 28 nägot

189 1397 134 22 betänkande
344 1398 34 20 till
400 1398 55 26 dem,
475 1405 44 13 som
541 1399 8 19 i
569 1398 93 28 enlighet
680 1399 48 20 med
743 1398 136 28 bevillnings-
894 1398 39 22 och
949 1401 63 19 stats-

190 1426 119 22 utskottens
324 1426 147 22 betänkanden
487 1426 56 22 hälla
558 1426 51 28 före,
624 1430 32 18 att
665 1430 32 18 ett
705 1428 139 28 provisorium
856 1427 34 21 för
902 1426 110 22 bevillnin-

188 1463 42 42 gon
244 1455 48 22 från
306 1458 61 19 nästa
381 1455 33 22 års
429 1455 74 29 början
519 1455 63 22 borde
597 1455 24 22 af
634 1455 113 22 ständerna
761 1460 93 25 antagas,
869 1456 34 22 för
913 1459 32 19 att
956 1456 56 21 före-

204 1492 70 14 omma
289 1484 26 22 de
331 1484 161 27 förvecklingar,
507 1491 45 14 som
567 1492 75 14 annars
657 1484 67 22 skulle
738 1484 69 22 blifva
821 1492 27 14 en
862 1485 54 21 följd
926 1484 23 22 af
958 1488 53 18 mot-

188 1515 77 20 satsen.
294 1513 48 22 Hos
364 1513 44 28 mig
422 1512 39 22 har
475 1512 48 22 rädt
537 1513 131 28 synnerligen
683 1515 44 20 stor
741 1513 85 27 tvekan,
841 1521 34 14 om
906 1517 43 18 detta
964 1521 48 22 pro-

190 1542 99 21 visorium
308 1541 65 23 borde
395 1541 87 29 beviljas
502 1541 33 22 för
550 1542 12 21 6
577 1541 100 22 månader
691 1542 52 21 eller
757 1542 34 22 för
806 1545 31 19 ett
852 1543 45 21 helt
911 1543 29 21 år.
969 1543 43 21 För
