1095 1786
77 131 24 17 31
112 136 20 15 p.
145 131 96 18 maalisk.
355 127 262 33 Asevelvollisuusasetus.
856 129 39 20 771

76 200 116 22 destånden
201 201 138 22 oförändradt
353 202 109 27 godkännt
477 202 115 22 utskottets
608 202 133 22 betänkande
755 209 34 14 n:o
805 202 14 21 3
833 203 7 20 i
855 209 38 15 an-

76 229 87 27 ledning
177 229 23 21 af
213 230 217 27 petitionsmemorial,
446 237 46 15 som
507 231 8 20 i
530 231 96 26 samtliga
642 231 63 21 stånd
720 231 93 26 ingifvits
829 231 66 26 angå-

76 257 55 21 ende
145 258 148 22 inställande
309 259 27 21 af
349 259 215 27 myndigheternas
580 259 202 27 tvångsåtgärder
793 259 42 22 för
843 261 51 20 vär-

76 285 303 29 nepliktsförfattningens
401 287 28 21 af
450 287 47 21 den
513 287 28 21 12
553 287 51 27 juli
620 287 39 27 (29
671 287 67 27 juni)
755 287 58 22 1901
827 287 68 21 brin-

78 313 78 28 gande
171 314 9 21 i
196 314 195 28 värkställighet,
407 315 111 21 hvaremot
540 315 147 27 ridderskapet
710 315 40 21 och
764 315 68 26 adeln,
847 321 47 15 som

76 342 122 22 äfvenledes
222 342 109 28 godkännt
346 344 57 21 detta
418 344 133 21 betänkande
571 344 49 21 med
634 344 46 21 däri
693 344 105 26 ingående
813 344 82 21 resolu-

77 370 143 29 tionsförslag,
236 372 163 22 återremitterat
418 372 141 22 betänkandet
574 372 31 21 till
626 372 105 22 utskottet
745 372 7 22 i
768 372 99 22 afseende
883 372 12 21 å

76 399 155 28 förtydligande
246 400 86 27 därhän,
347 403 32 19 att
393 402 40 21 den
449 401 154 27 värnepliktiga
619 402 133 26 ungdomens
767 403 79 25 vägran
863 402 33 20 att

77 428 85 22 inställa
184 429 33 27 sig
238 430 36 21 vid
296 430 113 26 uppbåden
433 430 68 21 skulle
523 430 141 27 uttryckligen
680 430 48 21 med
744 430 91 27 gillande
850 436 46 14 om-

77 459 95 20 nämnas.
201 458 33 21 Då
256 458 90 22 sålunda
360 458 102 28 lagenligt
479 458 158 22 ständerbeslut
650 458 121 28 föreligger,
786 459 7 21 i
809 459 36 21 det
860 460 35 19 att

78 487 98 27 samtliga
198 487 63 21 stånd
290 487 109 27 godkännt
419 487 115 22 utskottets
557 488 133 21 betänkande
712 487 40 21 och
774 488 75 21 endast
865 489 31 19 ett

78 515 63 22 stånd
162 516 46 21 däri
230 516 76 21 önskat
327 518 31 19 ett
380 516 78 28 tillägg,
481 516 39 22 har
535 516 105 22 utskottet
660 516 124 22 öfversändt
799 515 97 23 handlin-

79 550 66 21 garna
159 544 7 22 i
182 545 87 21 ärendet
284 544 31 22 till
331 545 244 27 expeditionsutskottet.

354 601 31 22 På
399 602 117 21 utskottets
531 604 92 25 vägnar:

381 652 23 21 V.
421 653 31 22 M.
469 659 42 14 von
526 653 68 21 Born.

405 693 13 17 f.
431 694 13 16 t.
456 691 115 20 ordförande.

653 743 70 18 Kaarlo
735 743 92 24 Ignatius.

147 796 47 21 Hra
208 796 11 21 I
228 796 125 27 gnatius
368 796 61 27 pyysi
444 796 166 27 puheenvuoroa
621 795 23 28 ja
659 795 78 22 lausui:
754 795 34 22 Då
803 795 40 21 den
852 795 45 26 sak,

81 831 46 16 som
149 825 87 21 beröres
250 825 8 20 i
273 825 69 21 denna
363 825 95 26 petition,
480 831 89 14 numera
583 824 69 22 blifvit
667 823 90 28 afgjord,
772 823 123 22 hemställer

78 854 43 27 jag,
135 853 106 22 huruvida
255 853 45 21 icke
316 853 26 22 de
363 853 23 20 af
399 853 96 22 ståndets
512 853 144 25 medlemmar,
672 859 46 15 som
734 853 85 21 tillhöra
835 858 62 21 expe-

79 882 190 25 ditionsutskottet,
285 881 48 21 ville
348 884 49 24 taga
411 882 8 20 i
434 881 160 26 öfvervägande,
609 881 105 21 huruvida
724 881 71 27 någon
806 881 90 26 petition

79 916 89 16 numera
182 910 40 22 alls
236 910 8 21 i
260 910 68 21 denna
343 910 59 26 fråga
416 910 42 21 kan
473 910 39 21 och
527 910 38 21 bör
580 909 108 22 aflämnas.

149 967 52 21 Asia
216 967 18 21 ei
249 967 96 21 vaatinut
359 966 79 22 mitään
453 966 162 28 toimenpidettä
629 966 79 27 säädyn
724 966 103 28 puolesta.

149 1116 106 22 Esiteltiin
271 1116 227 22 valtiovaliokunnasta
512 1117 70 25 tullut,
597 1116 49 21 näin
662 1116 94 22 kuuluva
770 1115 106 28 kirjelmä:

178 1180 96 22 FINLANDS
290 1175 99 26 STÄNDERS

105 1233 363 37 STATSUTSKOTT.

193 1325 186 21 HELSINGFORS,

185 1366 34 19 den
232 1367 27 17 30
267 1373 52 12 mars
332 1366 55 18 1905.

517 1293 40 22 Till
573 1292 105 28 vällofliga
692 1293 185 27 borgareståndet.

247 1429 37 18 N:o
296 1430 27 17 57.

151 1487 71 21 Jämte
244 1486 36 21 det
308 1486 160 22 statsutskottet
489 1485 123 28 härigenom
626 1485 39 21 har
688 1487 50 20 äran
753 1485 102 27 meddela,
870 1487 32 20 att

84 1516 49 22 dess
154 1514 134 23 betänkande
307 1521 34 15 n:o
357 1514 13 22 3
391 1514 7 22 i
418 1514 114 28 anledning
547 1514 20 22 af
589 1514 160 27 delegationens
764 1514 33 22 för
812 1514 27 22 de
853 1515 47 21 An-
