<?xml version="1.0" encoding="UTF-8"?>
<alto xmlns="http://www.loc.gov/standards/alto/ns-v3#" xmlns:xlink="http://www.w3.org/1999/xlink" xmlns:xsi="http://www.w3.org/2001/XMLSchema-instance" xsi:schemaLocation="http://www.loc.gov/standards/alto/ns-v3# http://www.loc.gov/alto/v3/alto-3-0.xsd">
	<Description>
		<MeasurementUnit>pixel</MeasurementUnit>
		<sourceImageInformation>
			<fileName>/tmp/tess_27qttw6a_input.PNG</fileName>
		</sourceImageInformation>
		<OCRProcessing ID="OCR_0">
			<ocrProcessingStep>
				<processingSoftware>
					<softwareName>tesseract 5.3.4</softwareName>
				</processingSoftware>
			</ocrProcessingStep>
		</OCRProcessing>
	</Description>
	<Layout>
		<Page WIDTH="1092" HEIGHT="1792" PHYSICAL_IMG_NR="0" ID="page_0">
			<PrintSpace HPOS="0" VPOS="0" WIDTH="1092" HEIGHT="1792">
				<ComposedBlock ID="cblock_0" HPOS="178" VPOS="138" WIDTH="821" HEIGHT="34">
					<TextBlock ID="block_0" HPOS="178" VPOS="138" WIDTH="821" HEIGHT="34">
						<TextLine ID="line_0" HPOS="178" VPOS="138" WIDTH="821" HEIGHT="34">
							<String ID="string_0" HPOS="178" VPOS="138" WIDTH="43" HEIGHT="34" WC="0.96" CONTENT="820"/><SP WIDTH="182" VPOS="138" HPOS="221"/>
							<String ID="string_1" HPOS="403" VPOS="148" WIDTH="127" HEIGHT="20" WC="0.92" CONTENT="Epäkohdat"/><SP WIDTH="12" VPOS="148" HPOS="530"/>
							<String ID="string_2" HPOS="542" VPOS="148" WIDTH="145" HEIGHT="16" WC="0.91" CONTENT="koulutoimen"/><SP WIDTH="13" VPOS="148" HPOS="687"/>
							<String ID="string_3" HPOS="700" VPOS="148" WIDTH="68" HEIGHT="16" WC="0.92" CONTENT="alalla."/><SP WIDTH="79" VPOS="148" HPOS="768"/>
							<String ID="string_4" HPOS="847" VPOS="148" WIDTH="25" HEIGHT="16" WC="0.93" CONTENT="10"/><SP WIDTH="13" VPOS="148" HPOS="872"/>
							<String ID="string_5" HPOS="885" VPOS="152" WIDTH="19" HEIGHT="16" WC="0.91" CONTENT="p."/><SP WIDTH="13" VPOS="152" HPOS="904"/>
							<String ID="string_6" HPOS="917" VPOS="147" WIDTH="82" HEIGHT="17" WC="0.91" CONTENT="huhtik."/>
						</TextLine>
					</TextBlock>
				</ComposedBlock>
				<GraphicalElement ID="cblock_1" HPOS="177" VPOS="175" WIDTH="719" HEIGHT="6"></GraphicalElement >
				<ComposedBlock ID="cblock_2" HPOS="174" VPOS="200" WIDTH="829" HEIGHT="1215">
					<TextBlock ID="block_1" HPOS="175" VPOS="200" WIDTH="828" HEIGHT="185">
						<TextLine ID="line_1" HPOS="928" VPOS="200" WIDTH="13" HEIGHT="11">
							<String ID="string_7" HPOS="928" VPOS="200" WIDTH="13" HEIGHT="11" WC="0.47" CONTENT="N"/>
						</TextLine>
						<TextLine ID="line_2" HPOS="178" VPOS="214" WIDTH="822" HEIGHT="29">
							<String ID="string_8" HPOS="178" VPOS="215" WIDTH="37" HEIGHT="21" WC="0.93" CONTENT="det"/><SP WIDTH="22" VPOS="215" HPOS="215"/>
							<String ID="string_9" HPOS="237" VPOS="214" WIDTH="47" HEIGHT="22" WC="0.90" CONTENT="frän"/><SP WIDTH="22" VPOS="214" HPOS="284"/>
							<String ID="string_10" HPOS="306" VPOS="215" WIDTH="131" HEIGHT="27" WC="0.92" CONTENT="pedagogisk"/><SP WIDTH="22" VPOS="215" HPOS="437"/>
							<String ID="string_11" HPOS="459" VPOS="216" WIDTH="109" HEIGHT="27" WC="0.92" CONTENT="synpunkt"/><SP WIDTH="22" VPOS="216" HPOS="568"/>
							<String ID="string_12" HPOS="590" VPOS="215" WIDTH="68" HEIGHT="21" WC="0.96" CONTENT="skulle"/><SP WIDTH="19" VPOS="215" HPOS="658"/>
							<String ID="string_13" HPOS="677" VPOS="222" WIDTH="50" HEIGHT="14" WC="0.96" CONTENT="vara"/><SP WIDTH="17" VPOS="222" HPOS="727"/>
							<String ID="string_14" HPOS="744" VPOS="216" WIDTH="132" HEIGHT="26" WC="0.96" CONTENT="nödvändigt"/><SP WIDTH="14" VPOS="216" HPOS="876"/>
							<String ID="string_15" HPOS="890" VPOS="216" WIDTH="8" HEIGHT="20" WC="0.95" CONTENT="i"/><SP WIDTH="15" VPOS="216" HPOS="898"/>
							<String ID="string_16" HPOS="913" VPOS="216" WIDTH="40" HEIGHT="21" WC="0.96" CONTENT="och"/><SP WIDTH="14" VPOS="216" HPOS="953"/>
							<String ID="string_17" HPOS="967" VPOS="216" WIDTH="33" HEIGHT="21" WC="0.96" CONTENT="för"/>
						</TextLine>
						<TextLine ID="line_3" HPOS="177" VPOS="243" WIDTH="824" HEIGHT="27">
							<String ID="string_18" HPOS="177" VPOS="244" WIDTH="120" HEIGHT="22" WC="0.92" CONTENT="inlärandet"/><SP WIDTH="21" VPOS="244" HPOS="297"/>
							<String ID="string_19" HPOS="318" VPOS="243" WIDTH="23" HEIGHT="22" WC="0.96" CONTENT="af"/><SP WIDTH="22" VPOS="243" HPOS="341"/>
							<String ID="string_20" HPOS="363" VPOS="244" WIDTH="58" HEIGHT="21" WC="0.93" CONTENT="detta"/><SP WIDTH="22" VPOS="244" HPOS="421"/>
							<String ID="string_21" HPOS="443" VPOS="244" WIDTH="65" HEIGHT="26" WC="0.92" CONTENT="spräk"/><SP WIDTH="20" VPOS="244" HPOS="508"/>
							<String ID="string_22" HPOS="528" VPOS="244" WIDTH="7" HEIGHT="21" WC="0.93" CONTENT="i"/><SP WIDTH="15" VPOS="244" HPOS="535"/>
							<String ID="string_23" HPOS="550" VPOS="244" WIDTH="37" HEIGHT="21" WC="0.93" CONTENT="det"/><SP WIDTH="15" VPOS="244" HPOS="587"/>
							<String ID="string_24" HPOS="602" VPOS="244" WIDTH="58" HEIGHT="26" WC="0.93" CONTENT="mätt,"/><SP WIDTH="16" VPOS="244" HPOS="660"/>
							<String ID="string_25" HPOS="676" VPOS="250" WIDTH="47" HEIGHT="15" WC="0.96" CONTENT="som"/><SP WIDTH="15" VPOS="250" HPOS="723"/>
							<String ID="string_26" HPOS="738" VPOS="244" WIDTH="7" HEIGHT="21" WC="0.95" CONTENT="i"/><SP WIDTH="15" VPOS="244" HPOS="745"/>
							<String ID="string_27" HPOS="760" VPOS="244" WIDTH="74" HEIGHT="22" WC="0.96" CONTENT="skolan"/><SP WIDTH="15" VPOS="244" HPOS="834"/>
							<String ID="string_28" HPOS="849" VPOS="244" WIDTH="42" HEIGHT="22" WC="0.96" CONTENT="kan"/><SP WIDTH="15" VPOS="244" HPOS="891"/>
							<String ID="string_29" HPOS="906" VPOS="244" WIDTH="40" HEIGHT="22" WC="0.96" CONTENT="och"/><SP WIDTH="15" VPOS="244" HPOS="946"/>
							<String ID="string_30" HPOS="961" VPOS="244" WIDTH="40" HEIGHT="22" WC="0.96" CONTENT="bör"/>
						</TextLine>
						<TextLine ID="line_4" HPOS="178" VPOS="272" WIDTH="821" HEIGHT="27">
							<String ID="string_31" HPOS="178" VPOS="272" WIDTH="124" HEIGHT="27" WC="0.91" CONTENT="uppställas,"/><SP WIDTH="23" VPOS="272" HPOS="302"/>
							<String ID="string_32" HPOS="325" VPOS="272" WIDTH="40" HEIGHT="22" WC="0.96" CONTENT="och"/><SP WIDTH="22" VPOS="272" HPOS="365"/>
							<String ID="string_33" HPOS="387" VPOS="272" WIDTH="26" HEIGHT="22" WC="0.96" CONTENT="dä"/><SP WIDTH="22" VPOS="272" HPOS="413"/>
							<String ID="string_34" HPOS="435" VPOS="278" WIDTH="48" HEIGHT="16" WC="0.96" CONTENT="man"/><SP WIDTH="23" VPOS="278" HPOS="483"/>
							<String ID="string_35" HPOS="506" VPOS="275" WIDTH="58" HEIGHT="19" WC="0.93" CONTENT="ännu"/><SP WIDTH="21" VPOS="275" HPOS="564"/>
							<String ID="string_36" HPOS="585" VPOS="272" WIDTH="70" HEIGHT="22" WC="0.91" CONTENT="därtill"/><SP WIDTH="20" VPOS="272" HPOS="655"/>
							<String ID="string_37" HPOS="675" VPOS="272" WIDTH="63" HEIGHT="27" WC="0.92" CONTENT="yrkar"/><SP WIDTH="18" VPOS="272" HPOS="738"/>
							<String ID="string_38" HPOS="756" VPOS="273" WIDTH="33" HEIGHT="26" WC="0.96" CONTENT="pä,"/><SP WIDTH="15" VPOS="273" HPOS="789"/>
							<String ID="string_39" HPOS="804" VPOS="275" WIDTH="31" HEIGHT="19" WC="0.96" CONTENT="att"/><SP WIDTH="16" VPOS="275" HPOS="835"/>
							<String ID="string_40" HPOS="851" VPOS="273" WIDTH="57" HEIGHT="21" WC="0.93" CONTENT="vissa"/><SP WIDTH="15" VPOS="273" HPOS="908"/>
							<String ID="string_41" HPOS="923" VPOS="274" WIDTH="76" HEIGHT="20" WC="0.91" CONTENT="ämnen"/>
						</TextLine>
						<TextLine ID="line_5" HPOS="177" VPOS="301" WIDTH="826" HEIGHT="27">
							<String ID="string_42" HPOS="177" VPOS="301" WIDTH="63" HEIGHT="21" WC="0.92" CONTENT="skola"/><SP WIDTH="17" VPOS="301" HPOS="240"/>
							<String ID="string_43" HPOS="257" VPOS="301" WIDTH="78" HEIGHT="21" WC="0.92" CONTENT="inläras"/><SP WIDTH="20" VPOS="301" HPOS="335"/>
							<String ID="string_44" HPOS="355" VPOS="301" WIDTH="28" HEIGHT="26" WC="0.97" CONTENT="pä"/><SP WIDTH="14" VPOS="301" HPOS="383"/>
							<String ID="string_45" HPOS="397" VPOS="301" WIDTH="58" HEIGHT="21" WC="0.93" CONTENT="detta"/><SP WIDTH="16" VPOS="301" HPOS="455"/>
							<String ID="string_46" HPOS="471" VPOS="301" WIDTH="71" HEIGHT="27" WC="0.91" CONTENT="spräk."/><SP WIDTH="22" VPOS="301" HPOS="542"/>
							<String ID="string_47" HPOS="564" VPOS="301" WIDTH="63" HEIGHT="22" WC="0.93" CONTENT="Visar"/><SP WIDTH="15" VPOS="301" HPOS="627"/>
							<String ID="string_48" HPOS="642" VPOS="307" WIDTH="30" HEIGHT="15" WC="0.93" CONTENT="nu"/><SP WIDTH="15" VPOS="307" HPOS="672"/>
							<String ID="string_49" HPOS="687" VPOS="301" WIDTH="45" HEIGHT="21" WC="0.90" CONTENT="icke"/><SP WIDTH="15" VPOS="301" HPOS="732"/>
							<String ID="string_50" HPOS="747" VPOS="301" WIDTH="38" HEIGHT="21" WC="0.96" CONTENT="allt"/><SP WIDTH="15" VPOS="301" HPOS="785"/>
							<String ID="string_51" HPOS="800" VPOS="301" WIDTH="63" HEIGHT="26" WC="0.96" CONTENT="detta,"/><SP WIDTH="15" VPOS="301" HPOS="863"/>
							<String ID="string_52" HPOS="878" VPOS="303" WIDTH="32" HEIGHT="20" WC="0.96" CONTENT="att"/><SP WIDTH="10" VPOS="303" HPOS="910"/>
							<String ID="string_53" HPOS="920" VPOS="308" WIDTH="49" HEIGHT="15" WC="0.96" CONTENT="man"/><SP WIDTH="11" VPOS="308" HPOS="969"/>
							<String ID="string_54" HPOS="980" VPOS="301" WIDTH="23" HEIGHT="22" WC="0.97" CONTENT="af"/>
						</TextLine>
						<TextLine ID="line_6" HPOS="176" VPOS="329" WIDTH="824" HEIGHT="28">
							<String ID="string_55" HPOS="176" VPOS="329" WIDTH="77" HEIGHT="22" WC="0.96" CONTENT="skolan"/><SP WIDTH="16" VPOS="329" HPOS="253"/>
							<String ID="string_56" HPOS="269" VPOS="329" WIDTH="36" HEIGHT="22" WC="0.96" CONTENT="vill"/><SP WIDTH="16" VPOS="329" HPOS="305"/>
							<String ID="string_57" HPOS="321" VPOS="331" WIDTH="52" HEIGHT="25" WC="0.96" CONTENT="göra"/><SP WIDTH="14" VPOS="331" HPOS="373"/>
							<String ID="string_58" HPOS="387" VPOS="335" WIDTH="26" HEIGHT="15" WC="0.93" CONTENT="en"/><SP WIDTH="16" VPOS="335" HPOS="413"/>
							<String ID="string_59" HPOS="429" VPOS="329" WIDTH="53" HEIGHT="22" WC="0.92" CONTENT="härd"/><SP WIDTH="14" VPOS="329" HPOS="482"/>
							<String ID="string_60" HPOS="496" VPOS="329" WIDTH="33" HEIGHT="22" WC="0.93" CONTENT="för"/><SP WIDTH="15" VPOS="329" HPOS="529"/>
							<String ID="string_61" HPOS="544" VPOS="329" WIDTH="87" HEIGHT="28" WC="0.92" CONTENT="politisk"/><SP WIDTH="14" VPOS="329" HPOS="631"/>
							<String ID="string_62" HPOS="645" VPOS="330" WIDTH="144" HEIGHT="27" WC="0.93" CONTENT="propaganda,"/><SP WIDTH="15" VPOS="330" HPOS="789"/>
							<String ID="string_63" HPOS="804" VPOS="330" WIDTH="46" HEIGHT="21" WC="0.92" CONTENT="icke"/><SP WIDTH="15" VPOS="330" HPOS="850"/>
							<String ID="string_64" HPOS="865" VPOS="336" WIDTH="26" HEIGHT="15" WC="0.93" CONTENT="en"/><SP WIDTH="12" VPOS="336" HPOS="891"/>
							<String ID="string_65" HPOS="903" VPOS="330" WIDTH="97" HEIGHT="27" WC="0.92" CONTENT="uppfost-"/>
						</TextLine>
						<TextLine ID="line_7" HPOS="175" VPOS="358" WIDTH="335" HEIGHT="27">
							<String ID="string_66" HPOS="175" VPOS="359" WIDTH="73" HEIGHT="26" WC="0.92" CONTENT="rings-"/><SP WIDTH="15" VPOS="359" HPOS="248"/>
							<String ID="string_67" HPOS="263" VPOS="358" WIDTH="40" HEIGHT="22" WC="0.93" CONTENT="och"/><SP WIDTH="16" VPOS="358" HPOS="303"/>
							<String ID="string_68" HPOS="319" VPOS="358" WIDTH="191" HEIGHT="27" WC="0.92" CONTENT="bildningsanstalt."/>
						</TextLine>
					</TextBlock>
					<TextBlock ID="block_2" HPOS="174" VPOS="387" WIDTH="827" HEIGHT="84">
						<TextLine ID="line_8" HPOS="247" VPOS="387" WIDTH="752" HEIGHT="28">
							<String ID="string_69" HPOS="247" VPOS="387" WIDTH="38" HEIGHT="22" WC="0.91" CONTENT="Uti"/><SP WIDTH="14" VPOS="387" HPOS="285"/>
							<String ID="string_70" HPOS="299" VPOS="387" WIDTH="144" HEIGHT="22" WC="0.92" CONTENT="betänkandet"/><SP WIDTH="14" VPOS="387" HPOS="443"/>
							<String ID="string_71" HPOS="457" VPOS="389" WIDTH="88" HEIGHT="20" WC="0.91" CONTENT="nämnes"/><SP WIDTH="16" VPOS="389" HPOS="545"/>
							<String ID="string_72" HPOS="561" VPOS="394" WIDTH="35" HEIGHT="15" WC="0.96" CONTENT="om"/><SP WIDTH="16" VPOS="394" HPOS="596"/>
							<String ID="string_73" HPOS="612" VPOS="387" WIDTH="40" HEIGHT="22" WC="0.93" CONTENT="den"/><SP WIDTH="13" VPOS="387" HPOS="652"/>
							<String ID="string_74" HPOS="665" VPOS="387" WIDTH="97" HEIGHT="27" WC="0.92" CONTENT="pression"/><SP WIDTH="12" VPOS="387" HPOS="762"/>
							<String ID="string_75" HPOS="774" VPOS="394" WIDTH="48" HEIGHT="15" WC="0.93" CONTENT="man"/><SP WIDTH="12" VPOS="394" HPOS="822"/>
							<String ID="string_76" HPOS="834" VPOS="387" WIDTH="58" HEIGHT="22" WC="0.93" CONTENT="öfvat"/><SP WIDTH="10" VPOS="387" HPOS="892"/>
							<String ID="string_77" HPOS="902" VPOS="390" WIDTH="45" HEIGHT="19" WC="0.93" CONTENT="mot"/><SP WIDTH="10" VPOS="390" HPOS="947"/>
							<String ID="string_78" HPOS="957" VPOS="389" WIDTH="42" HEIGHT="26" WC="0.92" CONTENT="pri-"/>
						</TextLine>
						<TextLine ID="line_9" HPOS="178" VPOS="415" WIDTH="823" HEIGHT="28">
							<String ID="string_79" HPOS="178" VPOS="416" WIDTH="143" HEIGHT="21" WC="0.92" CONTENT="vatskolorna."/><SP WIDTH="25" VPOS="416" HPOS="321"/>
							<String ID="string_80" HPOS="346" VPOS="416" WIDTH="27" HEIGHT="21" WC="0.93" CONTENT="Sä"/><SP WIDTH="15" VPOS="416" HPOS="373"/>
							<String ID="string_81" HPOS="388" VPOS="418" WIDTH="88" HEIGHT="19" WC="0.95" CONTENT="nämnes"/><SP WIDTH="16" VPOS="418" HPOS="476"/>
							<String ID="string_82" HPOS="492" VPOS="417" WIDTH="39" HEIGHT="20" WC="0.96" CONTENT="här"/><SP WIDTH="15" VPOS="417" HPOS="531"/>
							<String ID="string_83" HPOS="546" VPOS="418" WIDTH="31" HEIGHT="20" WC="0.96" CONTENT="ett"/><SP WIDTH="14" VPOS="418" HPOS="577"/>
							<String ID="string_84" HPOS="591" VPOS="416" WIDTH="36" HEIGHT="21" WC="0.93" CONTENT="fall"/><SP WIDTH="10" VPOS="416" HPOS="627"/>
							<String ID="string_85" HPOS="637" VPOS="415" WIDTH="47" HEIGHT="22" WC="0.96" CONTENT="från"/><SP WIDTH="11" VPOS="415" HPOS="684"/>
							<String ID="string_86" HPOS="695" VPOS="416" WIDTH="77" HEIGHT="27" WC="0.96" CONTENT="Hangö"/><SP WIDTH="11" VPOS="416" HPOS="772"/>
							<String ID="string_87" HPOS="783" VPOS="417" WIDTH="39" HEIGHT="21" WC="0.96" CONTENT="och"/><SP WIDTH="11" VPOS="417" HPOS="822"/>
							<String ID="string_88" HPOS="833" VPOS="417" WIDTH="49" HEIGHT="21" WC="0.93" CONTENT="dess"/><SP WIDTH="12" VPOS="417" HPOS="882"/>
							<String ID="string_89" HPOS="894" VPOS="417" WIDTH="107" HEIGHT="22" WC="0.96" CONTENT="samskola"/>
						</TextLine>
						<TextLine ID="line_10" HPOS="174" VPOS="445" WIDTH="739" HEIGHT="26">
							<String ID="string_90" HPOS="174" VPOS="445" WIDTH="32" HEIGHT="26" WC="0.95" CONTENT="pä"/><SP WIDTH="15" VPOS="445" HPOS="206"/>
							<String ID="string_91" HPOS="221" VPOS="445" WIDTH="46" HEIGHT="21" WC="0.96" CONTENT="sida"/><SP WIDTH="16" VPOS="445" HPOS="267"/>
							<String ID="string_92" HPOS="283" VPOS="445" WIDTH="46" HEIGHT="21" WC="0.96" CONTENT="117."/><SP WIDTH="28" VPOS="445" HPOS="329"/>
							<String ID="string_93" HPOS="357" VPOS="445" WIDTH="42" HEIGHT="26" WC="0.96" CONTENT="Jag"/><SP WIDTH="14" VPOS="445" HPOS="399"/>
							<String ID="string_94" HPOS="413" VPOS="445" WIDTH="38" HEIGHT="21" WC="0.95" CONTENT="ber"/><SP WIDTH="15" VPOS="445" HPOS="451"/>
							<String ID="string_95" HPOS="466" VPOS="447" WIDTH="31" HEIGHT="19" WC="0.93" CONTENT="att"/><SP WIDTH="15" VPOS="447" HPOS="497"/>
							<String ID="string_96" HPOS="512" VPOS="445" WIDTH="21" HEIGHT="21" WC="0.91" CONTENT="fä"/><SP WIDTH="14" VPOS="445" HPOS="533"/>
							<String ID="string_97" HPOS="547" VPOS="445" WIDTH="171" HEIGHT="26" WC="0.92" CONTENT="förfullständiga"/><SP WIDTH="16" VPOS="445" HPOS="718"/>
							<String ID="string_98" HPOS="734" VPOS="445" WIDTH="69" HEIGHT="21" WC="0.96" CONTENT="denna"/><SP WIDTH="14" VPOS="445" HPOS="803"/>
							<String ID="string_99" HPOS="817" VPOS="445" WIDTH="96" HEIGHT="22" WC="0.96" CONTENT="relation."/>
						</TextLine>
					</TextBlock>
					<TextBlock ID="block_3" HPOS="175" VPOS="473" WIDTH="828" HEIGHT="942">
						<TextLine ID="line_11" HPOS="247" VPOS="473" WIDTH="753" HEIGHT="28">
							<String ID="string_100" HPOS="247" VPOS="473" WIDTH="11" HEIGHT="22" WC="0.96" CONTENT="I"/><SP WIDTH="15" VPOS="473" HPOS="258"/>
							<String ID="string_101" HPOS="273" VPOS="473" WIDTH="65" HEIGHT="22" WC="0.96" CONTENT="slutet"/><SP WIDTH="15" VPOS="473" HPOS="338"/>
							<String ID="string_102" HPOS="353" VPOS="473" WIDTH="22" HEIGHT="21" WC="0.93" CONTENT="af"/><SP WIDTH="13" VPOS="473" HPOS="375"/>
							<String ID="string_103" HPOS="388" VPOS="473" WIDTH="142" HEIGHT="22" WC="0.96" CONTENT="vårterminen"/><SP WIDTH="17" VPOS="473" HPOS="530"/>
							<String ID="string_104" HPOS="547" VPOS="474" WIDTH="55" HEIGHT="21" WC="0.93" CONTENT="1903"/><SP WIDTH="15" VPOS="474" HPOS="602"/>
							<String ID="string_105" HPOS="617" VPOS="473" WIDTH="90" HEIGHT="22" WC="0.96" CONTENT="anlände"/><SP WIDTH="15" VPOS="473" HPOS="707"/>
							<String ID="string_106" HPOS="722" VPOS="473" WIDTH="31" HEIGHT="22" WC="0.96" CONTENT="till"/><SP WIDTH="15" VPOS="473" HPOS="753"/>
							<String ID="string_107" HPOS="768" VPOS="480" WIDTH="27" HEIGHT="15" WC="0.96" CONTENT="en"/><SP WIDTH="15" VPOS="480" HPOS="795"/>
							<String ID="string_108" HPOS="810" VPOS="480" WIDTH="79" HEIGHT="21" WC="0.96" CONTENT="person"/><SP WIDTH="17" VPOS="480" HPOS="889"/>
							<String ID="string_109" HPOS="906" VPOS="475" WIDTH="6" HEIGHT="20" WC="0.96" CONTENT="i"/><SP WIDTH="10" VPOS="475" HPOS="912"/>
							<String ID="string_110" HPOS="922" VPOS="475" WIDTH="78" HEIGHT="26" WC="0.96" CONTENT="Hangö"/>
						</TextLine>
						<TextLine ID="line_12" HPOS="177" VPOS="501" WIDTH="823" HEIGHT="29">
							<String ID="string_111" HPOS="177" VPOS="502" WIDTH="34" HEIGHT="21" WC="0.95" CONTENT="för"/><SP WIDTH="15" VPOS="502" HPOS="211"/>
							<String ID="string_112" HPOS="226" VPOS="502" WIDTH="73" HEIGHT="21" WC="0.93" CONTENT="vidare"/><SP WIDTH="14" VPOS="502" HPOS="299"/>
							<String ID="string_113" HPOS="313" VPOS="501" WIDTH="114" HEIGHT="22" WC="0.92" CONTENT="befordran"/><SP WIDTH="15" VPOS="501" HPOS="427"/>
							<String ID="string_114" HPOS="442" VPOS="502" WIDTH="31" HEIGHT="21" WC="0.96" CONTENT="till"/><SP WIDTH="16" VPOS="502" HPOS="473"/>
							<String ID="string_115" HPOS="489" VPOS="503" WIDTH="77" HEIGHT="26" WC="0.93" CONTENT="Hangö"/><SP WIDTH="11" VPOS="503" HPOS="566"/>
							<String ID="string_116" HPOS="577" VPOS="502" WIDTH="117" HEIGHT="22" WC="0.92" CONTENT="samskolas"/><SP WIDTH="12" VPOS="502" HPOS="694"/>
							<String ID="string_117" HPOS="706" VPOS="502" WIDTH="105" HEIGHT="21" WC="0.93" CONTENT="direktion"/><SP WIDTH="11" VPOS="502" HPOS="811"/>
							<String ID="string_118" HPOS="822" VPOS="505" WIDTH="30" HEIGHT="19" WC="0.95" CONTENT="ett"/><SP WIDTH="10" VPOS="505" HPOS="852"/>
							<String ID="string_119" HPOS="862" VPOS="503" WIDTH="70" HEIGHT="27" WC="0.93" CONTENT="privat"/><SP WIDTH="11" VPOS="503" HPOS="932"/>
							<String ID="string_120" HPOS="943" VPOS="503" WIDTH="57" HEIGHT="21" WC="0.92" CONTENT="med-"/>
						</TextLine>
						<TextLine ID="line_13" HPOS="178" VPOS="530" WIDTH="822" HEIGHT="28">
							<String ID="string_121" HPOS="178" VPOS="531" WIDTH="90" HEIGHT="21" WC="0.92" CONTENT="delande"/><SP WIDTH="18" VPOS="531" HPOS="268"/>
							<String ID="string_122" HPOS="286" VPOS="530" WIDTH="47" HEIGHT="21" WC="0.91" CONTENT="frän"/><SP WIDTH="14" VPOS="530" HPOS="333"/>
							<String ID="string_123" HPOS="347" VPOS="537" WIDTH="27" HEIGHT="14" WC="0.93" CONTENT="en"/><SP WIDTH="15" VPOS="537" HPOS="374"/>
							<String ID="string_124" HPOS="389" VPOS="531" WIDTH="83" HEIGHT="21" WC="0.93" CONTENT="enskild"/><SP WIDTH="14" VPOS="531" HPOS="472"/>
							<String ID="string_125" HPOS="486" VPOS="531" WIDTH="94" HEIGHT="22" WC="0.96" CONTENT="ledamot"/><SP WIDTH="13" VPOS="531" HPOS="580"/>
							<String ID="string_126" HPOS="593" VPOS="531" WIDTH="7" HEIGHT="21" WC="0.93" CONTENT="i"/><SP WIDTH="15" VPOS="531" HPOS="600"/>
							<String ID="string_127" HPOS="615" VPOS="530" WIDTH="218" HEIGHT="28" WC="0.92" CONTENT="skolöfverstyrelsen,"/><SP WIDTH="15" VPOS="530" HPOS="833"/>
							<String ID="string_128" HPOS="848" VPOS="531" WIDTH="77" HEIGHT="22" WC="0.93" CONTENT="hvaraf"/><SP WIDTH="11" VPOS="531" HPOS="925"/>
							<String ID="string_129" HPOS="936" VPOS="531" WIDTH="64" HEIGHT="22" WC="0.92" CONTENT="fram-"/>
						</TextLine>
						<TextLine ID="line_14" HPOS="178" VPOS="559" WIDTH="821" HEIGHT="28">
							<String ID="string_130" HPOS="178" VPOS="559" WIDTH="54" HEIGHT="27" WC="0.96" CONTENT="gick,"/><SP WIDTH="22" VPOS="559" HPOS="232"/>
							<String ID="string_131" HPOS="254" VPOS="561" WIDTH="31" HEIGHT="20" WC="0.93" CONTENT="att"/><SP WIDTH="19" VPOS="561" HPOS="285"/>
							<String ID="string_132" HPOS="304" VPOS="559" WIDTH="313" HEIGHT="28" WC="0.91" CONTENT="generalguvernörsadjointen"/><SP WIDTH="15" VPOS="559" HPOS="617"/>
							<String ID="string_133" HPOS="632" VPOS="559" WIDTH="102" HEIGHT="22" WC="0.92" CONTENT="Deutrich"/><SP WIDTH="15" VPOS="559" HPOS="734"/>
							<String ID="string_134" HPOS="749" VPOS="560" WIDTH="7" HEIGHT="21" WC="0.93" CONTENT="i"/><SP WIDTH="16" VPOS="560" HPOS="756"/>
							<String ID="string_135" HPOS="772" VPOS="559" WIDTH="110" HEIGHT="22" WC="0.92" CONTENT="skrifvelse"/><SP WIDTH="15" VPOS="559" HPOS="882"/>
							<String ID="string_136" HPOS="897" VPOS="561" WIDTH="32" HEIGHT="20" WC="0.93" CONTENT="till"/><SP WIDTH="15" VPOS="561" HPOS="929"/>
							<String ID="string_137" HPOS="944" VPOS="561" WIDTH="55" HEIGHT="20" WC="0.93" CONTENT="skol-"/>
						</TextLine>
						<TextLine ID="line_15" HPOS="178" VPOS="587" WIDTH="822" HEIGHT="28">
							<String ID="string_138" HPOS="178" VPOS="587" WIDTH="164" HEIGHT="28" WC="0.66" CONTENT="öfverstyrelsen"/><SP WIDTH="21" VPOS="587" HPOS="342"/>
							<String ID="string_139" HPOS="363" VPOS="587" WIDTH="115" HEIGHT="22" WC="0.88" CONTENT="framhållit"/><SP WIDTH="21" VPOS="587" HPOS="478"/>
							<String ID="string_140" HPOS="499" VPOS="589" WIDTH="36" HEIGHT="20" WC="0.92" CONTENT="det"/><SP WIDTH="20" VPOS="589" HPOS="535"/>
							<String ID="string_141" HPOS="555" VPOS="588" WIDTH="113" HEIGHT="27" WC="0.96" CONTENT="olämpliga"/><SP WIDTH="17" VPOS="588" HPOS="668"/>
							<String ID="string_142" HPOS="685" VPOS="588" WIDTH="7" HEIGHT="21" WC="0.96" CONTENT="i"/><SP WIDTH="17" VPOS="588" HPOS="692"/>
							<String ID="string_143" HPOS="709" VPOS="590" WIDTH="32" HEIGHT="19" WC="0.93" CONTENT="att"/><SP WIDTH="15" VPOS="590" HPOS="741"/>
							<String ID="string_144" HPOS="756" VPOS="589" WIDTH="161" HEIGHT="26" WC="0.93" CONTENT="borgmästaren"/><SP WIDTH="18" VPOS="589" HPOS="917"/>
							<String ID="string_145" HPOS="935" VPOS="589" WIDTH="65" HEIGHT="22" WC="0.92" CONTENT="Fred-"/>
						</TextLine>
						<TextLine ID="line_16" HPOS="178" VPOS="616" WIDTH="822" HEIGHT="29">
							<String ID="string_146" HPOS="178" VPOS="617" WIDTH="34" HEIGHT="21" WC="0.96" CONTENT="rik"/><SP WIDTH="15" VPOS="617" HPOS="212"/>
							<String ID="string_147" HPOS="227" VPOS="616" WIDTH="126" HEIGHT="25" WC="0.96" CONTENT="Stenström,"/><SP WIDTH="16" VPOS="616" HPOS="353"/>
							<String ID="string_148" HPOS="369" VPOS="623" WIDTH="45" HEIGHT="14" WC="0.96" CONTENT="som"/><SP WIDTH="17" VPOS="623" HPOS="414"/>
							<String ID="string_149" HPOS="431" VPOS="623" WIDTH="76" HEIGHT="20" WC="0.96" CONTENT="genom"/><SP WIDTH="16" VPOS="623" HPOS="507"/>
							<String ID="string_150" HPOS="523" VPOS="617" WIDTH="61" HEIGHT="21" WC="0.93" CONTENT="Hans"/><SP WIDTH="12" VPOS="617" HPOS="584"/>
							<String ID="string_151" HPOS="596" VPOS="617" WIDTH="110" HEIGHT="26" WC="0.93" CONTENT="Majestäts"/><SP WIDTH="11" VPOS="617" HPOS="706"/>
							<String ID="string_152" HPOS="717" VPOS="617" WIDTH="77" HEIGHT="26" WC="0.96" CONTENT="nådiga"/><SP WIDTH="10" VPOS="617" HPOS="794"/>
							<String ID="string_153" HPOS="804" VPOS="617" WIDTH="116" HEIGHT="28" WC="0.96" CONTENT="befallning"/><SP WIDTH="11" VPOS="617" HPOS="920"/>
							<String ID="string_154" HPOS="931" VPOS="617" WIDTH="69" HEIGHT="22" WC="0.96" CONTENT="blifvit"/>
						</TextLine>
						<TextLine ID="line_17" HPOS="177" VPOS="645" WIDTH="822" HEIGHT="27">
							<String ID="string_155" HPOS="177" VPOS="645" WIDTH="49" HEIGHT="21" WC="0.96" CONTENT="från"/><SP WIDTH="23" VPOS="645" HPOS="226"/>
							<String ID="string_156" HPOS="249" VPOS="645" WIDTH="32" HEIGHT="21" WC="0.93" CONTENT="sin"/><SP WIDTH="16" VPOS="645" HPOS="281"/>
							<String ID="string_157" HPOS="297" VPOS="645" WIDTH="214" HEIGHT="27" WC="0.90" CONTENT="borgmästaretjänst"/><SP WIDTH="18" VPOS="645" HPOS="511"/>
							<String ID="string_158" HPOS="529" VPOS="645" WIDTH="126" HEIGHT="27" WC="0.90" CONTENT="entledigad,"/><SP WIDTH="19" VPOS="645" HPOS="655"/>
							<String ID="string_159" HPOS="674" VPOS="647" WIDTH="56" HEIGHT="19" WC="0.93" CONTENT="ännu"/><SP WIDTH="19" VPOS="647" HPOS="730"/>
							<String ID="string_160" HPOS="749" VPOS="645" WIDTH="104" HEIGHT="22" WC="0.91" CONTENT="beklädde"/><SP WIDTH="15" VPOS="645" HPOS="853"/>
							<String ID="string_161" HPOS="868" VPOS="645" WIDTH="131" HEIGHT="22" WC="0.92" CONTENT="förtroende-"/>
						</TextLine>
						<TextLine ID="line_18" HPOS="178" VPOS="673" WIDTH="822" HEIGHT="28">
							<String ID="string_162" HPOS="178" VPOS="676" WIDTH="78" HEIGHT="25" WC="0.96" CONTENT="posten"/><SP WIDTH="22" VPOS="676" HPOS="256"/>
							<String ID="string_163" HPOS="278" VPOS="675" WIDTH="32" HEIGHT="20" WC="0.96" CONTENT="att"/><SP WIDTH="23" VPOS="675" HPOS="310"/>
							<String ID="string_164" HPOS="333" VPOS="680" WIDTH="51" HEIGHT="15" WC="0.96" CONTENT="vara"/><SP WIDTH="21" VPOS="680" HPOS="384"/>
							<String ID="string_165" HPOS="405" VPOS="673" WIDTH="94" HEIGHT="22" WC="0.96" CONTENT="ledamot"/><SP WIDTH="22" VPOS="673" HPOS="499"/>
							<String ID="string_166" HPOS="521" VPOS="673" WIDTH="22" HEIGHT="22" WC="0.96" CONTENT="af"/><SP WIDTH="19" VPOS="673" HPOS="543"/>
							<String ID="string_167" HPOS="562" VPOS="674" WIDTH="76" HEIGHT="27" WC="0.93" CONTENT="Hangö"/><SP WIDTH="16" VPOS="674" HPOS="638"/>
							<String ID="string_168" HPOS="654" VPOS="674" WIDTH="118" HEIGHT="21" WC="0.91" CONTENT="samskolas"/><SP WIDTH="16" VPOS="674" HPOS="772"/>
							<String ID="string_169" HPOS="788" VPOS="674" WIDTH="110" HEIGHT="26" WC="0.96" CONTENT="direktion,"/><SP WIDTH="16" VPOS="674" HPOS="898"/>
							<String ID="string_170" HPOS="914" VPOS="674" WIDTH="86" HEIGHT="22" WC="0.96" CONTENT="hvarför"/>
						</TextLine>
						<TextLine ID="line_19" HPOS="176" VPOS="701" WIDTH="824" HEIGHT="30">
							<String ID="string_171" HPOS="176" VPOS="701" WIDTH="223" HEIGHT="28" WC="0.90" CONTENT="skolföfverstyrelsen"/><SP WIDTH="16" VPOS="701" HPOS="399"/>
							<String ID="string_172" HPOS="415" VPOS="702" WIDTH="129" HEIGHT="22" WC="0.95" CONTENT="anbefalldes"/><SP WIDTH="20" VPOS="702" HPOS="544"/>
							<String ID="string_173" HPOS="564" VPOS="703" WIDTH="86" HEIGHT="26" WC="0.96" CONTENT="vidtaga"/><SP WIDTH="14" VPOS="703" HPOS="650"/>
							<String ID="string_174" HPOS="664" VPOS="703" WIDTH="99" HEIGHT="26" WC="0.96" CONTENT="åtgärder"/><SP WIDTH="15" VPOS="703" HPOS="763"/>
							<String ID="string_175" HPOS="778" VPOS="703" WIDTH="32" HEIGHT="20" WC="0.91" CONTENT="till"/><SP WIDTH="15" VPOS="703" HPOS="810"/>
							<String ID="string_176" HPOS="825" VPOS="703" WIDTH="175" HEIGHT="28" WC="0.91" CONTENT="undanrödjande"/>
						</TextLine>
						<TextLine ID="line_20" HPOS="175" VPOS="730" WIDTH="824" HEIGHT="28">
							<String ID="string_177" HPOS="175" VPOS="730" WIDTH="27" HEIGHT="22" WC="0.95" CONTENT="af"/><SP WIDTH="9" VPOS="730" HPOS="202"/>
							<String ID="string_178" HPOS="211" VPOS="731" WIDTH="57" HEIGHT="21" WC="0.93" CONTENT="detta"/><SP WIDTH="11" VPOS="731" HPOS="268"/>
							<String ID="string_179" HPOS="279" VPOS="730" WIDTH="188" HEIGHT="21" WC="0.90" CONTENT="missförhållande."/><SP WIDTH="20" VPOS="730" HPOS="467"/>
							<String ID="string_180" HPOS="487" VPOS="732" WIDTH="42" HEIGHT="26" WC="0.95" CONTENT="Jag"/><SP WIDTH="15" VPOS="732" HPOS="529"/>
							<String ID="string_181" HPOS="544" VPOS="731" WIDTH="36" HEIGHT="21" WC="0.96" CONTENT="vill"/><SP WIDTH="10" VPOS="731" HPOS="580"/>
							<String ID="string_182" HPOS="590" VPOS="731" WIDTH="92" HEIGHT="27" WC="0.96" CONTENT="tillägga,"/><SP WIDTH="11" VPOS="731" HPOS="682"/>
							<String ID="string_183" HPOS="693" VPOS="734" WIDTH="31" HEIGHT="18" WC="0.92" CONTENT="att"/><SP WIDTH="10" VPOS="734" HPOS="724"/>
							<String ID="string_184" HPOS="734" VPOS="731" WIDTH="134" HEIGHT="27" WC="0.91" CONTENT="borgmästar"/><SP WIDTH="12" VPOS="731" HPOS="868"/>
							<String ID="string_185" HPOS="880" VPOS="732" WIDTH="119" HEIGHT="21" WC="0.96" CONTENT="Stenström"/>
						</TextLine>
						<TextLine ID="line_21" HPOS="175" VPOS="759" WIDTH="825" HEIGHT="28">
							<String ID="string_186" HPOS="175" VPOS="759" WIDTH="50" HEIGHT="22" WC="0.96" CONTENT="icke"/><SP WIDTH="16" VPOS="759" HPOS="225"/>
							<String ID="string_187" HPOS="241" VPOS="759" WIDTH="54" HEIGHT="21" WC="0.95" CONTENT="blott"/><SP WIDTH="16" VPOS="759" HPOS="295"/>
							<String ID="string_188" HPOS="311" VPOS="765" WIDTH="36" HEIGHT="15" WC="0.96" CONTENT="var"/><SP WIDTH="15" VPOS="765" HPOS="347"/>
							<String ID="string_189" HPOS="362" VPOS="759" WIDTH="93" HEIGHT="21" WC="0.95" CONTENT="ledamot"/><SP WIDTH="15" VPOS="759" HPOS="455"/>
							<String ID="string_190" HPOS="470" VPOS="762" WIDTH="51" HEIGHT="19" WC="0.96" CONTENT="utan"/><SP WIDTH="14" VPOS="762" HPOS="521"/>
							<String ID="string_191" HPOS="535" VPOS="759" WIDTH="127" HEIGHT="22" WC="0.96" CONTENT="ordförande"/><SP WIDTH="10" VPOS="759" HPOS="662"/>
							<String ID="string_192" HPOS="672" VPOS="760" WIDTH="7" HEIGHT="21" WC="0.96" CONTENT="i"/><SP WIDTH="11" VPOS="760" HPOS="679"/>
							<String ID="string_193" HPOS="690" VPOS="760" WIDTH="138" HEIGHT="21" WC="0.96" CONTENT="direktionen."/><SP WIDTH="23" VPOS="760" HPOS="828"/>
							<String ID="string_194" HPOS="851" VPOS="761" WIDTH="83" HEIGHT="26" WC="0.96" CONTENT="Längre"/><SP WIDTH="12" VPOS="761" HPOS="934"/>
							<String ID="string_195" HPOS="946" VPOS="760" WIDTH="54" HEIGHT="22" WC="0.96" CONTENT="fram"/>
						</TextLine>
						<TextLine ID="line_22" HPOS="178" VPOS="787" WIDTH="822" HEIGHT="28">
							<String ID="string_196" HPOS="178" VPOS="788" WIDTH="29" HEIGHT="27" WC="0.96" CONTENT="på"/><SP WIDTH="22" VPOS="788" HPOS="207"/>
							<String ID="string_197" HPOS="229" VPOS="794" WIDTH="120" HEIGHT="15" WC="0.96" CONTENT="sommaren"/><SP WIDTH="24" VPOS="794" HPOS="349"/>
							<String ID="string_198" HPOS="373" VPOS="787" WIDTH="54" HEIGHT="22" WC="0.96" CONTENT="1903"/><SP WIDTH="20" VPOS="787" HPOS="427"/>
							<String ID="string_199" HPOS="447" VPOS="788" WIDTH="91" HEIGHT="22" WC="0.94" CONTENT="anlände"/><SP WIDTH="18" VPOS="788" HPOS="538"/>
							<String ID="string_200" HPOS="556" VPOS="788" WIDTH="32" HEIGHT="21" WC="0.96" CONTENT="till"/><SP WIDTH="16" VPOS="788" HPOS="588"/>
							<String ID="string_201" HPOS="604" VPOS="788" WIDTH="133" HEIGHT="21" WC="0.95" CONTENT="direktionen"/><SP WIDTH="15" VPOS="788" HPOS="737"/>
							<String ID="string_202" HPOS="752" VPOS="788" WIDTH="33" HEIGHT="21" WC="0.96" CONTENT="för"/><SP WIDTH="15" VPOS="788" HPOS="785"/>
							<String ID="string_203" HPOS="800" VPOS="789" WIDTH="78" HEIGHT="26" WC="0.96" CONTENT="Hangö"/><SP WIDTH="16" VPOS="789" HPOS="878"/>
							<String ID="string_204" HPOS="894" VPOS="789" WIDTH="106" HEIGHT="22" WC="0.96" CONTENT="samskola"/>
						</TextLine>
						<TextLine ID="line_23" HPOS="177" VPOS="816" WIDTH="822" HEIGHT="29">
							<String ID="string_205" HPOS="177" VPOS="817" WIDTH="49" HEIGHT="20" WC="0.93" CONTENT="från"/><SP WIDTH="16" VPOS="817" HPOS="226"/>
							<String ID="string_206" HPOS="242" VPOS="816" WIDTH="212" HEIGHT="27" WC="0.92" CONTENT="skolöfverstyrelsen"/><SP WIDTH="15" VPOS="816" HPOS="454"/>
							<String ID="string_207" HPOS="469" VPOS="823" WIDTH="26" HEIGHT="15" WC="0.96" CONTENT="en"/><SP WIDTH="16" VPOS="823" HPOS="495"/>
							<String ID="string_208" HPOS="511" VPOS="816" WIDTH="82" HEIGHT="22" WC="0.96" CONTENT="officiell"/><SP WIDTH="15" VPOS="816" HPOS="593"/>
							<String ID="string_209" HPOS="608" VPOS="817" WIDTH="112" HEIGHT="21" WC="0.96" CONTENT="skrifvelse"/><SP WIDTH="14" VPOS="817" HPOS="720"/>
							<String ID="string_210" HPOS="734" VPOS="817" WIDTH="8" HEIGHT="21" WC="0.96" CONTENT="i"/><SP WIDTH="15" VPOS="817" HPOS="742"/>
							<String ID="string_211" HPOS="757" VPOS="823" WIDTH="81" HEIGHT="15" WC="0.96" CONTENT="samma"/><SP WIDTH="12" VPOS="823" HPOS="838"/>
							<String ID="string_212" HPOS="850" VPOS="817" WIDTH="60" HEIGHT="28" WC="0.93" CONTENT="syfte,"/><SP WIDTH="14" VPOS="817" HPOS="910"/>
							<String ID="string_213" HPOS="924" VPOS="818" WIDTH="75" HEIGHT="21" WC="0.92" CONTENT="under-"/>
						</TextLine>
						<TextLine ID="line_24" HPOS="180" VPOS="845" WIDTH="819" HEIGHT="27">
							<String ID="string_214" HPOS="180" VPOS="845" WIDTH="90" HEIGHT="22" WC="0.96" CONTENT="tecknad"/><SP WIDTH="18" VPOS="845" HPOS="270"/>
							<String ID="string_215" HPOS="288" VPOS="845" WIDTH="23" HEIGHT="21" WC="0.93" CONTENT="af"/><SP WIDTH="15" VPOS="845" HPOS="311"/>
							<String ID="string_216" HPOS="326" VPOS="845" WIDTH="187" HEIGHT="26" WC="0.91" CONTENT="öfverdirektören,"/><SP WIDTH="17" VPOS="845" HPOS="513"/>
							<String ID="string_217" HPOS="530" VPOS="846" WIDTH="89" HEIGHT="21" WC="0.93" CONTENT="friherre"/><SP WIDTH="15" VPOS="846" HPOS="619"/>
							<String ID="string_218" HPOS="634" VPOS="845" WIDTH="25" HEIGHT="21" WC="0.92" CONTENT="Y."/><SP WIDTH="16" VPOS="845" HPOS="659"/>
							<String ID="string_219" HPOS="675" VPOS="845" WIDTH="26" HEIGHT="22" WC="0.96" CONTENT="K."/><SP WIDTH="14" VPOS="845" HPOS="701"/>
							<String ID="string_220" HPOS="715" VPOS="845" WIDTH="180" HEIGHT="27" WC="0.88" CONTENT="Yrjö-Koskinen."/><SP WIDTH="30" VPOS="845" HPOS="895"/>
							<String ID="string_221" HPOS="925" VPOS="847" WIDTH="74" HEIGHT="21" WC="0.92" CONTENT="Direk-"/>
						</TextLine>
						<TextLine ID="line_25" HPOS="179" VPOS="873" WIDTH="820" HEIGHT="27">
							<String ID="string_222" HPOS="179" VPOS="874" WIDTH="73" HEIGHT="20" WC="0.96" CONTENT="tionen"/><SP WIDTH="15" VPOS="874" HPOS="252"/>
							<String ID="string_223" HPOS="267" VPOS="873" WIDTH="33" HEIGHT="21" WC="0.96" CONTENT="för"/><SP WIDTH="15" VPOS="873" HPOS="300"/>
							<String ID="string_224" HPOS="315" VPOS="874" WIDTH="78" HEIGHT="26" WC="0.95" CONTENT="Hangö"/><SP WIDTH="15" VPOS="874" HPOS="393"/>
							<String ID="string_225" HPOS="408" VPOS="874" WIDTH="112" HEIGHT="26" WC="0.95" CONTENT="samskola,"/><SP WIDTH="15" VPOS="874" HPOS="520"/>
							<String ID="string_226" HPOS="535" VPOS="875" WIDTH="64" HEIGHT="20" WC="0.96" CONTENT="hvars"/><SP WIDTH="15" VPOS="875" HPOS="599"/>
							<String ID="string_227" HPOS="614" VPOS="873" WIDTH="128" HEIGHT="22" WC="0.95" CONTENT="ordförande"/><SP WIDTH="15" VPOS="873" HPOS="742"/>
							<String ID="string_228" HPOS="757" VPOS="875" WIDTH="45" HEIGHT="20" WC="0.96" CONTENT="icke"/><SP WIDTH="10" VPOS="875" HPOS="802"/>
							<String ID="string_229" HPOS="812" VPOS="875" WIDTH="93" HEIGHT="21" WC="0.93" CONTENT="vistades"/><SP WIDTH="11" VPOS="875" HPOS="905"/>
							<String ID="string_230" HPOS="916" VPOS="875" WIDTH="13" HEIGHT="21" WC="0.91" CONTENT="å"/><SP WIDTH="10" VPOS="875" HPOS="929"/>
							<String ID="string_231" HPOS="939" VPOS="878" WIDTH="60" HEIGHT="18" WC="0.96" CONTENT="orten"/>
						</TextLine>
						<TextLine ID="line_26" HPOS="176" VPOS="902" WIDTH="824" HEIGHT="28">
							<String ID="string_232" HPOS="176" VPOS="902" WIDTH="44" HEIGHT="22" WC="0.84" CONTENT="och"/><SP WIDTH="20" VPOS="902" HPOS="220"/>
							<String ID="string_233" HPOS="240" VPOS="902" WIDTH="64" HEIGHT="21" WC="0.96" CONTENT="hvars"/><SP WIDTH="15" VPOS="902" HPOS="304"/>
							<String ID="string_234" HPOS="319" VPOS="902" WIDTH="173" HEIGHT="22" WC="0.96" CONTENT="viceordförande"/><SP WIDTH="16" VPOS="902" HPOS="492"/>
							<String ID="string_235" HPOS="508" VPOS="903" WIDTH="67" HEIGHT="21" WC="0.96" CONTENT="under"/><SP WIDTH="16" VPOS="903" HPOS="575"/>
							<String ID="string_236" HPOS="591" VPOS="903" WIDTH="120" HEIGHT="27" WC="0.96" CONTENT="september"/><SP WIDTH="15" VPOS="903" HPOS="711"/>
							<String ID="string_237" HPOS="726" VPOS="902" WIDTH="77" HEIGHT="22" WC="0.96" CONTENT="befann"/><SP WIDTH="16" VPOS="902" HPOS="803"/>
							<String ID="string_238" HPOS="819" VPOS="904" WIDTH="33" HEIGHT="26" WC="0.96" CONTENT="sig"/><SP WIDTH="15" VPOS="904" HPOS="852"/>
							<String ID="string_239" HPOS="867" VPOS="904" WIDTH="27" HEIGHT="26" WC="0.93" CONTENT="på"/><SP WIDTH="15" VPOS="904" HPOS="894"/>
							<String ID="string_240" HPOS="909" VPOS="904" WIDTH="91" HEIGHT="21" WC="0.92" CONTENT="utrikes-"/>
						</TextLine>
						<TextLine ID="line_27" HPOS="176" VPOS="931" WIDTH="824" HEIGHT="27">
							<String ID="string_241" HPOS="176" VPOS="937" WIDTH="56" HEIGHT="20" WC="0.96" CONTENT="resa,"/><SP WIDTH="16" VPOS="937" HPOS="232"/>
							<String ID="string_242" HPOS="248" VPOS="932" WIDTH="83" HEIGHT="26" WC="0.95" CONTENT="upptog"/><SP WIDTH="14" VPOS="932" HPOS="331"/>
							<String ID="string_243" HPOS="345" VPOS="931" WIDTH="116" HEIGHT="21" WC="0.95" CONTENT="tillsvidare"/><SP WIDTH="14" VPOS="931" HPOS="461"/>
							<String ID="string_244" HPOS="475" VPOS="932" WIDTH="46" HEIGHT="21" WC="0.96" CONTENT="icke"/><SP WIDTH="14" VPOS="932" HPOS="521"/>
							<String ID="string_245" HPOS="535" VPOS="932" WIDTH="89" HEIGHT="21" WC="0.96" CONTENT="ärendet"/><SP WIDTH="14" VPOS="932" HPOS="624"/>
							<String ID="string_246" HPOS="638" VPOS="931" WIDTH="31" HEIGHT="21" WC="0.96" CONTENT="till"/><SP WIDTH="15" VPOS="931" HPOS="669"/>
							<String ID="string_247" HPOS="684" VPOS="931" WIDTH="134" HEIGHT="27" WC="0.95" CONTENT="behandling."/><SP WIDTH="29" VPOS="931" HPOS="818"/>
							<String ID="string_248" HPOS="847" VPOS="932" WIDTH="48" HEIGHT="21" WC="0.96" CONTENT="Den"/><SP WIDTH="16" VPOS="932" HPOS="895"/>
							<String ID="string_249" HPOS="911" VPOS="933" WIDTH="12" HEIGHT="21" WC="0.89" CONTENT="7"/><SP WIDTH="16" VPOS="933" HPOS="923"/>
							<String ID="string_250" HPOS="939" VPOS="932" WIDTH="61" HEIGHT="22" WC="0.89" CONTENT="okto-"/>
						</TextLine>
						<TextLine ID="line_28" HPOS="177" VPOS="959" WIDTH="823" HEIGHT="29">
							<String ID="string_251" HPOS="177" VPOS="960" WIDTH="41" HEIGHT="20" WC="0.96" CONTENT="ber"/><SP WIDTH="23" VPOS="960" HPOS="218"/>
							<String ID="string_252" HPOS="241" VPOS="966" WIDTH="80" HEIGHT="14" WC="0.96" CONTENT="samma"/><SP WIDTH="20" VPOS="966" HPOS="321"/>
							<String ID="string_253" HPOS="341" VPOS="960" WIDTH="24" HEIGHT="20" WC="0.96" CONTENT="år"/><SP WIDTH="17" VPOS="960" HPOS="365"/>
							<String ID="string_254" HPOS="382" VPOS="959" WIDTH="73" HEIGHT="21" WC="0.95" CONTENT="infann"/><SP WIDTH="16" VPOS="959" HPOS="455"/>
							<String ID="string_255" HPOS="471" VPOS="960" WIDTH="32" HEIGHT="27" WC="0.93" CONTENT="sig"/><SP WIDTH="15" VPOS="960" HPOS="503"/>
							<String ID="string_256" HPOS="518" VPOS="960" WIDTH="170" HEIGHT="26" WC="0.91" CONTENT="öfverinspektor"/><SP WIDTH="15" VPOS="960" HPOS="688"/>
							<String ID="string_257" HPOS="703" VPOS="960" WIDTH="22" HEIGHT="21" WC="0.91" CONTENT="L."/><SP WIDTH="16" VPOS="960" HPOS="725"/>
							<String ID="string_258" HPOS="741" VPOS="960" WIDTH="95" HEIGHT="21" WC="0.91" CONTENT="Neovius"/><SP WIDTH="15" VPOS="960" HPOS="836"/>
							<String ID="string_259" HPOS="851" VPOS="961" WIDTH="7" HEIGHT="20" WC="0.96" CONTENT="i"/><SP WIDTH="16" VPOS="961" HPOS="858"/>
							<String ID="string_260" HPOS="874" VPOS="960" WIDTH="79" HEIGHT="28" WC="0.96" CONTENT="Hangö"/><SP WIDTH="15" VPOS="960" HPOS="953"/>
							<String ID="string_261" HPOS="968" VPOS="960" WIDTH="32" HEIGHT="22" WC="0.96" CONTENT="för"/>
						</TextLine>
						<TextLine ID="line_29" HPOS="178" VPOS="988" WIDTH="821" HEIGHT="27">
							<String ID="string_262" HPOS="178" VPOS="991" WIDTH="33" HEIGHT="18" WC="0.96" CONTENT="att"/><SP WIDTH="17" VPOS="991" HPOS="211"/>
							<String ID="string_263" HPOS="228" VPOS="988" WIDTH="123" HEIGHT="27" WC="0.96" CONTENT="inspektera"/><SP WIDTH="18" VPOS="988" HPOS="351"/>
							<String ID="string_264" HPOS="369" VPOS="988" WIDTH="77" HEIGHT="27" WC="0.96" CONTENT="Hangö"/><SP WIDTH="16" VPOS="988" HPOS="446"/>
							<String ID="string_265" HPOS="462" VPOS="989" WIDTH="112" HEIGHT="21" WC="0.95" CONTENT="samskola."/><SP WIDTH="29" VPOS="989" HPOS="574"/>
							<String ID="string_266" HPOS="603" VPOS="988" WIDTH="42" HEIGHT="22" WC="0.96" CONTENT="Vid"/><SP WIDTH="15" VPOS="988" HPOS="645"/>
							<String ID="string_267" HPOS="660" VPOS="991" WIDTH="32" HEIGHT="19" WC="0.96" CONTENT="ett"/><SP WIDTH="13" VPOS="991" HPOS="692"/>
							<String ID="string_268" HPOS="705" VPOS="988" WIDTH="67" HEIGHT="22" WC="0.96" CONTENT="besök"/><SP WIDTH="15" VPOS="988" HPOS="772"/>
							<String ID="string_269" HPOS="787" VPOS="989" WIDTH="39" HEIGHT="21" WC="0.96" CONTENT="hos"/><SP WIDTH="16" VPOS="989" HPOS="826"/>
							<String ID="string_270" HPOS="842" VPOS="989" WIDTH="87" HEIGHT="22" WC="0.93" CONTENT="skolans"/><SP WIDTH="14" VPOS="989" HPOS="929"/>
							<String ID="string_271" HPOS="943" VPOS="989" WIDTH="56" HEIGHT="22" WC="0.92" CONTENT="före-"/>
						</TextLine>
						<TextLine ID="line_30" HPOS="179" VPOS="1017" WIDTH="820" HEIGHT="27">
							<String ID="string_272" HPOS="179" VPOS="1017" WIDTH="100" HEIGHT="21" WC="0.96" CONTENT="ståndare"/><SP WIDTH="16" VPOS="1017" HPOS="279"/>
							<String ID="string_273" HPOS="295" VPOS="1023" WIDTH="80" HEIGHT="15" WC="0.95" CONTENT="samma"/><SP WIDTH="15" VPOS="1023" HPOS="375"/>
							<String ID="string_274" HPOS="390" VPOS="1017" WIDTH="41" HEIGHT="26" WC="0.93" CONTENT="dag"/><SP WIDTH="15" VPOS="1017" HPOS="431"/>
							<String ID="string_275" HPOS="446" VPOS="1017" WIDTH="81" HEIGHT="27" WC="0.91" CONTENT="uppgaf"/><SP WIDTH="13" VPOS="1017" HPOS="527"/>
							<String ID="string_276" HPOS="540" VPOS="1017" WIDTH="42" HEIGHT="22" WC="0.96" CONTENT="han"/><SP WIDTH="16" VPOS="1017" HPOS="582"/>
							<String ID="string_277" HPOS="598" VPOS="1017" WIDTH="35" HEIGHT="21" WC="0.96" CONTENT="det"/><SP WIDTH="15" VPOS="1017" HPOS="633"/>
							<String ID="string_278" HPOS="648" VPOS="1017" WIDTH="106" HEIGHT="27" WC="0.95" CONTENT="egentliga"/><SP WIDTH="15" VPOS="1017" HPOS="754"/>
							<String ID="string_279" HPOS="769" VPOS="1018" WIDTH="121" HEIGHT="21" WC="0.96" CONTENT="ändamålet"/><SP WIDTH="14" VPOS="1018" HPOS="890"/>
							<String ID="string_280" HPOS="904" VPOS="1018" WIDTH="50" HEIGHT="22" WC="0.96" CONTENT="med"/><SP WIDTH="13" VPOS="1018" HPOS="954"/>
							<String ID="string_281" HPOS="967" VPOS="1018" WIDTH="32" HEIGHT="22" WC="0.96" CONTENT="sin"/>
						</TextLine>
						<TextLine ID="line_31" HPOS="177" VPOS="1045" WIDTH="823" HEIGHT="29">
							<String ID="string_282" HPOS="177" VPOS="1052" WIDTH="51" HEIGHT="14" WC="0.95" CONTENT="resa"/><SP WIDTH="22" VPOS="1052" HPOS="228"/>
							<String ID="string_283" HPOS="250" VPOS="1052" WIDTH="51" HEIGHT="14" WC="0.96" CONTENT="vara"/><SP WIDTH="20" VPOS="1052" HPOS="301"/>
							<String ID="string_284" HPOS="321" VPOS="1047" WIDTH="31" HEIGHT="19" WC="0.96" CONTENT="att"/><SP WIDTH="21" VPOS="1047" HPOS="352"/>
							<String ID="string_285" HPOS="373" VPOS="1045" WIDTH="86" HEIGHT="21" WC="0.96" CONTENT="försöka"/><SP WIDTH="21" VPOS="1045" HPOS="459"/>
							<String ID="string_286" HPOS="480" VPOS="1046" WIDTH="74" HEIGHT="26" WC="0.93" CONTENT="bringa"/><SP WIDTH="16" VPOS="1046" HPOS="554"/>
							<String ID="string_287" HPOS="570" VPOS="1046" WIDTH="324" HEIGHT="26" WC="0.91" CONTENT="generalguvernörsadjointens"/><SP WIDTH="16" VPOS="1046" HPOS="894"/>
							<String ID="string_288" HPOS="910" VPOS="1047" WIDTH="90" HEIGHT="27" WC="0.96" CONTENT="tidigare"/>
						</TextLine>
						<TextLine ID="line_32" HPOS="180" VPOS="1074" WIDTH="821" HEIGHT="27">
							<String ID="string_289" HPOS="180" VPOS="1074" WIDTH="79" HEIGHT="21" WC="0.93" CONTENT="nämda"/><SP WIDTH="14" VPOS="1074" HPOS="259"/>
							<String ID="string_290" HPOS="273" VPOS="1074" WIDTH="160" HEIGHT="26" WC="0.90" CONTENT="önskningsmål"/><SP WIDTH="15" VPOS="1074" HPOS="433"/>
							<String ID="string_291" HPOS="448" VPOS="1074" WIDTH="130" HEIGHT="22" WC="0.93" CONTENT="beträffande"/><SP WIDTH="15" VPOS="1074" HPOS="578"/>
							<String ID="string_292" HPOS="593" VPOS="1074" WIDTH="133" HEIGHT="27" WC="0.91" CONTENT="borgmästar"/><SP WIDTH="16" VPOS="1074" HPOS="726"/>
							<String ID="string_293" HPOS="742" VPOS="1074" WIDTH="120" HEIGHT="22" WC="0.96" CONTENT="Stenström"/><SP WIDTH="15" VPOS="1074" HPOS="862"/>
							<String ID="string_294" HPOS="877" VPOS="1076" WIDTH="7" HEIGHT="20" WC="0.93" CONTENT="i"/><SP WIDTH="15" VPOS="1076" HPOS="884"/>
							<String ID="string_295" HPOS="899" VPOS="1076" WIDTH="102" HEIGHT="21" WC="0.91" CONTENT="värkstäl-"/>
						</TextLine>
						<TextLine ID="line_33" HPOS="177" VPOS="1098" WIDTH="824" HEIGHT="32">
							<String ID="string_296" HPOS="177" VPOS="1102" WIDTH="74" HEIGHT="27" WC="0.93" CONTENT="lighet."/><SP WIDTH="30" VPOS="1102" HPOS="251"/>
							<String ID="string_297" HPOS="281" VPOS="1098" WIDTH="176" HEIGHT="31" WC="0.91" CONTENT="Öfverinspektor"/><SP WIDTH="22" VPOS="1098" HPOS="457"/>
							<String ID="string_298" HPOS="479" VPOS="1103" WIDTH="95" HEIGHT="21" WC="0.92" CONTENT="Neovius"/><SP WIDTH="19" VPOS="1103" HPOS="574"/>
							<String ID="string_299" HPOS="593" VPOS="1102" WIDTH="128" HEIGHT="27" WC="0.96" CONTENT="meddelade,"/><SP WIDTH="18" VPOS="1102" HPOS="721"/>
							<String ID="string_300" HPOS="739" VPOS="1105" WIDTH="32" HEIGHT="19" WC="0.93" CONTENT="att"/><SP WIDTH="15" VPOS="1105" HPOS="771"/>
							<String ID="string_301" HPOS="786" VPOS="1104" WIDTH="215" HEIGHT="26" WC="0.92" CONTENT="generalguvernörs-"/>
						</TextLine>
						<TextLine ID="line_34" HPOS="178" VPOS="1131" WIDTH="823" HEIGHT="29">
							<String ID="string_302" HPOS="178" VPOS="1131" WIDTH="111" HEIGHT="27" WC="0.91" CONTENT="adjointen"/><SP WIDTH="27" VPOS="1131" HPOS="289"/>
							<String ID="string_303" HPOS="316" VPOS="1131" WIDTH="101" HEIGHT="21" WC="0.92" CONTENT="Deutrich"/><SP WIDTH="26" VPOS="1131" HPOS="417"/>
							<String ID="string_304" HPOS="443" VPOS="1138" WIDTH="37" HEIGHT="14" WC="0.96" CONTENT="var"/><SP WIDTH="24" VPOS="1138" HPOS="480"/>
							<String ID="string_305" HPOS="504" VPOS="1132" WIDTH="82" HEIGHT="27" WC="0.95" CONTENT="mycket"/><SP WIDTH="25" VPOS="1132" HPOS="586"/>
							<String ID="string_306" HPOS="611" VPOS="1132" WIDTH="97" HEIGHT="20" WC="0.96" CONTENT="irriterad"/><SP WIDTH="23" VPOS="1132" HPOS="708"/>
							<String ID="string_307" HPOS="731" VPOS="1131" WIDTH="59" HEIGHT="22" WC="0.96" CONTENT="öfver"/><SP WIDTH="23" VPOS="1131" HPOS="790"/>
							<String ID="string_308" HPOS="813" VPOS="1132" WIDTH="40" HEIGHT="21" WC="0.96" CONTENT="den"/><SP WIDTH="24" VPOS="1132" HPOS="853"/>
							<String ID="string_309" HPOS="877" VPOS="1133" WIDTH="124" HEIGHT="27" WC="0.96" CONTENT="uppenbara"/>
						</TextLine>
						<TextLine ID="line_35" HPOS="180" VPOS="1160" WIDTH="821" HEIGHT="27">
							<String ID="string_310" HPOS="180" VPOS="1160" WIDTH="87" HEIGHT="21" WC="0.91" CONTENT="tredska"/><SP WIDTH="22" VPOS="1160" HPOS="267"/>
							<String ID="string_311" HPOS="289" VPOS="1160" WIDTH="236" HEIGHT="26" WC="0.91" CONTENT="stadsmyndigheterna"/><SP WIDTH="18" VPOS="1160" HPOS="525"/>
							<String ID="string_312" HPOS="543" VPOS="1160" WIDTH="8" HEIGHT="21" WC="0.96" CONTENT="i"/><SP WIDTH="17" VPOS="1160" HPOS="551"/>
							<String ID="string_313" HPOS="568" VPOS="1160" WIDTH="77" HEIGHT="27" WC="0.95" CONTENT="Hangö"/><SP WIDTH="19" VPOS="1160" HPOS="645"/>
							<String ID="string_314" HPOS="664" VPOS="1160" WIDTH="66" HEIGHT="27" WC="0.96" CONTENT="enligt"/><SP WIDTH="14" VPOS="1160" HPOS="730"/>
							<String ID="string_315" HPOS="744" VPOS="1160" WIDTH="54" HEIGHT="22" WC="0.96" CONTENT="hans"/><SP WIDTH="15" VPOS="1160" HPOS="798"/>
							<String ID="string_316" HPOS="813" VPOS="1161" WIDTH="63" HEIGHT="21" WC="0.96" CONTENT="tanke"/><SP WIDTH="15" VPOS="1161" HPOS="876"/>
							<String ID="string_317" HPOS="891" VPOS="1162" WIDTH="36" HEIGHT="20" WC="0.96" CONTENT="vid"/><SP WIDTH="15" VPOS="1162" HPOS="927"/>
							<String ID="string_318" HPOS="942" VPOS="1162" WIDTH="59" HEIGHT="21" WC="0.96" CONTENT="detta"/>
						</TextLine>
						<TextLine ID="line_36" HPOS="179" VPOS="1188" WIDTH="822" HEIGHT="28">
							<String ID="string_319" HPOS="179" VPOS="1188" WIDTH="90" HEIGHT="22" WC="0.90" CONTENT="ärendes"/><SP WIDTH="22" VPOS="1188" HPOS="269"/>
							<String ID="string_320" HPOS="291" VPOS="1188" WIDTH="128" HEIGHT="27" WC="0.96" CONTENT="behandling"/><SP WIDTH="14" VPOS="1188" HPOS="419"/>
							<String ID="string_321" HPOS="433" VPOS="1188" WIDTH="47" HEIGHT="22" WC="0.96" CONTENT="lade"/><SP WIDTH="15" VPOS="1188" HPOS="480"/>
							<String ID="string_322" HPOS="495" VPOS="1190" WIDTH="5" HEIGHT="19" WC="0.96" CONTENT="i"/><SP WIDTH="17" VPOS="1190" HPOS="500"/>
							<String ID="string_323" HPOS="517" VPOS="1189" WIDTH="75" HEIGHT="27" WC="0.96" CONTENT="dagen,"/><SP WIDTH="15" VPOS="1189" HPOS="592"/>
							<String ID="string_324" HPOS="607" VPOS="1188" WIDTH="39" HEIGHT="22" WC="0.96" CONTENT="och"/><SP WIDTH="15" VPOS="1188" HPOS="646"/>
							<String ID="string_325" HPOS="661" VPOS="1192" WIDTH="31" HEIGHT="18" WC="0.96" CONTENT="att"/><SP WIDTH="15" VPOS="1192" HPOS="692"/>
							<String ID="string_326" HPOS="707" VPOS="1189" WIDTH="47" HEIGHT="25" WC="0.93" CONTENT="han,"/><SP WIDTH="16" VPOS="1189" HPOS="754"/>
							<String ID="string_327" HPOS="770" VPOS="1189" WIDTH="108" HEIGHT="27" WC="0.92" CONTENT="adjointen"/><SP WIDTH="15" VPOS="1189" HPOS="878"/>
							<String ID="string_328" HPOS="893" VPOS="1190" WIDTH="108" HEIGHT="26" WC="0.92" CONTENT="Deutrich,"/>
						</TextLine>
						<TextLine ID="line_37" HPOS="179" VPOS="1216" WIDTH="822" HEIGHT="29">
							<String ID="string_329" HPOS="179" VPOS="1216" WIDTH="62" HEIGHT="22" WC="0.96" CONTENT="hotat"/><SP WIDTH="14" VPOS="1216" HPOS="241"/>
							<String ID="string_330" HPOS="255" VPOS="1216" WIDTH="131" HEIGHT="22" WC="0.96" CONTENT="omedelbart"/><SP WIDTH="15" VPOS="1216" HPOS="386"/>
							<String ID="string_331" HPOS="401" VPOS="1219" WIDTH="76" HEIGHT="25" WC="0.96" CONTENT="stänga"/><SP WIDTH="15" VPOS="1219" HPOS="477"/>
							<String ID="string_332" HPOS="492" VPOS="1217" WIDTH="80" HEIGHT="26" WC="0.96" CONTENT="skolan,"/><SP WIDTH="15" VPOS="1217" HPOS="572"/>
							<String ID="string_333" HPOS="587" VPOS="1218" WIDTH="7" HEIGHT="20" WC="0.96" CONTENT="i"/><SP WIDTH="15" VPOS="1218" HPOS="594"/>
							<String ID="string_334" HPOS="609" VPOS="1217" WIDTH="101" HEIGHT="21" WC="0.96" CONTENT="händelse"/><SP WIDTH="14" VPOS="1217" HPOS="710"/>
							<String ID="string_335" HPOS="724" VPOS="1218" WIDTH="123" HEIGHT="26" WC="0.96" CONTENT="yrkandena"/><SP WIDTH="9" VPOS="1218" HPOS="847"/>
							<String ID="string_336" HPOS="856" VPOS="1224" WIDTH="35" HEIGHT="15" WC="0.93" CONTENT="om"/><SP WIDTH="12" VPOS="1224" HPOS="891"/>
							<String ID="string_337" HPOS="903" VPOS="1218" WIDTH="98" HEIGHT="27" WC="0.92" CONTENT="borgmä-"/>
						</TextLine>
						<TextLine ID="line_38" HPOS="180" VPOS="1245" WIDTH="821" HEIGHT="27">
							<String ID="string_338" HPOS="180" VPOS="1247" WIDTH="45" HEIGHT="25" WC="0.96" CONTENT="star"/><SP WIDTH="23" VPOS="1247" HPOS="225"/>
							<String ID="string_339" HPOS="248" VPOS="1245" WIDTH="131" HEIGHT="22" WC="0.88" CONTENT="Stenströms"/><SP WIDTH="22" VPOS="1245" HPOS="379"/>
							<String ID="string_340" HPOS="401" VPOS="1245" WIDTH="136" HEIGHT="27" WC="0.88" CONTENT="aflägsnande"/><SP WIDTH="26" VPOS="1245" HPOS="537"/>
							<String ID="string_341" HPOS="563" VPOS="1252" WIDTH="25" HEIGHT="15" WC="0.96" CONTENT="ur"/><SP WIDTH="24" VPOS="1252" HPOS="588"/>
							<String ID="string_342" HPOS="612" VPOS="1246" WIDTH="132" HEIGHT="21" WC="0.95" CONTENT="direktionen"/><SP WIDTH="24" VPOS="1246" HPOS="744"/>
							<String ID="string_343" HPOS="768" VPOS="1246" WIDTH="46" HEIGHT="22" WC="0.93" CONTENT="icke"/><SP WIDTH="22" VPOS="1246" HPOS="814"/>
							<String ID="string_344" HPOS="836" VPOS="1246" WIDTH="165" HEIGHT="22" WC="0.90" CONTENT="hörsammades."/>
						</TextLine>
						<TextLine ID="line_39" HPOS="180" VPOS="1273" WIDTH="822" HEIGHT="29">
							<String ID="string_345" HPOS="180" VPOS="1273" WIDTH="178" HEIGHT="27" WC="0.91" CONTENT="Öfverinspektor"/><SP WIDTH="22" VPOS="1273" HPOS="358"/>
							<String ID="string_346" HPOS="380" VPOS="1274" WIDTH="95" HEIGHT="21" WC="0.91" CONTENT="Neovius"/><SP WIDTH="22" VPOS="1274" HPOS="475"/>
							<String ID="string_347" HPOS="497" VPOS="1274" WIDTH="54" HEIGHT="22" WC="0.96" CONTENT="hade"/><SP WIDTH="23" VPOS="1274" HPOS="551"/>
							<String ID="string_348" HPOS="574" VPOS="1274" WIDTH="62" HEIGHT="22" WC="0.96" CONTENT="order"/><SP WIDTH="20" VPOS="1274" HPOS="636"/>
							<String ID="string_349" HPOS="656" VPOS="1276" WIDTH="32" HEIGHT="20" WC="0.96" CONTENT="att"/><SP WIDTH="17" VPOS="1276" HPOS="688"/>
							<String ID="string_350" HPOS="705" VPOS="1277" WIDTH="75" HEIGHT="19" WC="0.93" CONTENT="stanna"/><SP WIDTH="18" VPOS="1277" HPOS="780"/>
							<String ID="string_351" HPOS="798" VPOS="1275" WIDTH="12" HEIGHT="21" WC="0.91" CONTENT="å"/><SP WIDTH="15" VPOS="1275" HPOS="810"/>
							<String ID="string_352" HPOS="825" VPOS="1278" WIDTH="61" HEIGHT="18" WC="0.96" CONTENT="orten"/><SP WIDTH="16" VPOS="1278" HPOS="886"/>
							<String ID="string_353" HPOS="902" VPOS="1276" WIDTH="24" HEIGHT="20" WC="0.96" CONTENT="så"/><SP WIDTH="14" VPOS="1276" HPOS="926"/>
							<String ID="string_354" HPOS="940" VPOS="1276" WIDTH="62" HEIGHT="26" WC="0.96" CONTENT="länge"/>
						</TextLine>
						<TextLine ID="line_40" HPOS="178" VPOS="1302" WIDTH="824" HEIGHT="28">
							<String ID="string_355" HPOS="178" VPOS="1304" WIDTH="34" HEIGHT="19" WC="0.96" CONTENT="att"/><SP WIDTH="21" VPOS="1304" HPOS="212"/>
							<String ID="string_356" HPOS="233" VPOS="1302" WIDTH="48" HEIGHT="21" WC="0.95" CONTENT="fullt"/><SP WIDTH="22" VPOS="1302" HPOS="281"/>
							<String ID="string_357" HPOS="303" VPOS="1302" WIDTH="124" HEIGHT="27" WC="0.95" CONTENT="tillräckliga"/><SP WIDTH="21" VPOS="1302" HPOS="427"/>
							<String ID="string_358" HPOS="448" VPOS="1303" WIDTH="106" HEIGHT="27" WC="0.93" CONTENT="garantier"/><SP WIDTH="22" VPOS="1303" HPOS="554"/>
							<String ID="string_359" HPOS="576" VPOS="1302" WIDTH="108" HEIGHT="22" WC="0.92" CONTENT="förefanns"/><SP WIDTH="21" VPOS="1302" HPOS="684"/>
							<String ID="string_360" HPOS="705" VPOS="1302" WIDTH="33" HEIGHT="22" WC="0.96" CONTENT="för"/><SP WIDTH="22" VPOS="1302" HPOS="738"/>
							<String ID="string_361" HPOS="760" VPOS="1309" WIDTH="26" HEIGHT="15" WC="0.92" CONTENT="en"/><SP WIDTH="21" VPOS="1309" HPOS="786"/>
							<String ID="string_362" HPOS="807" VPOS="1304" WIDTH="195" HEIGHT="21" WC="0.85" CONTENT="tillfredsställande"/>
						</TextLine>
						<TextLine ID="line_41" HPOS="180" VPOS="1330" WIDTH="822" HEIGHT="28">
							<String ID="string_363" HPOS="180" VPOS="1330" WIDTH="86" HEIGHT="26" WC="0.96" CONTENT="lösning"/><SP WIDTH="19" VPOS="1330" HPOS="266"/>
							<String ID="string_364" HPOS="285" VPOS="1330" WIDTH="23" HEIGHT="20" WC="0.96" CONTENT="af"/><SP WIDTH="15" VPOS="1330" HPOS="308"/>
							<String ID="string_365" HPOS="323" VPOS="1330" WIDTH="63" HEIGHT="20" WC="0.96" CONTENT="ofvan"/><SP WIDTH="20" VPOS="1330" HPOS="386"/>
							<String ID="string_366" HPOS="406" VPOS="1331" WIDTH="77" HEIGHT="19" WC="0.96" CONTENT="nämda"/><SP WIDTH="14" VPOS="1331" HPOS="483"/>
							<String ID="string_367" HPOS="497" VPOS="1332" WIDTH="84" HEIGHT="19" WC="0.96" CONTENT="ärende."/><SP WIDTH="23" VPOS="1332" HPOS="581"/>
							<String ID="string_368" HPOS="604" VPOS="1331" WIDTH="139" HEIGHT="20" WC="0.96" CONTENT="Direktionen"/><SP WIDTH="15" VPOS="1331" HPOS="743"/>
							<String ID="string_369" HPOS="758" VPOS="1331" WIDTH="33" HEIGHT="20" WC="0.97" CONTENT="för"/><SP WIDTH="13" VPOS="1331" HPOS="791"/>
							<String ID="string_370" HPOS="804" VPOS="1332" WIDTH="77" HEIGHT="26" WC="0.96" CONTENT="Hangö"/><SP WIDTH="14" VPOS="1332" HPOS="881"/>
							<String ID="string_371" HPOS="895" VPOS="1332" WIDTH="107" HEIGHT="20" WC="0.96" CONTENT="samskola"/>
						</TextLine>
						<TextLine ID="line_42" HPOS="180" VPOS="1358" WIDTH="823" HEIGHT="27">
							<String ID="string_372" HPOS="180" VPOS="1358" WIDTH="173" HEIGHT="21" WC="0.96" CONTENT="sammanträdde"/><SP WIDTH="24" VPOS="1358" HPOS="353"/>
							<String ID="string_373" HPOS="377" VPOS="1358" WIDTH="26" HEIGHT="20" WC="0.96" CONTENT="då"/><SP WIDTH="18" VPOS="1358" HPOS="403"/>
							<String ID="string_374" HPOS="421" VPOS="1364" WIDTH="81" HEIGHT="15" WC="0.96" CONTENT="samma"/><SP WIDTH="18" VPOS="1364" HPOS="502"/>
							<String ID="string_375" HPOS="520" VPOS="1359" WIDTH="42" HEIGHT="26" WC="0.96" CONTENT="dag"/><SP WIDTH="14" VPOS="1359" HPOS="562"/>
							<String ID="string_376" HPOS="576" VPOS="1358" WIDTH="28" HEIGHT="27" WC="0.96" CONTENT="på"/><SP WIDTH="14" VPOS="1358" HPOS="604"/>
							<String ID="string_377" HPOS="618" VPOS="1358" WIDTH="86" HEIGHT="21" WC="0.95" CONTENT="aftonen"/><SP WIDTH="16" VPOS="1358" HPOS="704"/>
							<String ID="string_378" HPOS="720" VPOS="1359" WIDTH="40" HEIGHT="21" WC="0.97" CONTENT="och"/><SP WIDTH="14" VPOS="1359" HPOS="760"/>
							<String ID="string_379" HPOS="774" VPOS="1359" WIDTH="80" HEIGHT="21" WC="0.96" CONTENT="fattade"/><SP WIDTH="14" VPOS="1359" HPOS="854"/>
							<String ID="string_380" HPOS="868" VPOS="1360" WIDTH="7" HEIGHT="20" WC="0.96" CONTENT="i"/><SP WIDTH="16" VPOS="1360" HPOS="875"/>
							<String ID="string_381" HPOS="891" VPOS="1360" WIDTH="66" HEIGHT="20" WC="0.96" CONTENT="saken"/><SP WIDTH="15" VPOS="1360" HPOS="957"/>
							<String ID="string_382" HPOS="972" VPOS="1362" WIDTH="31" HEIGHT="18" WC="0.96" CONTENT="ett"/>
						</TextLine>
						<TextLine ID="line_43" HPOS="180" VPOS="1385" WIDTH="822" HEIGHT="30">
							<String ID="string_383" HPOS="180" VPOS="1385" WIDTH="77" HEIGHT="26" WC="0.96" CONTENT="beslut,"/><SP WIDTH="20" VPOS="1385" HPOS="257"/>
							<String ID="string_384" HPOS="277" VPOS="1392" WIDTH="46" HEIGHT="15" WC="0.96" CONTENT="som"/><SP WIDTH="20" VPOS="1392" HPOS="323"/>
							<String ID="string_385" HPOS="343" VPOS="1388" WIDTH="97" HEIGHT="19" WC="0.96" CONTENT="närmare"/><SP WIDTH="17" VPOS="1388" HPOS="440"/>
							<String ID="string_386" HPOS="457" VPOS="1386" WIDTH="93" HEIGHT="28" WC="0.96" CONTENT="framgår"/><SP WIDTH="19" VPOS="1386" HPOS="550"/>
							<String ID="string_387" HPOS="569" VPOS="1393" WIDTH="25" HEIGHT="15" WC="0.95" CONTENT="ur"/><SP WIDTH="22" VPOS="1393" HPOS="594"/>
							<String ID="string_388" HPOS="616" VPOS="1386" WIDTH="158" HEIGHT="22" WC="0.92" CONTENT="nedanstående"/><SP WIDTH="25" VPOS="1386" HPOS="774"/>
							<String ID="string_389" HPOS="799" VPOS="1388" WIDTH="203" HEIGHT="27" WC="0.91" CONTENT="protokollsutdrag."/>
						</TextLine>
					</TextBlock>
				</ComposedBlock>
				<ComposedBlock ID="cblock_3" HPOS="387" VPOS="1450" WIDTH="616" HEIGHT="55">
					<TextBlock ID="block_4" HPOS="387" VPOS="1450" WIDTH="616" HEIGHT="55">
						<TextLine ID="line_44" HPOS="455" VPOS="1450" WIDTH="548" HEIGHT="28">
							<String ID="string_390" HPOS="455" VPOS="1450" WIDTH="84" HEIGHT="27" WC="0.95" CONTENT="Utdrag"/><SP WIDTH="17" VPOS="1450" HPOS="539"/>
							<String ID="string_391" HPOS="556" VPOS="1457" WIDTH="25" HEIGHT="15" WC="0.90" CONTENT="ur"/><SP WIDTH="16" VPOS="1457" HPOS="581"/>
							<String ID="string_392" HPOS="597" VPOS="1450" WIDTH="143" HEIGHT="22" WC="0.90" CONTENT="direktionens"/><SP WIDTH="16" VPOS="1450" HPOS="740"/>
							<String ID="string_393" HPOS="756" VPOS="1450" WIDTH="32" HEIGHT="22" WC="0.96" CONTENT="för"/><SP WIDTH="16" VPOS="1450" HPOS="788"/>
							<String ID="string_394" HPOS="804" VPOS="1452" WIDTH="76" HEIGHT="26" WC="0.95" CONTENT="Hangö"/><SP WIDTH="16" VPOS="1452" HPOS="880"/>
							<String ID="string_395" HPOS="896" VPOS="1451" WIDTH="107" HEIGHT="22" WC="0.96" CONTENT="samskola"/>
						</TextLine>
						<TextLine ID="line_45" HPOS="387" VPOS="1479" WIDTH="421" HEIGHT="26">
							<String ID="string_396" HPOS="387" VPOS="1479" WIDTH="107" HEIGHT="26" WC="0.96" CONTENT="protokoll"/><SP WIDTH="15" VPOS="1479" HPOS="494"/>
							<String ID="string_397" HPOS="509" VPOS="1479" WIDTH="33" HEIGHT="21" WC="0.96" CONTENT="för"/><SP WIDTH="16" VPOS="1479" HPOS="542"/>
							<String ID="string_398" HPOS="558" VPOS="1480" WIDTH="40" HEIGHT="20" WC="0.96" CONTENT="den"/><SP WIDTH="16" VPOS="1480" HPOS="598"/>
							<String ID="string_399" HPOS="614" VPOS="1480" WIDTH="11" HEIGHT="20" WC="0.96" CONTENT="7"/><SP WIDTH="17" VPOS="1480" HPOS="625"/>
							<String ID="string_400" HPOS="642" VPOS="1479" WIDTH="89" HEIGHT="22" WC="0.96" CONTENT="oktober"/><SP WIDTH="17" VPOS="1479" HPOS="731"/>
							<String ID="string_401" HPOS="748" VPOS="1480" WIDTH="60" HEIGHT="21" WC="0.95" CONTENT="1903."/>
						</TextLine>
					</TextBlock>
				</ComposedBlock>
			</PrintSpace>
		</Page>
	</Layout>
</alto>
