1073 1798
95 126 26 17 14
132 131 21 16 p.
165 126 82 17 huhtik.
392 120 243 31 Prokuraattorinvirka.
865 121 54 21 1023

97 195 101 28 borgare-
213 195 39 22 och
271 195 160 22 bondeständen
450 196 32 21 till
495 195 103 22 särskilda
610 195 207 22 besvärsutskottets
826 195 92 22 behand-

96 223 46 28 ling
164 224 119 21 remitterat
305 223 104 22 särskilda
433 224 217 27 petitionsmemorial,
666 225 7 20 i
688 224 71 22 hvilka
780 225 28 26 pä
830 223 88 22 anförda

96 252 47 22 skäl
158 252 78 28 yrkats,
252 252 45 22 dels

371 283 31 20 att
417 281 114 21 ständerna
546 281 49 21 ville
605 281 39 22 hos
658 281 60 21 Hans
727 281 119 27 Kejserliga
854 281 64 26 Maje-

304 310 42 21 stät
360 309 8 22 i
383 309 170 26 underdänighet
568 309 112 22 hemställa
694 310 80 24 därom,
790 311 31 20 att
829 309 90 28 proku-

302 339 88 21 ratorn
409 338 6 21 i
431 337 112 28 kejserliga
572 339 89 20 aenaten
683 337 33 22 för
738 337 90 22 Finland
850 337 70 22 blefve

303 366 106 22 anbefalld
428 369 32 19 att
481 373 35 14 om
531 366 83 28 möjligt
635 367 65 21 redan
723 366 32 22 till
776 366 144 22 innevarande

303 395 107 27 landtdag,
433 401 49 15 men
505 395 7 21 i
530 397 65 20 annat
616 395 36 22 fall
673 395 31 22 till
726 395 192 22 nästinstundande

304 424 143 21 ständermöte
469 424 31 21 till
523 424 115 21 ständerna
662 423 78 28 afgifva
756 424 113 21 berättelse
884 430 35 15 om

303 453 161 27 lagskipningen
481 453 7 20 i
503 453 72 21 landet
590 453 39 22 och
644 453 98 26 lagarnas
757 452 162 22 handhafvande

304 481 7 22 i
326 481 65 27 öfrigt
405 481 68 22 under
488 481 41 22 den
545 481 36 25 tid,
590 488 45 15 som
651 481 90 22 förflutit
748 481 48 22 från
807 481 36 22 det
853 481 65 22 sådan

304 509 113 23 berättelse
440 513 73 19 senast
536 510 29 22 till
582 510 116 22 ständerna
710 509 118 27 aflämnats,
842 511 8 21 i
865 509 53 22 hvil-

302 538 42 22 ken
366 539 115 21 berättelse
502 539 68 21 tillika
592 539 62 21 torde
668 539 50 27 ingä
732 539 137 27 redogörelse
884 538 34 21 för

304 567 55 23 hvad
374 568 149 26 prokuratorn,
539 568 71 21 säsom
626 568 98 26 lagarnas
739 567 77 28 högsta
826 568 92 22 väktare,

304 596 89 28 tillgjort
407 596 32 22 till
453 596 174 22 förekommande
642 597 39 21 och
696 596 109 22 beifrande
820 596 22 22 af
856 596 62 22 ofvan

305 625 139 22 omförmälda
466 625 199 22 missförhällanden
681 625 39 21 och
735 625 49 22 med
800 625 46 21 dem
864 631 54 15 sam-

304 654 162 28 manhängande
481 653 223 28 tjänsteförbrytelser,

97 683 46 22 dels
159 682 61 23 äfven

372 713 31 20 att
418 711 114 22 ständerna
547 712 48 21 ville
608 711 31 21 till
650 712 60 21 Hans
725 710 121 29 Kejserliga
853 711 66 27 Maje-

304 742 43 20 stät
362 740 104 27 Kejsaren
481 740 40 22 och
537 740 133 22 Storfursten
685 740 51 27 ingå
750 740 49 22 med
814 740 104 22 underdä-

303 770 37 26 nig
354 770 89 26 petition
459 768 79 27 därom,
554 771 31 20 att
607 769 254 27 prokuratorsämbetet
850 764 14 37 i
875 769 44 27 kej-

304 798 78 26 serliga
396 800 88 19 senaten
505 798 33 21 för
553 798 90 22 Finland
658 798 65 21 mätte
738 798 158 28 äterupprättas
912 798 7 20 i

304 829 30 19 ett
350 826 58 22 skick
423 828 150 21 motsvarande
588 826 50 22 dess
656 827 151 27 ursprungliga
822 826 97 22 ändamål

305 857 55 21 samt
375 858 31 19 att
420 856 142 27 prokuratorn
578 856 66 21 mätte
661 855 133 27 förpliktigas
810 856 31 21 till
862 856 56 20 stän-

304 884 67 23 derna
386 884 77 28 afgifva
473 884 136 28 redogörelse
618 884 33 22 för
659 884 133 23 rättsvärden
801 884 39 23 och
850 884 68 27 lagar-

304 920 38 15 nas
358 913 163 22 handhafvande
534 914 7 21 i
557 913 78 22 landet.

167 943 117 26 Utskottet,
300 949 47 16 som
368 942 71 22 funnit
454 943 26 21 de
494 943 7 20 i
516 942 239 27 petitionsmemorialen
772 942 91 22 berörda
877 942 42 21 för-

98 971 112 23 hällanden
232 971 83 29 päkalla
338 971 108 23 uttalande
468 971 46 22 frän
534 971 126 23 ständernas
683 971 51 25 sida,
749 971 38 22 har
802 971 118 28 hänskjutit

97 1001 100 22 ärendets
211 1001 119 27 beredning
344 1001 31 21 till
390 1007 26 15 en
431 1000 58 22 inom
512 1001 105 21 utskottet
636 1000 75 22 tillsatt
726 1000 124 28 delegation,
868 1000 52 22 hvil-

98 1030 42 22 ken
152 1030 87 27 jämväl,
254 1030 54 22 efter
322 1029 112 28 fullgjordt
449 1030 103 27 uppdrag,
567 1029 33 22 för
615 1030 49 21 kort
679 1030 31 21 tid
725 1030 65 21 sedan
806 1029 114 22 inkommit

99 1059 49 22 med
163 1061 31 20 ett
209 1058 139 27 betänkande,
360 1058 129 22 omfattande
500 1064 26 16 en
539 1058 105 28 ingäende
654 1058 160 28 undersökning
825 1058 7 22 i
842 1060 78 20 ämnet.

100 1088 11 22 I
126 1088 107 22 anseende
247 1088 32 22 till
293 1088 140 26 landtdagens
449 1088 102 21 oväntadt
561 1087 108 27 påbjudna
680 1087 38 21 och
727 1087 131 22 omedelbart
865 1087 54 21 före-

99 1117 90 22 stäende
210 1116 118 28 afslutning
346 1116 38 22 har
407 1116 105 22 utskottet
533 1116 71 22 funnit
619 1116 33 27 sig
667 1116 133 21 urständsatt
815 1122 55 21 egna
884 1116 36 21 be-

99 1145 118 22 tänkandet
232 1144 126 28 erforderlig
372 1145 137 27 granskning.

169 1175 42 21 För
233 1174 105 22 utskottet
353 1174 37 21 har
412 1174 34 21 väl
461 1174 6 20 i
483 1174 42 26 dag
538 1172 116 28 förelaggts
670 1175 31 19 ett
715 1175 66 19 annat
795 1172 79 28 förslag
889 1172 32 22 till

100 1203 135 22 betänkande
249 1203 7 21 i
271 1208 82 16 samma
374 1204 68 24 ämne,
464 1208 48 15 men
535 1202 27 22 då
584 1202 105 21 utskottet
709 1202 55 21 varit
786 1204 90 24 tvunget
890 1203 32 19 att

100 1231 160 23 sammanträda
275 1231 77 21 medan
367 1230 64 28 plena
444 1231 8 20 i
467 1236 26 15 en
501 1230 33 22 del
550 1230 63 22 stånd
621 1230 74 27 pågått
705 1230 40 22 och
755 1230 102 27 fulltaligt
864 1229 58 22 antal

101 1260 117 22 ledamöter
241 1260 36 22 vid
292 1260 76 22 sådant
382 1259 131 22 förhållande
527 1259 47 22 icke
588 1259 82 21 kunnat
684 1258 33 22 fås
732 1258 136 26 tillsamman,
883 1258 38 21 har

101 1288 107 22 utskottet
229 1288 55 22 varit
311 1288 119 22 nödsakadt
451 1289 32 19 att
503 1287 55 22 afstå
579 1287 47 22 från
647 1287 155 27 behandlingen
824 1287 23 21 af
860 1286 62 22 äfven

101 1318 67 26 sagda
189 1317 87 21 kortare
297 1316 81 27 förslag
393 1316 39 22 och
447 1316 88 22 beslutit
555 1316 71 22 därför
641 1318 31 19 att
686 1316 75 21 härom
776 1316 40 21 hos
831 1315 90 22 stånden

101 1346 85 21 anmäla
208 1346 40 21 och
268 1344 67 22 tillika
356 1347 119 23 omnämna,
491 1347 32 19 att
537 1344 160 28 ifrågavarande
712 1344 80 27 förslag
803 1344 32 21 till
850 1344 72 21 betän-

101 1374 85 22 kanden
202 1374 68 22 skulle
284 1373 61 28 fogas
360 1373 31 22 till
409 1373 273 27 landtdagshandlingarna.

376 1430 31 21 På
420 1429 116 22 utskottets
552 1433 93 24 vägnar:

429 1485 26 22 R.
471 1486 26 21 A.
518 1485 78 22 Wrede.

684 1519 69 18 Kaarlo
764 1519 91 23 lgnatius.
