1103 1781
215 136 42 20 546
452 141 158 17 Valiokuntaan
621 140 157 18 lähettäminen.
870 141 25 17 27
907 145 20 15 p.
939 141 95 17 tammik.

217 216 52 20 gens
284 209 156 25 återställande,
455 209 27 26 på
497 208 83 21 hvilken
596 208 155 26 framställning
766 208 24 21 så
805 208 83 26 mycket
902 208 73 20 arbete
986 208 47 20 blif-

216 238 31 20 vit
261 237 121 27 nedlaggdt,
397 238 32 20 att
443 243 48 15 man
507 237 7 21 i
529 237 91 27 sanning
634 236 46 21 icke
695 236 40 21 kan
751 236 90 21 förevita
856 236 63 21 dessa
934 242 29 14 nu
979 242 55 15 sam-

216 266 153 22 manträdande
389 266 85 20 ständer
496 267 32 19 att
549 265 25 21 de
596 265 46 22 icke
657 264 57 27 gjort
729 265 69 26 något,
814 264 39 22 och
868 271 34 15 om
919 264 116 22 ständerna

216 301 29 15 nu
269 294 67 22 skulle
359 300 56 19 anse,
431 296 31 19 att
480 294 26 21 de
520 294 72 21 kunna
608 294 26 26 gå
648 293 31 21 till
694 294 38 20 sitt
746 293 74 21 arbete
834 293 86 21 alldeles
936 299 46 15 som
999 300 34 14 om

215 324 21 20 vi
259 323 68 21 skulle
349 322 63 22 hafva
431 329 25 15 en
479 322 101 28 landtdag
601 322 67 22 under
684 322 84 26 vanliga
782 321 151 27 förhållanden,
950 322 23 20 så
989 326 46 17 tror

212 352 43 26 jag,
270 354 31 19 att
316 352 58 21 detta
389 351 68 21 skulle
472 350 82 28 förtaga
569 352 40 20 den
625 352 58 20 stora
697 350 74 27 frågan
788 350 40 22 den
844 350 64 22 relief,
921 356 46 15 som
983 351 50 21 den-

216 386 81 16 samma
311 380 46 22 icke
371 380 75 21 endast
460 380 58 20 inom
534 380 120 24 ständerna,
669 381 51 19 utan
736 382 109 24 gentemot
859 379 78 25 landet,
950 385 83 15 monar-

215 409 41 21 ken
278 409 40 21 och
339 408 103 28 styrelsen
464 408 38 22 och
521 408 55 22 inför
597 408 47 22 hela
666 408 87 21 världen
772 408 68 21 borde
854 407 123 22 tillkomma.
1007 408 27 21 Vi

215 438 68 21 måste
305 438 48 21 hela
373 437 58 21 tiden
451 438 79 20 betona
551 439 31 19 att
603 437 35 21 det
654 436 47 27 just
716 439 23 18 är
754 437 41 21 den
811 436 78 28 lagliga
903 436 131 27 ordningens

215 466 191 28 upprätthållande,
421 472 46 15 som
483 466 20 21 vi
518 465 75 22 främst
607 465 49 27 vilja
670 465 56 21 hålla
740 465 7 21 i
762 465 118 27 ögonsikte.
910 465 43 21 Det
967 465 68 21 andra

214 495 22 21 få
257 496 21 20 vi
301 501 43 21 nog
365 495 71 21 sedan.
475 494 45 22 Och
542 494 62 22 hafva
627 494 20 21 vi
668 494 82 21 kunnat
767 496 64 19 vänta
847 494 66 21 under
928 494 15 21 4
957 494 13 21 å
984 494 13 21 5
1010 494 24 21 år

215 524 62 27 långa
299 523 211 27 landtdagsperioder
530 524 28 26 på
578 525 31 19 att
630 522 22 22 få
674 523 63 21 dessa
758 522 72 28 frågor
848 522 59 26 lösta,
923 523 24 21 så
961 522 74 22 kunna

216 553 20 21 vi
259 553 33 21 väl
314 554 57 20 ännu
394 554 63 20 vänta
480 552 66 27 några
563 552 29 25 år,
608 558 34 15 om
660 552 19 20 vi
694 551 45 21 icke
754 551 70 21 skulle
838 550 20 22 få
874 552 47 20 dem
937 551 96 27 afgjorda

216 582 34 21 vid
273 582 70 21 denna
363 581 106 27 landtdag.
510 580 48 22 Men
574 580 23 22 få
611 580 21 21 vi
646 583 31 19 ett
693 583 113 24 gynnsamt
820 586 55 21 svar,
891 580 24 20 så
930 583 31 18 att
977 582 57 19 stän-

215 610 66 22 derna
302 610 72 22 kunna
397 610 71 21 skrida
490 610 31 21 till
543 610 77 25 arbete,
636 608 71 22 kunna
722 609 20 21 vi
757 609 73 21 arbeta
845 609 64 21 redan
925 609 35 21 vid
976 609 57 21 detta

215 640 149 25 ständermöte,
387 638 38 22 och
448 638 26 22 då
499 638 53 22 skall
576 638 34 21 väl
632 638 131 27 regeringen,
779 644 34 15 om
829 638 40 21 den
885 644 26 15 en
927 638 55 26 gång
997 637 36 21 vill

215 668 32 21 slå
261 668 22 20 in
298 668 28 26 på
340 673 26 15 en
382 674 69 14 annan
466 668 73 26 regim,
554 667 46 21 icke
615 666 65 22 häller
695 666 83 27 förtaga
793 673 36 15 oss
843 666 80 22 tillfälle
933 666 32 22 till
975 666 58 22 detta

215 697 78 25 arbete,
315 696 136 21 alldenstund
472 696 40 21 den
536 696 37 20 bör
592 695 63 26 finna,
676 697 31 19 att
729 695 36 21 det
785 696 55 20 varit
855 695 66 21 under
937 695 26 21 de
978 697 55 19 mest

215 725 72 27 lofliga
308 724 39 22 och
369 724 77 28 lagliga
468 724 181 27 förutsättningar,
665 730 46 15 som
727 724 20 20 vi
762 724 45 21 icke
822 730 29 15 nu
866 724 72 22 kunna
953 724 80 22 arbeta.

283 754 42 26 Jag
340 753 37 22 ber
391 755 32 19 att
438 752 22 22 få
474 753 115 25 framhålla,
605 756 31 18 att
651 753 26 21 då
692 753 78 21 urtima
785 753 127 26 landtdagen
930 753 54 21 1899
994 759 38 15 var

216 782 80 22 samlad
312 782 39 21 och
365 782 54 21 hade
435 782 33 26 sig
482 782 119 26 förelaggdt
611 782 36 21 det
658 781 184 27 maktpåliggande
857 781 81 21 värfvet
953 783 31 19 att
999 784 32 18 ut-

215 811 43 21 tala
273 811 32 27 sig
320 811 7 20 i
341 810 42 22 den
398 810 64 26 fråga,
478 817 45 15 som
540 816 36 15 var
592 810 62 22 dessa
669 810 87 21 ständer
771 810 131 25 ombetrodd,
918 810 24 21 så
951 810 81 26 förgick

216 840 67 20 under
305 840 41 20 den
369 839 106 27 landtdag,
494 845 45 15 som
556 839 26 21 då
596 838 77 22 varade
688 845 16 14 c.
720 838 13 21 4
748 838 106 26 månader,
870 839 58 21 tiden
944 838 89 27 ungefär

214 868 28 27 på
257 874 82 15 samma
354 870 43 19 sätt
411 874 46 14 som
473 868 40 21 den
528 874 29 14 nu
568 866 83 29 förgått.
673 867 43 21 Det
726 874 37 14 var
774 868 40 21 den
826 869 58 20 stora
893 867 80 27 frågan,
985 873 46 15 som

215 896 123 29 sysselsatte
354 896 120 22 ständerna.
504 896 118 22 Ständerna
636 902 51 15 voro
703 896 27 21 då
744 896 45 21 icke
805 898 108 25 upptagna
928 895 22 22 af
963 896 68 21 hund-

214 926 65 20 ratals
295 926 56 20 olika
365 925 77 27 frågor,
454 932 46 14 som
515 925 142 21 absorberade
667 924 61 22 deras
739 926 106 20 intressen
858 925 39 21 och
907 925 123 26 därigenom

214 954 64 21 också
293 954 88 27 skymde
396 953 70 22 undan
482 954 68 20 denna
565 952 64 28 fråga,
644 953 63 21 hvars
718 955 56 19 rätta
784 953 84 27 lösning
878 960 37 14 var
925 954 36 20 det
971 954 60 24 enda,

215 989 45 15 som
275 982 142 22 intresserade
432 982 47 21 hela
493 982 76 21 landet.
600 982 84 22 Samma
699 982 38 21 bör
752 982 140 22 förhållandet
907 988 50 15 vara
967 982 65 22 också

213 1018 36 14 nu.
279 1011 12 21 I
306 1012 59 20 detta
379 1010 99 22 afseende
499 1011 110 26 påminner
627 1011 69 21 denna
710 1011 102 26 landtdag
828 1010 81 28 mycket
924 1017 35 14 om
976 1011 55 21 1899

213 1040 35 21 års
263 1040 79 21 urtima
356 1039 106 26 landtdag.
502 1039 46 21 Och
562 1040 24 20 så
598 1040 62 26 länge
674 1039 21 21 vi
709 1040 46 20 icke
770 1040 6 20 i
791 1039 59 27 fråga
873 1046 34 14 om
931 1040 40 20 den
987 1040 44 26 lag-

213 1068 42 26 liga
277 1068 130 26 ordningens
428 1068 150 21 återställande
599 1068 7 21 i
626 1068 72 20 landet
717 1067 21 21 få
756 1070 31 18 ett
802 1074 53 19 svar,
872 1074 45 15 som
933 1068 41 21 kan
990 1068 42 21 till-

213 1096 120 22 fredsställa
348 1096 83 22 landets
447 1096 91 25 ständer,
554 1102 63 16 anser
629 1096 38 27 jag
681 1099 31 18 att
728 1096 20 21 vi
764 1098 52 25 göra
830 1098 42 19 rätt
887 1096 6 21 i
904 1098 31 19 att
947 1096 84 22 afvakta

212 1125 49 21 med
286 1125 145 27 upptagandet
452 1125 23 21 af
495 1125 200 27 landtdagsarbetet.
724 1125 41 26 Jag
780 1125 38 21 ber
833 1127 31 19 att
878 1124 22 22 få
914 1124 116 22 framhålla.

212 1156 31 18 att
270 1160 34 15 om
329 1153 41 21 alla
395 1154 26 20 de
443 1154 56 20 olika
520 1154 106 21 ärendena
648 1156 74 24 genast
734 1153 106 27 företagas
856 1153 30 21 till
902 1153 129 27 behandling

211 1182 58 21 inom
293 1182 116 23 utskotten,
433 1182 23 21 sä
479 1182 51 21 skall
554 1182 36 21 det
611 1181 100 26 befinnas,
726 1184 32 18 att
773 1188 25 14 en
814 1182 77 26 mängd
908 1182 46 21 utaf
967 1182 62 21 dessa

211 1210 72 28 frägor
306 1212 36 19 äro
365 1209 22 22 af
409 1211 40 21 den
465 1210 149 25 beskaffenhet,
630 1212 32 19 att
678 1210 116 25 utskotten,
809 1210 43 22 ifall
867 1210 26 21 de
908 1210 62 28 lägga
985 1210 44 22 vikt

211 1240 28 25 pä
254 1241 31 19 att
299 1238 89 22 förrätta
403 1242 31 18 ett
448 1241 172 24 samvetsgrannt
634 1239 78 25 arbete,
727 1239 46 20 icke
788 1238 72 22 kunna
870 1239 72 21 skrida
952 1239 31 21 till
993 1239 38 21 nä-

211 1274 42 20 gon
269 1268 74 26 längre
359 1267 80 26 gäende
454 1267 128 27 behandling
601 1266 23 22 af
637 1267 67 25 dessa,
721 1269 50 19 enär
787 1268 26 20 de
828 1267 85 21 komma
927 1269 33 19 att
975 1268 32 20 stä
1023 1268 7 20 i

211 1296 95 21 ovisshet
321 1302 40 19 om,
377 1296 97 20 hurudan
490 1296 40 20 den
546 1296 99 26 regering
659 1296 95 20 kommer
770 1298 31 19 att
816 1302 56 19 vara,
883 1302 46 14 som
937 1302 50 20 eger
997 1298 32 18 att

211 1324 94 26 tillämpa
330 1324 25 20 de
373 1324 65 26 lagar,
453 1324 84 20 hvartill
552 1324 80 25 förslag
647 1324 21 20 af
683 1324 115 20 ständerna
812 1324 84 20 komme
911 1326 32 18 att
957 1324 72 20 afläm-

210 1358 45 15 nas.
288 1352 42 25 Jag
351 1351 38 21 har
404 1351 7 21 i
426 1351 41 26 dag
482 1351 97 21 bläddrat
593 1351 85 26 igenom
694 1352 26 20 de
734 1352 163 26 propositioner,
914 1358 46 14 som
976 1352 53 20 tills-

210 1380 72 21 vidare
299 1379 69 22 blifvit
383 1379 155 21 öfverlämnade
553 1379 31 21 till
599 1379 140 27 lagutskottet
754 1380 39 21 och
809 1386 47 15 som
872 1380 114 21 ständerna
1001 1392 26 2 —

207 1409 38 27 jag
269 1408 89 22 betonar
381 1408 35 22 det
431 1421 25 2 —
474 1408 66 27 enligt
554 1408 22 21 L.
592 1408 25 21 O.
632 1408 45 22 icke
692 1408 62 22 hafva
768 1409 82 21 kunnat
865 1409 71 27 undgå
951 1410 32 20 att
997 1409 31 21 till

209 1438 104 21 utskottet
328 1438 114 20 remittera.
465 1437 68 22 Bland
549 1438 65 20 annat
628 1437 116 21 innehäller
759 1438 41 21 den
816 1440 99 19 tunnaste
930 1438 23 21 af
966 1438 62 22 dessa

209 1466 164 28 propositioner,
395 1466 40 21 den
454 1467 28 26 pä
503 1466 54 22 blott
572 1468 32 19 ett
618 1466 55 26 blad,
687 1466 81 28 förslag
782 1466 31 22 till
828 1466 113 22 förändrad
957 1467 69 27 lagbe-

210 1496 107 26 stämning
342 1502 34 15 om
395 1495 93 22 vittnens
510 1495 94 21 hörande
624 1495 55 21 inför
694 1496 98 25 domstol,
808 1496 20 21 d.
843 1502 18 14 v.
878 1503 16 15 s.
909 1496 66 28 angär
990 1498 37 20 än-

209 1525 63 27 dring
293 1524 23 22 af
336 1525 13 21 4
373 1525 10 27 $
408 1525 24 21 17
456 1524 47 28 kap.
526 1524 205 28 rättegångsbalken.
759 1525 10 21 I
785 1531 75 15 senare
876 1528 115 19 momentet
1006 1526 25 22 af
