1089 1789
89 138 26 17 10
126 142 20 16 p.
159 138 83 17 huhtik.
319 137 127 21 Epäkohdat
457 139 146 16 koulutoimen
616 138 69 17 alalla.
869 131 41 22 825

91 207 41 21 det.
163 207 75 22 Såsom
261 207 58 22 såväl
341 207 75 26 själfva
436 207 143 22 betänkandet
593 209 88 26 utsäger
695 207 40 22 och
750 207 72 22 såsom
836 207 39 21 här
890 206 24 23 af

90 235 51 22 flere
164 235 66 22 talare
251 235 70 22 blifvit
343 236 68 26 sagdt,
432 236 69 27 åsyfta
515 235 62 22 dessa
592 236 99 26 åtgärder
707 242 26 15 en
749 235 162 22 denationalise-

90 264 49 27 ring
153 263 23 22 af
189 263 100 22 skolorna
303 264 40 21 och
358 264 82 21 således
462 264 61 21 äfven
545 263 22 22 af
585 264 47 21 vårt
645 263 50 22 folk.
725 263 148 22 Betänkandet
888 266 24 19 är

92 292 117 21 emellertid
225 293 23 21 så
262 292 134 27 fullständigt
417 292 39 22 och
472 293 38 21 har
526 293 23 21 så
563 292 8 21 i
585 292 63 27 detalj
665 292 114 21 behandlat
793 292 41 21 alla
849 292 63 21 dessa

91 320 199 22 missförhållanden
306 321 57 21 inom
385 321 148 26 skolområdet,
548 323 32 20 att
591 321 38 27 jag
643 321 46 21 icke
704 321 36 21 vill
754 321 51 26 ingå
818 321 8 20 i
840 320 71 27 någon

92 349 197 28 detaljgranskning
311 349 64 22 däraf.
404 350 43 21 Det
469 351 24 20 är
515 350 76 21 endast
609 355 34 16 om
659 349 36 22 det
709 349 107 22 allmänna
830 349 82 28 intryck

92 379 57 20 detta
175 378 132 22 betänkande
329 379 28 26 pä
378 379 44 26 mig
445 379 61 26 gjort,
529 385 46 15 som
592 378 37 27 jag
641 378 36 21 vill
692 380 77 19 nämna
784 379 66 26 några
865 378 45 21 ord.

92 407 33 21 De
145 407 143 27 olagligheter,
304 413 46 15 som
368 407 87 21 beröras
470 407 7 21 i
493 407 102 22 särskilda
618 407 205 21 besvärsutskottets
837 407 75 21 betän-

91 435 69 22 kande
175 441 35 16 om
225 436 27 21 de
266 435 168 22 administrativa
455 435 212 22 missförhållandena
681 436 8 21 i
703 435 93 27 Viborgs
811 435 41 26 län,
874 437 38 19 äro

91 464 130 21 värkställda
245 464 30 21 till
291 466 45 19 stor
351 464 34 21 del
400 464 128 21 åtminstone
543 463 23 22 af
578 464 46 21 icke
639 463 68 22 finska
721 464 126 27 infödingar,
863 470 48 15 men

92 492 131 22 beträffande
238 493 26 21 de
279 493 104 26 åtgärder,
399 499 46 15 som
461 499 29 14 nu
505 493 160 26 ifrågavarande
675 493 134 21 betänkande
818 492 94 21 behand-

92 521 37 26 lar,
145 521 24 21 så
183 521 38 21 har
237 521 77 22 aflidna
337 521 193 27 generalguvernör
552 521 113 22 Bobrikoff
677 521 34 21 vid
728 521 74 22 dessas
826 527 86 20 genom-

92 549 89 22 förande
196 549 32 22 till
244 550 46 21 sina
305 550 92 27 redskap
412 549 45 22 haft
472 552 86 19 senaten
575 549 39 22 och
629 549 219 28 skolöfverstyrelsen.
871 549 42 27 Jag

93 579 110 22 erkänner,
218 581 31 18 att
264 578 63 21 dessa
341 578 158 27 myndigheters
515 578 100 27 ställning
625 578 55 21 varit
690 578 55 26 svår,
756 584 48 15 men
816 577 98 22 öfverallt

93 607 6 21 i
115 607 142 21 betänkandet
272 607 38 21 har
323 607 38 27 jag
375 607 71 21 såsom
463 613 26 15 en
502 607 158 27 genomgående
674 607 46 21 tråd
731 607 58 27 tyckt
798 607 44 26 mig
849 606 64 26 finna,

94 637 31 20 att
139 635 131 22 motståndet
293 635 39 22 hos
355 638 86 18 senaten
464 637 55 20 varit
536 635 83 28 mycket
634 638 62 24 svagt
711 635 38 22 och
765 635 101 21 stundom
882 635 32 21 till

94 664 39 21 och
155 664 49 21 med
225 664 38 21 har
281 665 39 26 jag
334 663 58 28 tyckt
403 664 44 27 mig
461 664 74 21 märka
549 671 26 14 en
591 666 45 19 stor
651 663 161 27 beredvillighet
826 665 32 20 att
872 663 41 22 till-

93 693 98 26 mötesgå
205 692 77 22 aflidna
297 693 218 33 generalguvernören
531 693 7 20 i
553 693 53 21 hans
621 691 293 29 förryskningssträfvanden.

95 721 85 22 Samma
205 721 90 22 tendens
317 721 71 28 tycker
407 721 38 27 jag
467 722 44 31 mig
525 721 106 22 förmärka
646 721 39 22 hos
701 721 212 32 skolöfverstyrelsen

95 750 65 21 sedan
183 750 49 21 dess
254 756 41 21 nya
317 750 192 27 sammansättning
531 750 23 21 år
578 749 60 26 1902,
654 749 39 22 och
715 749 96 27 speciellt
825 749 39 22 har
876 749 38 27 jag

93 779 67 21 kännt
182 779 43 26 mig
240 779 101 27 upprörd,
357 779 26 20 då
395 778 39 27 jag
448 779 42 21 läst
496 767 61 33 ”sidd.
575 779 40 20 109
631 766 39 34 och
686 778 41 21 110
741 778 8 21 i
764 778 149 26 betänkandet,

94 807 71 22 hvilka
187 807 105 22 behandla
314 807 273 27 öfverdirektörsadjointen
603 807 170 26 Tavaststjernas
788 806 126 28 tillgörande

94 837 7 20 i
116 835 61 28 fråga
191 843 34 14 om
241 835 62 22 fallen
321 836 74 21 Krook
410 836 38 21 och
463 836 122 27 Piispanen.
600 836 47 21 Den
663 835 142 23 värksamhet,
820 841 47 16 som
878 836 35 21 be-

95 864 83 22 drifvits
193 865 21 21 at
229 864 273 27 öfverdirektörsadjointen
524 865 163 26 Tavaststjerna,
704 864 38 21 har
757 863 99 22 förefallit
870 865 45 26 mig

94 893 83 27 mycket
192 895 51 19 nära
257 896 89 25 tangera
361 893 167 27 gendarmeriets
540 893 240 21 värksamhetsområde.
795 893 75 21 Under
880 893 34 21 så-

95 923 55 20 dana
171 921 145 22 förhållanden
337 921 106 22 förefaller
466 923 36 20 det
520 922 43 26 mig
578 921 129 22 åtminstone
721 921 65 27 högst
799 921 115 27 besynner-

93 951 44 26 ligt,
161 956 34 15 om
218 951 77 21 nämda
317 949 249 28 öfverdirektörsadjoint
588 949 53 22 efter
663 950 26 21 de
709 949 138 28 afslöjanden,
867 955 47 16 som

95 985 77 20 genom
193 979 144 22 betänkandet
357 979 90 21 kommit
461 979 32 21 till
508 979 153 21 allmänhetens
682 978 126 25 kännedom,
824 977 40 22 och
879 979 36 20 det

95 1008 132 21 bedömande
249 1008 70 21 denna
341 1007 135 22 värksamhet
497 1007 40 22 fått
559 1007 41 22 kan
616 1007 71 22 vidare
707 1007 87 21 kvarstå
807 1007 8 21 i
830 1007 33 21 sin
879 1007 35 21 be-

95 1036 97 28 fattning.
221 1037 42 27 Jag
282 1039 51 23 tror,
348 1038 31 19 att
391 1036 38 27 jag
443 1036 46 22 icke
504 1038 23 20 är
542 1042 72 16 ensam
630 1042 34 15 om
681 1036 69 21 denna
766 1035 61 27 åsikt,
842 1038 23 25 ty
880 1036 36 21 det

95 1066 67 21 måste
175 1066 24 27 ju
215 1065 32 22 för
258 1065 80 22 enhvar
351 1065 94 25 framstå,
461 1068 31 18 att
507 1065 26 21 de
550 1065 159 27 underlydande
724 1065 103 26 lärarena,
844 1064 72 22 hvilka

95 1095 67 21 borde
181 1094 32 22 till
227 1094 86 25 honom,
328 1094 32 21 sin
379 1093 52 25 chef,
447 1099 23 15 se
485 1094 49 21 med
549 1093 93 27 aktning,
658 1093 38 21 alls
712 1093 46 21 icke
772 1093 74 21 kunna
864 1093 52 27 hysa

95 1122 88 28 aktning
205 1122 32 22 för
259 1128 26 16 en
309 1128 83 21 person,
409 1128 46 15 som
479 1122 77 21 tillåter
579 1122 32 26 sig
627 1122 80 21 sådana
721 1122 132 26 handlingar,
868 1128 48 15 som

97 1152 47 20 dem
159 1151 144 21 betänkandet
318 1152 124 20 omnämner
457 1150 130 22 beträffande
603 1150 24 22 hr
643 1150 166 27 Tavaststjerna.

165 1208 45 22 Hra
228 1207 166 22 Sumelius:
417 1208 42 21 Vid
475 1207 157 27 granskningen
648 1206 23 22 af
683 1206 145 28 föreliggande
842 1206 74 22 betän-

95 1237 70 21 kande
186 1237 65 21 fäster
274 1242 49 16 man
346 1236 33 26 sig
401 1236 36 21 vid
452 1242 26 15 en
493 1236 78 27 mängd
593 1235 98 27 åtgärder
703 1235 46 21 från
765 1234 151 28 skolöfversty-

95 1266 82 20 relsens
201 1265 50 25 sida,
273 1265 71 21 hvilka
366 1264 118 21 framställa
505 1265 49 21 dess
576 1264 158 27 handlingssätt
754 1264 7 20 i
784 1270 27 15 en
829 1264 89 26 lindrigt

97 1294 62 26 sagdt
174 1294 136 26 besynnerlig
331 1294 70 26 dager.
431 1293 79 21 Vidare
532 1292 61 22 hafva
608 1292 7 22 i
630 1292 88 22 ärendet
732 1292 51 22 flere
798 1292 67 22 andra
880 1292 36 27 dy-

95 1322 44 21 lika
153 1322 112 21 händelser
288 1328 28 15 nu
339 1322 38 20 här
400 1321 116 22 relaterats.
545 1321 34 21 Då
596 1320 61 22 äfven
673 1321 7 21 i
695 1321 40 21 den
759 1322 48 20 stad
826 1321 38 27 jag
879 1320 39 22 har

97 1352 50 19 äran
163 1354 147 23 representera
325 1356 26 15 en
367 1350 100 21 liknande
489 1350 100 21 händelse
611 1351 36 25 egt
665 1356 53 18 rum,
734 1350 38 20 ber
784 1350 38 26 jag
837 1349 21 21 få
872 1355 45 15 om-

97 1381 78 19 nämna
197 1378 128 22 densamma.
355 1378 98 21 Förliden
476 1379 37 21 vår
534 1377 45 22 blef
598 1377 160 22 föreståndaren
777 1378 33 21 för
826 1377 92 22 svenska

97 1407 120 21 samskolan
233 1408 7 19 i
255 1406 143 22 Tammerfors
420 1407 29 25 på
462 1408 70 24 privat
546 1408 41 24 väg
602 1406 23 21 af
638 1406 210 26 skolöfverstyrelsen
863 1412 54 20 upp-

97 1435 77 21 manad
189 1437 32 19 att
235 1434 70 22 lämna
321 1435 32 21 sin
369 1434 124 26 befattning,
508 1434 88 21 emedan
611 1434 41 20 han
668 1434 27 26 på
711 1434 70 26 grund
795 1433 23 21 af
832 1434 37 21 sitt
880 1439 38 21 po-

97 1463 71 21 litiska
190 1462 107 22 tänkesätt
318 1462 78 26 ansågs
419 1462 101 27 olämplig
542 1468 46 15 som
613 1462 198 21 skolföreständare.
842 1461 76 22 Såsom

99 1492 121 21 sedermera
241 1490 69 22 blifvit
324 1491 71 25 kändt,
410 1490 54 22 hade
479 1490 114 27 anledning
608 1490 70 22 därtill
694 1490 97 28 uppstått
805 1490 29 27 på
849 1489 70 27 grund

97 1520 23 22 af
134 1526 26 16 en
175 1520 178 28 korrespondens,
370 1526 46 15 som
439 1519 35 21 vid
495 1526 26 14 en
543 1518 201 28 husundersökning
763 1519 40 21 hos
818 1518 53 22 hans
886 1518 32 21 far
