<?xml version="1.0" encoding="UTF-8"?>
<alto xmlns="http://www.loc.gov/standards/alto/ns-v3#" xmlns:xlink="http://www.w3.org/1999/xlink" xmlns:xsi="http://www.w3.org/2001/XMLSchema-instance" xsi:schemaLocation="http://www.loc.gov/standards/alto/ns-v3# http://www.loc.gov/alto/v3/alto-3-0.xsd">
	<Description>
		<MeasurementUnit>pixel</MeasurementUnit>
		<sourceImageInformation>
			<fileName>/tmp/tess_sjady3kg_input.PNG</fileName>
		</sourceImageInformation>
		<OCRProcessing ID="OCR_0">
			<ocrProcessingStep>
				<processingSoftware>
					<softwareName>tesseract 5.3.4</softwareName>
				</processingSoftware>
			</ocrProcessingStep>
		</OCRProcessing>
	</Description>
	<Layout>
		<Page WIDTH="1103" HEIGHT="1784" PHYSICAL_IMG_NR="0" ID="page_0">
			<PrintSpace HPOS="0" VPOS="0" WIDTH="1103" HEIGHT="1784">
				<ComposedBlock ID="cblock_0" HPOS="71" VPOS="139" WIDTH="820" HEIGHT="23">
					<TextBlock ID="block_0" HPOS="71" VPOS="139" WIDTH="820" HEIGHT="23">
						<TextLine ID="line_0" HPOS="71" VPOS="139" WIDTH="820" HEIGHT="23">
							<String ID="string_0" HPOS="71" VPOS="141" WIDTH="26" HEIGHT="18" WC="0.95" CONTENT="27"/><SP WIDTH="11" VPOS="141" HPOS="97"/>
							<String ID="string_1" HPOS="108" VPOS="146" WIDTH="20" HEIGHT="16" WC="0.93" CONTENT="p."/><SP WIDTH="13" VPOS="146" HPOS="128"/>
							<String ID="string_2" HPOS="141" VPOS="142" WIDTH="93" HEIGHT="16" WC="0.92" CONTENT="tammik."/><SP WIDTH="79" VPOS="142" HPOS="234"/>
							<String ID="string_3" HPOS="313" VPOS="143" WIDTH="157" HEIGHT="17" WC="0.91" CONTENT="Valiokuntaan"/><SP WIDTH="12" VPOS="143" HPOS="470"/>
							<String ID="string_4" HPOS="482" VPOS="144" WIDTH="158" HEIGHT="18" WC="0.96" CONTENT="lähettäminen."/><SP WIDTH="210" VPOS="144" HPOS="640"/>
							<String ID="string_5" HPOS="850" VPOS="139" WIDTH="41" HEIGHT="21" WC="0.96" CONTENT="549"/>
						</TextLine>
					</TextBlock>
				</ComposedBlock>
				<GraphicalElement ID="cblock_1" HPOS="515" VPOS="173" WIDTH="378" HEIGHT="3"></GraphicalElement >
				<ComposedBlock ID="cblock_2" HPOS="70" VPOS="212" WIDTH="822" HEIGHT="194">
					<TextBlock ID="block_1" HPOS="70" VPOS="212" WIDTH="822" HEIGHT="194">
						<TextLine ID="line_1" HPOS="71" VPOS="212" WIDTH="821" HEIGHT="29">
							<String ID="string_6" HPOS="71" VPOS="212" WIDTH="72" HEIGHT="20" WC="0.91" CONTENT="därest"/><SP WIDTH="19" VPOS="212" HPOS="143"/>
							<String ID="string_7" HPOS="162" VPOS="212" WIDTH="115" HEIGHT="21" WC="0.90" CONTENT="ständerna"/><SP WIDTH="17" VPOS="212" HPOS="277"/>
							<String ID="string_8" HPOS="294" VPOS="220" WIDTH="29" HEIGHT="14" WC="0.93" CONTENT="nu"/><SP WIDTH="16" VPOS="220" HPOS="323"/>
							<String ID="string_9" HPOS="339" VPOS="212" WIDTH="82" HEIGHT="22" WC="0.91" CONTENT="afstode"/><SP WIDTH="15" VPOS="212" HPOS="421"/>
							<String ID="string_10" HPOS="436" VPOS="213" WIDTH="45" HEIGHT="21" WC="0.92" CONTENT="frän"/><SP WIDTH="17" VPOS="213" HPOS="481"/>
							<String ID="string_11" HPOS="498" VPOS="214" WIDTH="32" HEIGHT="21" WC="0.97" CONTENT="sin"/><SP WIDTH="16" VPOS="214" HPOS="530"/>
							<String ID="string_12" HPOS="546" VPOS="214" WIDTH="88" HEIGHT="27" WC="0.93" CONTENT="tidigare"/><SP WIDTH="16" VPOS="214" HPOS="634"/>
							<String ID="string_13" HPOS="650" VPOS="214" WIDTH="126" HEIGHT="22" WC="0.92" CONTENT="afvaktande"/><SP WIDTH="14" VPOS="214" HPOS="776"/>
							<String ID="string_14" HPOS="790" VPOS="214" WIDTH="102" HEIGHT="26" WC="0.92" CONTENT="hällning."/>
						</TextLine>
						<TextLine ID="line_2" HPOS="71" VPOS="240" WIDTH="820" HEIGHT="30">
							<String ID="string_15" HPOS="71" VPOS="240" WIDTH="50" HEIGHT="21" WC="0.48" CONTENT="Icke"/><SP WIDTH="10" VPOS="240" HPOS="121"/>
							<String ID="string_16" HPOS="131" VPOS="240" WIDTH="55" HEIGHT="21" WC="0.96" CONTENT="blott"/><SP WIDTH="10" VPOS="240" HPOS="186"/>
							<String ID="string_17" HPOS="196" VPOS="240" WIDTH="115" HEIGHT="22" WC="0.96" CONTENT="ständerna"/><SP WIDTH="10" VPOS="240" HPOS="311"/>
							<String ID="string_18" HPOS="321" VPOS="244" WIDTH="51" HEIGHT="18" WC="0.93" CONTENT="utan"/><SP WIDTH="11" VPOS="244" HPOS="372"/>
							<String ID="string_19" HPOS="383" VPOS="242" WIDTH="63" HEIGHT="21" WC="0.96" CONTENT="också"/><SP WIDTH="10" VPOS="242" HPOS="446"/>
							<String ID="string_20" HPOS="456" VPOS="242" WIDTH="132" HEIGHT="26" WC="0.93" CONTENT="kommuner,"/><SP WIDTH="10" VPOS="242" HPOS="588"/>
							<String ID="string_21" HPOS="598" VPOS="242" WIDTH="134" HEIGHT="28" WC="0.96" CONTENT="tjänstemän,"/><SP WIDTH="11" VPOS="242" HPOS="732"/>
							<String ID="string_22" HPOS="743" VPOS="243" WIDTH="83" HEIGHT="21" WC="0.93" CONTENT="landets"/><SP WIDTH="11" VPOS="243" HPOS="826"/>
							<String ID="string_23" HPOS="837" VPOS="249" WIDTH="54" HEIGHT="20" WC="0.92" CONTENT="ung-"/>
						</TextLine>
						<TextLine ID="line_3" HPOS="71" VPOS="268" WIDTH="819" HEIGHT="30">
							<String ID="string_24" HPOS="71" VPOS="268" WIDTH="55" HEIGHT="26" WC="0.96" CONTENT="dom,"/><SP WIDTH="13" VPOS="268" HPOS="126"/>
							<String ID="string_25" HPOS="139" VPOS="268" WIDTH="23" HEIGHT="27" WC="0.96" CONTENT="ja"/><SP WIDTH="15" VPOS="268" HPOS="162"/>
							<String ID="string_26" HPOS="177" VPOS="268" WIDTH="47" HEIGHT="21" WC="0.96" CONTENT="hela"/><SP WIDTH="15" VPOS="268" HPOS="224"/>
							<String ID="string_27" HPOS="239" VPOS="268" WIDTH="83" HEIGHT="22" WC="0.96" CONTENT="landets"/><SP WIDTH="16" VPOS="268" HPOS="322"/>
							<String ID="string_28" HPOS="338" VPOS="269" WIDTH="123" HEIGHT="27" WC="0.96" CONTENT="befolkning"/><SP WIDTH="14" VPOS="269" HPOS="461"/>
							<String ID="string_29" HPOS="475" VPOS="270" WIDTH="72" HEIGHT="28" WC="0.96" CONTENT="längta"/><SP WIDTH="13" VPOS="270" HPOS="547"/>
							<String ID="string_30" HPOS="560" VPOS="273" WIDTH="32" HEIGHT="19" WC="0.96" CONTENT="att"/><SP WIDTH="15" VPOS="273" HPOS="592"/>
							<String ID="string_31" HPOS="607" VPOS="273" WIDTH="60" HEIGHT="19" WC="0.96" CONTENT="snart"/><SP WIDTH="14" VPOS="273" HPOS="667"/>
							<String ID="string_32" HPOS="681" VPOS="270" WIDTH="20" HEIGHT="21" WC="0.96" CONTENT="få"/><SP WIDTH="15" VPOS="270" HPOS="701"/>
							<String ID="string_33" HPOS="716" VPOS="276" WIDTH="26" HEIGHT="16" WC="0.96" CONTENT="en"/><SP WIDTH="15" VPOS="276" HPOS="742"/>
							<String ID="string_34" HPOS="757" VPOS="271" WIDTH="78" HEIGHT="27" WC="0.93" CONTENT="lycklig"/><SP WIDTH="13" VPOS="271" HPOS="835"/>
							<String ID="string_35" HPOS="848" VPOS="271" WIDTH="42" HEIGHT="21" WC="0.92" CONTENT="lös-"/>
						</TextLine>
						<TextLine ID="line_4" HPOS="71" VPOS="296" WIDTH="820" HEIGHT="30">
							<String ID="string_36" HPOS="71" VPOS="296" WIDTH="52" HEIGHT="28" WC="0.96" CONTENT="ning"/><SP WIDTH="21" VPOS="296" HPOS="123"/>
							<String ID="string_37" HPOS="144" VPOS="297" WIDTH="27" HEIGHT="26" WC="0.96" CONTENT="på"/><SP WIDTH="22" VPOS="297" HPOS="171"/>
							<String ID="string_38" HPOS="193" VPOS="296" WIDTH="117" HEIGHT="22" WC="0.42" CONTENT="konflikten"/><SP WIDTH="15" VPOS="296" HPOS="310"/>
							<String ID="string_39" HPOS="325" VPOS="298" WIDTH="78" HEIGHT="21" WC="0.96" CONTENT="mellan"/><SP WIDTH="15" VPOS="298" HPOS="403"/>
							<String ID="string_40" HPOS="418" VPOS="299" WIDTH="125" HEIGHT="27" WC="0.96" CONTENT="regeringen"/><SP WIDTH="16" VPOS="299" HPOS="543"/>
							<String ID="string_41" HPOS="559" VPOS="299" WIDTH="39" HEIGHT="21" WC="0.96" CONTENT="och"/><SP WIDTH="15" VPOS="299" HPOS="598"/>
							<String ID="string_42" HPOS="613" VPOS="299" WIDTH="71" HEIGHT="21" WC="0.93" CONTENT="folket."/><SP WIDTH="30" VPOS="299" HPOS="684"/>
							<String ID="string_43" HPOS="714" VPOS="299" WIDTH="81" HEIGHT="27" WC="0.90" CONTENT="Hvarje"/><SP WIDTH="15" VPOS="299" HPOS="795"/>
							<String ID="string_44" HPOS="810" VPOS="300" WIDTH="42" HEIGHT="25" WC="0.96" CONTENT="dag"/><SP WIDTH="15" VPOS="300" HPOS="852"/>
							<String ID="string_45" HPOS="867" VPOS="301" WIDTH="24" HEIGHT="19" WC="0.96" CONTENT="är"/>
						</TextLine>
						<TextLine ID="line_5" HPOS="70" VPOS="325" WIDTH="821" HEIGHT="30">
							<String ID="string_46" HPOS="70" VPOS="325" WIDTH="39" HEIGHT="21" WC="0.96" CONTENT="här"/><SP WIDTH="22" VPOS="325" HPOS="109"/>
							<String ID="string_47" HPOS="131" VPOS="325" WIDTH="22" HEIGHT="21" WC="0.96" CONTENT="af"/><SP WIDTH="21" VPOS="325" HPOS="153"/>
							<String ID="string_48" HPOS="174" VPOS="327" WIDTH="45" HEIGHT="19" WC="0.96" CONTENT="stor"/><SP WIDTH="22" VPOS="327" HPOS="219"/>
							<String ID="string_49" HPOS="241" VPOS="326" WIDTH="107" HEIGHT="28" WC="0.96" CONTENT="betydelse"/><SP WIDTH="22" VPOS="326" HPOS="348"/>
							<String ID="string_50" HPOS="370" VPOS="326" WIDTH="39" HEIGHT="22" WC="0.96" CONTENT="och"/><SP WIDTH="22" VPOS="326" HPOS="409"/>
							<String ID="string_51" HPOS="431" VPOS="326" WIDTH="71" HEIGHT="23" WC="0.96" CONTENT="därför"/><SP WIDTH="19" VPOS="326" HPOS="502"/>
							<String ID="string_52" HPOS="521" VPOS="334" WIDTH="62" HEIGHT="21" WC="0.96" CONTENT="synes"/><SP WIDTH="15" VPOS="334" HPOS="583"/>
							<String ID="string_53" HPOS="598" VPOS="328" WIDTH="55" HEIGHT="21" WC="0.96" CONTENT="intet"/><SP WIDTH="14" VPOS="328" HPOS="653"/>
							<String ID="string_54" HPOS="667" VPOS="328" WIDTH="74" HEIGHT="26" WC="0.96" CONTENT="medel,"/><SP WIDTH="16" VPOS="328" HPOS="741"/>
							<String ID="string_55" HPOS="757" VPOS="334" WIDTH="46" HEIGHT="15" WC="0.96" CONTENT="som"/><SP WIDTH="16" VPOS="334" HPOS="803"/>
							<String ID="string_56" HPOS="819" VPOS="328" WIDTH="72" HEIGHT="21" WC="0.96" CONTENT="kunde"/>
						</TextLine>
						<TextLine ID="line_6" HPOS="71" VPOS="353" WIDTH="820" HEIGHT="30">
							<String ID="string_57" HPOS="71" VPOS="353" WIDTH="110" HEIGHT="28" WC="0.96" CONTENT="påskynda"/><SP WIDTH="20" VPOS="353" HPOS="181"/>
							<String ID="string_58" HPOS="201" VPOS="356" WIDTH="31" HEIGHT="19" WC="0.93" CONTENT="ett"/><SP WIDTH="23" VPOS="356" HPOS="232"/>
							<String ID="string_59" HPOS="255" VPOS="355" WIDTH="114" HEIGHT="27" WC="0.92" CONTENT="afgörande"/><SP WIDTH="18" VPOS="355" HPOS="369"/>
							<String ID="string_60" HPOS="387" VPOS="355" WIDTH="22" HEIGHT="21" WC="0.96" CONTENT="af"/><SP WIDTH="16" VPOS="355" HPOS="409"/>
							<String ID="string_61" HPOS="425" VPOS="354" WIDTH="72" HEIGHT="28" WC="0.96" CONTENT="frågan"/><SP WIDTH="17" VPOS="354" HPOS="497"/>
							<String ID="string_62" HPOS="514" VPOS="362" WIDTH="34" HEIGHT="16" WC="0.93" CONTENT="om"/><SP WIDTH="17" VPOS="362" HPOS="548"/>
							<String ID="string_63" HPOS="565" VPOS="356" WIDTH="138" HEIGHT="27" WC="0.92" CONTENT="laglighetens"/><SP WIDTH="17" VPOS="356" HPOS="703"/>
							<String ID="string_64" HPOS="720" VPOS="356" WIDTH="148" HEIGHT="22" WC="0.96" CONTENT="återställande"/><SP WIDTH="15" VPOS="356" HPOS="868"/>
							<String ID="string_65" HPOS="883" VPOS="356" WIDTH="8" HEIGHT="21" WC="0.96" CONTENT="i"/>
						</TextLine>
						<TextLine ID="line_7" HPOS="71" VPOS="382" WIDTH="358" HEIGHT="24">
							<String ID="string_66" HPOS="71" VPOS="382" WIDTH="77" HEIGHT="24" WC="0.96" CONTENT="landet,"/><SP WIDTH="16" VPOS="382" HPOS="148"/>
							<String ID="string_67" HPOS="164" VPOS="383" WIDTH="52" HEIGHT="21" WC="0.96" CONTENT="böra"/><SP WIDTH="15" VPOS="383" HPOS="216"/>
							<String ID="string_68" HPOS="231" VPOS="383" WIDTH="81" HEIGHT="23" WC="0.92" CONTENT="lämnas"/><SP WIDTH="16" VPOS="383" HPOS="312"/>
							<String ID="string_69" HPOS="328" VPOS="384" WIDTH="101" HEIGHT="22" WC="0.90" CONTENT="oförsökt."/>
						</TextLine>
					</TextBlock>
				</ComposedBlock>
				<ComposedBlock ID="cblock_3" HPOS="67" VPOS="440" WIDTH="826" HEIGHT="827">
					<TextBlock ID="block_2" HPOS="67" VPOS="440" WIDTH="826" HEIGHT="827">
						<TextLine ID="line_8" HPOS="139" VPOS="440" WIDTH="752" HEIGHT="29">
							<String ID="string_70" HPOS="139" VPOS="440" WIDTH="47" HEIGHT="21" WC="0.90" CONTENT="Hra"/><SP WIDTH="47" VPOS="440" HPOS="186"/>
							<String ID="string_71" HPOS="233" VPOS="443" WIDTH="219" HEIGHT="20" WC="0.95" CONTENT="Hammarström:"/><SP WIDTH="18" VPOS="443" HPOS="452"/>
							<String ID="string_72" HPOS="470" VPOS="443" WIDTH="41" HEIGHT="26" WC="0.96" CONTENT="Jag"/><SP WIDTH="15" VPOS="443" HPOS="511"/>
							<String ID="string_73" HPOS="526" VPOS="443" WIDTH="38" HEIGHT="20" WC="0.96" CONTENT="ber"/><SP WIDTH="14" VPOS="443" HPOS="564"/>
							<String ID="string_74" HPOS="578" VPOS="444" WIDTH="32" HEIGHT="20" WC="0.96" CONTENT="att"/><SP WIDTH="14" VPOS="444" HPOS="610"/>
							<String ID="string_75" HPOS="624" VPOS="442" WIDTH="22" HEIGHT="21" WC="0.93" CONTENT="få"/><SP WIDTH="14" VPOS="442" HPOS="646"/>
							<String ID="string_76" HPOS="660" VPOS="442" WIDTH="131" HEIGHT="21" WC="0.92" CONTENT="understöda"/><SP WIDTH="14" VPOS="442" HPOS="791"/>
							<String ID="string_77" HPOS="805" VPOS="442" WIDTH="26" HEIGHT="21" WC="0.93" CONTENT="hr"/><SP WIDTH="16" VPOS="442" HPOS="831"/>
							<String ID="string_78" HPOS="847" VPOS="442" WIDTH="44" HEIGHT="21" WC="0.91" CONTENT="Öh-"/>
						</TextLine>
						<TextLine ID="line_9" HPOS="71" VPOS="469" WIDTH="820" HEIGHT="29">
							<String ID="string_79" HPOS="71" VPOS="475" WIDTH="62" HEIGHT="15" WC="0.95" CONTENT="mans"/><SP WIDTH="16" VPOS="475" HPOS="133"/>
							<String ID="string_80" HPOS="149" VPOS="469" WIDTH="81" HEIGHT="28" WC="0.96" CONTENT="förslag"/><SP WIDTH="15" VPOS="469" HPOS="230"/>
							<String ID="string_81" HPOS="245" VPOS="476" WIDTH="35" HEIGHT="15" WC="0.96" CONTENT="om"/><SP WIDTH="15" VPOS="476" HPOS="280"/>
							<String ID="string_82" HPOS="295" VPOS="470" WIDTH="161" HEIGHT="28" WC="0.92" CONTENT="bordläggning."/><SP WIDTH="29" VPOS="470" HPOS="456"/>
							<String ID="string_83" HPOS="485" VPOS="471" WIDTH="75" HEIGHT="22" WC="0.96" CONTENT="Ehuru"/><SP WIDTH="12" VPOS="471" HPOS="560"/>
							<String ID="string_84" HPOS="572" VPOS="471" WIDTH="38" HEIGHT="27" WC="0.96" CONTENT="jag"/><SP WIDTH="13" VPOS="471" HPOS="610"/>
							<String ID="string_85" HPOS="623" VPOS="470" WIDTH="33" HEIGHT="22" WC="0.96" CONTENT="för"/><SP WIDTH="15" VPOS="470" HPOS="656"/>
							<String ID="string_86" HPOS="671" VPOS="471" WIDTH="44" HEIGHT="21" WC="0.96" CONTENT="min"/><SP WIDTH="15" VPOS="471" HPOS="715"/>
							<String ID="string_87" HPOS="730" VPOS="471" WIDTH="34" HEIGHT="21" WC="0.96" CONTENT="del"/><SP WIDTH="14" VPOS="471" HPOS="764"/>
							<String ID="string_88" HPOS="778" VPOS="471" WIDTH="46" HEIGHT="21" WC="0.93" CONTENT="icke"/><SP WIDTH="14" VPOS="471" HPOS="824"/>
							<String ID="string_89" HPOS="838" VPOS="471" WIDTH="53" HEIGHT="20" WC="0.92" CONTENT="kän-"/>
						</TextLine>
						<TextLine ID="line_10" HPOS="70" VPOS="497" WIDTH="821" HEIGHT="30">
							<String ID="string_90" HPOS="70" VPOS="503" WIDTH="39" HEIGHT="16" WC="0.96" CONTENT="ner"/><SP WIDTH="13" VPOS="503" HPOS="109"/>
							<String ID="string_91" HPOS="122" VPOS="498" WIDTH="44" HEIGHT="27" WC="0.92" CONTENT="mig"/><SP WIDTH="15" VPOS="498" HPOS="166"/>
							<String ID="string_92" HPOS="181" VPOS="497" WIDTH="124" HEIGHT="29" WC="0.91" CONTENT="öfvertygad"/><SP WIDTH="15" VPOS="497" HPOS="305"/>
							<String ID="string_93" HPOS="320" VPOS="505" WIDTH="41" HEIGHT="19" WC="0.96" CONTENT="om,"/><SP WIDTH="10" VPOS="505" HPOS="361"/>
							<String ID="string_94" HPOS="371" VPOS="501" WIDTH="32" HEIGHT="19" WC="0.96" CONTENT="att"/><SP WIDTH="15" VPOS="501" HPOS="403"/>
							<String ID="string_95" HPOS="418" VPOS="499" WIDTH="39" HEIGHT="22" WC="0.96" CONTENT="den"/><SP WIDTH="17" VPOS="499" HPOS="457"/>
							<String ID="string_96" HPOS="474" VPOS="499" WIDTH="108" HEIGHT="28" WC="0.96" CONTENT="vidlyftiga"/><SP WIDTH="15" VPOS="499" HPOS="582"/>
							<String ID="string_97" HPOS="597" VPOS="499" WIDTH="77" HEIGHT="26" WC="0.96" CONTENT="debatt,"/><SP WIDTH="16" VPOS="499" HPOS="674"/>
							<String ID="string_98" HPOS="690" VPOS="506" WIDTH="46" HEIGHT="15" WC="0.94" CONTENT="som"/><SP WIDTH="16" VPOS="506" HPOS="736"/>
							<String ID="string_99" HPOS="752" VPOS="499" WIDTH="38" HEIGHT="22" WC="0.93" CONTENT="här"/><SP WIDTH="10" VPOS="499" HPOS="790"/>
							<String ID="string_100" HPOS="800" VPOS="502" WIDTH="91" HEIGHT="24" WC="0.91" CONTENT="utspun-"/>
						</TextLine>
						<TextLine ID="line_11" HPOS="70" VPOS="526" WIDTH="823" HEIGHT="29">
							<String ID="string_101" HPOS="70" VPOS="526" WIDTH="33" HEIGHT="21" WC="0.96" CONTENT="nit"/><SP WIDTH="21" VPOS="526" HPOS="103"/>
							<String ID="string_102" HPOS="124" VPOS="527" WIDTH="39" HEIGHT="26" WC="0.96" CONTENT="sig,"/><SP WIDTH="22" VPOS="527" HPOS="163"/>
							<String ID="string_103" HPOS="185" VPOS="527" WIDTH="48" HEIGHT="21" WC="0.96" CONTENT="med"/><SP WIDTH="23" VPOS="527" HPOS="233"/>
							<String ID="string_104" HPOS="256" VPOS="527" WIDTH="159" HEIGHT="27" WC="0.92" CONTENT="nödvändighet"/><SP WIDTH="21" VPOS="527" HPOS="415"/>
							<String ID="string_105" HPOS="436" VPOS="528" WIDTH="103" HEIGHT="27" WC="0.91" CONTENT="påkallats"/><SP WIDTH="21" VPOS="528" HPOS="539"/>
							<String ID="string_106" HPOS="560" VPOS="528" WIDTH="22" HEIGHT="21" WC="0.96" CONTENT="af"/><SP WIDTH="13" VPOS="528" HPOS="582"/>
							<String ID="string_107" HPOS="595" VPOS="528" WIDTH="73" HEIGHT="27" WC="0.96" CONTENT="frågan"/><SP WIDTH="16" VPOS="528" HPOS="668"/>
							<String ID="string_108" HPOS="684" VPOS="535" WIDTH="34" HEIGHT="14" WC="0.96" CONTENT="om"/><SP WIDTH="16" VPOS="535" HPOS="718"/>
							<String ID="string_109" HPOS="734" VPOS="528" WIDTH="159" HEIGHT="27" WC="0.84" CONTENT="bordläggning"/>
						</TextLine>
						<TextLine ID="line_12" HPOS="71" VPOS="555" WIDTH="820" HEIGHT="29">
							<String ID="string_110" HPOS="71" VPOS="555" WIDTH="50" HEIGHT="21" WC="0.93" CONTENT="eller"/><SP WIDTH="15" VPOS="555" HPOS="121"/>
							<String ID="string_111" HPOS="136" VPOS="556" WIDTH="76" HEIGHT="21" WC="0.96" CONTENT="remiss"/><SP WIDTH="15" VPOS="556" HPOS="212"/>
							<String ID="string_112" HPOS="227" VPOS="555" WIDTH="23" HEIGHT="22" WC="0.97" CONTENT="af"/><SP WIDTH="13" VPOS="555" HPOS="250"/>
							<String ID="string_113" HPOS="263" VPOS="556" WIDTH="39" HEIGHT="21" WC="0.97" CONTENT="den"/><SP WIDTH="17" VPOS="556" HPOS="302"/>
							<String ID="string_114" HPOS="319" VPOS="559" WIDTH="59" HEIGHT="18" WC="0.96" CONTENT="stora"/><SP WIDTH="14" VPOS="559" HPOS="378"/>
							<String ID="string_115" HPOS="392" VPOS="556" WIDTH="89" HEIGHT="27" WC="0.96" CONTENT="brokiga"/><SP WIDTH="16" VPOS="556" HPOS="481"/>
							<String ID="string_116" HPOS="497" VPOS="557" WIDTH="63" HEIGHT="21" WC="0.96" CONTENT="skara"/><SP WIDTH="14" VPOS="557" HPOS="560"/>
							<String ID="string_117" HPOS="574" VPOS="557" WIDTH="23" HEIGHT="21" WC="0.93" CONTENT="af"/><SP WIDTH="12" VPOS="557" HPOS="597"/>
							<String ID="string_118" HPOS="609" VPOS="557" WIDTH="113" HEIGHT="27" WC="0.92" CONTENT="petitioner"/><SP WIDTH="16" VPOS="557" HPOS="722"/>
							<String ID="string_119" HPOS="738" VPOS="557" WIDTH="39" HEIGHT="21" WC="0.93" CONTENT="och"/><SP WIDTH="11" VPOS="557" HPOS="777"/>
							<String ID="string_120" HPOS="788" VPOS="557" WIDTH="103" HEIGHT="21" WC="0.93" CONTENT="motions-"/>
						</TextLine>
						<TextLine ID="line_13" HPOS="70" VPOS="583" WIDTH="821" HEIGHT="29">
							<String ID="string_121" HPOS="70" VPOS="583" WIDTH="85" HEIGHT="28" WC="0.96" CONTENT="förslag,"/><SP WIDTH="16" VPOS="583" HPOS="155"/>
							<String ID="string_122" HPOS="171" VPOS="591" WIDTH="46" HEIGHT="14" WC="0.93" CONTENT="som"/><SP WIDTH="16" VPOS="591" HPOS="217"/>
							<String ID="string_123" HPOS="233" VPOS="584" WIDTH="58" HEIGHT="27" WC="0.92" CONTENT="legat"/><SP WIDTH="14" VPOS="584" HPOS="291"/>
							<String ID="string_124" HPOS="305" VPOS="585" WIDTH="28" HEIGHT="26" WC="0.93" CONTENT="pä"/><SP WIDTH="14" VPOS="585" HPOS="333"/>
							<String ID="string_125" HPOS="347" VPOS="585" WIDTH="95" HEIGHT="22" WC="0.92" CONTENT="ständets"/><SP WIDTH="16" VPOS="585" HPOS="442"/>
							<String ID="string_126" HPOS="458" VPOS="585" WIDTH="60" HEIGHT="26" WC="0.93" CONTENT="bord,"/><SP WIDTH="16" VPOS="585" HPOS="518"/>
							<String ID="string_127" HPOS="534" VPOS="585" WIDTH="36" HEIGHT="22" WC="0.96" CONTENT="vill"/><SP WIDTH="12" VPOS="585" HPOS="570"/>
							<String ID="string_128" HPOS="582" VPOS="585" WIDTH="38" HEIGHT="27" WC="0.96" CONTENT="jag"/><SP WIDTH="14" VPOS="585" HPOS="620"/>
							<String ID="string_129" HPOS="634" VPOS="585" WIDTH="54" HEIGHT="22" WC="0.97" CONTENT="dock"/><SP WIDTH="15" VPOS="585" HPOS="688"/>
							<String ID="string_130" HPOS="703" VPOS="585" WIDTH="23" HEIGHT="21" WC="0.97" CONTENT="af"/><SP WIDTH="12" VPOS="585" HPOS="726"/>
							<String ID="string_131" HPOS="738" VPOS="591" WIDTH="26" HEIGHT="15" WC="0.93" CONTENT="en"/><SP WIDTH="12" VPOS="591" HPOS="764"/>
							<String ID="string_132" HPOS="776" VPOS="585" WIDTH="115" HEIGHT="27" WC="0.93" CONTENT="anledning"/>
						</TextLine>
						<TextLine ID="line_14" HPOS="71" VPOS="613" WIDTH="818" HEIGHT="28">
							<String ID="string_133" HPOS="71" VPOS="613" WIDTH="57" HEIGHT="25" WC="0.96" CONTENT="yttra"/><SP WIDTH="21" VPOS="613" HPOS="128"/>
							<String ID="string_134" HPOS="149" VPOS="613" WIDTH="67" HEIGHT="26" WC="0.95" CONTENT="några"/><SP WIDTH="20" VPOS="613" HPOS="216"/>
							<String ID="string_135" HPOS="236" VPOS="613" WIDTH="39" HEIGHT="21" WC="0.92" CONTENT="ord"/><SP WIDTH="23" VPOS="613" HPOS="275"/>
							<String ID="string_136" HPOS="298" VPOS="613" WIDTH="91" HEIGHT="22" WC="0.96" CONTENT="rörande"/><SP WIDTH="15" VPOS="613" HPOS="389"/>
							<String ID="string_137" HPOS="404" VPOS="614" WIDTH="40" HEIGHT="21" WC="0.96" CONTENT="den"/><SP WIDTH="16" VPOS="614" HPOS="444"/>
							<String ID="string_138" HPOS="460" VPOS="620" WIDTH="29" HEIGHT="15" WC="0.92" CONTENT="nu"/><SP WIDTH="16" VPOS="620" HPOS="489"/>
							<String ID="string_139" HPOS="505" VPOS="614" WIDTH="12" HEIGHT="21" WC="0.92" CONTENT="ä"/><SP WIDTH="15" VPOS="614" HPOS="517"/>
							<String ID="string_140" HPOS="532" VPOS="614" WIDTH="54" HEIGHT="21" WC="0.92" CONTENT="bane"/><SP WIDTH="16" VPOS="614" HPOS="586"/>
							<String ID="string_141" HPOS="602" VPOS="614" WIDTH="75" HEIGHT="27" WC="0.84" CONTENT="bragta"/><SP WIDTH="15" VPOS="614" HPOS="677"/>
							<String ID="string_142" HPOS="692" VPOS="616" WIDTH="59" HEIGHT="19" WC="0.93" CONTENT="stora"/><SP WIDTH="14" VPOS="616" HPOS="751"/>
							<String ID="string_143" HPOS="765" VPOS="613" WIDTH="74" HEIGHT="27" WC="0.95" CONTENT="frågan"/><SP WIDTH="15" VPOS="613" HPOS="839"/>
							<String ID="string_144" HPOS="854" VPOS="620" WIDTH="35" HEIGHT="15" WC="0.96" CONTENT="om"/>
						</TextLine>
						<TextLine ID="line_15" HPOS="72" VPOS="641" WIDTH="819" HEIGHT="28">
							<String ID="string_145" HPOS="72" VPOS="641" WIDTH="126" HEIGHT="21" WC="0.92" CONTENT="ständernas"/><SP WIDTH="16" VPOS="641" HPOS="198"/>
							<String ID="string_146" HPOS="214" VPOS="641" WIDTH="77" HEIGHT="22" WC="0.96" CONTENT="arbete."/><SP WIDTH="32" VPOS="641" HPOS="291"/>
							<String ID="string_147" HPOS="323" VPOS="642" WIDTH="42" HEIGHT="21" WC="0.96" CONTENT="Det"/><SP WIDTH="15" VPOS="642" HPOS="365"/>
							<String ID="string_148" HPOS="380" VPOS="642" WIDTH="38" HEIGHT="21" WC="0.93" CONTENT="har"/><SP WIDTH="16" VPOS="642" HPOS="418"/>
							<String ID="string_149" HPOS="434" VPOS="644" WIDTH="63" HEIGHT="25" WC="0.92" CONTENT="sagts,"/><SP WIDTH="16" VPOS="644" HPOS="497"/>
							<String ID="string_150" HPOS="513" VPOS="644" WIDTH="31" HEIGHT="19" WC="0.97" CONTENT="att"/><SP WIDTH="15" VPOS="644" HPOS="544"/>
							<String ID="string_151" HPOS="559" VPOS="643" WIDTH="40" HEIGHT="21" WC="0.93" CONTENT="den"/><SP WIDTH="11" VPOS="643" HPOS="599"/>
							<String ID="string_152" HPOS="610" VPOS="642" WIDTH="138" HEIGHT="27" WC="0.92" CONTENT="ständpunkt,"/><SP WIDTH="13" VPOS="642" HPOS="748"/>
							<String ID="string_153" HPOS="761" VPOS="642" WIDTH="66" HEIGHT="27" WC="0.93" CONTENT="enligt"/><SP WIDTH="10" VPOS="642" HPOS="827"/>
							<String ID="string_154" HPOS="837" VPOS="642" WIDTH="54" HEIGHT="21" WC="0.91" CONTENT="hvil-"/>
						</TextLine>
						<TextLine ID="line_16" HPOS="71" VPOS="669" WIDTH="821" HEIGHT="29">
							<String ID="string_155" HPOS="71" VPOS="669" WIDTH="42" HEIGHT="21" WC="0.93" CONTENT="ken"/><SP WIDTH="15" VPOS="669" HPOS="113"/>
							<String ID="string_156" HPOS="128" VPOS="670" WIDTH="115" HEIGHT="21" WC="0.96" CONTENT="ständerna"/><SP WIDTH="15" VPOS="670" HPOS="243"/>
							<String ID="string_157" HPOS="258" VPOS="670" WIDTH="67" HEIGHT="21" WC="0.93" CONTENT="borde"/><SP WIDTH="15" VPOS="670" HPOS="325"/>
							<String ID="string_158" HPOS="340" VPOS="670" WIDTH="70" HEIGHT="22" WC="0.96" CONTENT="känna"/><SP WIDTH="15" VPOS="670" HPOS="410"/>
							<String ID="string_159" HPOS="425" VPOS="671" WIDTH="33" HEIGHT="27" WC="0.93" CONTENT="sig"/><SP WIDTH="14" VPOS="671" HPOS="458"/>
							<String ID="string_160" HPOS="472" VPOS="671" WIDTH="136" HEIGHT="22" WC="0.96" CONTENT="förhindrade"/><SP WIDTH="14" VPOS="671" HPOS="608"/>
							<String ID="string_161" HPOS="622" VPOS="673" WIDTH="32" HEIGHT="19" WC="0.96" CONTENT="att"/><SP WIDTH="14" VPOS="673" HPOS="654"/>
							<String ID="string_162" HPOS="668" VPOS="671" WIDTH="68" HEIGHT="21" WC="0.96" CONTENT="under"/><SP WIDTH="15" VPOS="671" HPOS="736"/>
							<String ID="string_163" HPOS="751" VPOS="677" WIDTH="29" HEIGHT="14" WC="0.93" CONTENT="nu"/><SP WIDTH="16" VPOS="677" HPOS="780"/>
							<String ID="string_164" HPOS="796" VPOS="671" WIDTH="96" HEIGHT="21" WC="0.96" CONTENT="rådande"/>
						</TextLine>
						<TextLine ID="line_17" HPOS="70" VPOS="697" WIDTH="822" HEIGHT="30">
							<String ID="string_165" HPOS="70" VPOS="697" WIDTH="146" HEIGHT="22" WC="0.91" CONTENT="förhällanden"/><SP WIDTH="16" VPOS="697" HPOS="216"/>
							<String ID="string_166" HPOS="232" VPOS="698" WIDTH="73" HEIGHT="22" WC="0.91" CONTENT="skrida"/><SP WIDTH="14" VPOS="698" HPOS="305"/>
							<String ID="string_167" HPOS="319" VPOS="699" WIDTH="32" HEIGHT="21" WC="0.96" CONTENT="till"/><SP WIDTH="15" VPOS="699" HPOS="351"/>
							<String ID="string_168" HPOS="366" VPOS="701" WIDTH="31" HEIGHT="19" WC="0.96" CONTENT="ett"/><SP WIDTH="10" VPOS="701" HPOS="397"/>
							<String ID="string_169" HPOS="407" VPOS="699" WIDTH="91" HEIGHT="22" WC="0.93" CONTENT="normalt"/><SP WIDTH="10" VPOS="699" HPOS="498"/>
							<String ID="string_170" HPOS="508" VPOS="699" WIDTH="160" HEIGHT="28" WC="0.93" CONTENT="handläggande"/><SP WIDTH="11" VPOS="699" HPOS="668"/>
							<String ID="string_171" HPOS="679" VPOS="699" WIDTH="22" HEIGHT="21" WC="0.97" CONTENT="af"/><SP WIDTH="8" VPOS="699" HPOS="701"/>
							<String ID="string_172" HPOS="709" VPOS="699" WIDTH="48" HEIGHT="21" WC="0.93" CONTENT="dem"/><SP WIDTH="10" VPOS="699" HPOS="757"/>
							<String ID="string_173" HPOS="767" VPOS="699" WIDTH="125" HEIGHT="27" WC="0.92" CONTENT="förelaggda"/>
						</TextLine>
						<TextLine ID="line_18" HPOS="71" VPOS="727" WIDTH="819" HEIGHT="28">
							<String ID="string_174" HPOS="71" VPOS="727" WIDTH="99" HEIGHT="26" WC="0.96" CONTENT="ärenden,"/><SP WIDTH="15" VPOS="727" HPOS="170"/>
							<String ID="string_175" HPOS="185" VPOS="727" WIDTH="69" HEIGHT="22" WC="0.93" CONTENT="skulle"/><SP WIDTH="15" VPOS="727" HPOS="254"/>
							<String ID="string_176" HPOS="269" VPOS="727" WIDTH="51" HEIGHT="22" WC="0.96" CONTENT="bero"/><SP WIDTH="16" VPOS="727" HPOS="320"/>
							<String ID="string_177" HPOS="336" VPOS="729" WIDTH="27" HEIGHT="26" WC="0.93" CONTENT="pä"/><SP WIDTH="12" VPOS="729" HPOS="363"/>
							<String ID="string_178" HPOS="375" VPOS="728" WIDTH="92" HEIGHT="27" WC="0.96" CONTENT="juridisk"/><SP WIDTH="15" VPOS="728" HPOS="467"/>
							<String ID="string_179" HPOS="482" VPOS="728" WIDTH="104" HEIGHT="22" WC="0.96" CONTENT="dialektik."/><SP WIDTH="38" VPOS="728" HPOS="586"/>
							<String ID="string_180" HPOS="624" VPOS="729" WIDTH="42" HEIGHT="26" WC="0.56" CONTENT="Jag"/><SP WIDTH="15" VPOS="729" HPOS="666"/>
							<String ID="string_181" HPOS="681" VPOS="731" WIDTH="35" HEIGHT="18" WC="0.93" CONTENT="vet"/><SP WIDTH="14" VPOS="731" HPOS="716"/>
							<String ID="string_182" HPOS="730" VPOS="727" WIDTH="51" HEIGHT="26" WC="0.96" CONTENT="icke,"/><SP WIDTH="15" VPOS="727" HPOS="781"/>
							<String ID="string_183" HPOS="796" VPOS="734" WIDTH="35" HEIGHT="15" WC="0.93" CONTENT="om"/><SP WIDTH="16" VPOS="734" HPOS="831"/>
							<String ID="string_184" HPOS="847" VPOS="729" WIDTH="43" HEIGHT="20" WC="0.93" CONTENT="tör-"/>
						</TextLine>
						<TextLine ID="line_19" HPOS="71" VPOS="755" WIDTH="820" HEIGHT="29">
							<String ID="string_185" HPOS="71" VPOS="755" WIDTH="70" HEIGHT="22" WC="0.96" CONTENT="hända"/><SP WIDTH="22" VPOS="755" HPOS="141"/>
							<String ID="string_186" HPOS="163" VPOS="756" WIDTH="40" HEIGHT="21" WC="0.93" CONTENT="den"/><SP WIDTH="20" VPOS="756" HPOS="203"/>
							<String ID="string_187" HPOS="223" VPOS="757" WIDTH="180" HEIGHT="27" WC="0.96" CONTENT="argumentering,"/><SP WIDTH="19" VPOS="757" HPOS="403"/>
							<String ID="string_188" HPOS="422" VPOS="763" WIDTH="45" HEIGHT="15" WC="0.96" CONTENT="som"/><SP WIDTH="16" VPOS="763" HPOS="467"/>
							<String ID="string_189" HPOS="483" VPOS="757" WIDTH="31" HEIGHT="21" WC="0.93" CONTENT="till"/><SP WIDTH="14" VPOS="757" HPOS="514"/>
							<String ID="string_190" HPOS="528" VPOS="757" WIDTH="82" HEIGHT="22" WC="0.96" CONTENT="förmån"/><SP WIDTH="15" VPOS="757" HPOS="610"/>
							<String ID="string_191" HPOS="625" VPOS="757" WIDTH="33" HEIGHT="21" WC="0.96" CONTENT="för"/><SP WIDTH="15" VPOS="757" HPOS="658"/>
							<String ID="string_192" HPOS="673" VPOS="757" WIDTH="70" HEIGHT="21" WC="0.93" CONTENT="denna"/><SP WIDTH="15" VPOS="757" HPOS="743"/>
							<String ID="string_193" HPOS="758" VPOS="757" WIDTH="133" HEIGHT="26" WC="0.96" CONTENT="ståndpunkt"/>
						</TextLine>
						<TextLine ID="line_20" HPOS="72" VPOS="785" WIDTH="819" HEIGHT="28">
							<String ID="string_194" HPOS="72" VPOS="786" WIDTH="42" HEIGHT="19" WC="0.95" CONTENT="sett"/><SP WIDTH="18" VPOS="786" HPOS="114"/>
							<String ID="string_195" HPOS="132" VPOS="785" WIDTH="74" HEIGHT="26" WC="0.96" CONTENT="dagen,"/><SP WIDTH="15" VPOS="785" HPOS="206"/>
							<String ID="string_196" HPOS="221" VPOS="785" WIDTH="39" HEIGHT="21" WC="0.93" CONTENT="har"/><SP WIDTH="15" VPOS="785" HPOS="260"/>
							<String ID="string_197" HPOS="275" VPOS="785" WIDTH="61" HEIGHT="27" WC="0.92" CONTENT="gifvit"/><SP WIDTH="14" VPOS="785" HPOS="336"/>
							<String ID="string_198" HPOS="350" VPOS="785" WIDTH="115" HEIGHT="28" WC="0.92" CONTENT="anledning"/><SP WIDTH="14" VPOS="785" HPOS="465"/>
							<String ID="string_199" HPOS="479" VPOS="786" WIDTH="31" HEIGHT="21" WC="0.96" CONTENT="till"/><SP WIDTH="16" VPOS="786" HPOS="510"/>
							<String ID="string_200" HPOS="526" VPOS="792" WIDTH="25" HEIGHT="15" WC="0.93" CONTENT="en"/><SP WIDTH="16" VPOS="792" HPOS="551"/>
							<String ID="string_201" HPOS="567" VPOS="786" WIDTH="65" HEIGHT="21" WC="0.92" CONTENT="sädan"/><SP WIDTH="16" VPOS="786" HPOS="632"/>
							<String ID="string_202" HPOS="648" VPOS="785" WIDTH="142" HEIGHT="27" WC="0.92" CONTENT="uppfattning."/><SP WIDTH="30" VPOS="785" HPOS="790"/>
							<String ID="string_203" HPOS="820" VPOS="785" WIDTH="71" HEIGHT="21" WC="0.92" CONTENT="Emel-"/>
						</TextLine>
						<TextLine ID="line_21" HPOS="71" VPOS="812" WIDTH="820" HEIGHT="29">
							<String ID="string_204" HPOS="71" VPOS="812" WIDTH="63" HEIGHT="22" WC="0.88" CONTENT="lertid"/><SP WIDTH="21" VPOS="812" HPOS="134"/>
							<String ID="string_205" HPOS="155" VPOS="819" WIDTH="63" HEIGHT="21" WC="0.92" CONTENT="synes"/><SP WIDTH="23" VPOS="819" HPOS="218"/>
							<String ID="string_206" HPOS="241" VPOS="814" WIDTH="41" HEIGHT="21" WC="0.96" CONTENT="den"/><SP WIDTH="24" VPOS="814" HPOS="282"/>
							<String ID="string_207" HPOS="306" VPOS="815" WIDTH="44" HEIGHT="26" WC="0.96" CONTENT="mig"/><SP WIDTH="19" VPOS="815" HPOS="350"/>
							<String ID="string_208" HPOS="369" VPOS="820" WIDTH="51" HEIGHT="15" WC="0.93" CONTENT="vara"/><SP WIDTH="20" VPOS="820" HPOS="420"/>
							<String ID="string_209" HPOS="440" VPOS="813" WIDTH="129" HEIGHT="28" WC="0.93" CONTENT="fullkomligt"/><SP WIDTH="15" VPOS="813" HPOS="569"/>
							<String ID="string_210" HPOS="584" VPOS="815" WIDTH="83" HEIGHT="26" WC="0.92" CONTENT="oriktig."/><SP WIDTH="29" VPOS="815" HPOS="667"/>
							<String ID="string_211" HPOS="696" VPOS="814" WIDTH="50" HEIGHT="21" WC="0.96" CONTENT="Med"/><SP WIDTH="15" VPOS="814" HPOS="746"/>
							<String ID="string_212" HPOS="761" VPOS="814" WIDTH="27" HEIGHT="21" WC="0.93" CONTENT="all"/><SP WIDTH="15" VPOS="814" HPOS="788"/>
							<String ID="string_213" HPOS="803" VPOS="814" WIDTH="88" HEIGHT="27" WC="0.91" CONTENT="respekt"/>
						</TextLine>
						<TextLine ID="line_22" HPOS="71" VPOS="841" WIDTH="821" HEIGHT="29">
							<String ID="string_214" HPOS="71" VPOS="841" WIDTH="33" HEIGHT="22" WC="0.93" CONTENT="för"/><SP WIDTH="23" VPOS="841" HPOS="104"/>
							<String ID="string_215" HPOS="127" VPOS="842" WIDTH="26" HEIGHT="21" WC="0.93" CONTENT="de"/><SP WIDTH="22" VPOS="842" HPOS="153"/>
							<String ID="string_216" HPOS="175" VPOS="842" WIDTH="130" HEIGHT="27" WC="0.91" CONTENT="principiella"/><SP WIDTH="22" VPOS="842" HPOS="305"/>
							<String ID="string_217" HPOS="327" VPOS="845" WIDTH="117" HEIGHT="25" WC="0.95" CONTENT="argument,"/><SP WIDTH="23" VPOS="845" HPOS="444"/>
							<String ID="string_218" HPOS="467" VPOS="849" WIDTH="45" HEIGHT="15" WC="0.90" CONTENT="som"/><SP WIDTH="21" VPOS="849" HPOS="512"/>
							<String ID="string_219" HPOS="533" VPOS="843" WIDTH="81" HEIGHT="22" WC="0.90" CONTENT="anförts"/><SP WIDTH="16" VPOS="843" HPOS="614"/>
							<String ID="string_220" HPOS="630" VPOS="843" WIDTH="39" HEIGHT="21" WC="0.96" CONTENT="och"/><SP WIDTH="16" VPOS="843" HPOS="669"/>
							<String ID="string_221" HPOS="685" VPOS="843" WIDTH="47" HEIGHT="20" WC="0.96" CONTENT="med"/><SP WIDTH="16" VPOS="843" HPOS="732"/>
							<String ID="string_222" HPOS="748" VPOS="842" WIDTH="46" HEIGHT="22" WC="0.96" CONTENT="skäl"/><SP WIDTH="15" VPOS="842" HPOS="794"/>
							<String ID="string_223" HPOS="809" VPOS="843" WIDTH="83" HEIGHT="20" WC="0.96" CONTENT="kunnat"/>
						</TextLine>
						<TextLine ID="line_23" HPOS="71" VPOS="869" WIDTH="820" HEIGHT="30">
							<String ID="string_224" HPOS="71" VPOS="869" WIDTH="85" HEIGHT="22" WC="0.91" CONTENT="anföras"/><SP WIDTH="22" VPOS="869" HPOS="156"/>
							<String ID="string_225" HPOS="178" VPOS="870" WIDTH="33" HEIGHT="21" WC="0.93" CONTENT="för"/><SP WIDTH="23" VPOS="870" HPOS="211"/>
							<String ID="string_226" HPOS="234" VPOS="871" WIDTH="159" HEIGHT="28" WC="0.94" CONTENT="ståndpunkten"/><SP WIDTH="22" VPOS="871" HPOS="393"/>
							<String ID="string_227" HPOS="415" VPOS="873" WIDTH="31" HEIGHT="20" WC="0.93" CONTENT="att"/><SP WIDTH="14" VPOS="873" HPOS="446"/>
							<String ID="string_228" HPOS="460" VPOS="871" WIDTH="84" HEIGHT="28" WC="0.96" CONTENT="rättslig"/><SP WIDTH="14" VPOS="871" HPOS="544"/>
							<String ID="string_229" HPOS="558" VPOS="872" WIDTH="109" HEIGHT="27" WC="0.96" CONTENT="möjlighet"/><SP WIDTH="14" VPOS="872" HPOS="667"/>
							<String ID="string_230" HPOS="681" VPOS="871" WIDTH="33" HEIGHT="22" WC="0.93" CONTENT="för"/><SP WIDTH="15" VPOS="871" HPOS="714"/>
							<String ID="string_231" HPOS="729" VPOS="872" WIDTH="115" HEIGHT="21" WC="0.96" CONTENT="ständerna"/><SP WIDTH="15" VPOS="872" HPOS="844"/>
							<String ID="string_232" HPOS="859" VPOS="873" WIDTH="32" HEIGHT="19" WC="0.96" CONTENT="att"/>
						</TextLine>
						<TextLine ID="line_24" HPOS="72" VPOS="899" WIDTH="819" HEIGHT="29">
							<String ID="string_233" HPOS="72" VPOS="899" WIDTH="72" HEIGHT="21" WC="0.93" CONTENT="skrida"/><SP WIDTH="14" VPOS="899" HPOS="144"/>
							<String ID="string_234" HPOS="158" VPOS="900" WIDTH="32" HEIGHT="20" WC="0.96" CONTENT="till"/><SP WIDTH="15" VPOS="900" HPOS="190"/>
							<String ID="string_235" HPOS="205" VPOS="900" WIDTH="73" HEIGHT="21" WC="0.93" CONTENT="arbete"/><SP WIDTH="15" VPOS="900" HPOS="278"/>
							<String ID="string_236" HPOS="293" VPOS="901" WIDTH="45" HEIGHT="21" WC="0.93" CONTENT="icke"/><SP WIDTH="15" VPOS="901" HPOS="338"/>
							<String ID="string_237" HPOS="353" VPOS="900" WIDTH="119" HEIGHT="26" WC="0.93" CONTENT="förefinnes,"/><SP WIDTH="16" VPOS="900" HPOS="472"/>
							<String ID="string_238" HPOS="488" VPOS="901" WIDTH="35" HEIGHT="21" WC="0.96" CONTENT="vill"/><SP WIDTH="13" VPOS="901" HPOS="523"/>
							<String ID="string_239" HPOS="536" VPOS="901" WIDTH="38" HEIGHT="27" WC="0.93" CONTENT="jag"/><SP WIDTH="14" VPOS="901" HPOS="574"/>
							<String ID="string_240" HPOS="588" VPOS="900" WIDTH="55" HEIGHT="22" WC="0.93" CONTENT="hälla"/><SP WIDTH="14" VPOS="900" HPOS="643"/>
							<String ID="string_241" HPOS="657" VPOS="900" WIDTH="50" HEIGHT="24" WC="0.96" CONTENT="före,"/><SP WIDTH="17" VPOS="900" HPOS="707"/>
							<String ID="string_242" HPOS="724" VPOS="902" WIDTH="31" HEIGHT="20" WC="0.93" CONTENT="att"/><SP WIDTH="15" VPOS="902" HPOS="755"/>
							<String ID="string_243" HPOS="770" VPOS="900" WIDTH="62" HEIGHT="22" WC="0.92" CONTENT="äfven"/><SP WIDTH="10" VPOS="900" HPOS="832"/>
							<String ID="string_244" HPOS="842" VPOS="903" WIDTH="49" HEIGHT="18" WC="0.97" CONTENT="rent"/>
						</TextLine>
						<TextLine ID="line_25" HPOS="71" VPOS="928" WIDTH="818" HEIGHT="29">
							<String ID="string_245" HPOS="71" VPOS="928" WIDTH="106" HEIGHT="27" WC="0.91" CONTENT="praktiskt"/><SP WIDTH="17" VPOS="928" HPOS="177"/>
							<String ID="string_246" HPOS="194" VPOS="928" WIDTH="100" HEIGHT="27" WC="0.92" CONTENT="politiska"/><SP WIDTH="17" VPOS="928" HPOS="294"/>
							<String ID="string_247" HPOS="311" VPOS="930" WIDTH="80" HEIGHT="26" WC="0.93" CONTENT="hinder,"/><SP WIDTH="18" VPOS="930" HPOS="391"/>
							<String ID="string_248" HPOS="409" VPOS="929" WIDTH="38" HEIGHT="22" WC="0.96" CONTENT="och"/><SP WIDTH="19" VPOS="929" HPOS="447"/>
							<String ID="string_249" HPOS="466" VPOS="930" WIDTH="26" HEIGHT="20" WC="0.92" CONTENT="de"/><SP WIDTH="14" VPOS="930" HPOS="492"/>
							<String ID="string_250" HPOS="506" VPOS="932" WIDTH="77" HEIGHT="25" WC="0.92" CONTENT="ytterst"/><SP WIDTH="13" VPOS="932" HPOS="583"/>
							<String ID="string_251" HPOS="596" VPOS="930" WIDTH="87" HEIGHT="26" WC="0.93" CONTENT="viktiga,"/><SP WIDTH="14" VPOS="930" HPOS="683"/>
							<String ID="string_252" HPOS="697" VPOS="928" WIDTH="103" HEIGHT="28" WC="0.91" CONTENT="föreligga"/><SP WIDTH="14" VPOS="928" HPOS="800"/>
							<String ID="string_253" HPOS="814" VPOS="928" WIDTH="33" HEIGHT="22" WC="0.96" CONTENT="för"/><SP WIDTH="15" VPOS="928" HPOS="847"/>
							<String ID="string_254" HPOS="862" VPOS="935" WIDTH="27" HEIGHT="15" WC="0.97" CONTENT="en"/>
						</TextLine>
						<TextLine ID="line_26" HPOS="71" VPOS="957" WIDTH="820" HEIGHT="29">
							<String ID="string_255" HPOS="71" VPOS="957" WIDTH="65" HEIGHT="21" WC="0.92" CONTENT="sädan"/><SP WIDTH="16" VPOS="957" HPOS="136"/>
							<String ID="string_256" HPOS="152" VPOS="957" WIDTH="80" HEIGHT="27" WC="0.92" CONTENT="ätgärd."/><SP WIDTH="29" VPOS="957" HPOS="232"/>
							<String ID="string_257" HPOS="261" VPOS="958" WIDTH="39" HEIGHT="22" WC="0.93" CONTENT="Till"/><SP WIDTH="16" VPOS="958" HPOS="300"/>
							<String ID="string_258" HPOS="316" VPOS="959" WIDTH="35" HEIGHT="21" WC="0.93" CONTENT="det"/><SP WIDTH="15" VPOS="959" HPOS="351"/>
							<String ID="string_259" HPOS="366" VPOS="958" WIDTH="86" HEIGHT="28" WC="0.93" CONTENT="passiva"/><SP WIDTH="14" VPOS="958" HPOS="452"/>
							<String ID="string_260" HPOS="466" VPOS="959" WIDTH="208" HEIGHT="27" WC="0.93" CONTENT="motständspartiets"/><SP WIDTH="16" VPOS="959" HPOS="674"/>
							<String ID="string_261" HPOS="690" VPOS="964" WIDTH="100" HEIGHT="21" WC="0.96" CONTENT="program"/><SP WIDTH="16" VPOS="964" HPOS="790"/>
							<String ID="string_262" HPOS="806" VPOS="958" WIDTH="37" HEIGHT="21" WC="0.93" CONTENT="har"/><SP WIDTH="13" VPOS="958" HPOS="843"/>
							<String ID="string_263" HPOS="856" VPOS="964" WIDTH="35" HEIGHT="15" WC="0.92" CONTENT="re-"/>
						</TextLine>
						<TextLine ID="line_27" HPOS="71" VPOS="986" WIDTH="819" HEIGHT="28">
							<String ID="string_264" HPOS="71" VPOS="986" WIDTH="42" HEIGHT="21" WC="0.95" CONTENT="dan"/><SP WIDTH="22" VPOS="986" HPOS="113"/>
							<String ID="string_265" HPOS="135" VPOS="986" WIDTH="7" HEIGHT="21" WC="0.95" CONTENT="i"/><SP WIDTH="21" VPOS="986" HPOS="142"/>
							<String ID="string_266" HPOS="163" VPOS="986" WIDTH="42" HEIGHT="21" WC="0.93" CONTENT="fem"/><SP WIDTH="21" VPOS="986" HPOS="205"/>
							<String ID="string_267" HPOS="226" VPOS="986" WIDTH="36" HEIGHT="22" WC="0.92" CONTENT="ärs"/><SP WIDTH="18" VPOS="986" HPOS="262"/>
							<String ID="string_268" HPOS="280" VPOS="988" WIDTH="31" HEIGHT="20" WC="0.93" CONTENT="tid"/><SP WIDTH="14" VPOS="988" HPOS="311"/>
							<String ID="string_269" HPOS="325" VPOS="988" WIDTH="54" HEIGHT="25" WC="0.93" CONTENT="hört,"/><SP WIDTH="16" VPOS="988" HPOS="379"/>
							<String ID="string_270" HPOS="395" VPOS="987" WIDTH="71" HEIGHT="21" WC="0.92" CONTENT="säsom"/><SP WIDTH="16" VPOS="987" HPOS="466"/>
							<String ID="string_271" HPOS="482" VPOS="987" WIDTH="49" HEIGHT="22" WC="0.95" CONTENT="dess"/><SP WIDTH="16" VPOS="987" HPOS="531"/>
							<String ID="string_272" HPOS="547" VPOS="987" WIDTH="112" HEIGHT="27" WC="0.93" CONTENT="viktigaste"/><SP WIDTH="14" VPOS="987" HPOS="659"/>
							<String ID="string_273" HPOS="673" VPOS="987" WIDTH="127" HEIGHT="27" WC="0.92" CONTENT="kärnpunkt,"/><SP WIDTH="16" VPOS="987" HPOS="800"/>
							<String ID="string_274" HPOS="816" VPOS="988" WIDTH="31" HEIGHT="20" WC="0.96" CONTENT="att"/><SP WIDTH="15" VPOS="988" HPOS="847"/>
							<String ID="string_275" HPOS="862" VPOS="987" WIDTH="28" HEIGHT="27" WC="0.97" CONTENT="pä"/>
						</TextLine>
						<TextLine ID="line_28" HPOS="71" VPOS="1015" WIDTH="817" HEIGHT="28">
							<String ID="string_276" HPOS="71" VPOS="1015" WIDTH="54" HEIGHT="21" WC="0.90" CONTENT="intet"/><SP WIDTH="22" VPOS="1015" HPOS="125"/>
							<String ID="string_277" HPOS="147" VPOS="1015" WIDTH="87" HEIGHT="21" WC="0.92" CONTENT="omräde"/><SP WIDTH="22" VPOS="1015" HPOS="234"/>
							<String ID="string_278" HPOS="256" VPOS="1016" WIDTH="39" HEIGHT="21" WC="0.93" CONTENT="den"/><SP WIDTH="24" VPOS="1016" HPOS="295"/>
							<String ID="string_279" HPOS="319" VPOS="1016" WIDTH="139" HEIGHT="21" WC="0.92" CONTENT="rättänkande"/><SP WIDTH="24" VPOS="1016" HPOS="458"/>
							<String ID="string_280" HPOS="482" VPOS="1016" WIDTH="154" HEIGHT="27" WC="0.91" CONTENT="medborgaren"/><SP WIDTH="23" VPOS="1016" HPOS="636"/>
							<String ID="string_281" HPOS="659" VPOS="1016" WIDTH="34" HEIGHT="21" WC="0.93" CONTENT="mä"/><SP WIDTH="23" VPOS="1016" HPOS="693"/>
							<String ID="string_282" HPOS="716" VPOS="1016" WIDTH="26" HEIGHT="27" WC="0.93" CONTENT="gä"/><SP WIDTH="21" VPOS="1016" HPOS="742"/>
							<String ID="string_283" HPOS="763" VPOS="1015" WIDTH="125" HEIGHT="27" WC="0.95" CONTENT="regeringen"/>
						</TextLine>
						<TextLine ID="line_29" HPOS="69" VPOS="1043" WIDTH="821" HEIGHT="29">
							<String ID="string_284" HPOS="69" VPOS="1043" WIDTH="102" HEIGHT="22" WC="0.91" CONTENT="tillhanda"/><SP WIDTH="19" VPOS="1043" HPOS="171"/>
							<String ID="string_285" HPOS="190" VPOS="1043" WIDTH="33" HEIGHT="22" WC="0.93" CONTENT="för"/><SP WIDTH="20" VPOS="1043" HPOS="223"/>
							<String ID="string_286" HPOS="243" VPOS="1044" WIDTH="137" HEIGHT="28" WC="0.90" CONTENT="utjämnande"/><SP WIDTH="15" VPOS="1044" HPOS="380"/>
							<String ID="string_287" HPOS="395" VPOS="1044" WIDTH="22" HEIGHT="22" WC="0.96" CONTENT="af"/><SP WIDTH="14" VPOS="1044" HPOS="417"/>
							<String ID="string_288" HPOS="431" VPOS="1047" WIDTH="66" HEIGHT="25" WC="0.96" CONTENT="vägen"/><SP WIDTH="16" VPOS="1047" HPOS="497"/>
							<String ID="string_289" HPOS="513" VPOS="1045" WIDTH="27" HEIGHT="27" WC="0.96" CONTENT="pä"/><SP WIDTH="15" VPOS="1045" HPOS="540"/>
							<String ID="string_290" HPOS="555" VPOS="1045" WIDTH="50" HEIGHT="21" WC="0.93" CONTENT="dess"/><SP WIDTH="16" VPOS="1045" HPOS="605"/>
							<String ID="string_291" HPOS="621" VPOS="1044" WIDTH="91" HEIGHT="28" WC="0.92" CONTENT="olagliga"/><SP WIDTH="14" VPOS="1044" HPOS="712"/>
							<String ID="string_292" HPOS="726" VPOS="1044" WIDTH="60" HEIGHT="22" WC="0.92" CONTENT="strät."/><SP WIDTH="30" VPOS="1044" HPOS="786"/>
							<String ID="string_293" HPOS="816" VPOS="1044" WIDTH="74" HEIGHT="22" WC="0.90" CONTENT="Sävidt"/>
						</TextLine>
						<TextLine ID="line_30" HPOS="67" VPOS="1072" WIDTH="821" HEIGHT="28">
							<String ID="string_294" HPOS="67" VPOS="1072" WIDTH="38" HEIGHT="28" WC="0.96" CONTENT="jag"/><SP WIDTH="14" VPOS="1072" HPOS="105"/>
							<String ID="string_295" HPOS="119" VPOS="1072" WIDTH="41" HEIGHT="22" WC="0.96" CONTENT="kan"/><SP WIDTH="16" VPOS="1072" HPOS="160"/>
							<String ID="string_296" HPOS="176" VPOS="1072" WIDTH="63" HEIGHT="28" WC="0.96" CONTENT="finna,"/><SP WIDTH="16" VPOS="1072" HPOS="239"/>
							<String ID="string_297" HPOS="255" VPOS="1073" WIDTH="38" HEIGHT="22" WC="0.96" CONTENT="har"/><SP WIDTH="16" VPOS="1073" HPOS="293"/>
							<String ID="string_298" HPOS="309" VPOS="1074" WIDTH="35" HEIGHT="21" WC="0.93" CONTENT="det"/><SP WIDTH="15" VPOS="1074" HPOS="344"/>
							<String ID="string_299" HPOS="359" VPOS="1074" WIDTH="89" HEIGHT="21" WC="0.92" CONTENT="sälunda"/><SP WIDTH="15" VPOS="1074" HPOS="448"/>
							<String ID="string_300" HPOS="463" VPOS="1074" WIDTH="32" HEIGHT="21" WC="0.96" CONTENT="för"/><SP WIDTH="15" VPOS="1074" HPOS="495"/>
							<String ID="string_301" HPOS="510" VPOS="1074" WIDTH="26" HEIGHT="21" WC="0.93" CONTENT="de"/><SP WIDTH="16" VPOS="1074" HPOS="536"/>
							<String ID="string_302" HPOS="552" VPOS="1074" WIDTH="68" HEIGHT="25" WC="0.92" CONTENT="ständ,"/><SP WIDTH="14" VPOS="1074" HPOS="620"/>
							<String ID="string_303" HPOS="634" VPOS="1073" WIDTH="83" HEIGHT="22" WC="0.92" CONTENT="hvilkas"/><SP WIDTH="16" VPOS="1073" HPOS="717"/>
							<String ID="string_304" HPOS="733" VPOS="1074" WIDTH="107" HEIGHT="26" WC="0.93" CONTENT="majoritet"/><SP WIDTH="15" VPOS="1074" HPOS="840"/>
							<String ID="string_305" HPOS="855" VPOS="1077" WIDTH="33" HEIGHT="17" WC="0.93" CONTENT="ut-"/>
						</TextLine>
						<TextLine ID="line_31" HPOS="69" VPOS="1101" WIDTH="820" HEIGHT="29">
							<String ID="string_306" HPOS="69" VPOS="1101" WIDTH="116" HEIGHT="27" WC="0.93" CONTENT="tryckligen"/><SP WIDTH="16" VPOS="1101" HPOS="185"/>
							<String ID="string_307" HPOS="201" VPOS="1102" WIDTH="54" HEIGHT="22" WC="0.96" CONTENT="valts"/><SP WIDTH="17" VPOS="1102" HPOS="255"/>
							<String ID="string_308" HPOS="272" VPOS="1103" WIDTH="27" HEIGHT="27" WC="0.96" CONTENT="pä"/><SP WIDTH="14" VPOS="1103" HPOS="299"/>
							<String ID="string_309" HPOS="313" VPOS="1103" WIDTH="66" HEIGHT="21" WC="0.96" CONTENT="basen"/><SP WIDTH="16" VPOS="1103" HPOS="379"/>
							<String ID="string_310" HPOS="395" VPOS="1102" WIDTH="22" HEIGHT="22" WC="0.97" CONTENT="af"/><SP WIDTH="14" VPOS="1102" HPOS="417"/>
							<String ID="string_311" HPOS="431" VPOS="1102" WIDTH="35" HEIGHT="22" WC="0.93" CONTENT="det"/><SP WIDTH="10" VPOS="1102" HPOS="466"/>
							<String ID="string_312" HPOS="476" VPOS="1103" WIDTH="84" HEIGHT="27" WC="0.93" CONTENT="passiva"/><SP WIDTH="10" VPOS="1103" HPOS="560"/>
							<String ID="string_313" HPOS="570" VPOS="1102" WIDTH="142" HEIGHT="22" WC="0.93" CONTENT="motständets"/><SP WIDTH="11" VPOS="1102" HPOS="712"/>
							<String ID="string_314" HPOS="723" VPOS="1108" WIDTH="106" HEIGHT="21" WC="0.96" CONTENT="program,"/><SP WIDTH="10" VPOS="1108" HPOS="829"/>
							<String ID="string_315" HPOS="839" VPOS="1102" WIDTH="50" HEIGHT="21" WC="0.96" CONTENT="bort"/>
						</TextLine>
						<TextLine ID="line_32" HPOS="68" VPOS="1130" WIDTH="821" HEIGHT="27">
							<String ID="string_316" HPOS="68" VPOS="1136" WIDTH="51" HEIGHT="15" WC="0.94" CONTENT="vara"/><SP WIDTH="23" VPOS="1136" HPOS="119"/>
							<String ID="string_317" HPOS="142" VPOS="1136" WIDTH="25" HEIGHT="15" WC="0.92" CONTENT="en"/><SP WIDTH="24" VPOS="1136" HPOS="167"/>
							<String ID="string_318" HPOS="191" VPOS="1130" WIDTH="48" HEIGHT="22" WC="0.88" CONTENT="fullt"/><SP WIDTH="21" VPOS="1130" HPOS="239"/>
							<String ID="string_319" HPOS="260" VPOS="1131" WIDTH="46" HEIGHT="21" WC="0.95" CONTENT="klar"/><SP WIDTH="23" VPOS="1131" HPOS="306"/>
							<String ID="string_320" HPOS="329" VPOS="1131" WIDTH="42" HEIGHT="26" WC="0.95" CONTENT="sak,"/><SP WIDTH="23" VPOS="1131" HPOS="371"/>
							<String ID="string_321" HPOS="394" VPOS="1132" WIDTH="31" HEIGHT="20" WC="0.96" CONTENT="att"/><SP WIDTH="23" VPOS="1132" HPOS="425"/>
							<String ID="string_322" HPOS="448" VPOS="1132" WIDTH="35" HEIGHT="21" WC="0.96" CONTENT="det"/><SP WIDTH="17" VPOS="1132" HPOS="483"/>
							<String ID="string_323" HPOS="500" VPOS="1131" WIDTH="33" HEIGHT="21" WC="0.96" CONTENT="för"/><SP WIDTH="15" VPOS="1131" HPOS="533"/>
							<String ID="string_324" HPOS="548" VPOS="1131" WIDTH="101" HEIGHT="21" WC="0.93" CONTENT="Finlands"/><SP WIDTH="16" VPOS="1131" HPOS="649"/>
							<String ID="string_325" HPOS="665" VPOS="1131" WIDTH="87" HEIGHT="21" WC="0.92" CONTENT="ständer"/><SP WIDTH="16" VPOS="1131" HPOS="752"/>
							<String ID="string_326" HPOS="768" VPOS="1130" WIDTH="34" HEIGHT="22" WC="0.96" CONTENT="vid"/><SP WIDTH="16" VPOS="1130" HPOS="802"/>
							<String ID="string_327" HPOS="818" VPOS="1131" WIDTH="71" HEIGHT="20" WC="0.96" CONTENT="denna"/>
						</TextLine>
						<TextLine ID="line_33" HPOS="68" VPOS="1158" WIDTH="819" HEIGHT="29">
							<String ID="string_328" HPOS="68" VPOS="1158" WIDTH="103" HEIGHT="27" WC="0.92" CONTENT="landtdag"/><SP WIDTH="20" VPOS="1158" HPOS="171"/>
							<String ID="string_329" HPOS="191" VPOS="1160" WIDTH="66" HEIGHT="25" WC="0.96" CONTENT="gäller"/><SP WIDTH="20" VPOS="1160" HPOS="257"/>
							<String ID="string_330" HPOS="277" VPOS="1162" WIDTH="31" HEIGHT="19" WC="0.93" CONTENT="att"/><SP WIDTH="19" VPOS="1162" HPOS="308"/>
							<String ID="string_331" HPOS="327" VPOS="1160" WIDTH="46" HEIGHT="21" WC="0.89" CONTENT="icke"/><SP WIDTH="16" VPOS="1160" HPOS="373"/>
							<String ID="string_332" HPOS="389" VPOS="1160" WIDTH="26" HEIGHT="26" WC="0.93" CONTENT="gä"/><SP WIDTH="14" VPOS="1160" HPOS="415"/>
							<String ID="string_333" HPOS="429" VPOS="1160" WIDTH="125" HEIGHT="27" WC="0.93" CONTENT="regeringen"/><SP WIDTH="16" VPOS="1160" HPOS="554"/>
							<String ID="string_334" HPOS="570" VPOS="1160" WIDTH="101" HEIGHT="21" WC="0.91" CONTENT="tillhanda"/><SP WIDTH="15" VPOS="1160" HPOS="671"/>
							<String ID="string_335" HPOS="686" VPOS="1160" WIDTH="48" HEIGHT="21" WC="0.96" CONTENT="med"/><SP WIDTH="16" VPOS="1160" HPOS="734"/>
							<String ID="string_336" HPOS="750" VPOS="1159" WIDTH="42" HEIGHT="24" WC="0.93" CONTENT="det,"/><SP WIDTH="15" VPOS="1159" HPOS="792"/>
							<String ID="string_337" HPOS="807" VPOS="1159" WIDTH="80" HEIGHT="21" WC="0.92" CONTENT="hvilket"/>
						</TextLine>
						<TextLine ID="line_34" HPOS="69" VPOS="1187" WIDTH="820" HEIGHT="28">
							<String ID="string_338" HPOS="69" VPOS="1187" WIDTH="104" HEIGHT="27" WC="0.91" CONTENT="styrelsen"/><SP WIDTH="24" VPOS="1187" HPOS="173"/>
							<String ID="string_339" HPOS="197" VPOS="1188" WIDTH="157" HEIGHT="27" WC="0.91" CONTENT="otvifvelaktigt"/><SP WIDTH="19" VPOS="1188" HPOS="354"/>
							<String ID="string_340" HPOS="373" VPOS="1187" WIDTH="47" HEIGHT="22" WC="0.93" CONTENT="frän"/><SP WIDTH="21" VPOS="1187" HPOS="420"/>
							<String ID="string_341" HPOS="441" VPOS="1188" WIDTH="67" HEIGHT="22" WC="0.97" CONTENT="första"/><SP WIDTH="14" VPOS="1188" HPOS="508"/>
							<String ID="string_342" HPOS="522" VPOS="1188" WIDTH="74" HEIGHT="27" WC="0.93" CONTENT="början"/><SP WIDTH="16" VPOS="1188" HPOS="596"/>
							<String ID="string_343" HPOS="612" VPOS="1187" WIDTH="63" HEIGHT="22" WC="0.92" CONTENT="afsett"/><SP WIDTH="15" VPOS="1187" HPOS="675"/>
							<String ID="string_344" HPOS="690" VPOS="1190" WIDTH="32" HEIGHT="19" WC="0.96" CONTENT="att"/><SP WIDTH="14" VPOS="1190" HPOS="722"/>
							<String ID="string_345" HPOS="736" VPOS="1187" WIDTH="23" HEIGHT="22" WC="0.93" CONTENT="af"/><SP WIDTH="13" VPOS="1187" HPOS="759"/>
							<String ID="string_346" HPOS="772" VPOS="1188" WIDTH="117" HEIGHT="20" WC="0.92" CONTENT="ständerna"/>
						</TextLine>
						<TextLine ID="line_35" HPOS="67" VPOS="1215" WIDTH="825" HEIGHT="29">
							<String ID="string_347" HPOS="67" VPOS="1215" WIDTH="53" HEIGHT="21" WC="0.92" CONTENT="ernä"/><SP WIDTH="14" VPOS="1215" HPOS="120"/>
							<String ID="string_348" HPOS="134" VPOS="1216" WIDTH="39" HEIGHT="21" WC="0.93" CONTENT="och"/><SP WIDTH="16" VPOS="1216" HPOS="173"/>
							<String ID="string_349" HPOS="189" VPOS="1216" WIDTH="167" HEIGHT="28" WC="0.96" CONTENT="uppenbarligen"/><SP WIDTH="16" VPOS="1216" HPOS="356"/>
							<String ID="string_350" HPOS="372" VPOS="1216" WIDTH="37" HEIGHT="22" WC="0.94" CONTENT="allt"/><SP WIDTH="15" VPOS="1216" HPOS="409"/>
							<String ID="string_351" HPOS="424" VPOS="1219" WIDTH="57" HEIGHT="19" WC="0.93" CONTENT="ännu"/><SP WIDTH="15" VPOS="1219" HPOS="481"/>
							<String ID="string_352" HPOS="496" VPOS="1216" WIDTH="150" HEIGHT="26" WC="0.91" CONTENT="eftersträfvar,"/><SP WIDTH="15" VPOS="1216" HPOS="646"/>
							<String ID="string_353" HPOS="661" VPOS="1217" WIDTH="36" HEIGHT="21" WC="0.96" CONTENT="det"/><SP WIDTH="15" VPOS="1217" HPOS="697"/>
							<String ID="string_354" HPOS="712" VPOS="1216" WIDTH="36" HEIGHT="21" WC="0.93" CONTENT="vill"/><SP WIDTH="16" VPOS="1216" HPOS="748"/>
							<String ID="string_355" HPOS="764" VPOS="1218" WIDTH="51" HEIGHT="24" WC="0.96" CONTENT="säga"/><SP WIDTH="9" VPOS="1218" HPOS="815"/>
							<String ID="string_356" HPOS="824" VPOS="1218" WIDTH="32" HEIGHT="18" WC="0.79" CONTENT="att"/><SP WIDTH="12" VPOS="1218" HPOS="856"/>
							<String ID="string_357" HPOS="868" VPOS="1215" WIDTH="24" HEIGHT="22" WC="0.96" CONTENT="af"/>
						</TextLine>
						<TextLine ID="line_36" HPOS="68" VPOS="1244" WIDTH="537" HEIGHT="23">
							<String ID="string_358" HPOS="68" VPOS="1244" WIDTH="101" HEIGHT="21" WC="0.93" CONTENT="Finlands"/><SP WIDTH="16" VPOS="1244" HPOS="169"/>
							<String ID="string_359" HPOS="185" VPOS="1245" WIDTH="86" HEIGHT="21" WC="0.96" CONTENT="ständer"/><SP WIDTH="15" VPOS="1245" HPOS="271"/>
							<String ID="string_360" HPOS="286" VPOS="1245" WIDTH="21" HEIGHT="21" WC="0.96" CONTENT="få"/><SP WIDTH="15" VPOS="1245" HPOS="307"/>
							<String ID="string_361" HPOS="322" VPOS="1251" WIDTH="26" HEIGHT="15" WC="0.93" CONTENT="en"/><SP WIDTH="15" VPOS="1251" HPOS="348"/>
							<String ID="string_362" HPOS="363" VPOS="1245" WIDTH="131" HEIGHT="22" WC="0.93" CONTENT="konsultativ"/><SP WIDTH="16" VPOS="1245" HPOS="494"/>
							<String ID="string_363" HPOS="510" VPOS="1245" WIDTH="95" HEIGHT="22" WC="0.62" CONTENT="komitte."/>
						</TextLine>
					</TextBlock>
				</ComposedBlock>
				<ComposedBlock ID="cblock_4" HPOS="66" VPOS="1301" WIDTH="823" HEIGHT="251">
					<TextBlock ID="block_3" HPOS="66" VPOS="1301" WIDTH="823" HEIGHT="251">
						<TextLine ID="line_37" HPOS="137" VPOS="1301" WIDTH="752" HEIGHT="28">
							<String ID="string_364" HPOS="137" VPOS="1301" WIDTH="46" HEIGHT="22" WC="0.93" CONTENT="Hra"/><SP WIDTH="22" VPOS="1301" HPOS="183"/>
							<String ID="string_365" HPOS="205" VPOS="1302" WIDTH="122" HEIGHT="21" WC="0.53" CONTENT="Homön:"/><SP WIDTH="23" VPOS="1302" HPOS="327"/>
							<String ID="string_366" HPOS="350" VPOS="1301" WIDTH="60" HEIGHT="23" WC="0.96" CONTENT="Efter"/><SP WIDTH="22" VPOS="1301" HPOS="410"/>
							<String ID="string_367" HPOS="432" VPOS="1302" WIDTH="40" HEIGHT="22" WC="0.92" CONTENT="den"/><SP WIDTH="18" VPOS="1302" HPOS="472"/>
							<String ID="string_368" HPOS="490" VPOS="1302" WIDTH="62" HEIGHT="27" WC="0.96" CONTENT="långa"/><SP WIDTH="15" VPOS="1302" HPOS="552"/>
							<String ID="string_369" HPOS="567" VPOS="1302" WIDTH="78" HEIGHT="26" WC="0.94" CONTENT="debatt,"/><SP WIDTH="18" VPOS="1302" HPOS="645"/>
							<String ID="string_370" HPOS="663" VPOS="1308" WIDTH="45" HEIGHT="14" WC="0.95" CONTENT="som"/><SP WIDTH="17" VPOS="1308" HPOS="708"/>
							<String ID="string_371" HPOS="725" VPOS="1308" WIDTH="28" HEIGHT="14" WC="0.93" CONTENT="nu"/><SP WIDTH="16" VPOS="1308" HPOS="753"/>
							<String ID="string_372" HPOS="769" VPOS="1301" WIDTH="120" HEIGHT="27" WC="0.91" CONTENT="försiggätt,"/>
						</TextLine>
						<TextLine ID="line_38" HPOS="67" VPOS="1329" WIDTH="822" HEIGHT="28">
							<String ID="string_373" HPOS="67" VPOS="1329" WIDTH="40" HEIGHT="22" WC="0.95" CONTENT="och"/><SP WIDTH="22" VPOS="1329" HPOS="107"/>
							<String ID="string_374" HPOS="129" VPOS="1330" WIDTH="27" HEIGHT="21" WC="0.92" CONTENT="de"/><SP WIDTH="21" VPOS="1330" HPOS="156"/>
							<String ID="string_375" HPOS="177" VPOS="1330" WIDTH="78" HEIGHT="27" WC="0.92" CONTENT="många"/><SP WIDTH="21" VPOS="1330" HPOS="255"/>
							<String ID="string_376" HPOS="276" VPOS="1330" WIDTH="190" HEIGHT="27" WC="0.65" CONTENT="öfverläggningar,"/><SP WIDTH="23" VPOS="1330" HPOS="466"/>
							<String ID="string_377" HPOS="489" VPOS="1337" WIDTH="47" HEIGHT="14" WC="0.96" CONTENT="som"/><SP WIDTH="18" VPOS="1337" HPOS="536"/>
							<String ID="string_378" HPOS="554" VPOS="1336" WIDTH="49" HEIGHT="15" WC="0.96" CONTENT="man"/><SP WIDTH="21" VPOS="1336" HPOS="603"/>
							<String ID="string_379" HPOS="624" VPOS="1330" WIDTH="39" HEIGHT="21" WC="0.96" CONTENT="och"/><SP WIDTH="19" VPOS="1330" HPOS="663"/>
							<String ID="string_380" HPOS="682" VPOS="1336" WIDTH="48" HEIGHT="15" WC="0.93" CONTENT="man"/><SP WIDTH="17" VPOS="1336" HPOS="730"/>
							<String ID="string_381" HPOS="747" VPOS="1330" WIDTH="89" HEIGHT="21" WC="0.95" CONTENT="emellan"/><SP WIDTH="16" VPOS="1330" HPOS="836"/>
							<String ID="string_382" HPOS="852" VPOS="1333" WIDTH="37" HEIGHT="23" WC="0.96" CONTENT="egt"/>
						</TextLine>
						<TextLine ID="line_39" HPOS="66" VPOS="1357" WIDTH="822" HEIGHT="29">
							<String ID="string_383" HPOS="66" VPOS="1364" WIDTH="48" HEIGHT="15" WC="0.93" CONTENT="rum"/><SP WIDTH="16" VPOS="1364" HPOS="114"/>
							<String ID="string_384" HPOS="130" VPOS="1359" WIDTH="110" HEIGHT="26" WC="0.96" CONTENT="angående"/><SP WIDTH="14" VPOS="1359" HPOS="240"/>
							<String ID="string_385" HPOS="254" VPOS="1359" WIDTH="140" HEIGHT="22" WC="0.96" CONTENT="förevarande"/><SP WIDTH="14" VPOS="1359" HPOS="394"/>
							<String ID="string_386" HPOS="408" VPOS="1359" WIDTH="60" HEIGHT="27" WC="0.96" CONTENT="fråga"/><SP WIDTH="14" VPOS="1359" HPOS="468"/>
							<String ID="string_387" HPOS="482" VPOS="1366" WIDTH="33" HEIGHT="14" WC="0.90" CONTENT="om"/><SP WIDTH="17" VPOS="1366" HPOS="515"/>
							<String ID="string_388" HPOS="532" VPOS="1359" WIDTH="82" HEIGHT="26" WC="0.96" CONTENT="remiss,"/><SP WIDTH="16" VPOS="1359" HPOS="614"/>
							<String ID="string_389" HPOS="630" VPOS="1361" WIDTH="23" HEIGHT="18" WC="0.97" CONTENT="är"/><SP WIDTH="12" VPOS="1361" HPOS="653"/>
							<String ID="string_390" HPOS="665" VPOS="1358" WIDTH="38" HEIGHT="27" WC="0.93" CONTENT="jag"/><SP WIDTH="10" VPOS="1358" HPOS="703"/>
							<String ID="string_391" HPOS="713" VPOS="1357" WIDTH="124" HEIGHT="28" WC="0.85" CONTENT="öfvertygad"/><SP WIDTH="9" VPOS="1357" HPOS="837"/>
							<String ID="string_392" HPOS="846" VPOS="1365" WIDTH="42" HEIGHT="19" WC="0.97" CONTENT="om,"/>
						</TextLine>
						<TextLine ID="line_40" HPOS="66" VPOS="1386" WIDTH="821" HEIGHT="29">
							<String ID="string_393" HPOS="66" VPOS="1389" WIDTH="33" HEIGHT="18" WC="0.93" CONTENT="att"/><SP WIDTH="14" VPOS="1389" HPOS="99"/>
							<String ID="string_394" HPOS="113" VPOS="1386" WIDTH="73" HEIGHT="28" WC="0.93" CONTENT="hvarje"/><SP WIDTH="15" VPOS="1386" HPOS="186"/>
							<String ID="string_395" HPOS="201" VPOS="1387" WIDTH="170" HEIGHT="22" WC="0.92" CONTENT="ständsledamot"/><SP WIDTH="14" VPOS="1387" HPOS="371"/>
							<String ID="string_396" HPOS="385" VPOS="1387" WIDTH="38" HEIGHT="22" WC="0.96" CONTENT="har"/><SP WIDTH="16" VPOS="1387" HPOS="423"/>
							<String ID="string_397" HPOS="439" VPOS="1388" WIDTH="33" HEIGHT="21" WC="0.97" CONTENT="sin"/><SP WIDTH="16" VPOS="1388" HPOS="472"/>
							<String ID="string_398" HPOS="488" VPOS="1387" WIDTH="101" HEIGHT="28" WC="0.96" CONTENT="ställning"/><SP WIDTH="15" VPOS="1387" HPOS="589"/>
							<String ID="string_399" HPOS="604" VPOS="1388" WIDTH="6" HEIGHT="21" WC="0.95" CONTENT="i"/><SP WIDTH="16" VPOS="1388" HPOS="610"/>
							<String ID="string_400" HPOS="626" VPOS="1387" WIDTH="69" HEIGHT="22" WC="0.93" CONTENT="denna"/><SP WIDTH="14" VPOS="1387" HPOS="695"/>
							<String ID="string_401" HPOS="709" VPOS="1387" WIDTH="60" HEIGHT="26" WC="0.93" CONTENT="fräga"/><SP WIDTH="9" VPOS="1387" HPOS="769"/>
							<String ID="string_402" HPOS="778" VPOS="1386" WIDTH="50" HEIGHT="22" WC="0.90" CONTENT="fullt"/><SP WIDTH="7" VPOS="1386" HPOS="828"/>
							<String ID="string_403" HPOS="835" VPOS="1387" WIDTH="52" HEIGHT="25" WC="0.94" CONTENT="klar,"/>
						</TextLine>
						<TextLine ID="line_41" HPOS="67" VPOS="1415" WIDTH="821" HEIGHT="26">
							<String ID="string_404" HPOS="67" VPOS="1415" WIDTH="40" HEIGHT="20" WC="0.94" CONTENT="och"/><SP WIDTH="20" VPOS="1415" HPOS="107"/>
							<String ID="string_405" HPOS="127" VPOS="1415" WIDTH="36" HEIGHT="20" WC="0.94" CONTENT="vill"/><SP WIDTH="23" VPOS="1415" HPOS="163"/>
							<String ID="string_406" HPOS="186" VPOS="1415" WIDTH="70" HEIGHT="20" WC="0.93" CONTENT="därför"/><SP WIDTH="23" VPOS="1415" HPOS="256"/>
							<String ID="string_407" HPOS="279" VPOS="1415" WIDTH="46" HEIGHT="20" WC="0.89" CONTENT="icke"/><SP WIDTH="15" VPOS="1415" HPOS="325"/>
							<String ID="string_408" HPOS="340" VPOS="1415" WIDTH="65" HEIGHT="21" WC="0.96" CONTENT="heller"/><SP WIDTH="16" VPOS="1415" HPOS="405"/>
							<String ID="string_409" HPOS="421" VPOS="1416" WIDTH="51" HEIGHT="20" WC="0.93" CONTENT="söka"/><SP WIDTH="14" VPOS="1416" HPOS="472"/>
							<String ID="string_410" HPOS="486" VPOS="1416" WIDTH="89" HEIGHT="20" WC="0.90" CONTENT="invärka"/><SP WIDTH="15" VPOS="1416" HPOS="575"/>
							<String ID="string_411" HPOS="590" VPOS="1416" WIDTH="70" HEIGHT="25" WC="0.92" CONTENT="därpä,"/><SP WIDTH="16" VPOS="1416" HPOS="660"/>
							<String ID="string_412" HPOS="676" VPOS="1418" WIDTH="52" HEIGHT="17" WC="0.93" CONTENT="utan"/><SP WIDTH="15" VPOS="1418" HPOS="728"/>
							<String ID="string_413" HPOS="743" VPOS="1415" WIDTH="94" HEIGHT="20" WC="0.93" CONTENT="anhäller"/><SP WIDTH="12" VPOS="1415" HPOS="837"/>
							<String ID="string_414" HPOS="849" VPOS="1415" WIDTH="39" HEIGHT="26" WC="0.96" CONTENT="jag"/>
						</TextLine>
						<TextLine ID="line_42" HPOS="67" VPOS="1442" WIDTH="821" HEIGHT="27">
							<String ID="string_415" HPOS="67" VPOS="1442" WIDTH="55" HEIGHT="21" WC="0.91" CONTENT="blott"/><SP WIDTH="15" VPOS="1442" HPOS="122"/>
							<String ID="string_416" HPOS="137" VPOS="1445" WIDTH="31" HEIGHT="18" WC="0.96" CONTENT="att"/><SP WIDTH="15" VPOS="1445" HPOS="168"/>
							<String ID="string_417" HPOS="183" VPOS="1442" WIDTH="33" HEIGHT="21" WC="0.93" CONTENT="för"/><SP WIDTH="14" VPOS="1442" HPOS="216"/>
							<String ID="string_418" HPOS="230" VPOS="1443" WIDTH="67" HEIGHT="26" WC="0.92" CONTENT="nägra"/><SP WIDTH="15" VPOS="1443" HPOS="297"/>
							<String ID="string_419" HPOS="312" VPOS="1443" WIDTH="93" HEIGHT="21" WC="0.93" CONTENT="minuter"/><SP WIDTH="14" VPOS="1443" HPOS="405"/>
							<String ID="string_420" HPOS="419" VPOS="1442" WIDTH="21" HEIGHT="21" WC="0.93" CONTENT="fä"/><SP WIDTH="15" VPOS="1442" HPOS="440"/>
							<String ID="string_421" HPOS="455" VPOS="1445" WIDTH="49" HEIGHT="24" WC="0.92" CONTENT="taga"/><SP WIDTH="15" VPOS="1445" HPOS="504"/>
							<String ID="string_422" HPOS="519" VPOS="1443" WIDTH="96" HEIGHT="21" WC="0.92" CONTENT="ständets"/><SP WIDTH="16" VPOS="1443" HPOS="615"/>
							<String ID="string_423" HPOS="631" VPOS="1442" WIDTH="190" HEIGHT="27" WC="0.95" CONTENT="uppmärksamhet"/><SP WIDTH="11" VPOS="1442" HPOS="821"/>
							<String ID="string_424" HPOS="832" VPOS="1443" WIDTH="7" HEIGHT="20" WC="0.93" CONTENT="i"/><SP WIDTH="11" VPOS="1443" HPOS="839"/>
							<String ID="string_425" HPOS="850" VPOS="1449" WIDTH="38" HEIGHT="14" WC="0.92" CONTENT="an-"/>
						</TextLine>
						<TextLine ID="line_43" HPOS="67" VPOS="1470" WIDTH="821" HEIGHT="28">
							<String ID="string_426" HPOS="67" VPOS="1471" WIDTH="65" HEIGHT="26" WC="0.96" CONTENT="språk"/><SP WIDTH="21" VPOS="1471" HPOS="132"/>
							<String ID="string_427" HPOS="153" VPOS="1471" WIDTH="34" HEIGHT="21" WC="0.96" CONTENT="för"/><SP WIDTH="20" VPOS="1471" HPOS="187"/>
							<String ID="string_428" HPOS="207" VPOS="1472" WIDTH="32" HEIGHT="20" WC="0.93" CONTENT="att"/><SP WIDTH="15" VPOS="1472" HPOS="239"/>
							<String ID="string_429" HPOS="254" VPOS="1471" WIDTH="85" HEIGHT="22" WC="0.96" CONTENT="bemöta"/><SP WIDTH="15" VPOS="1471" HPOS="339"/>
							<String ID="string_430" HPOS="354" VPOS="1472" WIDTH="66" HEIGHT="26" WC="0.95" CONTENT="några"/><SP WIDTH="15" VPOS="1472" HPOS="420"/>
							<String ID="string_431" HPOS="435" VPOS="1471" WIDTH="71" HEIGHT="26" WC="0.96" CONTENT="motiv,"/><SP WIDTH="16" VPOS="1471" HPOS="506"/>
							<String ID="string_432" HPOS="522" VPOS="1471" WIDTH="131" HEIGHT="22" WC="0.96" CONTENT="framställda"/><SP WIDTH="14" VPOS="1471" HPOS="653"/>
							<String ID="string_433" HPOS="667" VPOS="1470" WIDTH="21" HEIGHT="21" WC="0.96" CONTENT="af"/><SP WIDTH="15" VPOS="1470" HPOS="688"/>
							<String ID="string_434" HPOS="703" VPOS="1471" WIDTH="54" HEIGHT="25" WC="0.96" CONTENT="dem,"/><SP WIDTH="16" VPOS="1471" HPOS="757"/>
							<String ID="string_435" HPOS="773" VPOS="1476" WIDTH="46" HEIGHT="15" WC="0.93" CONTENT="som"/><SP WIDTH="16" VPOS="1476" HPOS="819"/>
							<String ID="string_436" HPOS="835" VPOS="1477" WIDTH="53" HEIGHT="14" WC="0.95" CONTENT="anse"/>
						</TextLine>
						<TextLine ID="line_44" HPOS="66" VPOS="1498" WIDTH="822" HEIGHT="28">
							<String ID="string_437" HPOS="66" VPOS="1501" WIDTH="33" HEIGHT="20" WC="0.96" CONTENT="att"/><SP WIDTH="13" VPOS="1501" HPOS="99"/>
							<String ID="string_438" HPOS="112" VPOS="1500" WIDTH="77" HEIGHT="21" WC="0.96" CONTENT="remiss"/><SP WIDTH="16" VPOS="1500" HPOS="189"/>
							<String ID="string_439" HPOS="205" VPOS="1499" WIDTH="38" HEIGHT="22" WC="0.93" CONTENT="bör"/><SP WIDTH="16" VPOS="1499" HPOS="243"/>
							<String ID="string_440" HPOS="259" VPOS="1506" WIDTH="40" HEIGHT="20" WC="0.93" CONTENT="ega"/><SP WIDTH="14" VPOS="1506" HPOS="299"/>
							<String ID="string_441" HPOS="313" VPOS="1506" WIDTH="54" HEIGHT="20" WC="0.96" CONTENT="rum,"/><SP WIDTH="16" VPOS="1506" HPOS="367"/>
							<String ID="string_442" HPOS="383" VPOS="1499" WIDTH="39" HEIGHT="22" WC="0.96" CONTENT="och"/><SP WIDTH="15" VPOS="1499" HPOS="422"/>
							<String ID="string_443" HPOS="437" VPOS="1499" WIDTH="70" HEIGHT="22" WC="0.96" CONTENT="hvilka"/><SP WIDTH="15" VPOS="1499" HPOS="507"/>
							<String ID="string_444" HPOS="522" VPOS="1501" WIDTH="57" HEIGHT="20" WC="0.96" CONTENT="ännu"/><SP WIDTH="15" VPOS="1501" HPOS="579"/>
							<String ID="string_445" HPOS="594" VPOS="1499" WIDTH="46" HEIGHT="22" WC="0.96" CONTENT="icke"/><SP WIDTH="16" VPOS="1499" HPOS="640"/>
							<String ID="string_446" HPOS="656" VPOS="1498" WIDTH="67" HEIGHT="22" WC="0.96" CONTENT="blifvit"/><SP WIDTH="10" VPOS="1498" HPOS="723"/>
							<String ID="string_447" HPOS="733" VPOS="1499" WIDTH="99" HEIGHT="21" WC="0.94" CONTENT="bemötta."/><SP WIDTH="22" VPOS="1499" HPOS="832"/>
							<String ID="string_448" HPOS="854" VPOS="1499" WIDTH="34" HEIGHT="20" WC="0.96" CONTENT="De"/>
						</TextLine>
						<TextLine ID="line_45" HPOS="66" VPOS="1527" WIDTH="822" HEIGHT="25">
							<String ID="string_449" HPOS="66" VPOS="1527" WIDTH="62" HEIGHT="23" WC="0.96" CONTENT="flesta"/><SP WIDTH="14" VPOS="1527" HPOS="128"/>
							<String ID="string_450" HPOS="142" VPOS="1528" WIDTH="23" HEIGHT="21" WC="0.96" CONTENT="af"/><SP WIDTH="13" VPOS="1528" HPOS="165"/>
							<String ID="string_451" HPOS="178" VPOS="1528" WIDTH="63" HEIGHT="22" WC="0.96" CONTENT="dessa"/><SP WIDTH="15" VPOS="1528" HPOS="241"/>
							<String ID="string_452" HPOS="256" VPOS="1528" WIDTH="66" HEIGHT="22" WC="0.96" CONTENT="talare"/><SP WIDTH="15" VPOS="1528" HPOS="322"/>
							<String ID="string_453" HPOS="337" VPOS="1528" WIDTH="62" HEIGHT="22" WC="0.96" CONTENT="hafva"/><SP WIDTH="15" VPOS="1528" HPOS="399"/>
							<String ID="string_454" HPOS="414" VPOS="1527" WIDTH="114" HEIGHT="22" WC="0.96" CONTENT="framhållit"/><SP WIDTH="14" VPOS="1527" HPOS="528"/>
							<String ID="string_455" HPOS="542" VPOS="1529" WIDTH="41" HEIGHT="21" WC="0.96" CONTENT="den"/><SP WIDTH="11" VPOS="1529" HPOS="583"/>
							<String ID="string_456" HPOS="594" VPOS="1527" WIDTH="164" HEIGHT="25" WC="0.95" CONTENT="inkonsekvens,"/><SP WIDTH="12" VPOS="1527" HPOS="758"/>
							<String ID="string_457" HPOS="770" VPOS="1534" WIDTH="46" HEIGHT="15" WC="0.93" CONTENT="som"/><SP WIDTH="14" VPOS="1534" HPOS="816"/>
							<String ID="string_458" HPOS="830" VPOS="1528" WIDTH="58" HEIGHT="21" WC="0.91" CONTENT="stån-"/>
						</TextLine>
					</TextBlock>
				</ComposedBlock>
			</PrintSpace>
		</Page>
	</Layout>
</alto>
