1098 1792
89 114 25 18 21
125 120 20 16 p.
157 115 96 18 maalisk.
400 116 91 18 Suomen
502 116 87 21 pankki.
870 110 41 21 705

89 184 82 28 knappt
192 191 51 15 vara
265 185 70 27 någon
350 185 7 21 i
372 185 58 22 detta
445 186 68 26 stånd,
530 192 46 15 som
592 185 68 22 skulle
675 186 94 21 bestrida
783 186 128 27 riktigheten

89 213 23 21 af
132 213 56 23 hvad
210 213 41 22 han
275 216 48 25 sagt
340 214 8 21 i
363 214 70 22 denna
447 214 74 28 punkt.
550 214 73 22 Likväl
638 214 82 22 tarfvar
733 214 54 22 hans
803 214 109 22 uttalande

89 249 27 14 en
138 242 170 28 komplettering,
328 242 105 22 såtillvida
456 249 46 15 som
525 243 58 21 detta
607 242 78 28 skarpa
708 242 88 22 klander
820 242 91 22 förvisso

89 270 46 21 icke
156 273 83 19 ensamt
257 271 39 21 bör
311 271 81 21 drabba
406 271 157 21 värkställande
578 270 120 22 direktören
714 272 32 20 för
761 271 83 21 banken
860 273 51 20 utan

88 301 101 19 ansvaret
210 299 58 21 delas
285 299 64 21 också
363 299 23 21 af
398 299 95 22 bankens
509 299 185 27 förvaltningsråd.
723 300 43 21 Det
780 299 38 21 har
835 300 76 21 visser-

89 327 56 27 ligen
160 327 69 28 aldrig
247 327 71 22 blifvit
331 327 32 22 till
377 327 52 23 fullo
444 328 78 26 utredt,
536 328 4 21 i
549 327 86 23 hvilken
650 328 49 21 mån
709 327 203 29 förvaltningsrådet

88 358 24 19 är
134 356 144 28 medskyldigt
299 356 32 22 till
354 356 58 22 detta
433 357 7 21 i
458 357 37 21 vår
511 356 146 22 bankhistoria
672 356 103 22 oerhörda
789 356 42 22 fall.
861 357 51 21 Icke

89 384 66 22 häller
170 384 63 22 hafva
247 384 214 28 förvaltningsrådets
476 385 138 22 medlemmar
630 386 49 21 dess
695 386 72 21 vidare
782 386 80 27 dragits
879 386 32 21 till

89 419 77 16 ansvar
182 413 77 27 härför,
270 420 48 15 men
332 414 36 22 det
377 414 34 22 må
426 414 91 27 förtjäna
531 416 33 20 att
578 416 130 24 omnämnas,
723 416 33 20 att
770 416 78 20 tvänne
863 420 48 22 per-

90 448 64 16 soner
170 443 7 21 i
192 442 59 22 detta
265 442 180 28 förvaltningsråd
460 450 53 15 voro
529 443 101 22 särskildt
639 442 101 26 aflönade,
751 443 39 22 och
801 443 110 28 grundligt

90 470 102 28 aflönade,
207 472 32 21 för
255 474 31 19 att
301 471 114 22 öfvervaka
429 472 156 28 förvaltningen
600 472 104 22 inclusive
713 472 156 22 värkställande
880 472 30 22 di-

88 500 112 22 rektörens
222 500 141 25 värksamhet,
379 501 39 21 och
433 501 63 21 dessa
510 507 104 21 personer
628 501 68 21 måste
711 500 34 22 väl
759 501 73 21 kunna
846 507 64 15 anses

88 528 63 22 hafva
172 529 90 22 besuttit
277 529 65 28 nödig
363 529 126 27 kompetens
507 530 77 26 härtill,
600 530 24 21 sä
638 530 83 26 mycket
740 536 46 15 mer
806 536 46 15 som
868 530 41 21 den

88 564 40 16 ena
151 558 23 21 af
194 558 47 21 dem
261 564 90 16 numera
365 560 24 19 är
404 558 93 22 direktör
512 558 36 22 vid
563 558 155 22 statskontoret
733 558 39 22 och
787 558 40 22 den
843 559 68 21 andra

88 586 48 22 chef
156 586 33 22 för
212 586 83 22 landets
317 586 99 22 finanser.
447 587 66 21 Detta
532 588 7 20 i
556 587 116 27 anledning
686 586 22 22 af
720 586 56 22 hvad
791 587 25 21 hr
831 587 78 27 Hynén

88 618 48 24 sagt
158 615 39 21 och
220 615 70 21 såsom
313 621 26 15 en
362 616 76 21 rättvis
460 615 120 27 fördelning
600 616 24 21 af
636 616 41 21 den
692 615 176 22 förkastelsedom
883 616 26 20 hr

88 644 77 27 Hynén
181 644 46 21 fällt
242 644 59 21 öfver
317 644 94 22 bankens
427 644 135 28 förvaltning.

156 701 46 22 Hra
217 708 57 15 von
289 701 116 22 Pfaler:
427 702 50 21 Med
491 702 116 27 anledning
621 701 23 22 af
656 702 26 21 hr
696 701 89 28 Hynéns
794 700 116 23 anförande

87 730 37 22 ber
144 729 38 29 jag
204 732 31 20 att
252 730 23 22 få
289 732 78 20 nämna
381 730 66 28 några
462 730 45 26 ord,
523 730 67 22 ehuru
603 730 38 28 jag
655 730 135 28 naturligtvis
805 730 46 22 icke
865 730 42 22 kan

87 758 63 22 hafva
174 759 70 27 någon
269 759 114 27 anledning
407 761 32 19 att
463 759 86 22 försöka
570 760 75 21 rentvå
666 759 103 22 Finlands
791 759 57 21 bank
862 759 47 21 från

86 788 73 27 hvarje
175 788 46 27 slag
235 788 24 21 af
271 788 62 22 skuld
349 789 31 21 uti
394 788 75 27 frågan
485 794 34 16 om
535 788 230 28 maanviljelyspankki.
794 788 43 21 Det
852 790 23 19 är
884 788 25 27 ju

87 816 125 28 uppenbart,
230 819 31 19 att
275 817 84 21 banken
374 817 47 21 lidit
435 823 26 15 en
476 816 82 27 förlust,
569 817 40 21 och
624 817 68 21 under
702 817 79 22 sådana
795 816 113 22 förhållan-

87 845 41 21 den
143 845 41 22 kan
208 852 47 15 man
271 846 25 26 ju
312 845 59 22 alltid
386 847 69 25 vänta,
470 848 31 18 att
515 846 165 27 anmärkningar
695 845 60 22 skola
771 848 73 25 göras;
860 851 49 15 men

88 874 36 21 det
144 873 106 23 förefaller
272 874 43 27 mig
331 874 59 26 dock,
406 874 71 22 såsom
493 881 34 15 om
542 874 26 22 hr
583 874 78 27 Hynén
677 874 68 22 skulle
760 874 68 22 drifva
843 874 66 22 saken

64 903 4 6 *
87 909 44 21 nog
150 902 65 28 långt,
230 905 38 19 när
283 902 42 22 han
340 910 69 19 anser,
425 905 31 20 att
462 903 100 22 Finlands
578 902 57 23 bank
650 903 65 22 redan
729 903 36 22 vid
779 903 132 22 inrättandet

87 931 23 22 af
130 931 225 28 maanviljelyspankki
377 932 68 21 skulle
463 932 62 21 hafva
539 932 50 21 bort
603 931 83 22 förutse
700 933 26 20 de
741 931 168 28 oregelbunden-

87 961 66 24 heter,
176 967 47 15 som
246 961 82 21 banken
352 961 121 22 sedermera
495 961 74 28 gjorde
590 961 32 26 sig
645 961 83 27 skyldig
745 960 38 27 till,
797 961 28 27 på
841 961 69 27 grund

88 988 61 23 däraf
169 991 31 20 att
221 990 48 21 dess
290 989 158 23 värkställande
463 989 93 22 direktör
572 989 89 28 tidigare
676 990 27 27 på
717 992 65 19 annat
796 989 43 22 håll
854 990 56 21 visat

88 1019 33 27 sig
144 1018 177 28 utomordentligt
343 1019 124 27 sangvinisk
481 1019 6 21 i
507 1018 83 23 affärer.
620 1019 44 21 Det
679 1020 23 20 är
716 1019 34 21 väl
765 1019 54 21 dock
834 1019 29 26 så,
878 1020 32 20 att

87 1048 142 21 allmänheten
252 1047 46 22 icke
313 1048 54 22 hade
382 1047 39 22 och
435 1048 46 21 icke
495 1048 72 21 kunde
581 1047 63 22 hafva
658 1047 56 22 klart
728 1047 33 22 för
775 1048 34 27 sig
823 1047 86 22 interiö-

88 1083 62 16 rerna
160 1077 7 21 i
178 1077 40 22 den
234 1077 61 26 bank,
311 1077 37 22 där
362 1077 237 27 maanviljelyspankkis
610 1077 121 21 sedermera
745 1077 83 22 vordna
839 1076 70 23 direk-

88 1107 33 20 tör
136 1106 90 27 tidigare
244 1105 105 28 fungerat,
365 1105 39 22 och
418 1106 32 21 till
464 1105 56 22 hvad
534 1105 42 22 han
592 1105 37 22 där
646 1106 57 27 gjort
717 1105 34 28 sig
766 1105 87 28 skyldig,
869 1106 40 21 och

88 1133 70 23 därför
181 1134 41 22 kan
245 1141 49 15 man
317 1135 34 22 väl
370 1134 46 22 icke
431 1135 66 21 häller
513 1141 57 19 anse,
585 1136 32 20 att
631 1135 125 27 kunskapen
771 1135 72 21 därom
860 1135 49 20 bort

87 1163 111 22 afskräcka
212 1163 65 22 andra
292 1163 45 22 från
354 1165 31 20 att
399 1163 66 22 inlåta
480 1164 32 27 sig
526 1163 7 22 i
548 1163 78 22 affärer
641 1164 48 21 med
704 1163 86 22 honom.
814 1164 46 21 Den
877 1169 32 16 re-

86 1192 66 22 lation
175 1198 35 15 om
234 1192 233 27 maanviljelyspankkis
492 1191 140 27 värksamhet,
648 1198 46 15 som
710 1192 25 21 hr
750 1191 77 28 Hynén
843 1191 66 27 gifvit,

87 1223 23 18 är
123 1221 25 27 ju
163 1227 44 21 nog
222 1221 81 27 ganska
317 1221 69 26 riktig,
401 1227 49 15 men
466 1221 35 21 det
517 1223 24 19 är
555 1221 38 21 allt
608 1227 25 15 en
644 1221 89 21 relation
745 1221 70 27 gifven
827 1220 82 21 efteråt.

87 1249 43 22 Det
152 1256 37 14 var
212 1250 67 21 under
302 1250 77 21 sakens
401 1249 104 27 fortgång,
528 1249 68 22 under
614 1249 40 22 den
670 1249 31 22 tid
715 1249 84 22 banken
815 1248 48 23 dref
875 1249 34 21 sin

87 1278 137 21 värksamhet
251 1278 46 21 icke
319 1278 82 27 möjligt
423 1280 31 19 att
476 1278 21 21 få
515 1284 25 15 en
556 1278 24 21 så
594 1277 46 22 klar
655 1277 114 22 öfverblick
784 1277 59 22 öfver
858 1277 51 22 den-

87 1312 87 21 samma,
196 1308 32 20 att
246 1313 49 15 man
314 1307 49 21 med
378 1307 46 21 skäl
439 1307 68 21 skulle
522 1307 82 21 kunnat
620 1306 71 22 skrida
705 1307 32 20 till
752 1308 111 25 strängare
878 1307 31 20 åt-

88 1335 51 27 gärd
158 1337 27 20 än
200 1335 55 22 hvad
271 1335 101 22 Finlands
388 1335 67 22 banks
471 1335 129 28 förvaltning
615 1335 79 28 gjorde.
723 1335 43 22 Det
780 1335 38 22 har
833 1335 76 22 åtmin-

87 1365 62 20 stone
171 1365 55 20 varit
245 1364 174 22 bankutskottets
440 1364 142 27 uppfattning,
604 1364 39 21 och
663 1363 70 23 därför
752 1364 38 21 har
805 1364 104 21 utskottet

86 1392 46 22 icke
147 1393 57 21 velat
218 1393 38 21 hos
273 1393 114 21 ständerna
401 1393 80 21 föreslå
489 1393 69 27 någon
570 1392 140 27 anmärkning
725 1392 130 22 beträffande
868 1393 41 24 det,

88 1426 45 16 som
149 1421 95 21 bankens
258 1421 130 26 förvaltning
401 1421 89 26 tillgjort
508 1422 4 19 i
527 1422 70 19 denna
612 1421 44 20 sak.

155 1449 34 21 Hr
204 1449 76 26 Hynén
296 1449 38 20 har
349 1449 97 20 däremot
461 1449 72 20 funnit
547 1449 40 20 den
602 1450 78 25 ytterst
690 1449 60 26 ringa
760 1449 91 24 erinran,
862 1455 47 14 som

87 1477 164 22 bankutskottet
264 1477 72 21 tillåtit
351 1477 34 27 sig
399 1476 131 22 beträffande
543 1475 75 29 frågan
634 1483 34 14 om
684 1477 146 26 upptagandet
838 1471 26 37 af
873 1477 36 20 län

87 1505 33 22 för
138 1505 140 22 statsvärkets
293 1505 97 28 räkning,
405 1505 111 27 obefogad,
532 1505 88 22 emedan
635 1505 126 27 regeringen
773 1505 26 27 ju
813 1505 38 22 har
867 1507 43 19 rätt

817 1545 22 18 45
