1086 1789
176 141 41 21 872
467 146 173 17 Valtiovaraston
652 146 42 17 tila.
844 145 24 17 12
880 151 19 14 p.
911 145 85 18 huhtik.

248 214 62 21 »Med
332 213 99 22 afseende
446 213 55 26 därä,
517 216 31 19 att
562 213 126 22 illasinnade
709 219 103 21 personer
826 213 85 27 betjäna
927 213 33 27 sig
974 213 25 21 af

177 245 76 25 posten
268 242 33 21 för
316 242 140 27 försändning
470 241 23 22 af
506 242 120 27 periodiska
641 241 84 22 skrifter
735 242 39 21 och
789 241 67 22 andra
870 241 126 28 tryckalster

176 270 23 23 af
212 269 202 28 regeringsfientligt
434 270 98 27 innehäll,
553 271 38 21 har
614 271 109 21 ministern
745 270 33 22 för
797 270 199 21 inrikesärenderna

176 299 72 22 funnit
270 299 134 27 nödvändigt
423 299 103 21 anbefalla
548 299 126 28 personalen
690 299 35 21 vid
739 299 125 26 postvärket
877 299 8 21 i
900 299 96 26 Finland,

176 330 36 24 att,
222 327 73 22 sävida
309 328 124 21 densamma
447 328 22 21 af
482 328 160 21 vederbörande
658 327 145 27 myndigheter
819 327 83 22 erhällit
917 328 78 21 under-

176 357 99 21 rättelser
290 356 51 22 eller
363 356 27 27 pä
404 357 70 26 nägon
489 363 69 14 annan
575 358 41 25 väg
630 357 98 26 uppstätt
741 356 118 21 misstanke
874 356 79 26 därom,
964 358 33 19 att

177 385 31 22 uti
223 385 179 26 korrespondens,
418 391 46 15 som
479 385 110 21 befordras
612 391 76 20 genom
703 387 83 24 posten,
802 385 56 26 (bref
877 385 64 26 paket
955 384 41 22 och

176 414 117 26 korsband)
307 413 95 21 befinnas
417 413 82 27 tryckta
514 413 50 22 eller
580 413 27 28 pä
622 416 65 18 annat
702 415 42 20 sätt
759 413 168 26 reproducerade
942 419 53 21 upp-

177 442 60 26 lagor
259 441 22 21 af
302 441 200 27 regeringsfientligt
524 441 92 21 innehäll
638 441 51 21 eller
712 448 44 14 som
772 442 46 20 icke
832 443 37 19 äro
885 441 22 21 af
919 447 78 16 censu-

176 476 38 15 ren
230 469 88 27 tillätna,
333 470 69 21 denna
419 470 173 26 korrespondens
607 470 39 21 bör
661 470 23 21 af
696 470 181 26 postanstalterna
892 471 81 26 öppnas
988 470 9 20 i

177 501 90 19 närvaro
283 498 22 22 af
318 498 211 28 korrespondensens
550 501 130 25 emottagare
695 501 55 19 samt
765 499 27 21 de
805 498 114 28 förbjudna
934 497 63 23 skrif-

177 529 61 19 terna
253 527 77 22 sändas
345 527 31 21 till
392 530 72 19 ortens
481 530 105 24 guvernör
600 528 8 20 i
622 527 100 22 afseende
736 528 12 20 ä
762 528 81 26 ätgärd.

246 556 11 22 I
272 555 51 29 följd
338 556 24 22 af
374 556 122 22 ministerns
511 556 33 22 för
559 556 199 22 inrikesärenderna
773 556 111 22 skrifvelse
900 555 23 23 af
931 556 40 22 den
982 555 15 22 9

176 585 40 27 juli
230 585 144 21 innevarande
389 585 23 21 är
428 591 34 15 n:o
486 585 41 21 675
542 585 106 22 meddelar
667 585 38 27 jag
722 585 49 21 herr
790 584 206 28 generalpostdirek-

178 615 59 20 tören
250 614 74 21 härom
339 614 8 21 i
362 613 99 22 afseende
475 614 13 20 ä
503 614 140 22 efterrättelse
659 614 38 21 och
712 614 179 27 värkställighet».

247 670 142 28 Helsingfors,
405 670 12 22 ä
431 672 161 27 poststyrelsen,
608 672 40 20 den
664 672 12 20 7
692 671 93 22 februari
803 671 60 22 1903.

493 728 25 21 P.
535 728 149 22 Jamalainen.

570 765 12 15 t<
595 762 13 18 fi

763 797 63 27 Eljas
846 797 79 22 Uotila.

827 831 12 18 1.
852 830 17 19 d.

847 889 45 21 Sub
906 891 88 20 secreto.

505 946 167 23 Cirkulär.

280 992 60 21 1903.
369 988 12 36 —
391 992 55 21 Från
461 993 153 26 poststyrelsen
630 993 7 20 i
652 992 95 21 Finland.
774 988 12 36 =
796 993 41 21 N:o
853 993 33 20 11.

245 1047 102 28 Samtliga
361 1049 152 27 postanstalter
528 1049 7 21 i
550 1049 72 22 landet
636 1049 31 21 till
681 1049 118 22 kännedom
811 1049 38 22 och
860 1049 137 27 iakttagande

176 1077 108 22 meddelas
306 1077 124 27 härigenom
452 1077 207 28 civilexpeditionens
682 1077 6 21 i
710 1078 113 27 kejserliga
849 1080 87 19 senaten
961 1078 35 21 för

176 1105 89 22 Finland
288 1105 189 28 tjänsteskrifvelse
506 1106 32 21 för
561 1107 38 21 den
624 1106 27 21 26
677 1107 96 21 sistlidna
796 1107 84 27 januari
902 1113 34 15 n:o
962 1107 34 26 85,

176 1134 123 27 sålydande:

246 1173 41 22 »Af
309 1174 144 21 förekommen
475 1175 114 27 anledning
604 1175 39 21 och
659 1175 47 21 med
722 1175 99 21 afseende
836 1175 13 21 å
863 1175 132 28 nödvändig-

175 1202 62 21 heten
254 1205 30 19 att
300 1202 109 22 förhindra
430 1203 79 26 import
524 1203 32 21 till
571 1203 39 22 och
626 1204 112 27 spridning
759 1204 58 21 inom
832 1203 72 22 landet
917 1203 24 22 af
952 1203 43 22 för-

175 1231 80 26 bjudna
270 1234 55 18 samt
340 1231 22 21 af
382 1232 154 21 ocensurerade
555 1232 131 27 tryckalster,
708 1233 37 20 har
767 1232 113 27 kejserliga
901 1235 94 23 senaten,

175 1259 35 22 vid
225 1260 7 20 i
247 1259 41 27 dag
310 1259 66 22 skedd
399 1260 71 21 sekret
491 1259 157 28 föredragning,
672 1260 55 21 velat
748 1260 64 21 hafva
839 1261 155 27 poststyrelsen

175 1287 115 22 anbefalldt
305 1290 31 19 att
351 1288 27 27 på
394 1288 35 21 det
443 1292 159 23 noggrannaste
625 1288 113 22 öfvervaka
753 1289 35 21 det
806 1289 41 21 slik
861 1289 79 26 import
955 1289 40 21 och

175 1316 111 27 spridning
301 1316 46 21 icke
361 1317 35 20 må
411 1322 39 21 ega
464 1323 68 14 rum>.

243 1371 141 27 Helsingfors,
399 1371 12 22 å
426 1372 160 27 poststyrelsen,
603 1372 40 21 den
660 1373 11 20 7
688 1372 92 21 februari
796 1373 61 20 1903.

489 1429 24 22 P,
528 1429 152 22 Jamalainen.

566 1464 38 18 ti

761 1499 63 28 Eljas
846 1500 77 22 Uotila.

822 1534 44 18 td.
