1092 1798
92 135 15 18 7
118 140 20 16 p.
151 135 82 17 huhtik.
257 135 140 17 Virkavallan
409 136 189 20 väärinkäytökset
610 136 99 21 Viipurin
722 136 99 17 läänissä.
876 130 39 22 801

95 204 112 28 fängelset.
236 205 43 21 Det
293 204 41 22 kan
347 204 26 28 ju
387 204 46 22 icke
447 205 72 26 nekas,
534 207 32 19 att
580 204 42 22 alla
636 205 76 28 tyckte,
727 207 32 20 att
774 206 36 21 det
823 206 55 21 varit
891 212 26 15 en

93 233 67 22 bitter
182 233 100 27 ängslans
306 233 36 26 tid,
358 233 27 21 dä
400 233 26 21 de
441 234 45 20 icke
505 234 72 25 visste,
592 233 105 22 huruvida
711 234 74 22 färden
802 234 69 22 skulle
886 234 30 22 af-

93 264 78 18 stanna
186 262 35 21 vid
237 261 152 28 länsfängelset
403 262 6 20 i
425 256 48 27 Äbo
488 262 51 22 eller
556 262 70 27 fortgä
642 262 31 22 till
688 262 64 22 Perm
767 262 51 22 eller
830 262 87 28 Vjatka;

93 296 51 15 men
167 290 156 22 slutresultatet
344 296 37 15 var
401 290 157 26 jämförelsevis
580 291 101 27 tämligen
704 292 57 26 godt,
777 291 27 21 dä
818 292 36 20 det
869 291 48 21 hela

93 318 109 28 nämligen
217 318 100 28 upplöste
333 319 33 27 sig
380 319 7 21 i
403 321 30 19 ett
448 319 271 27 privatsammanträffande
734 320 48 21 med
797 320 68 21 länets
878 326 38 20 gu-

94 348 83 26 vernör,-
200 346 81 23 hvilket
302 347 54 22 hade
375 348 40 21 den
431 350 55 19 mest
500 348 96 22 kordiala
610 348 105 22 karaktär.
745 348 46 22 Och
806 348 40 22 alla
861 348 55 22 äter-

92 376 70 22 vände
185 376 83 28 mycket
290 376 69 28 nöjda,
382 378 76 20 nästan
477 376 127 28 sympatiskt
618 377 83 22 stämda
716 379 45 20 mot
776 379 141 25 guvernören.

94 405 95 22 Därmed
204 405 36 22 vill
253 405 37 27 jag
304 406 46 21 icke
365 405 62 22 hafva
442 408 53 24 sagt,
510 408 31 20 att
556 406 27 22 de
597 405 121 28 fängslades
741 406 99 28 politiska
863 413 53 21 upp-

93 434 94 28 fattning
203 434 68 22 skulle
285 434 63 22 hafva
363 436 49 20 rönt
427 435 69 27 någon
512 434 106 28 påvärkan
634 434 24 22 af
670 434 83 27 färden;
769 442 48 15 men
831 442 26 15 en
868 442 48 22 syn-

93 464 70 27 nerlig
177 462 96 29 förmåga
288 466 31 19 att
335 462 67 23 skaffa
417 464 33 27 sig
465 464 135 27 personligen
618 464 104 28 decharge
737 464 33 22 för
786 465 36 21 det
836 464 81 22 skedda

92 492 118 28 ådagalade
233 494 132 26 guvernören
381 493 8 21 i
403 487 54 27 Åbo.
487 493 43 21 Det
551 492 72 22 kunde
645 492 34 22 väl
696 493 46 21 från
758 494 77 26 många
849 494 68 21 andra

94 521 134 27 synpunkter
250 521 89 28 belysas,
361 521 104 22 hurusom
481 522 47 27 just
543 522 59 21 detta
616 523 44 20 sätt
674 524 30 20 att
720 522 95 22 bedrifva
830 522 87 28 olaglig-

93 550 153 27 hetssystemet
261 551 68 21 måste
344 556 51 16 vara
409 551 79 26 egnadt
509 552 31 20 att
560 550 72 28 sprida
650 551 91 27 värkligt
757 551 38 27 gift
810 551 65 22 bland
890 551 27 21 de

94 578 83 22 mindre
199 578 86 22 kritiskt
307 578 75 23 öfvade
405 579 87 21 delarna
513 579 23 21 af
556 579 72 22 folket.
657 579 104 22 Däremot
779 580 35 21 må
832 580 35 22 det
882 579 35 22 väl

93 608 75 21 kunna
183 610 62 24 sägas
261 610 31 20 att
306 607 145 28 Mjäsojedoffs
470 608 67 28 regim
552 608 7 21 i
574 610 59 20 östra
648 608 90 22 Finland
750 608 25 28 ju
790 609 126 27 visserligen

93 636 42 21 kan
156 636 107 21 betraktas
287 636 72 22 såsom
381 643 26 14 en
431 637 48 21 svår
502 637 68 27 plåga,
585 639 31 19 ett
631 636 64 27 gissel
712 636 34 22 för
761 638 93 26 Viborgs
869 638 48 20 läns

94 664 129 28 befolkning,
247 671 48 22 men
319 667 31 19 ett
371 665 102 22 framtida
495 665 106 22 värkande
616 665 82 22 fördärf
712 667 23 20 är
750 666 36 21 det
802 665 54 22 dock
871 665 45 22 icke

93 693 34 22 för
142 693 72 22 folket.
245 693 128 28 Ödesdigert
395 694 40 21 blir
457 694 36 22 det
511 694 72 22 säkert
598 694 76 22 endast
688 693 32 22 för
736 695 38 21 sitt
789 696 48 25 eget
852 695 64 21 döds-

93 722 79 23 dömda
188 724 85 26 system.

163 751 116 22 Talesättet
294 754 32 19 att
341 751 121 22 öfverheten
479 753 22 20 är
517 751 22 22 af
554 751 61 27 Gudi,
625 751 63 22 dessa
702 752 172 28 ordställningar,
884 753 32 20 att

94 787 50 14 man
165 780 74 21 nalkas
263 784 88 18 tronens
373 780 31 21 fot
428 781 39 21 och
489 781 67 21 andra
575 780 69 28 dylika
659 780 74 27 fraser,
747 781 131 21 härstamma
891 781 25 26 ju

94 809 48 21 från
158 816 26 14 en
199 808 94 28 aflägsen
314 808 84 26 forntid,
414 809 27 22 då
455 809 128 22 mannamod
602 809 38 22 och
656 809 94 27 krigiska
764 810 92 27 bragder
872 816 44 15 om-

94 837 63 28 kring
180 837 201 22 samhällsledarena
403 838 86 27 spridde
512 838 37 21 sitt
571 837 97 28 poetiska
690 838 106 21 skimmer.
826 839 42 20 För
890 838 27 21 de

94 867 103 21 nordiska
219 865 71 23 folken
307 866 37 22 har
360 867 58 20 detta
433 867 174 26 åskådningssätt
629 867 59 21 alltid
709 867 55 21 varit
778 867 139 25 främmande,

94 895 42 21 och
158 895 201 27 öfverhufvudtaget
380 895 38 21 har
433 896 7 20 i
455 895 40 22 den
514 895 85 22 bildade
615 895 87 22 världen
718 895 147 28 utvecklingen
882 902 35 20 ge-

96 925 74 21 staltat
190 924 33 27 sig
238 924 29 27 så,
283 926 31 20 att
329 925 7 21 i
351 924 65 27 högre
432 924 52 27 grad
499 924 32 22 för
546 924 73 27 hvarje
634 924 23 22 år
672 930 46 16 som
735 925 43 27 går,
794 924 124 22 öfverheten

95 953 46 21 icke
156 955 24 19 är
195 952 23 22 af
232 954 56 21 Gudi
304 956 50 19 utan
371 952 22 22 af
404 952 73 22 folket.
507 953 45 21 När
566 953 66 21 folket
648 953 100 27 enhälligt
763 953 46 22 icke
824 956 23 18 är
858 953 61 27 nöjdt

96 982 49 21 med
160 982 33 22 sin
209 982 101 26 öfverhet,
325 982 28 22 då
367 984 24 18 är
406 982 81 21 dennas
502 983 74 21 timma
591 982 79 27 slagen.

165 1040 47 21 Hra
225 1039 116 28 Hynén:
357 1039 49 21 Kun
418 1039 124 22 armollinen
554 1039 66 22 kutsu
631 1039 149 27 valtiopäiville
788 1039 130 28 julistettiin,

96 1068 104 22 annettiin
217 1068 86 22 samalla
314 1068 153 22 virkamiehille
477 1069 80 21 ankara
568 1069 115 21 muistutus
694 1068 41 22 olla
746 1068 173 22 sekaantumatta

97 1097 285 27 valtiopäivämiesvaaleihin
408 1098 28 21 tai
458 1097 66 21 niihin
546 1097 85 21 millään
655 1097 77 21 tavalla
754 1097 165 22 vaikuttamaan.

96 1127 29 21 Se
144 1126 28 22 oli
191 1126 151 22 virkamiehille
357 1126 87 27 merkki,
457 1126 51 26 joka
523 1126 124 27 paikoittain
660 1126 24 26 jo
699 1126 67 27 näytti
781 1126 138 22 vaikuttavan

97 1155 68 21 siihen
187 1157 112 23 suuntaan,
315 1156 44 20 että
379 1155 54 21 asiat
454 1156 110 26 rupesivat
578 1156 124 20 menemään
719 1160 128 22 parempaan
863 1155 57 27 päin.

97 1184 71 21 Mutta
182 1184 97 21 entisenä
293 1183 98 27 Viipurin
406 1184 70 20 läänin
492 1184 123 21 asukkaana
630 1183 47 21 olen
688 1183 102 22 tarkkaan
802 1186 119 18 seurannut

97 1220 38 14 sen
157 1212 57 28 oloja
226 1212 23 28 ja
264 1212 138 22 huomannut,
410 1214 43 20 että
469 1213 59 21 siellä
543 1213 54 21 asiat
612 1212 209 28 valtiopäiväkutsun
834 1212 85 27 jälkeen

98 1242 56 21 eivät
174 1242 103 21 suinkaan
299 1242 34 21 ole
351 1243 147 25 parantuneet,
513 1242 56 21 eivät
584 1241 50 22 edes
649 1240 127 28 kääntyneet
791 1247 129 21 parempaan

98 1271 56 27 päin,
170 1277 53 15 vaan
240 1270 81 27 ehkäpä
335 1270 56 21 vielä
405 1273 99 18 menneet
514 1270 139 27 pahempaan.
678 1270 46 21 Hra
733 1270 83 21 Winter
828 1270 92 21 mainitsi

99 1299 174 22 sotilashenkilön
289 1299 132 21 asettamista
436 1299 192 21 ruununvoudiksi.
650 1298 76 22 Onhan
738 1299 129 27 tapahtunut
875 1299 46 27 jos-

98 1328 41 21 kus
162 1328 113 26 ennenkin,
294 1330 44 19 että
353 1328 73 21 sotilas
442 1334 27 14 on
485 1330 92 19 asetettu
593 1327 191 26 ruununvoudiksi,
800 1330 68 19 mutta
884 1328 36 20 hä-

98 1356 58 21 neltä
177 1363 28 15 on
228 1356 69 22 silloin
319 1356 83 22 ainakin
423 1357 94 21 vaadittu
536 1356 152 27 jonkunlainen
706 1356 215 21 kameraalitutkinto.

99 1386 69 20 Mutta
185 1385 50 21 tällä
249 1385 167 21 ruununvoudin
432 1385 151 21 asettamisella
594 1384 125 22 Sortavalan
730 1384 151 22 kihlakuntaan
892 1391 29 15 on

99 1413 107 22 tavallista
221 1413 110 26 suurempi
345 1413 108 26 merkitys.
483 1414 58 20 Minä
555 1414 76 20 katson
651 1413 115 21 senvuoksi
786 1413 135 21 velvollisuu-

99 1440 61 22 deksi
183 1441 74 26 johtaa
284 1441 79 26 säädyn
389 1441 109 20 huomiota
519 1441 58 26 juuri
604 1440 74 21 siihen.
712 1440 124 21 Sortavalan
856 1441 66 20 kihla-

99 1469 109 21 kunnassa
223 1469 70 26 löytyy
309 1469 146 26 ruununtiloja
470 1468 152 22 suhteellisesti
637 1470 110 19 enemmän
763 1469 51 20 kuin
828 1469 93 20 missään

100 1504 90 15 muussa
205 1497 200 27 kihlakunnassa,
388 1492 26 37 ja
420 1497 43 21 kun
480 1499 63 19 nämä
558 1496 134 22 ruununtilat
703 1498 50 19 ovat
760 1497 70 26 jaetut
840 1497 80 27 pieniin

100 1526 61 27 osiin,
174 1527 65 27 joista
255 1526 109 22 kuitenkin
377 1526 97 27 jokaisen
490 1526 106 27 perillisen
607 1527 71 26 täytyy
688 1525 112 28 nykyisten
810 1527 111 20 asetusten

832 1567 21 16 51
