1098 1781
180 131 44 22 678
305 156 105 3 L
473 133 254 31 Rautatierakennukset.
848 137 11 17 7
871 141 20 16 p.
905 137 96 16 maalisk.

180 207 34 20 att
229 205 103 22 Savolaks
348 205 69 24 banan
433 205 38 22 har
486 205 82 22 mindre
584 205 104 25 skenvikt,
698 205 106 26 nämligen
815 205 64 26 22,343
893 205 109 26 kilogram.

182 234 20 21 Nu
242 233 34 22 vill
288 233 39 28 jag
341 234 46 21 icke
402 234 176 21 rekommendera
592 234 70 21 denna
677 233 58 28 lägre
751 233 103 26 skenvikt,
869 235 52 20 utan
936 233 66 21 häller

180 262 54 26 före,
248 264 32 19 att
294 263 40 20 den
350 262 33 21 för
399 262 95 22 Suolahti
510 263 68 21 banan
594 263 22 20 af
629 263 27 20 25
671 262 103 27 kilogram
790 264 23 19 är
824 262 106 27 riktigare,
941 261 62 22 hvar-

183 291 32 20 till
236 291 39 26 jag
297 293 58 19 strax
377 291 54 21 skall
446 291 137 21 återkomma.
612 291 50 21 Men
678 291 36 20 det
728 291 99 21 förvånar
843 291 48 26 mig,
907 292 32 19 att
953 296 48 15 man

183 319 110 27 samtidigt
315 319 32 21 för
372 319 40 21 den
436 320 58 25 bana,
517 325 47 15 som
579 319 89 22 föresläs
684 319 46 21 frän
745 320 96 21 Joensuu
857 319 31 21 till
904 319 98 23 Nurmes,

184 347 65 27 väljer
269 348 41 21 den
325 348 76 21 lättare
417 348 130 21 skenvikten.
577 348 43 21 Det
634 348 38 21 har
687 348 77 26 mänga
779 348 79 26 gänger
874 348 55 21 varit
943 347 61 27 fräga

182 377 8 20 i
213 376 58 21 detta
294 376 69 26 stånd,
385 376 105 22 huruvida
512 377 20 20 vi
553 376 38 21 här
606 377 7 20 i
627 377 72 20 landet
714 376 45 27 gått
775 376 24 21 sä
813 376 86 21 alldeles
917 376 86 27 lyckligt

184 404 91 27 tillväga,
298 404 27 21 dä
348 405 20 20 vi
388 405 108 21 bibehållit
510 404 33 22 för
558 405 98 26 samtliga
678 405 123 20 statsbanor
817 405 35 20 det
867 405 66 20 breda
947 405 56 26 spår,

183 439 48 15 som
254 438 25 16 en
304 433 57 26 gång
379 432 32 22 för
431 433 40 22 alla
492 433 69 22 blifvit
579 433 121 26 fastställdt,
721 433 50 21 eller
787 439 34 15 om
837 434 36 20 det
888 433 46 21 icke
949 433 54 22 varit

183 461 114 28 lyckligare
319 461 40 22 och
382 462 21 20 vi
422 462 75 21 vunnit
515 462 70 21 bättre
600 462 95 25 resultat,
711 462 71 21 därest
797 462 20 21 vi
833 462 65 21 redan
913 461 90 28 tidigare

184 489 46 22 haft
252 491 104 26 smalspår
377 491 34 21 vid
432 491 106 27 åtskilliga
560 491 66 21 banor
649 491 7 20 i
674 491 71 21 stället
759 491 32 21 för
807 493 30 19 att
853 491 69 26 bygga
937 491 67 22 banor

184 519 49 21 med
249 519 93 27 enhetlig
357 519 106 27 spårvidd,
479 526 48 15 men
543 520 48 21 med
606 519 75 22 lättare
698 519 165 28 öfverbyggnad.
895 519 32 22 En
951 519 52 28 följd

182 548 26 21 af
221 548 35 21 det
271 548 90 22 sålunda
375 548 97 27 inslagna
486 551 102 25 systemet
602 549 38 21 har
655 548 59 26 varit,
729 551 32 19 att
773 549 37 21 vår
820 548 79 27 rörliga
909 548 95 22 materiel

184 577 47 21 icke
240 576 83 23 kunnat
337 578 28 26 på
379 577 110 27 tillbörligt
498 579 43 19 sätt
552 577 110 27 utnyttjas,
672 578 88 20 emedan
771 583 48 15 man
830 577 45 21 icke
886 577 41 21 kan
940 577 27 27 på
977 578 27 20 de

184 605 76 21 lättare
275 606 96 20 banorna
386 606 65 21 sända
463 608 63 24 tungt
541 606 81 22 lastade
637 612 85 20 vagnar,
735 612 46 15 som
797 608 38 19 äro
850 606 154 21 konstruerade

184 633 33 22 för
232 634 67 21 banor
314 634 48 22 med
378 637 53 24 tung
446 634 162 28 öfverbyggnad,
624 635 39 21 och
678 634 66 22 likaså
758 634 81 22 medför
853 635 35 21 det
899 634 106 28 betydliga

185 662 116 22 kostnader
315 662 33 22 för
363 666 111 19 remonten
489 663 24 21 af
525 664 41 20 den
582 663 78 27 rörliga
675 663 129 26 materielen,
820 663 72 21 därest
907 670 48 14 man
967 663 37 21 lik-

185 692 34 20 väl
241 692 68 21 måste
331 692 90 21 insända
441 692 48 21 fullt
504 692 81 22 lastade
601 698 79 20 vagnar
694 692 27 27 på
737 693 66 20 banor
820 692 47 21 med
882 692 39 21 lätt
937 691 68 22 öfver-

186 720 103 27 byggnad,
305 720 88 22 emedan
409 721 107 27 störingar
531 721 27 21 då
574 721 83 27 uppstå,
670 726 45 16 som
727 720 110 22 förorsaka
847 720 102 22 oerhördt
959 723 46 19 stor

185 751 89 19 remont.
305 749 44 21 Och
371 755 51 15 anse
443 748 103 27 fackmän,
568 756 47 15 som
635 750 37 26 jag
694 750 7 20 i
716 750 63 20 dessa
794 750 65 26 dagar
874 749 45 21 haft
934 748 71 22 tilfälle

186 784 116 15 resonnera
325 778 48 21 med
395 778 79 26 därom,
497 781 31 18 att
551 779 25 21 de
598 780 58 19 stora
676 781 135 18 remonterna
827 778 27 27 på
869 778 136 22 statsbanans

186 806 116 22 lokomotiv
323 808 38 20 äro
383 809 30 19 att
431 806 112 22 tillskrifva
558 808 36 20 det
608 806 144 26 förhållandet,
768 809 32 19 att
815 808 26 20 de
856 806 99 22 trafikera
970 807 35 21 ba-

186 841 46 19 nor,
255 841 45 15 som
323 835 46 21 icke
385 838 36 18 äro
440 836 84 27 byggda
537 835 33 22 för
586 842 26 15 en
627 836 24 20 så
666 836 67 21 snabb
749 836 62 21 trafik
826 836 39 21 och
880 836 45 21 icke
940 836 66 21 häller

183 864 37 21 för
235 864 24 21 så
273 866 63 24 tungt
351 864 80 22 lastade
446 864 42 27 tåg.
511 865 33 21 Då
559 871 48 15 man
623 864 95 22 alltmera
734 864 39 22 hos
789 871 36 15 oss
841 865 46 26 gått
902 864 59 21 öfver
973 864 32 21 till

184 894 34 20 att
232 893 50 26 byta
295 895 25 19 ut
330 893 27 20 de
366 893 76 21 lättare
453 893 106 21 skenorna
570 895 45 19 mot
625 895 75 25 tyngre
712 893 39 21 och
761 892 62 22 däraf
830 893 47 27 följt
888 893 118 27 betydande

186 921 269 27 ombyggnadskostnader,
467 928 46 14 som
529 922 55 21 visat
599 922 33 26 sig
647 922 68 20 under
731 922 25 20 de
767 924 86 18 senaste
863 922 50 20 åren
925 922 26 26 gå
963 928 42 20 upp

186 949 26 22 så
226 950 57 26 högt,
299 952 32 19 att
345 950 207 27 statsjärnvägarnas
569 950 166 22 driftkostnader
751 950 31 21 till
795 956 26 15 en
833 952 46 19 stor
887 950 33 21 del
930 956 76 21 genom

186 977 116 28 inflytande
310 978 23 21 af
339 979 63 21 dessa
416 982 109 18 remonter
541 979 99 27 sprungit
654 985 44 21 upp
709 979 29 21 till
751 980 35 20 det
796 979 149 22 skrämmande
955 978 52 22 talet

185 1007 31 21 85
230 1008 27 25 %
272 1007 23 21 af
308 1007 150 26 inkomsterna,
473 1008 54 21 hade
542 1008 36 21 det
593 1008 55 21 varit
663 1008 45 21 skäl
723 1010 32 19 att
770 1014 35 21 nu,
820 1008 26 21 dä
861 1014 49 15 man
926 1008 81 27 bygger

188 1036 27 21 de
231 1042 39 21 nya
291 1036 101 25 banorna,
417 1037 48 20 med
481 1043 38 14 ens
535 1040 49 23 taga
599 1038 68 25 steget
684 1039 23 18 ut
722 1037 39 20 och
777 1037 97 20 använda
889 1042 25 15 en
931 1039 75 24 tyngre

185 1064 167 27 Ofverbyggnad.
368 1071 45 14 som
430 1065 149 27 möjliggjorde
594 1065 70 26 stadig
678 1065 55 26 gång
743 1064 38 22 och
793 1065 69 21 bättre
873 1065 134 27 utnyttjande

188 1095 56 19 samt
266 1099 26 15 en
308 1093 82 21 mindre
413 1093 135 27 betungande
570 1096 84 19 remont
676 1093 22 22 af
718 1093 39 22 den
781 1093 78 27 rörliga
878 1093 128 22 materielen.

187 1121 105 28 Slutligen
308 1128 63 15 anser
383 1121 43 28 jag,
442 1125 31 18 att
488 1123 36 20 det
538 1122 46 22 icke
600 1122 67 21 skulle
682 1122 57 27 ligga
753 1122 28 27 pä
796 1122 60 21 sidan
867 1121 22 22 af
896 1122 111 27 järnvägs-

188 1150 117 21 utskottets
331 1151 104 26 uppdrag,
461 1157 33 15 om
522 1151 36 21 det
579 1151 79 26 jämväl
681 1151 48 20 ville
752 1154 49 23 taga
822 1151 7 20 i
851 1151 156 25 öfvervägande

188 1179 36 20 det
243 1179 70 20 kända
327 1179 184 26 sakförhällandet,
527 1186 46 14 som
589 1179 34 21 väl
638 1179 45 20 icke
698 1179 39 20 fått
752 1179 84 27 uttryck
850 1179 7 20 i
873 1179 70 26 någon
959 1185 48 20 pro-

186 1207 103 26 position,
312 1213 48 14 men
385 1213 46 15 som
451 1207 53 22 dock
519 1207 80 27 hänger
615 1207 58 21 öfver
688 1213 35 15 oss
739 1207 40 21 och
793 1207 81 21 hvilket
889 1207 61 21 äfven
966 1207 42 21 för-

186 1235 74 21 anledt
282 1235 67 26 nägra
370 1236 23 20 af
413 1235 96 22 ständets
532 1236 137 21 medlemmar
691 1238 30 18 att
743 1236 93 21 inlämna
855 1242 25 15 en
897 1236 111 26 petition
995 1231 15 36 i

187 1263 60 21 detta
263 1263 67 26 ständ,
346 1264 36 21 det
397 1263 185 26 sakförhällandet,
597 1266 32 19 att
643 1270 49 15 man
704 1264 65 27 syftar
779 1264 22 21 ät
811 1270 26 15 en
851 1264 157 21 sammanbind-

188 1292 120 25 ningsbana
322 1292 8 20 i
346 1292 31 21 S:t
399 1292 136 27 Petersburg,
554 1299 26 15 en
597 1292 268 27 sammanbindningsbana
880 1292 77 21 mellan
973 1293 35 20 det

188 1320 69 20 finska
279 1321 170 20 stambanenätet
464 1321 39 20 och
518 1321 26 20 de
560 1321 63 25 ryska
635 1321 148 25 järnvägarna.
814 1320 42 21 Det
871 1321 68 20 mäste
954 1320 54 21 före-

188 1347 50 21 talla
259 1348 79 21 enhvar
361 1348 80 26 ganska
464 1348 105 27 märkligt,
584 1350 31 19 att
630 1350 31 19 ett
675 1348 46 21 litet
735 1348 55 25 land,
807 1348 82 27 beläget
905 1348 58 21 invid
978 1351 31 18 ett

189 1378 56 19 stort
267 1376 39 21 och
324 1376 59 21 invid
399 1376 49 21 dess
464 1376 135 26 hufvudstad,
615 1376 53 21 skall
683 1376 84 27 tvingas
782 1378 31 19 att
828 1376 69 27 bygga
913 1382 25 15 en
954 1382 55 15 sam-

188 1404 223 28 manbindningsbana
433 1411 76 21 genom
531 1405 69 21 denna
622 1405 104 27 metropol
745 1405 48 22 med
809 1405 40 21 alla
864 1405 26 22 de
905 1405 105 22 oerhörda

189 1434 121 24 kostnader,
326 1440 45 15 som
388 1434 87 22 därmed
490 1436 36 20 äro
542 1433 107 23 förenade.
674 1434 139 28 Rättvisligen
829 1434 68 22 skulle
913 1440 48 16 man
975 1434 33 22 väl

190 1462 96 22 öfverallt
301 1463 140 21 annorstädes
464 1469 58 20 anse,
537 1465 32 19 att
591 1463 79 21 sådana
685 1463 66 21 banor
767 1463 60 21 skola
842 1463 80 27 byggas
937 1463 23 22 af
973 1463 36 22 det

189 1492 56 26 land,
260 1492 58 21 inom
333 1492 81 22 hvilket
428 1492 26 22 de
469 1492 86 22 komma
569 1494 32 20 att
610 1491 95 28 fungera
719 1492 39 21 och
774 1492 31 22 till
819 1492 80 22 hvilket
915 1492 26 22 de
951 1492 59 22 höra.

187 1520 82 22 Finska
283 1520 196 28 statsjärnvägarna
494 1521 7 21 i
515 1521 157 27 kejsaredömet
686 1523 37 19 äro
738 1521 111 27 ingenting
864 1523 65 19 annat
944 1523 25 19 än
983 1525 27 18 en
