1700 1939
396 222 24 16 12
432 226 20 16 p.
465 221 81 17 huhtik.
651 223 136 17 Painoasiain
798 223 151 17 lainsäädäntö.
1176 217 40 21 897

398 296 48 15 man
463 290 78 22 saknar
555 290 92 22 faktiska
663 291 94 27 exempel
773 291 69 21 säsom
859 291 92 21 konkret
965 291 109 27 underlag.
1104 291 64 21 Hvad
1180 291 38 27 jag

397 318 88 21 framför
500 318 38 21 allt
560 318 76 22 saknar
659 321 22 19 är
697 325 24 15 en
738 319 150 21 karaktäristik
902 320 22 20 af
937 320 51 21 våra
1003 320 214 26 prässmyndigheter,

398 347 62 21 deras
475 346 169 22 kvalifikationer
659 347 39 21 och
715 348 35 20 det
765 350 48 23 sätt,
823 348 80 26 hvarpä
917 348 26 20 de
958 347 99 27 fullgjort
1067 348 46 21 sina
1123 347 94 27 äliggan-

398 376 47 20 den.
474 376 43 26 Jag
532 375 77 21 saknar
631 382 25 14 en
680 376 149 21 karaktäristik
844 376 22 20 af
879 376 238 26 prässöfverstyrelsens
1132 376 85 26 andliga

399 403 170 27 undermälighet
590 403 39 21 och
651 403 59 21 öfver
732 404 246 26 prässombudsmännen
998 404 40 21 och
1053 404 61 22 deras
1130 406 42 19 sätt
1187 405 31 20 att

399 432 61 21 sköta
476 432 46 21 sina
537 432 50 21 värf.
612 432 43 21 Det
670 432 67 21 skulle
753 432 119 28 säkerligen
887 432 65 21 värka
966 433 7 21 i
989 433 77 26 högsta
1081 432 53 27 grad
1149 432 68 22 öfver-

398 461 92 26 tygande
515 460 64 22 ocksä
594 461 28 26 pä
637 467 25 15 en
678 460 90 28 likgiltig
790 461 69 21 läsare
874 463 30 19 att
919 460 58 22 finna
991 461 75 21 krassa
1081 461 94 27 exempel
1190 461 28 26 pä

399 489 26 21 de
440 491 86 19 senaste
540 490 63 20 årens
619 490 164 21 censurhistoria
797 490 39 20 här
851 490 118 25 omnämda,
984 490 27 20 dä
1028 490 36 21 det
1083 490 41 20 kan
1135 488 83 22 inträffa

398 518 42 26 fall,
456 518 79 21 sädana
556 524 46 15 som
618 521 15 18 t.
648 524 31 15 ex.
696 520 31 19 att
742 518 66 21 orden
826 518 183 27 »Björneborgska
1024 518 124 21 marschen»
1165 518 6 21 i
1188 520 30 19 ett

399 546 129 28 fullkomligt
550 546 108 28 oskyldigt
681 547 152 27 sammanhang
857 546 119 22 framkallat
1001 547 158 25 censurhinder,
1180 547 38 21 och

400 575 118 27 händelser,
534 576 79 20 sädana
634 582 47 14 som
696 578 35 23 att,
747 576 27 21 dä
789 576 61 21 ordet
865 576 107 21 Belzebub
994 575 95 22 förekom
1105 576 7 21 i
1127 582 25 14 en
1169 577 49 21 text.

400 604 111 27 tidningen
527 604 32 21 fär
574 604 152 22 censurhinder
749 605 48 21 med
812 605 127 26 anteckning
955 604 50 21 »allt
1020 604 33 22 för
1069 604 94 27 tydligt»,
1180 604 39 21 och

400 633 36 21 det
459 632 93 22 inträffat
574 633 41 25 fall,
632 633 78 21 sädana
729 639 47 15 som
791 635 31 19 att
837 636 14 18 t.
866 640 31 14 ex.
912 639 26 15 en
954 634 92 20 dementi
1061 639 35 15 om
1111 635 31 19 att
1156 633 63 27 tyska

400 662 135 26 kejsarinnan
560 662 89 21 Fredrik
671 662 45 20 före
737 662 32 20 sin
792 662 41 20 död
848 662 68 26 ingått
931 664 30 18 ett
976 662 155 26 morganatiskt
1146 661 72 21 äkten-

400 690 52 27 skap
473 689 138 22 framkallade
631 690 152 21 censurhinder
803 690 48 21 med
874 690 153 27 päteckningen
1051 690 168 26 »oanständigt».

399 718 69 22 Dessa
481 718 100 27 exempel,
596 719 7 20 i
619 718 39 22 och
673 718 32 22 för
721 718 33 27 sig
772 719 120 26 hagateller,
907 720 36 20 äro
959 719 81 25 egnade
1055 720 31 19 att
1100 719 51 21 visa,
1167 718 52 22 hvil-

398 747 41 22 ken
464 747 90 21 oerhörd
567 747 69 21 enfald
653 747 38 22 och
707 747 72 27 andlig
793 747 128 27 omogenhet
931 753 116 15 censurens
1057 746 162 22 handhafvande

399 776 132 27 ädagalaggt.
552 776 115 26 Exemplen
679 778 36 19 äro
726 776 99 21 hämtade
837 776 46 21 från
893 775 163 22 hufvudstaden.

467 805 44 26 Jag
533 804 70 21 finner
625 805 31 20 uti
678 804 159 27 förteckningen
853 804 58 21 öfver
927 805 26 20 de
968 805 63 20 ärade
1046 804 138 21 medlemmar
1199 803 23 22 af

400 833 245 27 ständerförsamlingen,
661 839 46 15 som
730 833 63 21 hafva
815 833 106 21 utarbetat
944 833 57 20 detta
1016 833 139 25 betänkande,
1174 833 45 20 icke

400 863 70 26 någon
487 863 6 20 i
508 862 36 21 det
558 862 40 21 fria
614 862 71 21 ordets
701 861 66 27 tjänst
781 862 106 21 värkande
902 867 79 22 person
997 861 39 22 och
1052 867 35 16 ser
1099 861 39 27 jag
1150 861 71 21 häruti

400 891 64 21 också
491 890 142 27 anledningen
648 890 31 21 till
691 892 31 19 att
737 897 48 14 man
808 890 45 21 icke
867 890 57 21 velat
938 889 56 22 fästa
1011 890 24 21 så
1050 892 56 19 stort
1120 889 100 22 afseende

400 920 35 20 vid
453 919 61 22 dessa
530 919 95 21 enskilda
640 919 41 21 fall.
710 919 42 26 Jag
767 919 35 20 vill
811 919 104 26 slutligen,
926 919 49 20 med
991 919 123 26 anslutning
1124 918 32 21 till
1166 918 55 22 hvad

400 948 25 21 hr
450 948 171 21 Hammarström
643 949 66 26 yttrat
738 947 128 22 beträffande
888 948 41 21 den
951 947 120 21 eventuella
1092 947 75 21 chefen
1189 947 33 20 för

400 977 175 26 pressärendena,
591 977 88 26 påpeka,
694 978 31 19 att
746 977 11 26 &
781 976 26 21 58
823 977 7 20 i
845 975 213 28 prässförordningen
1081 976 93 25 stadgar,
1190 977 32 19 att

401 1005 141 20 ordföranden
566 1005 112 21 förordnas
701 1004 22 21 af
745 1004 96 27 kejsaren
864 1004 28 27 pä
911 1004 156 27 framställning
1087 1003 22 22 af
1126 1003 95 27 general-

401 1035 139 25 guvernören,
550 1039 45 15 som
611 1033 74 21 därvid
700 1039 49 20 eger
764 1032 55 22 fästa
833 1033 99 21 afseende
947 1033 45 20 icke
1008 1032 54 21 blott
1078 1033 35 20 vid
1129 1033 92 20 ämbets-

402 1061 188 27 mannaduglighet
613 1064 50 18 utan
687 1062 64 20 också
773 1061 38 21 och
832 1061 175 26 hufvudsakligen
1023 1061 28 26 på
1065 1061 155 21 innehafvande

401 1090 65 27 högre
482 1090 80 21 litterär
578 1090 101 27 bildning.
704 1089 72 22 Skulle
787 1091 35 20 det
834 1090 107 26 värkligen
956 1089 89 26 inträffa,
1054 1091 31 20 att
1100 1095 26 15 en
1142 1095 78 21 person

402 1118 23 21 af
438 1119 26 21 de
479 1118 168 22 kvalifikationer
663 1125 45 14 som
720 1118 135 27 Helsingfors
866 1119 122 20 nuvarande
995 1118 149 27 polismästare
1153 1117 69 22 blefve

402 1148 88 21 utnämd
505 1147 31 21 till
551 1147 89 27 platsen,
658 1147 23 21 så
696 1147 71 21 kunde
789 1154 48 14 man
860 1146 135 27 sannerligen
1016 1145 58 22 finna
1098 1147 58 21 detta
1170 1153 52 14 vara

402 1183 26 14 en
445 1176 97 27 originell
563 1175 98 28 tolkning
675 1174 22 23 af
711 1176 65 21 orden
801 1176 66 26 högre
889 1175 100 27 bildning,
1006 1175 26 21 då
1047 1175 69 21 denna
1131 1181 91 21 persons

402 1205 67 27 högre
491 1205 94 21 litterära
604 1205 96 26 bildning
721 1204 46 21 icke
783 1207 64 24 yppat
869 1205 33 26 sig
921 1204 28 26 på
963 1206 66 19 annat
1045 1206 42 19 sätt
1103 1205 26 20 än
1146 1210 76 20 genom

403 1234 65 27 några
484 1233 28 27 på
526 1233 58 26 dålig
599 1233 92 21 svenska
705 1232 99 22 affattade
819 1233 208 26 tidningsannonser.

472 1263 41 25 Jag
536 1263 37 20 ber
589 1261 71 22 därför
675 1263 31 20 att
720 1261 21 21 få
756 1262 70 21 såsom
849 1261 116 22 kontentan
981 1261 22 20 af
1016 1261 55 21 hvad
1083 1261 38 26 jag
1136 1261 37 20 här
1186 1261 36 26 på-

404 1291 64 26 pekat
482 1291 72 24 uttala,
575 1293 32 18 att
622 1291 36 20 det
678 1290 53 21 hade
752 1290 55 21 varit
821 1289 122 26 önskvärdt,
958 1291 31 19 att
1005 1289 104 21 särskilda
1124 1289 98 21 besvärs-

405 1319 115 21 utskottets
543 1319 33 20 för
598 1319 65 26 öfrigt
686 1318 152 27 förtjänstfulla
853 1319 38 20 och
906 1318 169 21 beaktansvärda
1090 1317 132 22 betänkande

406 1348 44 26 gått
472 1347 88 27 djupare
575 1348 22 20 in
612 1348 28 26 på
655 1347 64 21 saken
741 1347 39 21 och
796 1347 60 26 gifvit
870 1347 6 21 i
893 1347 84 20 korthet
992 1353 25 14 en
1034 1346 115 21 öfverblick
1164 1345 58 22 öfver

405 1382 115 15 censurens
543 1376 88 21 historia
646 1376 7 21 i
668 1376 89 21 Finland
780 1376 67 21 under
868 1381 75 16 senare
965 1375 29 25 år,
1017 1381 26 15 en
1066 1375 94 25 historia,
1176 1381 46 15 som

406 1404 106 22 sannolikt
527 1405 69 27 aldrig
610 1411 79 15 annars
703 1404 96 21 kommer
815 1405 30 21 att
859 1404 66 21 blitva
940 1403 99 22 skrifven.

474 1462 46 22 Hra
536 1462 81 22 Kari:
633 1462 38 22 Jos
687 1464 62 19 muut
763 1462 71 21 lehdet
849 1462 82 20 meidän
948 1467 141 15 maassamme
1103 1463 50 19 ovat
1161 1461 63 21 viime

405 1491 84 20 aikoina
512 1491 63 20 olleet
591 1491 97 24 ahtaalla,
703 1490 43 20 niin
769 1492 90 24 työväen
881 1490 71 21 lehdet
975 1492 49 18 ovat
1038 1492 58 18 tässä
1112 1489 112 21 suhteessa

406 1521 86 19 saaneet
507 1518 70 21 kärsiä
600 1518 54 21 vielä
675 1518 72 26 paljon
763 1520 116 18 enemmän.
908 1517 68 21 Paitsi
991 1518 52 20 niitä
1057 1518 71 20 monia
1143 1517 81 21 ristirii-

406 1547 61 21 taisia
482 1547 136 26 määräyksiä,
631 1546 54 26 joita
700 1549 61 18 muut
775 1546 70 20 lehdet
860 1548 49 18 ovat
924 1548 91 23 saaneet,
1031 1552 28 14 on
1075 1547 89 25 työväen
1180 1546 44 20 leh-

406 1576 48 21 dille
479 1576 101 27 lähetetty
595 1575 129 27 erityisiäkin
740 1574 92 27 käskyjä.
861 1574 78 27 Niinpä
954 1574 129 21 ilmoitettiin
1098 1574 63 21 viime
1172 1580 52 15 vuo-

406 1605 40 21 den
462 1604 161 26 maaliskuussa,
644 1606 44 19 että
702 1606 89 24 työväen
807 1603 70 21 lehdet
893 1603 55 21 eivät
963 1608 37 16 saa
1011 1602 88 28 julaista
1113 1602 111 27 kirjoituk-

1134 1643 23 17 57
