1098 1784
87 126 24 17 21
122 132 20 15 p.
154 127 96 17 maalisk.
399 128 90 16 Suomen
500 128 88 20 pankki.
866 122 41 22 699

166 263 140 27 Tiistaina
326 263 182 27 maaliskuun
527 264 32 26 21
577 266 65 31 p:nä
660 263 55 27 kilo
733 265 15 25 7
768 265 17 25 i.
803 272 25 25 p.

157 337 189 22 Nimenhuudossa
358 333 11 38 —
378 337 109 22 havaittiin
504 333 7 38 —
518 337 162 29 poissaoleviksi
709 338 36 21 hrt
776 337 133 22 Fredrik

86 366 139 26 Jansson,
241 367 169 26 Holmberg,
426 366 108 27 Savön,
550 366 357 27 CarlströmjaLabbart,

84 395 61 27 jotka
166 395 66 22 olivat
253 395 139 22 ilmoittaneet
414 395 97 22 sellaisen
532 397 79 25 esteen,
630 395 52 21 kuin
697 395 63 21 viime
775 394 133 22 tammikuun

86 424 28 21 24
136 426 49 25 p:nä
208 423 86 28 tehtyyn
317 423 144 28 pöytäkirjaan
482 430 28 15 on
528 423 105 28 merkitty,
649 423 51 22 sekä
715 423 37 22 hra
767 423 141 25 Mikkola,

84 452 52 27 joka
150 452 110 22 kuitenkin
276 453 73 26 saapui
366 452 67 22 vähän
449 453 60 21 aikaa
524 453 160 21 nimenhuudon
697 452 90 27 jälkeen.

155 603 92 21 Luettiin
264 603 185 22 tarkastettavaksi
462 603 23 27 ja
499 603 143 28 hyväksyttiin
657 603 99 21 erinäisiä
771 603 74 21 otteita
859 609 50 20 por-

87 632 137 27 varissäädyn
240 632 63 21 viime
319 632 189 27 täysi-istunnossa
522 631 99 28 tehdystä
635 631 157 28 pöytäkirjasta.

155 780 121 26 Merkittiin,
296 783 43 19 että
356 780 241 28 talonpoikaissäädystä
612 780 29 22 oli
656 780 62 22 tullut
733 780 174 28 pöytäkirjanote.

153 937 106 22 Esiteltiin
282 938 64 21 viime
368 937 186 28 täysi-istunnossa
576 937 163 26 pöydällepantu
762 935 145 28 pankkivalio-

85 965 86 22 kunnan
194 966 95 21 mietintö
307 972 34 15 n:o
366 967 5 20 1
388 965 104 23 Suomen
509 965 90 28 pankin
617 965 151 22 hallinnosta
780 965 27 28 ja
822 964 84 22 tilasta

86 995 90 21 vuosina
192 995 140 21 1900—1904
347 995 121 21 toimitetun
483 993 149 22 tarkastuksen
646 993 107 28 johdosta.

153 1057 45 21 Hra
244 1058 184 21 Hammarströ
436 1063 20 15 m
465 1058 60 26 pyysi
536 1057 166 27 puheenvuoroa
709 1057 22 26 ja
743 1056 78 21 lausui:
836 1055 69 22 Innan

86 1085 143 22 betänkandet
244 1085 31 22 till
291 1085 129 27 behandling
436 1089 104 24 upptages
555 1085 24 22 af
585 1085 91 26 ständet,
687 1085 48 22 ville
743 1085 38 27 jag
791 1085 21 20 fä
822 1085 84 21 anmäla

84 1114 67 27 några
166 1114 82 21 mindre
268 1114 166 26 inadvertenser,
451 1114 70 21 hvilka
537 1115 71 26 tyvärr
623 1113 109 21 befunnits
748 1113 62 21 hafva
824 1113 82 21 insmu-

85 1143 30 27 git
131 1142 33 27 sig
178 1143 8 21 i
201 1142 147 22 betänkandet.
372 1142 10 21 I
398 1142 40 22 den
453 1142 69 22 finska
537 1144 70 20 texten
624 1142 46 21 sida
684 1142 14 20 4
713 1141 69 22 heter:
793 1141 35 21 det
840 1142 65 21 »Ver-

85 1171 78 21 rattain
186 1171 76 27 hyvien
286 1171 139 27 viljavuosien
448 1171 55 21 1900
522 1172 23 26 ja
570 1171 71 21 1901.>
674 1171 65 21 Detta
754 1170 89 27 uttryck,
859 1176 46 15 som

84 1200 65 22 också
170 1200 6 21 i
201 1199 65 22 saken
282 1200 76 21 värkar
373 1199 131 23 förvillande,
517 1200 38 21 har
570 1199 121 21 tillkommit
706 1205 76 21 genom
799 1205 25 15 en
841 1198 64 27 något

84 1228 33 22 för
132 1228 27 22 fri
175 1228 155 27 öfversättning
345 1228 23 21 af
381 1228 35 22 det
432 1228 150 22 motsvarande
597 1227 92 23 svenska
704 1228 111 27 uttrycket,
825 1227 80 21 hvilket

85 1258 97 20 däremot
204 1259 23 18 är
250 1257 79 26 riktigt.
359 1257 42 20 Det
422 1257 66 21 borde
507 1257 44 21 icke
569 1256 58 22 heta:
652 1256 66 21 efter
733 1256 64 21 dessa
811 1256 36 20 två
861 1256 45 22 år»,

85 1288 60 19 utan:
170 1285 66 21 »efter
258 1285 118 21 skördarna
398 1285 67 21 under
484 1286 62 21 dessa
562 1285 36 22 två
612 1285 44 21 år».
686 1284 10 22 I
712 1284 35 22 det
763 1284 92 22 svenska
871 1284 34 21 be-

85 1314 116 21 tänkandet
216 1314 38 21 har
269 1314 13 21 å
296 1314 46 22 sida
358 1314 28 20 10
400 1314 104 26 insmugit
519 1314 33 26 sig
567 1316 30 19 ett
610 1313 110 27 olämpligt
731 1313 88 27 uttryck.
841 1313 12 21 I
863 1312 42 22 för-

86 1345 33 19 sta
135 1342 65 22 raden
216 1342 22 22 af
251 1342 66 22 andra
332 1342 82 27 stycket
428 1342 60 22 heter
504 1343 43 21 det:
568 1342 113 22 »Finlands
698 1342 61 25 bank,
775 1347 46 15 som
839 1341 67 21 under

85 1371 40 21 den
142 1371 30 21 tid
188 1370 116 22 tabellerna
319 1370 111 22 omfatta>.
460 1370 75 22 Såsom
551 1377 48 15 man
616 1370 65 22 redan
697 1370 34 21 vid
747 1372 31 19 ett
792 1370 62 27 ytligt
870 1375 35 21 ge-

85 1400 134 26 nomögande
234 1399 22 21 af
270 1399 143 21 betänkandet
428 1398 74 26 finner,
518 1402 23 18 är
557 1400 69 20 denna
641 1398 31 22 tid
682 1399 63 25 ingen
757 1399 31 21 tid
798 1398 45 26 alls,
854 1400 51 19 enär

85 1427 117 21 tabellerna
222 1426 89 22 omfatta
332 1426 56 22 olika
410 1426 103 28 perioder.
543 1427 113 25 Meningen
679 1428 32 18 är:
735 1426 40 22 den
791 1426 31 21 tid
837 1425 68 21 öfver-

86 1455 69 22 sikten
178 1455 106 21 omfattar.
314 1455 63 21 Hvad
398 1455 45 21 åter
458 1454 100 22 beträffar
573 1455 41 21 den
630 1454 28 27 på
673 1460 81 16 samma
769 1454 46 21 sida
830 1453 75 22 befint-

84 1484 44 28 liga
150 1484 98 26 tabellen,
266 1484 25 22 så
306 1486 23 19 är
344 1484 47 26 den,
407 1484 71 22 såsom
495 1483 64 22 också
573 1482 23 23 af
609 1485 71 19 texten
695 1483 49 21 med
759 1482 28 22 all
801 1482 104 28 tydlighet

86 1513 98 28 framgår,
203 1513 73 22 afsedd
292 1513 76 21 endast
382 1512 32 22 för
430 1514 31 20 ett
476 1513 54 21 enda
544 1512 103 27 ändamål,
663 1511 105 29 nämligen
785 1513 31 20 att
830 1511 75 22 åskåd-
