<?xml version="1.0" encoding="UTF-8"?>
<alto xmlns="http://www.loc.gov/standards/alto/ns-v3#" xmlns:xlink="http://www.w3.org/1999/xlink" xmlns:xsi="http://www.w3.org/2001/XMLSchema-instance" xsi:schemaLocation="http://www.loc.gov/standards/alto/ns-v3# http://www.loc.gov/alto/v3/alto-3-0.xsd">
	<Description>
		<MeasurementUnit>pixel</MeasurementUnit>
		<sourceImageInformation>
			<fileName>/tmp/tess_4jq_51yn_input.PNG</fileName>
		</sourceImageInformation>
		<OCRProcessing ID="OCR_0">
			<ocrProcessingStep>
				<processingSoftware>
					<softwareName>tesseract 5.3.4</softwareName>
				</processingSoftware>
			</ocrProcessingStep>
		</OCRProcessing>
	</Description>
	<Layout>
		<Page WIDTH="1095" HEIGHT="1784" PHYSICAL_IMG_NR="0" ID="page_0">
			<PrintSpace HPOS="0" VPOS="0" WIDTH="1095" HEIGHT="1784">
				<ComposedBlock ID="cblock_0" HPOS="97" VPOS="122" WIDTH="818" HEIGHT="26">
					<TextBlock ID="block_0" HPOS="97" VPOS="122" WIDTH="818" HEIGHT="26">
						<TextLine ID="line_0" HPOS="97" VPOS="122" WIDTH="818" HEIGHT="26">
							<String ID="string_0" HPOS="97" VPOS="126" WIDTH="24" HEIGHT="18" WC="0.92" CONTENT="21"/><SP WIDTH="11" VPOS="126" HPOS="121"/>
							<String ID="string_1" HPOS="132" VPOS="131" WIDTH="20" HEIGHT="17" WC="0.89" CONTENT="p."/><SP WIDTH="12" VPOS="131" HPOS="152"/>
							<String ID="string_2" HPOS="164" VPOS="126" WIDTH="96" HEIGHT="20" WC="0.89" CONTENT="maalisk,"/><SP WIDTH="153" VPOS="126" HPOS="260"/>
							<String ID="string_3" HPOS="413" VPOS="128" WIDTH="90" HEIGHT="17" WC="0.96" CONTENT="Suomen"/><SP WIDTH="12" VPOS="128" HPOS="503"/>
							<String ID="string_4" HPOS="515" VPOS="128" WIDTH="85" HEIGHT="20" WC="0.95" CONTENT="pankki."/><SP WIDTH="276" VPOS="128" HPOS="600"/>
							<String ID="string_5" HPOS="876" VPOS="122" WIDTH="39" HEIGHT="21" WC="0.91" CONTENT="711"/>
						</TextLine>
					</TextBlock>
				</ComposedBlock>
				<GraphicalElement ID="cblock_1" HPOS="97" VPOS="156" WIDTH="820" HEIGHT="4"></GraphicalElement >
				<ComposedBlock ID="cblock_2" HPOS="88" VPOS="195" WIDTH="829" HEIGHT="1343">
					<TextBlock ID="block_1" HPOS="98" VPOS="195" WIDTH="817" HEIGHT="57">
						<TextLine ID="line_1" HPOS="98" VPOS="195" WIDTH="817" HEIGHT="28">
							<String ID="string_6" HPOS="98" VPOS="196" WIDTH="34" HEIGHT="22" WC="0.95" CONTENT="lån"/><SP WIDTH="23" VPOS="196" HPOS="132"/>
							<String ID="string_7" HPOS="155" VPOS="195" WIDTH="128" HEIGHT="28" WC="0.95" CONTENT="förmedling"/><SP WIDTH="22" VPOS="195" HPOS="283"/>
							<String ID="string_8" HPOS="305" VPOS="196" WIDTH="29" HEIGHT="22" WC="0.96" CONTENT="af"/><SP WIDTH="20" VPOS="196" HPOS="334"/>
							<String ID="string_9" HPOS="354" VPOS="196" WIDTH="142" HEIGHT="22" WC="0.96" CONTENT="inhemsk"/><SP WIDTH="22" VPOS="196" HPOS="496"/>
							<String ID="string_10" HPOS="518" VPOS="196" WIDTH="77" HEIGHT="22" WC="0.95" CONTENT="bank"/><SP WIDTH="21" VPOS="196" HPOS="595"/>
							<String ID="string_11" HPOS="616" VPOS="203" WIDTH="63" HEIGHT="15" WC="0.93" CONTENT="anses"/><SP WIDTH="22" VPOS="203" HPOS="679"/>
							<String ID="string_12" HPOS="701" VPOS="196" WIDTH="98" HEIGHT="27" WC="0.91" CONTENT="behöflig,"/><SP WIDTH="15" VPOS="196" HPOS="799"/>
							<String ID="string_13" HPOS="814" VPOS="197" WIDTH="101" HEIGHT="21" WC="0.96" CONTENT="Finlands"/>
						</TextLine>
						<TextLine ID="line_2" HPOS="99" VPOS="224" WIDTH="655" HEIGHT="28">
							<String ID="string_14" HPOS="99" VPOS="224" WIDTH="56" HEIGHT="22" WC="0.93" CONTENT="bank"/><SP WIDTH="14" VPOS="224" HPOS="155"/>
							<String ID="string_15" HPOS="169" VPOS="224" WIDTH="148" HEIGHT="27" WC="0.92" CONTENT="ovillkorligen"/><SP WIDTH="15" VPOS="224" HPOS="317"/>
							<String ID="string_16" HPOS="332" VPOS="225" WIDTH="39" HEIGHT="21" WC="0.93" CONTENT="bör"/><SP WIDTH="15" VPOS="225" HPOS="371"/>
							<String ID="string_17" HPOS="386" VPOS="225" WIDTH="77" HEIGHT="21" WC="0.89" CONTENT="anlitas"/><SP WIDTH="15" VPOS="225" HPOS="463"/>
							<String ID="string_18" HPOS="478" VPOS="225" WIDTH="38" HEIGHT="21" WC="0.93" CONTENT="och"/><SP WIDTH="15" VPOS="225" HPOS="516"/>
							<String ID="string_19" HPOS="531" VPOS="225" WIDTH="45" HEIGHT="22" WC="0.92" CONTENT="icke"/><SP WIDTH="15" VPOS="225" HPOS="576"/>
							<String ID="string_20" HPOS="591" VPOS="225" WIDTH="71" HEIGHT="27" WC="0.93" CONTENT="nägon"/><SP WIDTH="15" VPOS="225" HPOS="662"/>
							<String ID="string_21" HPOS="677" VPOS="231" WIDTH="77" HEIGHT="15" WC="0.96" CONTENT="annan."/>
						</TextLine>
					</TextBlock>
					<TextBlock ID="block_2" HPOS="88" VPOS="253" WIDTH="829" HEIGHT="1285">
						<TextLine ID="line_3" HPOS="165" VPOS="253" WIDTH="750" HEIGHT="27">
							<String ID="string_22" HPOS="165" VPOS="253" WIDTH="42" HEIGHT="26" WC="0.96" CONTENT="Jag"/><SP WIDTH="22" VPOS="253" HPOS="207"/>
							<String ID="string_23" HPOS="229" VPOS="253" WIDTH="95" HEIGHT="21" WC="0.95" CONTENT="kommer"/><SP WIDTH="24" VPOS="253" HPOS="324"/>
							<String ID="string_24" HPOS="348" VPOS="253" WIDTH="64" HEIGHT="22" WC="0.95" CONTENT="sedan"/><SP WIDTH="21" VPOS="253" HPOS="412"/>
							<String ID="string_25" HPOS="433" VPOS="253" WIDTH="33" HEIGHT="21" WC="0.93" CONTENT="till"/><SP WIDTH="18" VPOS="253" HPOS="466"/>
							<String ID="string_26" HPOS="484" VPOS="254" WIDTH="66" HEIGHT="26" WC="0.96" CONTENT="några"/><SP WIDTH="14" VPOS="254" HPOS="550"/>
							<String ID="string_27" HPOS="564" VPOS="253" WIDTH="24" HEIGHT="22" WC="0.96" CONTENT="af"/><SP WIDTH="11" VPOS="253" HPOS="588"/>
							<String ID="string_28" HPOS="599" VPOS="253" WIDTH="26" HEIGHT="22" WC="0.93" CONTENT="hr"/><SP WIDTH="15" VPOS="253" HPOS="625"/>
							<String ID="string_29" HPOS="640" VPOS="254" WIDTH="89" HEIGHT="26" WC="0.66" CONTENT="Hynöns"/><SP WIDTH="16" VPOS="254" HPOS="729"/>
							<String ID="string_30" HPOS="745" VPOS="253" WIDTH="170" HEIGHT="27" WC="0.96" CONTENT="anmärkningar,"/>
						</TextLine>
						<TextLine ID="line_4" HPOS="98" VPOS="281" WIDTH="817" HEIGHT="26">
							<String ID="string_31" HPOS="98" VPOS="281" WIDTH="81" HEIGHT="22" WC="0.91" CONTENT="riktade"/><SP WIDTH="15" VPOS="281" HPOS="179"/>
							<String ID="string_32" HPOS="194" VPOS="281" WIDTH="46" HEIGHT="22" WC="0.93" CONTENT="icke"/><SP WIDTH="15" VPOS="281" HPOS="240"/>
							<String ID="string_33" HPOS="255" VPOS="283" WIDTH="44" HEIGHT="20" WC="0.93" CONTENT="mot"/><SP WIDTH="16" VPOS="283" HPOS="299"/>
							<String ID="string_34" HPOS="315" VPOS="281" WIDTH="105" HEIGHT="22" WC="0.92" CONTENT="utskottet"/><SP WIDTH="15" VPOS="281" HPOS="420"/>
							<String ID="string_35" HPOS="435" VPOS="284" WIDTH="51" HEIGHT="19" WC="0.96" CONTENT="utan"/><SP WIDTH="15" VPOS="284" HPOS="486"/>
							<String ID="string_36" HPOS="501" VPOS="284" WIDTH="45" HEIGHT="19" WC="0.96" CONTENT="mot"/><SP WIDTH="10" VPOS="284" HPOS="546"/>
							<String ID="string_37" HPOS="556" VPOS="282" WIDTH="101" HEIGHT="21" WC="0.96" CONTENT="Finlands"/><SP WIDTH="10" VPOS="282" HPOS="657"/>
							<String ID="string_38" HPOS="667" VPOS="281" WIDTH="68" HEIGHT="22" WC="0.93" CONTENT="banks"/><SP WIDTH="10" VPOS="281" HPOS="735"/>
							<String ID="string_39" HPOS="745" VPOS="282" WIDTH="111" HEIGHT="25" WC="0.92" CONTENT="direktion,"/><SP WIDTH="9" VPOS="282" HPOS="856"/>
							<String ID="string_40" HPOS="865" VPOS="281" WIDTH="50" HEIGHT="22" WC="0.96" CONTENT="eller"/>
						</TextLine>
						<TextLine ID="line_5" HPOS="99" VPOS="309" WIDTH="818" HEIGHT="28">
							<String ID="string_41" HPOS="99" VPOS="309" WIDTH="199" HEIGHT="27" WC="0.78" CONTENT="Ofverhufvudtaget"/><SP WIDTH="14" VPOS="309" HPOS="298"/>
							<String ID="string_42" HPOS="312" VPOS="312" WIDTH="46" HEIGHT="19" WC="0.96" CONTENT="mot"/><SP WIDTH="14" VPOS="312" HPOS="358"/>
							<String ID="string_43" HPOS="372" VPOS="309" WIDTH="161" HEIGHT="28" WC="0.96" CONTENT="förvaltningen."/><SP WIDTH="30" VPOS="309" HPOS="533"/>
							<String ID="string_44" HPOS="563" VPOS="310" WIDTH="81" HEIGHT="21" WC="0.93" CONTENT="Härvid"/><SP WIDTH="16" VPOS="310" HPOS="644"/>
							<String ID="string_45" HPOS="660" VPOS="310" WIDTH="69" HEIGHT="21" WC="0.96" CONTENT="måste"/><SP WIDTH="13" VPOS="310" HPOS="729"/>
							<String ID="string_46" HPOS="742" VPOS="309" WIDTH="127" HEIGHT="26" WC="0.96" CONTENT="framhållas,"/><SP WIDTH="16" VPOS="309" HPOS="869"/>
							<String ID="string_47" HPOS="885" VPOS="312" WIDTH="32" HEIGHT="19" WC="0.96" CONTENT="att"/>
						</TextLine>
						<TextLine ID="line_6" HPOS="99" VPOS="338" WIDTH="816" HEIGHT="28">
							<String ID="string_48" HPOS="99" VPOS="339" WIDTH="39" HEIGHT="20" WC="0.91" CONTENT="den"/><SP WIDTH="23" VPOS="339" HPOS="138"/>
							<String ID="string_49" HPOS="161" VPOS="338" WIDTH="146" HEIGHT="27" WC="0.96" CONTENT="anmärkning,"/><SP WIDTH="21" VPOS="338" HPOS="307"/>
							<String ID="string_50" HPOS="328" VPOS="345" WIDTH="46" HEIGHT="15" WC="0.96" CONTENT="som"/><SP WIDTH="20" VPOS="345" HPOS="374"/>
							<String ID="string_51" HPOS="394" VPOS="338" WIDTH="26" HEIGHT="22" WC="0.93" CONTENT="hr"/><SP WIDTH="20" VPOS="338" HPOS="420"/>
							<String ID="string_52" HPOS="440" VPOS="339" WIDTH="78" HEIGHT="27" WC="0.85" CONTENT="Hynön"/><SP WIDTH="16" VPOS="339" HPOS="518"/>
							<String ID="string_53" HPOS="534" VPOS="341" WIDTH="71" HEIGHT="20" WC="0.96" CONTENT="ansett"/><SP WIDTH="14" VPOS="341" HPOS="605"/>
							<String ID="string_54" HPOS="619" VPOS="339" WIDTH="65" HEIGHT="26" WC="0.96" CONTENT="nödig"/><SP WIDTH="13" VPOS="339" HPOS="684"/>
							<String ID="string_55" HPOS="697" VPOS="338" WIDTH="132" HEIGHT="22" WC="0.93" CONTENT="beträffande"/><SP WIDTH="14" VPOS="338" HPOS="829"/>
							<String ID="string_56" HPOS="843" VPOS="339" WIDTH="72" HEIGHT="22" WC="0.93" CONTENT="kassa-"/>
						</TextLine>
						<TextLine ID="line_7" HPOS="99" VPOS="367" WIDTH="816" HEIGHT="28">
							<String ID="string_57" HPOS="99" VPOS="367" WIDTH="130" HEIGHT="26" WC="0.92" CONTENT="balanserna,"/><SP WIDTH="22" VPOS="367" HPOS="229"/>
							<String ID="string_58" HPOS="251" VPOS="367" WIDTH="46" HEIGHT="22" WC="0.89" CONTENT="icke"/><SP WIDTH="21" VPOS="367" HPOS="297"/>
							<String ID="string_59" HPOS="318" VPOS="367" WIDTH="105" HEIGHT="22" WC="0.92" CONTENT="förefaller"/><SP WIDTH="21" VPOS="367" HPOS="423"/>
							<String ID="string_60" HPOS="444" VPOS="369" WIDTH="44" HEIGHT="20" WC="0.93" CONTENT="rätt"/><SP WIDTH="17" VPOS="369" HPOS="488"/>
							<String ID="string_61" HPOS="505" VPOS="367" WIDTH="96" HEIGHT="28" WC="0.92" CONTENT="befogad,"/><SP WIDTH="18" VPOS="367" HPOS="601"/>
							<String ID="string_62" HPOS="619" VPOS="367" WIDTH="27" HEIGHT="22" WC="0.93" CONTENT="dä"/><SP WIDTH="17" VPOS="367" HPOS="646"/>
							<String ID="string_63" HPOS="663" VPOS="367" WIDTH="106" HEIGHT="22" WC="0.92" CONTENT="utskottet"/><SP WIDTH="12" VPOS="367" HPOS="769"/>
							<String ID="string_64" HPOS="781" VPOS="367" WIDTH="25" HEIGHT="28" WC="0.93" CONTENT="ju"/><SP WIDTH="15" VPOS="367" HPOS="806"/>
							<String ID="string_65" HPOS="821" VPOS="368" WIDTH="94" HEIGHT="21" WC="0.92" CONTENT="anmäler"/>
						</TextLine>
						<TextLine ID="line_8" HPOS="97" VPOS="395" WIDTH="818" HEIGHT="28">
							<String ID="string_66" HPOS="97" VPOS="397" WIDTH="37" HEIGHT="25" WC="0.96" CONTENT="att,"/><SP WIDTH="15" VPOS="397" HPOS="134"/>
							<String ID="string_67" HPOS="149" VPOS="396" WIDTH="48" HEIGHT="21" WC="0.93" CONTENT="med"/><SP WIDTH="16" VPOS="396" HPOS="197"/>
							<String ID="string_68" HPOS="213" VPOS="395" WIDTH="114" HEIGHT="28" WC="0.92" CONTENT="anledning"/><SP WIDTH="15" VPOS="395" HPOS="327"/>
							<String ID="string_69" HPOS="342" VPOS="396" WIDTH="22" HEIGHT="21" WC="0.96" CONTENT="af"/><SP WIDTH="13" VPOS="396" HPOS="364"/>
							<String ID="string_70" HPOS="377" VPOS="396" WIDTH="40" HEIGHT="21" WC="0.96" CONTENT="den"/><SP WIDTH="15" VPOS="396" HPOS="417"/>
							<String ID="string_71" HPOS="432" VPOS="396" WIDTH="24" HEIGHT="21" WC="0.97" CONTENT="af"/><SP WIDTH="12" VPOS="396" HPOS="456"/>
							<String ID="string_72" HPOS="468" VPOS="397" WIDTH="63" HEIGHT="20" WC="0.93" CONTENT="dessa"/><SP WIDTH="15" VPOS="397" HPOS="531"/>
							<String ID="string_73" HPOS="546" VPOS="397" WIDTH="103" HEIGHT="26" WC="0.93" CONTENT="balanser,"/><SP WIDTH="10" VPOS="397" HPOS="649"/>
							<String ID="string_74" HPOS="659" VPOS="403" WIDTH="46" HEIGHT="14" WC="0.93" CONTENT="som"/><SP WIDTH="10" VPOS="403" HPOS="705"/>
							<String ID="string_75" HPOS="715" VPOS="396" WIDTH="122" HEIGHT="21" WC="0.92" CONTENT="tillkommit"/><SP WIDTH="11" VPOS="396" HPOS="837"/>
							<String ID="string_76" HPOS="848" VPOS="397" WIDTH="67" HEIGHT="21" WC="0.96" CONTENT="under"/>
						</TextLine>
						<TextLine ID="line_9" HPOS="97" VPOS="424" WIDTH="818" HEIGHT="28">
							<String ID="string_77" HPOS="97" VPOS="424" WIDTH="109" HEIGHT="27" WC="0.91" CONTENT="värkligen"/><SP WIDTH="23" VPOS="424" HPOS="206"/>
							<String ID="string_78" HPOS="229" VPOS="425" WIDTH="125" HEIGHT="27" WC="0.90" CONTENT="obehagliga"/><SP WIDTH="21" VPOS="425" HPOS="354"/>
							<String ID="string_79" HPOS="375" VPOS="425" WIDTH="187" HEIGHT="27" WC="0.93" CONTENT="omständigheter,"/><SP WIDTH="18" VPOS="425" HPOS="562"/>
							<String ID="string_80" HPOS="580" VPOS="425" WIDTH="18" HEIGHT="22" WC="0.92" CONTENT="d."/><SP WIDTH="18" VPOS="425" HPOS="598"/>
							<String ID="string_81" HPOS="616" VPOS="432" WIDTH="19" HEIGHT="14" WC="0.97" CONTENT="v."/><SP WIDTH="19" VPOS="432" HPOS="635"/>
							<String ID="string_82" HPOS="654" VPOS="432" WIDTH="17" HEIGHT="15" WC="0.93" CONTENT="s."/><SP WIDTH="14" VPOS="432" HPOS="671"/>
							<String ID="string_83" HPOS="685" VPOS="425" WIDTH="102" HEIGHT="21" WC="0.92" CONTENT="balansen"/><SP WIDTH="16" VPOS="425" HPOS="787"/>
							<String ID="string_84" HPOS="803" VPOS="425" WIDTH="6" HEIGHT="21" WC="0.93" CONTENT="i"/><SP WIDTH="15" VPOS="425" HPOS="809"/>
							<String ID="string_85" HPOS="824" VPOS="425" WIDTH="91" HEIGHT="21" WC="0.92" CONTENT="hufvud-"/>
						</TextLine>
						<TextLine ID="line_10" HPOS="97" VPOS="453" WIDTH="818" HEIGHT="28">
							<String ID="string_86" HPOS="97" VPOS="453" WIDTH="110" HEIGHT="22" WC="0.93" CONTENT="kontorets"/><SP WIDTH="22" VPOS="453" HPOS="207"/>
							<String ID="string_87" HPOS="229" VPOS="453" WIDTH="129" HEIGHT="27" WC="0.75" CONTENT="växelkassa,"/><SP WIDTH="15" VPOS="453" HPOS="358"/>
							<String ID="string_88" HPOS="373" VPOS="453" WIDTH="107" HEIGHT="22" WC="0.92" CONTENT="allaredan"/><SP WIDTH="15" VPOS="453" HPOS="480"/>
							<String ID="string_89" HPOS="495" VPOS="454" WIDTH="78" HEIGHT="27" WC="0.96" CONTENT="nödiga"/><SP WIDTH="14" VPOS="454" HPOS="573"/>
							<String ID="string_90" HPOS="587" VPOS="454" WIDTH="99" HEIGHT="27" WC="0.96" CONTENT="åtgärder"/><SP WIDTH="15" VPOS="454" HPOS="686"/>
							<String ID="string_91" HPOS="701" VPOS="456" WIDTH="36" HEIGHT="19" WC="0.96" CONTENT="äro"/><SP WIDTH="17" VPOS="456" HPOS="737"/>
							<String ID="string_92" HPOS="754" VPOS="453" WIDTH="100" HEIGHT="27" WC="0.96" CONTENT="vidtagna"/><SP WIDTH="22" VPOS="453" HPOS="854"/>
							<String ID="string_93" HPOS="876" VPOS="453" WIDTH="39" HEIGHT="27" WC="0.95" CONTENT="och"/>
						</TextLine>
						<TextLine ID="line_11" HPOS="96" VPOS="481" WIDTH="819" HEIGHT="28">
							<String ID="string_94" HPOS="96" VPOS="484" WIDTH="31" HEIGHT="19" WC="0.95" CONTENT="att"/><SP WIDTH="20" VPOS="484" HPOS="127"/>
							<String ID="string_95" HPOS="147" VPOS="482" WIDTH="70" HEIGHT="27" WC="0.95" CONTENT="någon"/><SP WIDTH="24" VPOS="482" HPOS="217"/>
							<String ID="string_96" HPOS="241" VPOS="481" WIDTH="173" HEIGHT="28" WC="0.96" CONTENT="olyckshändelse"/><SP WIDTH="22" VPOS="481" HPOS="414"/>
							<String ID="string_97" HPOS="436" VPOS="483" WIDTH="28" HEIGHT="26" WC="0.96" CONTENT="på"/><SP WIDTH="19" VPOS="483" HPOS="464"/>
							<String ID="string_98" HPOS="483" VPOS="483" WIDTH="70" HEIGHT="26" WC="0.96" CONTENT="grund"/><SP WIDTH="21" VPOS="483" HPOS="553"/>
							<String ID="string_99" HPOS="574" VPOS="482" WIDTH="23" HEIGHT="22" WC="0.96" CONTENT="af"/><SP WIDTH="21" VPOS="482" HPOS="597"/>
							<String ID="string_100" HPOS="618" VPOS="483" WIDTH="65" HEIGHT="21" WC="0.96" CONTENT="sådan"/><SP WIDTH="23" VPOS="483" HPOS="683"/>
							<String ID="string_101" HPOS="706" VPOS="482" WIDTH="89" HEIGHT="27" WC="0.96" CONTENT="svaghet"/><SP WIDTH="14" VPOS="482" HPOS="795"/>
							<String ID="string_102" HPOS="809" VPOS="482" WIDTH="7" HEIGHT="21" WC="0.93" CONTENT="i"/><SP WIDTH="15" VPOS="482" HPOS="816"/>
							<String ID="string_103" HPOS="831" VPOS="483" WIDTH="84" HEIGHT="26" WC="0.92" CONTENT="organi-"/>
						</TextLine>
						<TextLine ID="line_12" HPOS="97" VPOS="510" WIDTH="818" HEIGHT="27">
							<String ID="string_104" HPOS="97" VPOS="510" WIDTH="103" HEIGHT="27" WC="0.90" CONTENT="sationen,"/><SP WIDTH="16" VPOS="510" HPOS="200"/>
							<String ID="string_105" HPOS="216" VPOS="517" WIDTH="46" HEIGHT="14" WC="0.96" CONTENT="som"/><SP WIDTH="16" VPOS="517" HPOS="262"/>
							<String ID="string_106" HPOS="278" VPOS="511" WIDTH="25" HEIGHT="21" WC="0.96" CONTENT="då"/><SP WIDTH="16" VPOS="511" HPOS="303"/>
							<String ID="string_107" HPOS="319" VPOS="510" WIDTH="101" HEIGHT="27" WC="0.96" CONTENT="förekom,"/><SP WIDTH="11" VPOS="510" HPOS="420"/>
							<String ID="string_108" HPOS="431" VPOS="517" WIDTH="30" HEIGHT="15" WC="0.96" CONTENT="nu"/><SP WIDTH="10" VPOS="517" HPOS="461"/>
							<String ID="string_109" HPOS="471" VPOS="511" WIDTH="46" HEIGHT="21" WC="0.96" CONTENT="icke"/><SP WIDTH="10" VPOS="511" HPOS="517"/>
							<String ID="string_110" HPOS="527" VPOS="517" WIDTH="45" HEIGHT="15" WC="0.96" CONTENT="mer"/><SP WIDTH="11" VPOS="517" HPOS="572"/>
							<String ID="string_111" HPOS="583" VPOS="513" WIDTH="23" HEIGHT="19" WC="0.96" CONTENT="är"/><SP WIDTH="10" VPOS="513" HPOS="606"/>
							<String ID="string_112" HPOS="616" VPOS="511" WIDTH="78" HEIGHT="26" WC="0.93" CONTENT="möjlig."/><SP WIDTH="20" VPOS="511" HPOS="694"/>
							<String ID="string_113" HPOS="714" VPOS="511" WIDTH="47" HEIGHT="20" WC="0.93" CONTENT="Den"/><SP WIDTH="12" VPOS="511" HPOS="761"/>
							<String ID="string_114" HPOS="773" VPOS="511" WIDTH="142" HEIGHT="21" WC="0.91" CONTENT="Roschierska"/>
						</TextLine>
						<TextLine ID="line_13" HPOS="96" VPOS="539" WIDTH="818" HEIGHT="28">
							<String ID="string_115" HPOS="96" VPOS="539" WIDTH="101" HEIGHT="21" WC="0.96" CONTENT="balansen"/><SP WIDTH="16" VPOS="539" HPOS="197"/>
							<String ID="string_116" HPOS="213" VPOS="539" WIDTH="7" HEIGHT="21" WC="0.96" CONTENT="i"/><SP WIDTH="15" VPOS="539" HPOS="220"/>
							<String ID="string_117" HPOS="235" VPOS="539" WIDTH="71" HEIGHT="21" WC="0.95" CONTENT="Kotka"/><SP WIDTH="15" VPOS="539" HPOS="306"/>
							<String ID="string_118" HPOS="321" VPOS="539" WIDTH="94" HEIGHT="28" WC="0.96" CONTENT="återigen"/><SP WIDTH="15" VPOS="539" HPOS="415"/>
							<String ID="string_119" HPOS="430" VPOS="539" WIDTH="40" HEIGHT="21" WC="0.96" CONTENT="har"/><SP WIDTH="14" VPOS="539" HPOS="470"/>
							<String ID="string_120" HPOS="484" VPOS="539" WIDTH="47" HEIGHT="22" WC="0.96" CONTENT="utaf"/><SP WIDTH="13" VPOS="539" HPOS="531"/>
							<String ID="string_121" HPOS="544" VPOS="540" WIDTH="105" HEIGHT="21" WC="0.96" CONTENT="utskottet"/><SP WIDTH="14" VPOS="540" HPOS="649"/>
							<String ID="string_122" HPOS="663" VPOS="539" WIDTH="45" HEIGHT="22" WC="0.96" CONTENT="icke"/><SP WIDTH="10" VPOS="539" HPOS="708"/>
							<String ID="string_123" HPOS="718" VPOS="539" WIDTH="40" HEIGHT="22" WC="0.96" CONTENT="alls"/><SP WIDTH="11" VPOS="539" HPOS="758"/>
							<String ID="string_124" HPOS="769" VPOS="539" WIDTH="82" HEIGHT="21" WC="0.96" CONTENT="berörts"/><SP WIDTH="12" VPOS="539" HPOS="851"/>
							<String ID="string_125" HPOS="863" VPOS="541" WIDTH="51" HEIGHT="19" WC="0.96" CONTENT="utan"/>
						</TextLine>
						<TextLine ID="line_14" HPOS="95" VPOS="565" WIDTH="822" HEIGHT="30">
							<String ID="string_126" HPOS="95" VPOS="567" WIDTH="76" HEIGHT="22" WC="0.93" CONTENT="endast"/><SP WIDTH="20" VPOS="567" HPOS="171"/>
							<String ID="string_127" HPOS="191" VPOS="568" WIDTH="87" HEIGHT="26" WC="0.91" CONTENT="antydts"/><SP WIDTH="15" VPOS="568" HPOS="278"/>
							<String ID="string_128" HPOS="293" VPOS="567" WIDTH="23" HEIGHT="22" WC="0.96" CONTENT="af"/><SP WIDTH="13" VPOS="567" HPOS="316"/>
							<String ID="string_129" HPOS="329" VPOS="568" WIDTH="69" HEIGHT="25" WC="0.96" CONTENT="orsak,"/><SP WIDTH="15" VPOS="568" HPOS="398"/>
							<String ID="string_130" HPOS="413" VPOS="570" WIDTH="32" HEIGHT="19" WC="0.96" CONTENT="att"/><SP WIDTH="15" VPOS="570" HPOS="445"/>
							<String ID="string_131" HPOS="460" VPOS="568" WIDTH="123" HEIGHT="21" WC="0.96" CONTENT="densamma"/><SP WIDTH="15" VPOS="568" HPOS="583"/>
							<String ID="string_132" HPOS="598" VPOS="568" WIDTH="92" HEIGHT="27" WC="0.96" CONTENT="uppgick"/><SP WIDTH="15" VPOS="568" HPOS="690"/>
							<String ID="string_133" HPOS="705" VPOS="568" WIDTH="31" HEIGHT="21" WC="0.96" CONTENT="till"/><SP WIDTH="16" VPOS="568" HPOS="736"/>
							<String ID="string_134" HPOS="752" VPOS="574" WIDTH="26" HEIGHT="15" WC="0.96" CONTENT="en"/><SP WIDTH="17" VPOS="574" HPOS="778"/>
							<String ID="string_135" HPOS="795" VPOS="573" WIDTH="83" HEIGHT="16" WC="0.96" CONTENT="summa"/><SP WIDTH="15" VPOS="573" HPOS="878"/>
							<String ID="string_136" HPOS="893" VPOS="565" WIDTH="24" HEIGHT="24" WC="0.96" CONTENT="af"/>
						</TextLine>
						<TextLine ID="line_15" HPOS="96" VPOS="596" WIDTH="819" HEIGHT="27">
							<String ID="string_137" HPOS="96" VPOS="596" WIDTH="75" HEIGHT="21" WC="0.96" CONTENT="endast"/><SP WIDTH="22" VPOS="596" HPOS="171"/>
							<String ID="string_138" HPOS="193" VPOS="596" WIDTH="100" HEIGHT="27" WC="0.95" CONTENT="omkring"/><SP WIDTH="21" VPOS="596" HPOS="293"/>
							<String ID="string_139" HPOS="314" VPOS="596" WIDTH="43" HEIGHT="21" WC="0.95" CONTENT="500"/><SP WIDTH="17" VPOS="596" HPOS="357"/>
							<String ID="string_140" HPOS="374" VPOS="596" WIDTH="60" HEIGHT="21" WC="0.96" CONTENT="mark"/><SP WIDTH="22" VPOS="596" HPOS="434"/>
							<String ID="string_141" HPOS="456" VPOS="597" WIDTH="39" HEIGHT="21" WC="0.96" CONTENT="och"/><SP WIDTH="15" VPOS="597" HPOS="495"/>
							<String ID="string_142" HPOS="510" VPOS="600" WIDTH="31" HEIGHT="18" WC="0.96" CONTENT="att"/><SP WIDTH="15" VPOS="600" HPOS="541"/>
							<String ID="string_143" HPOS="556" VPOS="597" WIDTH="40" HEIGHT="21" WC="0.96" CONTENT="den"/><SP WIDTH="16" VPOS="597" HPOS="596"/>
							<String ID="string_144" HPOS="612" VPOS="597" WIDTH="141" HEIGHT="26" WC="0.96" CONTENT="uttryckligen"/><SP WIDTH="16" VPOS="597" HPOS="753"/>
							<String ID="string_145" HPOS="769" VPOS="596" WIDTH="22" HEIGHT="21" WC="0.96" CONTENT="af"/><SP WIDTH="12" VPOS="596" HPOS="791"/>
							<String ID="string_146" HPOS="803" VPOS="596" WIDTH="112" HEIGHT="22" WC="0.96" CONTENT="kontorets"/>
						</TextLine>
						<TextLine ID="line_16" HPOS="97" VPOS="625" WIDTH="817" HEIGHT="27">
							<String ID="string_147" HPOS="97" VPOS="625" WIDTH="89" HEIGHT="26" WC="0.96" CONTENT="styrelse"/><SP WIDTH="22" VPOS="625" HPOS="186"/>
							<String ID="string_148" HPOS="208" VPOS="625" WIDTH="130" HEIGHT="22" WC="0.96" CONTENT="förklarades"/><SP WIDTH="22" VPOS="625" HPOS="338"/>
							<String ID="string_149" HPOS="360" VPOS="625" WIDTH="48" HEIGHT="21" WC="0.96" CONTENT="med"/><SP WIDTH="16" VPOS="625" HPOS="408"/>
							<String ID="string_150" HPOS="424" VPOS="625" WIDTH="99" HEIGHT="22" WC="0.96" CONTENT="säkerhet"/><SP WIDTH="14" VPOS="625" HPOS="523"/>
							<String ID="string_151" HPOS="537" VPOS="632" WIDTH="51" HEIGHT="15" WC="0.96" CONTENT="vara"/><SP WIDTH="14" VPOS="632" HPOS="588"/>
							<String ID="string_152" HPOS="602" VPOS="625" WIDTH="106" HEIGHT="22" WC="0.96" CONTENT="beroende"/><SP WIDTH="15" VPOS="625" HPOS="708"/>
							<String ID="string_153" HPOS="723" VPOS="625" WIDTH="27" HEIGHT="27" WC="0.96" CONTENT="på"/><SP WIDTH="15" VPOS="625" HPOS="750"/>
							<String ID="string_154" HPOS="765" VPOS="625" WIDTH="149" HEIGHT="26" WC="0.96" CONTENT="missräkning."/>
						</TextLine>
						<TextLine ID="line_17" HPOS="95" VPOS="653" WIDTH="820" HEIGHT="27">
							<String ID="string_155" HPOS="95" VPOS="653" WIDTH="11" HEIGHT="21" WC="0.93" CONTENT="I"/><SP WIDTH="15" VPOS="653" HPOS="106"/>
							<String ID="string_156" HPOS="121" VPOS="653" WIDTH="106" HEIGHT="21" WC="0.91" CONTENT="intetdera"/><SP WIDTH="15" VPOS="653" HPOS="227"/>
							<String ID="string_157" HPOS="242" VPOS="653" WIDTH="58" HEIGHT="21" WC="0.96" CONTENT="fallet"/><SP WIDTH="14" VPOS="653" HPOS="300"/>
							<String ID="string_158" HPOS="314" VPOS="653" WIDTH="41" HEIGHT="22" WC="0.96" CONTENT="kan"/><SP WIDTH="17" VPOS="653" HPOS="355"/>
							<String ID="string_159" HPOS="372" VPOS="654" WIDTH="35" HEIGHT="21" WC="0.96" CONTENT="det"/><SP WIDTH="14" VPOS="654" HPOS="407"/>
							<String ID="string_160" HPOS="421" VPOS="654" WIDTH="113" HEIGHT="26" WC="0.96" CONTENT="rimligtvis"/><SP WIDTH="15" VPOS="654" HPOS="534"/>
							<String ID="string_161" HPOS="549" VPOS="661" WIDTH="51" HEIGHT="15" WC="0.96" CONTENT="vara"/><SP WIDTH="12" VPOS="661" HPOS="600"/>
							<String ID="string_162" HPOS="612" VPOS="654" WIDTH="71" HEIGHT="26" WC="0.96" CONTENT="någon"/><SP WIDTH="10" VPOS="654" HPOS="683"/>
							<String ID="string_163" HPOS="693" VPOS="653" WIDTH="115" HEIGHT="27" WC="0.96" CONTENT="anledning"/><SP WIDTH="10" VPOS="653" HPOS="808"/>
							<String ID="string_164" HPOS="818" VPOS="655" WIDTH="31" HEIGHT="19" WC="0.96" CONTENT="att"/><SP WIDTH="10" VPOS="655" HPOS="849"/>
							<String ID="string_165" HPOS="859" VPOS="653" WIDTH="56" HEIGHT="21" WC="0.96" CONTENT="rikta"/>
						</TextLine>
						<TextLine ID="line_18" HPOS="96" VPOS="682" WIDTH="818" HEIGHT="28">
							<String ID="string_166" HPOS="96" VPOS="682" WIDTH="70" HEIGHT="27" WC="0.96" CONTENT="någon"/><SP WIDTH="24" VPOS="682" HPOS="166"/>
							<String ID="string_167" HPOS="190" VPOS="682" WIDTH="140" HEIGHT="28" WC="0.95" CONTENT="anmärkning"/><SP WIDTH="22" VPOS="682" HPOS="330"/>
							<String ID="string_168" HPOS="352" VPOS="682" WIDTH="32" HEIGHT="22" WC="0.96" CONTENT="för"/><SP WIDTH="23" VPOS="682" HPOS="384"/>
							<String ID="string_169" HPOS="407" VPOS="682" WIDTH="63" HEIGHT="22" WC="0.95" CONTENT="dessa"/><SP WIDTH="18" VPOS="682" HPOS="470"/>
							<String ID="string_170" HPOS="488" VPOS="682" WIDTH="112" HEIGHT="22" WC="0.96" CONTENT="händelser"/><SP WIDTH="14" VPOS="682" HPOS="600"/>
							<String ID="string_171" HPOS="614" VPOS="684" WIDTH="45" HEIGHT="19" WC="0.96" CONTENT="mot"/><SP WIDTH="15" VPOS="684" HPOS="659"/>
							<String ID="string_172" HPOS="674" VPOS="682" WIDTH="102" HEIGHT="22" WC="0.96" CONTENT="Finlands"/><SP WIDTH="15" VPOS="682" HPOS="776"/>
							<String ID="string_173" HPOS="791" VPOS="682" WIDTH="67" HEIGHT="22" WC="0.93" CONTENT="banks"/><SP WIDTH="15" VPOS="682" HPOS="858"/>
							<String ID="string_174" HPOS="873" VPOS="682" WIDTH="41" HEIGHT="21" WC="0.91" CONTENT="för-"/>
						</TextLine>
						<TextLine ID="line_19" HPOS="94" VPOS="710" WIDTH="822" HEIGHT="28">
							<String ID="string_175" HPOS="94" VPOS="710" WIDTH="101" HEIGHT="28" WC="0.91" CONTENT="valtning."/><SP WIDTH="13" VPOS="710" HPOS="195"/>
							<String ID="string_176" HPOS="208" VPOS="724" WIDTH="26" HEIGHT="2" WC="0.92" CONTENT="—"/><SP WIDTH="15" VPOS="724" HPOS="234"/>
							<String ID="string_177" HPOS="249" VPOS="710" WIDTH="179" HEIGHT="22" WC="0.89" CONTENT="Allvarsammare"/><SP WIDTH="13" VPOS="710" HPOS="428"/>
							<String ID="string_178" HPOS="441" VPOS="713" WIDTH="23" HEIGHT="19" WC="0.96" CONTENT="är"/><SP WIDTH="15" VPOS="713" HPOS="464"/>
							<String ID="string_179" HPOS="479" VPOS="712" WIDTH="27" HEIGHT="20" WC="0.96" CONTENT="då"/><SP WIDTH="14" VPOS="712" HPOS="506"/>
							<String ID="string_180" HPOS="520" VPOS="712" WIDTH="36" HEIGHT="21" WC="0.96" CONTENT="det"/><SP WIDTH="12" VPOS="712" HPOS="556"/>
							<String ID="string_181" HPOS="568" VPOS="710" WIDTH="79" HEIGHT="28" WC="0.96" CONTENT="häftiga"/><SP WIDTH="10" VPOS="710" HPOS="647"/>
							<String ID="string_182" HPOS="657" VPOS="710" WIDTH="66" HEIGHT="27" WC="0.94" CONTENT="utfall,"/><SP WIDTH="11" VPOS="710" HPOS="723"/>
							<String ID="string_183" HPOS="734" VPOS="717" WIDTH="46" HEIGHT="15" WC="0.96" CONTENT="som"/><SP WIDTH="11" VPOS="717" HPOS="780"/>
							<String ID="string_184" HPOS="791" VPOS="711" WIDTH="68" HEIGHT="27" WC="0.96" CONTENT="gjorts"/><SP WIDTH="11" VPOS="711" HPOS="859"/>
							<String ID="string_185" HPOS="870" VPOS="713" WIDTH="46" HEIGHT="19" WC="0.96" CONTENT="mot"/>
						</TextLine>
						<TextLine ID="line_20" HPOS="95" VPOS="739" WIDTH="819" HEIGHT="28">
							<String ID="string_186" HPOS="95" VPOS="740" WIDTH="102" HEIGHT="21" WC="0.96" CONTENT="Finlands"/><SP WIDTH="16" VPOS="740" HPOS="197"/>
							<String ID="string_187" HPOS="213" VPOS="740" WIDTH="67" HEIGHT="21" WC="0.96" CONTENT="banks"/><SP WIDTH="17" VPOS="740" HPOS="280"/>
							<String ID="string_188" HPOS="297" VPOS="739" WIDTH="89" HEIGHT="28" WC="0.96" CONTENT="styrelse"/><SP WIDTH="15" VPOS="739" HPOS="386"/>
							<String ID="string_189" HPOS="401" VPOS="740" WIDTH="27" HEIGHT="26" WC="0.96" CONTENT="på"/><SP WIDTH="16" VPOS="740" HPOS="428"/>
							<String ID="string_190" HPOS="444" VPOS="740" WIDTH="69" HEIGHT="26" WC="0.95" CONTENT="grund"/><SP WIDTH="10" VPOS="740" HPOS="513"/>
							<String ID="string_191" HPOS="523" VPOS="740" WIDTH="23" HEIGHT="22" WC="0.96" CONTENT="af"/><SP WIDTH="9" VPOS="740" HPOS="546"/>
							<String ID="string_192" HPOS="555" VPOS="740" WIDTH="94" HEIGHT="22" WC="0.96" CONTENT="bankens"/><SP WIDTH="10" VPOS="740" HPOS="649"/>
							<String ID="string_193" HPOS="659" VPOS="740" WIDTH="131" HEIGHT="21" WC="0.96" CONTENT="förhållande"/><SP WIDTH="11" VPOS="740" HPOS="790"/>
							<String ID="string_194" HPOS="801" VPOS="739" WIDTH="31" HEIGHT="22" WC="0.93" CONTENT="till"/><SP WIDTH="11" VPOS="739" HPOS="832"/>
							<String ID="string_195" HPOS="843" VPOS="746" WIDTH="71" HEIGHT="15" WC="0.90" CONTENT="maan-"/>
						</TextLine>
						<TextLine ID="line_21" HPOS="97" VPOS="768" WIDTH="817" HEIGHT="28">
							<String ID="string_196" HPOS="97" VPOS="768" WIDTH="167" HEIGHT="28" WC="0.91" CONTENT="viljelyspankki."/><SP WIDTH="29" VPOS="768" HPOS="264"/>
							<String ID="string_197" HPOS="293" VPOS="768" WIDTH="43" HEIGHT="28" WC="0.96" CONTENT="Jag"/><SP WIDTH="21" VPOS="768" HPOS="336"/>
							<String ID="string_198" HPOS="357" VPOS="768" WIDTH="41" HEIGHT="22" WC="0.95" CONTENT="kan"/><SP WIDTH="22" VPOS="768" HPOS="398"/>
							<String ID="string_199" HPOS="420" VPOS="769" WIDTH="45" HEIGHT="21" WC="0.95" CONTENT="icke"/><SP WIDTH="23" VPOS="769" HPOS="465"/>
							<String ID="string_200" HPOS="488" VPOS="768" WIDTH="110" HEIGHT="22" WC="0.96" CONTENT="underlåta"/><SP WIDTH="24" VPOS="768" HPOS="598"/>
							<String ID="string_201" HPOS="622" VPOS="771" WIDTH="31" HEIGHT="19" WC="0.96" CONTENT="att"/><SP WIDTH="15" VPOS="771" HPOS="653"/>
							<String ID="string_202" HPOS="668" VPOS="768" WIDTH="73" HEIGHT="22" WC="0.96" CONTENT="därvid"/><SP WIDTH="17" VPOS="768" HPOS="741"/>
							<String ID="string_203" HPOS="758" VPOS="770" WIDTH="55" HEIGHT="20" WC="0.96" CONTENT="sätta"/><SP WIDTH="15" VPOS="770" HPOS="813"/>
							<String ID="string_204" HPOS="828" VPOS="768" WIDTH="7" HEIGHT="21" WC="0.96" CONTENT="i"/><SP WIDTH="14" VPOS="768" HPOS="835"/>
							<String ID="string_205" HPOS="849" VPOS="768" WIDTH="65" HEIGHT="26" WC="0.96" CONTENT="fråga,"/>
						</TextLine>
						<TextLine ID="line_22" HPOS="96" VPOS="796" WIDTH="819" HEIGHT="28">
							<String ID="string_206" HPOS="96" VPOS="803" WIDTH="34" HEIGHT="15" WC="0.96" CONTENT="om"/><SP WIDTH="24" VPOS="803" HPOS="130"/>
							<String ID="string_207" HPOS="154" VPOS="797" WIDTH="45" HEIGHT="21" WC="0.96" CONTENT="icke"/><SP WIDTH="24" VPOS="797" HPOS="199"/>
							<String ID="string_208" HPOS="223" VPOS="797" WIDTH="40" HEIGHT="21" WC="0.96" CONTENT="den"/><SP WIDTH="23" VPOS="797" HPOS="263"/>
							<String ID="string_209" HPOS="286" VPOS="796" WIDTH="143" HEIGHT="28" WC="0.95" CONTENT="uppfattning,"/><SP WIDTH="16" VPOS="796" HPOS="429"/>
							<String ID="string_210" HPOS="445" VPOS="804" WIDTH="46" HEIGHT="14" WC="0.96" CONTENT="som"/><SP WIDTH="15" VPOS="804" HPOS="491"/>
							<String ID="string_211" HPOS="506" VPOS="798" WIDTH="8" HEIGHT="20" WC="0.96" CONTENT="i"/><SP WIDTH="15" VPOS="798" HPOS="514"/>
							<String ID="string_212" HPOS="529" VPOS="798" WIDTH="63" HEIGHT="21" WC="0.96" CONTENT="dessa"/><SP WIDTH="14" VPOS="798" HPOS="592"/>
							<String ID="string_213" HPOS="606" VPOS="797" WIDTH="165" HEIGHT="27" WC="0.96" CONTENT="anmärkningar"/><SP WIDTH="15" VPOS="797" HPOS="771"/>
							<String ID="string_214" HPOS="786" VPOS="797" WIDTH="69" HEIGHT="27" WC="0.93" CONTENT="gjorts"/><SP WIDTH="16" VPOS="797" HPOS="855"/>
							<String ID="string_215" HPOS="871" VPOS="797" WIDTH="44" HEIGHT="27" WC="0.90" CONTENT="gäl-"/>
						</TextLine>
						<TextLine ID="line_23" HPOS="94" VPOS="825" WIDTH="821" HEIGHT="27">
							<String ID="string_216" HPOS="94" VPOS="825" WIDTH="69" HEIGHT="26" WC="0.93" CONTENT="lande,"/><SP WIDTH="23" VPOS="825" HPOS="163"/>
							<String ID="string_217" HPOS="186" VPOS="826" WIDTH="105" HEIGHT="21" WC="0.91" CONTENT="törhända"/><SP WIDTH="18" VPOS="826" HPOS="291"/>
							<String ID="string_218" HPOS="309" VPOS="826" WIDTH="63" HEIGHT="21" WC="0.96" CONTENT="beror"/><SP WIDTH="19" VPOS="826" HPOS="372"/>
							<String ID="string_219" HPOS="391" VPOS="826" WIDTH="27" HEIGHT="26" WC="0.96" CONTENT="på"/><SP WIDTH="15" VPOS="826" HPOS="418"/>
							<String ID="string_220" HPOS="433" VPOS="828" WIDTH="32" HEIGHT="19" WC="0.95" CONTENT="ett"/><SP WIDTH="14" VPOS="828" HPOS="465"/>
							<String ID="string_221" HPOS="479" VPOS="826" WIDTH="133" HEIGHT="22" WC="0.96" CONTENT="förbiseende"/><SP WIDTH="15" VPOS="826" HPOS="612"/>
							<String ID="string_222" HPOS="627" VPOS="825" WIDTH="22" HEIGHT="22" WC="0.95" CONTENT="af"/><SP WIDTH="13" VPOS="825" HPOS="649"/>
							<String ID="string_223" HPOS="662" VPOS="826" WIDTH="101" HEIGHT="21" WC="0.96" CONTENT="Finlands"/><SP WIDTH="15" VPOS="826" HPOS="763"/>
							<String ID="string_224" HPOS="778" VPOS="826" WIDTH="67" HEIGHT="21" WC="0.92" CONTENT="banks"/><SP WIDTH="17" VPOS="826" HPOS="845"/>
							<String ID="string_225" HPOS="862" VPOS="831" WIDTH="53" HEIGHT="21" WC="0.92" CONTENT="upp-"/>
						</TextLine>
						<TextLine ID="line_24" HPOS="95" VPOS="854" WIDTH="820" HEIGHT="28">
							<String ID="string_226" HPOS="95" VPOS="854" WIDTH="39" HEIGHT="26" WC="0.95" CONTENT="gift"/><SP WIDTH="23" VPOS="854" HPOS="134"/>
							<String ID="string_227" HPOS="157" VPOS="854" WIDTH="72" HEIGHT="22" WC="0.93" CONTENT="såsom"/><SP WIDTH="26" VPOS="854" HPOS="229"/>
							<String ID="string_228" HPOS="255" VPOS="854" WIDTH="116" HEIGHT="26" WC="0.90" CONTENT="statsbank,"/><SP WIDTH="21" VPOS="854" HPOS="371"/>
							<String ID="string_229" HPOS="392" VPOS="855" WIDTH="71" HEIGHT="21" WC="0.96" CONTENT="såsom"/><SP WIDTH="23" VPOS="855" HPOS="463"/>
							<String ID="string_230" HPOS="486" VPOS="854" WIDTH="118" HEIGHT="28" WC="0.96" CONTENT="utgörande"/><SP WIDTH="19" VPOS="854" HPOS="604"/>
							<String ID="string_231" HPOS="623" VPOS="854" WIDTH="36" HEIGHT="22" WC="0.96" CONTENT="det"/><SP WIDTH="22" VPOS="854" HPOS="659"/>
							<String ID="string_232" HPOS="681" VPOS="860" WIDTH="71" HEIGHT="21" WC="0.95" CONTENT="organ,"/><SP WIDTH="16" VPOS="860" HPOS="752"/>
							<String ID="string_233" HPOS="768" VPOS="860" WIDTH="46" HEIGHT="16" WC="0.96" CONTENT="som"/><SP WIDTH="17" VPOS="860" HPOS="814"/>
							<String ID="string_234" HPOS="831" VPOS="854" WIDTH="37" HEIGHT="22" WC="0.96" CONTENT="har"/><SP WIDTH="15" VPOS="854" HPOS="868"/>
							<String ID="string_235" HPOS="883" VPOS="856" WIDTH="32" HEIGHT="19" WC="0.96" CONTENT="att"/>
						</TextLine>
						<TextLine ID="line_25" HPOS="95" VPOS="882" WIDTH="820" HEIGHT="29">
							<String ID="string_236" HPOS="95" VPOS="883" WIDTH="144" HEIGHT="27" WC="0.96" CONTENT="upprätthålla"/><SP WIDTH="22" VPOS="883" HPOS="239"/>
							<String ID="string_237" HPOS="261" VPOS="883" WIDTH="76" HEIGHT="28" WC="0.96" CONTENT="stadga"/><SP WIDTH="20" VPOS="883" HPOS="337"/>
							<String ID="string_238" HPOS="357" VPOS="882" WIDTH="39" HEIGHT="23" WC="0.96" CONTENT="och"/><SP WIDTH="16" VPOS="882" HPOS="396"/>
							<String ID="string_239" HPOS="412" VPOS="883" WIDTH="98" HEIGHT="22" WC="0.96" CONTENT="säkerhet"/><SP WIDTH="14" VPOS="883" HPOS="510"/>
							<String ID="string_240" HPOS="524" VPOS="884" WIDTH="6" HEIGHT="21" WC="0.96" CONTENT="i"/><SP WIDTH="16" VPOS="884" HPOS="530"/>
							<String ID="string_241" HPOS="546" VPOS="882" WIDTH="83" HEIGHT="23" WC="0.92" CONTENT="landets"/><SP WIDTH="15" VPOS="882" HPOS="629"/>
							<String ID="string_242" HPOS="644" VPOS="883" WIDTH="200" HEIGHT="28" WC="0.90" CONTENT="penningeväsende"/><SP WIDTH="15" VPOS="883" HPOS="844"/>
							<String ID="string_243" HPOS="859" VPOS="886" WIDTH="56" HEIGHT="19" WC="0.96" CONTENT="samt"/>
						</TextLine>
						<TextLine ID="line_26" HPOS="95" VPOS="911" WIDTH="820" HEIGHT="29">
							<String ID="string_244" HPOS="95" VPOS="914" WIDTH="31" HEIGHT="19" WC="0.95" CONTENT="att"/><SP WIDTH="24" VPOS="914" HPOS="126"/>
							<String ID="string_245" HPOS="150" VPOS="911" WIDTH="98" HEIGHT="22" WC="0.96" CONTENT="befordra"/><SP WIDTH="23" VPOS="911" HPOS="248"/>
							<String ID="string_246" HPOS="271" VPOS="912" WIDTH="40" HEIGHT="21" WC="0.96" CONTENT="och"/><SP WIDTH="18" VPOS="912" HPOS="311"/>
							<String ID="string_247" HPOS="329" VPOS="912" WIDTH="121" HEIGHT="21" WC="0.93" CONTENT="underlätta"/><SP WIDTH="17" VPOS="912" HPOS="450"/>
							<String ID="string_248" HPOS="467" VPOS="913" WIDTH="264" HEIGHT="27" WC="0.92" CONTENT="penningeomsättningen"/><SP WIDTH="15" VPOS="913" HPOS="731"/>
							<String ID="string_249" HPOS="746" VPOS="913" WIDTH="7" HEIGHT="20" WC="0.93" CONTENT="i"/><SP WIDTH="12" VPOS="913" HPOS="753"/>
							<String ID="string_250" HPOS="765" VPOS="912" WIDTH="77" HEIGHT="21" WC="0.93" CONTENT="landet."/><SP WIDTH="30" VPOS="912" HPOS="842"/>
							<String ID="string_251" HPOS="872" VPOS="912" WIDTH="43" HEIGHT="21" WC="0.95" CONTENT="Det"/>
						</TextLine>
						<TextLine ID="line_27" HPOS="95" VPOS="940" WIDTH="819" HEIGHT="29">
							<String ID="string_252" HPOS="95" VPOS="942" WIDTH="23" HEIGHT="20" WC="0.96" CONTENT="är"/><SP WIDTH="16" VPOS="942" HPOS="118"/>
							<String ID="string_253" HPOS="134" VPOS="941" WIDTH="54" HEIGHT="21" WC="0.95" CONTENT="dock"/><SP WIDTH="15" VPOS="941" HPOS="188"/>
							<String ID="string_254" HPOS="203" VPOS="941" WIDTH="88" HEIGHT="21" WC="0.93" CONTENT="alldeles"/><SP WIDTH="16" VPOS="941" HPOS="291"/>
							<String ID="string_255" HPOS="307" VPOS="940" WIDTH="70" HEIGHT="29" WC="0.91" CONTENT="gifvet,"/><SP WIDTH="16" VPOS="940" HPOS="377"/>
							<String ID="string_256" HPOS="393" VPOS="944" WIDTH="31" HEIGHT="19" WC="0.96" CONTENT="att"/><SP WIDTH="12" VPOS="944" HPOS="424"/>
							<String ID="string_257" HPOS="436" VPOS="941" WIDTH="47" HEIGHT="27" WC="0.96" CONTENT="just"/><SP WIDTH="15" VPOS="941" HPOS="483"/>
							<String ID="string_258" HPOS="498" VPOS="941" WIDTH="67" HEIGHT="22" WC="0.96" CONTENT="under"/><SP WIDTH="16" VPOS="941" HPOS="565"/>
							<String ID="string_259" HPOS="581" VPOS="941" WIDTH="80" HEIGHT="22" WC="0.96" CONTENT="sådana"/><SP WIDTH="15" VPOS="941" HPOS="661"/>
							<String ID="string_260" HPOS="676" VPOS="941" WIDTH="54" HEIGHT="22" WC="0.96" CONTENT="tider"/><SP WIDTH="15" VPOS="941" HPOS="730"/>
							<String ID="string_261" HPOS="745" VPOS="947" WIDTH="47" HEIGHT="16" WC="0.96" CONTENT="som"/><SP WIDTH="11" VPOS="947" HPOS="792"/>
							<String ID="string_262" HPOS="803" VPOS="941" WIDTH="32" HEIGHT="26" WC="0.96" CONTENT="de,"/><SP WIDTH="11" VPOS="941" HPOS="835"/>
							<String ID="string_263" HPOS="846" VPOS="941" WIDTH="68" HEIGHT="22" WC="0.95" CONTENT="under"/>
						</TextLine>
						<TextLine ID="line_28" HPOS="93" VPOS="969" WIDTH="820" HEIGHT="28">
							<String ID="string_264" HPOS="93" VPOS="969" WIDTH="82" HEIGHT="22" WC="0.96" CONTENT="hvilkas"/><SP WIDTH="23" VPOS="969" HPOS="175"/>
							<String ID="string_265" HPOS="198" VPOS="969" WIDTH="60" HEIGHT="28" WC="0.93" CONTENT="tryck"/><SP WIDTH="23" VPOS="969" HPOS="258"/>
							<String ID="string_266" HPOS="281" VPOS="969" WIDTH="224" HEIGHT="28" WC="0.91" CONTENT="maanviljelyspankki"/><SP WIDTH="25" VPOS="969" HPOS="505"/>
							<String ID="string_267" HPOS="530" VPOS="970" WIDTH="47" HEIGHT="27" WC="0.90" CONTENT="gick"/><SP WIDTH="18" VPOS="970" HPOS="577"/>
							<String ID="string_268" HPOS="595" VPOS="971" WIDTH="32" HEIGHT="21" WC="0.95" CONTENT="sin"/><SP WIDTH="26" VPOS="971" HPOS="627"/>
							<String ID="string_269" HPOS="653" VPOS="970" WIDTH="125" HEIGHT="27" WC="0.88" CONTENT="undergång"/><SP WIDTH="14" VPOS="970" HPOS="778"/>
							<String ID="string_270" HPOS="792" VPOS="970" WIDTH="32" HEIGHT="21" WC="0.96" CONTENT="till"/><SP WIDTH="15" VPOS="970" HPOS="824"/>
							<String ID="string_271" HPOS="839" VPOS="971" WIDTH="74" HEIGHT="25" WC="0.96" CONTENT="mötes,"/>
						</TextLine>
						<TextLine ID="line_29" HPOS="95" VPOS="998" WIDTH="819" HEIGHT="29">
							<String ID="string_272" HPOS="95" VPOS="998" WIDTH="36" HEIGHT="22" WC="0.96" CONTENT="det"/><SP WIDTH="14" VPOS="998" HPOS="131"/>
							<String ID="string_273" HPOS="145" VPOS="999" WIDTH="71" HEIGHT="21" WC="0.96" CONTENT="träder"/><SP WIDTH="15" VPOS="999" HPOS="216"/>
							<String ID="string_274" HPOS="231" VPOS="999" WIDTH="7" HEIGHT="20" WC="0.96" CONTENT="i"/><SP WIDTH="16" VPOS="999" HPOS="238"/>
							<String ID="string_275" HPOS="254" VPOS="999" WIDTH="73" HEIGHT="26" WC="0.96" CONTENT="dagen,"/><SP WIDTH="10" VPOS="999" HPOS="327"/>
							<String ID="string_276" HPOS="337" VPOS="998" WIDTH="106" HEIGHT="22" WC="0.96" CONTENT="huruvida"/><SP WIDTH="14" VPOS="998" HPOS="443"/>
							<String ID="string_277" HPOS="457" VPOS="999" WIDTH="95" HEIGHT="22" WC="0.96" CONTENT="bankens"/><SP WIDTH="16" VPOS="999" HPOS="552"/>
							<String ID="string_278" HPOS="568" VPOS="999" WIDTH="89" HEIGHT="28" WC="0.96" CONTENT="styrelse"/><SP WIDTH="15" VPOS="999" HPOS="657"/>
							<String ID="string_279" HPOS="672" VPOS="999" WIDTH="45" HEIGHT="21" WC="0.96" CONTENT="haft"/><SP WIDTH="14" VPOS="999" HPOS="717"/>
							<String ID="string_280" HPOS="731" VPOS="1005" WIDTH="27" HEIGHT="15" WC="0.96" CONTENT="en"/><SP WIDTH="10" VPOS="1005" HPOS="758"/>
							<String ID="string_281" HPOS="768" VPOS="1000" WIDTH="43" HEIGHT="20" WC="0.93" CONTENT="rätt"/><SP WIDTH="10" VPOS="1000" HPOS="811"/>
							<String ID="string_282" HPOS="821" VPOS="998" WIDTH="93" HEIGHT="28" WC="0.91" CONTENT="uppfatt-"/>
						</TextLine>
						<TextLine ID="line_30" HPOS="94" VPOS="1027" WIDTH="819" HEIGHT="29">
							<String ID="string_283" HPOS="94" VPOS="1028" WIDTH="53" HEIGHT="27" WC="0.96" CONTENT="ning"/><SP WIDTH="18" VPOS="1028" HPOS="147"/>
							<String ID="string_284" HPOS="165" VPOS="1027" WIDTH="23" HEIGHT="22" WC="0.96" CONTENT="af"/><SP WIDTH="20" VPOS="1027" HPOS="188"/>
							<String ID="string_285" HPOS="208" VPOS="1028" WIDTH="55" HEIGHT="21" WC="0.96" CONTENT="hvad"/><SP WIDTH="18" VPOS="1028" HPOS="263"/>
							<String ID="string_286" HPOS="281" VPOS="1028" WIDTH="58" HEIGHT="21" WC="0.96" CONTENT="detta"/><SP WIDTH="15" VPOS="1028" HPOS="339"/>
							<String ID="string_287" HPOS="354" VPOS="1028" WIDTH="117" HEIGHT="27" WC="0.96" CONTENT="stadgande"/><SP WIDTH="15" VPOS="1028" HPOS="471"/>
							<String ID="string_288" HPOS="486" VPOS="1028" WIDTH="7" HEIGHT="21" WC="0.93" CONTENT="i"/><SP WIDTH="15" VPOS="1028" HPOS="493"/>
							<String ID="string_289" HPOS="508" VPOS="1028" WIDTH="11" HEIGHT="28" WC="0.86" CONTENT="&amp;"/><SP WIDTH="16" VPOS="1028" HPOS="519"/>
							<String ID="string_290" HPOS="535" VPOS="1029" WIDTH="11" HEIGHT="20" WC="0.96" CONTENT="1"/><SP WIDTH="16" VPOS="1029" HPOS="546"/>
							<String ID="string_291" HPOS="562" VPOS="1027" WIDTH="23" HEIGHT="22" WC="0.96" CONTENT="af"/><SP WIDTH="13" VPOS="1027" HPOS="585"/>
							<String ID="string_292" HPOS="598" VPOS="1028" WIDTH="95" HEIGHT="21" WC="0.96" CONTENT="bankens"/><SP WIDTH="14" VPOS="1028" HPOS="693"/>
							<String ID="string_293" HPOS="707" VPOS="1027" WIDTH="130" HEIGHT="28" WC="0.93" CONTENT="reglemente"/><SP WIDTH="15" VPOS="1027" HPOS="837"/>
							<String ID="string_294" HPOS="852" VPOS="1027" WIDTH="61" HEIGHT="22" WC="0.92" CONTENT="värk-"/>
						</TextLine>
						<TextLine ID="line_31" HPOS="94" VPOS="1056" WIDTH="820" HEIGHT="28">
							<String ID="string_295" HPOS="94" VPOS="1056" WIDTH="57" HEIGHT="27" WC="0.96" CONTENT="ligen"/><SP WIDTH="23" VPOS="1056" HPOS="151"/>
							<String ID="string_296" HPOS="174" VPOS="1056" WIDTH="85" HEIGHT="28" WC="0.96" CONTENT="åsyftar."/><SP WIDTH="30" VPOS="1056" HPOS="259"/>
							<String ID="string_297" HPOS="289" VPOS="1056" WIDTH="43" HEIGHT="21" WC="0.96" CONTENT="Det"/><SP WIDTH="21" VPOS="1056" HPOS="332"/>
							<String ID="string_298" HPOS="353" VPOS="1057" WIDTH="68" HEIGHT="21" WC="0.96" CONTENT="måste"/><SP WIDTH="14" VPOS="1057" HPOS="421"/>
							<String ID="string_299" HPOS="435" VPOS="1056" WIDTH="75" HEIGHT="22" WC="0.95" CONTENT="härvid"/><SP WIDTH="14" VPOS="1056" HPOS="510"/>
							<String ID="string_300" HPOS="524" VPOS="1056" WIDTH="55" HEIGHT="23" WC="0.96" CONTENT="först"/><SP WIDTH="15" VPOS="1056" HPOS="579"/>
							<String ID="string_301" HPOS="594" VPOS="1057" WIDTH="131" HEIGHT="21" WC="0.96" CONTENT="observeras,"/><SP WIDTH="16" VPOS="1057" HPOS="725"/>
							<String ID="string_302" HPOS="741" VPOS="1057" WIDTH="69" HEIGHT="21" WC="0.96" CONTENT="såsom"/><SP WIDTH="17" VPOS="1057" HPOS="810"/>
							<String ID="string_303" HPOS="827" VPOS="1057" WIDTH="65" HEIGHT="21" WC="0.96" CONTENT="redan"/><SP WIDTH="15" VPOS="1057" HPOS="892"/>
							<String ID="string_304" HPOS="907" VPOS="1056" WIDTH="7" HEIGHT="26" WC="0.96" CONTENT="i"/>
						</TextLine>
						<TextLine ID="line_32" HPOS="94" VPOS="1085" WIDTH="819" HEIGHT="27">
							<String ID="string_305" HPOS="94" VPOS="1085" WIDTH="56" HEIGHT="21" WC="0.95" CONTENT="kväll"/><SP WIDTH="24" VPOS="1085" HPOS="150"/>
							<String ID="string_306" HPOS="174" VPOS="1085" WIDTH="109" HEIGHT="27" WC="0.96" CONTENT="påpekats,"/><SP WIDTH="19" VPOS="1085" HPOS="283"/>
							<String ID="string_307" HPOS="302" VPOS="1087" WIDTH="31" HEIGHT="19" WC="0.96" CONTENT="att"/><SP WIDTH="21" VPOS="1087" HPOS="333"/>
							<String ID="string_308" HPOS="354" VPOS="1085" WIDTH="36" HEIGHT="21" WC="0.93" CONTENT="det"/><SP WIDTH="21" VPOS="1085" HPOS="390"/>
							<String ID="string_309" HPOS="411" VPOS="1085" WIDTH="206" HEIGHT="26" WC="0.90" CONTENT="kreditförhållande,"/><SP WIDTH="20" VPOS="1085" HPOS="617"/>
							<String ID="string_310" HPOS="637" VPOS="1091" WIDTH="46" HEIGHT="15" WC="0.96" CONTENT="som"/><SP WIDTH="21" VPOS="1091" HPOS="683"/>
							<String ID="string_311" HPOS="704" VPOS="1085" WIDTH="117" HEIGHT="26" WC="0.95" CONTENT="existerade"/><SP WIDTH="16" VPOS="1085" HPOS="821"/>
							<String ID="string_312" HPOS="837" VPOS="1085" WIDTH="76" HEIGHT="22" WC="0.96" CONTENT="mellan"/>
						</TextLine>
						<TextLine ID="line_33" HPOS="95" VPOS="1113" WIDTH="818" HEIGHT="27">
							<String ID="string_313" HPOS="95" VPOS="1113" WIDTH="224" HEIGHT="27" WC="0.90" CONTENT="maanviljelyspankki"/><SP WIDTH="28" VPOS="1113" HPOS="319"/>
							<String ID="string_314" HPOS="347" VPOS="1113" WIDTH="39" HEIGHT="22" WC="0.96" CONTENT="och"/><SP WIDTH="22" VPOS="1113" HPOS="386"/>
							<String ID="string_315" HPOS="408" VPOS="1114" WIDTH="102" HEIGHT="21" WC="0.96" CONTENT="Finlands"/><SP WIDTH="15" VPOS="1114" HPOS="510"/>
							<String ID="string_316" HPOS="525" VPOS="1114" WIDTH="61" HEIGHT="26" WC="0.96" CONTENT="bank,"/><SP WIDTH="20" VPOS="1114" HPOS="586"/>
							<String ID="string_317" HPOS="606" VPOS="1113" WIDTH="115" HEIGHT="27" WC="0.96" CONTENT="ingalunda"/><SP WIDTH="24" VPOS="1113" HPOS="721"/>
							<String ID="string_318" HPOS="745" VPOS="1113" WIDTH="88" HEIGHT="23" WC="0.96" CONTENT="innebar"/><SP WIDTH="14" VPOS="1113" HPOS="833"/>
							<String ID="string_319" HPOS="847" VPOS="1114" WIDTH="66" HEIGHT="26" WC="0.96" CONTENT="något"/>
						</TextLine>
						<TextLine ID="line_34" HPOS="94" VPOS="1141" WIDTH="819" HEIGHT="28">
							<String ID="string_320" HPOS="94" VPOS="1148" WIDTH="47" HEIGHT="14" WC="0.93" CONTENT="som"/><SP WIDTH="15" VPOS="1148" HPOS="141"/>
							<String ID="string_321" HPOS="156" VPOS="1142" WIDTH="57" HEIGHT="21" WC="0.93" CONTENT="hälst"/><SP WIDTH="14" VPOS="1142" HPOS="213"/>
							<String ID="string_322" HPOS="227" VPOS="1142" WIDTH="99" HEIGHT="22" WC="0.95" CONTENT="abnormt"/><SP WIDTH="15" VPOS="1142" HPOS="326"/>
							<String ID="string_323" HPOS="341" VPOS="1141" WIDTH="47" HEIGHT="22" WC="0.96" CONTENT="från"/><SP WIDTH="11" VPOS="1141" HPOS="388"/>
							<String ID="string_324" HPOS="399" VPOS="1142" WIDTH="149" HEIGHT="27" WC="0.93" CONTENT="begynnelsen."/><SP WIDTH="22" VPOS="1142" HPOS="548"/>
							<String ID="string_325" HPOS="570" VPOS="1142" WIDTH="33" HEIGHT="21" WC="0.93" CONTENT="Hr"/><SP WIDTH="13" VPOS="1142" HPOS="603"/>
							<String ID="string_326" HPOS="616" VPOS="1141" WIDTH="77" HEIGHT="28" WC="0.93" CONTENT="Hynén"/><SP WIDTH="10" VPOS="1141" HPOS="693"/>
							<String ID="string_327" HPOS="703" VPOS="1142" WIDTH="94" HEIGHT="27" WC="0.96" CONTENT="påpekar"/><SP WIDTH="10" VPOS="1142" HPOS="797"/>
							<String ID="string_328" HPOS="807" VPOS="1142" WIDTH="106" HEIGHT="25" WC="0.96" CONTENT="särskildt,"/>
						</TextLine>
						<TextLine ID="line_35" HPOS="94" VPOS="1170" WIDTH="820" HEIGHT="27">
							<String ID="string_329" HPOS="94" VPOS="1172" WIDTH="31" HEIGHT="19" WC="0.93" CONTENT="att"/><SP WIDTH="23" VPOS="1172" HPOS="125"/>
							<String ID="string_330" HPOS="148" VPOS="1170" WIDTH="157" HEIGHT="27" WC="0.90" CONTENT="kredittagaren"/><SP WIDTH="19" VPOS="1170" HPOS="305"/>
							<String ID="string_331" HPOS="324" VPOS="1170" WIDTH="6" HEIGHT="21" WC="0.96" CONTENT="i"/><SP WIDTH="20" VPOS="1170" HPOS="330"/>
							<String ID="string_332" HPOS="350" VPOS="1170" WIDTH="58" HEIGHT="22" WC="0.96" CONTENT="detta"/><SP WIDTH="21" VPOS="1170" HPOS="408"/>
							<String ID="string_333" HPOS="429" VPOS="1170" WIDTH="37" HEIGHT="22" WC="0.96" CONTENT="fall"/><SP WIDTH="16" VPOS="1170" HPOS="466"/>
							<String ID="string_334" HPOS="482" VPOS="1177" WIDTH="36" HEIGHT="15" WC="0.96" CONTENT="var"/><SP WIDTH="16" VPOS="1177" HPOS="518"/>
							<String ID="string_335" HPOS="534" VPOS="1177" WIDTH="24" HEIGHT="15" WC="0.96" CONTENT="en"/><SP WIDTH="17" VPOS="1177" HPOS="558"/>
							<String ID="string_336" HPOS="575" VPOS="1170" WIDTH="117" HEIGHT="27" WC="0.96" CONTENT="inrättning"/><SP WIDTH="15" VPOS="1170" HPOS="692"/>
							<String ID="string_337" HPOS="707" VPOS="1170" WIDTH="48" HEIGHT="22" WC="0.96" CONTENT="med"/><SP WIDTH="15" VPOS="1170" HPOS="755"/>
							<String ID="string_338" HPOS="770" VPOS="1170" WIDTH="83" HEIGHT="27" WC="0.96" CONTENT="mycket"/><SP WIDTH="15" VPOS="1170" HPOS="853"/>
							<String ID="string_339" HPOS="868" VPOS="1170" WIDTH="46" HEIGHT="21" WC="0.95" CONTENT="litet"/>
						</TextLine>
						<TextLine ID="line_36" HPOS="93" VPOS="1198" WIDTH="821" HEIGHT="28">
							<String ID="string_340" HPOS="93" VPOS="1198" WIDTH="144" HEIGHT="27" WC="0.96" CONTENT="aktiekapital,"/><SP WIDTH="22" VPOS="1198" HPOS="237"/>
							<String ID="string_341" HPOS="259" VPOS="1198" WIDTH="86" HEIGHT="22" WC="0.96" CONTENT="hvarför"/><SP WIDTH="23" VPOS="1198" HPOS="345"/>
							<String ID="string_342" HPOS="368" VPOS="1198" WIDTH="36" HEIGHT="24" WC="0.96" CONTENT="det"/><SP WIDTH="21" VPOS="1198" HPOS="404"/>
							<String ID="string_343" HPOS="425" VPOS="1198" WIDTH="82" HEIGHT="22" WC="0.96" CONTENT="föreföll"/><SP WIDTH="23" VPOS="1198" HPOS="507"/>
							<String ID="string_344" HPOS="530" VPOS="1200" WIDTH="77" HEIGHT="20" WC="0.96" CONTENT="honom"/><SP WIDTH="17" VPOS="1200" HPOS="607"/>
							<String ID="string_345" HPOS="624" VPOS="1199" WIDTH="122" HEIGHT="27" WC="0.96" CONTENT="betänkligt,"/><SP WIDTH="15" VPOS="1199" HPOS="746"/>
							<String ID="string_346" HPOS="761" VPOS="1200" WIDTH="32" HEIGHT="20" WC="0.96" CONTENT="att"/><SP WIDTH="14" VPOS="1200" HPOS="793"/>
							<String ID="string_347" HPOS="807" VPOS="1198" WIDTH="22" HEIGHT="22" WC="0.96" CONTENT="åt"/><SP WIDTH="15" VPOS="1198" HPOS="829"/>
							<String ID="string_348" HPOS="844" VPOS="1198" WIDTH="70" HEIGHT="25" WC="0.95" CONTENT="denna"/>
						</TextLine>
						<TextLine ID="line_37" HPOS="94" VPOS="1226" WIDTH="819" HEIGHT="29">
							<String ID="string_349" HPOS="94" VPOS="1226" WIDTH="62" HEIGHT="22" WC="0.96" CONTENT="firma"/><SP WIDTH="20" VPOS="1226" HPOS="156"/>
							<String ID="string_350" HPOS="176" VPOS="1227" WIDTH="115" HEIGHT="27" WC="0.96" CONTENT="beviljades"/><SP WIDTH="16" VPOS="1227" HPOS="291"/>
							<String ID="string_351" HPOS="307" VPOS="1234" WIDTH="26" HEIGHT="14" WC="0.96" CONTENT="en"/><SP WIDTH="15" VPOS="1234" HPOS="333"/>
							<String ID="string_352" HPOS="348" VPOS="1227" WIDTH="70" HEIGHT="22" WC="0.96" CONTENT="kredit"/><SP WIDTH="15" VPOS="1227" HPOS="418"/>
							<String ID="string_353" HPOS="433" VPOS="1228" WIDTH="127" HEIGHT="27" WC="0.96" CONTENT="uppgående"/><SP WIDTH="14" VPOS="1228" HPOS="560"/>
							<String ID="string_354" HPOS="574" VPOS="1228" WIDTH="32" HEIGHT="21" WC="0.96" CONTENT="till"/><SP WIDTH="14" VPOS="1228" HPOS="606"/>
							<String ID="string_355" HPOS="620" VPOS="1226" WIDTH="80" HEIGHT="22" WC="0.96" CONTENT="hälften"/><SP WIDTH="15" VPOS="1226" HPOS="700"/>
							<String ID="string_356" HPOS="715" VPOS="1227" WIDTH="22" HEIGHT="21" WC="0.96" CONTENT="af"/><SP WIDTH="13" VPOS="1227" HPOS="737"/>
							<String ID="string_357" HPOS="750" VPOS="1227" WIDTH="163" HEIGHT="27" WC="0.96" CONTENT="aktiekapitalet."/>
						</TextLine>
						<TextLine ID="line_38" HPOS="94" VPOS="1255" WIDTH="819" HEIGHT="28">
							<String ID="string_358" HPOS="94" VPOS="1256" WIDTH="124" HEIGHT="21" WC="0.96" CONTENT="Emellertid"/><SP WIDTH="19" VPOS="1256" HPOS="218"/>
							<String ID="string_359" HPOS="237" VPOS="1258" WIDTH="24" HEIGHT="19" WC="0.96" CONTENT="är"/><SP WIDTH="20" VPOS="1258" HPOS="261"/>
							<String ID="string_360" HPOS="281" VPOS="1257" WIDTH="36" HEIGHT="20" WC="0.96" CONTENT="det"/><SP WIDTH="20" VPOS="1257" HPOS="317"/>
							<String ID="string_361" HPOS="337" VPOS="1255" WIDTH="65" HEIGHT="27" WC="0.96" CONTENT="fallet,"/><SP WIDTH="18" VPOS="1255" HPOS="402"/>
							<String ID="string_362" HPOS="420" VPOS="1256" WIDTH="39" HEIGHT="22" WC="0.96" CONTENT="har"/><SP WIDTH="17" VPOS="1256" HPOS="459"/>
							<String ID="string_363" HPOS="476" VPOS="1256" WIDTH="59" HEIGHT="22" WC="0.96" CONTENT="alltid"/><SP WIDTH="21" VPOS="1256" HPOS="535"/>
							<String ID="string_364" HPOS="556" VPOS="1256" WIDTH="55" HEIGHT="22" WC="0.96" CONTENT="varit"/><SP WIDTH="17" VPOS="1256" HPOS="611"/>
							<String ID="string_365" HPOS="628" VPOS="1256" WIDTH="39" HEIGHT="21" WC="0.96" CONTENT="och"/><SP WIDTH="15" VPOS="1256" HPOS="667"/>
							<String ID="string_366" HPOS="682" VPOS="1256" WIDTH="96" HEIGHT="21" WC="0.96" CONTENT="kommer"/><SP WIDTH="15" VPOS="1256" HPOS="778"/>
							<String ID="string_367" HPOS="793" VPOS="1256" WIDTH="120" HEIGHT="27" WC="0.96" CONTENT="säkerligen"/>
						</TextLine>
						<TextLine ID="line_39" HPOS="94" VPOS="1284" WIDTH="819" HEIGHT="27">
							<String ID="string_368" HPOS="94" VPOS="1284" WIDTH="61" HEIGHT="23" WC="0.96" CONTENT="äfven"/><SP WIDTH="24" VPOS="1284" HPOS="155"/>
							<String ID="string_369" HPOS="179" VPOS="1284" WIDTH="107" HEIGHT="27" WC="0.96" CONTENT="framgent"/><SP WIDTH="21" VPOS="1284" HPOS="286"/>
							<String ID="string_370" HPOS="307" VPOS="1287" WIDTH="32" HEIGHT="19" WC="0.96" CONTENT="att"/><SP WIDTH="22" VPOS="1287" HPOS="339"/>
							<String ID="string_371" HPOS="361" VPOS="1291" WIDTH="51" HEIGHT="15" WC="0.96" CONTENT="vara"/><SP WIDTH="21" VPOS="1291" HPOS="412"/>
							<String ID="string_372" HPOS="433" VPOS="1284" WIDTH="64" HEIGHT="26" WC="0.96" CONTENT="fallet,"/><SP WIDTH="18" VPOS="1284" HPOS="497"/>
							<String ID="string_373" HPOS="515" VPOS="1288" WIDTH="31" HEIGHT="18" WC="0.96" CONTENT="att"/><SP WIDTH="20" VPOS="1288" HPOS="546"/>
							<String ID="string_374" HPOS="566" VPOS="1284" WIDTH="101" HEIGHT="23" WC="0.95" CONTENT="Finlands"/><SP WIDTH="15" VPOS="1284" HPOS="667"/>
							<String ID="string_375" HPOS="682" VPOS="1284" WIDTH="57" HEIGHT="22" WC="0.93" CONTENT="bank"/><SP WIDTH="15" VPOS="1284" HPOS="739"/>
							<String ID="string_376" HPOS="754" VPOS="1284" WIDTH="159" HEIGHT="22" WC="0.90" CONTENT="rediskonterar"/>
						</TextLine>
						<TextLine ID="line_40" HPOS="91" VPOS="1312" WIDTH="822" HEIGHT="28">
							<String ID="string_377" HPOS="91" VPOS="1312" WIDTH="74" HEIGHT="24" WC="0.93" CONTENT="växlar"/><SP WIDTH="15" VPOS="1312" HPOS="165"/>
							<String ID="string_378" HPOS="180" VPOS="1313" WIDTH="49" HEIGHT="21" WC="0.97" CONTENT="med"/><SP WIDTH="15" VPOS="1313" HPOS="229"/>
							<String ID="string_379" HPOS="244" VPOS="1313" WIDTH="83" HEIGHT="27" WC="0.96" CONTENT="privata"/><SP WIDTH="15" VPOS="1313" HPOS="327"/>
							<String ID="string_380" HPOS="342" VPOS="1313" WIDTH="91" HEIGHT="21" WC="0.93" CONTENT="bankers"/><SP WIDTH="17" VPOS="1313" HPOS="433"/>
							<String ID="string_381" HPOS="450" VPOS="1314" WIDTH="92" HEIGHT="21" WC="0.92" CONTENT="endosso"/><SP WIDTH="16" VPOS="1314" HPOS="542"/>
							<String ID="string_382" HPOS="558" VPOS="1314" WIDTH="31" HEIGHT="21" WC="0.96" CONTENT="till"/><SP WIDTH="15" VPOS="1314" HPOS="589"/>
							<String ID="string_383" HPOS="604" VPOS="1313" WIDTH="78" HEIGHT="27" WC="0.96" CONTENT="belopp"/><SP WIDTH="15" VPOS="1313" HPOS="682"/>
							<String ID="string_384" HPOS="697" VPOS="1313" WIDTH="49" HEIGHT="21" WC="0.93" CONTENT="vida"/><SP WIDTH="10" VPOS="1313" HPOS="746"/>
							<String ID="string_385" HPOS="756" VPOS="1313" WIDTH="157" HEIGHT="27" WC="0.92" CONTENT="öfverstigande"/>
						</TextLine>
						<TextLine ID="line_41" HPOS="93" VPOS="1341" WIDTH="821" HEIGHT="28">
							<String ID="string_386" HPOS="93" VPOS="1341" WIDTH="64" HEIGHT="22" WC="0.96" CONTENT="dessa"/><SP WIDTH="16" VPOS="1341" HPOS="157"/>
							<String ID="string_387" HPOS="173" VPOS="1341" WIDTH="90" HEIGHT="22" WC="0.96" CONTENT="bankers"/><SP WIDTH="12" VPOS="1341" HPOS="263"/>
							<String ID="string_388" HPOS="275" VPOS="1342" WIDTH="140" HEIGHT="27" WC="0.96" CONTENT="aktiekapital,"/><SP WIDTH="11" VPOS="1342" HPOS="415"/>
							<String ID="string_389" HPOS="426" VPOS="1342" WIDTH="43" HEIGHT="21" WC="0.96" CONTENT="ifall"/><SP WIDTH="11" VPOS="1342" HPOS="469"/>
							<String ID="string_390" HPOS="480" VPOS="1342" WIDTH="122" HEIGHT="22" WC="0.96" CONTENT="förtroende"/><SP WIDTH="10" VPOS="1342" HPOS="602"/>
							<String ID="string_391" HPOS="612" VPOS="1348" WIDTH="78" HEIGHT="15" WC="0.96" CONTENT="annars"/><SP WIDTH="11" VPOS="1348" HPOS="690"/>
							<String ID="string_392" HPOS="701" VPOS="1341" WIDTH="118" HEIGHT="28" WC="0.95" CONTENT="föreligger."/><SP WIDTH="17" VPOS="1341" HPOS="819"/>
							<String ID="string_393" HPOS="836" VPOS="1341" WIDTH="78" HEIGHT="23" WC="0.96" CONTENT="Vidare"/>
						</TextLine>
						<TextLine ID="line_42" HPOS="88" VPOS="1369" WIDTH="825" HEIGHT="29">
							<String ID="string_394" HPOS="88" VPOS="1369" WIDTH="40" HEIGHT="23" WC="0.91" CONTENT=".mä"/><SP WIDTH="22" VPOS="1369" HPOS="128"/>
							<String ID="string_395" HPOS="150" VPOS="1370" WIDTH="87" HEIGHT="26" WC="0.90" CONTENT="erinras,"/><SP WIDTH="21" VPOS="1370" HPOS="237"/>
							<String ID="string_396" HPOS="258" VPOS="1372" WIDTH="31" HEIGHT="20" WC="0.93" CONTENT="att"/><SP WIDTH="27" VPOS="1372" HPOS="289"/>
							<String ID="string_397" HPOS="316" VPOS="1370" WIDTH="235" HEIGHT="28" WC="0.91" CONTENT="maanviljelyspankkis"/><SP WIDTH="22" VPOS="1370" HPOS="551"/>
							<String ID="string_398" HPOS="573" VPOS="1370" WIDTH="135" HEIGHT="27" WC="0.96" CONTENT="aktiekapital"/><SP WIDTH="26" VPOS="1370" HPOS="708"/>
							<String ID="string_399" HPOS="734" VPOS="1376" WIDTH="38" HEIGHT="16" WC="0.96" CONTENT="var"/><SP WIDTH="14" VPOS="1376" HPOS="772"/>
							<String ID="string_400" HPOS="786" VPOS="1370" WIDTH="13" HEIGHT="21" WC="0.96" CONTENT="3"/><SP WIDTH="16" VPOS="1370" HPOS="799"/>
							<String ID="string_401" HPOS="815" VPOS="1370" WIDTH="98" HEIGHT="27" WC="0.96" CONTENT="miljoner"/>
						</TextLine>
						<TextLine ID="line_43" HPOS="93" VPOS="1398" WIDTH="820" HEIGHT="26">
							<String ID="string_402" HPOS="93" VPOS="1398" WIDTH="61" HEIGHT="21" WC="0.96" CONTENT="mark"/><SP WIDTH="21" VPOS="1398" HPOS="154"/>
							<String ID="string_403" HPOS="175" VPOS="1398" WIDTH="39" HEIGHT="21" WC="0.96" CONTENT="och"/><SP WIDTH="21" VPOS="1398" HPOS="214"/>
							<String ID="string_404" HPOS="235" VPOS="1398" WIDTH="115" HEIGHT="26" WC="0.96" CONTENT="ingalunda"/><SP WIDTH="14" VPOS="1398" HPOS="350"/>
							<String ID="string_405" HPOS="364" VPOS="1399" WIDTH="8" HEIGHT="21" WC="0.96" CONTENT="i"/><SP WIDTH="14" VPOS="1399" HPOS="372"/>
							<String ID="string_406" HPOS="386" VPOS="1398" WIDTH="131" HEIGHT="22" WC="0.96" CONTENT="förhållande"/><SP WIDTH="21" VPOS="1398" HPOS="517"/>
							<String ID="string_407" HPOS="538" VPOS="1399" WIDTH="31" HEIGHT="21" WC="0.96" CONTENT="till"/><SP WIDTH="19" VPOS="1399" HPOS="569"/>
							<String ID="string_408" HPOS="588" VPOS="1399" WIDTH="96" HEIGHT="21" WC="0.96" CONTENT="bankens"/><SP WIDTH="17" VPOS="1399" HPOS="684"/>
							<String ID="string_409" HPOS="701" VPOS="1398" WIDTH="140" HEIGHT="22" WC="0.96" CONTENT="förbindelser"/><SP WIDTH="18" VPOS="1398" HPOS="841"/>
							<String ID="string_410" HPOS="859" VPOS="1399" WIDTH="54" HEIGHT="25" WC="0.96" CONTENT="litet,"/>
						</TextLine>
						<TextLine ID="line_44" HPOS="94" VPOS="1426" WIDTH="819" HEIGHT="27">
							<String ID="string_411" HPOS="94" VPOS="1427" WIDTH="51" HEIGHT="19" WC="0.96" CONTENT="utan"/><SP WIDTH="15" VPOS="1427" HPOS="145"/>
							<String ID="string_412" HPOS="160" VPOS="1428" WIDTH="91" HEIGHT="18" WC="0.95" CONTENT="tvärtom"/><SP WIDTH="16" VPOS="1428" HPOS="251"/>
							<String ID="string_413" HPOS="267" VPOS="1426" WIDTH="7" HEIGHT="20" WC="0.95" CONTENT="i"/><SP WIDTH="16" VPOS="1426" HPOS="274"/>
							<String ID="string_414" HPOS="290" VPOS="1426" WIDTH="125" HEIGHT="27" WC="0.96" CONTENT="proportion"/><SP WIDTH="16" VPOS="1426" HPOS="415"/>
							<String ID="string_415" HPOS="431" VPOS="1426" WIDTH="83" HEIGHT="26" WC="0.96" CONTENT="mycket"/><SP WIDTH="15" VPOS="1426" HPOS="514"/>
							<String ID="string_416" HPOS="529" VPOS="1428" WIDTH="69" HEIGHT="19" WC="0.96" CONTENT="större"/><SP WIDTH="15" VPOS="1428" HPOS="598"/>
							<String ID="string_417" HPOS="613" VPOS="1428" WIDTH="26" HEIGHT="18" WC="0.96" CONTENT="än"/><SP WIDTH="16" VPOS="1428" HPOS="639"/>
							<String ID="string_418" HPOS="655" VPOS="1426" WIDTH="51" HEIGHT="20" WC="0.96" CONTENT="flere"/><SP WIDTH="15" VPOS="1426" HPOS="706"/>
							<String ID="string_419" HPOS="721" VPOS="1426" WIDTH="66" HEIGHT="21" WC="0.96" CONTENT="andra"/><SP WIDTH="12" VPOS="1426" HPOS="787"/>
							<String ID="string_420" HPOS="799" VPOS="1426" WIDTH="22" HEIGHT="21" WC="0.95" CONTENT="af"/><SP WIDTH="8" VPOS="1426" HPOS="821"/>
							<String ID="string_421" HPOS="829" VPOS="1426" WIDTH="84" HEIGHT="24" WC="0.96" CONTENT="landets"/>
						</TextLine>
						<TextLine ID="line_45" HPOS="92" VPOS="1453" WIDTH="821" HEIGHT="27">
							<String ID="string_422" HPOS="92" VPOS="1454" WIDTH="151" HEIGHT="25" WC="0.92" CONTENT="privatbanker"/><SP WIDTH="15" VPOS="1454" HPOS="243"/>
							<String ID="string_423" HPOS="258" VPOS="1453" WIDTH="73" HEIGHT="22" WC="0.96" CONTENT="kunna"/><SP WIDTH="15" VPOS="1453" HPOS="331"/>
							<String ID="string_424" HPOS="346" VPOS="1454" WIDTH="97" HEIGHT="26" WC="0.96" CONTENT="uppvisa."/><SP WIDTH="20" VPOS="1454" HPOS="443"/>
							<String ID="string_425" HPOS="463" VPOS="1454" WIDTH="55" HEIGHT="21" WC="0.96" CONTENT="Från"/><SP WIDTH="16" VPOS="1454" HPOS="518"/>
							<String ID="string_426" HPOS="534" VPOS="1454" WIDTH="135" HEIGHT="26" WC="0.96" CONTENT="synpunkten"/><SP WIDTH="15" VPOS="1454" HPOS="669"/>
							<String ID="string_427" HPOS="684" VPOS="1453" WIDTH="23" HEIGHT="21" WC="0.96" CONTENT="af"/><SP WIDTH="13" VPOS="1453" HPOS="707"/>
							<String ID="string_428" HPOS="720" VPOS="1454" WIDTH="63" HEIGHT="21" WC="0.96" CONTENT="dessa"/><SP WIDTH="15" VPOS="1454" HPOS="783"/>
							<String ID="string_429" HPOS="798" VPOS="1453" WIDTH="115" HEIGHT="21" WC="0.96" CONTENT="siffror"/>
						</TextLine>
						<TextLine ID="line_46" HPOS="93" VPOS="1480" WIDTH="820" HEIGHT="30">
							<String ID="string_430" HPOS="93" VPOS="1488" WIDTH="37" HEIGHT="15" WC="0.96" CONTENT="var"/><SP WIDTH="15" VPOS="1488" HPOS="130"/>
							<String ID="string_431" HPOS="145" VPOS="1482" WIDTH="83" HEIGHT="22" WC="0.96" CONTENT="således"/><SP WIDTH="16" VPOS="1482" HPOS="228"/>
							<String ID="string_432" HPOS="244" VPOS="1480" WIDTH="51" HEIGHT="24" WC="0.93" CONTENT="utan"/><SP WIDTH="16" VPOS="1480" HPOS="295"/>
							<String ID="string_433" HPOS="311" VPOS="1481" WIDTH="72" HEIGHT="23" WC="0.92" CONTENT="tvifvel"/><SP WIDTH="15" VPOS="1481" HPOS="383"/>
							<String ID="string_434" HPOS="398" VPOS="1481" WIDTH="235" HEIGHT="29" WC="0.92" CONTENT="maanviljelyspankkis"/><SP WIDTH="26" VPOS="1481" HPOS="633"/>
							<String ID="string_435" HPOS="659" VPOS="1481" WIDTH="102" HEIGHT="29" WC="0.96" CONTENT="ställning"/><SP WIDTH="14" VPOS="1481" HPOS="761"/>
							<String ID="string_436" HPOS="775" VPOS="1482" WIDTH="96" HEIGHT="22" WC="0.96" CONTENT="starkare"/><SP WIDTH="15" VPOS="1482" HPOS="871"/>
							<String ID="string_437" HPOS="886" VPOS="1483" WIDTH="27" HEIGHT="27" WC="0.96" CONTENT="än"/>
						</TextLine>
						<TextLine ID="line_47" HPOS="92" VPOS="1510" WIDTH="820" HEIGHT="28">
							<String ID="string_438" HPOS="92" VPOS="1511" WIDTH="77" HEIGHT="27" WC="0.96" CONTENT="många"/><SP WIDTH="15" VPOS="1511" HPOS="169"/>
							<String ID="string_439" HPOS="184" VPOS="1511" WIDTH="67" HEIGHT="21" WC="0.96" CONTENT="andra"/><SP WIDTH="14" VPOS="1511" HPOS="251"/>
							<String ID="string_440" HPOS="265" VPOS="1510" WIDTH="23" HEIGHT="22" WC="0.96" CONTENT="af"/><SP WIDTH="13" VPOS="1510" HPOS="288"/>
							<String ID="string_441" HPOS="301" VPOS="1511" WIDTH="101" HEIGHT="21" WC="0.95" CONTENT="Finlands"/><SP WIDTH="15" VPOS="1511" HPOS="402"/>
							<String ID="string_442" HPOS="417" VPOS="1511" WIDTH="68" HEIGHT="21" WC="0.96" CONTENT="banks"/><SP WIDTH="15" VPOS="1511" HPOS="485"/>
							<String ID="string_443" HPOS="500" VPOS="1510" WIDTH="88" HEIGHT="23" WC="0.95" CONTENT="kunder."/><SP WIDTH="30" VPOS="1510" HPOS="588"/>
							<String ID="string_444" HPOS="618" VPOS="1511" WIDTH="102" HEIGHT="22" WC="0.96" CONTENT="Finlands"/><SP WIDTH="15" VPOS="1511" HPOS="720"/>
							<String ID="string_445" HPOS="735" VPOS="1510" WIDTH="58" HEIGHT="22" WC="0.95" CONTENT="bank"/><SP WIDTH="14" VPOS="1510" HPOS="793"/>
							<String ID="string_446" HPOS="807" VPOS="1510" WIDTH="105" HEIGHT="28" WC="0.95" CONTENT="beviljade"/>
						</TextLine>
					</TextBlock>
				</ComposedBlock>
			</PrintSpace>
		</Page>
	</Layout>
</alto>
