1078 1792
100 136 26 18 14
137 141 20 17 p.
169 136 82 18 huhtik.
307 137 111 17 Toimitus-
429 138 22 20 ja
462 137 253 18 tarkastusvaliokunnat.
878 130 43 21 963

101 212 86 16 marna
202 206 10 22 i
226 206 165 28 expeditlons-
407 206 46 23 och
473 206 261 28 justeringsutskotten
757 206 66 22 efter
840 205 80 23 landt-

101 234 91 28 dagens
208 234 51 23 slut
274 240 43 22 ega
333 235 117 28 uppbära,
464 235 33 21 får
512 235 105 21 utskottet
631 235 109 21 vördsamt
754 234 86 22 föreslå:

374 304 31 19 att
419 302 33 21 för
467 302 247 27 expeditionsutskottets
737 301 138 22 medlemmar
890 303 31 20 ett

305 330 79 22 arvode
399 331 22 21 af
435 331 27 20 14
477 330 60 22 mark
558 337 35 15 om
615 331 69 27 dagen
703 330 34 21 för
758 330 100 25 ledamot,
873 336 47 15 som

306 361 23 20 är
344 359 7 22 i
365 359 137 28 Helsingfors
523 359 48 22 stad
592 359 77 26 bosatt,
690 360 56 20 samt
767 359 28 21 20
810 358 60 21 mark
884 365 35 14 om

305 388 68 27 dagen
389 387 32 22 för
436 388 98 26 ledamot,
550 394 46 16 som
611 388 142 21 annanstädes
766 387 38 22 har
815 387 37 22 sitt
861 387 59 22 hem-

305 417 48 26 vist,
377 417 65 21 mätte
466 416 116 23 fastställas
604 418 31 20 att
660 417 51 27 utgä
735 417 68 21 under
826 416 40 21 den
889 416 30 21 tid

305 445 238 28 expeditionsutskottet
558 447 23 20 är
595 445 7 22 i
618 445 143 26 värksamhet;

100 513 109 23 äfvensom

373 584 32 20 att
436 583 234 27 —justeringsutskottets
697 583 7 20 i
730 583 74 21 staden
835 582 85 21 bosatta

304 610 116 23 ledamöter
441 611 66 22 mätte
529 611 97 28 tilläggas
642 613 31 20 ett
687 611 79 22 arvode
781 611 23 22 af
816 611 28 21 20
859 610 60 22 mark

304 639 33 22 för
357 639 73 28 hvarje
450 640 46 27 dag,
512 640 27 22 dä
554 640 156 21 sammanträde
724 646 51 21 eger
790 645 52 20 rum,
858 639 60 22 hvar-

305 670 58 20 emot
377 668 7 21 i
399 669 75 21 staden
496 669 44 21 icke
561 669 84 21 bosatta
659 668 137 22 medlemmar
811 674 39 21 ega
865 674 54 21 upp-

304 697 52 21 bära
371 703 81 16 samma
466 698 78 21 arvode
558 697 33 22 för
606 697 46 22 hela
668 697 40 22 den
724 697 31 22 tid
770 697 26 22 de
808 697 110 21 härstädes

304 725 69 22 mäste
388 726 112 27 uppehälla
515 727 37 26 sig,
563 726 54 22 dock
632 725 90 22 sälunda
732 728 36 24 att,
779 726 72 21 därest
860 725 58 22 tiden

304 754 89 22 emellan
415 755 116 21 utskottets
547 755 171 22 sammanträden
732 755 46 21 icke
792 754 126 27 öfverstiger

305 783 28 21 14
347 783 70 27 dagar,
432 784 88 21 arvodet
540 784 85 21 komme
643 785 31 20 att
690 783 103 22 beräknas
810 783 60 22 äfven
886 782 33 22 för

303 812 130 27 nyssnämda
455 812 112 26 mellantid,
590 812 110 21 hvaremot
721 812 116 21 utskottets
860 812 57 21 med-

303 840 94 27 lemmar,
411 847 35 15 om
462 841 26 21 de
503 841 68 22 under
586 841 135 21 mellantiden
736 841 103 25 hemresa,
851 840 66 21 mätte

303 869 83 27 ätnjuta
400 869 118 27 ersättning
534 870 66 21 under
615 869 141 27 resedagarna
771 869 67 27 enligt
848 869 26 21 de
884 868 33 21 för

303 897 41 21 6:te
365 897 85 22 klassen
465 898 8 21 i
495 898 96 28 gällande
605 898 179 26 resereglemente
798 896 119 23 fastställda

302 926 165 28 bestämningar.

167 994 134 24 Beträffande
323 995 139 23 ordnandet
484 996 27 22 af
533 996 80 28 öfriga
639 996 9 22 i
670 995 173 27 sammanhang
861 994 55 23 med

98 1024 179 23 ständermötet
299 1024 100 23 stäende
423 1024 157 24 ekonomiska
604 1024 204 29 angelägenheter
829 1024 32 22 fär
885 1025 32 20 ut-

98 1053 86 27 skottet,
199 1053 7 22 i
221 1052 221 24 öfverensstämmelse
457 1054 48 22 med
518 1055 36 21 det
566 1054 80 28 jämväl
660 1054 36 22 vid
710 1053 128 29 föregäende
848 1053 68 21 landt-

97 1082 66 28 dagar
175 1082 108 28 iakttagna
296 1082 135 27 förfarandet,
447 1084 108 21 vördsamt
569 1083 77 22 föreslä

371 1158 31 20 att
425 1156 35 22 det
482 1158 22 20 ät
525 1158 237 27 expeditionsutskottet
783 1162 66 22 mätte
864 1168 53 21 upp-

304 1185 77 27 dragas
399 1186 32 20 att
446 1185 52 22 efter
514 1186 139 29 landtdagens
668 1190 120 22 atslutande
802 1190 46 22 icke
863 1191 54 21 blott

304 1213 75 28 pröfva
393 1214 39 32 och
447 1214 104 23 fastställa
566 1216 26 22 de
606 1218 93 21 arvoden
714 1218 40 22 och
769 1218 92 28 utgifter,
870 1226 47 15 som

303 1242 24 22 af
339 1243 141 26 expeditions-
496 1244 39 22 och
554 1245 241 27 justeringsutskottens
810 1248 107 21 värksam-

303 1270 38 22 het
362 1272 37 20 äro
421 1271 118 32 betingade,
554 1275 51 19 utan
628 1274 60 22 äfven
704 1276 92 26 granska
811 1276 40 22 och
866 1276 51 27 god-

304 1299 71 21 känna
403 1300 99 27 möjligen
528 1302 150 22 inkommande
704 1304 66 21 andra
797 1304 120 28 räkningar,

305 1334 46 16 som
375 1328 51 21 böra
448 1328 79 23 betalas
550 1331 49 21 med
622 1332 35 20 det
672 1332 31 21 till
717 1332 200 28 landtdagskostna-

304 1356 77 22 dernas
403 1356 136 24 bestridande
558 1360 100 21 anvisade
672 1361 80 27 anslag,
768 1364 55 18 samt
836 1361 33 21 för
885 1362 32 21 så-

304 1385 52 21 dant
370 1385 98 22 ändamål
482 1386 108 23 rekvirera
603 1388 92 22 förskott
705 1392 45 19 mot
760 1390 158 27 redovisnings-

305 1413 127 26 skyldighet;
448 1416 55 18 samt

372 1442 32 20 att
425 1441 65 21 sedan
514 1442 236 27 expeditionsutskottet
770 1445 88 21 afslutat
872 1446 47 21 sina

304 1468 94 27 arbeten,
420 1470 36 21 det
477 1470 65 21 måtte
564 1470 140 23 öfverlämnas
726 1472 22 22 åt
770 1473 41 21 den
833 1480 86 21 person,

305 1503 47 16 som
367 1499 77 21 nämda
458 1499 83 22 utskott
562 1499 70 22 därtill
647 1502 65 23 utser,
726 1503 32 20 att
773 1502 92 27 granska
879 1503 40 22 och

305 1526 113 28 godkänna
432 1527 26 22 de
473 1528 113 27 räkningar
600 1528 33 22 för
648 1529 112 29 tryckning
781 1530 23 22 af
817 1531 101 22 ståndens
