1100 1778
87 132 14 17 2
112 136 20 17 p.
145 132 86 18 helmik.
384 134 151 18 Valiokuntain
547 135 50 20 työt.
863 128 43 21 585

87 201 119 27 ersättning
226 201 66 27 enligt
307 202 91 27 räkning
411 202 32 22 för
458 202 234 28 renskrifningsarbete,
708 209 46 15 som
770 202 136 22 förekommit

88 229 65 22 innan
169 230 97 21 notarien
283 230 39 22 hos
338 231 86 21 ständet
437 232 122 21 anställdes.

154 258 83 22 Jämväl
259 258 37 22 har
319 259 159 22 statsutskottet
499 262 50 19 äran
571 259 103 25 meddela,
688 261 30 19 att
734 259 105 21 utskottet
855 260 50 26 god-

87 286 66 21 kännt
169 286 154 27 stenografiska
337 287 136 28 föreningens
488 288 7 21 i
511 288 46 21 bret
571 288 22 21 af
607 288 39 22 den
663 288 12 21 8
687 288 111 21 december
809 288 55 20 1904
874 288 32 20 till

87 314 89 22 ständen
200 315 75 27 gjorda
296 316 72 21 anbud
388 318 31 19 att
440 319 58 19 emot
516 323 24 15 en
558 317 117 26 ersättning
690 316 22 21 af
724 316 62 26 4,307
803 316 60 21 mark
877 316 30 20 50

87 343 63 26 penni
165 344 8 20 i
188 344 102 20 mänaden
306 343 33 22 för
354 344 62 21 hvart
431 345 39 20 och
485 347 30 19 ett
530 345 23 21 af
566 345 96 25 ständen,
672 344 91 21 räknadt
772 344 55 21 ifrän
837 344 69 21 landt-

87 371 79 27 dagens
186 372 74 26 början
281 373 39 20 den
341 373 12 20 6
374 373 6 20 i
399 373 65 27 sagda
481 373 110 22 december
607 373 75 21 månad
697 373 54 21 intill
767 373 49 21 dess
831 372 75 22 afslut-

87 400 56 27 ning,
165 399 108 28 öfvertaga
294 401 40 21 den
358 401 154 27 stenografiska
536 401 203 28 protokollföringen
763 401 34 22 vid
820 401 86 21 inneva-

86 429 65 21 rande
167 429 144 22 ständermöte
326 430 27 27 pä
369 432 42 19 sätt
426 430 39 21 och
476 431 68 20 under
554 431 25 20 de
590 430 76 21 villkor
676 430 6 21 i
693 429 69 27 öfrigt,
773 436 46 15 som
831 430 75 21 sädant

88 457 33 21 vid
137 459 86 20 senaste
239 457 126 27 landtdagar
380 460 35 24 ägt
429 465 54 14 rum.

336 527 31 20 Pä
382 527 171 21 statsutskottets
570 529 87 25 vägnar:

417 583 24 21 L.
459 583 114 22 Mechelin.

712 635 22 18 G.
747 635 90 18 Granfelt.

156 762 106 21 Esiteltiin
282 762 287 26 perustuslakivaliokunnan
584 762 118 25 lähettämä,
719 762 189 26 täysi-istunnossa

88 790 63 21 viime
173 790 132 21 tammikuun
328 790 25 21 31
378 792 48 25 p:nä
441 791 97 20 mainittu
553 790 101 27 kirjelmä,
667 790 60 27 jossa
743 789 121 22 valiokunta
879 789 29 21 oli

86 818 91 27 jättänyt
201 819 93 26 säätyjen
318 818 168 27 ratkaistavaksi,
508 819 157 22 voitaisiinko
685 819 27 27 ja
730 818 103 22 tulisiko
849 818 58 21 sekä

89 847 73 22 missä
171 847 93 22 määrin
278 847 211 28 valiokuntatyötä
500 847 151 22 tavallisessa
658 847 188 28 järjestyksessä
855 847 53 21 tätä

88 875 83 28 nykyä
190 876 135 26 toimittaa;
339 875 23 28 ja
378 882 36 15 sen
429 876 128 27 yhteydessä
571 876 74 22 valtio-
661 875 50 22 sekä
725 875 51 21 laki-
789 875 24 28 ja
827 875 79 21 talous-

89 904 143 21 valiokuntain
249 906 49 20 tänä
314 905 90 27 päivänä
417 905 92 27 säädylle
519 905 74 21 tulleet
603 905 105 27 kirjelmät
720 906 94 20 samasta
824 904 84 26 asiasta,

90 933 55 22 ollen
161 935 62 19 nämä
238 933 70 22 kolme
323 933 109 28 kirjelmää
446 934 43 21 niin
506 934 104 21 kuuluvat
624 933 50 22 kuin
690 939 85 16 seuraa:

172 1007 115 20 FINLANDS
300 1004 118 23 STÄNDERS

110 1042 367 33 GRUNDLAGSUTSKOTT.

181 1126 226 20 HELSINGFORS
522 1112 40 20 Till
578 1110 104 28 vällofliga
696 1110 183 28 borgareständet.

180 1170 33 18 den
227 1171 22 17 31
260 1170 80 22 januari
352 1170 55 17 1905.

267 1222 26 18 JE
307 1223 15 16 7.

158 1285 48 21 Med
222 1284 114 28 anledning
351 1284 23 22 af
386 1287 31 19 att
432 1284 57 21 inom
501 1284 221 28 grundlagsutskottet
732 1284 57 21 olika
799 1284 110 26 meningar

89 1315 76 25 yppats
181 1314 79 24 därom,
276 1313 106 21 huruvida
396 1313 38 21 och
449 1313 7 21 i
472 1313 54 21 hvad
542 1313 49 21 män
602 1314 31 20 ett
643 1312 168 22 utskottsarbete
821 1313 7 20 i
838 1312 73 26 vanlig

90 1342 91 26 ordning
196 1341 32 21 för
243 1341 132 21 närvarande
390 1341 71 21 kunde
476 1342 39 20 och
530 1341 66 21 borde
611 1343 40 25 äga
661 1347 53 19 rum,
724 1341 38 21 har
772 1341 36 21 vid
817 1340 92 22 anställd

90 1370 134 26 omröstning
247 1370 116 20 utskottets
385 1369 68 21 flertal
475 1369 98 21 omfattat
595 1370 39 20 den
651 1370 92 26 mening,
758 1371 31 19 att
804 1369 107 21 utskottet

90 1404 29 15 nu
135 1398 68 20 skulle
218 1398 84 25 vidtaga
318 1398 48 20 med
381 1397 153 21 förberedande
549 1398 158 25 handläggning
717 1397 22 21 af
748 1397 26 21 de
785 1397 31 21 till
826 1397 82 21 utskot-

90 1427 42 19 tets
147 1425 116 27 beredning
279 1424 156 21 öfverlämnade
451 1425 97 24 ärenden,
564 1431 48 14 men
627 1426 38 22 att,
680 1424 48 20 med
743 1424 100 21 afseende
858 1424 52 20 därä

90 1455 31 19 att
143 1453 115 21 ständerna
280 1454 56 19 ännu
357 1452 45 21 icke
422 1452 83 21 erhällit
527 1452 120 21 kännedom
663 1458 34 14 om
713 1452 61 20 Hans
790 1452 120 26 Kejserliga

90 1481 111 28 Majestäts
217 1481 70 21 beslut
301 1481 7 21 i
323 1480 115 27 anledning
452 1480 23 21 af
488 1480 125 22 ständernas
629 1480 88 27 petition
733 1486 35 15 om
783 1480 37 22 det
831 1480 78 27 grund-

90 1510 116 28 lagsenliga
222 1510 166 27 styrelsesättets
404 1509 38 22 och
458 1510 40 21 den
514 1509 77 28 lagliga
607 1509 130 27 ordningens
753 1509 156 26 äterställande,
