1081 1792
95 128 27 18 14
132 133 22 16 p.
164 128 84 17 huhtik.
386 128 152 18 Valiokuntain
550 128 50 21 työt.
876 118 42 22 959

167 196 47 22 Hra
228 196 156 27 Ignatius:
399 196 41 28 Jag
455 196 38 22 ber
508 198 32 20 att
554 196 20 21 få
588 195 88 26 anmäla,
692 197 32 19 att
738 195 44 27 lag-
791 195 39 21 och
839 194 78 22 ekono-

98 225 146 21 miutskottets
264 224 68 22 första
346 224 109 28 afdelning
469 225 64 21 också
547 224 65 22 redan
627 224 38 21 har
680 223 89 23 beslutit
783 225 31 19 att
828 223 90 21 insända

98 253 47 22 sina
167 253 153 26 betänkanden,
343 253 105 27 nämligen
472 254 26 20 de
519 253 155 26 betänkanden,
696 258 46 15 som
762 252 47 27 just
829 252 8 20 i
854 251 64 21 dessa

98 282 66 27 dagar
179 281 68 21 blifvit
262 281 87 27 färdiga,
364 284 56 19 samt
434 284 32 19 att
480 282 103 26 därjämte
597 282 70 20 lämna
682 280 30 21 till
728 280 86 21 ståndet
829 286 25 15 en
870 279 48 21 full-

98 310 86 26 ständig
206 309 103 22 öfversikt
328 309 59 22 öfver
406 309 40 22 alla
461 309 26 22 de
502 310 98 25 ärenden,
616 315 46 16 som
678 308 68 22 blifvit
761 306 157 23 öfverlämnade

98 338 32 22 till
152 338 116 22 utskottets
291 338 133 27 behandling,
440 338 57 21 såväl
519 337 59 22 öfver
592 338 54 25 dem,
662 343 45 16 som
724 337 105 22 utskottet
842 337 77 21 hunnit

98 367 110 26 behandla,
231 373 46 15 som
300 367 32 26 de,
356 367 71 21 hvilka
449 367 105 22 utskottet
568 367 46 22 icke
638 366 76 22 hunnit
738 365 109 22 behandla.
877 365 42 22 För

98 395 65 28 öfrigt
177 395 39 22 har
228 395 39 28 jag
280 395 135 28 naturligtvis
430 395 112 28 ingenting
556 398 58 19 emot
628 395 24 22 hr
668 395 87 22 Idmans
770 394 84 27 förslag,
870 400 49 15 men

98 425 37 21 vill
150 424 55 22 blott
224 425 108 26 anmärka,
346 426 32 20 att
392 425 36 21 det
443 425 61 21 torde
519 431 51 15 vara
584 424 84 27 mycket
683 423 59 22 svärt
755 425 32 20 att
801 423 21 21 fä
837 423 82 22 utskot-

98 455 36 20 ten
151 453 94 22 samlade
260 459 95 16 numera.
384 453 53 27 Lag-
448 453 39 22 och
499 453 215 22 ekonomiutskottets
730 452 67 22 första
812 451 108 28 afdelning

98 482 106 21 slutförde
226 482 155 26 behandlingen
404 481 23 22 af
447 482 46 21 sina
508 482 92 21 ärenden
615 481 28 22 kl.
659 482 25 20 11
700 481 7 21 i
723 481 47 28 dag.
799 481 43 21 Det
856 482 24 20 är
896 481 24 21 sä

99 511 78 26 mänga
192 511 178 26 sammanträden,
386 516 46 16 som
447 512 57 20 ännu
519 510 85 26 förestä,
619 511 31 20 att
662 510 38 27 jag
715 512 91 24 tror,att
818 510 36 21 det
866 509 53 22 skall

98 539 66 22 blifva
186 539 59 21 svårt
266 542 32 19 att
320 539 152 22 sammankalla
494 539 110 22 utskottet.
633 539 42 21 För
698 539 64 27 öfrigt
783 539 96 20 kommer
894 538 26 21 hr

99 568 88 21 Idmans
209 567 80 28 förslag
311 568 45 21 icke
377 570 31 19 att
428 568 28 27 på
471 568 65 27 något
550 570 43 20 sätt
607 568 77 21 beröra
698 567 44 28 lag-
757 568 40 21 och
812 567 108 21 ekonomi-

100 597 111 26 utskottet,
234 596 79 23 hvilket
334 597 121 22 oberoende
477 597 61 21 däraf
556 597 66 22 redan
644 596 62 22 fattat
728 596 71 22 beslut
816 597 8 20 i
839 602 82 15 samma

100 625 100 28 riktning.

169 689 47 21 Hra
240 689 166 22 Snellman:
421 689 135 22 Beträffande
572 689 214 27 järnvägsutskottet,
795 689 32 21 till
841 688 80 22 hvilket

97 718 38 27 jag
150 718 38 21 har
204 720 50 19 äran
270 717 57 26 höra,
342 718 38 21 ber
393 718 38 27 jag
445 717 21 22 få
481 718 95 27 upplysa,
592 717 53 22 efter
660 724 29 15 nu
704 718 38 21 här
758 717 69 22 blifvit
841 717 30 22 tal
886 724 34 15 om

99 747 64 22 dessa
186 747 68 24 saker,
269 749 32 19 att
324 747 58 21 detta
404 747 83 21 utskott
509 747 37 21 har
562 747 83 27 mycket
660 749 52 19 nära
726 747 88 21 slutfört
828 746 93 22 behand-

99 775 73 27 lingen
195 775 47 22 utaf
262 775 32 22 till
317 775 105 22 utskottet
443 775 129 27 hänskjutna
590 775 183 28 petitionsförslag
788 775 38 22 och
842 777 32 20 att
888 777 33 19 ut-

99 804 83 21 skottet
197 804 88 21 beslutit
300 806 31 19 att
346 804 42 21 låta
403 804 72 27 trycka
490 805 37 20 sitt
542 804 77 25 arbete,
635 804 24 21 så
674 804 59 27 långt
748 804 36 21 det
799 805 23 20 är
836 803 84 28 färdigt,

100 835 57 20 samt
178 833 107 26 deponera
307 833 63 21 dessa
392 832 125 28 tryckalster
532 833 31 22 uti
579 833 125 21 ständernas
720 833 59 21 arkiv
793 831 33 22 för
842 834 31 19 att
888 833 34 20 stå

99 868 28 15 en
150 861 127 22 kommande
300 861 101 27 landtdag
416 861 39 22 och
470 861 49 22 dess
531 861 187 28 järnvägsutskott
732 861 32 21 till
779 861 71 27 tjänst.
880 861 42 21 För

100 892 72 20 rästen
188 890 38 21 har
238 890 210 27 järnvägsutskottet
462 890 64 22 också
540 891 86 21 insändt
641 891 31 20 ett
688 889 47 22 bref
747 890 80 24 härom,
842 889 81 22 hvilket

101 919 106 21 utskottet
222 918 109 28 hoppades
346 919 73 21 kunna
434 919 71 21 utdela
520 919 38 21 här
573 919 28 27 på
615 918 153 28 förmiddagen.

172 981 46 21 Hra
242 981 166 27 Clouberg:
431 982 11 21 I
457 982 115 27 anledning
586 981 22 22 af
626 982 25 21 hr
659 981 104 27 Ignatius”
776 981 147 27 anmärkning,

100 1013 34 19 att
149 1016 27 16 en
192 1010 34 22 del
241 1010 84 22 utskott
339 1010 46 22 icke
399 1016 59 16 mera
473 1010 157 22 sammanträda
644 1010 39 22 och
699 1010 82 22 således
793 1010 46 22 icke
850 1010 73 22 kunna

102 1039 84 21 besluta
208 1041 32 19 att
262 1038 132 22 öfverlämna
416 1039 32 21 till
469 1039 237 27 expeditionsutskottet
721 1040 46 21 sina
781 1038 142 28 tryckfärdiga

100 1068 96 25 arbeten,
219 1068 38 21 ber
274 1068 40 26 jag
335 1069 31 20 att
386 1067 22 22 få
429 1068 116 26 framhålla,
563 1071 31 18 att
610 1068 36 22 det
660 1068 71 21 kunde
746 1068 142 21 öfverlämnas
901 1068 23 21 åt

102 1096 143 21 ordföranden
268 1098 31 19 att
314 1098 51 25 göra
388 1096 35 22 det
437 1097 8 21 i
460 1096 26 21 de
508 1096 42 27 fall,
564 1096 38 22 där
622 1096 105 22 utskottet
749 1096 46 22 icke
817 1102 45 15 mer
884 1096 38 21 har

101 1125 165 21 sammanträde.

172 1187 46 21 Hra
241 1187 122 21 Öhman:
384 1187 43 27 Jag
448 1187 94 21 anhåller
564 1189 31 19 att
617 1186 21 22 få
660 1187 130 21 understöda
812 1187 36 21 det
863 1186 23 22 af
898 1187 25 21 hr

102 1216 76 21 Idman
200 1215 131 22 framställda
345 1215 103 27 förslaget
470 1216 39 21 och
530 1218 32 20 att
583 1215 67 22 tillika
671 1215 21 22 få
713 1216 67 21 uttala
798 1216 40 21 den
854 1215 69 22 öfver-

102 1244 103 27 tygelsen,
227 1246 31 20 att
280 1245 37 21 det
337 1244 46 22 icke
405 1244 54 22 skall
481 1251 51 15 vara
554 1244 96 28 omöjligt
664 1244 33 22 för
712 1244 160 22 vederbörande
886 1246 38 23 att,

103 1273 73 21 därest
194 1272 103 28 förslaget
311 1274 75 21 vinner
401 1273 96 21 ståndets
513 1273 123 26 beaktande,
652 1273 158 22 sammanträda
824 1272 40 22 och
879 1272 44 22 vid-

102 1303 50 25 taga
167 1301 27 22 de
208 1301 145 27 förfoganden,
369 1307 46 16 som
431 1301 61 22 däraf
503 1301 127 22 föranledas.

172 1364 47 21 Hra
231 1363 115 28 Hynén:
360 1364 48 21 Hra
423 1364 107 28 Clouberg
545 1364 60 22 sanoi
610 1364 30 27 jo,
647 1364 52 21 mitä
708 1364 58 22 minä
776 1364 64 26 aijoin
851 1370 72 15 sanoa.

172 1426 48 21 Hra
242 1426 186 26 Cederberg:
450 1427 42 25 Jag
510 1426 54 21 skall
578 1426 27 20 be
619 1428 32 18 att
665 1427 7 19 i
687 1426 107 27 egenskap
802 1426 24 20 af
833 1426 91 20 medlem

103 1453 24 22 af
146 1454 44 26 lag-
206 1453 39 22 och
267 1453 215 22 ekonomiutskottets
504 1454 66 21 andra
584 1453 108 27 afdelning
705 1454 23 21 fä
741 1454 89 26 anmäla,
845 1456 31 19 att
891 1455 33 19 ut-

104 1482 82 22 skottet
206 1488 44 21 nog
272 1481 86 22 slutfört
378 1482 46 22 sina
443 1482 92 26 arbeten,
550 1488 49 15 men
614 1484 32 19 att
661 1488 26 15 en
703 1481 119 28 delegation
838 1482 86 21 tillsatts

103 1510 35 23 för
159 1513 32 20 att
205 1511 86 28 vidtaga
312 1511 27 22 de
354 1510 104 29 ätgärder,
474 1516 47 17 som
536 1510 100 28 möjligen
652 1511 57 22 ännu
723 1510 74 22 kunna
811 1510 65 22 blifva
890 1516 34 16 er-
