1098 1784
174 106 41 33 696
485 114 153 18 Valiokuntain
651 115 42 21 työ.
832 115 22 17 17
866 119 20 16 p.
898 114 96 17 maalisk.

173 184 131 22 tarkastama
324 183 188 23 mietintöehdotus
529 183 164 23 valiokunnassa
708 183 136 22 molemmilla
858 182 80 22 kielillä
953 185 42 19 tar-

172 212 159 22 kastettavaksi.
361 212 156 22 Julkilausuttu
536 212 24 27 ja
578 214 134 20 vastustusta
729 211 151 22 kohtaamaton
895 211 98 21 aikomus

172 241 166 22 valiokunnassa
352 247 28 15 on
393 241 103 27 järjestää
510 240 117 22 mietinnön
643 240 170 22 valmistaminen
829 240 61 26 siten,
901 242 44 19 että
955 246 38 15 sen

172 271 88 26 säätyyn
282 269 169 22 lähettämisestä
473 269 106 22 voitaisiin
603 270 85 26 päättää
710 268 44 22 niin
777 269 85 27 ajoissa,
882 270 45 20 että
948 268 47 22 asia

172 298 130 22 ehdittäisiin
324 304 69 15 ennen
415 298 26 21 V.
458 298 58 22 J:ssä
536 299 108 26 määrätyn
666 297 174 27 valtiopäiväajan
857 297 138 27 päättymistä

173 326 100 28 säädyille
290 326 70 27 jakaa,
379 326 96 28 pöydälle
490 332 76 21 panna,
582 326 96 22 käsitellä
690 326 23 27 ja
727 326 217 28 yhteensovitellakin,
958 326 35 26 jos

173 361 24 15 se
212 355 154 27 tarpeelliseksi
381 355 72 22 kävisi.

243 412 47 22 Hra
313 413 252 21 Hammarström:
596 412 40 22 Om
652 412 26 22 hr
695 412 61 22 Alins
772 412 156 27 framställning
946 412 49 22 med

172 441 116 27 anledning
305 441 23 22 af
343 442 37 21 det
399 443 49 24 sätt,
463 442 28 27 pä
505 442 81 21 hvilket
600 441 197 22 utskottsarbetena
811 441 33 21 för
859 442 134 21 närvarande

173 469 112 27 bedrifvas,
306 470 69 21 skulle
397 469 62 22 hafva
480 469 110 22 innehållit
610 469 26 22 de
652 469 123 28 sedvanliga
790 469 132 28 klagomälen
940 469 53 28 »jar-

173 499 75 20 rutus»
272 498 40 22 och
334 499 94 27 återigen
454 498 126 28 »jarrutus»,
600 498 54 22 hade
670 499 37 27 jag
721 498 33 22 för
770 499 43 20 min
830 498 33 22 del
877 498 116 28 ingalunda

172 526 72 23 funnit
258 527 45 22 skäl
318 529 33 20 att
365 527 63 27 spilla
443 527 38 22 ord
497 527 27 27 pä
539 527 70 28 dylika
623 527 111 26 klagomål.
757 527 50 21 Men
823 527 26 21 dä
864 527 25 21 hr
904 527 49 21 Alin
967 527 26 27 pä

174 557 32 20 ett
220 557 48 25 sätt,
284 562 46 15 som
347 556 67 21 under
429 556 64 21 dessa
507 556 72 27 dagar,
594 555 32 22 för
642 555 64 28 öfrigt
721 556 68 21 under
799 556 84 27 mycket
893 559 100 24 suspecta

173 583 85 26 former,
280 584 38 21 allt
340 591 45 14 mer
408 584 94 27 begynnt
516 585 135 26 praktiseras,
667 585 185 21 sammanblandar
866 584 75 27 frägan
957 590 35 15 om

173 613 71 21 denna
263 613 144 22 arbetsmetod
429 613 49 21 med
501 619 25 15 en
552 613 90 22 särskild
665 613 30 21 uti
718 613 223 27 grundlagsutskottet
963 619 30 15 nu

173 641 99 27 liggande
286 641 66 27 fräga,
367 641 106 27 nämligen
488 641 214 26 rösträttsreformen,
718 641 42 22 kan
772 641 38 27 jag
825 641 45 22 icke
882 641 111 22 underläta

173 671 32 20 att
226 672 78 19 nämna
324 671 66 26 några
404 670 45 21 ord.
477 670 42 27 Jag
534 673 45 18 tror
594 670 44 27 mig
653 670 72 21 kunna
739 669 102 27 försäkra,
856 672 32 19 att
900 671 38 26 jag
953 671 39 20 och

173 698 91 27 mängen
286 705 70 15 annan
376 700 39 19 vän
434 697 22 22 af
473 699 82 21 radikal
573 698 187 26 rösträttsreform,
776 711 26 3 —
819 699 43 26 och,
878 699 56 21 hvad
949 699 44 26 mig

173 727 51 26 själf
244 727 105 26 beträffar,
371 733 26 15 en
419 729 41 19 vän
478 727 23 21 af
517 727 66 22 sädan
605 727 80 22 radikal
703 727 78 22 reform
804 727 26 27 pä
845 727 70 27 grund
930 727 23 22 af
966 733 25 15 en

172 755 147 28 öfvertygelse,
330 762 48 15 som
393 755 91 22 utbildat
499 756 32 27 sig
546 756 60 27 långt
620 755 64 22 innan
699 756 128 27 partimöten
842 755 102 22 fastställt
959 756 33 21 sin

172 784 133 27 ståndpunkt
320 785 6 20 i
339 785 55 20 denn
407 784 72 27 afräga
489 797 26 2 —
526 785 46 21 icke
583 786 109 26 gentemot
701 784 223 27 grundlagsutskottet
934 785 59 21 ställt

172 818 38 15 oss
232 813 27 27 på
281 813 40 21 den
342 813 137 27 ståndpunkt,
498 819 46 16 som
563 813 25 22 hr
602 813 50 22 Alin
667 814 89 27 intager.
785 815 39 20 Att
839 813 24 22 hr
880 813 112 27 Ståhlberg

172 841 110 28 redogjort
296 841 34 22 för
345 842 83 27 gången
443 841 24 22 af
479 841 101 22 arbetena
595 842 31 21 uti
641 841 105 22 utskottet
761 844 23 19 är
796 842 25 27 ju
837 849 25 14 en
878 842 113 27 vänlighet,

172 876 47 15 som
238 870 81 21 kanske
338 877 37 15 var
390 870 28 28 på
433 871 33 20 sin
481 870 62 28 plats,
558 877 48 15 men
621 871 7 20 i
643 870 41 22 alla
698 870 112 23 händelser
825 871 45 21 icke
885 871 27 27 på
927 871 65 27 något

172 900 44 20 sätt
231 905 38 15 var
284 899 128 27 nödvändig,
427 900 30 26 ity
473 902 31 18 att
511 900 25 26 ju
547 906 26 15 en
584 899 172 26 ståndsmedlem,
768 906 46 16 som
825 900 78 21 önskar
913 900 79 21 erhålla

171 927 112 22 koncisare
298 928 81 21 notiser
390 930 26 19 än
425 927 48 22 från
483 928 185 28 tidningsprässen
678 928 46 22 står
734 928 31 22 till
776 928 54 22 buds
841 935 35 15 om
888 928 103 22 utskotts-

171 956 102 22 arbetena
290 956 121 28 lämpligast
429 957 41 21 kan
485 957 101 22 förskaffa
600 957 34 27 sig
648 957 48 21 dem
712 963 77 21 genom
804 958 83 26 privata
901 956 91 28 förfråg-

172 985 82 27 ningar.
282 985 43 27 Jag
347 987 45 20 tror
415 985 44 27 mig
479 986 66 21 uttala
567 992 26 16 en
616 988 46 19 stor
684 986 34 21 del
736 986 22 22 af
771 986 220 22 rösträttsreformens

172 1015 92 20 vänners
286 1014 31 22 uti
340 1014 58 22 detta
420 1014 63 22 stånd
504 1015 142 27 uppfattning,
664 1014 28 22 då
706 1014 38 28 jag
761 1017 68 25 säger,
848 1017 32 19 att
896 1015 35 21 det
946 1015 46 21 icke

171 1042 65 21 bland
255 1048 35 16 oss
306 1042 63 22 råder
383 1043 66 27 något
465 1042 72 23 tvifvel
553 1050 40 19 om,
609 1045 31 19 att
656 1044 223 27 grundlagsutskottet
893 1043 54 22 skall
957 1044 36 21 be-

171 1070 78 22 handla
256 1072 70 21 denna
334 1071 89 22 likasom
434 1072 66 21 andra
510 1072 7 21 i
527 1072 103 22 samband
641 1072 48 21 med
700 1072 40 22 den
751 1072 100 28 politiska
863 1072 129 27 ställningen

171 1099 46 21 icke
232 1100 89 22 stående
335 1099 74 28 frågor
423 1100 28 27 på
466 1100 35 22 det
517 1101 54 21 enda
586 1101 77 26 riktiga
678 1102 70 20 sättet.

240 1157 46 21 Hra
302 1157 114 27 Hynén:
438 1158 42 26 Jag
495 1158 35 21 vill
545 1158 85 27 inlägga
645 1164 26 15 en
687 1164 93 21 gensaga
794 1158 78 22 mothr
880 1158 113 22 Hammar-

172 1187 79 20 ströms
265 1186 105 26 yttrande,
385 1188 32 19 att
431 1186 70 22 denna
509 1186 157 27 interpellation
679 1192 51 16 vore
740 1187 62 27 gjord
814 1187 67 21 under
892 1190 99 24 suspecta

170 1214 189 26 omständigheter.
389 1214 93 22 Hvarför
504 1214 60 22 alltid
586 1214 52 22 söka
660 1214 70 28 dåliga
751 1215 66 22 motiv
840 1216 31 20 uti
893 1222 26 14 en
936 1216 56 20 olika

171 1242 117 22 tänkandes
310 1243 40 21 ord
372 1242 39 22 och
432 1242 115 28 handling?
578 1243 86 22 Ganska
686 1243 111 22 bestämda
820 1244 38 21 ord
874 1244 68 21 måste
954 1244 39 27 jag

170 1270 107 28 medgifva
298 1273 32 19 att
349 1271 38 27 jag
409 1271 76 21 uttalat
503 1272 7 20 i
529 1272 91 25 ståndet,
639 1278 49 15 men
708 1272 68 27 aldrig
794 1272 38 22 har
844 1272 39 27 jag
898 1273 94 27 angripit

170 1299 71 27 någon
256 1298 23 22 af
294 1299 58 22 mina
367 1300 145 22 motståndare
527 1300 92 26 därmed,
634 1302 32 20 att
680 1300 42 22 han
738 1300 69 22 skulle
822 1300 87 22 handlat
923 1300 69 22 under

169 1329 101 24 suspecta
285 1328 187 25 omständigheter.
502 1328 189 26 Interpellationen
706 1334 38 15 var
759 1328 61 21 enkel
836 1328 39 21 och
890 1328 46 21 klar
952 1328 39 21 och

168 1353 42 22 fick
232 1356 31 19 ett
280 1354 44 21 lika
341 1355 72 20 enkelt
427 1355 39 21 och
481 1355 56 21 klart
552 1361 49 15 svar
617 1355 23 22 af
652 1355 25 21 hr
693 1355 119 27 Ståhlberg,
826 1355 34 22 för
875 1356 79 21 hvilket
971 1357 21 20 vi

170 1384 37 19 äro
222 1382 79 22 honom
317 1382 136 22 tacksamma.

237 1439 47 22 Hra
299 1440 248 22 Hammarström:
576 1441 42 27 Jag
633 1440 68 23 finner
719 1441 44 28 mig
777 1441 46 22 åter
839 1443 84 27 engång
938 1443 53 21 nöd-

168 1468 67 22 sakad
250 1471 32 19 att
295 1470 57 21 rätta
363 1469 44 22 min
418 1469 63 22 ärade
491 1476 92 21 grannes
594 1471 43 20 sätt
647 1471 31 20 att
688 1470 94 21 referera
792 1471 58 21 mina
860 1471 131 22 uttalanden.

169 1497 117 27 Angående
308 1497 26 22 hr
352 1498 61 21 Alins
432 1498 132 28 ståndpunkt
579 1499 7 20 i
601 1499 71 21 denna
686 1499 59 27 fråga
760 1499 84 28 yttrade
856 1500 38 27 jag
909 1500 82 26 endast,
