1073 1795
144 131 55 21 1032
404 136 90 21 Apulisä
505 135 191 20 sotilastarpeisiin.
813 134 24 17 14
849 139 19 14 p.
881 133 81 17 huhtik.

142 203 73 22 förrän
230 204 7 21 i
252 203 42 28 dag
314 203 27 28 pä
361 203 166 27 eftermiddagen
543 203 82 21 kunnat
639 202 105 21 behandla
758 202 59 21 detta
831 202 79 21 ärende
925 202 39 21 och

143 232 84 22 säledes
249 232 97 27 omöjligt
367 232 78 21 hunnit
466 231 31 22 till
519 231 80 28 dagens
623 231 85 26 plenum
728 229 78 28 afgifva
821 230 143 23 betänkandet

143 261 75 28 tryckt,
240 267 49 15 men
314 261 82 27 hoppas
418 260 105 22 utskottet
545 261 31 21 att
598 259 72 22 kunna
691 259 7 21 i
720 265 91 21 morgon
834 259 81 26 bittida,
938 259 26 22 dä

143 289 116 22 ständerna
283 289 158 22 sammanträda
465 289 31 22 till
520 289 92 28 plenum,
637 287 63 22 hafva
724 288 144 21 betänkandet
889 287 75 28 tryckt.

143 318 123 23 Emellertid
290 318 95 22 anhäller
400 319 43 26 jag,
459 320 32 19 att
504 316 178 29 borgareständet
697 317 48 21 ville
760 317 117 27 bordlägga
890 317 74 22 betän-

143 347 79 22 kandet
237 347 31 22 till
287 347 3 22 i
305 353 89 21 morgon
409 347 76 22 bittida
500 347 31 21 till
547 346 37 23 sitt
598 345 67 22 första
679 346 93 27 plenum.

212 405 64 27 Sääty
290 406 66 26 päätti
370 411 71 21 panna
456 405 116 22 mietinnön
588 405 96 27 pöydälle
696 405 162 27 huomispäivän
866 404 98 22 ensimäi-

144 439 50 16 seen
210 434 180 27 täysi-istuntoon.

212 577 43 21 Hrt
276 576 143 28 Nybergh,
442 576 114 26 Heikel,
576 577 118 24 Teodor,
707 576 24 27 ja
745 576 124 21 Renvall
885 575 80 22 lukivat

144 606 71 21 tämän
221 605 86 27 jälkeen
314 605 66 21 kukin
388 611 122 15 vuoroonsa
515 605 55 27 julki
578 611 26 16 ne
612 605 83 27 puheet,
700 605 60 27 joilla
768 605 26 21 he
802 604 92 22 aikoivat
904 604 61 22 viedä

144 633 207 29 porvarissäädyn
374 633 308 28 jäähyväistervehdyksen
706 633 77 22 toisille
806 633 105 28 säädyille,
934 633 30 21 ni-

145 663 91 22 mittäin:

214 719 38 22 hra
266 719 135 28 Nybergh
416 720 25 21 R.
454 719 23 28 ja
491 719 59 27 A:lle,
566 719 50 22 näin
630 719 109 22 kuuluvan
754 719 93 27 puheen:

214 777 108 22 Välborne
336 777 50 21 herr
400 777 176 22 landtmarskalk!
592 776 122 29 Höglofliga
726 777 125 27 ridderskap
860 777 39 22 och
909 777 56 22 adel!

214 805 34 22 Dä
262 805 83 22 landets
361 805 86 22 ständer
462 812 30 15 nu
506 805 54 22 efter
575 807 31 20 ett
620 805 186 28 maktpäliggande
821 806 73 21 arbete
906 805 60 22 skola

145 834 102 27 ätskiljas,
262 833 94 22 anhåller
377 834 176 27 borgareständet
567 836 32 20 att
614 841 76 20 genom
706 841 42 18 oss,
764 835 50 22 dess
830 834 135 27 deputerade,

144 863 125 28 härigenom
286 862 22 22 fä
323 862 31 22 till
376 862 113 28 höglofliga
511 863 148 28 ridderskapet
674 863 39 22 och
727 863 61 22 adeln
811 863 107 22 frambära
934 863 31 21 sin

145 891 99 27 hjärtliga
261 891 191 27 afskedshälsning.

214 920 75 22 Under
310 920 144 21 innevarande
475 920 102 28 landtdag
598 920 63 22 hafva
682 920 223 27 meningsbrytningar
921 926 45 15 mer

146 950 27 20 än
187 948 81 28 vanligt
282 948 135 23 förekommit
434 949 110 27 angående
558 950 72 27 frågor
645 948 111 23 afformell
771 950 39 23 art,
824 948 79 28 frågor,
920 955 46 15 som

146 977 88 22 hänföra
256 977 34 27 sig
304 977 31 22 till
358 979 64 22 sättet
436 976 33 23 för
491 978 207 28 landtdagsarbetets
716 977 144 23 bedrifvande.
889 978 39 22 Att
943 978 24 21 så

146 1006 55 22 varit
217 1006 147 26 förhållandet,
379 1006 38 22 har
432 1006 33 22 sin
481 1008 106 27 naturliga
600 1007 117 27 förklaring
732 1006 52 26 däri,
798 1008 32 20 att
844 1006 122 28 landtdags-

146 1034 118 28 ordningen
287 1034 46 22 icke
354 1034 101 23 förutsett
477 1035 39 22 och
539 1036 46 22 icke
607 1036 82 22 kunnat
709 1035 83 22 förutse
814 1036 36 21 det
870 1035 44 26 fall,
936 1037 32 20 att

147 1063 143 27 grundlagens
312 1063 64 28 hälgd
399 1063 68 22 skulle
488 1063 23 22 af
530 1064 197 28 regeringsmakten
749 1064 100 22 förnekas
872 1064 39 21 och
936 1065 32 20 att

145 1092 234 27 landtdagsordningen
395 1092 81 22 således
491 1092 46 22 icke
551 1093 67 21 häller
630 1092 42 22 kan
682 1092 106 22 innehålla
798 1092 67 28 några
875 1098 92 20 normer,

146 1120 55 22 huru
224 1120 197 28 representationen
435 1121 8 21 i
459 1123 30 20 ett
511 1122 76 21 sådant
601 1121 35 22 fall
653 1121 38 22 bör
705 1120 90 23 förhålla
810 1121 33 27 sig
859 1123 109 25 gentemot

145 1149 133 27 regeringen.
307 1149 44 21 Det
372 1149 100 27 politiska
494 1150 61 27 parti,
578 1156 46 16 som
646 1152 158 26 represeuterar
827 1150 140 27 landtdagens

146 1177 156 28 öfvervägande
320 1177 74 26 flertal,
409 1178 44 26 har,
469 1178 71 22 såsom
556 1179 20 21 vi
595 1181 52 24 veta,
666 1179 3 21 i
685 1178 120 22 hufvudsak
820 1178 58 22 ställt
893 1179 33 27 sig
940 1178 28 28 på

146 1206 42 21 den
203 1206 137 27 ståndpunkt,
351 1208 37 24 att,
403 1206 86 28 sålänge
504 1207 36 22 det
555 1207 187 28 grundlagsenliga
757 1207 155 27 styrelsesättet
922 1207 46 21 icke

146 1234 69 22 blifvit
237 1235 124 25 återställdt,
377 1236 114 21 ständerna
513 1236 52 22 böra
586 1235 78 23 afhälla
686 1236 33 27 sig
733 1236 46 22 från
795 1237 31 21 att
842 1242 77 21 genom
934 1236 33 22 sin

146 1263 129 22 medvärkan
295 1264 36 21 vid
352 1263 159 29 lagstiftningen
533 1265 57 27 gifva
604 1264 22 22 åt
640 1265 88 27 lagarna
742 1271 26 15 en
784 1264 70 28 hälgd,
869 1270 47 16 som
931 1270 36 16 en-

146 1292 48 22 dast
209 1298 51 16 vore
275 1292 99 22 skenbar.
402 1292 46 22 Och
464 1293 89 22 sålunda
567 1294 39 21 har
621 1294 132 21 närvarande
768 1293 102 28 landtdag
885 1293 83 22 erhållit

146 1320 33 23 sin
202 1320 110 28 särprägel
333 1322 32 21 att
378 1327 51 16 vara
451 1327 26 16 en
492 1322 103 26 landtdag
615 1324 77 19 nästan
712 1322 136 21 uteslutande
863 1322 69 25 egnad
946 1322 22 20 åt

145 1349 83 20 arbetet
243 1349 27 26 på
292 1349 151 21 återställande
463 1349 23 21 af
498 1349 84 22 landets
597 1349 7 22 i
619 1349 70 26 grund
711 1349 96 22 rubbade
821 1349 147 27 rättsordning

146 1376 39 21 och
200 1376 167 22 samhällsskick.

214 1404 128 28 Lyckligtvis
358 1405 157 22 kännetecknas
531 1405 127 22 ständernas
673 1405 8 22 i
696 1405 58 22 detta
768 1405 100 23 afseende
883 1405 85 23 utförda

145 1433 74 22 arbete
234 1432 24 23 af
268 1433 40 22 fall
322 1433 92 28 enighet.
445 1434 46 22 Den
514 1434 146 27 underdäniga
682 1434 156 28 framställning
852 1435 116 22 ständerna

146 1461 67 22 aflåtit
227 1463 91 21 rörande
332 1463 150 22 återställande
497 1463 23 22 af
532 1463 78 28 lagliga
625 1463 145 22 förhållanden
785 1463 7 22 i
807 1463 72 22 landet
890 1476 26 3 —
927 1463 40 22 den

146 1497 17 16 s.
173 1490 20 22 k.
204 1493 59 20 stora
277 1491 251 28 petitionen
411 1486 13 38 —
436 1491 92 28 likasom
544 1492 40 24 ock
599 1493 27 21 de
640 1492 105 22 särskilda
759 1492 209 28 framställningarna

143 1520 113 27 angående
271 1520 57 22 vissa
343 1520 135 28 synnerligen
493 1520 159 23 framträdande
666 1521 198 22 missförhållanden
874 1521 39 22 har
923 1527 45 18 om-
