1073 1792
180 135 55 33 1040
445 145 90 20 Apulisä
548 145 191 19 sotilastarpeisiin.
848 146 24 16 15
884 150 20 15 p.
916 145 84 17 huhtik.

177 212 68 22 lioner
267 212 61 22 mark
350 212 68 22 skulle
441 212 123 27 godkännas
585 213 141 27 provisoriskt
740 212 33 22 för
788 214 58 20 detta
861 212 23 22 är
900 213 51 21 eller
965 213 36 22 för

178 246 81 16 samma
273 241 37 27 tid,
326 247 46 15 som
388 241 173 27 bevillningarna.

246 299 46 21 Hra
303 299 135 26 Castrén,
471 299 149 22 Johannes:
635 299 46 22 Hra
692 295 106 26 Öhmanin
810 285 121 46 esittämillä
939 300 60 27 syillä

178 328 82 27 pyydän
277 327 93 22 minäkin
386 327 114 22 kannattaa
515 329 143 21 valiokunnan
674 328 114 22 mietintöä.

246 385 47 22 Hra
335 391 147 16 Karvonen:
513 385 91 22 Samalla
618 385 44 21 kun
677 385 69 28 yhdyn
763 385 142 22 valiokunnan
917 386 84 21 mietin-

178 415 56 25 töön,
256 414 104 27 pyytäisin
384 414 63 21 saada
469 414 240 21 toimitusvaliokunnan
732 414 115 21 huomioon
871 414 127 22 otettavaksi

176 442 139 22 huomauttaa
337 444 84 20 eräästä
442 443 161 22 muodollisesta
626 443 110 24 virheestä,
756 443 52 27 joka
829 443 119 22 nähtävästi
970 449 27 16 on

176 471 162 22 käännösvirhe.
369 471 145 22 Suomalaisen
536 472 116 21 mietinnön
668 471 14 22 2
697 471 75 22 sivulla
795 471 99 28 löytyvän
911 478 87 21 ponnen

177 499 88 28 lopussa
288 503 111 18 sanotaan:
424 500 31 21 »ei
477 500 127 22 kuitenkaan
626 502 111 19 enemmän
752 500 51 22 kuin
821 500 109 26 1,800,000
946 507 52 15 vuo-

178 529 83 21 dessa».
292 528 56 22 Sana
365 529 130 21 »vuodessa»
512 529 71 27 pitäisi
605 529 49 21 siitä
673 529 67 26 jättää
755 529 53 27 pois,
824 529 68 22 koska
907 535 23 16 se
942 532 55 19 saat-

176 557 49 22 taisi
244 557 74 27 johtaa
341 557 66 22 siihen
431 558 141 27 käsitykseen,
594 557 50 22 kuin
664 557 47 22 olisi
727 559 58 20 tässä
799 557 100 28 kysymys
914 565 84 14 useam-

177 587 69 20 masta
260 586 110 26 vuodesta,
378 586 23 27 ja
416 593 26 14 on
459 586 138 21 ristiriidassa
612 592 86 21 ponnen
711 586 102 22 alkuosan
824 586 85 22 kanssa.
930 587 67 21 Ruot-

177 614 113 22 salaisessa
304 614 141 27 painoksessa
459 615 20 20 ei
494 615 33 21 ole
544 615 130 22 »vuodessa»
692 621 70 15 sanaa.

245 671 45 22 Hra
313 671 116 26 Heikel,
452 671 100 22 Felix:
581 668 70 25 Äfven
664 671 37 28 jag
717 671 39 21 ber
770 674 32 19 att
817 671 21 22 fä
852 671 78 22 föreslä
946 672 51 27 god-

176 700 112 21 kännande
310 699 23 22 af
353 700 243 21 utskottsbetänkandet.
625 700 139 27 Personligen
787 701 38 20 har
844 701 39 26 jag
903 701 55 21 varit
976 700 23 22 af

176 728 41 21 den
232 728 61 27 åsikt,
308 730 32 19 att
355 729 114 21 ständerna
484 735 29 15 nu
529 731 75 25 genast
619 729 66 21 borde
700 729 77 27 bevilja
788 729 69 22 denna
867 729 131 27 öfverföring

176 757 32 21 för
224 759 32 19 tre
271 757 23 22 är
309 757 82 26 framät,
410 757 32 22 för
458 759 31 20 att
504 758 89 21 sälunda
607 763 52 16 vara
672 757 119 22 förvissade
806 764 40 19 om,
862 760 31 20 att
908 758 40 21 den
964 758 33 22 för

176 792 36 15 oss
229 786 24 21 sä
268 786 133 28 olycksdigra
415 786 284 28 värnepliktsförfattningen
714 786 24 22 af
751 787 53 21 1901
822 787 52 21 skall
890 786 64 22 blifva
964 787 32 22 för

176 815 70 21 denna
260 815 31 22 tid
307 815 39 21 och
361 815 33 21 för
409 815 27 21 all
451 815 87 22 framtid
554 815 114 28 graflaggd.
699 816 48 20 Men
763 816 27 21 dä
805 816 115 22 ständerna
935 816 63 22 hafva

176 844 24 20 sä
214 844 50 21 kort
278 844 30 21 tid
329 844 28 27 pä
372 844 33 28 sig
419 846 32 20 att
465 843 122 29 öfverlägga
602 844 6 21 i
624 844 70 22 denna
707 844 60 27 fräga
782 845 39 21 och
836 845 27 21 dä
877 845 59 21 tiden
951 845 46 22 icke

175 872 67 21 häller
262 872 117 27 medgifver
400 874 139 26 uppgörande
554 873 22 22 af
589 873 70 27 nägon
675 872 124 28 fullständig
814 873 183 28 finansreglering,

174 900 39 22 har
226 901 38 27 jag
278 902 6 20 i
300 902 103 21 utskottet
418 903 69 20 röstat
501 901 32 22 för
549 904 31 20 att
596 902 57 21 detta
669 902 27 21 10
711 902 109 27 miljoners
835 902 75 28 anslag
924 903 72 27 provi-

176 929 79 22 soriskt
270 930 68 21 skulle
352 930 81 22 lämnas
449 930 32 22 för
496 933 31 19 ett
541 931 23 21 är
579 930 83 22 framät.

244 986 46 22 Hra
312 986 191 22 Lundenius:
532 988 42 27 Jag
589 987 37 21 ber
642 989 55 20 ännu
713 987 21 22 få
749 988 102 21 anmärka
865 991 45 19 mot
928 988 69 22 affatt-

174 1015 79 27 ningen
269 1015 23 21 af
305 1016 69 21 denna
388 1016 62 26 kläm,
465 1019 32 19 att
511 1016 41 21 den
567 1016 106 22 förefaller
688 1016 44 27 mig
746 1016 46 22 icke
806 1017 24 21 sä
844 1017 107 22 bestämdt
965 1018 30 21 af-

174 1043 71 27 fattad,
256 1050 47 15 som
318 1044 7 21 i
340 1044 77 22 sådant
430 1044 37 22 fall
483 1045 68 21 skulle
566 1051 50 15 vara
628 1044 99 28 önskligt.
751 1045 43 21 Det
803 1045 66 26 heter,
882 1048 43 19 »att
937 1048 58 20 stän-

174 1072 66 22 derna
262 1072 48 21 ville
330 1073 108 27 samtycka
459 1073 75 26 därtill,
552 1076 32 19 att
597 1073 33 21 för
644 1074 24 20 är
685 1074 60 26 1905,
760 1073 54 23 efter
829 1074 131 28 öfverföring
974 1075 23 21 af

174 1100 110 28 7,000,000
306 1101 61 22 mark
388 1101 47 22 från
453 1102 107 22 allmänna
575 1102 133 22 statsfonden
725 1103 31 21 till
771 1103 159 26 militiefonden,
946 1104 48 21 sist-

173 1130 78 21 nämda
272 1129 63 23 fonds
358 1130 121 28 disponibla
500 1131 113 28 tillgängar
636 1131 131 22 utanordnas
785 1131 32 22 till
832 1132 162 22 riksskattkam-

173 1164 81 16 marn».
284 1158 72 22 Skulle
378 1159 35 21 det
435 1166 29 14 nu
487 1159 101 25 befinnas,
610 1161 32 19 att
664 1160 26 21 de
710 1160 121 27 disponibla
852 1160 143 28 tillgångarna

173 1186 69 22 skulle
263 1188 71 26 uppgä
353 1187 31 21 till
399 1188 66 27 högre
486 1188 77 27 belopp
579 1190 27 20 än
620 1194 50 15 man
685 1188 117 28 kalkylerat
816 1189 50 21 eller
884 1190 110 26 1,800,000

172 1215 66 25 mark,
260 1216 24 21 sä
306 1216 68 21 skulle
396 1216 61 22 däraf
475 1216 56 28 följa,
546 1220 32 18 att
593 1217 36 21 det
644 1217 82 27 belopp,
743 1224 46 15 som
804 1217 96 22 kommer
915 1220 32 20 att
961 1218 32 22 till

172 1243 54 50 ET
233 1239 166 58 kattkammaren
422 1245 110 27 utbetalas,
555 1246 68 21 skulle
642 1245 116 28 öfverstiga
780 1246 42 26 det,
843 1252 46 16 som
908 1247 86 21 ständet

171 1274 70 19 afsett.

240 1330 46 21 Hra
302 1325 124 26 Öhman:
455 1330 42 26 Jag
511 1331 38 20 ber
564 1331 25 20 hr
607 1331 123 20 Lundenius
746 1338 50 14 vara
811 1332 125 27 öfvertygad
951 1338 41 19 om,

170 1359 32 19 att
223 1357 161 22 statsutskottet
398 1357 127 22 härutinnan
540 1358 45 21 haft
600 1360 71 25 öppna
686 1360 55 25 ögon
757 1359 35 22 vid
807 1360 148 26 redigeringen
971 1359 24 22 af

170 1386 70 21 denna
262 1386 62 21 kläm.
353 1385 151 22 Förhällandet
525 1388 29 24 är,
570 1388 31 19 att
622 1388 30 20 ett
674 1387 114 28 väsentligt
810 1388 70 22 minus
896 1388 7 21 i
917 1388 75 28 hvarje

169 1413 102 22 händelse
292 1413 98 23 kommer
411 1417 31 19 att
463 1415 80 27 uppstä
557 1415 7 22 i
579 1415 152 22 militiefonden
748 1416 38 22 och
802 1417 101 22 behöfves
919 1417 73 22 därför

170 1443 91 22 tillskott
274 1443 47 22 frän
337 1443 218 28 bevillningsmedlen.

238 1501 47 22 Hra
300 1500 155 23 Boisman:
478 1501 11 22 I
508 1502 115 27 anledning
638 1501 22 23 af
672 1502 26 22 hr
714 1503 127 22 Karvonens
849 1503 143 29 anmärkning

168 1529 92 22 rörande
282 1529 66 23 slutet
370 1529 23 22 af
411 1530 41 21 den
467 1529 68 23 finska
550 1530 106 23 klämmen
678 1531 94 22 anhåller
784 1532 44 28 jag,
843 1534 32 20 att
889 1533 101 27 borgare-
