1089 1792
186 132 42 21 848
411 139 128 19 Epäkohdat
550 139 145 17 koulutoimen
707 139 68 17 alalla.
854 139 26 16 10
892 144 20 14 p.
924 139 83 17 huhtik.

186 206 32 22 Pä
233 207 70 21 denna
325 207 70 27 grund
419 207 62 21 hafva
503 208 62 20 dessa
584 206 122 22 uttalanden
721 207 74 27 ingätt.
826 206 63 22 Hvad
904 207 35 21 det
955 207 52 21 sista

187 235 82 27 stycket
291 235 104 27 beträffar,
411 236 24 20 sä
450 238 23 18 är
489 236 36 21 det
537 236 25 26 ju
578 238 30 19 ett
628 235 108 21 uttalande
759 235 22 21 af
794 237 31 20 ett
840 235 166 27 önskningsmäl,

186 266 52 18 utan
253 266 31 19 att
299 264 36 21 det
349 264 38 22 har
403 263 82 22 formen
501 264 22 21 af
537 270 25 15 en
578 264 62 22 kläm.

257 321 46 22 Hra
318 321 117 27 Hynön:
451 321 89 22 Minulla
555 322 19 21 ei
589 322 34 21 ole
637 321 70 27 paljoa
722 321 116 22 lisäämistä
853 321 63 22 tähän
927 322 79 21 asiaan.

187 349 50 22 Kun
260 350 66 21 muita
347 350 19 21 ei
382 353 60 18 saatu
465 350 151 27 hyväksytyksi
631 349 138 22 ainoatakaan
785 350 70 25 niistä,
867 349 61 28 jotka
942 350 66 21 olivat

187 378 74 21 virkaa
274 378 109 21 hakeneet.
395 379 64 26 täytyi
470 379 79 20 tohtori
559 379 173 26 Tavaststjernan
743 378 124 21 hätätilassa
875 379 72 26 taipua
955 381 53 18 otta-

188 413 63 15 maan
266 407 60 21 virka
340 409 94 19 vastaan.
465 407 48 20 Niin
530 407 27 21 oli
573 413 38 15 sen
626 407 60 20 asian
700 407 56 20 laita.

257 464 130 21 Keskustelu
407 464 123 27 julistettiin
552 466 37 25 nyt
610 463 151 28 päättyneeksi,
778 464 66 27 jonka
856 464 85 27 jälkeen
958 464 50 21 mie-

187 493 75 21 tinnön
277 493 82 21 kolmas
375 495 73 19 osasto
464 493 67 21 siihen
547 493 116 21 kuuluvine
678 493 118 26 ponsineen
811 493 149 28 hyväksyttiin.

255 550 157 27 Täysi-istunto
434 550 148 27 keskeytettiin
606 551 71 20 tämän
697 549 85 28 jälkeen
800 549 41 22 k:lo
858 551 53 25 11,05
925 551 14 21 i.
953 557 21 21 p.
986 551 24 26 ja

185 579 108 26 jatkettiin
310 580 45 19 taas
371 578 41 22 k:lo
429 579 58 25 11,40,
499 579 75 26 jolloin
591 579 77 26 säädyn
684 579 163 21 ratkaistavaksi
855 579 93 27 jätettiin
958 579 50 21 mie-

187 607 75 21 tinnön
277 607 31 21 IV
324 610 73 18 osasto
412 609 57 25 ynnä
483 607 64 27 ponsi
562 607 75 22 sivulla
653 607 46 21 121.

257 664 169 22 Puheenvuoroa.
440 665 61 26 pyysi

256 721 39 22 hra
316 721 144 22 Boisman
480 722 23 26 ja
517 722 80 21 lausui:
620 721 10 22 I
648 721 115 22 utskottets
780 721 73 28 dystra
868 721 104 28 skildring
988 722 24 21 af

188 753 30 19 ett
241 753 86 25 system,
350 756 46 15 som
419 750 64 21 ocksä
501 751 28 27 pä
551 750 160 22 skolväsendets
734 750 87 22 omräde
843 750 49 22 sökt
914 750 95 22 nedrifva

188 780 85 27 gängna
296 780 66 21 tiders
384 779 101 27 hängifna
503 780 78 26 arbete,
596 779 66 21 fäster
677 785 48 15 man
742 780 33 26 sig
790 779 100 22 särskildt
906 779 36 22 vid
956 779 53 22 rela-

187 809 74 20 tionen
276 815 35 14 om
327 808 40 21 den
383 808 147 27 egendomliga
545 809 23 21 är
585 808 54 22 1903
655 808 87 21 tillsatta
756 808 105 22 komitten
871 807 34 22 för
917 809 92 21 revision

189 837 23 21 af
225 837 152 21 läroböckerna
392 837 7 20 i
414 837 89 21 historia
517 837 40 22 och
572 836 99 29 geografi.
701 837 93 21 Senaten
809 837 39 21 har
863 837 7 21 i
885 837 71 21 denna
973 837 36 22 ko-

188 865 61 22 mittö
263 866 66 21 insatt
345 864 142 23 ordföranden
503 866 38 21 och
557 868 78 19 tvänne
645 865 117 22 ledamöter
773 867 6 20 i
791 865 218 28 skolöfverstyrelsen,

188 894 76 26 hvilka,
279 895 71 21 såsom
366 893 23 23 af
402 894 143 22 betänkandet
565 894 99 28 framgår,
676 894 115 28 ingalunda
806 895 27 21 ha
848 894 55 22 visat
919 895 90 21 tillräek-

188 923 30 26 lig
232 923 79 21 fasthet
327 925 108 25 gentemot
456 923 221 28 nedrifningsarbetet,
697 924 39 20 och
751 923 23 21 af
787 923 221 27 generalguvernören

188 951 27 21 ha
239 954 78 19 utsetts
340 952 36 20 hrr
399 951 70 26 Nivet,
485 952 112 27 Semenoff,
611 951 96 25 Jeleneff,
723 952 113 21 Kanninen
852 952 39 21 och
907 951 102 22 Krochin.

189 980 76 22 Denna
279 980 104 27 märkliga
398 980 88 22 komitt6
502 980 38 22 har
555 981 65 21 redan
635 980 82 27 afgifvit
728 981 38 21 sitt
776 980 140 26 betänkande,
926 980 84 27 åtföljdt

189 1008 22 22 af
225 1014 27 15 en
266 1009 133 21 reservation
413 1008 24 22 af
449 1008 224 28 skolöfverstyrelsens
689 1011 172 25 representanter
876 1009 7 21 i
898 1009 112 21 komitt6n.

189 1037 112 22 Utskottet
322 1037 108 21 meddelar
453 1038 116 21 emellertid
591 1038 41 21 den
655 1037 165 22 öfverraskande
836 1037 117 28 uppgiften,
974 1040 36 24 att,

189 1066 54 22 efter
265 1066 111 27 upprepad
397 1066 97 21 anhållan
520 1073 35 14 om
570 1066 77 22 nämda
661 1066 101 22 komittös
779 1066 138 26 betänkande,
934 1072 76 21 genom

190 1094 291 27 ekonomiedepartementets
503 1095 69 21 kansli
595 1095 94 21 erhällits
711 1095 36 21 det
772 1102 55 19 svar,
850 1097 31 20 att
901 1095 109 21 läroboks-

190 1123 115 21 komittöns
316 1123 133 21 betänkande
459 1122 33 22 för
502 1124 132 21 närvarande
644 1124 46 21 icke
702 1124 71 20 kunde
784 1124 106 21 utskottet
900 1124 111 21 tillhanda-

190 1152 73 26 hällas,
277 1153 52 19 enär
344 1152 118 21 detsamma
477 1158 38 15 var
530 1152 69 22 under
613 1152 158 28 handläggning
785 1152 7 21 i
807 1154 94 20 senaten.
931 1152 39 22 Att
981 1154 30 20 ett

190 1181 76 21 sädant
288 1180 171 27 komitteförslag
478 1181 142 21 undanhällits
636 1182 120 24 ständerna,
771 1181 69 21 mäste
855 1182 65 20 väcka
934 1181 77 27 högsta

189 1208 119 27 förväning.
338 1208 43 22 Det
403 1208 102 28 uppgifna
527 1210 94 25 motivet,
638 1211 32 19 att
691 1209 144 21 betänkandet
856 1210 130 26 handlägges
1004 1210 7 20 i

190 1240 94 22 senaten,
300 1243 63 20 synes
377 1236 129 27 fullkomligt
521 1237 108 25 ohällbart,
645 1238 28 20 dä
683 1238 24 26 ju
724 1237 84 21 afskrift
817 1238 39 21 lätt
866 1238 54 21 hade
930 1238 82 21 kunnat

190 1268 69 24 tagas.
289 1265 153 21 Förekomsten
465 1265 23 21 af
508 1266 41 22 den
564 1266 77 21 nämda
656 1266 159 21 reservationen
829 1266 67 27 gifver
907 1267 105 21 utskottet

191 1294 115 26 anledning
321 1294 31 20 till
367 1293 117 27 förmodan,
499 1297 32 19 att
546 1294 145 27 majoritetens
706 1294 82 27 förslag
803 1296 23 20 är
840 1294 23 22 af
876 1295 41 21 den
932 1297 38 23 art,
981 1296 31 20 att

191 1322 36 21 det
242 1322 46 20 icke
302 1322 54 20 läter
371 1322 34 26 sig
413 1322 84 21 förenas
508 1323 48 20 med
567 1329 25 13 en
604 1322 118 21 tendensfri
733 1322 137 26 uppfattning
880 1322 22 21 af
911 1323 100 20 Finlands

191 1349 90 21 historia
295 1349 39 21 och
350 1348 213 23 storfurstendömets
583 1350 132 21 törhällande
730 1350 31 21 till
776 1350 161 26 kejsaredömet.
967 1350 45 22 Och

191 1378 105 20 utskottet
311 1377 103 27 tillägger,
429 1380 31 18 att
475 1378 103 21 komittön
594 1378 61 21 torde
670 1378 61 21 hafva
745 1378 116 27 föreslagit,
871 1380 32 19 att
913 1379 99 21 särskildt

192 1406 181 27 undervisningen
388 1406 7 21 i
410 1406 117 27 Rysslands
550 1406 89 22 historia
661 1407 39 21 och
715 1406 93 28 geografi
824 1407 68 21 skulle
907 1408 28 26 på
949 1408 63 27 ryska

191 1435 110 21 meddelas
315 1436 7 20 i
337 1435 27 22 de
379 1434 66 28 högre
460 1435 181 22 läroanstalterna.
673 1436 112 22 Huruvida
803 1437 130 21 reservation
949 1436 63 22 fram-

192 1464 71 22 ställts
278 1464 65 22 ocksä
358 1464 7 21 i
381 1464 69 22 denna
472 1465 39 25 del,
533 1464 89 28 antydes
643 1464 46 22 icke
712 1466 31 20 uti
766 1465 245 22 utskottsbetänkandet.

191 1493 52 21 Med
258 1495 79 20 största
352 1493 107 28 spänning
473 1496 80 19 motser
568 1500 49 15 man
632 1493 120 22 kännedom
768 1501 35 15 om
819 1494 36 22 det
870 1497 48 21 sätt,
933 1494 81 29 hvarpä

192 1525 169 24 reservanterna,
385 1522 224 28 skolöfverstyrelsens
631 1522 89 22 främsta
744 1523 153 26 funktionärer,
922 1524 91 22 bevakat
