<?xml version="1.0" encoding="UTF-8"?>
<alto xmlns="http://www.loc.gov/standards/alto/ns-v3#" xmlns:xlink="http://www.w3.org/1999/xlink" xmlns:xsi="http://www.w3.org/2001/XMLSchema-instance" xsi:schemaLocation="http://www.loc.gov/standards/alto/ns-v3# http://www.loc.gov/alto/v3/alto-3-0.xsd">
	<Description>
		<MeasurementUnit>pixel</MeasurementUnit>
		<sourceImageInformation>
			<fileName>/tmp/tess_dqinb011_input.PNG</fileName>
		</sourceImageInformation>
		<OCRProcessing ID="OCR_0">
			<ocrProcessingStep>
				<processingSoftware>
					<softwareName>tesseract 5.3.4</softwareName>
				</processingSoftware>
			</ocrProcessingStep>
		</OCRProcessing>
	</Description>
	<Layout>
		<Page WIDTH="1073" HEIGHT="1798" PHYSICAL_IMG_NR="0" ID="page_0">
			<PrintSpace HPOS="0" VPOS="0" WIDTH="1073" HEIGHT="1798">
				<ComposedBlock ID="cblock_0" HPOS="161" VPOS="133" WIDTH="821" HEIGHT="26">
					<TextBlock ID="block_0" HPOS="161" VPOS="133" WIDTH="821" HEIGHT="26">
						<TextLine ID="line_0" HPOS="161" VPOS="133" WIDTH="821" HEIGHT="26">
							<String ID="string_0" HPOS="161" VPOS="133" WIDTH="55" HEIGHT="21" WC="0.95" CONTENT="1016"/><SP WIDTH="194" VPOS="133" HPOS="216"/>
							<String ID="string_1" HPOS="410" VPOS="139" WIDTH="155" HEIGHT="16" WC="0.88" CONTENT="Kansakoulun"/><SP WIDTH="9" VPOS="139" HPOS="565"/>
							<String ID="string_2" HPOS="574" VPOS="139" WIDTH="154" HEIGHT="20" WC="0.91" CONTENT="jatkokurssit.."/><SP WIDTH="104" VPOS="139" HPOS="728"/>
							<String ID="string_3" HPOS="832" VPOS="139" WIDTH="24" HEIGHT="17" WC="0.93" CONTENT="14"/><SP WIDTH="12" VPOS="139" HPOS="856"/>
							<String ID="string_4" HPOS="868" VPOS="144" WIDTH="19" HEIGHT="15" WC="0.92" CONTENT="p."/><SP WIDTH="14" VPOS="144" HPOS="887"/>
							<String ID="string_5" HPOS="901" VPOS="139" WIDTH="81" HEIGHT="17" WC="0.89" CONTENT="huhtik."/>
						</TextLine>
					</TextBlock>
				</ComposedBlock>
				<GraphicalElement ID="cblock_1" HPOS="160" VPOS="168" WIDTH="823" HEIGHT="3"></GraphicalElement >
				<ComposedBlock ID="cblock_2" HPOS="154" VPOS="206" WIDTH="830" HEIGHT="57">
					<TextBlock ID="block_1" HPOS="154" VPOS="206" WIDTH="830" HEIGHT="57">
						<TextLine ID="line_1" HPOS="228" VPOS="206" WIDTH="756" HEIGHT="29">
							<String ID="string_6" HPOS="228" VPOS="206" WIDTH="39" HEIGHT="27" WC="0.96" CONTENT="Ne,"/><SP WIDTH="20" VPOS="206" HPOS="267"/>
							<String ID="string_7" HPOS="287" VPOS="206" WIDTH="63" HEIGHT="28" WC="0.93" CONTENT="jotka"/><SP WIDTH="21" VPOS="206" HPOS="350"/>
							<String ID="string_8" HPOS="371" VPOS="207" WIDTH="136" HEIGHT="28" WC="0.89" CONTENT="kyväksyvät"/><SP WIDTH="20" VPOS="207" HPOS="507"/>
							<String ID="string_9" HPOS="527" VPOS="207" WIDTH="63" HEIGHT="21" WC="0.96" CONTENT="esillä"/><SP WIDTH="22" VPOS="207" HPOS="590"/>
							<String ID="string_10" HPOS="612" VPOS="207" WIDTH="77" HEIGHT="21" WC="0.95" CONTENT="olevan"/><SP WIDTH="18" VPOS="207" HPOS="689"/>
							<String ID="string_11" HPOS="707" VPOS="206" WIDTH="131" HEIGHT="27" WC="0.96" CONTENT="mietinnön,"/><SP WIDTH="16" VPOS="206" HPOS="838"/>
							<String ID="string_12" HPOS="854" VPOS="208" WIDTH="130" HEIGHT="20" WC="0.96" CONTENT="äänestävät"/>
						</TextLine>
						<TextLine ID="line_2" HPOS="154" VPOS="235" WIDTH="621" HEIGHT="28">
							<String ID="string_13" HPOS="154" VPOS="235" WIDTH="55" HEIGHT="28" WC="0.96" CONTENT="jaa;"/><SP WIDTH="16" VPOS="235" HPOS="209"/>
							<String ID="string_14" HPOS="225" VPOS="242" WIDTH="32" HEIGHT="16" WC="0.95" CONTENT="ne,"/><SP WIDTH="10" VPOS="242" HPOS="257"/>
							<String ID="string_15" HPOS="267" VPOS="235" WIDTH="64" HEIGHT="28" WC="0.96" CONTENT="jotka"/><SP WIDTH="15" VPOS="235" HPOS="331"/>
							<String ID="string_16" HPOS="346" VPOS="235" WIDTH="44" HEIGHT="21" WC="0.96" CONTENT="sitä"/><SP WIDTH="15" VPOS="235" HPOS="390"/>
							<String ID="string_17" HPOS="405" VPOS="235" WIDTH="58" HEIGHT="21" WC="0.96" CONTENT="eivät"/><SP WIDTH="14" VPOS="235" HPOS="463"/>
							<String ID="string_18" HPOS="477" VPOS="235" WIDTH="104" HEIGHT="28" WC="0.96" CONTENT="hyväksy,"/><SP WIDTH="16" VPOS="235" HPOS="581"/>
							<String ID="string_19" HPOS="597" VPOS="237" WIDTH="129" HEIGHT="19" WC="0.96" CONTENT="äänestävät"/><SP WIDTH="15" VPOS="237" HPOS="726"/>
							<String ID="string_20" HPOS="741" VPOS="235" WIDTH="34" HEIGHT="26" WC="0.94" CONTENT="ei;"/>
						</TextLine>
					</TextBlock>
				</ComposedBlock>
				<ComposedBlock ID="cblock_3" HPOS="224" VPOS="292" WIDTH="758" HEIGHT="28">
					<TextBlock ID="block_2" HPOS="224" VPOS="292" WIDTH="758" HEIGHT="28">
						<TextLine ID="line_3" HPOS="224" VPOS="292" WIDTH="758" HEIGHT="28">
							<String ID="string_21" HPOS="224" VPOS="292" WIDTH="38" HEIGHT="28" WC="0.95" CONTENT="jos"/><SP WIDTH="21" VPOS="292" HPOS="262"/>
							<String ID="string_22" HPOS="283" VPOS="292" WIDTH="22" HEIGHT="21" WC="0.96" CONTENT="ei"/><SP WIDTH="21" VPOS="292" HPOS="305"/>
							<String ID="string_23" HPOS="326" VPOS="292" WIDTH="89" HEIGHT="26" WC="0.96" CONTENT="voittaa,"/><SP WIDTH="17" VPOS="292" HPOS="415"/>
							<String ID="string_24" HPOS="432" VPOS="292" WIDTH="52" HEIGHT="21" WC="0.93" CONTENT="niin"/><SP WIDTH="14" VPOS="292" HPOS="484"/>
							<String ID="string_25" HPOS="498" VPOS="294" WIDTH="64" HEIGHT="26" WC="0.96" CONTENT="sääty"/><SP WIDTH="15" VPOS="294" HPOS="562"/>
							<String ID="string_26" HPOS="577" VPOS="299" WIDTH="29" HEIGHT="15" WC="0.96" CONTENT="on"/><SP WIDTH="12" VPOS="299" HPOS="606"/>
							<String ID="string_27" HPOS="618" VPOS="294" WIDTH="120" HEIGHT="26" WC="0.93" CONTENT="päättänyt"/><SP WIDTH="14" VPOS="294" HPOS="738"/>
							<String ID="string_28" HPOS="752" VPOS="293" WIDTH="85" HEIGHT="27" WC="0.93" CONTENT="hyljätä"/><SP WIDTH="15" VPOS="293" HPOS="837"/>
							<String ID="string_29" HPOS="852" VPOS="292" WIDTH="130" HEIGHT="22" WC="0.96" CONTENT="mietinnön."/>
						</TextLine>
					</TextBlock>
				</ComposedBlock>
				<ComposedBlock ID="cblock_4" HPOS="159" VPOS="349" WIDTH="823" HEIGHT="57">
					<TextBlock ID="block_3" HPOS="159" VPOS="349" WIDTH="823" HEIGHT="57">
						<TextLine ID="line_4" HPOS="230" VPOS="349" WIDTH="752" HEIGHT="28">
							<String ID="string_30" HPOS="230" VPOS="349" WIDTH="127" HEIGHT="28" WC="0.96" CONTENT="Esitykseen"/><SP WIDTH="19" VPOS="349" HPOS="357"/>
							<String ID="string_31" HPOS="376" VPOS="351" WIDTH="140" HEIGHT="20" WC="0.96" CONTENT="vastattaessa"/><SP WIDTH="15" VPOS="351" HPOS="516"/>
							<String ID="string_32" HPOS="531" VPOS="349" WIDTH="29" HEIGHT="22" WC="0.97" CONTENT="oli"/><SP WIDTH="15" VPOS="349" HPOS="560"/>
							<String ID="string_33" HPOS="575" VPOS="350" WIDTH="20" HEIGHT="21" WC="0.97" CONTENT="ei"/><SP WIDTH="15" VPOS="350" HPOS="595"/>
							<String ID="string_34" HPOS="610" VPOS="350" WIDTH="92" HEIGHT="26" WC="0.96" CONTENT="voitolla,"/><SP WIDTH="13" VPOS="350" HPOS="702"/>
							<String ID="string_35" HPOS="715" VPOS="350" WIDTH="23" HEIGHT="27" WC="0.96" CONTENT="ja"/><SP WIDTH="15" VPOS="350" HPOS="738"/>
							<String ID="string_36" HPOS="753" VPOS="352" WIDTH="60" HEIGHT="25" WC="0.96" CONTENT="sääty"/><SP WIDTH="15" VPOS="352" HPOS="813"/>
							<String ID="string_37" HPOS="828" VPOS="350" WIDTH="27" HEIGHT="21" WC="0.96" CONTENT="oli"/><SP WIDTH="16" VPOS="350" HPOS="855"/>
							<String ID="string_38" HPOS="871" VPOS="350" WIDTH="37" HEIGHT="21" WC="0.93" CONTENT="siis"/><SP WIDTH="16" VPOS="350" HPOS="908"/>
							<String ID="string_39" HPOS="924" VPOS="351" WIDTH="58" HEIGHT="26" WC="0.93" CONTENT="päät-"/>
						</TextLine>
						<TextLine ID="line_5" HPOS="159" VPOS="378" WIDTH="643" HEIGHT="28">
							<String ID="string_40" HPOS="159" VPOS="380" WIDTH="60" HEIGHT="26" WC="0.93" CONTENT="tänyt"/><SP WIDTH="14" VPOS="380" HPOS="219"/>
							<String ID="string_41" HPOS="233" VPOS="378" WIDTH="79" HEIGHT="28" WC="0.93" CONTENT="hyljätä"/><SP WIDTH="15" VPOS="378" HPOS="312"/>
							<String ID="string_42" HPOS="327" VPOS="378" WIDTH="116" HEIGHT="22" WC="0.96" CONTENT="mietinnön"/><SP WIDTH="17" VPOS="378" HPOS="443"/>
							<String ID="string_43" HPOS="460" VPOS="378" WIDTH="53" HEIGHT="22" WC="0.93" CONTENT="siinä"/><SP WIDTH="15" VPOS="378" HPOS="513"/>
							<String ID="string_44" HPOS="528" VPOS="379" WIDTH="83" HEIGHT="22" WC="0.92" CONTENT="olevine"/><SP WIDTH="15" VPOS="379" HPOS="611"/>
							<String ID="string_45" HPOS="626" VPOS="379" WIDTH="176" HEIGHT="21" WC="0.92" CONTENT="ehdotuksineen."/>
						</TextLine>
					</TextBlock>
				</ComposedBlock>
				<ComposedBlock ID="cblock_5" HPOS="159" VPOS="488" WIDTH="823" HEIGHT="461">
					<TextBlock ID="block_4" HPOS="159" VPOS="488" WIDTH="823" HEIGHT="461">
						<TextLine ID="line_6" HPOS="229" VPOS="488" WIDTH="752" HEIGHT="28">
							<String ID="string_46" HPOS="229" VPOS="488" WIDTH="46" HEIGHT="21" WC="0.96" CONTENT="Hra"/><SP WIDTH="15" VPOS="488" HPOS="275"/>
							<String ID="string_47" HPOS="290" VPOS="488" WIDTH="116" HEIGHT="26" WC="0.96" CONTENT="Heikel,"/><SP WIDTH="16" VPOS="488" HPOS="406"/>
							<String ID="string_48" HPOS="422" VPOS="488" WIDTH="87" HEIGHT="27" WC="0.96" CONTENT="Felix,"/><SP WIDTH="15" VPOS="488" HPOS="509"/>
							<String ID="string_49" HPOS="524" VPOS="488" WIDTH="62" HEIGHT="28" WC="0.96" CONTENT="pyysi"/><SP WIDTH="14" VPOS="488" HPOS="586"/>
							<String ID="string_50" HPOS="600" VPOS="488" WIDTH="167" HEIGHT="27" WC="0.96" CONTENT="puheenvuoroa"/><SP WIDTH="12" VPOS="488" HPOS="767"/>
							<String ID="string_51" HPOS="779" VPOS="489" WIDTH="23" HEIGHT="26" WC="0.96" CONTENT="ja"/><SP WIDTH="14" VPOS="489" HPOS="802"/>
							<String ID="string_52" HPOS="816" VPOS="488" WIDTH="79" HEIGHT="22" WC="0.96" CONTENT="lausui:"/><SP WIDTH="17" VPOS="488" HPOS="895"/>
							<String ID="string_53" HPOS="912" VPOS="488" WIDTH="69" HEIGHT="21" WC="0.96" CONTENT="Sedan"/>
						</TextLine>
						<TextLine ID="line_7" HPOS="160" VPOS="516" WIDTH="822" HEIGHT="29">
							<String ID="string_54" HPOS="160" VPOS="517" WIDTH="115" HEIGHT="22" WC="0.90" CONTENT="ständerna"/><SP WIDTH="14" VPOS="517" HPOS="275"/>
							<String ID="string_55" HPOS="289" VPOS="517" WIDTH="8" HEIGHT="21" WC="0.93" CONTENT="i"/><SP WIDTH="15" VPOS="517" HPOS="297"/>
							<String ID="string_56" HPOS="312" VPOS="516" WIDTH="37" HEIGHT="28" WC="0.92" CONTENT="gär"/><SP WIDTH="16" VPOS="516" HPOS="349"/>
							<String ID="string_57" HPOS="365" VPOS="516" WIDTH="140" HEIGHT="29" WC="0.92" CONTENT="eftermiddag"/><SP WIDTH="8" VPOS="516" HPOS="505"/>
							<String ID="string_58" HPOS="513" VPOS="517" WIDTH="84" HEIGHT="22" WC="0.90" CONTENT="erhällit"/><SP WIDTH="7" VPOS="517" HPOS="597"/>
							<String ID="string_59" HPOS="604" VPOS="516" WIDTH="93" HEIGHT="23" WC="0.92" CONTENT="officiellt"/><SP WIDTH="10" VPOS="516" HPOS="697"/>
							<String ID="string_60" HPOS="707" VPOS="517" WIDTH="139" HEIGHT="22" WC="0.92" CONTENT="meddelande"/><SP WIDTH="11" VPOS="517" HPOS="846"/>
							<String ID="string_61" HPOS="857" VPOS="517" WIDTH="81" HEIGHT="26" WC="0.92" CONTENT="därom,"/><SP WIDTH="12" VPOS="517" HPOS="938"/>
							<String ID="string_62" HPOS="950" VPOS="519" WIDTH="32" HEIGHT="19" WC="0.96" CONTENT="att"/>
						</TextLine>
						<TextLine ID="line_8" HPOS="160" VPOS="545" WIDTH="822" HEIGHT="28">
							<String ID="string_63" HPOS="160" VPOS="546" WIDTH="129" HEIGHT="27" WC="0.92" CONTENT="landtdagen"/><SP WIDTH="16" VPOS="546" HPOS="289"/>
							<String ID="string_64" HPOS="305" VPOS="545" WIDTH="104" HEIGHT="22" WC="0.90" CONTENT="definitivt"/><SP WIDTH="15" VPOS="545" HPOS="409"/>
							<String ID="string_65" HPOS="424" VPOS="546" WIDTH="53" HEIGHT="22" WC="0.88" CONTENT="skall"/><SP WIDTH="8" VPOS="546" HPOS="477"/>
							<String ID="string_66" HPOS="485" VPOS="546" WIDTH="89" HEIGHT="22" WC="0.81" CONTENT="afslutas"/><SP WIDTH="16" VPOS="546" HPOS="574"/>
							<String ID="string_67" HPOS="590" VPOS="546" WIDTH="40" HEIGHT="22" WC="0.96" CONTENT="den"/><SP WIDTH="17" VPOS="546" HPOS="630"/>
							<String ID="string_68" HPOS="647" VPOS="546" WIDTH="26" HEIGHT="22" WC="0.48" CONTENT="15"/><SP WIDTH="10" VPOS="546" HPOS="673"/>
							<String ID="string_69" HPOS="683" VPOS="547" WIDTH="7" HEIGHT="21" WC="0.48" CONTENT="i"/><SP WIDTH="11" VPOS="547" HPOS="690"/>
							<String ID="string_70" HPOS="701" VPOS="546" WIDTH="70" HEIGHT="22" WC="0.81" CONTENT="denna"/><SP WIDTH="12" VPOS="546" HPOS="771"/>
							<String ID="string_71" HPOS="783" VPOS="546" WIDTH="82" HEIGHT="26" WC="0.93" CONTENT="månad,"/><SP WIDTH="11" VPOS="546" HPOS="865"/>
							<String ID="string_72" HPOS="876" VPOS="552" WIDTH="106" HEIGHT="15" WC="0.91" CONTENT="samman-"/>
						</TextLine>
						<TextLine ID="line_9" HPOS="160" VPOS="574" WIDTH="820" HEIGHT="28">
							<String ID="string_73" HPOS="160" VPOS="574" WIDTH="75" HEIGHT="22" WC="0.93" CONTENT="trädde"/><SP WIDTH="15" VPOS="574" HPOS="235"/>
							<String ID="string_74" HPOS="250" VPOS="574" WIDTH="67" HEIGHT="28" WC="0.90" CONTENT="nägra"/><SP WIDTH="15" VPOS="574" HPOS="317"/>
							<String ID="string_75" HPOS="332" VPOS="574" WIDTH="137" HEIGHT="22" WC="0.96" CONTENT="medlemmar"/><SP WIDTH="16" VPOS="574" HPOS="469"/>
							<String ID="string_76" HPOS="485" VPOS="575" WIDTH="22" HEIGHT="21" WC="0.96" CONTENT="af"/><SP WIDTH="13" VPOS="575" HPOS="507"/>
							<String ID="string_77" HPOS="520" VPOS="575" WIDTH="59" HEIGHT="21" WC="0.93" CONTENT="detta"/><SP WIDTH="16" VPOS="575" HPOS="579"/>
							<String ID="string_78" HPOS="595" VPOS="575" WIDTH="62" HEIGHT="21" WC="0.92" CONTENT="ständ"/><SP WIDTH="15" VPOS="575" HPOS="657"/>
							<String ID="string_79" HPOS="672" VPOS="575" WIDTH="39" HEIGHT="21" WC="0.96" CONTENT="och"/><SP WIDTH="20" VPOS="575" HPOS="711"/>
							<String ID="string_80" HPOS="731" VPOS="575" WIDTH="22" HEIGHT="21" WC="0.96" CONTENT="af"/><SP WIDTH="13" VPOS="575" HPOS="753"/>
							<String ID="string_81" HPOS="766" VPOS="575" WIDTH="26" HEIGHT="21" WC="0.93" CONTENT="de"/><SP WIDTH="15" VPOS="575" HPOS="792"/>
							<String ID="string_82" HPOS="807" VPOS="574" WIDTH="68" HEIGHT="28" WC="0.91" CONTENT="öfriga"/><SP WIDTH="15" VPOS="574" HPOS="875"/>
							<String ID="string_83" HPOS="890" VPOS="575" WIDTH="90" HEIGHT="21" WC="0.92" CONTENT="ständen"/>
						</TextLine>
						<TextLine ID="line_10" HPOS="159" VPOS="603" WIDTH="822" HEIGHT="28">
							<String ID="string_84" HPOS="159" VPOS="603" WIDTH="33" HEIGHT="22" WC="0.96" CONTENT="för"/><SP WIDTH="15" VPOS="603" HPOS="192"/>
							<String ID="string_85" HPOS="207" VPOS="605" WIDTH="32" HEIGHT="20" WC="0.92" CONTENT="att"/><SP WIDTH="14" VPOS="605" HPOS="239"/>
							<String ID="string_86" HPOS="253" VPOS="603" WIDTH="128" HEIGHT="28" WC="0.47" CONTENT="öfrerlägga,"/><SP WIDTH="14" VPOS="603" HPOS="381"/>
							<String ID="string_87" HPOS="395" VPOS="604" WIDTH="105" HEIGHT="21" WC="0.93" CONTENT="huruvida"/><SP WIDTH="14" VPOS="604" HPOS="500"/>
							<String ID="string_88" HPOS="514" VPOS="604" WIDTH="47" HEIGHT="21" WC="0.96" CONTENT="icke"/><SP WIDTH="14" VPOS="604" HPOS="561"/>
							<String ID="string_89" HPOS="575" VPOS="604" WIDTH="67" HEIGHT="27" WC="0.95" CONTENT="några"/><SP WIDTH="14" VPOS="604" HPOS="642"/>
							<String ID="string_90" HPOS="656" VPOS="604" WIDTH="104" HEIGHT="21" WC="0.93" CONTENT="särskilda"/><SP WIDTH="11" VPOS="604" HPOS="760"/>
							<String ID="string_91" HPOS="771" VPOS="604" WIDTH="98" HEIGHT="27" WC="0.96" CONTENT="åtgärder"/><SP WIDTH="16" VPOS="604" HPOS="869"/>
							<String ID="string_92" HPOS="885" VPOS="604" WIDTH="49" HEIGHT="21" WC="0.93" CONTENT="med"/><SP WIDTH="11" VPOS="604" HPOS="934"/>
							<String ID="string_93" HPOS="945" VPOS="610" WIDTH="36" HEIGHT="14" WC="0.92" CONTENT="an-"/>
						</TextLine>
						<TextLine ID="line_11" HPOS="160" VPOS="632" WIDTH="822" HEIGHT="28">
							<String ID="string_94" HPOS="160" VPOS="632" WIDTH="88" HEIGHT="27" WC="0.96" CONTENT="ledning"/><SP WIDTH="13" VPOS="632" HPOS="248"/>
							<String ID="string_95" HPOS="261" VPOS="632" WIDTH="23" HEIGHT="21" WC="0.93" CONTENT="af"/><SP WIDTH="13" VPOS="632" HPOS="284"/>
							<String ID="string_96" HPOS="297" VPOS="632" WIDTH="139" HEIGHT="27" WC="0.92" CONTENT="landtdagens"/><SP WIDTH="11" VPOS="632" HPOS="436"/>
							<String ID="string_97" HPOS="447" VPOS="632" WIDTH="100" HEIGHT="28" WC="0.92" CONTENT="plötsliga"/><SP WIDTH="14" VPOS="632" HPOS="547"/>
							<String ID="string_98" HPOS="561" VPOS="632" WIDTH="120" HEIGHT="22" WC="0.92" CONTENT="afslutande"/><SP WIDTH="8" VPOS="632" HPOS="681"/>
							<String ID="string_99" HPOS="689" VPOS="633" WIDTH="66" HEIGHT="21" WC="0.96" CONTENT="borde"/><SP WIDTH="10" VPOS="633" HPOS="755"/>
							<String ID="string_100" HPOS="765" VPOS="632" WIDTH="23" HEIGHT="22" WC="0.93" CONTENT="af"/><SP WIDTH="5" VPOS="632" HPOS="788"/>
							<String ID="string_101" HPOS="793" VPOS="632" WIDTH="115" HEIGHT="22" WC="0.93" CONTENT="ständerna"/><SP WIDTH="8" VPOS="632" HPOS="908"/>
							<String ID="string_102" HPOS="916" VPOS="632" WIDTH="66" HEIGHT="22" WC="0.93" CONTENT="vidta-"/>
						</TextLine>
						<TextLine ID="line_12" HPOS="162" VPOS="661" WIDTH="820" HEIGHT="27">
							<String ID="string_103" HPOS="162" VPOS="667" WIDTH="43" HEIGHT="21" WC="0.91" CONTENT="gas."/><SP WIDTH="31" VPOS="667" HPOS="205"/>
							<String ID="string_104" HPOS="236" VPOS="661" WIDTH="80" HEIGHT="21" WC="0.91" CONTENT="Därvid"/><SP WIDTH="23" VPOS="661" HPOS="316"/>
							<String ID="string_105" HPOS="339" VPOS="661" WIDTH="78" HEIGHT="21" WC="0.91" CONTENT="enades"/><SP WIDTH="23" VPOS="661" HPOS="417"/>
							<String ID="string_106" HPOS="440" VPOS="667" WIDTH="48" HEIGHT="15" WC="0.96" CONTENT="man"/><SP WIDTH="16" VPOS="667" HPOS="488"/>
							<String ID="string_107" HPOS="504" VPOS="668" WIDTH="41" HEIGHT="20" WC="0.95" CONTENT="om,"/><SP WIDTH="16" VPOS="668" HPOS="545"/>
							<String ID="string_108" HPOS="561" VPOS="664" WIDTH="31" HEIGHT="19" WC="0.93" CONTENT="att"/><SP WIDTH="14" VPOS="664" HPOS="592"/>
							<String ID="string_109" HPOS="606" VPOS="661" WIDTH="115" HEIGHT="22" WC="0.92" CONTENT="ständerna"/><SP WIDTH="18" VPOS="661" HPOS="721"/>
							<String ID="string_110" HPOS="739" VPOS="662" WIDTH="73" HEIGHT="25" WC="0.93" CONTENT="borde,"/><SP WIDTH="15" VPOS="662" HPOS="812"/>
							<String ID="string_111" HPOS="827" VPOS="662" WIDTH="65" HEIGHT="21" WC="0.92" CONTENT="innan"/><SP WIDTH="17" VPOS="662" HPOS="892"/>
							<String ID="string_112" HPOS="909" VPOS="661" WIDTH="26" HEIGHT="22" WC="0.93" CONTENT="de"/><SP WIDTH="15" VPOS="661" HPOS="935"/>
							<String ID="string_113" HPOS="950" VPOS="661" WIDTH="32" HEIGHT="21" WC="0.92" CONTENT="ät-"/>
						</TextLine>
						<TextLine ID="line_13" HPOS="161" VPOS="689" WIDTH="821" HEIGHT="29">
							<String ID="string_114" HPOS="161" VPOS="689" WIDTH="80" HEIGHT="27" WC="0.96" CONTENT="skiljas,"/><SP WIDTH="22" VPOS="689" HPOS="241"/>
							<String ID="string_115" HPOS="263" VPOS="690" WIDTH="50" HEIGHT="27" WC="0.96" CONTENT="ingå"/><SP WIDTH="19" VPOS="690" HPOS="313"/>
							<String ID="string_116" HPOS="332" VPOS="690" WIDTH="32" HEIGHT="22" WC="0.95" CONTENT="till"/><SP WIDTH="15" VPOS="690" HPOS="364"/>
							<String ID="string_117" HPOS="379" VPOS="690" WIDTH="60" HEIGHT="21" WC="0.93" CONTENT="Hans"/><SP WIDTH="16" VPOS="690" HPOS="439"/>
							<String ID="string_118" HPOS="455" VPOS="690" WIDTH="100" HEIGHT="27" WC="0.96" CONTENT="Majestät"/><SP WIDTH="15" VPOS="690" HPOS="555"/>
							<String ID="string_119" HPOS="570" VPOS="691" WIDTH="49" HEIGHT="21" WC="0.96" CONTENT="med"/><SP WIDTH="18" VPOS="691" HPOS="619"/>
							<String ID="string_120" HPOS="637" VPOS="696" WIDTH="26" HEIGHT="16" WC="0.93" CONTENT="en"/><SP WIDTH="16" VPOS="696" HPOS="663"/>
							<String ID="string_121" HPOS="679" VPOS="690" WIDTH="132" HEIGHT="28" WC="0.74" CONTENT="uuderdänig"/><SP WIDTH="16" VPOS="690" HPOS="811"/>
							<String ID="string_122" HPOS="827" VPOS="690" WIDTH="155" HEIGHT="27" WC="0.96" CONTENT="framställning"/>
						</TextLine>
						<TextLine ID="line_14" HPOS="160" VPOS="718" WIDTH="822" HEIGHT="28">
							<String ID="string_123" HPOS="160" VPOS="718" WIDTH="24" HEIGHT="22" WC="0.96" CONTENT="af"/><SP WIDTH="20" VPOS="718" HPOS="184"/>
							<String ID="string_124" HPOS="204" VPOS="718" WIDTH="36" HEIGHT="22" WC="0.96" CONTENT="det"/><SP WIDTH="21" VPOS="718" HPOS="240"/>
							<String ID="string_125" HPOS="261" VPOS="718" WIDTH="133" HEIGHT="22" WC="0.93" CONTENT="närvarande"/><SP WIDTH="22" VPOS="718" HPOS="394"/>
							<String ID="string_126" HPOS="416" VPOS="719" WIDTH="96" HEIGHT="27" WC="0.92" CONTENT="sakläget"/><SP WIDTH="15" VPOS="719" HPOS="512"/>
							<String ID="string_127" HPOS="527" VPOS="719" WIDTH="40" HEIGHT="22" WC="0.96" CONTENT="och"/><SP WIDTH="23" VPOS="719" HPOS="567"/>
							<String ID="string_128" HPOS="590" VPOS="725" WIDTH="25" HEIGHT="15" WC="0.93" CONTENT="en"/><SP WIDTH="16" VPOS="725" HPOS="615"/>
							<String ID="string_129" HPOS="631" VPOS="720" WIDTH="92" HEIGHT="26" WC="0.91" CONTENT="antydan"/><SP WIDTH="16" VPOS="720" HPOS="723"/>
							<String ID="string_130" HPOS="739" VPOS="726" WIDTH="41" HEIGHT="19" WC="0.93" CONTENT="om,"/><SP WIDTH="16" VPOS="726" HPOS="780"/>
							<String ID="string_131" HPOS="796" VPOS="719" WIDTH="70" HEIGHT="21" WC="0.92" CONTENT="hvilka"/><SP WIDTH="16" VPOS="719" HPOS="866"/>
							<String ID="string_132" HPOS="882" VPOS="719" WIDTH="100" HEIGHT="27" WC="0.92" CONTENT="ätgärder"/>
						</TextLine>
						<TextLine ID="line_15" HPOS="162" VPOS="746" WIDTH="820" HEIGHT="24">
							<String ID="string_133" HPOS="162" VPOS="753" WIDTH="51" HEIGHT="16" WC="0.92" CONTENT="vore"/><SP WIDTH="22" VPOS="753" HPOS="213"/>
							<String ID="string_134" HPOS="235" VPOS="747" WIDTH="23" HEIGHT="21" WC="0.93" CONTENT="af"/><SP WIDTH="20" VPOS="747" HPOS="258"/>
							<String ID="string_135" HPOS="278" VPOS="748" WIDTH="69" HEIGHT="21" WC="0.91" CONTENT="nöden"/><SP WIDTH="22" VPOS="748" HPOS="347"/>
							<String ID="string_136" HPOS="369" VPOS="746" WIDTH="32" HEIGHT="23" WC="0.96" CONTENT="för"/><SP WIDTH="22" VPOS="746" HPOS="401"/>
							<String ID="string_137" HPOS="423" VPOS="750" WIDTH="32" HEIGHT="19" WC="0.93" CONTENT="att"/><SP WIDTH="22" VPOS="750" HPOS="455"/>
							<String ID="string_138" HPOS="477" VPOS="748" WIDTH="95" HEIGHT="22" WC="0.91" CONTENT="ordnade"/><SP WIDTH="14" VPOS="748" HPOS="572"/>
							<String ID="string_139" HPOS="586" VPOS="748" WIDTH="145" HEIGHT="22" WC="0.92" CONTENT="förhällanden"/><SP WIDTH="16" VPOS="748" HPOS="731"/>
							<String ID="string_140" HPOS="747" VPOS="748" WIDTH="46" HEIGHT="22" WC="0.92" CONTENT="äter"/><SP WIDTH="17" VPOS="748" HPOS="793"/>
							<String ID="string_141" HPOS="810" VPOS="748" WIDTH="68" HEIGHT="22" WC="0.93" CONTENT="skulle"/><SP WIDTH="15" VPOS="748" HPOS="878"/>
							<String ID="string_142" HPOS="893" VPOS="748" WIDTH="89" HEIGHT="22" WC="0.92" CONTENT="inträda."/>
						</TextLine>
						<TextLine ID="line_16" HPOS="160" VPOS="776" WIDTH="822" HEIGHT="29">
							<String ID="string_143" HPOS="160" VPOS="776" WIDTH="63" HEIGHT="22" WC="0.96" CONTENT="Inom"/><SP WIDTH="16" VPOS="776" HPOS="223"/>
							<String ID="string_144" HPOS="239" VPOS="777" WIDTH="77" HEIGHT="21" WC="0.96" CONTENT="nämda"/><SP WIDTH="15" VPOS="777" HPOS="316"/>
							<String ID="string_145" HPOS="331" VPOS="776" WIDTH="58" HEIGHT="22" WC="0.96" CONTENT="krets"/><SP WIDTH="15" VPOS="776" HPOS="389"/>
							<String ID="string_146" HPOS="404" VPOS="776" WIDTH="23" HEIGHT="22" WC="0.96" CONTENT="af"/><SP WIDTH="12" VPOS="776" HPOS="427"/>
							<String ID="string_147" HPOS="439" VPOS="779" WIDTH="172" HEIGHT="25" WC="0.96" CONTENT="representanter"/><SP WIDTH="16" VPOS="779" HPOS="611"/>
							<String ID="string_148" HPOS="627" VPOS="777" WIDTH="38" HEIGHT="21" WC="0.93" CONTENT="har"/><SP WIDTH="13" VPOS="777" HPOS="665"/>
							<String ID="string_149" HPOS="678" VPOS="777" WIDTH="79" HEIGHT="27" WC="0.96" CONTENT="jämväl"/><SP WIDTH="16" VPOS="777" HPOS="757"/>
							<String ID="string_150" HPOS="773" VPOS="779" WIDTH="98" HEIGHT="26" WC="0.96" CONTENT="uppsatts"/><SP WIDTH="20" VPOS="779" HPOS="871"/>
							<String ID="string_151" HPOS="891" VPOS="779" WIDTH="31" HEIGHT="19" WC="0.93" CONTENT="ett"/><SP WIDTH="18" VPOS="779" HPOS="922"/>
							<String ID="string_152" HPOS="940" VPOS="777" WIDTH="42" HEIGHT="21" WC="0.93" CONTENT="för-"/>
						</TextLine>
						<TextLine ID="line_17" HPOS="161" VPOS="805" WIDTH="821" HEIGHT="28">
							<String ID="string_153" HPOS="161" VPOS="805" WIDTH="47" HEIGHT="27" WC="0.96" CONTENT="slag"/><SP WIDTH="14" VPOS="805" HPOS="208"/>
							<String ID="string_154" HPOS="222" VPOS="805" WIDTH="32" HEIGHT="21" WC="0.93" CONTENT="till"/><SP WIDTH="23" VPOS="805" HPOS="254"/>
							<String ID="string_155" HPOS="277" VPOS="805" WIDTH="57" HEIGHT="27" WC="0.93" CONTENT="dylik"/><SP WIDTH="23" VPOS="805" HPOS="334"/>
							<String ID="string_156" HPOS="357" VPOS="806" WIDTH="133" HEIGHT="27" WC="0.91" CONTENT="underdänig"/><SP WIDTH="15" VPOS="806" HPOS="490"/>
							<String ID="string_157" HPOS="505" VPOS="806" WIDTH="112" HEIGHT="22" WC="0.92" CONTENT="skrifvelse"/><SP WIDTH="14" VPOS="806" HPOS="617"/>
							<String ID="string_158" HPOS="631" VPOS="806" WIDTH="51" HEIGHT="22" WC="0.96" CONTENT="eller"/><SP WIDTH="15" VPOS="806" HPOS="682"/>
							<String ID="string_159" HPOS="697" VPOS="806" WIDTH="80" HEIGHT="26" WC="0.96" CONTENT="adress,"/><SP WIDTH="16" VPOS="806" HPOS="777"/>
							<String ID="string_160" HPOS="793" VPOS="806" WIDTH="40" HEIGHT="22" WC="0.96" CONTENT="och"/><SP WIDTH="15" VPOS="806" HPOS="833"/>
							<String ID="string_161" HPOS="848" VPOS="806" WIDTH="37" HEIGHT="22" WC="0.96" CONTENT="ber"/><SP WIDTH="13" VPOS="806" HPOS="885"/>
							<String ID="string_162" HPOS="898" VPOS="806" WIDTH="38" HEIGHT="27" WC="0.96" CONTENT="jag"/><SP WIDTH="15" VPOS="806" HPOS="936"/>
							<String ID="string_163" HPOS="951" VPOS="808" WIDTH="31" HEIGHT="20" WC="0.96" CONTENT="att"/>
						</TextLine>
						<TextLine ID="line_18" HPOS="160" VPOS="834" WIDTH="821" HEIGHT="28">
							<String ID="string_164" HPOS="160" VPOS="834" WIDTH="39" HEIGHT="21" WC="0.93" CONTENT="här"/><SP WIDTH="22" VPOS="834" HPOS="199"/>
							<String ID="string_165" HPOS="221" VPOS="834" WIDTH="22" HEIGHT="21" WC="0.92" CONTENT="fä"/><SP WIDTH="21" VPOS="834" HPOS="243"/>
							<String ID="string_166" HPOS="264" VPOS="834" WIDTH="91" HEIGHT="27" WC="0.91" CONTENT="uppläsa"/><SP WIDTH="14" VPOS="834" HPOS="355"/>
							<String ID="string_167" HPOS="369" VPOS="834" WIDTH="125" HEIGHT="22" WC="0.92" CONTENT="densamma"/><SP WIDTH="14" VPOS="834" HPOS="494"/>
							<String ID="string_168" HPOS="508" VPOS="835" WIDTH="49" HEIGHT="21" WC="0.93" CONTENT="med"/><SP WIDTH="16" VPOS="835" HPOS="557"/>
							<String ID="string_169" HPOS="573" VPOS="834" WIDTH="104" HEIGHT="27" WC="0.92" CONTENT="anhällan,"/><SP WIDTH="16" VPOS="834" HPOS="677"/>
							<String ID="string_170" HPOS="693" VPOS="837" WIDTH="31" HEIGHT="19" WC="0.93" CONTENT="att"/><SP WIDTH="15" VPOS="837" HPOS="724"/>
							<String ID="string_171" HPOS="739" VPOS="834" WIDTH="178" HEIGHT="28" WC="0.91" CONTENT="borgareständet"/><SP WIDTH="15" VPOS="834" HPOS="917"/>
							<String ID="string_172" HPOS="932" VPOS="834" WIDTH="49" HEIGHT="22" WC="0.96" CONTENT="ville"/>
						</TextLine>
						<TextLine ID="line_19" HPOS="161" VPOS="862" WIDTH="821" HEIGHT="28">
							<String ID="string_173" HPOS="161" VPOS="862" WIDTH="89" HEIGHT="22" WC="0.92" CONTENT="omfatta"/><SP WIDTH="15" VPOS="862" HPOS="250"/>
							<String ID="string_174" HPOS="265" VPOS="863" WIDTH="39" HEIGHT="21" WC="0.93" CONTENT="och"/><SP WIDTH="23" VPOS="863" HPOS="304"/>
							<String ID="string_175" HPOS="327" VPOS="863" WIDTH="113" HEIGHT="27" WC="0.92" CONTENT="godkänna"/><SP WIDTH="14" VPOS="863" HPOS="440"/>
							<String ID="string_176" HPOS="454" VPOS="863" WIDTH="125" HEIGHT="22" WC="0.92" CONTENT="densamma"/><SP WIDTH="22" VPOS="863" HPOS="579"/>
							<String ID="string_177" HPOS="601" VPOS="866" WIDTH="56" HEIGHT="19" WC="0.93" CONTENT="samt"/><SP WIDTH="14" VPOS="866" HPOS="657"/>
							<String ID="string_178" HPOS="671" VPOS="864" WIDTH="109" HEIGHT="22" WC="0.92" CONTENT="remittera"/><SP WIDTH="15" VPOS="864" HPOS="780"/>
							<String ID="string_179" HPOS="795" VPOS="864" WIDTH="40" HEIGHT="22" WC="0.96" CONTENT="den"/><SP WIDTH="16" VPOS="864" HPOS="835"/>
							<String ID="string_180" HPOS="851" VPOS="863" WIDTH="31" HEIGHT="22" WC="0.93" CONTENT="till"/><SP WIDTH="16" VPOS="863" HPOS="882"/>
							<String ID="string_181" HPOS="898" VPOS="864" WIDTH="84" HEIGHT="26" WC="0.93" CONTENT="expedi-"/>
						</TextLine>
						<TextLine ID="line_20" HPOS="161" VPOS="891" WIDTH="821" HEIGHT="29">
							<String ID="string_182" HPOS="161" VPOS="892" WIDTH="163" HEIGHT="22" WC="0.92" CONTENT="tionsutskottet"/><SP WIDTH="15" VPOS="892" HPOS="324"/>
							<String ID="string_183" HPOS="339" VPOS="891" WIDTH="32" HEIGHT="22" WC="0.96" CONTENT="för"/><SP WIDTH="15" VPOS="891" HPOS="371"/>
							<String ID="string_184" HPOS="386" VPOS="894" WIDTH="31" HEIGHT="19" WC="0.95" CONTENT="att"/><SP WIDTH="15" VPOS="894" HPOS="417"/>
							<String ID="string_185" HPOS="432" VPOS="892" WIDTH="7" HEIGHT="21" WC="0.93" CONTENT="i"/><SP WIDTH="15" VPOS="892" HPOS="439"/>
							<String ID="string_186" HPOS="454" VPOS="892" WIDTH="71" HEIGHT="27" WC="0.93" CONTENT="vanlig"/><SP WIDTH="15" VPOS="892" HPOS="525"/>
							<String ID="string_187" HPOS="540" VPOS="893" WIDTH="92" HEIGHT="27" WC="0.93" CONTENT="ordning"/><SP WIDTH="15" VPOS="893" HPOS="632"/>
							<String ID="string_188" HPOS="647" VPOS="892" WIDTH="98" HEIGHT="23" WC="0.92" CONTENT="afsändas"/><SP WIDTH="16" VPOS="892" HPOS="745"/>
							<String ID="string_189" HPOS="761" VPOS="892" WIDTH="31" HEIGHT="22" WC="0.96" CONTENT="till"/><SP WIDTH="11" VPOS="892" HPOS="792"/>
							<String ID="string_190" HPOS="803" VPOS="893" WIDTH="61" HEIGHT="22" WC="0.93" CONTENT="Hans"/><SP WIDTH="12" VPOS="893" HPOS="864"/>
							<String ID="string_191" HPOS="876" VPOS="892" WIDTH="106" HEIGHT="27" WC="0.92" CONTENT="Majestät."/>
						</TextLine>
						<TextLine ID="line_21" HPOS="161" VPOS="920" WIDTH="412" HEIGHT="29">
							<String ID="string_192" HPOS="161" VPOS="920" WIDTH="130" HEIGHT="23" WC="0.91" CONTENT="Skrifvelsen"/><SP WIDTH="16" VPOS="920" HPOS="291"/>
							<String ID="string_193" HPOS="307" VPOS="922" WIDTH="24" HEIGHT="21" WC="0.96" CONTENT="är"/><SP WIDTH="15" VPOS="922" HPOS="331"/>
							<String ID="string_194" HPOS="346" VPOS="920" WIDTH="23" HEIGHT="23" WC="0.96" CONTENT="af"/><SP WIDTH="9" VPOS="920" HPOS="369"/>
							<String ID="string_195" HPOS="378" VPOS="920" WIDTH="92" HEIGHT="28" WC="0.93" CONTENT="följande"/><SP WIDTH="15" VPOS="920" HPOS="470"/>
							<String ID="string_196" HPOS="485" VPOS="921" WIDTH="88" HEIGHT="28" WC="0.93" CONTENT="lydelse:"/>
						</TextLine>
					</TextBlock>
				</ComposedBlock>
				<ComposedBlock ID="cblock_6" HPOS="231" VPOS="984" WIDTH="733" HEIGHT="28">
					<TextBlock ID="block_5" HPOS="231" VPOS="984" WIDTH="733" HEIGHT="28">
						<TextLine ID="line_22" HPOS="231" VPOS="984" WIDTH="733" HEIGHT="28">
							<String ID="string_197" HPOS="231" VPOS="984" WIDTH="183" HEIGHT="27" WC="0.70" CONTENT="»Suurivaltaisin,"/><SP WIDTH="14" VPOS="984" HPOS="414"/>
							<String ID="string_198" HPOS="428" VPOS="984" WIDTH="216" HEIGHT="23" WC="0.93" CONTENT="kaikkeinarmollisin"/><SP WIDTH="16" VPOS="984" HPOS="644"/>
							<String ID="string_199" HPOS="660" VPOS="986" WIDTH="84" HEIGHT="22" WC="0.96" CONTENT="Keisari"/><SP WIDTH="12" VPOS="986" HPOS="744"/>
							<String ID="string_200" HPOS="756" VPOS="985" WIDTH="24" HEIGHT="27" WC="0.96" CONTENT="ja"/><SP WIDTH="14" VPOS="985" HPOS="780"/>
							<String ID="string_201" HPOS="794" VPOS="985" WIDTH="170" HEIGHT="23" WC="0.96" CONTENT="Suuriruhtinas."/>
						</TextLine>
					</TextBlock>
				</ComposedBlock>
				<ComposedBlock ID="cblock_7" HPOS="156" VPOS="1042" WIDTH="828" HEIGHT="514">
					<TextBlock ID="block_6" HPOS="156" VPOS="1042" WIDTH="828" HEIGHT="307">
						<TextLine ID="line_23" HPOS="230" VPOS="1042" WIDTH="753" HEIGHT="28">
							<String ID="string_202" HPOS="230" VPOS="1042" WIDTH="50" HEIGHT="22" WC="0.96" CONTENT="Kun"/><SP WIDTH="24" VPOS="1042" HPOS="280"/>
							<String ID="string_203" HPOS="304" VPOS="1042" WIDTH="94" HEIGHT="22" WC="0.90" CONTENT="Suomen"/><SP WIDTH="22" VPOS="1042" HPOS="398"/>
							<String ID="string_204" HPOS="420" VPOS="1042" WIDTH="141" HEIGHT="28" WC="0.90" CONTENT="valtiosäädyt"/><SP WIDTH="18" VPOS="1042" HPOS="561"/>
							<String ID="string_205" HPOS="579" VPOS="1044" WIDTH="64" HEIGHT="21" WC="0.96" CONTENT="viime"/><SP WIDTH="12" VPOS="1044" HPOS="643"/>
							<String ID="string_206" HPOS="655" VPOS="1042" WIDTH="144" HEIGHT="28" WC="0.96" CONTENT="joulukuussa"/><SP WIDTH="14" VPOS="1042" HPOS="799"/>
							<String ID="string_207" HPOS="813" VPOS="1043" WIDTH="80" HEIGHT="22" WC="0.93" CONTENT="Teidän"/><SP WIDTH="16" VPOS="1043" HPOS="893"/>
							<String ID="string_208" HPOS="909" VPOS="1043" WIDTH="74" HEIGHT="22" WC="0.93" CONTENT="Keisa-"/>
						</TextLine>
						<TextLine ID="line_24" HPOS="160" VPOS="1071" WIDTH="823" HEIGHT="27">
							<String ID="string_209" HPOS="160" VPOS="1071" WIDTH="83" HEIGHT="21" WC="0.93" CONTENT="rillisen"/><SP WIDTH="16" VPOS="1071" HPOS="243"/>
							<String ID="string_210" HPOS="259" VPOS="1071" WIDTH="171" HEIGHT="27" WC="0.92" CONTENT="Majesteettinne"/><SP WIDTH="14" VPOS="1071" HPOS="430"/>
							<String ID="string_211" HPOS="444" VPOS="1071" WIDTH="178" HEIGHT="23" WC="0.92" CONTENT="kutsumuksesta"/><SP WIDTH="14" VPOS="1071" HPOS="622"/>
							<String ID="string_212" HPOS="636" VPOS="1072" WIDTH="155" HEIGHT="22" WC="0.96" CONTENT="kokoontuivat"/><SP WIDTH="15" VPOS="1072" HPOS="791"/>
							<String ID="string_213" HPOS="806" VPOS="1072" WIDTH="57" HEIGHT="22" WC="0.93" CONTENT="niille"/><SP WIDTH="10" VPOS="1072" HPOS="863"/>
							<String ID="string_214" HPOS="873" VPOS="1072" WIDTH="110" HEIGHT="26" WC="0.92" CONTENT="valtiopäi-"/>
						</TextLine>
						<TextLine ID="line_25" HPOS="160" VPOS="1099" WIDTH="824" HEIGHT="29">
							<String ID="string_215" HPOS="160" VPOS="1099" WIDTH="55" HEIGHT="27" WC="0.96" CONTENT="ville,"/><SP WIDTH="21" VPOS="1099" HPOS="215"/>
							<String ID="string_216" HPOS="236" VPOS="1100" WIDTH="61" HEIGHT="26" WC="0.96" CONTENT="jotka"/><SP WIDTH="22" VPOS="1100" HPOS="297"/>
							<String ID="string_217" HPOS="319" VPOS="1101" WIDTH="37" HEIGHT="25" WC="0.96" CONTENT="nyt"/><SP WIDTH="23" VPOS="1101" HPOS="356"/>
							<String ID="string_218" HPOS="379" VPOS="1102" WIDTH="50" HEIGHT="19" WC="0.93" CONTENT="ovat"/><SP WIDTH="22" VPOS="1102" HPOS="429"/>
							<String ID="string_219" HPOS="451" VPOS="1100" WIDTH="145" HEIGHT="27" WC="0.92" CONTENT="lopetettavat,"/><SP WIDTH="21" VPOS="1100" HPOS="596"/>
							<String ID="string_220" HPOS="617" VPOS="1100" WIDTH="106" HEIGHT="22" WC="0.96" CONTENT="katsoivat"/><SP WIDTH="22" VPOS="1100" HPOS="723"/>
							<String ID="string_221" HPOS="745" VPOS="1100" WIDTH="27" HEIGHT="22" WC="0.93" CONTENT="he"/><SP WIDTH="22" VPOS="1100" HPOS="772"/>
							<String ID="string_222" HPOS="794" VPOS="1100" WIDTH="190" HEIGHT="28" WC="0.91" CONTENT="epäämättömäksi"/>
						</TextLine>
						<TextLine ID="line_26" HPOS="160" VPOS="1128" WIDTH="823" HEIGHT="28">
							<String ID="string_223" HPOS="160" VPOS="1128" WIDTH="222" HEIGHT="22" WC="0.93" CONTENT="velvollisuudekseen"/><SP WIDTH="19" VPOS="1128" HPOS="382"/>
							<String ID="string_224" HPOS="401" VPOS="1128" WIDTH="91" HEIGHT="28" WC="0.96" CONTENT="kääntyä"/><SP WIDTH="17" VPOS="1128" HPOS="492"/>
							<String ID="string_225" HPOS="509" VPOS="1129" WIDTH="80" HEIGHT="22" WC="0.93" CONTENT="Teidän"/><SP WIDTH="15" VPOS="1129" HPOS="589"/>
							<String ID="string_226" HPOS="604" VPOS="1129" WIDTH="173" HEIGHT="27" WC="0.92" CONTENT="Majesteettinne"/><SP WIDTH="14" VPOS="1129" HPOS="777"/>
							<String ID="string_227" HPOS="791" VPOS="1129" WIDTH="92" HEIGHT="27" WC="0.93" CONTENT="puoleen"/><SP WIDTH="15" VPOS="1129" HPOS="883"/>
							<String ID="string_228" HPOS="898" VPOS="1129" WIDTH="85" HEIGHT="22" WC="0.92" CONTENT="alamai-"/>
						</TextLine>
						<TextLine ID="line_27" HPOS="161" VPOS="1156" WIDTH="822" HEIGHT="28">
							<String ID="string_229" HPOS="161" VPOS="1156" WIDTH="53" HEIGHT="22" WC="0.94" CONTENT="sella"/><SP WIDTH="22" VPOS="1156" HPOS="214"/>
							<String ID="string_230" HPOS="236" VPOS="1156" WIDTH="122" HEIGHT="28" WC="0.93" CONTENT="esityksellä"/><SP WIDTH="14" VPOS="1156" HPOS="358"/>
							<String ID="string_231" HPOS="372" VPOS="1157" WIDTH="257" HEIGHT="27" WC="0.91" CONTENT="perustuslainmukaisen"/><SP WIDTH="16" VPOS="1157" HPOS="629"/>
							<String ID="string_232" HPOS="645" VPOS="1158" WIDTH="150" HEIGHT="22" WC="0.92" CONTENT="hallitustavan"/><SP WIDTH="16" VPOS="1158" HPOS="795"/>
							<String ID="string_233" HPOS="811" VPOS="1158" WIDTH="113" HEIGHT="22" WC="0.93" CONTENT="uudelleen"/><SP WIDTH="15" VPOS="1158" HPOS="924"/>
							<String ID="string_234" HPOS="939" VPOS="1159" WIDTH="44" HEIGHT="20" WC="0.93" CONTENT="voi-"/>
						</TextLine>
						<TextLine ID="line_28" HPOS="161" VPOS="1185" WIDTH="822" HEIGHT="29">
							<String ID="string_235" HPOS="161" VPOS="1192" WIDTH="61" HEIGHT="14" WC="0.95" CONTENT="maan"/><SP WIDTH="25" VPOS="1192" HPOS="222"/>
							<String ID="string_236" HPOS="247" VPOS="1185" WIDTH="137" HEIGHT="22" WC="0.95" CONTENT="saattamisen"/><SP WIDTH="19" VPOS="1185" HPOS="384"/>
							<String ID="string_237" HPOS="403" VPOS="1186" WIDTH="24" HEIGHT="26" WC="0.96" CONTENT="ja"/><SP WIDTH="13" VPOS="1186" HPOS="427"/>
							<String ID="string_238" HPOS="440" VPOS="1186" WIDTH="90" HEIGHT="22" WC="0.96" CONTENT="laillisen"/><SP WIDTH="13" VPOS="1186" HPOS="530"/>
							<String ID="string_239" HPOS="543" VPOS="1186" WIDTH="142" HEIGHT="28" WC="0.96" CONTENT="järjestyksen"/><SP WIDTH="15" VPOS="1186" HPOS="685"/>
							<String ID="string_240" HPOS="700" VPOS="1186" WIDTH="163" HEIGHT="27" WC="0.93" CONTENT="palauttamisen"/><SP WIDTH="16" VPOS="1186" HPOS="863"/>
							<String ID="string_241" HPOS="879" VPOS="1186" WIDTH="104" HEIGHT="27" WC="0.93" CONTENT="tarpeelli-"/>
						</TextLine>
						<TextLine ID="line_29" HPOS="160" VPOS="1214" WIDTH="823" HEIGHT="28">
							<String ID="string_242" HPOS="160" VPOS="1214" WIDTH="109" HEIGHT="21" WC="0.94" CONTENT="suudesta."/><SP WIDTH="30" VPOS="1214" HPOS="269"/>
							<String ID="string_243" HPOS="299" VPOS="1214" WIDTH="79" HEIGHT="27" WC="0.93" CONTENT="Säädyt"/><SP WIDTH="21" VPOS="1214" HPOS="378"/>
							<String ID="string_244" HPOS="399" VPOS="1214" WIDTH="106" HEIGHT="22" WC="0.91" CONTENT="lausuivat"/><SP WIDTH="23" VPOS="1214" HPOS="505"/>
							<String ID="string_245" HPOS="528" VPOS="1214" WIDTH="89" HEIGHT="22" WC="0.96" CONTENT="samalla"/><SP WIDTH="19" VPOS="1214" HPOS="617"/>
							<String ID="string_246" HPOS="636" VPOS="1214" WIDTH="155" HEIGHT="28" WC="0.96" CONTENT="mielipiteensä"/><SP WIDTH="21" VPOS="1214" HPOS="791"/>
							<String ID="string_247" HPOS="812" VPOS="1214" WIDTH="64" HEIGHT="22" WC="0.93" CONTENT="niistä"/><SP WIDTH="18" VPOS="1214" HPOS="876"/>
							<String ID="string_248" HPOS="894" VPOS="1215" WIDTH="89" HEIGHT="21" WC="0.92" CONTENT="toimen-"/>
						</TextLine>
						<TextLine ID="line_30" HPOS="161" VPOS="1242" WIDTH="823" HEIGHT="27">
							<String ID="string_249" HPOS="161" VPOS="1242" WIDTH="92" HEIGHT="27" WC="0.93" CONTENT="piteistä,"/><SP WIDTH="12" VPOS="1242" HPOS="253"/>
							<String ID="string_250" HPOS="265" VPOS="1242" WIDTH="62" HEIGHT="27" WC="0.96" CONTENT="jotka"/><SP WIDTH="15" VPOS="1242" HPOS="327"/>
							<String ID="string_251" HPOS="342" VPOS="1244" WIDTH="50" HEIGHT="20" WC="0.96" CONTENT="ovat"/><SP WIDTH="14" VPOS="1244" HPOS="392"/>
							<String ID="string_252" HPOS="406" VPOS="1242" WIDTH="131" HEIGHT="27" WC="0.96" CONTENT="tarpeelliset"/><SP WIDTH="15" VPOS="1242" HPOS="537"/>
							<String ID="string_253" HPOS="552" VPOS="1244" WIDTH="70" HEIGHT="20" WC="0.96" CONTENT="tämän"/><SP WIDTH="17" VPOS="1244" HPOS="622"/>
							<String ID="string_254" HPOS="639" VPOS="1243" WIDTH="146" HEIGHT="22" WC="0.96" CONTENT="tarkoituksen"/><SP WIDTH="12" VPOS="1243" HPOS="785"/>
							<String ID="string_255" HPOS="797" VPOS="1243" WIDTH="187" HEIGHT="21" WC="0.96" CONTENT="saavuttamiseksi"/>
						</TextLine>
						<TextLine ID="line_31" HPOS="156" VPOS="1270" WIDTH="828" HEIGHT="29">
							<String ID="string_256" HPOS="156" VPOS="1270" WIDTH="25" HEIGHT="28" WC="0.96" CONTENT="ja"/><SP WIDTH="12" VPOS="1270" HPOS="181"/>
							<String ID="string_257" HPOS="193" VPOS="1270" WIDTH="67" HEIGHT="28" WC="0.95" CONTENT="joista"/><SP WIDTH="13" VPOS="1270" HPOS="260"/>
							<String ID="string_258" HPOS="273" VPOS="1270" WIDTH="127" HEIGHT="22" WC="0.96" CONTENT="muutamiin"/><SP WIDTH="15" VPOS="1270" HPOS="400"/>
							<String ID="string_259" HPOS="415" VPOS="1271" WIDTH="89" HEIGHT="22" WC="0.96" CONTENT="voidaan"/><SP WIDTH="12" VPOS="1271" HPOS="504"/>
							<String ID="string_260" HPOS="516" VPOS="1272" WIDTH="25" HEIGHT="27" WC="0.97" CONTENT="ja"/><SP WIDTH="14" VPOS="1272" HPOS="541"/>
							<String ID="string_261" HPOS="555" VPOS="1272" WIDTH="48" HEIGHT="21" WC="0.96" CONTENT="olisi"/><SP WIDTH="15" VPOS="1272" HPOS="603"/>
							<String ID="string_262" HPOS="618" VPOS="1272" WIDTH="123" HEIGHT="27" WC="0.96" CONTENT="viipymättä"/><SP WIDTH="14" VPOS="1272" HPOS="741"/>
							<String ID="string_263" HPOS="755" VPOS="1272" WIDTH="126" HEIGHT="27" WC="0.96" CONTENT="ryhdyttävä"/><SP WIDTH="7" VPOS="1272" HPOS="881"/>
							<String ID="string_264" HPOS="888" VPOS="1272" WIDTH="24" HEIGHT="27" WC="0.96" CONTENT="ja"/><SP WIDTH="10" VPOS="1272" HPOS="912"/>
							<String ID="string_265" HPOS="922" VPOS="1274" WIDTH="62" HEIGHT="19" WC="0.96" CONTENT="muut"/>
						</TextLine>
						<TextLine ID="line_32" HPOS="161" VPOS="1299" WIDTH="823" HEIGHT="50">
							<String ID="string_266" HPOS="161" VPOS="1299" WIDTH="154" HEIGHT="50" WC="0.0" CONTENT="TLS"/><SP WIDTH="29" VPOS="1299" HPOS="315"/>
							<String ID="string_267" HPOS="344" VPOS="1299" WIDTH="96" HEIGHT="22" WC="0.93" CONTENT="esitöistä"/><SP WIDTH="30" VPOS="1299" HPOS="440"/>
							<String ID="string_268" HPOS="470" VPOS="1300" WIDTH="153" HEIGHT="28" WC="0.72" CONTENT="riippuvaisina"/><SP WIDTH="24" VPOS="1300" HPOS="623"/>
							<String ID="string_269" HPOS="647" VPOS="1300" WIDTH="112" HEIGHT="22" WC="0.95" CONTENT="vähitellen"/><SP WIDTH="27" VPOS="1300" HPOS="759"/>
							<String ID="string_270" HPOS="786" VPOS="1300" WIDTH="105" HEIGHT="22" WC="0.96" CONTENT="voitaisiin"/><SP WIDTH="27" VPOS="1300" HPOS="891"/>
							<String ID="string_271" HPOS="918" VPOS="1301" WIDTH="66" HEIGHT="21" WC="0.96" CONTENT="saada"/>
						</TextLine>
						<TextLine ID="line_33" HPOS="159" VPOS="1334" WIDTH="83" HEIGHT="15">
							<String ID="string_272" HPOS="159" VPOS="1334" WIDTH="83" HEIGHT="15" WC="0.96" CONTENT="aikaan."/>
						</TextLine>
					</TextBlock>
					<TextBlock ID="block_7" HPOS="158" VPOS="1356" WIDTH="826" HEIGHT="200">
						<TextLine ID="line_34" HPOS="231" VPOS="1356" WIDTH="751" HEIGHT="28">
							<String ID="string_273" HPOS="231" VPOS="1356" WIDTH="156" HEIGHT="21" WC="0.92" CONTENT="Säännöllisten"/><SP WIDTH="15" VPOS="1356" HPOS="387"/>
							<String ID="string_274" HPOS="402" VPOS="1356" WIDTH="70" HEIGHT="26" WC="0.96" CONTENT="olojen"/><SP WIDTH="15" VPOS="1356" HPOS="472"/>
							<String ID="string_275" HPOS="487" VPOS="1356" WIDTH="109" HEIGHT="21" WC="0.95" CONTENT="vallitessa"/><SP WIDTH="14" VPOS="1356" HPOS="596"/>
							<String ID="string_276" HPOS="610" VPOS="1362" WIDTH="27" HEIGHT="15" WC="0.96" CONTENT="on"/><SP WIDTH="16" VPOS="1362" HPOS="637"/>
							<String ID="string_277" HPOS="653" VPOS="1356" WIDTH="82" HEIGHT="21" WC="0.96" CONTENT="kansan"/><SP WIDTH="16" VPOS="1356" HPOS="735"/>
							<String ID="string_278" HPOS="751" VPOS="1356" WIDTH="126" HEIGHT="26" WC="0.93" CONTENT="eduskunta,"/><SP WIDTH="10" VPOS="1356" HPOS="877"/>
							<String ID="string_279" HPOS="887" VPOS="1356" WIDTH="95" HEIGHT="28" WC="0.93" CONTENT="ryhtyes-"/>
						</TextLine>
						<TextLine ID="line_35" HPOS="160" VPOS="1383" WIDTH="823" HEIGHT="27">
							<String ID="string_280" HPOS="160" VPOS="1385" WIDTH="53" HEIGHT="20" WC="0.93" CONTENT="sään"/><SP WIDTH="22" VPOS="1385" HPOS="213"/>
							<String ID="string_281" HPOS="235" VPOS="1383" WIDTH="133" HEIGHT="22" WC="0.92" CONTENT="tehtäviänsä"/><SP WIDTH="22" VPOS="1383" HPOS="368"/>
							<String ID="string_282" HPOS="390" VPOS="1385" WIDTH="135" HEIGHT="25" WC="0.96" CONTENT="täyttämään,"/><SP WIDTH="18" VPOS="1385" HPOS="525"/>
							<String ID="string_283" HPOS="543" VPOS="1384" WIDTH="152" HEIGHT="22" WC="0.96" CONTENT="ehdottomasti"/><SP WIDTH="13" VPOS="1384" HPOS="695"/>
							<String ID="string_284" HPOS="708" VPOS="1390" WIDTH="74" HEIGHT="16" WC="0.96" CONTENT="varma"/><SP WIDTH="14" VPOS="1390" HPOS="782"/>
							<String ID="string_285" HPOS="796" VPOS="1384" WIDTH="54" HEIGHT="26" WC="0.96" CONTENT="siitä,"/><SP WIDTH="16" VPOS="1384" HPOS="850"/>
							<String ID="string_286" HPOS="866" VPOS="1386" WIDTH="44" HEIGHT="20" WC="0.93" CONTENT="että"/><SP WIDTH="14" VPOS="1386" HPOS="910"/>
							<String ID="string_287" HPOS="924" VPOS="1384" WIDTH="59" HEIGHT="22" WC="0.92" CONTENT="halli-"/>
						</TextLine>
						<TextLine ID="line_36" HPOS="158" VPOS="1412" WIDTH="826" HEIGHT="29">
							<String ID="string_288" HPOS="158" VPOS="1412" WIDTH="109" HEIGHT="22" WC="0.93" CONTENT="tusvaltaa"/><SP WIDTH="20" VPOS="1412" HPOS="267"/>
							<String ID="string_289" HPOS="287" VPOS="1412" WIDTH="113" HEIGHT="27" WC="0.93" CONTENT="käytetään"/><SP WIDTH="21" VPOS="1412" HPOS="400"/>
							<String ID="string_290" HPOS="421" VPOS="1412" WIDTH="271" HEIGHT="27" WC="0.93" CONTENT="perustuslainmukaisesti"/><SP WIDTH="19" VPOS="1412" HPOS="692"/>
							<String ID="string_291" HPOS="711" VPOS="1412" WIDTH="23" HEIGHT="29" WC="0.96" CONTENT="ja"/><SP WIDTH="21" VPOS="1412" HPOS="734"/>
							<String ID="string_292" HPOS="755" VPOS="1414" WIDTH="45" HEIGHT="21" WC="0.96" CONTENT="että"/><SP WIDTH="21" VPOS="1414" HPOS="800"/>
							<String ID="string_293" HPOS="821" VPOS="1413" WIDTH="38" HEIGHT="22" WC="0.96" CONTENT="siis"/><SP WIDTH="14" VPOS="1413" HPOS="859"/>
							<String ID="string_294" HPOS="873" VPOS="1419" WIDTH="29" HEIGHT="16" WC="0.97" CONTENT="ne"/><SP WIDTH="15" VPOS="1419" HPOS="902"/>
							<String ID="string_295" HPOS="917" VPOS="1414" WIDTH="67" HEIGHT="21" WC="0.97" CONTENT="uudet"/>
						</TextLine>
						<TextLine ID="line_37" HPOS="160" VPOS="1440" WIDTH="823" HEIGHT="29">
							<String ID="string_296" HPOS="160" VPOS="1440" WIDTH="43" HEIGHT="27" WC="0.96" CONTENT="lait,"/><SP WIDTH="20" VPOS="1440" HPOS="203"/>
							<String ID="string_297" HPOS="223" VPOS="1441" WIDTH="102" HEIGHT="27" WC="0.96" CONTENT="joidenka"/><SP WIDTH="20" VPOS="1441" HPOS="325"/>
							<String ID="string_298" HPOS="345" VPOS="1441" WIDTH="140" HEIGHT="22" WC="0.96" CONTENT="säätämiseen"/><SP WIDTH="24" VPOS="1441" HPOS="485"/>
							<String ID="string_299" HPOS="509" VPOS="1441" WIDTH="121" HEIGHT="22" WC="0.96" CONTENT="eduskunta"/><SP WIDTH="15" VPOS="1441" HPOS="630"/>
							<String ID="string_300" HPOS="645" VPOS="1448" WIDTH="27" HEIGHT="15" WC="0.96" CONTENT="on"/><SP WIDTH="16" VPOS="1448" HPOS="672"/>
							<String ID="string_301" HPOS="688" VPOS="1442" WIDTH="99" HEIGHT="22" WC="0.96" CONTENT="kutsuttu"/><SP WIDTH="16" VPOS="1442" HPOS="787"/>
							<String ID="string_302" HPOS="803" VPOS="1448" WIDTH="51" HEIGHT="16" WC="0.96" CONTENT="osaa"/><SP WIDTH="15" VPOS="1448" HPOS="854"/>
							<String ID="string_303" HPOS="869" VPOS="1444" WIDTH="114" HEIGHT="25" WC="0.96" CONTENT="ottamaan,"/>
						</TextLine>
						<TextLine ID="line_38" HPOS="160" VPOS="1469" WIDTH="823" HEIGHT="29">
							<String ID="string_304" HPOS="160" VPOS="1469" WIDTH="92" HEIGHT="28" WC="0.93" CONTENT="liittyvät"/><SP WIDTH="21" VPOS="1469" HPOS="252"/>
							<String ID="string_305" HPOS="273" VPOS="1469" WIDTH="71" HEIGHT="28" WC="0.92" CONTENT="lujaan"/><SP WIDTH="24" VPOS="1469" HPOS="344"/>
							<String ID="string_306" HPOS="368" VPOS="1469" WIDTH="229" HEIGHT="29" WC="0.92" CONTENT="oikeusjärjestykseen"/><SP WIDTH="15" VPOS="1469" HPOS="597"/>
							<String ID="string_307" HPOS="612" VPOS="1470" WIDTH="52" HEIGHT="22" WC="0.96" CONTENT="sekä"/><SP WIDTH="15" VPOS="1470" HPOS="664"/>
							<String ID="string_308" HPOS="679" VPOS="1472" WIDTH="44" HEIGHT="21" WC="0.93" CONTENT="että"/><SP WIDTH="14" VPOS="1472" HPOS="723"/>
							<String ID="string_309" HPOS="737" VPOS="1471" WIDTH="169" HEIGHT="22" WC="0.93" CONTENT="valtiolaitoksen"/><SP WIDTH="17" VPOS="1471" HPOS="906"/>
							<String ID="string_310" HPOS="923" VPOS="1473" WIDTH="60" HEIGHT="20" WC="0.96" CONTENT="varat"/>
						</TextLine>
						<TextLine ID="line_39" HPOS="160" VPOS="1498" WIDTH="823" HEIGHT="29">
							<String ID="string_311" HPOS="160" VPOS="1498" WIDTH="112" HEIGHT="27" WC="0.96" CONTENT="käytetään"/><SP WIDTH="11" VPOS="1498" HPOS="272"/>
							<String ID="string_312" HPOS="283" VPOS="1505" WIDTH="62" HEIGHT="15" WC="0.96" CONTENT="maan"/><SP WIDTH="11" VPOS="1505" HPOS="345"/>
							<String ID="string_313" HPOS="356" VPOS="1498" WIDTH="108" HEIGHT="29" WC="0.96" CONTENT="hyödyksi."/><SP WIDTH="21" VPOS="1498" HPOS="464"/>
							<String ID="string_314" HPOS="485" VPOS="1499" WIDTH="66" HEIGHT="22" WC="0.96" CONTENT="Tämä"/><SP WIDTH="12" VPOS="1499" HPOS="551"/>
							<String ID="string_315" HPOS="563" VPOS="1499" WIDTH="142" HEIGHT="22" WC="0.93" CONTENT="säännöllisen"/><SP WIDTH="12" VPOS="1499" HPOS="705"/>
							<String ID="string_316" HPOS="717" VPOS="1499" WIDTH="176" HEIGHT="28" WC="0.93" CONTENT="valtiopäivätyön"/><SP WIDTH="13" VPOS="1499" HPOS="893"/>
							<String ID="string_317" HPOS="906" VPOS="1500" WIDTH="77" HEIGHT="27" WC="0.92" CONTENT="edelly-"/>
						</TextLine>
						<TextLine ID="line_40" HPOS="159" VPOS="1527" WIDTH="825" HEIGHT="29">
							<String ID="string_318" HPOS="159" VPOS="1529" WIDTH="36" HEIGHT="25" WC="0.96" CONTENT="tys"/><SP WIDTH="20" VPOS="1529" HPOS="195"/>
							<String ID="string_319" HPOS="215" VPOS="1528" WIDTH="87" HEIGHT="27" WC="0.93" CONTENT="puuttui"/><SP WIDTH="21" VPOS="1528" HPOS="302"/>
							<String ID="string_320" HPOS="323" VPOS="1527" WIDTH="160" HEIGHT="28" WC="0.92" CONTENT="valtiosäätyjen"/><SP WIDTH="22" VPOS="1527" HPOS="483"/>
							<String ID="string_321" HPOS="505" VPOS="1528" WIDTH="166" HEIGHT="22" WC="0.95" CONTENT="kokoontuessa."/><SP WIDTH="30" VPOS="1528" HPOS="671"/>
							<String ID="string_322" HPOS="701" VPOS="1527" WIDTH="78" HEIGHT="29" WC="0.95" CONTENT="Säädyt"/><SP WIDTH="21" VPOS="1527" HPOS="779"/>
							<String ID="string_323" HPOS="800" VPOS="1529" WIDTH="57" HEIGHT="22" WC="0.96" CONTENT="eivät"/><SP WIDTH="15" VPOS="1529" HPOS="857"/>
							<String ID="string_324" HPOS="872" VPOS="1529" WIDTH="34" HEIGHT="22" WC="0.96" CONTENT="ole"/><SP WIDTH="14" VPOS="1529" HPOS="906"/>
							<String ID="string_325" HPOS="920" VPOS="1529" WIDTH="64" HEIGHT="22" WC="0.96" CONTENT="olleet"/>
						</TextLine>
					</TextBlock>
				</ComposedBlock>
			</PrintSpace>
		</Page>
	</Layout>
</alto>
