1098 1786
198 128 43 35 700
515 137 90 16 Suomen
617 135 89 18 Pankki.

854 136 24 16 21
890 141 19 15 p.
923 135 96 17 maalisk.

198 206 88 26 liggöra,
308 204 115 22 huruledes
445 203 101 22 Finlands
565 203 67 22 banks
648 203 181 28 utlåningsreserv
844 203 93 22 varierat
952 203 68 21 under

199 234 27 21 de
241 239 35 15 sex
292 233 57 25 åren,
365 232 108 22 äfvensom
489 234 32 19 att
536 233 57 26 gifva
603 238 26 15 en
639 231 79 22 inblick
727 232 8 21 i
745 232 27 21 de
781 233 74 26 poster
864 231 8 22 i
883 231 95 22 bankens
989 231 30 22 bi-

198 262 53 25 lans,
274 268 47 15 som
344 260 106 29 praktiskt
472 261 49 22 sedt
538 261 97 22 invärkat
650 260 28 27 på
692 260 216 27 utlåningsreserven.
939 260 43 21 Det
997 262 22 19 är

199 289 71 23 därför
291 289 65 27 fallet,
377 291 32 20 att
430 289 168 22 meddelandena
615 289 7 21 i
638 289 128 21 öfversikten
783 295 34 15 om
834 289 101 21 Finlands
951 289 68 21 banks

199 318 131 28 placeringar
354 318 45 21 icke
421 317 90 22 hänföra
531 319 34 26 sig
580 317 30 23 till
626 318 78 20 nämda
718 317 64 22 tabell
798 319 51 19 utan
865 317 31 21 till
912 318 26 21 de
953 318 66 20 tabel-

198 347 38 26 ler,
259 353 45 15 som
328 348 37 20 äro
384 346 121 22 vidhäftade
519 346 7 22 i
541 347 66 21 slutet
622 346 22 22 af
657 346 147 22 betänkandet.
834 346 42 21 Det
892 352 63 22 synes
972 346 47 22 där-

196 376 68 27 jämte
286 382 51 15 vara
359 375 46 22 skäl
427 377 32 19 att
478 375 82 28 påpeka
578 382 26 15 en
619 375 23 21 af
655 375 125 21 rubrikerna
794 375 7 21 i
817 381 81 15 samma
913 375 64 22 tabell
992 376 28 26 på

200 405 46 21 sida
261 404 33 27 10,
311 404 115 22 »Inhemsk
441 404 107 27 utlåning»
566 405 71 21 såsom
653 404 37 21 det
704 404 66 22 heter.
792 404 77 21 Denna
881 404 74 22 rubrik
966 404 54 21 hade

198 433 111 27 rätteligen
333 434 50 20 bort
404 432 69 22 förses
493 433 48 21 med
564 440 26 14 en
612 432 50 22 liten
683 432 146 28 anmärkning,
844 438 47 16 som
907 439 29 15 nu
952 432 68 22 blifvit

198 462 63 22 borta
284 462 39 22 och
345 462 7 22 i
374 461 75 28 själfva
471 462 74 21 värket
567 464 23 20 är
605 460 23 23 af
639 462 62 27 ringa
717 461 115 28 betydelse.
861 461 74 22 Under
950 461 70 22 denna

198 491 75 21 rubrik
288 491 50 27 ingå
353 490 76 26 växlar,
444 490 33 21 lån
494 490 39 22 och
548 490 126 22 utestående
689 490 77 27 belopp
778 490 12 21 å
801 490 159 26 kassakreditiv,
972 496 48 16 men

198 518 33 22 för
247 520 26 21 de
287 520 37 20 två
339 519 67 21 första
420 520 51 21 åren
488 520 55 20 1899
558 519 40 22 och
615 519 55 21 1900
685 519 103 27 därjämte
802 519 7 21 i
824 518 85 28 portfölj
921 519 99 27 liggande

199 548 114 22 utländska
335 548 76 26 växlar,
433 547 71 22 hvilka
526 548 46 22 före
595 554 120 16 sommaren
740 548 53 21 1901
813 548 45 21 icke
878 547 96 22 hänförts
989 548 32 21 till

199 577 41 20 den
263 576 119 22 metalliska
404 576 91 25 valutan,
512 583 48 15 men
576 577 45 21 åter
637 576 93 22 därefter
746 576 196 27 reglementsenligt
959 576 62 21 hafva

199 605 49 21 hört
263 605 31 22 till
310 605 69 21 denna
394 607 56 25 post.

268 663 46 21 Hra
336 662 116 28 Hynén:
482 662 128 22 Ennenkuin
630 662 55 27 käyn
701 662 77 22 mitään
794 662 125 22 lausumaan
936 663 82 21 mietin-

200 693 67 24 nöstä,
283 692 104 26 pyytäisin
403 690 109 22 arvoisilta
527 693 117 25 säätymme
660 691 141 21 valiokunnan
813 691 100 27 jäseniltä
921 691 23 27 ja
954 691 66 27 pank-

199 720 208 22 kivaltuusmieheltä
429 719 74 27 tietoja
524 720 84 25 asiasta,
628 719 52 28 joka
702 726 27 15 on
748 721 86 26 esitetty
849 720 116 21 mietinnön
982 720 38 21 siv.

199 748 91 22 28—30.
318 748 64 22 Tästä
404 748 142 22 valiokunnan
570 748 149 28 selvityksestä
740 748 19 22 ei
775 748 87 22 minulle
877 749 40 27 käy
932 748 87 28 selville,

199 777 91 22 miksikä
307 779 57 19 tämä
379 777 79 28 pankki
473 783 27 15 on
517 779 77 20 saanut
608 777 82 21 nauttia
705 777 43 21 niin
764 780 76 18 suurta
854 778 82 21 luottoa
951 778 70 21 alusta

199 806 122 22 viimeiseen
337 806 47 22 asti.
415 805 62 23 Onko
493 806 93 27 erityisiä
602 806 54 27 syitä
670 806 111 25 olemassa,
796 806 64 22 miksi
874 808 45 20 tätä
928 806 93 28 pankkia

199 834 97 28 pidettiin
310 834 149 27 tarpeellisena
473 835 83 21 meidän
567 834 187 22 liikeoloissamme
762 834 24 28 ja
796 834 56 22 oliko
865 835 93 27 erityisiä
967 835 54 27 syitä

199 864 64 20 tähän
285 863 100 21 krediitin
407 863 140 26 lisäämiseen,
570 863 102 21 sittenkin
695 863 43 21 kun
758 863 24 27 jo
804 863 28 21 oli
846 864 79 27 käynyt
940 863 80 22 selville

198 892 50 21 alku
264 897 37 16 sen
317 892 90 26 kurjaan
422 891 71 22 tilaan.
515 892 63 21 Näitä
594 892 72 27 tietoja
677 892 107 21 rohkenen
798 894 82 25 pyytää,
890 894 58 19 etten
961 892 59 21 ereh-

199 920 54 27 tyisi.
283 920 86 27 Pyydän
395 920 50 25 sitte
467 922 66 23 vasta,
556 920 124 27 selvitykset
702 921 102 25 saatuani,
826 921 84 26 käyttää
927 920 93 27 puheen-

199 954 87 16 vuoroa.

267 1005 46 22 Hra
328 1011 57 15 von
400 1004 115 22 Pfaler:
538 1005 49 22 Med
602 1005 116 27 anledning
732 1005 22 22 af
768 1006 25 21 hr
809 1005 88 28 Hynöns
912 1005 107 28 förfrågan

198 1033 36 22 vill
246 1033 38 28 jag
298 1033 33 22 för
347 1033 43 21 min
406 1033 33 22 del
454 1033 98 22 meddela
566 1033 38 22 allt
618 1033 55 22 hvad
686 1033 38 28 jag
738 1035 80 20 känner
833 1035 7 20 i
852 1035 72 25 saken,
934 1034 39 21 och
984 1035 35 20 det

197 1063 24 20 är
243 1064 37 24 att,
303 1062 26 22 dä
352 1062 69 21 denna
444 1062 55 21 bank
522 1062 31 21 till
568 1069 26 14 en
616 1062 74 27 början
705 1063 123 26 inrättades,
844 1063 101 22 Finlands
963 1063 57 21 bank

198 1090 108 22 sannolikt
322 1090 47 22 icke
383 1090 67 27 ansäg
465 1091 33 27 sig
512 1090 62 22 hafva
589 1090 115 27 anledning
719 1094 31 19 att
765 1091 104 22 behandla
884 1092 40 21 den
940 1091 28 28 pä
983 1099 36 14 an-

198 1122 37 19 nat
256 1121 42 20 sätt
313 1121 26 20 än
355 1119 26 21 de
396 1119 69 27 öfriga
479 1119 109 22 bankerna
603 1119 38 22 och
657 1119 71 22 därför
743 1120 104 27 beviljade
862 1121 48 26 den,
926 1120 71 22 säsom
1013 1121 6 20 i

198 1148 144 21 betänkandet
364 1150 76 20 nämts,
463 1154 25 15 en
510 1150 43 19 rätt
575 1148 31 22 till
629 1148 176 27 rediskontering.
835 1149 77 26 Nägon
928 1149 92 22 särskild

197 1177 160 26 omständighet
379 1177 50 20 eller
450 1177 65 26 nägot
533 1177 51 25 skäl,
600 1183 47 15 som
663 1177 69 21 skulle
746 1176 62 22 hafva
823 1177 105 22 föranledt
943 1177 31 21 till
990 1179 30 19 ett

198 1204 112 27 gynnande
332 1204 23 22 af
374 1205 68 21 denna
458 1204 56 22 bank
530 1211 45 15 mer
590 1207 26 19 än
632 1205 71 25 andra,
718 1205 44 27 har,
778 1206 70 21 sävidt
862 1206 7 21 i
879 1206 140 21 bankutskot-

197 1235 32 19 tet
250 1233 111 27 försports,
384 1233 45 21 icke
451 1233 133 21 förefunnits.
614 1233 39 21 Att
671 1234 213 28 bankförvaltningen
899 1234 122 22 sedermera

197 1261 73 22 visade
290 1261 34 27 sig
343 1268 50 15 vara
407 1261 134 22 annorlunda
556 1264 25 19 än
598 1268 49 15 man
662 1262 47 22 tfrän
724 1262 74 27 början
814 1262 72 22 kunde
900 1262 120 26 förutsätta,

196 1291 25 19 är
242 1290 124 27 visserligen
387 1290 121 27 beklagligt,
531 1290 39 22 och
593 1291 36 21 det
650 1292 24 20 är
693 1291 25 26 ju
738 1291 40 26 det,
797 1297 47 15 som
858 1291 106 22 föranledt
979 1291 40 21 den

197 1318 70 26 krach,
290 1324 47 16 som
355 1318 100 26 slutligen
477 1319 68 21 blifvit
562 1319 78 26 följden
656 1318 23 21 af
692 1320 59 20 detta
766 1319 144 26 bankföretag,
925 1326 49 14 men
990 1322 31 18 att

197 1346 102 22 Finlands
323 1346 56 21 bank
399 1346 69 21 skulle
483 1346 72 22 kunna
566 1346 116 22 förutsätta
696 1347 63 26 detta,
775 1348 27 21 dä
817 1347 69 22 denna
901 1347 69 22 kredit
985 1347 35 21 be-

197 1374 89 26 viljades
301 1374 91 25 banken,
407 1374 41 21 kan
463 1380 49 16 man
528 1374 34 22 väl
577 1374 45 22 icke
638 1376 66 25 gärna
718 1375 68 27 pästä.

266 1432 46 22 Hra
327 1432 162 28 Hallberg:
518 1433 42 50 Jag
581 1433 37 22 ber
634 1433 54 22 blott
702 1433 24 22 fä
740 1435 83 25 nämna,
838 1435 32 20 att
881 1434 39 27 jag
934 1435 23 20 är
972 1433 48 22 full-

197 1461 90 28 komligt
302 1461 134 22 urständsatt
450 1463 32 20 att
497 1462 89 27 angifva,
602 1461 106 23 huruvida
723 1462 214 28 bankförvaltningen
950 1463 69 22 skulle

196 1489 46 22 haft
255 1490 70 28 nägon
342 1490 91 22 särskild
447 1490 116 28 anledning
576 1492 32 20 att
623 1497 71 21 gynna
708 1492 70 21 denna
792 1491 58 22 bank
860 1492 36 22 vid
908 1492 49 22 dess
968 1498 53 22 upp-

197 1518 77 22 komst.
302 1519 43 27 Jag
367 1521 50 24 tror,
440 1521 32 20 att
494 1519 25 21 hr
534 1526 42 15 von
592 1518 70 23 Pfaler
677 1520 7 20 i
700 1520 36 22 det
750 1520 60 22 fallet
824 1520 48 22 fullt
887 1521 56 21 klart
956 1520 64 23 fram-
