1070 1789
150 121 54 35 1048
465 123 180 34 Suostuntaverot.
817 129 23 16 15
852 133 20 16 p.
884 129 81 16 huhtik.

217 199 106 22 Esiteltiin
339 198 275 23 suostuntavaliokunnasta
629 198 63 21 tullut
707 197 102 27 kirjelmä,
817 197 51 27 joka
879 197 27 21 oli
917 197 50 21 näin

151 227 103 22 kuuluva:

231 309 107 26 PINLANDS
358 304 114 31 STÄNDERS

199 366 302 33 BEYILLNINGSUTSKOTT.

321 403 96 37 —os0—
592 409 40 21 Till
646 408 106 28 vällofliga
765 408 183 28 borgareständet.

261 448 189 21 HELSINGFORS,

258 495 35 18 den
302 496 22 16 15
333 495 51 23 april
395 494 55 18 1905.

319 540 35 19 N:o
366 540 27 18 26.

221 622 73 26 Enligt
308 621 31 22 till
354 621 235 28 bevillningsutskottet
604 622 90 22 anlända
708 622 198 28 protokollsutdrag
922 621 47 23 frän

153 650 26 22 de
195 650 104 22 särskilda
313 650 89 22 stånden
418 650 62 22 hafva
494 651 147 27 ridderskapet
663 651 38 21 och
716 651 62 21 adeln
797 653 54 19 samt
870 651 100 27 borgare-

153 679 85 21 ståndet
253 679 108 27 godkännt
376 678 115 22 utskottets
506 680 133 21 betänkande
656 686 34 15 n:o
701 679 155 27 2ianledning
871 678 22 22 af
909 680 60 20 Hans

154 707 120 27 Kejserliga
298 707 110 27 Majestäts
430 708 77 26 nådiga
528 708 158 28 propositioner
709 708 50 22 n:ris
782 708 35 26 21,
839 708 28 21 22
889 708 39 21 och
943 708 28 21 25

153 736 110 26 angående
280 736 113 26 bevillning
407 735 33 22 för
447 736 162 28 tillvärkning
616 736 27 22 af
650 736 176 28 maltdrycker,
834 736 137 27 bevillning

153 764 43 22 för
211 764 109 28 spelkort
328 767 56 19 samt
392 765 247 27 stämpelbevillning,
648 765 110 21 hvaremot
771 766 82 26 präste-
869 764 39 22 och
918 765 52 21 bon-

154 793 123 26 deständen,
285 793 47 21 med
340 792 135 22 förkastande
483 793 22 21 af
511 794 115 21 utskottets
635 794 137 24 betänkande,
786 793 63 21 fattat
856 793 72 22 beslut
936 800 34 14 om

153 822 119 26 utgörande
288 821 21 21 af
321 821 116 27 bevillning
452 821 31 21 för
498 822 47 21 hela
563 822 169 27 finansperioden
757 822 138 22 1905—1907
912 822 6 20 i
934 828 36 15 en-

154 850 65 26 lighet
242 850 48 22 med
311 850 27 21 de
353 850 98 26 grunder,
470 856 46 15 som
531 850 68 22 finnas
614 850 86 24 angifna
714 850 32 22 uti
768 850 26 21 de
809 852 78 20 tvänne
902 850 22 21 af
937 853 33 18 ut-

154 878 79 22 skottet
248 878 32 22 till
295 878 89 22 stånden
399 878 90 22 insända
497 879 88 27 bilagor,
593 879 144 21 innefattande
744 878 153 22 förberedande
905 878 65 22 hand-

153 907 102 27 läggning
270 906 22 22 af
305 907 67 27 sagda
386 907 77 27 nädiga
477 908 163 26 propositioner.

222 936 57 21 Enär
302 936 88 21 sålunda
412 938 76 19 tvänne
511 937 63 21 stånd
597 936 108 27 godkännt
726 936 115 22 utskottets
868 935 81 28 förslag
963 936 8 21 i

154 964 49 21 dess
219 964 70 22 helhet
305 967 54 18 samt
374 964 58 21 detta
446 964 80 28 förslag
536 965 55 21 afser
601 964 147 22 bibehållande
758 964 22 22 af
788 964 75 22 hittills
875 964 96 28 gällande

154 993 39 21 och
208 993 7 21 i
230 993 26 21 de
271 992 77 27 nädiga
362 993 184 27 propositionerna
561 994 7 20 i
583 993 121 21 hufvudsak
720 993 140 22 oförändrade
875 993 94 27 grunder

152 1020 34 23 för
202 1021 152 27 bevillningens
379 1022 122 26 utgörande,
524 1022 75 22 medan
622 1022 96 21 däremot
733 1024 82 25 präste-
837 1022 40 21 och
891 1022 79 21 bonde-

154 1050 102 22 ständens
271 1050 75 23 beslut,
362 1050 70 22 sävidt
447 1050 66 27 angär
528 1051 141 25 maltskatten,
684 1051 89 21 innebär
783 1056 27 15 en
821 1050 148 27 skatteförhöj-

152 1079 59 26 ning,
233 1079 31 21 fär
285 1078 237 27 bevillningsutskottet,
547 1079 46 22 med
608 1080 106 21 anseende
728 1078 61 22 äfven
805 1079 56 25 därä,
876 1081 31 19 att
922 1079 48 21 sist-

152 1108 79 21 nämda
253 1108 74 21 ständs
349 1107 71 22 beslut
442 1107 113 22 innefattar
577 1108 119 26 antagande
718 1107 23 22 af
762 1107 117 28 bevillning
891 1108 80 27 jämväl

152 1136 34 22 för
202 1137 40 21 den
258 1136 23 22 af
290 1136 148 27 ridderskapet
461 1136 39 22 och
515 1137 61 21 adeln
593 1139 55 19 samt
667 1136 177 28 borgareständet
858 1136 112 22 bestämda

153 1165 85 21 kortare
261 1165 35 26 tid,
312 1164 31 22 till
366 1165 105 21 ernäende
485 1164 23 22 af
521 1166 182 26 samstämmighet
718 1166 6 20 i
739 1165 98 21 besluten
853 1165 32 21 uti
901 1165 70 21 denna

153 1193 60 27 fråga
236 1194 108 21 vördsamt
359 1193 84 26 föreslå,
458 1195 31 19 att
504 1194 83 22 landets
602 1193 114 27 höglofliga
732 1194 86 21 ständer
833 1194 49 21 ville
897 1193 74 22 förena

154 1222 34 27 sig
202 1228 34 15 om
253 1222 35 21 det
303 1221 86 27 förslag,
412 1228 45 15 som
473 1221 22 22 af
515 1223 233 27 bevillningsutskottet
762 1222 125 22 framställts
902 1222 7 21 i
922 1222 49 21 dess

153 1250 133 22 betänkande
301 1257 33 15 n:o
350 1251 19 21 2.

222 1280 42 20 För
280 1280 39 20 den
334 1279 102 21 händelse
452 1280 204 26 sammanjämkning
666 1279 66 27 enligt
742 1279 135 21 förestående
891 1278 81 27 förslag

153 1308 18 26 ej
188 1308 41 21 kan
252 1308 178 26 tillvägabringas,
450 1307 31 21 får
497 1308 110 25 utskottet,
622 1308 49 20 med
687 1308 46 21 stöd
750 1307 23 22 af
785 1306 137 22 föreskriften
936 1308 8 20 i
959 1307 12 26 $

154 1336 26 20 72
195 1337 22 19 L.
234 1336 25 20 O.
274 1336 110 26 angående
399 1336 55 20 hvad
469 1336 7 20 i
491 1336 76 20 sådant
581 1336 35 20 fall
632 1336 38 20 bör
681 1336 104 26 iakttagas
796 1335 39 21 och
845 1336 8 20 i
864 1334 107 22 anseende

153 1364 32 20 till
199 1364 69 20 tidens
285 1364 99 26 ytterliga
399 1363 114 27 knapphet,
521 1364 109 20 vördsamt
638 1363 116 25 hemställa,
762 1365 31 19 att
804 1363 89 21 stånden
905 1362 66 22 tillika

153 1392 131 21 omedelbart
306 1391 48 22 ville
376 1394 48 18 utse
447 1391 114 22 ledamöter
585 1392 30 21 uti
632 1391 103 21 förstärkt
758 1390 213 28 bevillningsutskott

153 1420 31 22 till
200 1421 36 21 det
251 1420 56 22 antal
323 1420 12 28 $
352 1420 26 22 74
393 1420 22 21 L.
432 1419 25 22 O.
470 1420 99 27 stadgar;
585 1420 39 22 och
638 1420 32 22 får
678 1420 105 22 utskottet
799 1420 102 27 därjämte
909 1420 61 22 vörd-

154 1453 55 19 samt
223 1449 84 27 föreslå,
322 1451 31 20 att
369 1449 120 26 ständerna,
504 1448 33 22 för
552 1450 40 20 den
608 1449 101 21 händelse
719 1448 102 23 förstärkt
832 1449 137 27 bevillnings-

152 1478 84 22 utskott
251 1478 84 22 komme
350 1478 31 21 till
397 1478 67 26 stånd,
479 1477 49 22 ville
544 1478 111 27 godkänna
669 1478 93 28 följande
775 1478 195 28 omröstningspro-

151 1508 132 27 positioner
273 1504 14 35 :
