1089 1789
83 134 29 17 10
124 138 20 16 p.
156 133 83 18 huhtik.
317 133 127 20 Epäkohdat
455 133 146 17 koulutoimen
613 133 70 17 alalla.
866 125 42 22 829

84 201 41 23 har
140 202 7 21 i
161 201 67 22 likhet
250 201 48 22 med
320 201 180 28 undervisningen
522 202 7 21 i
546 201 91 25 franska,
661 201 102 27 engelska
784 201 40 21 och
846 201 62 28 tyska

86 231 56 21 varit
162 231 25 21 så
208 230 88 26 ordnad,
319 232 31 19 att
372 231 35 20 två
428 231 103 20 timmar
523 226 12 35 i
546 230 79 21 veckan
646 230 54 21 varit
715 230 70 21 därtill
799 230 109 27 anslagna,

85 265 51 15 men
151 259 8 21 i
173 258 65 28 öfrigt
260 259 38 21 har
321 259 181 26 undervisningen
525 259 54 21 varit
601 258 92 27 frivillig,
713 258 24 21 så
752 260 31 19 att
798 258 47 25 den,
861 264 47 15 som

86 287 129 27 genomgått
236 287 165 27 polyteknikum,
424 287 45 21 haft
484 289 31 19 att
532 287 111 21 absolvera
659 287 160 26 genomgången
835 287 53 20 kurs
902 287 8 20 i

86 316 67 27 något
173 315 23 22 af
216 316 63 21 dessa
299 315 46 28 fyra
367 315 69 26 språk,
458 315 88 21 hvarvid
566 315 41 21 han
623 315 54 21 hade
691 315 102 26 rättighet
807 316 32 20 att
853 314 56 27 välja

84 344 88 22 hvilken
187 343 21 22 af
223 345 62 20 dessa
299 343 46 28 fyra
362 343 121 22 lärokurser
498 344 41 21 han
554 343 33 22 för
602 343 47 22 sina
664 343 82 22 studier
761 343 67 27 ansåg
842 343 68 27 lämp-

86 373 69 26 ligast.
185 373 123 21 Emellertid
326 373 90 21 anlände
431 373 32 20 till
478 372 169 27 lärarekollegiet
662 371 33 22 via
711 372 197 27 industristyrelsen

86 401 47 22 från
156 401 66 27 högre
244 404 34 19 ort
292 401 33 21 för
340 407 27 15 en
382 401 31 21 tid
428 401 65 21 sedan
516 401 116 27 befallning
647 403 31 18 att
693 401 72 21 skrida
780 400 31 21 till
827 402 82 25 uppgö-

85 430 68 22 rande
168 429 23 22 af
206 429 81 28 förslag
302 429 31 21 till
348 429 109 22 ordnande
472 430 39 21 och
526 429 129 27 utvidgande
671 429 22 21 af
706 429 181 27 undervisningen
903 429 7 21 i

86 458 66 28 ryska
173 458 87 28 språket
274 458 35 22 vid
324 458 165 27 polyteknikum.
520 458 60 22 Efter
601 464 27 15 en
643 458 50 27 lång
708 458 39 21 och
763 458 101 26 grundlig
879 457 31 22 öf-

88 487 141 27 verläggning
249 487 70 22 beslöt
340 487 169 27 lärarekollegiet
523 489 31 19 att
568 487 50 27 ingå
633 486 48 22 med
701 486 159 26 framställning
874 492 36 16 om

86 518 34 20 att
142 516 41 22 den
205 516 99 22 fordrade
327 516 152 27 utvidgningen
499 516 68 22 skulle
581 515 22 22 få
617 515 95 28 försiggå
726 515 58 21 inom
800 521 73 16 ramen
888 514 24 22 af

88 551 26 15 en
130 544 131 22 fortfarande
275 544 86 28 frivillig
376 545 153 27 undervisning
543 545 28 27 på
586 545 24 21 så
625 546 48 24 sätt,
688 546 32 20 att
735 551 26 15 en
772 544 74 28 längre
856 544 53 22 kurs

89 574 8 21 i
111 574 83 27 ryskan,
210 573 131 22 omfattande
356 574 13 21 6
384 574 157 25 veckotimmar,
557 573 68 22 skulle
640 572 85 26 införas,
741 573 19 21 d.
775 580 20 14 v.
811 580 17 14 s.
838 579 27 15 en
876 573 33 21 så-

88 602 42 22 dan
152 602 154 28 undervisning
328 602 72 22 ställas
416 602 32 21 till
462 602 84 28 hugade
561 602 120 27 deltagares
700 602 127 27 disposition
848 602 40 22 och
903 602 7 21 i

88 630 65 28 öfrigt
168 631 65 22 också
247 632 41 21 den
303 631 86 21 kortare
404 631 180 27 undervisningen
599 631 28 27 på
641 631 36 21 två
692 631 85 21 timmar
788 630 122 22 bibehållas.

89 660 76 21 Såsom
188 666 49 15 svar
256 659 50 22 aflät
320 661 87 20 senaten
423 666 26 14 en
464 660 134 27 bestämning
612 666 35 14 om
663 659 120 21 införandet
797 659 23 21 af
833 660 13 20 6
862 660 48 20 tim-

88 694 58 16 mars
168 688 58 25 kurs,
248 694 49 15 men
319 688 145 27 obligatorisk,
487 688 89 22 sålunda
591 691 31 19 att
637 688 97 26 samtliga
757 688 69 21 elever
842 688 28 26 på
884 688 28 21 de

89 716 105 28 fyraåriga
216 716 148 22 fackskolorna
386 716 69 22 skulle
477 716 62 22 hafva
560 719 31 19 att
613 716 111 22 absolvera
742 722 26 16 en
784 716 127 27 fullständig

88 746 53 21 kurs
163 746 50 21 med
227 745 13 22 6
255 746 84 21 timmar
354 746 7 20 i
376 746 79 21 veckan
477 745 107 22 fördelade
603 745 26 27 på
645 747 32 20 tre
692 745 29 21 år.
750 745 84 21 Endast
855 745 56 21 fack-

88 774 76 22 skolan
179 774 8 22 i
201 774 135 22 landtmäteri
358 774 68 22 skulle
448 774 63 21 hafva
533 781 25 15 en
581 774 66 27 något
664 774 84 21 kortare
763 774 52 21 kurs
830 774 52 21 eller
897 774 15 20 4

89 804 85 20 timmar
189 803 6 21 i
212 803 85 22 veckan.
326 803 178 27 Lärarekollegiet
526 803 54 21 hade
595 803 6 21 i
617 802 33 22 sin
672 802 68 22 första
754 802 158 27 framställning

89 832 46 22 icke
149 831 128 23 försummat
291 834 32 20 att
337 832 87 27 påpeka,
446 832 85 21 hvilken
546 834 46 20 stor
607 831 54 22 våda
675 832 7 20 i
697 831 143 27 pedagogiskt
859 832 53 20 hän-

88 860 81 23 seende
184 863 30 19 ett
229 860 122 28 ytterligare
367 860 135 22 belamrande
517 860 22 22 af
554 860 123 27 läroplanen
692 860 49 22 med
755 863 59 18 extra
826 860 86 21 timmar

89 889 70 22 skulle
174 889 95 21 medföra
283 888 33 23 för
331 889 104 21 eleverna.
465 889 42 22 Det
527 891 24 19 är
569 888 106 28 nämligen
690 889 46 21 icke
751 889 113 26 obekannt,
879 890 33 20 att

90 918 36 21 vid
147 918 166 27 polyteknikum,
336 918 47 21 tack
405 924 50 15 vare
471 920 30 19 ett
516 918 133 27 oundvikligt
671 918 132 26 mångläseri,
826 918 86 21 timmar

89 946 34 22 för
138 947 79 21 sådana
232 948 76 20 ämnen
323 952 47 16 som
386 946 64 27 språk
464 946 95 22 förefalla
573 946 136 28 synnerligen
725 946 79 26 odiösa,
820 946 40 22 och
876 946 36 21 det

89 977 24 18 är
129 977 31 19 att
175 974 78 26 befara,
268 977 31 19 att
314 975 41 21 den
371 976 70 25 gräns,
456 974 59 22 öfver
530 975 84 21 hvilken
629 981 51 14 man
692 975 45 20 icke
748 974 111 21 ostraffadt
869 975 42 20 kan

91 1003 72 22 skrida
185 1003 36 21 vid
235 1003 146 27 betungandet
395 1002 24 22 af
431 1003 26 21 de
473 1009 57 21 unga
547 1003 109 21 elevernas
679 1002 235 27 absorptionsförmåga

90 1031 33 22 för
146 1032 181 27 undervisningen
342 1031 7 22 i
364 1031 56 22 olika
441 1031 52 26 fack,
516 1032 48 21 med
586 1031 70 22 denna
670 1037 41 21 nya
726 1032 67 27 regim
816 1031 97 21 kommes

91 1061 118 26 betänkligt
224 1062 51 19 nära
290 1060 39 22 och
344 1061 7 20 i
366 1060 57 21 vissa
440 1060 37 21 fall
491 1061 41 20 kan
547 1060 150 21 öfverskridas.
740 1061 40 20 Att
794 1059 74 22 befara
883 1061 30 24 är,

89 1092 34 19 att
137 1090 58 21 detta
210 1089 96 22 kommer
321 1090 31 20 att
366 1089 47 21 leda
428 1089 32 21 till
474 1089 119 26 konflikter,
604 1088 70 22 hvilka
684 1089 65 21 varda
759 1088 32 22 till
801 1088 37 22 allt
848 1090 66 19 annat

91 1120 28 19 än
135 1119 78 20 båtnad
228 1117 33 22 för
276 1118 192 26 undervisningens
487 1118 74 26 jämna
583 1117 61 28 gång.
675 1117 72 22 Skulle
762 1117 152 22 öfverhufvud-

92 1149 59 24 taget
173 1146 138 27 obligatorisk
333 1146 154 27 undervisning
500 1147 7 20 i
521 1145 133 23 främmande
677 1145 63 28 språk
762 1146 36 21 vid
815 1146 39 21 vår
868 1145 46 22 tek-

92 1175 62 22 niska
176 1175 103 27 högskola
299 1174 84 26 införas,
406 1175 24 21 så
452 1181 51 15 vore
524 1175 36 22 det
580 1175 45 21 icke
640 1174 76 21 främst
730 1175 64 27 ryska
811 1177 50 18 utan
877 1181 37 14 en-

93 1204 73 26 gelska
188 1203 39 22 och
249 1203 67 28 tyska,
335 1209 46 16 som
397 1203 74 21 därvid
486 1203 66 22 borde
567 1203 86 21 komma
667 1203 7 21 i
689 1203 66 26 fråga.
784 1203 50 21 Man
851 1203 63 20 söker

93 1232 117 21 emellertid
230 1231 106 28 förgäfves
351 1232 8 21 i
373 1238 150 20 programmen
538 1231 46 22 från
600 1231 113 22 utländska
727 1231 117 28 högskolor
860 1237 54 21 upp-

93 1261 40 26 gift
147 1261 33 26 på,
195 1263 32 18 att
241 1260 140 27 obligatorisk
398 1261 153 26 undervisning
565 1261 8 20 i
588 1260 70 27 språk,
673 1267 46 14 som
735 1261 46 20 icke
794 1261 23 20 är
831 1260 83 21 landets

93 1291 55 24 eget,
169 1289 69 21 skulle
252 1289 137 21 förekomma.
419 1289 43 20 Det
480 1291 23 18 är
522 1291 31 19 att
568 1289 88 26 hoppas,
671 1290 32 19 att
718 1289 70 20 denna
802 1289 112 20 undervis-

93 1317 54 28 ning
168 1318 24 21 så
214 1317 43 22 fort
278 1323 47 15 som
347 1317 82 27 möjligt
447 1317 54 21 skall
516 1318 45 21 visa
576 1317 33 27 sig
624 1317 47 21 leda
686 1317 31 21 till
732 1317 95 25 resultat,
843 1317 73 21 hvilka

93 1346 58 22 klart
172 1346 39 21 och
233 1346 76 27 tydligt
331 1345 56 28 gifva
409 1345 36 22 vid
463 1345 89 27 handen,
567 1347 32 20 att
613 1345 106 22 reformen
734 1347 24 20 är
773 1345 143 27 pedagogiskt

93 1375 85 26 skadlig
199 1374 39 22 och
261 1374 92 27 omöjlig.
383 1374 90 27 Nyligen
495 1374 63 21 hafva
573 1374 26 21 de
614 1380 40 21 nya
669 1374 181 27 lärareplatserna,
869 1373 47 22 icke

94 1404 56 20 färre
173 1405 26 19 än
221 1403 46 26 fyra
289 1403 66 25 (detta
377 1403 57 21 antal
456 1403 38 21 har
516 1405 81 19 ansetts
616 1403 81 26 nödigt)
713 1402 94 26 ansökts,
823 1402 39 21 och
877 1402 39 21 har

94 1430 184 27 lärarekollegium
300 1437 30 15 nu
351 1432 32 19 att
399 1431 84 20 besätta
498 1430 54 21 dem.
582 1430 74 22 Såsom
673 1433 31 18 ett
718 1430 80 27 typiskt
814 1431 59 20 bevis
889 1430 28 26 på

94 1461 42 20 den
159 1459 96 25 brådska,
278 1459 49 21 med
349 1459 84 20 hvilken
449 1459 88 21 ärendet
555 1458 129 26 behandlats,
699 1458 42 22 kan
756 1459 90 24 anföras,
862 1460 32 19 att
908 1458 8 21 i

94 1489 102 21 senatens
219 1487 110 22 skrifvelse
344 1487 31 22 till
389 1487 134 21 lärarekåren
547 1487 133 26 bestämmes,
703 1489 30 20 att
756 1487 69 21 denna
843 1486 73 28 språk-

96 1517 153 27 undervisning
271 1517 66 21 redan
360 1517 67 20 under
449 1516 109 26 pågående
577 1516 68 21 läseår
661 1516 66 21 borde
742 1516 90 26 vidtaga,
848 1516 68 20 ehuru
