1103 1773
76 137 24 17 31
111 141 20 16 p.
143 137 94 17 tammik.
387 130 205 37 Talousvaliokunta.
852 135 44 21 565

144 206 106 21 Esiteltiin
266 206 232 24 talousvaliokunnasta
514 208 63 22 tullut
592 210 49 20 näin
657 209 95 21 kuuluva
767 209 104 27 kirjelmä:

122 267 117 21 FINLANDS
253 265 119 24 STÄNDERS

76 307 341 29 EKONOMIEUTSKOTT.

211 355 71 7 —

133 387 227 21 HELSINGFORS

120 425 34 17 den
174 426 27 16 30
217 426 82 22 januari
316 426 55 17 1905.

486 369 40 21 Till
541 368 105 28 vällofliga
660 370 183 26 borgareständet.

216 485 27 32 JE
253 485 22 32 5.

142 546 95 21 Emedan
254 546 32 21 för
302 547 105 21 utskottet
422 547 96 25 anmälts,
529 549 31 19 att
574 547 25 21 hr
615 547 25 21 K.
656 547 24 21 V.
693 547 113 27 Bergman,
817 553 46 16 som
874 547 23 22 af

74 575 176 26 borgareständet
266 577 78 20 utsetts
360 575 30 21 till
407 575 113 27 suppleant
533 576 7 21 i
550 575 110 26 utskottet,
670 582 52 15 vore
732 576 113 27 insjuknad
856 576 39 21 och

74 603 100 28 möjligen
189 603 33 22 för
238 610 26 15 en
279 604 74 27 längre
368 604 31 21 tid
413 603 123 22 förhindrad
550 606 32 19 att
597 605 35 21 vid
646 604 126 22 inträffande
782 604 70 21 förfall
862 604 34 21 för

74 632 187 27 borgareständets
284 632 211 22 utskottsledamöter
516 633 7 21 i
542 633 62 22 deras
619 633 61 21 ställe
696 633 30 22 uti
742 633 104 22 utskottet
864 633 31 21 in-

74 661 65 26 träda,
155 660 32 21 får
202 661 105 22 utskottet
322 661 156 22 vördsammast
492 662 39 21 hos
542 662 176 27 borgareständet
728 662 74 21 härom
813 661 83 22 anmäla

74 689 40 22 och
129 689 66 22 tillika
209 689 84 22 anhålla
307 691 36 20 det
359 690 175 27 borgareståndet
549 690 49 21 ville
613 692 48 20 utse
676 697 70 14 annan
766 690 131 28 suppleant

73 718 11 21 i
98 717 128 23 utskottet.

297 776 32 21 På
343 776 228 21 ekonomieutskottets
587 778 88 25 vägnar:

414 833 54 21 Axel
484 833 74 28 Spåre.

670 890 21 18 F.
705 890 43 18 Osk.
763 890 63 18 Lilius.

142 960 47 21 Hra
203 960 154 27 Hallberg
371 960 59 27 pyysi
445 960 166 26 puheenvuoroa
623 960 23 26 ja
656 960 78 21 lausui:
745 960 43 21 Det
798 960 40 21 kan
849 960 48 21 icke

74 990 66 26 gärna
154 988 85 22 komma
254 989 7 21 i
275 988 65 28 fräga,
355 991 31 19 att
401 988 176 27 borgareständet
592 988 68 22 skulle
675 991 49 19 utse
738 994 26 16 en
781 988 114 28 suppleant

74 1018 6 20 i
100 1017 71 22 stället
192 1016 32 22 för
244 1017 25 21 hr
288 1018 111 26 Bergman,
418 1019 51 19 utan
488 1018 84 20 ståndet
590 1018 67 20 borde
672 1017 34 21 väl
721 1020 48 18 utse
785 1024 26 14 en
827 1017 68 27 tredje

74 1046 119 27 suppleant.

142 1103 47 22 Hra
212 1103 124 21 Homén:
365 1103 42 27 Jag
429 1105 44 19 tror
496 1103 43 26 mig
553 1103 72 21 kunna
639 1102 102 25 försäkra,
760 1104 31 20 att
806 1102 36 22 det
858 1109 38 14 var

74 1132 116 21 utskottets
205 1132 92 26 mening,
309 1133 32 19 att
356 1138 26 14 en
398 1131 67 27 tredje
480 1132 114 26 suppleant
609 1131 68 21 skulle
692 1133 66 19 utses.

143 1190 46 20 Hra
201 1195 42 15 von
259 1188 118 22 Pfaler:
394 1188 41 22 För
450 1188 42 21 min
509 1188 33 22 del
558 1190 22 20 är
593 1188 38 27 jag
639 1188 22 21 af
666 1194 82 15 samma
759 1188 136 27 uppfattning

75 1224 46 15 som
142 1218 25 21 hr
189 1218 109 27 Hallberg,
321 1220 31 19 att
372 1218 36 20 det
423 1219 23 20 är
463 1218 109 26 naturligt,
589 1219 31 19 att
636 1218 177 26 borgareständet
827 1217 69 21 borde

74 1249 48 19 utse
137 1253 25 15 en
179 1246 67 27 tredje
261 1246 114 28 suppleant
390 1248 31 19 att
436 1246 82 21 inträda
533 1246 7 20 i
555 1246 71 21 stället
640 1245 33 21 för
688 1246 25 20 hr
724 1246 113 26 Bergman,
848 1252 46 14 som

74 1277 23 19 är
113 1276 66 20 andra
194 1275 119 27 suppleant,
328 1274 33 22 för
377 1275 39 21 den
432 1274 101 22 händelse
548 1277 36 23 att,
600 1274 27 22 dä
642 1275 80 20 dennes
738 1274 134 22 värksamhet
888 1274 7 21 i

74 1304 106 21 utskottet
194 1304 126 26 päkallades,
336 1303 40 22 han
392 1303 45 21 icke
453 1303 68 21 skulle
537 1310 50 14 vara
601 1303 7 21 i
623 1302 73 22 tilfälle
711 1305 31 19 att
757 1302 94 28 fungera.

144 1361 130 21 Keskustelu
293 1360 122 28 julistettiin
437 1363 37 24 nyt
489 1360 151 27 päättyneeksi,
656 1360 66 26 jonka
735 1360 85 27 jälkeen
835 1361 60 25 sääty

75 1390 66 26 päätti
164 1392 62 18 antaa
249 1388 208 27 valitsijamiehilleen
480 1388 98 22 toimeksi
600 1388 63 21 valita
682 1388 82 22 kolmas
784 1388 111 26 varajäsen

75 1416 228 22 talousvaliokuntaan.
