1073 1798
166 130 54 21 1024
478 133 247 29 Prokuraattorinvirka.
834 137 24 16 14
870 142 19 15 p.
902 136 85 17 huhtik.

232 204 169 22 Puheenvuoroa
423 206 61 26 pyysi

232 250 38 21 hra
298 250 112 25 Heikel,
437 250 119 27 Teodor,
580 250 51 28 joka
660 250 79 22 lausui:
778 250 71 28 Nägot
880 250 105 22 definitivt

164 279 230 21 utskottsbetänkande
408 278 114 28 föreligger
537 279 46 22 icke
599 278 130 23 beträtfande
744 279 160 27 ifrägavarande
915 281 69 20 ämne.

163 307 62 22 Inom
255 310 33 19 tre
319 307 62 22 ständ
403 308 28 21 ha
452 308 114 26 petitioner
591 308 55 22 dock
669 308 114 22 inlämnats
806 308 7 21 i
837 307 81 28 frägan,
944 308 39 21 och

163 337 7 21 i
192 338 13 25 8
227 336 27 21 52
276 337 8 21 i
305 337 23 20 L.
352 336 25 22 O.
400 338 75 25 säges:
508 338 58 20 »Har
588 336 87 28 petition
701 337 91 21 rörande
818 337 77 21 allmän
924 336 61 27 fråga

163 365 58 21 inom
244 366 66 26 nägot
329 364 62 22 ständ
411 365 69 21 blifvit
494 366 127 26 föreslagen,
643 366 41 20 kan
700 366 85 21 ständet
797 366 85 26 jämväl,
898 372 34 15 om
948 366 36 21 det

163 394 25 21 sä
211 394 33 21 för
267 394 52 27 godt
340 393 74 27 finner,
437 394 88 22 hänvisa
547 394 74 27 frägan
644 394 31 21 till
700 394 128 27 behandling
854 394 22 21 af
896 394 89 22 allmänt

164 422 103 22 utskott».
297 422 64 22 Detta
376 422 132 27 förutsätter,
516 425 32 19 att
563 423 115 22 ständerna
692 423 47 21 icke
749 422 85 22 absolut
844 425 36 19 äro
888 426 96 24 tvungna

163 453 32 19 att
209 451 90 21 insända
321 452 48 20 sina
383 452 113 26 petitioner
518 452 31 20 till
572 451 116 27 beredning
703 451 23 21 af
739 452 88 25 utskott,
842 454 52 19 utan
909 452 75 21 kunna

164 479 90 22 stånden
275 479 105 22 behandla
402 480 48 20 dem
471 480 69 22 direkt
563 482 50 20 utan
636 480 66 21 sådan
717 480 127 27 föregående
860 480 123 27 beredning.

163 508 32 22 På
210 508 69 22 denna
292 508 70 27 grund
377 508 94 22 anhåller
482 509 39 27 jag
534 508 22 22 få
571 508 82 26 föreslå,
669 510 31 20 att
715 509 36 21 det
769 508 80 28 förslag
863 509 32 21 till
911 510 72 20 betän-

163 537 75 26 kande,
261 544 46 14 som
330 544 29 15 nu
382 537 118 27 föreligger,
522 538 66 21 måtte
610 538 126 26 bordläggas
759 538 31 20 till
812 538 175 27 morgondagens

163 566 88 27 plenum
265 566 33 21 för
310 568 31 20 att
356 565 22 22 af
391 566 85 22 ståndet
491 567 27 21 då
533 568 105 26 upptagas
655 566 30 22 till
702 566 133 28 behandling.

233 612 46 22 Hra
294 612 188 22 Lundenius:
512 612 118 22 Petitioner
645 612 7 21 i
667 612 145 27 föreliggande
827 612 79 22 ärende
921 612 62 22 hafva

164 640 46 22 icke
232 641 91 21 lämnats
345 641 21 21 in
381 641 7 20 i
403 640 41 22 alla
466 641 68 26 stånd,
556 642 51 20 enär
621 641 80 21 sådana
716 641 45 21 icke
775 640 135 22 förekommit
925 641 57 22 inom

164 669 163 27 prästeståndet,
348 675 49 16 men
420 669 34 21 väl
468 670 7 21 i
490 669 40 22 alla
553 669 67 27 öfriga
642 669 68 22 stånd.
745 670 69 21 Dessa
836 670 63 21 stånd
920 669 64 22 hafva

165 698 120 21 sedermera
304 699 119 21 remitterat
437 699 88 21 ärendet
541 698 31 21 till
588 698 128 27 behandling
731 698 22 21 af
767 698 103 22 särskilda
885 699 97 21 besvärs-

165 726 110 25 utskottet,
296 727 80 22 hvilket
397 727 45 21 åter
464 727 86 22 nedsatt
572 733 25 16 en
620 727 119 27 delegation
760 726 33 23 för
808 728 139 27 uppgörande
962 728 21 21 af

164 755 81 28 förslag
268 756 31 21 till
322 755 133 22 betänkande
469 757 7 20 i
490 755 80 28 frågan.
600 755 50 22 Som
674 756 85 21 ståndet
781 755 63 22 torde
865 756 63 26 finna,
943 756 41 22 har

165 785 69 21 denna
249 785 132 27 delegations
395 785 85 27 uppgift
494 785 55 21 varit
563 784 24 22 af
599 785 39 21 den
651 785 130 22 omfattande
792 785 150 26 beskaffenhet,
950 787 32 20 att

165 813 36 22 det
216 813 33 22 väl
263 813 41 22 kan
320 813 83 26 förstås,
419 815 31 20 att
465 813 146 28 delegationen
622 814 45 21 icke
679 813 80 28 lyckats
775 813 64 22 blifva
854 813 44 22 förr
912 813 70 28 färdig

165 842 92 21 därmed.
287 843 48 21 Den
357 842 100 22 tillsattes
472 842 56 22 först
543 843 26 21 de
585 843 51 21 sista
651 842 93 27 dagarna
759 841 23 23 af
791 843 90 26 januari,
896 842 89 22 hvarför

165 871 41 22 den
221 870 41 23 fick
277 871 37 22 sitt
328 871 80 27 förslag
422 870 117 23 aflämnadt
546 871 31 22 till
588 871 103 22 utskottet
698 871 55 22 först
761 871 34 22 för
803 878 25 15 en
837 872 65 21 vecka
910 872 72 21 sedan.

165 899 124 23 Sedermera
304 901 38 21 har
358 900 105 22 utskottet
478 900 45 22 icke
538 900 45 22 haft
598 900 80 22 tillfälle
687 903 32 19 att
727 901 103 21 behandla
843 901 58 21 detta
909 901 73 21 betän-

163 928 76 23 kande.
267 929 44 22 Det
325 929 42 22 kan
382 929 134 27 naturligtvis
532 929 45 22 icke
592 930 87 21 komma
693 929 72 27 ifråga,
775 932 31 19 att
819 930 84 21 ståndet
913 930 70 21 skulle

163 958 51 28 ingå
227 958 8 21 i
245 958 131 27 granskning
395 958 22 22 af
437 960 32 20 ett
490 958 24 22 så
535 959 60 27 långt
609 958 133 22 betänkande
757 958 53 22 efter
825 958 159 28 bordläggning

163 986 46 22 från
225 987 7 21 i
247 988 42 26 dag
310 987 31 22 till
356 988 87 28 plenum
458 988 7 20 i
480 994 89 20 morgon
585 987 82 25 bittida,
682 989 22 25 ty
719 987 70 22 därtill
804 989 24 19 är
843 987 36 22 det
894 988 86 21 alldeles

163 1015 33 22 för
217 1016 136 22 omfattande.
381 1012 70 25 Äfven
470 1022 34 16 om
527 1016 90 22 stånden
639 1016 89 22 sålunda
743 1016 71 22 kunde
829 1016 67 27 enligt
910 1016 36 22 det
960 1016 24 22 af

163 1044 25 22 hr
203 1044 77 22 Heikel
294 1044 120 28 åberopade
426 1045 127 26 lagrummet
567 1044 105 22 behandla
685 1045 118 27 petitionen
818 1045 64 21 också
893 1047 50 19 utan
951 1047 34 19 att

163 1073 105 22 utskottet
290 1073 37 21 har
350 1074 55 21 varit
419 1074 7 20 i
441 1073 80 22 tillfälle
536 1076 31 19 att
582 1072 78 28 afgifva
675 1074 138 26 betänkande,
829 1074 23 22 så
867 1080 63 15 anser
944 1074 38 27 jag

163 1101 59 22 detta
237 1102 53 21 dock
305 1102 45 22 icke
365 1102 72 21 kunna
452 1102 85 22 komma
551 1103 6 21 i
569 1101 61 28 fråga
644 1102 7 21 i
666 1105 65 19 annat
748 1102 100 22 afseende
862 1104 26 19 än
905 1102 79 22 beträf-

162 1130 63 22 fande
239 1130 110 22 klämmar.
377 1130 50 22 Men
443 1131 63 21 dessa
520 1133 37 19 äro
573 1130 24 22 så
610 1130 128 22 kortfattade
753 1131 39 21 och
814 1131 24 21 så
853 1130 59 22 klara
926 1131 8 21 i
949 1132 35 20 sin

163 1159 90 21 tendens
275 1158 130 23 beträffande
427 1160 26 20 de
474 1160 109 26 yrkanden
605 1159 26 22 de
653 1159 112 26 innehålla,
786 1161 31 20 att
832 1160 36 21 det
882 1160 46 21 icke
943 1160 42 21 bör

162 1189 59 20 möta
242 1188 71 27 någon
336 1188 109 27 svårighet
459 1187 32 22 för
506 1188 86 22 ståndet
606 1189 32 20 att
653 1191 49 23 taga
717 1188 63 21 dessa
794 1188 104 22 klämmar
912 1188 70 21 under

162 1216 101 27 pröfning
277 1216 40 22 och
332 1219 95 25 upptaga
441 1216 31 22 till
488 1216 121 28 afgörande,
624 1216 105 21 huruvida
744 1216 108 22 desamma
866 1216 23 21 af
897 1216 87 22 ståndet

163 1244 60 28 gillas
246 1245 51 21 eller
319 1245 46 21 icke
387 1248 52 18 utan
463 1245 71 21 vidare
557 1245 134 27 motivering.
719 1245 42 27 Jag
776 1245 37 21 ber
829 1244 70 22 därför
915 1246 31 20 att
961 1244 22 22 få

162 1274 130 21 understöda
316 1274 25 21 hr
367 1273 86 22 Heikels
478 1273 81 27 förslag
580 1279 35 15 om
637 1273 157 27 bordläggning
807 1269 30 35 af
848 1274 88 21 ärendet
950 1273 33 21 till

162 1302 69 22 denna
247 1302 34 21 del
296 1302 32 22 till
342 1302 172 27 morgondagens
529 1302 93 27 plenum.

231 1347 131 21 Keskustelu
382 1347 122 26 julistettiin
526 1349 39 24 nyt
579 1346 152 27 päättyneeksi,
743 1346 67 27 jonka
821 1346 86 26 jälkeen
922 1348 61 25 sääty

161 1375 67 26 päätti
243 1380 70 21 panna
328 1376 71 19 tämän
414 1375 59 21 asian
486 1374 97 28 pöydälle
595 1374 162 26 huomispäivän
767 1374 141 22 ensimäiseen
918 1375 66 26 täysi-

161 1403 117 22 istuntoon.

229 1500 127 28 Erityisestä
377 1500 241 22 valitusvaliokunnasta
639 1500 28 22 oli
688 1500 64 22 tullut
767 1501 48 21 näin
831 1500 94 23 kuuluva
939 1500 45 22 kir-

158 1529 75 28 jelmä:
