1073 1792
99 132 24 17 14
135 136 20 16 p.
167 131 82 17 huhtik.
412 124 208 35 Kansakoululaitos,
867 126 54 22 1021

99 202 32 20 att
146 200 26 22 de
184 200 23 22 af
227 200 105 22 utskottet
354 201 120 27 uppgjorda
497 201 80 27 förslag
592 200 31 22 till
646 200 108 28 reglering
767 201 24 21 af
806 201 26 22 de
847 202 76 21 endast

99 229 33 21 för
154 230 23 20 år
200 229 55 21 1905
277 229 121 28 uppgjorda
420 230 133 26 budgeterna
574 230 34 21 för
627 230 92 27 antydda
741 230 97 21 ändamål
854 230 70 21 skulle

99 258 86 21 komma
207 260 32 19 att
261 258 89 22 omfatta
371 258 48 21 hela
433 258 173 27 treårsperioden
627 258 146 26 1905—1907,
788 258 33 21 för
836 258 86 22 hvilken

99 286 30 21 tid
145 286 106 21 utskottet
265 287 67 21 borde
348 288 97 25 uppgöra
459 286 81 27 förslag
554 286 32 21 till
601 286 80 27 anslag.

167 314 76 21 Ehuru
265 315 41 21 den
333 314 159 28 förutsättning,
516 314 122 22 hvarunder
660 314 116 22 utskottets
798 314 124 22 förenämda

99 343 148 22 betänkanden
263 342 99 28 afgifvits,
377 345 31 20 att
423 343 128 28 landtdagen
566 343 85 22 komme
668 345 32 20 att
714 343 65 22 blifva
793 343 130 27 ajournerad

99 371 32 22 till
146 373 63 20 nästa
223 372 54 25 höst,
293 372 18 27 ej
332 371 155 28 förvärkligats,
505 371 95 22 befinner
616 372 34 27 sig
665 371 105 22 utskottet
791 371 64 22 likväl
870 373 52 20 nöd-

100 400 76 22 sakadt
190 401 32 20 att
237 400 92 22 vidhålla
344 401 38 21 sitt
395 400 82 28 förslag
491 407 34 15 om
543 407 24 15 en
583 400 189 27 budgetreglering
787 400 33 22 för
835 401 26 21 de
871 400 49 22 ifrå-

100 429 121 27 gavarande
243 429 131 26 ändamålen,
397 429 130 22 omfattande
549 429 75 22 endast
639 429 45 22 året
700 429 60 24 1905,
784 429 88 22 hvarvid
887 432 33 19 ut-

100 458 80 21 skottet
195 458 68 21 måste
279 458 61 21 stöda
355 458 33 27 sig
403 457 70 28 därpå,
489 459 31 20 att
534 459 72 26 någon
616 457 90 22 tänkbar
717 457 109 28 möjlighet
838 464 29 15 nu
875 458 47 22 icke

99 486 114 28 föreligger
235 488 32 20 att
288 486 32 22 för
342 487 48 21 hela
412 487 170 27 treårsperioden
606 486 139 22 1905—1907
761 487 83 27 reglera
859 487 63 21 dessa

100 515 99 26 ärenden,
222 515 88 22 emedan
331 515 42 22 alla
394 515 71 22 härför
488 515 138 27 erforderliga
648 515 141 27 beräkningar
811 517 56 20 ännu
883 517 40 20 äro

100 544 96 27 ogjorda.
225 544 114 22 Närmaste
354 544 68 22 skälet
436 544 71 21 härtill
521 544 40 22 har
568 544 60 25 varit,
637 545 31 20 att
676 544 26 21 de
710 544 132 27 handlingar,
850 544 71 21 hvilka

99 571 47 22 från
170 573 115 26 styrelsens
308 572 47 22 sida
376 572 107 22 erfordras
501 573 33 21 för
557 574 31 20 ett
603 573 76 21 sådant
693 573 78 26 arbete,
785 572 54 22 först
854 573 32 21 för
901 572 24 22 få

100 601 64 27 dagar
180 601 65 21 sedan
262 601 31 21 till
308 601 105 22 utskottet
435 601 157 22 öfverlämnats.
623 601 164 22 Statsutskottet
801 601 38 22 har
853 601 69 22 under

99 629 77 22 sådant
190 629 136 26 förhållande,
342 629 53 22 efter
410 631 140 25 omröstning,
571 632 86 19 stannat
672 630 35 21 vid
723 630 41 21 den
780 629 142 28 uppfattning,

99 660 31 19 att
145 657 106 22 utskottet
273 664 29 15 nu
325 658 76 21 endast
416 659 41 20 kan
481 657 78 23 föreslå
573 658 124 21 förberörda
712 660 79 19 tvänne
806 658 119 22 betänkan-

100 686 40 21 den
156 686 31 21 till
204 686 161 27 godkännande.

349 743 32 22 På
395 743 173 22 statsutskottets
585 745 87 25 vägnar:

433 789 26 22 G.
477 789 108 28 Granfelt.

168 853 74 22 Koska
263 853 158 28 porvarissääty
441 853 146 22 aikaisemmin
603 853 28 21 oli
646 852 130 29 hyväksynyt
791 853 131 22 valtiovalio-

98 881 87 21 kunnan
208 881 175 27 yllämainituissa
404 882 146 22 mietinnöissä
569 882 86 26 esitetyt
673 881 134 26 ehdotukset,
822 882 19 21 ei
856 881 65 21 valio-

98 910 87 21 kunnan
207 910 97 27 kirjelmä
325 911 97 21 vaatinut
442 911 78 21 mitään
545 910 95 28 erityistä
661 910 162 28 toimenpidettä
841 910 79 27 säädyn

98 938 104 28 puolesta.

167 1054 215 22 Lakivaliokunnasta
405 1054 28 22 oli
448 1054 65 22 tullut
528 1054 101 28 kirjelmä,
642 1054 51 28 joka
708 1054 28 22 oli
752 1054 49 22 näin
816 1054 104 22 kuuluva:

188 1153 110 27 FINLANDS
317 1149 116 31 STÄNDERS

151 1210 304 39 LAGUTSKOTT.

253 1251 110 36 PIN
540 1255 40 21 Till
595 1254 107 28 vällofliga
717 1255 183 27 borgareständet.

222 1298 165 24 HELSINGFORS,

201 1345 34 17 den
246 1346 23 16 14
281 1344 51 24 april
343 1344 55 18 1905.

267 1390 36 19 Nio
316 1391 27 17 19.

167 1435 86 22 Härhos
268 1435 32 22 får
315 1435 141 27 lagutskottet
471 1437 110 21 vördsamt
595 1436 88 27 anmäla,

166 1489 33 20 att
213 1488 31 20 ett
259 1487 22 21 af
294 1487 73 21 herrar
375 1487 25 21 E.
411 1488 112 21 Lönnroth
533 1487 40 22 och
580 1488 20 21 J.
608 1488 33 21 W.
649 1487 131 22 Wartiainen
790 1487 31 22 till
836 1489 82 26 präste-

99 1515 85 23 ståndet
206 1515 117 22 inlämnadt
343 1516 205 22 motionsmemorial
569 1516 110 27 angående
694 1516 91 27 ändring
799 1515 22 22 af
834 1517 12 21 7
863 1516 12 27 &
890 1515 30 22 20
