1098 1786
196 130 40 21 698
509 137 152 17 Valiokuntain
673 137 41 21 työ.
854 137 22 18 17
888 142 19 15 p.
920 137 98 18 maalisk.

196 205 91 21 skottets
307 207 43 20 sätt
364 207 32 19 att
410 205 120 28 handlägga
544 205 186 28 rösträttsfrågan;
746 207 39 20 och
800 212 63 16 anser
875 207 38 26 jag
931 206 86 21 förden-

196 233 55 21 skull
273 239 27 15 ur
322 233 99 22 debatten
444 233 87 28 framgå,
554 237 31 18 att
604 235 104 20 utskottet
728 234 75 22 härvid
818 234 38 22 har
871 234 82 22 förfarit
968 234 48 21 full-

195 261 89 28 komligt
306 261 79 28 riktigt.
416 262 76 21 Denna
515 263 55 21 åsikt
592 263 60 21 torde
675 263 61 21 alltså
759 263 23 21 af
801 263 85 22 ståndet
908 263 110 28 uppbäras

195 290 38 21 och
250 290 66 26 gillas.

263 347 47 21 Hra
325 348 138 27 Ingman:
490 348 74 22 Koska
578 350 57 20 tämä
650 348 99 27 kysymys
764 350 76 20 tänään
857 355 27 15 on
896 348 63 22 täällä
967 355 49 15 nos-

197 377 61 24 tettu,
273 376 44 20 niin
333 376 77 21 olkoon
427 379 92 24 sanottu,
535 378 43 20 että
593 376 133 28 epäilemättä
741 377 64 27 hyvin
820 383 77 15 monen
909 377 107 21 tämänkin

195 404 79 27 säädyn
286 404 89 27 jäsenen
391 405 75 21 mielen
483 407 79 25 täyttää
572 405 92 21 huolella
672 405 22 27 ja
702 405 91 21 melkein
801 406 92 21 tuskalla
900 406 52 21 tieto
961 406 55 25 siitä,

198 434 44 20 että
256 433 114 27 erityisesti
385 434 174 24 äänioikeusasia,
575 436 69 19 mutta
658 436 60 25 myös
734 436 74 19 monet
822 437 62 19 muut
894 434 59 26 asiat,
962 434 55 22 vielä

196 464 50 18 ovat
268 462 47 21 sillä
337 462 153 27 epätietoisella
512 462 99 22 kannalla
626 462 110 28 nykyisillä
751 463 156 27 valtiopäivillä,
922 463 52 21 kuin
989 469 29 15 ne

196 492 54 24 ovat,
270 490 23 27 ja
312 492 44 20 että
373 490 27 22 he
415 491 56 21 eivät
486 491 80 27 tietysti
581 491 57 22 toivo
654 492 79 20 mitään
749 498 38 14 sen
803 492 146 26 hartaammin,
965 492 51 21 kuin

195 520 45 20 että
262 519 45 21 olot
328 519 45 21 niin
388 520 186 26 muodostuisivat,
590 522 43 20 että
648 520 98 22 tilaisuus
762 520 58 22 tulisi
835 520 71 22 niiden
922 520 96 28 täydelli-

196 547 52 22 sellä
262 548 147 27 pätevyydellä
423 548 186 22 käsittelemiseen.
639 548 45 22 Sitä
698 549 73 21 tuskin
786 550 110 20 tarvinnee
912 549 107 27 uudistaa,

195 578 45 19 että
261 576 71 21 kaikki
355 577 95 20 toivovat
472 577 98 22 sellaisen
589 577 88 21 laillisen
697 578 87 21 olotilan
800 578 125 27 palaamista
939 578 77 21 näiden

196 605 149 26 valtiopäivien
368 605 107 26 kuluessa,
497 608 44 19 että
560 607 59 26 myös
639 606 169 21 äänioikeusasia
822 606 86 27 hyvissä
923 607 55 26 ajoin
993 607 24 26 ja

196 633 138 27 täydellisesti
350 634 89 21 voidaan
455 634 101 21 käsitellä.

264 691 46 20 Hra
357 691 103 21 Kumlin:
485 691 74 22 Såsom
575 691 165 27 komplettering
756 692 31 21 till
802 692 25 21 hr
843 692 123 27 Stählbergs
974 695 44 24 ytt-

195 719 66 21 rande
276 719 38 22 ber
327 719 38 28 jag
379 719 21 22 fä
414 720 101 26 meddela,
531 722 32 19 att
574 720 233 27 grundlagsutskottets
818 721 78 26 arbete,
906 722 6 20 i
924 721 93 28 enlighet

195 748 48 21 med
266 748 118 21 utskottets
407 749 40 21 den
472 749 23 20 31
517 749 85 27 januari
625 749 32 21 till
680 749 89 22 ständen
789 749 77 22 aflätna
884 750 132 26 hemställan,

194 777 84 20 hvilken
302 776 45 22 blef
368 777 129 22 ätminstone
512 778 7 21 i
534 778 58 21 detta
608 778 62 21 ständ
685 778 7 21 i
707 778 41 21 allo
764 778 120 27 godkännd,
899 779 119 22 tillsvidare

195 805 76 22 endast
280 805 39 22 har
329 806 56 21 varit
395 808 30 19 ett
435 805 153 23 förberedande
598 807 79 21 arbete.
702 807 72 26 Nägra
787 813 45 15 som
844 807 55 22 hälst
910 808 109 21 bindande

196 834 70 21 beslut
277 834 51 21 eller
339 834 108 22 definitiva
457 835 98 26 ätgärder
566 835 62 22 hafva
638 835 46 22 icke
695 835 68 22 blifvit
773 836 106 27 vidtagna.
904 837 113 21 Utskottet

195 863 38 20 har
249 863 82 22 säledes
347 863 45 22 icke
407 863 66 22 häller
490 864 82 21 kunnat
587 864 84 21 besluta
686 866 31 19 att
733 865 30 20 till
779 865 114 21 ständerna
908 865 109 22 inkomma

196 891 47 21 med
268 892 38 20 sitt
328 892 133 21 betänkande
476 893 7 19 i
498 892 181 27 rösträttsfrågan,
694 892 71 22 förrän
782 893 115 21 ständerna
911 893 40 21 fått
966 900 50 15 svar

195 919 27 27 på
250 920 40 20 den
318 920 146 27 underdåniga
489 921 123 27 petitionen.
650 921 60 21 Dock
735 921 37 21 har
797 922 83 21 arbetet
901 922 58 21 inom
982 925 34 19 ut-

195 948 80 21 skottet
299 948 120 22 fortskridit
441 949 24 21 så
487 949 64 27 långt,
574 952 36 23 att,
632 950 86 21 oaktadt
743 950 175 28 rösträttsfrågan
943 952 23 20 är
988 957 27 15 en

194 976 83 28 mycket
292 977 93 21 svårlöst
399 977 65 27 fråga,
480 978 35 21 det
525 978 46 21 icke
581 978 53 21 lider
644 978 65 27 något
720 978 72 22 tvifvel
804 979 78 26 därom,
894 981 31 19 att
936 980 80 26 grund-

194 1005 158 27 lagsutskottet,
367 1006 8 21 i
389 1006 101 22 händelse
505 1007 26 21 de
545 1006 153 26 förhållanden,
713 1014 46 14 som
770 1014 30 14 nu
810 1009 52 25 göra
872 1008 36 21 det
918 1008 97 27 omöjligt

193 1033 33 21 för
248 1034 107 22 utskottet
376 1037 32 19 att
429 1035 108 21 inkomma
559 1036 31 20 till
614 1036 88 21 stånden
722 1036 48 21 med
786 1036 148 27 betänkandet,
949 1036 66 22 blifva

193 1062 127 28 aflägsnade,
337 1063 52 21 skall
406 1063 64 22 hinna
485 1063 118 28 framlägga
617 1064 37 21 sitt
670 1064 132 22 betänkande
817 1066 7 20 i
839 1065 88 27 behörig
942 1066 36 21 tid.

261 1121 50 21 Kun
326 1122 20 21 ei
361 1122 83 21 kukaan
460 1124 53 19 enää
527 1124 101 26 pyytänyt
642 1122 172 27 puheenvuoroa,
830 1123 42 21 niin
884 1122 130 26 keskustelu,

189 1150 52 26 joka
263 1150 19 21 ei
303 1152 89 20 antanut
407 1150 78 22 aihetta
500 1151 120 21 mihinkään
636 1151 112 27 erityiseen
764 1152 188 26 toimenpiteeseen
968 1153 46 19 sää-

192 1178 41 26 dyn
246 1179 103 26 puolesta,
363 1179 120 26 julistettiin
499 1180 151 26 päättyneeksi.

262 1320 153 25 Täysi-istunto
429 1321 122 25 julistettiin
567 1321 145 26 päättyneeksi
728 1322 41 19 k:lo
785 1322 13 19 8
813 1323 13 19 i.
841 1329 20 19 p.

798 1378 22 17 In
833 1377 63 18 fidem:

744 1413 24 20 A.
790 1412 22 21 V.
828 1412 116 29 Lindberg.
