1075 1792
169 132 54 20 1004
485 129 182 31 Äänioikeusasia.
840 136 24 16 14
876 140 19 16 p.
907 135 82 18 huhtik,

168 206 33 25 sig
216 204 87 22 därmed
318 204 50 22 bäst
382 204 86 26 betjäna
483 204 26 21 de
523 204 151 26 medborgares
684 204 114 24 intressen,
809 210 46 15 som
866 204 27 21 de
902 204 8 20 i
920 204 70 21 denna

166 233 62 27 fräga
242 233 68 21 önska
325 232 101 22 särskildt
441 232 118 27 tillgodose,
576 238 48 16 men
640 231 72 23 tviflar
724 232 38 27 jag
776 231 32 28 pä,
824 231 105 23 huruvida
943 232 46 21 icke

167 262 64 21 dessa
245 261 74 22 herrar
334 261 68 21 skulle
416 260 63 22 hafva
495 261 54 21 visat
564 261 34 26 sig
607 261 71 21 säsom
690 261 70 21 bättre
774 263 172 25 representanter
956 260 33 22 för

167 290 64 21 dessä
246 296 81 15 samma
341 290 114 25 intressen,
466 296 34 14 om
511 290 26 20 de
547 291 66 25 öppet
627 289 91 21 erkännt
729 289 127 26 riktigheten
867 288 23 22 af
901 289 26 21 de
937 288 51 27 skäl,

167 324 48 15 som
231 318 72 27 tvinga
321 318 45 27 mig
380 317 39 22 och
434 317 50 22 flere
499 318 68 21 andra
578 317 67 28 jämte
660 317 44 27 mig
719 319 31 20 att
764 317 33 22 för
812 316 132 23 närvarande
959 317 30 22 af-

168 347 49 26 böja
232 346 130 27 behandling
376 345 23 22 af
411 346 94 21 ärendet.

237 374 104 28 Slutligen
356 375 42 20 kan
410 374 38 27 jag
462 374 47 22 icke
523 374 113 23 underläta
651 376 31 19 att
697 374 67 21 uttala
780 374 41 21 den
832 374 156 27 öfvertygelsen

167 403 40 22 och
223 403 131 22 öfverlämnä
368 403 32 21 till
414 403 25 21 hr
455 403 63 22 Karis
534 403 158 27 begrundande,
707 402 106 22 huruvida
827 403 46 21 icke
883 403 42 21 han
935 403 54 21 hade

168 438 58 15 mera
243 435 78 24 gagnat
336 431 54 27 dem,
404 431 82 22 hvilkas
502 432 91 21 sak-han
610 434 45 19 tror
671 431 33 27 sig
715 431 77 22 främst
806 431 51 26 föra,
868 437 77 21 genom
958 433 31 20 att

167 461 112 21 underlåta
301 462 31 20 att
347 460 90 27 uppläsa
460 460 25 22 de
508 460 147 25 resolutioner,
670 459 41 22 han
734 459 38 22 här
788 459 95 28 delgifvit
899 459 89 22 ståndet.

168 488 76 28 Dylika
255 501 24 3 —
287 489 87 26 lindrigt
384 489 62 27 sagdt
454 501 28 3 —
490 489 147 26 oförständiga
647 488 122 22 uttalanden
777 489 39 21 och
823 488 164 22 demonstratio-

168 523 38 16 ner
217 517 24 22 af
253 518 41 21 den
309 520 39 23 art,
359 517 85 22 hvartill
457 517 20 22 vi
487 517 7 22 i
505 517 41 28 dag
556 517 55 22 varit
620 517 73 26 vittne,
703 517 73 22 kunna
790 517 47 22 icke
846 515 63 24 hafva
919 523 69 16 annan

168 546 86 26 värkan,
275 545 130 23 åtminstone
423 545 28 28 pä
471 546 41 21 alla
532 545 112 27 tänkande,
659 547 27 20 än
709 547 31 20 att
755 547 27 20 än
803 545 123 28 ytterligare
949 546 40 21 öka

166 574 156 23 tvifvelsmälen
346 575 80 22 därom,
441 575 105 22 huruvida
561 575 22 21 ät
597 581 108 20 personer,
722 581 46 15 som
786 574 53 22 fatta
861 574 80 22 sädana
955 581 33 14 re-

168 603 118 22 solutioner
301 603 39 22 och
355 603 94 22 tillställa
464 603 79 22 sådana
559 603 86 28 upptåg,
660 605 70 20 större
744 602 116 29 inflytande
871 603 12 22 å
893 603 95 22 skötseln

167 631 24 22 af
204 632 105 21 allmänna
331 631 178 28 angelägenheter
533 631 140 22 öfverhufvud
695 631 41 22 kan
755 631 124 28 medgifvas.
907 631 32 28 Ty
954 631 36 22 det

168 663 23 18 är
202 661 54 21 dock
266 661 80 25 därom,
356 673 27 2 —
391 660 55 22 huru
457 660 83 22 landets
555 661 106 21 allmänna
676 660 183 27 angelägenheter,
871 660 24 21 så
905 661 45 21 vidt
964 661 26 20 de

168 689 51 21 bero
235 689 27 27 på
277 689 135 27 landtdagen,
428 689 48 21 bäst
490 689 60 22 skola
565 689 73 22 skötas
649 701 28 3 -—
689 695 46 15 som
751 689 65 21 saken
831 689 40 21 sist
883 689 40 22 och
937 689 52 22 slut-

168 717 57 28 ligen
240 719 36 20 rör
291 717 39 28 sig,
345 717 46 22 icke
406 723 35 16 om
456 717 70 28 någon
549 717 101 27 rättighet
667 719 32 20 att
714 717 84 28 deltaga
813 717 8 22 i
834 717 155 28 behandlingen

167 745 24 22 af
199 745 106 22 allmänna
319 746 178 27 angelägenheter
513 745 146 23 öfverhufvud.

237 775 42 28 För
293 774 65 28 öfrigt
372 774 85 22 förenar
469 775 38 27 jag
522 776 44 26 mig
581 781 34 15 om
631 775 25 21 hr
671 774 102 23 Renvalls
787 774 86 28 förslag.

237 832 46 21 Hra
305 832 192 27 Cederberg:
526 833 41 26 Jag
589 832 40 21 har
651 832 76 27 begärt
743 832 62 21 ordet
820 832 75 22 endast
913 832 23 22 af
949 833 40 21 den

167 860 122 27 anledning,
299 862 32 20 att
345 860 51 22 flere
410 860 129 27 föregående
553 861 67 22 talare
634 860 84 22 förenat
732 861 33 27 sig
778 867 35 15 om
825 861 58 21 såväl
898 861 25 22 hr
934 861 55 22 Ren-

169 889 52 22 valls
237 895 46 15 som
299 889 25 21 hr
347 889 125 27 Stählbergs
492 889 86 27 förslag.
607 889 43 21 Det
671 889 114 27 föreligger
797 889 26 27 ju
841 889 78 22 mellan
941 889 49 22 dem

168 917 84 27 mycket
266 917 120 27 väsentliga
400 917 175 27 skiljaktigheter.
604 918 42 26 Jag
660 924 69 20 anser,
744 920 32 19 att
790 918 77 22 endast
881 924 27 15 en
923 918 66 22 sådan

168 946 132 27 motivering,
316 952 47 16 som
385 946 47 26 den,
447 946 85 22 hvilken
553 946 118 22 innehålles
686 946 7 21 i
707 946 27 22 hr
748 946 101 22 Renvalls
871 946 62 26 kläm,
948 946 41 22 kan

167 980 65 16 anses
247 974 34 22 stå
295 975 7 21 i
317 974 223 22 öfverensstämmelse
561 976 48 20 med
625 975 40 21 den
681 974 139 28 uppfattning
834 975 39 21 hos
888 975 101 27 borgare-

169 1003 90 27 ståndet,
275 1009 46 16 som
337 1004 54 26 tagit
405 1004 34 26 sig
454 1004 85 26 uttryck
553 1004 31 22 uti
599 1005 32 20 ett
645 1002 114 28 afböjande
773 1003 23 23 af
809 1003 105 23 särskilda
923 1004 67 22 andra

167 1031 32 21 till
215 1031 129 28 behandling
366 1032 87 22 afsedda
473 1032 79 26 frågor.
581 1032 11 22 I
608 1032 40 22 den
663 1032 63 26 kläm,
748 1032 86 22 hvilken
855 1032 26 22 hr
901 1032 89 22 Renvall

168 1060 99 27 föreslog,
288 1060 69 22 finnes
380 1060 141 28 uttryckligen
544 1060 124 26 framhället,
687 1063 36 24 att,
739 1061 27 21 dä
787 1061 42 21 den
843 1061 79 27 lagliga
940 1061 49 22 ord-

168 1089 78 27 ningen
262 1089 7 21 i
284 1089 73 21 landet
378 1089 46 22 icke
446 1091 57 19 ännu
528 1089 67 22 blifvit
609 1089 111 21 återställd
734 1089 40 22 och
788 1089 154 27 förutsättning
956 1089 33 22 för

166 1119 33 19 ett
213 1118 92 21 normalt
327 1117 161 22 ständerarbete
511 1118 89 22 sälunda
621 1118 83 26 saknas,
728 1118 115 22 ständerna
865 1118 34 22 för
914 1120 75 20 närva-

167 1146 66 21 rande
257 1146 46 21 icke
325 1146 73 21 kunna
419 1146 51 27 ingå
484 1146 8 21 i
507 1146 68 27 saklig
599 1145 100 29 pröfning
721 1146 23 22 af
762 1147 93 26 ärendet,
871 1148 51 21 utan
938 1153 51 15 anse

168 1174 118 21 detsamma
308 1174 52 22 böra
375 1174 128 28 uppskjutas
526 1175 31 21 till
572 1181 27 15 en
613 1181 70 15 annan
698 1175 108 27 landtdag.
836 1175 77 21 Denna
927 1176 62 21 moti-

168 1202 74 27 vering
257 1208 63 21 synes
335 1203 45 27 mig
402 1209 50 15 vara
467 1203 25 21 så
507 1203 72 27 viktig,
594 1205 31 19 att
637 1203 38 27 jag
695 1204 77 20 endast
786 1203 69 21 under
869 1203 120 27 antagande

165 1230 25 21 af
203 1230 124 22 densamma
348 1231 42 21 kan
412 1231 85 21 ansluta
519 1231 44 27 mig
577 1231 32 21 till
630 1230 158 28 uppskjutande
803 1231 24 21 af
839 1231 80 28 frågan.
948 1232 41 26 Jag

167 1258 38 22 ber
227 1258 34 22 för
284 1259 39 21 den
347 1259 56 21 skull
418 1258 21 23 få
453 1259 28 27 på
500 1259 35 21 det
557 1261 107 20 varmaste
687 1260 132 21 understöda
840 1260 25 21 hr
887 1260 101 22 Renvalls

165 1285 87 29 förslag.

235 1344 46 20 Hra
297 1343 163 21 Sundvall:
490 1344 48 20 Den
553 1344 85 26 knappa
652 1344 58 21 tiden
726 1344 76 27 bjuder
817 1346 31 20 att
863 1350 51 16 vara
928 1344 60 27 kort;

165 1370 73 22 därför
254 1370 35 22 vill
302 1371 38 27 jag
362 1371 77 22 endast
460 1371 50 21 med
524 1372 67 26 några
605 1372 21 21 få
641 1372 39 21 ord
695 1372 77 22 beröra
786 1372 41 22 den
843 1372 145 28 föreliggande

165 1398 82 29 frågan.
277 1399 34 22 Då
322 1399 39 28 jag
375 1399 49 22 kom
440 1399 32 23 till
487 1400 70 22 denna
571 1400 108 28 landtdag,
693 1400 50 22 kom
756 1401 38 27 jag
809 1402 31 21 hit
855 1402 7 21 i
876 1402 42 21 den
933 1405 56 23 tron,

165 1430 33 19 att
213 1428 178 28 rösträttsfrågan
407 1428 67 22 skulle
489 1428 22 22 få
526 1429 32 21 sin
573 1429 92 27 lösning,
680 1430 40 21 och
732 1430 38 28 jag
784 1429 101 28 önskade,
900 1432 32 21 att
947 1431 41 21 den

166 1456 70 23 skulle
249 1456 22 22 få
286 1457 40 22 den
342 1458 7 20 i
364 1457 104 22 frisinnad
482 1457 100 29 riktning.
606 1458 31 28 Ty
647 1458 44 28 mig
706 1464 64 22 synes
781 1458 41 28 det,
838 1460 71 21 såsom
920 1459 68 22 skulle

165 1484 162 29 lagstiftningen
349 1486 128 22 härutinnan
493 1487 53 21 böra
561 1487 27 27 gå
601 1487 8 21 i
623 1487 96 27 riktning
733 1488 27 26 åt,
776 1490 31 19 att
822 1488 73 27 hvarje
909 1493 78 22 mogen

165 1519 49 16 man
231 1513 39 23 och
285 1514 79 22 kvinna
379 1514 90 23 erhåller
491 1515 102 27 rättighet
607 1517 32 20 att
653 1515 86 22 besluta
756 1515 110 29 angående
882 1521 105 18 samman-
