1081 1798
176 138 44 21 922
533 132 109 40 Tuulaaki.
847 145 25 17 18
884 150 19 16 p.
915 144 81 18 huhtik.

246 212 40 22 hra
307 213 140 27 Ignatius,
470 213 180 28 valitsijamiesten
673 213 197 28 puheenjohtajana,
893 215 45 20 että
955 216 42 19 tar-

176 241 219 22 kastusvaliokunnan
408 241 108 28 jäseneksi
531 242 38 22 hra
583 242 166 22 Lundeniuksen
764 242 67 28 sijaan
847 242 28 22 oli
884 242 112 28 yksimieli-

176 271 54 21 sesti
245 270 75 22 valittu
335 270 39 22 hra
389 271 138 27 Nybergh.

244 387 108 23 Esiteltiin
376 388 61 22 viime
460 389 188 26 täysi-istunnossa
674 389 164 27 pöydällepantu
861 389 135 22 talousvalio-

175 416 88 23 kunnan
285 417 96 22 mietintö
396 424 34 15 n:o
447 418 10 21 1
474 417 144 23 Keisarillisen
633 418 134 27 Majesteetin
783 417 121 23 armollisen
920 418 76 28 esityk-

175 452 39 15 sen
237 452 33 15 n:o
293 446 15 21 4
327 446 107 28 johdosta,
452 447 51 26 joka
522 447 80 22 koskee
617 446 216 23 tuulaakimaksun
849 447 146 22 laskemisen

176 476 147 27 perustusta.

244 532 170 23 Puheenvuoroa
427 533 62 28 pyysi

243 590 39 22 hra
298 590 169 27 Stockmann,
480 591 52 26 joka
546 591 78 22 lausui:
640 591 33 21 Då
687 597 30 15 nu
735 591 145 27 föreliggande
893 591 102 22 utskotts-

174 619 135 22 betänkande
331 619 116 22 behandlar
469 625 26 16 en
517 619 63 28 fråga,
596 626 46 16 som
657 619 110 29 ingenting
782 619 38 22 har
835 622 30 19 att
880 621 52 26 göra
947 620 47 21 med

173 647 76 28 frågan
270 655 35 15 om
325 649 41 21 den
386 648 77 28 lagliga
478 649 129 27 ordningens
622 649 149 22 återställande
785 649 8 22 i
809 649 72 22 landet
896 649 39 21 och
950 649 46 22 icke

174 677 67 22 häller
263 679 23 20 är
307 683 26 16 en
356 677 125 22 ständernas
504 677 96 23 enskilda
622 677 159 28 angelägenhet,
798 677 39 22 och
853 678 26 21 då
894 678 100 27 slutligen

173 706 42 22 den
238 708 73 20 senast
333 705 119 23 fastställda
468 707 95 26 grunden
578 706 33 23 för
625 706 170 28 tolagsafgiftens
810 707 136 22 beräknande
962 709 32 20 ut-

174 735 38 27 går
232 734 55 23 först
309 735 48 22 med
380 735 58 22 detta
459 736 29 25 år,
504 736 76 21 tillåter
592 736 38 27 jag
645 735 44 28 mig
702 735 84 27 föreslå,
801 738 32 19 att
848 736 59 22 detta
921 736 73 21 betän-

174 763 70 22 kande
258 771 30 14 nu
303 764 46 21 icke
364 764 35 21 må
413 767 104 24 upptagas
533 765 31 21 till
579 765 73 26 slutlig
666 764 135 28 behandling.

242 821 47 21 Hra
303 821 82 22 Lund
394 827 62 16 son:
472 821 99 22 Samoilla
585 821 60 28 syillä
660 821 51 22 kuin
726 821 39 22 hra
779 821 130 22 Stockmann
924 822 70 27 yhdyn

173 849 65 22 tähän
253 849 152 22 ehdotukseen.

242 907 47 21 Hra
328 908 165 22 Lundenius:
507 908 42 27 Jag
563 908 89 22 ämnade
667 908 67 21 uttala
749 914 82 16 samma
845 908 93 27 mening,
947 914 46 16 som

170 936 40 28 jag
223 936 66 22 hörde
311 936 25 22 hr
352 936 129 22 Stockmann
497 940 57 18 strax
569 937 8 21 i
591 937 76 27 början
683 936 22 22 af
717 936 54 22 hans
787 937 136 27 andragande
937 939 57 25 yttra

174 965 80 26 därom,
276 967 32 20 att
329 965 100 22 städerna
450 966 46 21 icke
519 967 36 20 äro
578 965 105 27 delaktiga
697 965 6 22 i
719 966 40 21 den
783 965 93 27 konflikt,
898 972 47 16 som
960 965 32 23 för

172 994 135 22 närvarande
329 1000 49 21 eger
400 1000 47 16 rum
470 994 76 22 mellan
568 995 125 27 regeringen
716 995 39 21 och
777 995 121 21 ständerna.
928 994 68 22 Däraf

172 1030 64 14 anser
255 1023 42 27 jag,
320 1024 7 20 i
349 1023 102 22 afvikelse
473 1023 46 22 frän
542 1024 24 21 hr
589 1023 135 26 Stockmann,
744 1024 55 27 följa,
822 1026 32 20 att
879 1024 114 22 ständerna

172 1052 46 21 icke
240 1052 53 21 böra
313 1052 89 21 förhälla
421 1052 98 21 städerna
535 1053 69 21 denna
619 1052 117 27 betydande
751 1052 99 26 inkomst,
866 1052 84 22 hvilken
966 1053 26 21 de

171 1080 89 27 ätnjutit
281 1081 65 21 sedan
369 1080 50 33 lång
438 1081 36 25 tid,
487 1081 23 26 ja
532 1081 40 21 den
588 1081 60 21 torde
663 1080 129 22 härstamma
806 1080 47 22 från
870 1081 121 21 1600-talet.

173 1108 41 22 Om
225 1115 30 15 nu
270 1109 115 21 ständerna
399 1109 8 21 i
421 1109 145 27 provisoriska
581 1108 140 27 bevillningar
746 1109 104 27 medgifva
866 1110 125 32 regeringen

171 1137 42 22 alla
235 1138 26 21 de
283 1138 80 26 anslag,
379 1143 46 16 som
447 1137 106 22 erfordras
573 1138 33 21 för
621 1139 32 20 att
667 1138 26 20 de
707 1138 147 27 inrättningar,
870 1144 47 16 som
932 1140 37 19 äro
985 1139 7 21 i

172 1166 62 27 gäng,
250 1165 59 22 skola
324 1166 72 21 kunna
410 1165 130 23 fortfarande
555 1166 166 26 vidmakthällas,
736 1166 39 22 och
791 1166 58 22 detta
864 1166 22 22 ät
896 1173 26 15 en
932 1173 60 20 rege-

171 1194 55 26 ring,
240 1200 47 16 som
301 1194 46 21 icke
362 1194 41 21 kan
419 1196 62 24 sägas
496 1195 112 21 innehafva
623 1183 125 33 ständernas
763 1195 127 25 förtroende,
907 1196 24 20 sä
941 1202 51 14 vore

171 1223 37 21 det
230 1223 33 21 väl
286 1222 63 27 högst
371 1222 121 28 oegentligt,
508 1229 34 15 om
565 1223 114 21 ständerna
699 1223 68 21 skulle
782 1223 89 22 förhälla
886 1224 105 25 städerna,

171 1257 48 16 som
241 1251 46 22 icke
309 1251 72 22 kunna
403 1253 62 26 sägas
488 1252 27 27 pä
536 1252 66 27 något
623 1253 43 20 sätt
689 1252 45 27 gått
748 1252 63 21 miste
826 1258 35 15 om
877 1252 59 21 detta
950 1252 42 22 för-

171 1280 95 26 troende,
283 1280 39 21 den
338 1279 131 26 inkomst,af
483 1280 85 22 hvilken
583 1281 27 21 de
625 1281 24 21 sä
663 1281 51 26 läng
727 1281 31 21 tid
773 1281 55 21 varit
843 1281 6 21 i
862 1281 130 27 ätnjutande.

170 1308 96 27 Tolagen
289 1310 23 19 är
333 1311 32 19 att
386 1309 100 21 hänföras
501 1309 32 21 till
548 1309 25 22 de
588 1309 92 22 intäkter
696 1309 99 22 städerna
809 1309 23 22 af
846 1310 100 27 gammalt
961 1310 29 21 ät-

172 1337 65 26 njutit
258 1337 39 21 och
320 1337 69 20 denna
410 1337 60 26 fräga
489 1337 40 20 kan
550 1338 76 24 därför,
641 1340 60 18 snart
716 1338 67 25 sagdt,
799 1344 63 14 anses
878 1337 72 22 säsom
966 1343 25 15 en

171 1364 170 27 priviligiefräga.
371 1364 30 21 På
416 1365 69 21 denna
501 1365 68 26 grund
584 1371 63 16 anser
659 1365 43 27 jag,
717 1368 31 18 att
763 1365 119 26 ständerna,
894 1368 51 19 utan
961 1368 31 19 att

169 1392 77 27 frängä
265 1393 32 21 sin
313 1393 94 32 hällning
422 1393 6 20 i
444 1392 67 28 öfriga
526 1399 27 22 ny
568 1392 132 29 lagstiftning
715 1393 99 22 afseende
829 1393 77 28 frägor,
921 1393 71 22 hvilka

170 1421 70 22 under
258 1421 36 22 det
309 1427 29 15 nu
353 1421 7 22 i
374 1421 72 22 landet
461 1421 92 22 rådande
568 1422 99 22 rättslösa
682 1422 117 22 tillståndet
814 1422 46 22 icke
875 1423 72 21 kunna
962 1422 29 22 af-

171 1451 69 26 göras,
255 1449 84 22 likvisst
354 1450 66 21 borde
436 1453 93 25 upptaga
545 1450 59 23 detta
619 1451 132 22 betänkande
761 1451 32 22 till
804 1451 137 34 behandling;
952 1452 40 22 och

170 1479 98 22 förordar
285 1479 38 27 jag
342 1478 71 22 därför
428 1479 131 22 besvarande
573 1479 23 22 af
610 1480 69 21 denna
693 1480 77 27 nädiga
784 1481 140 26 proposition.
954 1481 36 22 Sä-

170 1507 67 22 lunda
250 1507 71 22 blefve
336 1508 65 21 saken
416 1508 7 21 i
438 1507 99 23 afseende
552 1509 13 21 å
579 1509 111 22 städernas
705 1509 59 27 tolag
778 1508 131 23 fortfarande
920 1509 71 22 såsom

171 1536 41 22 den
228 1536 104 22 härintills
348 1537 59 21 varit.
