1098 1786
192 140 40 20 112
511 144 90 17 Suomen
613 144 86 21 pankki.
849 144 24 18 21
884 149 21 16 p.
916 144 97 18 maalisk.

192 212 90 22 sälunda
304 212 41 22 den
367 212 90 22 ansökta
478 212 254 26 rediskonteringsrätten
755 212 48 24 med
826 212 37 21 allt
884 212 43 27 fog.
956 212 56 25 Men,

192 243 51 19 utan
264 240 73 22 tvifvel
355 240 48 27 just
424 240 28 27 pä
474 241 69 27 grund
566 240 22 22 af
604 240 77 22 tvekan
701 240 91 22 rörande
808 240 40 22 den
864 246 86 22 person,
966 247 45 15 som

191 269 69 22 blifvit
275 269 63 21 ställd
353 269 8 21 i
376 271 87 25 spetsen
481 269 34 21 för
535 268 91 26 banken,
647 268 101 27 infördes,
766 269 70 22 såsom
856 269 105 22 utskottet
976 270 34 21 be-

191 299 73 24 rättar,
279 304 27 15 en
321 298 141 26 bestämning,
477 299 30 20 att
523 298 223 26 rediskonteringarnä
761 298 76 21 endast
845 297 71 24 skulle
925 297 22 22 få
957 298 55 27 stiga

192 327 31 21 till
244 326 79 22 hälften
339 325 24 22 af
376 325 95 22 bankens
486 326 142 28 aktiekapital,
644 326 68 21 under
728 327 36 21 det
778 325 32 23 för
826 325 68 28 öfriga
908 326 83 22 kunder
1005 327 6 21 i

192 355 69 21 denna
283 355 93 21 branche
399 355 100 22 Finlands
515 355 57 22 bank
586 355 69 27 aldrig
670 355 57 27 gjort
741 355 70 27 någon
828 355 65 22 sådan
909 355 101 26 begräns-

192 384 57 27 ning.
278 383 45 22 När
338 384 7 21 i
360 383 65 22 slutet
444 383 21 22 af
481 384 54 21 1899
550 384 27 21 de
591 383 67 22 första
672 383 126 28 obehagliga
812 383 110 27 intrycken
938 383 74 28 gjorde

192 412 34 27 sig
241 412 97 27 gällande
352 411 39 22 hos
407 411 101 22 Finlands
524 412 68 22 banks
607 412 106 21 direktion
726 412 91 21 rörande
828 412 35 21 det
873 414 48 24 sätt,
933 413 80 26 hvarpå

192 440 237 28 maanviljelyspankkis
448 439 75 23 affärer
546 441 87 25 sköttes,
649 447 37 14 var
694 441 25 26 ju
730 441 36 21 det
776 440 106 21 allmänna
892 440 120 28 affärsläget

192 469 8 20 i
218 469 72 21 landet
310 469 81 25 sådant,
406 471 32 19 att
452 471 31 19 ett
497 469 88 27 kraftigt
599 469 89 27 ingrepp
704 469 46 21 från
766 469 101 22 Finlands
884 469 67 22 banks
967 470 46 21 sida

193 500 51 19 utan
267 497 72 22 tvifvel
363 497 68 22 skulle
451 497 62 22 hafva
533 498 44 21 ledt
592 497 46 22 icke
652 497 32 22 till
699 497 42 26 det,
756 503 47 16 som
819 497 25 22 hr
859 497 77 27 Hynén
952 498 61 21 tänkt

192 526 39 27 sig,
252 526 106 27 nämligen
381 528 32 19 att
432 532 27 15 en
479 527 78 26 mängd
573 526 46 22 små
633 526 133 27 depositörer
781 525 54 22 hade
849 526 83 21 kunnat
946 526 67 21 rädda

192 555 47 21 sina
254 555 151 26 depositioner,
420 557 50 19 utan
486 555 31 21 till
532 555 52 21 raka
594 557 123 23 motsatsen,
728 555 106 26 nämligen
844 554 32 22 till
886 557 32 19 att
928 554 83 22 banken

192 582 69 22 skulle
275 582 64 22 hafva
352 582 54 22 fallit
420 583 65 22 redan
501 584 27 21 då
543 583 39 22 och
597 584 72 25 dragit
682 583 49 21 med
746 583 34 27 sig
794 582 80 22 kanske
890 585 56 19 ännu
962 582 50 22 flere

191 610 182 28 följd-konkurser
387 613 27 19 än
437 611 55 22 hvad
505 612 64 21 sedan
586 611 44 22 blef
637 611 63 22 fallet.
722 612 50 21 Just
782 611 67 22 under
859 611 70 22 denna
938 611 75 28 period

192 646 38 15 var
252 641 41 24 det,
312 646 46 15 som
378 640 36 21 det
434 640 33 21 för
483 640 101 22 Finlands
600 640 66 22 banks
682 640 90 28 styrelse
787 639 44 23 blef
844 647 27 14 en
888 640 125 27 visserligen

192 669 50 22 svår
264 669 38 21 och
326 669 82 26 pinsam
431 675 49 15 men
503 669 54 22 dock
577 669 72 22 lösbar
669 669 66 27 fråga,
751 669 105 21 huruvida
874 669 138 21 statsbanken

192 697 69 22 skulle
278 698 3 21 i
297 697 58 27 hopp
371 703 35 16 om
422 697 69 22 bättre
504 698 55 21 tider
569 697 143 28 upprätthålla
723 698 83 21 banken
818 698 72 21 vidare
900 697 51 22 eller
961 697 52 22 icke.

192 725 69 22 Bland
276 727 26 20 de
318 726 187 27 omständigheter,
521 733 45 15 som
583 727 101 21 Finlands
701 726 56 22 bank
772 726 74 21 härvid
858 726 55 21 hade
923 728 32 19 att
964 729 50 24 taga

192 755 7 21 i
217 755 146 24 betraktande,
380 761 37 15 var
438 755 34 21 väl
493 755 76 22 främst
584 755 130 22 situationen
728 755 34 21 för
778 755 40 21 den
834 757 59 19 stora
908 755 58 21 kund
981 755 31 21 till

192 783 230 27 maanviljelyspankki,
440 784 32 21 till
496 784 84 21 hvilken
596 783 64 22 också
676 784 105 21 utskottet
790 783 106 26 hänvisar,
906 784 107 27 nämligen

192 811 143 28 aktiebolaget
357 812 67 21 Taimi
439 812 7 21 i
462 812 87 28 Viborg.
578 813 46 21 Här
646 813 94 25 nämdes,
758 815 32 18 att
809 812 70 22 denna
899 811 61 22 firma
975 819 38 15 var

192 841 121 26 alltigenom
330 842 78 20 rutten.
424 841 134 22 Beträffande
568 841 70 22 denna
648 841 39 22 sak
696 841 90 22 likasom
798 840 130 23 beträffande
939 841 74 27 själfva

192 869 83 22 banken
297 870 42 21 kan
362 876 48 15 man
433 876 30 15 nu
483 870 129 25 konstatera,
631 872 32 20 att
681 870 36 21 det
738 871 23 20 är
776 870 24 21 så
815 870 39 21 lätt
868 872 32 19 att
916 876 49 15 vara
981 870 31 22 vis

192 898 82 24 efteråt,
297 898 66 22 sedan
385 898 38 22 allt
445 900 23 20 är
488 898 84 28 färdigt.
602 899 74 22 Under
695 898 63 22 ofvan
781 898 91 22 berörda
886 898 74 28 period
976 906 37 14 var

192 926 117 22 emellertid
324 926 142 28 aktiebolaget
481 927 65 22 Taimi
561 928 8 21 i
580 928 82 27 Viborg
677 933 26 15 en
719 927 34 22 väl
767 927 88 26 ansedd,
870 928 48 21 med
929 933 26 15 en
966 930 46 19 stor

192 956 78 26 mängd
290 955 145 22 framstående
453 956 113 22 aftärsmän
581 956 66 22 lierad
662 955 66 26 firma,
744 962 46 16 som
805 956 54 21 hade
874 958 32 19 att
921 957 91 27 uppvisa

192 984 118 28 synnerligt
326 984 55 27 goda
396 984 80 22 vinster
491 984 40 22 och
546 985 85 22 hvilken
643 985 47 27 just
705 985 32 26 då,
752 986 39 20 när
804 985 63 21 dessa
876 984 72 28 frågor
958 984 55 23 först

192 1013 120 27 uppträdde
327 1012 33 22 för
375 1013 100 21 Finlands
491 1014 62 26 bank,
568 1014 20 22 d.
603 1020 20 15 v.
638 1020 16 15 s.
670 1014 28 27 på
713 1014 64 21 våren
794 1013 60 26 1900,
865 1012 54 23 hade
929 1013 84 22 förökat

191 1042 38 21 sitt
243 1041 137 27 aktiekapital
394 1042 49 20 med
460 1042 10 21 1
487 1042 72 27 miljon
576 1042 65 21 mark.
664 1042 42 21 Det
721 1042 41 21 kan
777 1042 47 20 icke
833 1041 33 22 för
877 1042 77 27 någon,
965 1048 47 15 som

191 1071 24 20 är
233 1069 32 21 uti
279 1069 71 28 dylika
364 1069 71 28 frågor
450 1072 98 19 närmare
563 1070 103 25 initierad,
681 1069 96 23 förefalla
792 1070 27 27 på
834 1069 66 27 något
915 1072 43 19 sätt
974 1076 38 15 un-

192 1098 82 27 derligt,
293 1099 31 20 att
345 1098 102 22 Finlands
465 1098 67 22 banks
552 1098 91 28 styrelse
657 1098 50 22 fann
723 1099 34 26 sig
772 1105 50 14 vara
837 1098 83 28 skyldig
934 1100 32 20 att
981 1099 31 21 till

191 1127 37 21 det
249 1126 53 22 sista
323 1126 88 22 försöka
432 1127 79 22 bereda
532 1127 58 22 såväl
610 1127 83 22 banken
711 1133 47 16 som
774 1126 65 23 också
853 1127 93 22 indirekt
961 1127 50 22 dess

191 1157 59 20 stora
265 1155 82 22 kunder
363 1155 110 27 möjlighet
487 1158 30 19 att
532 1156 83 21 klarera
630 1156 26 21 de
672 1155 138 28 svårigheter,
824 1155 72 22 hvilka
910 1156 27 21 då
949 1157 63 20 tedde

191 1183 34 27 sig
240 1189 46 16 som
301 1183 87 22 alldeles
404 1183 108 27 tillfälliga.
534 1184 40 22 Att
589 1185 59 21 detta
663 1184 80 22 skedde
755 1184 49 22 med
814 1183 48 22 fullt
873 1185 139 21 medvetande

191 1218 41 20 om,
247 1214 32 19 att
294 1212 100 27 möjligen
406 1218 77 21 genom
499 1215 31 19 ett
540 1213 77 21 sådant
625 1212 121 22 förfarande
756 1212 95 22 bankens
861 1212 78 22 förlust
948 1212 63 22 fram-

191 1240 59 22 deles
265 1240 85 22 komme
365 1243 32 19 att
411 1241 57 23 ökas.
484 1241 66 22 borde
565 1241 45 22 icke
625 1242 28 26 på
667 1242 66 26 något
748 1244 43 19 sätt
805 1240 94 23 förvåna.
921 1242 42 21 Det
975 1248 37 15 var

191 1268 101 22 Finlands
314 1269 69 21 banks
406 1270 124 26 uppenbara
552 1270 120 27 skyldighet
689 1272 32 19 att
736 1270 24 21 så
774 1269 83 22 förfara.
886 1270 42 27 Jag
943 1270 68 21 skulle

192 1297 82 22 således
296 1296 33 22 för
350 1297 43 21 min
416 1298 40 26 del,
477 1304 34 15 om
535 1298 36 22 det
586 1298 68 27 gällde
672 1301 32 19 att
726 1298 116 22 formulera
857 1300 31 20 ett
903 1298 108 22 uttalande

192 1325 79 25 därom,
295 1326 27 25 gå
339 1326 7 19 i
364 1325 86 21 alldeles
467 1328 88 18 motsatt
569 1326 95 26 riktning
679 1329 44 17 mot
739 1327 25 19 hr
779 1326 78 26 Hynén
879 1327 39 20 och
933 1326 79 21 beträf-

191 1352 64 22 fande
269 1352 61 22 äfven
342 1353 69 21 denna
429 1354 39 20 sak
483 1354 94 26 tillämpa
592 1354 37 20 det
638 1354 105 25 omdöme,
758 1360 47 14 som
816 1353 105 22 utskottet
932 1354 27 26 på
966 1354 47 21 sida

192 1380 26 22 18
240 1382 67 26 yttrar
330 1387 35 15 om
388 1380 113 28 ledningen
520 1381 23 21 af
560 1381 96 22 bankens
671 1381 143 27 räntepolitik,
827 1382 19 22 d.
862 1388 19 16 v.
896 1388 22 20 s.,
933 1382 33 22 för
981 1384 32 19 att

191 1410 97 26 begagna
310 1409 41 22 den
371 1409 69 22 finska
455 1412 76 24 texten,
549 1412 32 20 att
596 1410 104 28 styrelsen
715 1410 114 28 ådagalagt
843 1416 27 17 en
886 1410 126 23 berömvärd

194 1438 147 22 »maltillisuus
354 1438 23 28 ja
392 1438 54 28 hyvä
461 1438 117 22 harkinta».

258 1468 42 26 Jag
320 1467 38 21 vill
376 1469 58 19 ännu
452 1467 86 28 tillägga
553 1474 26 15 en
595 1467 50 22 liten
661 1468 163 27 omständighet,
841 1468 83 22 hvilken
940 1468 71 22 kunde

190 1496 116 21 intressera
320 1502 27 15 en
363 1495 39 23 och
417 1502 76 20 annan,
509 1503 47 15 som
566 1503 148 21 noggrannare
724 1497 42 21 läst
775 1497 85 28 igenom
871 1497 141 22 bankutskot-

190 1527 43 19 tets
256 1525 137 26 betänkande,
409 1525 105 27 nämligen
530 1528 32 19 att
577 1525 59 22 såväl
650 1525 8 22 i
672 1525 99 22 afseende
786 1526 13 22 å
814 1526 196 28 sedeltryckningen
