1086 1792
103 136 26 16 12
147 140 23 16 p.
182 135 83 17 huhtik.
400 136 173 17 Valtiovaraston
585 136 43 18 tila.
883 130 40 22 861

174 204 48 22 Hra
242 204 110 27 puhemies
373 204 82 22 kehotti
476 204 72 22 tällöin
567 204 79 28 säädyn
659 204 83 28 jäseniä
756 204 81 22 ensiksi
851 204 74 22 lausu-

105 238 63 16 maan
186 232 102 22 mielensä
305 232 136 22 mietinnöstä
455 232 231 26 kokonaisuudessaan,
701 233 72 21 minkä
785 233 85 27 jälkeen
885 239 40 21 pu-

105 261 136 21 heenvuoroa
256 261 60 27 pyysi

175 317 39 22 hra
234 316 164 28 Hallberg,
410 317 52 27 joka
476 318 79 21 lausui:
586 317 37 21 Uti
639 317 171 22 statsutskottets
826 324 28 14 nu
870 316 55 23 före-

104 346 100 27 liggande
226 345 236 22 relationsbetänkande
485 346 76 22 saknas
585 348 30 19 ett
637 346 113 26 uttalande,
767 352 46 16 som
834 346 91 27 tidigare

105 374 74 28 plägat
199 374 63 22 hafva
282 380 26 16 en
323 374 55 28 plats
394 374 45 22 däri
454 380 35 16 om
504 375 39 21 ock
557 374 46 22 icke
619 374 69 22 säsom
704 380 26 16 en
745 374 63 26 kläm,
824 376 30 20 ett
870 377 55 19 utta-

105 404 68 25 lande,
188 409 47 16 som
257 403 65 26 alltid,
339 403 27 21 dä
388 403 36 21 det
446 403 77 27 gitvits,
538 403 23 21 af
580 404 126 26 regeringen
730 404 122 26 emottagits
876 403 48 21 med

104 431 138 23 tacksamhet.
260 432 65 21 Detta
339 432 109 21 uttalande
463 431 38 22 har
516 432 45 21 icke
576 431 70 22 alltför
659 432 82 27 mycket
753 432 97 21 varierat.
869 431 54 22 Huf-

106 460 160 22 vudinnehället
284 460 23 22 af
327 460 117 22 detsamma
458 460 38 22 har
511 460 58 26 varit,
585 462 32 20 att
633 461 117 21 »utskottet
764 460 33 22 fär
812 461 28 27 pä
855 460 71 28 grund

105 489 24 22 af
141 489 56 22 hvad
220 489 36 22 det
278 489 97 27 iakttagit
394 489 37 21 vid
456 489 157 27 granskningen
629 488 22 22 af
664 489 106 21 allmänna
791 489 134 22 statsfonden

107 519 71 21 såsom
194 518 33 22 sin
242 517 137 29 uppfattning
393 518 73 24 uttala,
481 520 31 20 att
528 518 138 22 statsvärkets
689 518 105 22 ordinarie
812 518 113 28 tillgångar

106 547 62 22 äfven
184 547 68 21 under
267 553 30 15 nu
311 546 160 28 ifrågavarande
486 547 91 27 tidrymd
592 546 103 22 användts
712 547 48 21 med
775 548 101 20 omtanke
890 553 37 15 om

105 576 84 22 landets
205 581 55 22 gagn
283 576 40 21 och
344 576 81 21 bästa».
455 576 33 21 Dä
504 582 28 15 nu
547 578 30 19 ett
593 575 76 22 sädant
684 576 108 21 uttalande
807 576 45 21 icke
864 576 61 27 ingär

106 604 7 22 i
129 605 58 21 detta
202 604 139 26 betänkande,
356 604 39 22 och
411 605 71 21 därest
497 605 58 21 detta
569 604 133 22 betänkande
717 604 23 22 af
749 604 115 22 ständerna
875 604 51 24 god-

105 633 88 26 kännes,
215 632 253 29 folkrepresentationens
484 633 50 22 dom
555 632 62 23 äfven
634 633 7 21 i
655 633 59 22 detta
731 633 122 22 hänseende
867 632 61 26 fallit,

106 662 45 22 stär
167 662 34 22 väl
215 662 64 27 ingen
300 668 70 15 annan
391 664 65 24 utväg
478 663 69 27 öppen
563 661 33 22 för
611 662 126 27 regeringen
753 664 27 19 än
795 664 31 19 att
841 662 46 21 häri
903 668 23 16 se

107 693 32 20 ett
153 692 45 20 mot
213 690 33 28 sig
261 690 78 22 riktadt
359 690 222 22 misstroendevotum.
611 690 46 22 Och
679 690 61 22 äfven
762 696 36 16 om
816 690 110 22 rädskam-

107 726 73 15 maren
195 719 47 22 icke
256 720 45 21 stär
316 720 7 20 i
338 719 40 22 den
394 718 137 28 afhängighet
545 718 23 22 af
581 719 248 27 folkrepresentationen,
845 721 32 19 att
891 725 34 15 re-

106 748 174 28 presentationen
302 748 72 21 kunde
395 747 63 22 hafva
480 750 30 19 ett
531 748 69 22 direkt
614 747 114 28 inflytande
743 747 28 28 pä
786 748 50 22 dess
851 748 76 21 tillsät-

107 777 70 26 tande,
192 776 68 22 mäste
276 776 54 22 dock
344 776 71 27 vanlig
430 776 188 27 medborgaranda,
633 782 47 16 som
693 776 37 27 jag
744 776 116 27 ingalunda
875 778 52 20 utan

108 807 64 25 tungt
194 805 96 27 vägande
312 805 46 22 skäl
379 805 36 21 vill
437 804 116 22 fränkänna
575 805 77 27 nägon,
670 811 62 15 mana
754 805 126 27 regeringen
896 807 32 19 att

108 834 54 22 efter
177 834 58 21 detta
250 834 38 21 och
303 834 53 21 efter
370 833 56 22 hvad
441 834 89 27 tidigare
552 834 67 21 under
641 834 128 26 landtdagen
784 833 94 22 inträffat
893 834 36 21 de-

108 862 131 22 missionera.
255 875 27 3 —
298 862 37 22 Uti
358 862 142 22 betänkandet
522 862 119 22 framhälles
659 862 58 22 inom
732 863 41 21 alla
788 862 140 22 hufvudtitlar

109 892 36 21 det
161 891 104 22 oerhörda
280 890 75 23 slöseri
370 891 49 22 med
434 891 129 26 statsmedel,
579 897 46 16 som
641 891 68 22 under
724 891 41 22 den
781 898 29 14 nu
824 890 103 23 förflutna

108 920 103 28 perioden
226 922 72 25 tyvärr
314 921 35 26 egt
363 926 54 15 rum.
447 920 45 21 Och
515 926 33 15 om
572 919 64 22 ocksä
651 921 58 20 detta
724 920 75 21 slöseri
814 920 46 21 icke
874 921 8 20 i
897 926 32 15 re-

110 949 48 27 geln
182 949 121 21 tillkommit
317 949 27 27 pä
358 948 66 22 finskt
444 949 96 26 initiativ,
556 952 50 18 utan
623 949 40 21 den
678 949 110 21 inhemska
803 949 127 27 regeringen

109 978 77 21 endast
200 977 53 22 fallit
268 977 71 22 undan
354 977 33 21 för
402 979 31 19 ett
448 977 82 27 olidligt
544 977 60 27 tryck
619 977 22 21 af
654 983 26 15 en
691 977 111 27 despotisk
812 977 55 27 vilja,
881 983 47 15 som

109 1006 95 22 hvarken
219 1007 7 20 i
241 1006 69 25 tanke,
326 1006 38 21 ord
386 1006 51 21 eller
460 1006 90 26 gärning
570 1005 64 27 syftat
656 1005 31 22 till
712 1006 46 21 värt
773 1006 61 21 lands
849 1006 39 25 väl,
904 1006 25 21 sä

109 1035 56 21 hade
186 1034 54 22 dock
262 1041 26 14 en
311 1035 69 20 större
403 1033 177 22 motständskraft
603 1035 48 20 bort
673 1033 120 22 förefinnas.
824 1034 104 21 Särskildt

111 1064 69 21 mäste
192 1063 38 27 jag
244 1062 33 23 för
292 1063 43 21 min
351 1062 33 22 del
399 1063 62 27 djupt
475 1063 94 27 beklaga,
585 1065 31 19 att
631 1063 41 21 den
687 1063 111 21 inhemska
820 1063 111 21 rädskam-

111 1098 73 16 maren
199 1092 46 21 icke
259 1092 90 27 manligt
363 1091 39 22 och
418 1091 106 22 bestämdt
537 1091 67 27 afböjt
615 1091 40 22 den
667 1091 40 22 den
719 1091 141 22 tillerkännda
870 1093 59 20 stora

110 1120 205 28 löneförhöjningen,
330 1121 67 20 ehuru
420 1121 40 20 den
484 1121 34 20 väl
540 1120 48 21 bort
603 1121 52 24 inse,
671 1123 31 18 att
717 1120 69 21 denna
801 1119 128 28 löneförhöj-

112 1150 53 26 ning
179 1149 76 22 endast
270 1155 37 16 var
322 1155 26 15 en
361 1149 60 21 mask
435 1149 33 21 för
483 1151 31 19 att
529 1149 69 21 bättre
619 1149 72 21 kunna
709 1149 103 21 motivera
827 1151 59 19 stora
900 1148 31 22 af-

112 1177 193 28 löningsförmäner
325 1177 21 22 ät
368 1177 27 22 de
419 1177 88 28 värktyg
528 1177 39 22 den
584 1176 58 23 förra
657 1177 222 27 generalguvernören
894 1178 38 21 be-

113 1206 69 22 höfde.
205 1206 45 23 Och
265 1209 72 24 tyvärr
353 1207 67 20 måste
434 1208 56 19 ännu
510 1206 141 26 konstateras,
667 1208 30 19 att
712 1206 64 21 bland
792 1206 63 21 dessa
870 1205 62 22 värk-

113 1237 44 26 tyg,
172 1237 59 20 utom
247 1235 114 22 besoldade
375 1235 141 27 utlänningar,
532 1235 61 21 äfven
608 1234 68 22 finnas
691 1234 69 21 finska
775 1236 55 19 män.

182 1264 77 21 Ibland
274 1263 27 22 de
315 1262 93 28 utgifter,
422 1269 47 15 som
485 1263 104 22 utskottet
611 1263 101 21 särskildt
726 1263 93 26 påpekar
834 1263 40 21 och
886 1269 47 15 som

113 1293 39 26 jag
167 1292 45 21 icke
227 1292 40 21 kan
284 1291 110 22 underläta
408 1293 33 20 att
455 1298 29 15 nu
500 1292 80 24 beröra,
596 1293 23 19 är
634 1297 26 15 en
676 1291 69 27 utgift,
754 1291 34 21 väl
799 1293 52 19 utan
863 1290 70 22 alltför

115 1323 46 19 stor
176 1320 104 21 finansiell
295 1320 108 26 innebörd,
418 1325 49 16 men
483 1320 22 21 af
518 1320 24 21 sä
549 1320 83 26 mycket
645 1321 68 20 större
724 1319 108 27 betydelse
844 1320 6 20 i
863 1326 70 15 annan

115 1349 93 26 mening,
222 1349 107 26 nämligen
344 1347 89 28 utgiften
449 1348 32 21 för
496 1349 41 20 den
552 1348 145 21 konsultativa
712 1348 171 27 prässkomittön.
900 1347 33 22 En

114 1377 42 22 slik
171 1377 96 25 anomali,
283 1383 46 16 som
345 1377 69 21 denna
431 1377 144 21 konsultativa
590 1376 156 28 prässkomittö,
763 1377 61 20 torde
836 1376 33 21 väl
879 1377 54 21 intet

114 1408 67 19 annat
195 1406 49 21 land
259 1405 63 22 hafva
336 1407 31 20 att
382 1406 96 25 uppvisa.
507 1406 47 21 Den
569 1407 22 20 är
601 1405 75 22 tillsatt
691 1405 32 22 för
736 1407 31 19 att
779 1405 63 21 döma
854 1405 80 21 littera-

115 1433 102 22 turalster
232 1434 28 27 pä
274 1433 69 27 språk,
359 1433 70 22 hvilka
444 1434 48 21 dess
508 1433 137 21 medlemmar
659 1433 86 21 absolut
761 1433 45 21 icke
817 1433 70 21 känna
897 1433 38 21 till.

116 1462 93 21 Hvilken
225 1461 205 27 omdömesförmäga
445 1461 61 22 häraf
519 1461 60 27 följer
595 1462 38 20 och
649 1461 83 21 hvilken
748 1461 24 21 lit
788 1462 30 25 de,
834 1467 47 15 som
894 1461 42 21 till-

116 1493 45 20 satt
175 1491 129 26 densamma,
325 1491 72 20 kunna
417 1490 53 27 hysa
485 1489 31 23 till
531 1496 25 15 en
573 1489 40 23 slik
628 1490 82 21 instans
726 1490 100 25 domslut,
842 1491 24 20 är
882 1492 51 19 utan

116 1521 74 22 vidare
211 1520 61 21 klart.
301 1519 127 28 Ytterligare
450 1525 63 16 anser
532 1519 43 28 jag,
593 1521 32 20 att
646 1518 101 22 särskildt
761 1519 119 22 beaktande
896 1519 39 21 bör
