1117 1781
300 135 264 17 Riddarhusdirektionens
577 135 119 17 berättelse.
842 130 40 20 667

83 203 107 29 dagstafla
203 203 34 21 till
252 203 164 26 kanslirummet,
428 202 67 21 skulle
506 203 272 28 reparationskostnaderna
789 204 35 21 för
833 204 79 21 nedan-

85 237 91 22 nämnda
190 245 46 13 rum
252 237 87 21 sälunda
354 237 77 28 belöpa
446 237 33 28 sig
492 237 40 26 till,

187 322 118 21 förmaket.
336 339 3 4 .
370 339 4 4 .
405 339 3 4 .
439 339 3 4 <
474 339 108 5 «000.
612 339 4 4 .
632 323 56 20 Fmk
717 323 48 21 420:
781 337 27 1 —

187 357 160 21 kanslirummet
372 373 4 4 .
407 373 4 4 .
441 373 4 4 <
476 373 38 4 ss
545 373 39 5 sov
615 373 4 4 2
663 367 8 9 »
717 358 47 20 808:
781 371 27 1 —

187 391 82 21 möbler
283 391 71 21 dertill
375 407 2 4 .
407 407 4 4 so
440 408 4 4 so
476 408 4 4 so
510 408 74 4 cc.
614 408 4 4 <
663 401 8 9 >
717 392 47 20 404:
780 405 28 2 —

187 425 233 29 genomgängsrummet
443 442 3 4 .
478 442 3 4 .
512 442 4 4 .
547 442 3 4 .
582 442 3 4 .
616 442 4 4 .
664 435 8 9 >»
717 426 48 20 461:
781 439 27 2 —

187 460 82 21 möbler
284 459 71 21 dertill
376 475 1 4 «
408 476 3 4 .
442 476 4 4 »
477 476 3 4 ss
511 476 4 4 «
548 476 2 4 «
582 476 2 4 «
615 476 4 4 «
663 469 8 9 >
717 460 47 21 220:
780 473 27 2 —

626 499 57 22 S:ma
697 501 67 25 2,313:
780 513 27 3 —

153 586 46 21 Vid
221 585 154 28 behandlingen
397 585 22 21 af
433 585 237 21 Riddarhusutskottets
686 585 132 22 betänkande
833 586 8 20 i
856 585 56 21 före-

84 620 91 21 nämnda
199 620 60 21 delar
280 620 32 27 (R.
334 627 18 14 o.
373 619 26 21 A.
414 622 54 26 prot.
486 619 26 21 II
527 619 39 21 sid.
582 620 40 20 943
638 627 18 13 o.
672 619 50 28 följ.)
747 619 105 21 uttalades
874 627 38 13 un-

84 654 40 21 der
144 654 147 21 diskussionen
313 653 170 22 önskvärdheten
506 657 32 18 att
553 653 123 22 utförandet
690 653 23 21 af
727 653 36 22 det
777 654 80 21 vackra
872 653 40 22 och

84 689 119 21 tilltalande
223 688 79 29 förslag
317 689 33 20 till
365 688 127 29 dekorering
506 688 23 21 af
544 688 120 21 kabinettet
678 688 40 21 och
733 688 112 27 förmaket,
860 688 52 21 Rid-

85 723 210 21 darhusdirektionen
317 722 111 27 framstält,
447 723 49 20 icke
511 722 67 21 borde
593 722 23 21 fä
630 722 87 21 alldeles
732 722 91 27 förfalla,
838 722 74 22 äfven-

86 765 44 13 som
151 760 32 18 att
199 757 125 21 ätminstone
339 757 106 21 förmaket
460 757 66 21 borde
542 757 101 20 försättas
658 757 8 20 i
681 759 31 18 ett
726 757 110 28 värdigare
851 756 61 22 skick

85 799 76 20 genom
182 795 15 17 t.
214 799 30 13 ex.
260 791 93 28 målning
375 791 22 21 af
412 793 80 26 väggar
506 791 41 21 och
562 791 38 21 tak
614 791 65 28 något
694 791 23 21 sä
731 793 37 18 när
782 792 7 20 i
805 791 108 21 öfverens-

85 826 120 21 stämmelse
227 825 50 22 med
299 825 124 22 förberörda
445 825 85 28 förslag,
552 825 118 28 hvarjemte
693 825 108 22 framhölls
824 829 32 18 att
871 825 42 21 den

85 859 35 21 för
140 860 140 21 anskaffande
301 860 22 21 af
345 859 71 22 möbel
437 860 33 21 till
486 860 161 21 kanslirummet
661 859 118 22 beräknade
795 859 118 22 kostnaden

85 902 51 13 vore
156 895 73 20 alltför
247 895 78 28 knapp.
354 894 26 21 R.
399 901 18 14 o.
439 894 26 21 A.
481 894 69 21 beslöt
572 897 32 18 att
622 894 112 28 godkänna
748 894 93 28 följande
857 901 56 14 reso-

86 929 161 28 lutionsförslag:
277 929 70 20 Jemte
370 928 37 21 det
421 929 26 20 R.
462 936 18 13 o.
496 929 27 20 A.
538 928 71 21 finner
631 928 52 28 godt
704 928 99 21 förordna
818 931 31 18 att
864 928 50 21 med

85 963 43 20 den
142 963 120 28 föreslagna
277 963 151 28 dekoreringen
442 963 23 20 af
479 963 108 20 förmaket
602 963 40 20 och
655 962 122 27 kabinettet,
787 962 126 29 uppgäende

86 997 32 21 till
141 1005 26 13 en
187 997 109 21 beräknad
311 997 90 21 kostnad
416 997 22 21 af
454 998 62 25 5,764
532 997 67 26 mark,
614 997 54 21 skall
683 997 56 26 bero,
753 997 55 20 intill
824 997 48 20 dess
887 997 26 20 R.

86 1039 18 14 0.
117 1033 21 19 A
153 1031 113 22 framdeles
281 1031 37 22 vill
334 1031 73 21 härom
422 1031 131 22 annorlunda
568 1031 89 26 besluta,
672 1031 140 21 öfverlemnar
822 1031 25 21 R.
858 1038 18 13 o.
886 1031 27 20 A.

86 1065 24 22 ät
124 1066 41 21 den
180 1066 109 21 blifvande
304 1065 256 22 Riddarhusdirektionen
575 1068 33 18 att
622 1065 48 21 icke
686 1065 87 21 allenast
787 1065 44 21 läta
842 1065 72 21 utföra

86 1100 42 21 alla
148 1101 7 20 i
178 1100 236 29 riddarhusbyggnaden
430 1100 79 28 nödiga
524 1099 170 22 remontarbeten
708 1099 49 21 med
771 1099 120 21 beaktande
906 1100 8 19 i

87 1134 164 29 hufvudsakliga
273 1135 60 20 delar
353 1134 22 21 af
397 1134 57 21 hvad
476 1134 227 21 Riddarhusutskottet
717 1135 8 20 i
739 1134 60 21 detta
813 1133 100 22 afseende

86 1169 77 26 anfört,
183 1172 51 18 utan
255 1169 41 21 ock
317 1169 98 20 anskaffa
429 1176 42 21 nya
486 1169 122 28 prydligare
624 1168 70 21 möbel
708 1168 32 21 till
755 1168 160 21 kanslirummet

86 1203 42 21 och
143 1203 37 21 det
195 1203 96 21 derinvid
306 1203 89 28 belägna
410 1203 241 28 genomgängsrummet.

155 1237 40 22 Uti
210 1239 32 19 sin
256 1237 33 21 till
303 1245 29 13 nu
345 1237 109 29 pågående
471 1237 103 28 landtdag
588 1236 82 29 afgifna
685 1237 110 21 berättelse
810 1239 105 25 upptager

85 1272 254 21 Riddarhusdirektionen
361 1272 26 20 de
409 1272 51 26 skäl,
480 1279 46 13 som
546 1271 107 21 föranledt
667 1271 138 21 Direktionen
820 1271 33 21 till
868 1270 47 22 vid-

85 1306 91 28 tagande
199 1306 22 21 af
242 1306 27 21 de
291 1306 131 21 omfattande
445 1305 241 29 restaureringsarbeten
706 1305 140 21 Direktionen
867 1304 49 22 lätit

86 1340 112 27 förmaket,
212 1340 232 29 genomgängsrummet
459 1340 41 21 och
515 1340 161 21 kanslirummet
690 1340 92 28 undergä
792 1339 40 21 och
842 1339 74 21 hvilka

86 1374 101 29 betingat,
209 1375 66 28 enligt
294 1374 151 22 Direktionens
465 1374 125 28 beräkning,
609 1382 26 13 en
654 1374 143 21 totalkostnad
816 1373 22 21 af
853 1374 61 25 8,283

86 1409 60 21 mark
161 1410 27 20 60
203 1410 35 28 p:i,
253 1410 7 20 i
275 1409 86 21 hvilken
376 1416 81 14 summa
472 1408 78 28 jemväl
564 1408 60 28 ingår
640 1409 66 28 priset
721 1408 12 21 &
747 1408 26 21 de
789 1407 126 22 anskaffade

86 1451 42 20 nya
143 1443 108 21 möblerna
266 1444 61 25 2,589
343 1443 66 21 mark.

155 1477 74 29 Enligt
251 1477 42 22 den
314 1477 121 28 fördelning
457 1477 230 21 Riddarhusutskottet
708 1476 48 22 med
782 1476 86 28 ledning
894 1475 23 21 af

87 1511 210 22 Riddarhuskassans
320 1512 142 28 räkenskaper
484 1512 36 20 för
540 1511 24 21 år
589 1512 55 20 1896
667 1511 102 21 verkstält
791 1510 22 22 af
836 1510 27 22 de
883 1510 34 21 för
