1117 1781
424 137 120 21 Jagtlagen.
835 132 42 20 813

78 205 169 23 hufvudmedlen
271 206 35 21 för
327 206 160 28 jagtnäringens
508 205 93 29 höjande
624 205 40 22 och
680 205 127 22 vildnadens
822 206 84 21 förkof-

79 234 66 22 rande
160 235 7 20 i
182 234 79 27 landet,
277 234 38 21 har
329 235 65 20 äfven
410 234 41 21 den
468 235 5 20 i
490 234 48 21 nåd.
554 242 60 20 prop.
630 234 122 28 föreslagna
767 234 103 28 åtgärden
879 242 27 13 en

78 267 46 18 stor
146 263 109 28 betydelse
277 263 34 20 för
331 263 48 20 hela
394 263 163 28 jagtväsendets
574 262 145 29 befrämjande
735 263 6 20 i
756 263 79 21 landet.
863 263 43 28 Jag

78 291 105 22 behöfver
205 291 47 22 icke
277 291 102 21 särskildt
402 292 6 20 i
424 291 59 21 detta
499 291 68 22 Stånd
584 291 90 29 påpeka,
689 291 53 21 huru
758 291 96 28 omöjligt
869 291 37 22 det

79 323 23 18 är
123 323 31 18 att
176 320 13 21 &
211 322 68 19 större
302 319 208 28 sammanhängande
531 320 170 28 jagtkomplexer
716 319 147 22 åstadkomma
879 327 25 14 en

79 349 81 21 ordnad
181 349 105 28 jagtvård,
309 356 33 13 om
366 349 56 20 inom
439 349 124 20 densamma
579 349 67 20 finnas
663 349 107 26 enklaver,
785 348 38 21 der
838 348 67 22 sådan

79 377 98 29 jagtvård
200 377 48 22 icke
269 379 24 19 är
314 377 78 27 införd,
408 377 41 21 och
464 377 38 21 det
516 377 62 21 torde
594 377 38 21 här
648 377 64 21 bland
727 385 35 13 oss
778 377 67 22 finnas
861 385 45 14 mer

79 408 27 19 än
130 413 31 18 en,
183 413 45 14 som
249 406 23 21 af
295 413 52 20 egen
370 405 122 22 erfarenhet
513 406 87 27 känner,
622 405 74 22 hvilka
717 405 132 28 svårigheter
864 406 41 21 och

79 435 75 20 trassel
183 435 80 21 sådana
292 442 69 13 annan
386 434 109 28 tillhöriga
520 434 121 28 egoskiften
668 435 56 20 inom
748 435 157 27 jagtmarkerna

79 463 157 27 åstadkomma;
257 463 83 21 hvilket
359 463 65 21 äfven
440 463 94 27 framgår
548 471 26 12 ur
591 463 236 21 komitébetänkandets
843 463 62 21 moti-

80 493 75 27 vering
170 492 54 21 sidd.
240 493 90 20 38—40.
359 491 105 28 Antydda
479 491 183 28 omständigheter
677 491 65 22 hafva
757 492 5 20 i
780 499 25 13 en
817 491 88 22 dellän-

79 521 39 20 der
139 523 81 19 ansetts
244 527 51 14 vara
315 520 22 21 af
353 520 24 21 så
392 524 45 17 stor
452 521 52 27 vigt,
520 523 32 18 att
566 520 162 28 lagstiftningen
743 520 72 21 funnit
830 520 75 28 nödigt

79 549 116 21 bestämma
219 549 165 21 minimiarealen
403 549 23 20 af
441 549 42 20 den
499 549 66 26 mark,
580 549 13 20 å
608 549 87 21 hvilken
711 549 135 28 sjelfständig
860 549 45 28 jagt

79 579 23 19 är
124 577 87 22 tillåten.
242 577 77 22 Denna
334 577 140 21 minimiareal
489 579 63 26 utgör
567 577 131 28 exempelvis
714 578 6 20 i
735 577 112 22 Österrike
863 578 41 20 115

79 606 33 26 ha,
127 607 7 20 i
149 606 94 21 Sachsen
260 606 59 21 cirka
335 607 40 20 160
391 606 32 25 ha,
438 607 7 20 i
461 606 107 21 Preussen
582 606 58 21 cirka
654 607 25 20 67
691 606 49 26 ha,
736 601 12 37 i
753 606 85 28 Bayern
849 605 56 22 ända

78 635 31 20 till
126 636 39 20 136
181 635 32 26 ha,
229 635 7 20 i
252 635 218 27 Elsass-Lothringen
487 636 27 20 25
523 635 33 26 ha,
571 635 2 20 i
585 635 160 27 Wärttemberg
758 635 26 21 16
795 635 27 20 ha
833 642 42 13 o.s.
884 642 20 13 v.

78 663 74 21 Ehuru
175 663 126 28 visserligen
323 664 7 20 i
349 663 140 28 jagtkomitén
505 665 69 19 röster
589 663 85 26 funnos,
690 671 43 13 som
749 663 108 28 päyrkade
874 665 31 19 ett

78 692 95 21 likadant
195 691 124 22 förfarande
340 692 57 21 inom
420 692 49 21 vårt
491 692 57 25 land,
569 692 83 27 vågade
676 691 55 22 dock
746 692 48 21 icke
810 692 93 21 komitén

78 720 48 21 med
148 721 83 28 hänsyn
253 721 33 20 till
301 720 41 21 den
357 721 7 20 i
380 720 73 21 landet
468 720 95 21 rådande
579 721 107 20 allmänna
701 720 77 28 oviljan
795 723 56 19 emot
866 720 37 21 be-

77 750 140 27 gränsningar
238 750 7 20 i
268 750 139 27 nyttjorätten
429 749 32 21 till
477 749 88 21 marken
581 749 41 21 och
638 749 41 21 den
695 751 56 19 ännu
766 749 24 21 så
805 749 51 28 föga
871 751 33 19 ut-

78 777 103 22 vecklade
200 779 93 26 insigten
308 777 23 21 af
345 778 160 28 jagtnäringens
521 779 47 26 vigt
583 777 41 22 och
640 777 115 29 betydelse,
769 781 50 24 taga
834 780 70 26 steget

78 809 29 23 ut,
124 809 50 18 utan
193 806 132 27 begränsade
341 807 37 20 sitt
392 806 82 28 förslag
489 806 77 21 endast
580 807 33 20 till
628 806 155 28 inskränkning
797 806 23 21 af
835 806 68 21 sådan

77 835 44 28 jagt
136 835 13 20 å
164 835 45 20 ofta
225 835 92 20 nämnda
331 835 107 25 enklaver,
453 835 89 21 hvilken
557 835 49 21 icke
622 835 44 21 kan
682 835 108 21 bedrifvas
805 838 52 17 utan
872 837 31 18 att

77 871 106 20 grannens
203 864 88 27 jagträtt
306 863 122 28 derigenom
444 863 74 22 blefve
533 863 59 21 störd
608 863 41 22 och
664 866 51 18 utan
731 866 30 18 att
777 863 70 21 direkt
862 863 41 21 och

77 891 133 22 omedelbart
232 891 76 22 hindra
330 892 123 21 införandet
475 892 23 21 af
519 892 82 21 ordnad
624 892 98 28 jagtvård
741 891 13 22 å
769 892 41 21 den
827 891 76 28 omgif-

78 920 70 21 vande
163 920 94 21 marken.
288 921 42 20 Det
346 922 23 19 är
384 921 108 27 nämligen
507 921 115 21 otänkbart
632 924 32 17 att
674 921 47 28 jaga
730 921 47 20 med
789 920 113 21 drifvande

77 949 58 20 hund
151 949 27 28 på
194 956 26 13 en
235 952 36 25 yta
286 949 23 21 af
323 950 27 20 20
365 949 34 26 ha,
414 952 51 18 utan
481 952 31 18 att
525 949 71 21 denna
606 949 58 21 hund
676 949 67 21 skulle
754 949 67 21 under
831 950 71 27 jagten

78 978 85 27 springa
186 977 27 28 på
235 985 105 20 grannens
363 985 51 20 egor
433 978 41 21 och
490 977 38 22 der
544 981 93 25 upptaga
654 978 40 21 och
709 985 50 14 oroa
774 977 129 22 villebrådet

77 1006 52 21 eller
151 1005 72 22 drifva
245 1006 37 21 det
300 1007 32 20 till
348 1006 111 21 enklaven.
490 1006 114 22 Utskottet
618 1014 63 13 anser
696 1006 39 21 den
751 1006 122 28 föreslagna
889 1007 12 26 $

78 1035 18 27 ej
113 1042 50 13 vara
178 1035 23 20 af
216 1034 66 28 något
297 1035 92 28 verkligt
405 1035 66 21 behof
487 1035 115 28 påkalladt.
627 1035 53 21 Icke
690 1035 89 21 allenast
789 1035 37 20 det
836 1035 65 21 ofvan

78 1063 23 20 af
118 1064 43 26 mig
177 1063 94 21 uttalade
287 1066 50 18 utan
353 1064 65 20 äfven
433 1063 48 21 hela
498 1063 40 21 den
555 1065 7 19 i
578 1063 225 22 komitébetänkandet
818 1063 85 21 införda

77 1092 156 27 motiveringen
254 1093 29 26 (se
307 1092 53 21 sidd.
377 1093 91 25 35—40)
485 1092 118 21 kullkastar
618 1092 71 21 denna
703 1092 122 21 Utskottets
841 1091 62 28 åsigt,

77 1120 87 21 hvilken
180 1120 34 21 för
229 1120 66 28 öfrigt
311 1121 38 20 alls
364 1120 48 21 icke
428 1122 115 19 motiveras
560 1121 51 20 eller
626 1121 91 21 bevisas.

145 1148 11 21 I
179 1156 26 13 en
227 1156 69 13 annan
313 1150 11 26 8
340 1149 110 28 förbjuder
467 1149 112 22 Utskottet
595 1152 31 18 att
641 1149 70 21 drifva
727 1149 50 21 eller
792 1149 63 21 locka
869 1149 34 20 till

76 1177 33 27 sig
130 1177 55 20 vildt
207 1177 48 21 från
277 1185 81 14 annans
376 1178 66 21 mark.
473 1178 53 21 Men
542 1178 66 21 likväl
624 1177 90 22 föreslår
728 1177 113 22 Utskottet
855 1180 48 17 ute-

76 1205 108 21 slutandet
199 1207 22 19 af
237 1213 26 13 en
279 1207 18 26 &,
313 1209 50 18 utan
379 1206 63 21 hvars
458 1206 120 28 stadgande
594 1206 37 21 det
647 1207 40 20 blir
701 1206 95 28 omöjligt
806 1209 32 17 att
848 1206 55 20 iakt-

76 1237 49 25 taga
147 1233 38 22 det
206 1234 157 22 ofvannämnda
385 1235 104 21 förbudet
504 1238 32 18 att
550 1235 72 21 drifva
637 1235 33 21 till
686 1235 31 28 sig
733 1235 54 21 vildt
801 1233 48 22 från
865 1241 38 14 an-

76 1270 52 14 nans
144 1262 65 22 mark.

145 1290 83 23 Vidare
250 1292 111 28 förbjuder
383 1292 115 21 Utskottet
519 1292 90 21 bulvans
633 1292 142 28 uppsättande
795 1291 28 29 på
837 1294 66 18 annat

76 1320 62 20 ställe
161 1322 27 18 än
212 1321 41 20 200
276 1324 66 17 meter
366 1320 49 21 från
438 1328 82 14 annans
542 1320 30 22 rå.
602 1320 34 22 En
659 1321 144 27 cirkelformig
819 1320 84 26 enklav,

76 1348 63 21 hvars
155 1349 59 21 radie
231 1350 23 20 är
269 1350 42 20 200
326 1352 67 18 meter
408 1349 69 21 bildar
493 1357 26 13 en
534 1352 37 25 yta
587 1356 33 14 om
638 1350 26 20 13
680 1350 32 20 ha.
736 1350 113 21 Utskottet
859 1349 44 21 för-

77 1376 74 28 bjuder
171 1377 84 21 således
278 1378 13 20 å
312 1381 30 17 ett
365 1378 61 20 ställe
450 1380 31 18 ett
503 1378 55 21 visst
579 1378 59 27 slags
647 1378 52 28 jagt
713 1378 13 21 å
741 1386 26 13 en
782 1378 56 21 areal
854 1377 48 21 icke

75 1405 87 28 mycket
177 1406 167 28 understigande
353 1406 55 21 den
398 1401 11 38 i
417 1406 48 21 nåd.
478 1414 60 20 prop.
547 1407 6 20 i
562 1406 67 28 sagda
639 1407 12 26 $
662 1410 80 18 utsatta
749 1406 41 22 och
803 1406 100 21 öfversti-

75 1434 70 27 gande
170 1434 41 21 den
235 1435 62 25 areal,
320 1442 45 14 som
388 1436 7 20 i
418 1434 227 22 komitébetänkandet
662 1436 127 27 föreslagits,
804 1438 51 24 utan
871 1437 32 18 att

76 1470 50 13 anse
142 1462 60 21 detta
217 1463 34 21 för
261 1470 26 14 en
298 1463 155 29 inskränkning
467 1464 7 20 i
490 1463 93 28 egande-
599 1463 50 21 eller
664 1464 144 28 nyttjorätten.
827 1463 75 21 Afven

75 1490 7 20 i
107 1490 41 22 den
172 1492 107 20 uteslutna
302 1492 12 27 $&
337 1492 109 28 förbjudes
469 1500 30 13 nu
513 1491 183 29 hufvudsakligen
712 1492 75 22 endast
802 1495 31 18 ett
847 1492 56 21 visst

74 1518 57 28 slags
146 1519 122 29 fängstsätt.
