1117 1781
315 146 279 44 Kommunalförvaltningen
607 153 27 22 på
647 154 76 18 landet.
848 148 39 21 961

92 224 42 21 kan
159 224 35 27 jag
221 222 55 21 dock
300 223 47 20 icke
370 223 115 32 godkänna
507 223 163 27 bestämningen
692 223 5 20 i
715 233 11 17 $
744 224 26 20 69
787 223 130 21 beträffande

91 251 169 34 presterskapets
276 251 128 28 deltagande
420 252 5 19 i
438 251 240 21 kommunalnämndens
689 251 76 26 beslut,
776 254 21 25 ty
808 252 35 28 jag
855 259 62 13 anser

90 281 35 20 för
147 281 42 20 min
214 280 33 21 del
270 282 31 19 att
317 287 25 14 en
359 280 85 21 utanför
460 279 88 22 stående
564 287 76 20 person
657 280 48 21 icke
722 268 43 33 bör
775 288 39 19 ega
829 282 42 19 rätt
886 283 31 18 att

91 309 84 28 deltaga
195 310 5 19 i
217 308 240 21 kommunalnämndens
474 309 74 26 beslut,
564 309 65 20 äfven
646 316 33 13 om
696 317 79 12 samma
791 316 76 21 person
883 309 34 20 får

91 337 84 28 deltaga
199 338 5 20 i
227 337 195 28 förhandlingarna,
445 337 41 21 och
507 325 79 32 tillåter
607 337 35 28 jag
665 338 43 26 mig
732 337 25 28 på
773 337 68 28 grund
857 337 60 21 häraf

90 366 53 28 yrka
166 366 27 28 på
215 366 119 21 återremiss
358 367 5 19 i
384 365 40 21 och
440 365 34 21 för
490 365 174 28 omformulering
680 366 22 21 af
718 366 125 28 paragrafen
859 367 6 20 i
881 365 37 22 det

93 395 56 28 syfte
165 395 131 20 reservation
312 394 42 21 N:o
373 396 11 19 7
400 394 94 21 innebär.

161 452 34 21 Hr
217 451 174 28 Stjernvall:
421 451 75 28 Enligt
511 459 27 13 nu
552 451 99 28 gällande
668 451 250 28 kommunalförfattning

96 488 48 20 eger
160 480 133 28 kyrkoherde
308 481 29 20 uti
361 480 77 28 frågor,
459 488 45 13 som
520 482 46 19 röra
582 481 123 20 folkskolan
721 481 112 20 äfvensom
848 481 69 20 helso-

93 509 40 21 och
155 509 151 28 fattigvården,
329 511 42 18 rätt
392 511 31 18 att
446 509 84 34 deltaga
549 509 59 21 såväl
624 510 5 19 i
646 509 188 28 öfverläggningar
849 517 45 13 som
910 510 6 19 i

94 538 71 21 beslut
187 541 49 17 utan
259 537 102 21 afseende
383 545 33 13 om
439 537 41 21 han
502 539 23 19 är
544 537 91 22 medlem
651 537 22 21 af
689 538 228 21 kommunalnämnden

94 567 49 20 eller
168 566 53 21 icke.
251 566 43 21 Det
317 573 62 21 synes
401 567 43 26 mig
468 566 56 21 dock
547 567 117 27 oegentligt
686 569 31 18 att
733 574 25 13 en
775 574 82 21 person,
873 574 43 13 som

94 595 47 21 icke
156 597 23 18 är
194 595 89 21 medlem
301 595 22 20 af
338 594 236 26 kommunalnämnden,
590 602 47 13 men
654 602 44 13 som
715 602 50 27 eger
775 595 101 28 rättighet
887 598 31 17 att

94 623 84 28 deltaga
201 625 6 19 i
227 623 117 21 nämndens
361 623 161 28 förhandlingar
538 623 40 21 och
594 623 76 26 beslut,
685 623 48 21 icke
748 625 23 19 är
787 624 84 27 skyldig
887 626 31 19 att

94 637 79 47 infinna
188 653 33 27 sig
236 652 35 21 vid
287 652 118 21 nämndens
421 652 175 21 sammanträden.
612 640 124 33 Emellertid
753 652 38 21 har
809 652 110 22 Utskottet

94 681 123 21 formulerat
232 681 37 21 sitt
283 681 80 27 förslag
379 680 95 27 sålunda,
484 683 32 19 att
530 680 63 21 dessa
616 688 93 13 personer
725 688 38 20 ega
779 681 139 21 omförmälda

94 709 105 28 rättighet,
219 712 50 18 utan
285 711 31 19 att
332 709 85 28 påföras
433 709 149 21 motsvarande
598 689 123 48 skyldighet
737 710 6 20 i
759 709 36 21 det
816 709 101 22 afseende

93 739 35 27 jag
150 746 49 20 nyss
222 737 98 29 antydde.
350 737 11 21 I
385 737 139 22 betraktande
540 738 62 21 häraf
618 738 36 21 ber
669 739 35 26 jag
719 738 23 21 få
757 738 80 21 föreslå
852 738 65 21 sådan

96 767 79 28 lydelse
198 767 23 20 af
243 767 12 26 $
279 767 38 20 69:
340 775 9 10 »
366 767 10 20 I
393 766 73 28 frågor
481 766 111 28 angående
607 766 108 21 folkskola
731 769 54 18 samt
801 767 116 27 fattigvård

96 795 40 21 och
151 795 112 21 helsovård
279 795 38 21 har
332 795 134 28 kyrkoherde
483 795 51 21 eller
549 795 41 21 den
605 795 53 21 hans
674 795 61 21 ställe
748 795 119 21 företräder
876 797 42 19 rätt

95 826 31 18 att
141 823 84 28 deltaga
240 825 6 19 i
262 823 240 22 kommunalnämndens
519 823 194 28 öfverläggningar,
729 831 47 14 men
792 824 47 21 icke
851 825 6 20 i
869 824 49 21 dess

95 852 74 26 beslut,
185 852 70 21 derest
271 852 39 21 han
327 852 47 21 icke
391 852 71 21 blifvit
478 852 50 21 vald
543 852 32 21 till
590 852 91 21 medlem
697 853 5 20 i
718 852 127 21 nämnden».
875 853 44 20 Det

96 888 73 14 senare
192 883 115 19 momentet
330 881 23 21 af
368 881 126 28 paragrafen
511 881 65 21 borde
592 881 46 20 åter
652 881 60 28 lyda:
731 881 130 21 »Enahanda
877 883 42 19 rätt

97 909 127 22 tillkommer
248 909 76 28 jemväl
349 909 71 21 läkare
443 911 57 19 inom
523 909 127 21 kommunen
670 909 132 22 beträffande
825 909 92 22 ärenden

94 938 90 21 rörande
205 938 70 21 helso-
296 937 40 22 och
356 938 122 28 sjukvård».
507 938 34 21 Hr
555 938 94 21 Juselius
665 938 38 21 har
718 939 6 20 i
740 939 32 20 sin
788 939 130 20 reservation

96 966 111 29 föreslagit
229 969 31 18 att
283 975 48 13 man
353 966 133 21 beträffande
509 974 27 13 nu
559 967 163 27 ifrågavarande
753 974 103 14 personers
878 969 41 19 rätt

95 995 75 21 endast
185 995 68 21 skulle
268 995 89 21 hänvisa
373 995 32 20 till
420 995 56 21 hvad
492 994 98 29 gällande
604 995 127 28 författning
742 975 72 41 derom
827 995 92 28 stadgar,

95 1031 47 13 men
159 1031 25 14 en
200 1023 59 29 dylik
274 1024 129 27 hänvisning
418 1023 72 22 kunde
501 1024 98 27 möjligen
612 1031 62 14 anses
686 1024 101 21 innebära
801 1027 30 18 ett
844 1013 71 32 erkän-

95 1052 68 21 nande
179 1055 31 18 att
225 1053 65 20 ofvan
306 1052 92 21 nämnda
413 1052 125 28 rättigheter
554 1054 6 19 i
575 1054 67 19 större
658 1053 51 20 eller
721 1052 82 21 mindre
814 1053 105 21 utsträck-

95 1081 52 28 ning
161 1081 72 21 kunde
248 1081 6 21 i
271 1081 156 21 administrativ
443 1083 42 26 väg
500 1081 120 28 medgifvas
636 1081 62 21 dessa
713 1082 134 27 tjenstemän.

162 1138 34 21 Hr
212 1138 24 21 L.
252 1138 24 21 E.
297 1145 55 14 von
373 1138 165 21 Haartman:
568 1138 32 21 Af
615 1138 110 28 praktiska
740 1138 46 21 skäl
801 1139 68 20 skulle
884 1139 35 27 jag

95 1174 50 13 anse
168 1169 31 19 att
222 1167 164 28 presterskapet,
406 1167 147 28 kyrkoherden
570 1167 112 21 äfvensom
697 1169 78 26 pastor,
790 1167 47 21 icke
853 1167 66 21 borde

95 1195 82 21 befatta
193 1196 32 27 sig
240 1195 48 21 med
304 1190 121 33 skolfrägor
440 1195 40 22 och
496 1195 68 21 skulle
579 1196 35 27 jag
629 1195 72 21 derför
717 1203 50 13 vara
783 1195 49 28 böjd
843 1195 35 21 för
888 1198 31 18 att

94 1225 117 20 utmönstra
234 1224 47 21 hela
305 1223 125 29 paragrafen
454 1231 24 14 ur
499 1223 150 27 betänkandet,
664 1231 48 14 men
729 1224 27 21 dä
771 1224 66 28 enligt
853 1224 65 21 andra

94 1252 131 28 stadganden
248 1253 159 28 presterskapet
429 1253 38 21 har
489 1254 43 19 rätt
553 1255 31 18 att
607 1240 85 40 deltaga
714 1254 6 20 i
737 1253 61 21 dessa
814 1253 103 21 ärendens

95 1281 133 28 behandling,
238 1282 23 20 sä
268 1282 85 20 förenar
361 1282 35 27 jag
405 1282 42 27 mig
455 1289 33 13 om
497 1281 75 29 sjunde
580 1282 165 25 reservationen,
761 1282 38 20 der
814 1283 25 19 69
849 1277 10 37 &
876 1281 43 21 fått

95 1310 94 28 följande
211 1310 142 28 ordalydelse:
379 1310 123 28 »angäende
522 1312 42 18 rätt
578 1310 34 20 för
628 1310 159 21 vederbörande
804 1313 58 25 prest
877 1310 41 21 och

93 1338 71 21 läkare
187 1341 31 18 att
240 1339 35 21 vid
299 1338 129 28 bchandling
450 1338 24 22 af
496 1339 58 21 vissa
576 1338 73 28 frägor
664 1338 85 28 deltaga
765 1339 6 20 i
787 1338 131 22 kommunal-

93 1367 89 21 nämnds
205 1368 51 20 eller
279 1375 69 13 annan
371 1367 34 21 för
428 1367 132 21 kommunalt
582 1367 98 21 ändamål
699 1368 76 20 tillsatt
791 1367 126 29 bestyrelses

96 1396 135 21 verksamhet
245 1396 66 28 gäller
326 1396 57 21 hvad
399 1396 72 21 derom
487 1395 101 21 särskildt
602 1395 107 28 stadgas».

162 1453 33 21 Hr
211 1453 159 28 Furuhjelm
386 1452 146 22 understödde
548 1452 33 21 Hr
598 1452 126 29 Stjernvalls
741 1452 85 29 förslag.

159 1510 58 22 Frih.
239 1518 53 14 von
315 1510 76 21 Born:
422 1510 41 28 Jag
479 1510 41 21 kan
536 1510 21 28 ju
578 1510 24 20 sä
617 1510 86 28 mycket
717 1510 65 21 hellre
798 1510 62 28 ätaga
875 1512 44 26 mig

91 1540 31 19 att
134 1538 95 23 försvara
239 1539 125 21 Utskottets
374 1538 134 22 betänkande
518 1539 6 20 i
533 1538 69 21 denna
611 1538 73 28 punkt,
693 1546 45 14 som
746 1540 35 27 jag
789 1539 128 21 ätminstone

826 1579 21 17 61
