1117 1781
433 139 121 21 Jagtlagen.
842 133 41 21 841

83 210 103 27 misstag?
222 208 39 21 Ett
283 207 160 29 förtydligande
465 215 63 20 synes
553 215 51 14 vara
627 207 24 21 af
672 207 103 21 behofvet
797 207 117 28 påkalladt.

84 238 104 27 Slutligen
211 237 34 21 får
266 237 35 28 jag
322 238 52 26 göra
397 236 40 21 den
460 236 142 28 anmärkning
625 239 57 18 emot
705 237 11 20 5
735 243 68 19 mom.
823 235 38 22 der
876 236 38 21 det

84 266 97 28 stadgas:
199 265 44 21 »På
259 265 91 21 särskild
365 265 95 20 ansökan
477 264 35 21 må
527 264 56 21 dock
600 264 141 22 Guvernören
758 265 78 28 bevilja
849 265 64 28 pålit-

83 296 29 27 lig
134 302 76 21 person
233 293 102 26 tillstånd,
354 293 35 21 för
404 296 30 18 ett
450 293 24 21 år
489 294 6 20 i
511 293 84 26 sender,
610 296 32 18 att
658 293 67 21 under
740 293 173 28 fridlysningstid

84 324 28 28 på
127 323 127 21 snöbetäckt
269 322 66 26 mark,
349 322 66 21 likväl
430 323 18 27 ej
466 322 73 28 längre
554 323 28 20 än
597 322 33 21 till
645 321 42 22 den
704 323 11 20 1
731 322 68 27 April,
815 322 98 28 begagna

84 351 114 22 drifvande
214 351 58 21 hund
288 351 31 20 till
335 351 98 28 räfjagt».
462 350 43 27 Jag
521 350 69 21 skulle
606 350 81 21 föreslå
697 358 26 13 en
734 350 67 21 sådan
812 351 101 28 ändring:

87 381 43 21 »På
145 380 91 21 särskild
252 379 95 22 ansökan
363 379 34 21 må
412 379 56 21 dock
485 379 143 22 Guvernören
644 379 78 28 bevilja
737 379 83 28 pålitlig
835 387 79 20 person

84 409 96 21 tillstånd
196 411 32 18 att
242 407 69 22 under
326 407 202 29 fridlysningstiden
543 407 98 28 begagna
657 407 58 21 hund
730 407 33 21 till
778 408 99 28 räfjagt»,
889 407 25 22 så

84 441 32 18 att
131 437 160 22 bestämningen
308 436 69 21 skulle
392 437 56 27 gälla
464 437 48 20 icke
528 436 78 21 endast
621 436 35 21 för
668 435 113 22 drifvande
793 436 57 21 hund
861 439 52 18 utan

86 467 6 20 i
118 466 114 21 allmänhet
269 465 68 21 hundar
359 465 83 28 egnade
458 468 32 18 att
504 465 98 28 uppsöka
618 465 75 28 räflya.
722 465 51 28 Jagt
788 465 13 21 å
815 465 34 21 räf
864 464 49 22 med

85 495 80 21 sådana
182 494 89 26 hundar,
293 495 23 20 är
337 494 86 28 mycket
439 494 157 21 verksammare
613 493 41 22 och
670 493 79 22 sådana
764 493 83 22 hundar
861 495 54 26 göra

85 523 85 29 mycket
185 523 82 21 mindre
283 522 66 21 skada
365 524 26 19 än
407 522 115 22 drifvande
538 522 65 21 hund.

154 552 34 21 Då
208 551 77 22 räfven
305 553 23 18 är
343 551 42 21 den
401 551 97 21 svåraste
513 551 70 21 fiende
598 551 35 21 för
648 551 122 27 vildnaden,
786 551 38 21 bör
839 551 76 28 ingen-

86 581 46 27 ting
155 587 79 22 sparas,
255 587 45 14 som
323 579 42 21 kan
381 579 90 29 bidraga
486 580 32 20 till
534 582 32 19 att
580 582 72 19 utrota
668 579 128 22 densamma.
826 579 35 21 Då
875 579 40 21 här

86 609 124 21 förutsättes
226 611 31 18 att
272 607 67 22 sådan
354 608 78 29 räfjagt
448 608 69 21 skulle
532 608 81 21 tillåtas
629 608 35 21 för
677 608 76 21 endast
763 607 70 22 kända
843 609 72 27 jägare

86 637 48 21 med
157 637 72 21 kända
251 636 123 27 räfhundar,
396 637 24 21 så
441 637 69 21 skulle
534 637 63 21 dessa
620 637 48 21 icke
691 637 84 20 komma
793 640 31 18 att
839 636 76 21 ofreda

87 666 122 26 vildnaden;
225 665 41 22 och
282 673 33 13 om
331 665 66 22 också
412 665 66 28 något
494 665 76 22 sådant
585 666 90 27 misstag
690 665 67 22 skulle
773 665 44 27 ske,
829 665 24 22 så
862 672 53 15 vore

86 694 80 22 skadan
182 694 82 21 mindre
280 696 26 19 än
322 693 41 22 den
379 702 26 13 en
420 694 34 21 räf
469 694 108 21 anställer.

153 723 42 28 Jag
210 723 34 21 får
258 723 73 21 derför
346 723 79 21 föreslå
440 725 32 19 att
495 724 5 20 3
516 731 63 13 mom.
596 723 69 21 skulle
681 722 23 21 få
715 725 30 19 ett
756 721 159 30 förtydligande

86 751 24 22 så
132 754 31 19 att
185 751 36 22 det
236 751 49 22 icke
299 751 69 22 skulle
384 751 66 22 strida
466 754 45 19 mot
527 752 164 27 bestämningen
706 752 7 20 i
729 752 26 20 14
771 752 12 27 &
799 751 41 22 och
855 753 32 19 att
902 751 13 20 5

86 787 61 14 mom.
163 780 68 21 skulle
247 779 76 22 ändras
339 781 6 20 i
361 779 37 22 det
413 780 22 21 af
450 781 45 27 mig
510 780 95 28 antydda
621 780 73 29 syftet.

154 837 58 21 Frih.
227 837 56 21 Edv.
298 837 149 28 Hisinger:
463 837 76 22 Såsom
555 837 59 21 Frih.
630 837 96 21 Aminoff
741 845 50 20 nyss
803 836 112 29 påpekade

87 865 116 28 föreligger
224 865 39 22 här
285 867 34 20 i1
336 873 62 14 mom.
413 867 52 20 sista
480 865 67 22 raden
563 873 27 14 en
606 866 109 27 betänklig
731 865 124 29 otydlighet,
869 873 47 14 som

87 894 41 21 kan
149 894 111 21 föranleda
281 894 77 28 mänga
380 894 148 22 ledsamheter.
562 894 43 28 Jag
627 894 69 21 skulle
718 894 79 21 föreslä
819 897 32 18 att
873 893 42 22 den

87 923 68 21 skulle
178 923 142 28 omredigeras
343 923 44 21 helt
409 923 73 21 enkelt
503 923 97 26 sålunda,
622 925 32 19 att
670 923 36 21 det
721 923 68 21 skulle
804 923 49 21 heta
871 922 45 21 »till

86 951 106 28 lofgifven
212 951 105 28 fägeljagt
339 951 69 22 under
429 952 96 27 Augusti
547 951 99 22 mänad».
677 951 43 22 Det
734 953 114 20 uttömmer
867 951 49 21 hela

88 979 76 28 frägan
179 980 42 21 och
235 982 23 19 är
273 980 131 28 fullkomligt
418 980 91 21 koncist.

157 1037 34 21 Hr
205 1037 35 21 W.
256 1036 168 22 Schauman:
440 1037 43 28 Jag
498 1037 87 21 befarar
600 1040 32 18 att
646 1039 157 26 guvernörerne
819 1037 61 21 skola
892 1037 24 21 fä

89 1065 59 22 svärt
169 1069 32 18 att
223 1065 90 22 bedöma
335 1065 149 28 pälitligheten
506 1065 24 22 af
552 1065 42 21 alla
616 1065 28 22 de
663 1073 102 21 personer
779 1067 58 20 inom
852 1065 65 26 länet,

90 1101 44 14 som
157 1094 84 21 komme
263 1097 31 18 att
315 1093 85 22 anhälla
416 1102 33 13 om
464 1094 98 21 tillständ
578 1097 32 18 att
624 1095 49 27 jaga
687 1094 39 26 räf,
741 1094 41 21 och
797 1094 69 21 skulle
881 1095 36 27 jag

89 1122 72 21 derför
183 1122 84 21 anhälla
289 1125 31 18 att
339 1123 26 20 R.
389 1130 18 14 o.
426 1123 28 21 A.
469 1123 51 21 ville
536 1123 70 20 befria
620 1125 157 26 guvernörerne
793 1123 48 21 frän
857 1122 60 21 detta

89 1151 143 21 ansvarsfulla
254 1151 112 28 äliggande
389 1151 41 22 och
452 1154 38 23 att,
512 1159 35 13 om
569 1151 27 21 R.
612 1159 18 13 o.
646 1152 26 20 A.
688 1151 47 22 icke
751 1151 102 21 utesluter
868 1151 48 21 hela

90 1179 59 22 detta
171 1180 51 21 sista
244 1182 99 24 moment,
366 1179 37 22 det
425 1180 34 21 mä
482 1179 146 22 öfverlemnas
650 1180 22 21 ät
692 1180 168 28 jagtföreningar
875 1179 41 22 och

90 1207 72 29 dylika
184 1208 205 28 specialföreningar
403 1208 34 21 för
452 1208 128 29 jagtvärden
596 1211 32 18 att
643 1208 90 21 bedöma
749 1208 79 21 sådana
843 1215 74 21 perso-

89 1244 49 14 ners
153 1236 125 29 pälitlighet.

157 1294 58 21 Frih.
237 1294 145 22 Aminoff:
406 1294 43 22 Det
472 1294 62 22 torde
555 1294 66 22 hafva
641 1294 104 28 förelegat
760 1297 31 19 ett
806 1294 89 28 misstag
909 1295 8 20 i

89 1322 57 22 Frih.
162 1322 113 28 Hisingers
290 1322 119 22 redaktion.
439 1324 99 27 Antages
554 1323 131 25 densamma,
701 1323 23 21 sä
739 1323 78 21 förstås
829 1322 88 22 dermed

90 1354 32 18 att
143 1351 59 21 hund
217 1351 48 21 icke
281 1351 68 21 skulle
364 1351 23 21 fä
402 1351 109 28 begagnas
527 1352 35 20 för
576 1352 106 28 fägeljagt
697 1352 54 21 efter
765 1352 92 27 Augusti
873 1351 44 21 mä-

90 1380 48 26 nad,
153 1380 83 21 hvilket
251 1380 56 22 dock
321 1380 49 21 icke
385 1380 61 21 torde
462 1388 52 14 vara
529 1381 122 27 meningen.

158 1408 49 21 Den
222 1408 61 28 fräga
298 1408 35 22 Hr
347 1408 121 22 Schauman
480 1409 66 21 väckt
555 1409 39 21 har
605 1409 73 21 blifvit
688 1408 85 29 mycket
783 1408 135 26 diskuterad;

90 1436 55 22 klart
165 1439 23 19 är
203 1440 30 18 att
249 1437 36 21 det
300 1437 46 21 icke
361 1440 52 18 utan
429 1437 103 21 särskildt
547 1437 97 21 tillständ
660 1437 42 21 kan
718 1437 153 28 ifrägakomma
886 1440 33 18 att

89 1464 23 22 fä
133 1466 96 27 begagna
249 1465 59 21 hund
323 1465 68 22 under
406 1466 202 35 fridlysningstiden
624 1466 33 20 till
672 1466 82 28 räfjagt.
783 1466 73 21 Hvem
871 1472 47 14 som

89 1494 67 20 sedan
179 1494 54 21 skall
251 1494 60 28 gifva
327 1494 59 21 detta
401 1494 98 22 tillstånd
514 1496 24 19 är
552 1494 108 28 likgiltigt.
691 1494 11 21 I
717 1494 114 21 allmänhet
846 1494 72 35 gifvas

90 1520 28 22 de
133 1522 61 22 flesta
208 1522 97 22 tillständ
320 1522 35 22 för
369 1522 83 28 sädant,
465 1530 47 14 som
523 1523 67 28 enligt
602 1523 35 28 lag
648 1523 86 21 kräfver
745 1522 55 22 skild
811 1522 108 27 tillätelse,
