1117 1781
233 138 42 21 774
495 144 25 17 R.
533 148 17 13 o.
563 144 23 17 A.
599 144 56 18 1897.
675 144 12 17 6
699 144 49 21 Maj.

334 263 163 34 Torsdagen
515 263 56 27 den
589 263 18 27 6
625 263 56 35 Maj
699 263 40 26 kl.
757 263 53 28 7
829 271 22 18 e.
869 271 36 18 m.

275 337 163 29 Tillkännagafs
454 340 31 19 att
500 338 101 28 polletter
615 337 108 22 äterstälts
739 337 34 22 för

275 394 96 29 Grefliga
389 396 58 20 ätten
462 395 42 21 N:o
520 396 19 26 4,
555 395 137 26 Armfelt,
707 394 23 21 af
745 394 83 22 Grefve
844 394 51 21 Carl
910 393 123 23 Alexander

204 423 139 26 Armfelt,
358 423 170 26 Kammarherre,
543 423 207 28 Expeditionschef;
766 423 41 21 och

275 451 80 28 Adliga
377 454 58 19 ätten
458 453 40 20 N:o
520 453 18 25 5,
558 451 164 28 Jägerhorn
743 451 23 21 af
788 451 125 28 Spurila,
928 451 23 22 af
965 451 67 21 fullm.

204 479 60 22 Herr
279 480 68 21 Frans
363 481 56 21 Axel
434 481 95 21 Herman
545 487 55 15 von
615 480 155 28 Knorring,
787 480 108 28 Ingeniör.

274 640 200 29 Protokollsutdrag
498 640 62 22 öfver
585 641 26 20 R.
636 648 19 13 0.
680 640 38 21 A:s
741 640 37 21 vid
799 640 132 28 föregående
946 640 86 29 plenum

204 668 86 22 fattade
306 669 71 21 beslut
391 669 109 28 upplästes
516 669 32 21 till
563 669 105 28 justering
684 669 40 21 och
739 669 132 28 godkändes.

489 818 260 28 Förmynderskapslagen.

274 879 44 22 Till
333 879 60 22 detta
408 880 85 29 plenum
508 880 56 21 hade
579 880 111 29 bordlagts
706 881 40 21 och
762 880 113 28 föredrogs

274 942 164 29 Lagutskottets
462 943 135 22 betänkande
619 943 42 22 N:o
684 945 14 20 4
719 945 6 19 i
742 943 116 28 anledning
873 943 24 21 af
912 943 47 22 näd.
974 951 59 21 prop.

203 971 44 21 N:o
264 972 26 20 19
307 979 34 13 om
356 971 130 28 antagandet
501 972 23 21 af
538 979 29 21 ny
583 972 35 28 lag
633 972 111 28 angäende
760 971 184 29 förmynderskap.

274 1033 33 22 Pä
322 1034 94 28 begäran
431 1034 108 22 lemnades
555 1035 76 21 härvid
647 1034 62 22 ordet
723 1035 55 21 först
793 1035 22 21 ät

274 1096 60 22 Frih.
354 1097 26 21 R.
403 1097 25 21 A.
449 1097 111 26 Wrede,
576 1105 46 14 som
636 1097 96 28 yttrade:
749 1097 76 22 Såsom
840 1097 23 22 af
877 1098 156 27 motiveringen

203 1125 33 21 till
253 1125 60 21 detta
328 1125 136 22 betänkande
480 1126 40 21 och
535 1125 43 22 den
593 1126 49 21 näd.
658 1134 59 21 prop.
732 1127 100 27 framgär,
848 1128 23 19 är
886 1126 59 21 detta
955 1126 79 28 lagför-

203 1154 48 27 slag
267 1155 95 20 närmast
376 1154 108 21 föranledt
498 1154 67 27 deraf,
580 1157 32 18 att
627 1155 41 21 den
681 1157 56 25 tysta
748 1155 145 26 förmänsrätt,
903 1162 46 14 som
960 1162 73 21 omyn-

204 1182 38 28 dig
263 1182 60 21 förut
345 1183 66 28 enligt
434 1183 35 28 lag
489 1183 55 21 hade
560 1184 7 20 i
582 1183 163 28 förmyndarens
761 1183 57 21 fasta
833 1183 105 28 egendom
953 1183 32 21 till
1000 1185 34 19 sä-

203 1211 78 21 kerhet
306 1211 35 21 för
362 1211 122 28 fordringar
507 1211 39 22 hos
571 1211 152 29 förmyndaren
745 1213 7 20 i
776 1211 116 29 anledning
913 1212 23 21 af
953 1212 80 21 dennes

204 1239 141 29 förvaltning,
359 1247 77 21 genom
452 1240 41 21 den
509 1247 41 21 nya
565 1240 192 28 utsökningslagen
773 1240 41 22 och
826 1240 27 22 de
864 1241 7 20 i
881 1241 153 27 sammanhang

203 1267 51 21 med
279 1268 70 21 denna
364 1268 103 22 utkomna
481 1268 179 29 förordningarna
676 1269 72 22 blifvit
763 1269 104 29 upphäfd.
897 1270 78 20 Denna
990 1276 44 14 om-

203 1296 127 28 ständighet
343 1297 75 28 gjorde
434 1297 36 21 det
485 1298 107 27 nämligen
607 1298 134 28 nödvändigt
757 1301 32 17 att
804 1298 67 28 skapa
881 1298 66 21 andra
957 1305 76 21 garan-

203 1325 42 20 tier
267 1324 35 22 för
323 1325 187 29 tillvaratagandet
532 1326 24 21 af
578 1326 112 28 omyndigs
709 1328 43 19 rätt
766 1329 111 26 gentemot
892 1326 142 28 förmyndare.

203 1352 118 22 Huruvida
344 1354 37 20 det
403 1362 29 13 nu
452 1354 48 22 med
516 1354 116 28 anledning
646 1354 62 22 häraf
724 1356 55 20 varit
794 1354 135 28 nödvändigt
944 1357 31 19 att
990 1354 44 22 helt

203 1381 42 22 och
267 1381 67 22 hället
357 1383 109 21 omarbeta
486 1382 40 22 vär
548 1383 98 28 gällande
669 1383 232 29 förmynderskapslag,
917 1383 59 21 detta
991 1383 43 21 kan

203 1410 103 28 möjligen
329 1412 67 20 sättas
411 1412 7 20 i
433 1411 67 28 fråga.
528 1411 45 21 För
587 1412 43 21 min
646 1411 35 22 del
697 1415 44 18 tror
755 1413 36 34 jag
807 1415 32 18 att
853 1412 67 28 nödig
935 1412 99 21 säkerhet

203 1438 58 21 hade
277 1438 82 22 kunnat
374 1440 78 28 skapas
467 1443 51 18 utan
534 1448 26 14 en
576 1440 24 21 sä
615 1440 47 21 vidt
676 1440 84 28 gående
775 1440 82 28 åtgärd.
873 1440 36 21 Då
917 1440 117 22 emellertid

202 1468 140 28 Regeringen
361 1469 55 27 tapit
430 1469 66 21 sakon
511 1468 25 22 så
549 1468 111 29 grundligt
675 1469 40 21 och
731 1469 48 21 låtit
793 1469 100 20 ntarheta
907 1468 81 28 förslag
1002 1469 32 21 till

203 1502 28 14 en
241 1495 140 29 fullständigt
390 1504 29 21 ny
431 1497 135 28 lagstiftning
581 1498 7 20 i
603 1498 77 25 ämnet,
696 1497 23 21 så
727 1497 67 22 hafva
804 1498 22 21 vi
836 1498 22 28 ju
870 1497 42 22 den
922 1497 112 22 förmånen

203 1526 32 18 att
250 1524 126 28 härigenom
391 1525 79 22 erhålla
486 1533 26 14 en
527 1526 36 28 lag
578 1526 111 28 angående
704 1526 187 28 förmynderskap,
905 1526 88 22 hvilken
1006 1526 28 29 på
