1117 1781
434 139 119 21 Jagtlagen.
841 134 39 20 831

151 207 34 21 Hr
194 207 25 22 L.
228 207 238 28 Yrjö-Koskinen:
489 207 101 22 Samoilla
599 207 122 28 perusteilla
728 207 52 21 kuin
787 207 47 21 Hra
842 207 68 22 Snell-

83 244 48 13 man
153 237 58 20 tässä
227 235 70 22 edellä
313 236 86 29 pyydän
415 235 94 22 minäkin
524 237 58 20 tässä
598 236 114 28 pykälässä
727 236 116 21 kannattaa
857 237 54 20 4:ttä

83 265 157 21 vastalausetta.

151 333 34 21 Hr
200 333 27 22 G.
243 333 171 21 Schauman:
430 333 42 28 Jag
487 333 38 21 ber
540 336 32 18 att
587 333 32 21 till
635 333 41 21 alla
692 333 58 21 delar
765 333 23 21 fä
798 334 112 21 instämma

83 363 7 20 i
106 361 56 22 hvad
178 362 34 21 Hr
226 362 94 27 Ramsay
336 361 39 22 här
382 364 72 24 yttrat.
477 361 66 22 Hvad
558 361 102 22 särskildt
668 361 200 29 fridlysningstiden
875 362 35 21 för

83 391 49 20 hare
156 390 105 26 beträffar,
283 390 24 21 sä
330 390 38 21 ber
389 391 35 27 jag
438 390 24 21 fä
476 391 94 27 tillägga,
587 393 37 23 att,
640 390 28 21 dä
682 391 107 27 jagtlagen
806 391 57 21 afser
878 394 32 18 att

83 419 82 28 skydda
188 419 37 21 det
246 419 127 28 matnyttiga
395 419 134 26 villebrädet,
549 419 23 21 sä
588 421 23 18 är
626 419 182 28 skolungdomens
824 419 85 21 trefnad

83 447 38 21 här
142 455 26 14 en
191 447 158 28 omständighet
371 447 23 21 af
414 447 88 22 alldeles
518 447 152 22 underordnad
686 448 50 27 vigt.
766 448 95 21 Tillfälle
876 448 32 21 till

83 476 74 28 öfning
178 477 6 20 i
200 483 95 14 vapnens
313 476 53 21 bruk
383 476 89 21 erhåller
487 476 171 28 skolungdomen
674 476 55 21 ändå
744 483 77 21 genom
837 477 73 20 enkelt

83 505 76 28 skytte.
183 505 103 28 Slutligen
303 505 38 20 vill
355 505 36 28 jag
406 505 112 21 framhälla
534 508 31 17 att
580 505 112 27 ingenting
707 505 87 21 hindrar
809 508 31 18 att
852 505 57 21 skol-

83 533 163 22 höstterminens
269 533 73 28 början
365 535 38 19 när
426 541 46 14 som
493 533 56 21 helst
572 533 78 21 ändras
673 537 14 17 t.
710 541 32 13 ex.
764 534 33 21 till
819 533 41 22 den
883 535 26 20 15

83 562 98 27 Augusti,
203 562 41 21 och
267 561 28 22 dä
315 563 24 20 är
358 561 171 28 skolungdomen
546 561 85 22 ändock
646 561 133 27 förhindrad,
794 562 65 22 äfven
875 569 33 14 om

83 589 122 23 Utskottets
222 590 135 21 betänkande
373 590 69 21 skulle
458 593 95 26 antagas,
568 593 32 18 att
614 591 50 28 jaga
680 590 55 21 hare.

151 666 57 21 Frih.
223 666 28 21 O.
266 666 26 21 A.
307 665 108 22 Wrede:
431 666 35 21 Då
478 667 43 20 min
535 667 139 25 reservation,
686 673 45 14 som
745 666 62 21 berör
817 667 13 20 4
841 666 68 28 punk-

83 697 42 23 ten,
138 695 76 20 vunnit
227 694 122 26 understöd,
360 695 105 21 behöfver
477 695 35 28 jag
522 703 28 12 nu
562 695 48 21 icke
622 702 52 14 vara
686 695 103 28 vidlyftig
799 695 110 28 angäende

83 723 69 21 denna
168 723 65 28 fräga.
255 723 42 28 Jag
312 723 38 21 har
365 723 66 21 ocksä
447 723 77 21 endast
540 723 74 28 begärt
630 723 62 21 ordet
705 723 35 21 för
755 726 31 18 att
798 723 112 21 framhälla

83 754 37 24 att,
132 753 6 20 i
151 752 101 21 händelse
267 752 106 28 yrkandet
389 752 27 28 pä
431 755 31 18 att
478 751 202 29 fridlysningstiden
693 752 67 21 skulle
771 752 138 28 framskjutas

82 780 32 21 till
138 782 11 19 1
173 781 126 28 September
322 781 95 20 kommer
436 783 32 18 att
488 781 26 27 gä
535 781 92 27 igenom,
642 781 24 20 sä
681 780 38 21 har
733 781 26 20 R.
774 788 19 14 o.
808 781 26 20 A.
850 780 59 21 med-

83 809 75 20 verkat
189 809 32 21 till
251 812 32 18 att
305 810 141 26 omintetgöra
462 809 27 21 all
511 809 83 28 verklig
613 809 104 28 fägeljagt
739 809 41 21 och
804 809 105 21 huruvida

82 837 124 28 jagtvärden
226 845 76 21 genom
319 840 30 19 ett
365 837 76 21 sädant
456 838 71 21 beslut
542 838 96 21 kommer
654 841 31 18 att
701 837 110 22 befordras
826 838 82 21 lemnar

82 866 36 27 jag
133 865 86 22 derhän.
241 867 47 20 Min
305 866 144 28 öfvertygelse
465 868 23 19 är
503 867 7 20 i
526 866 116 21 allmänhet
656 869 32 18 att
703 866 86 28 mycket
804 867 47 20 litet
861 867 47 20 vin-

83 901 38 14 nes
136 902 77 20 genom
230 895 158 28 bestämningar
403 902 34 14 om
453 895 203 28 fridlysningstiden
672 895 39 21 och
727 898 31 17 att
773 895 38 21 det
826 897 23 18 är
864 895 45 21 helt

84 923 66 21 andra
165 923 104 28 ätgärder,
281 931 46 13 som
337 923 209 28 jagtlagstiftningen
557 923 55 21 skall
624 923 74 22 arbeta
710 923 27 28 pä
747 926 32 19 att
789 923 23 21 fä
821 931 87 20 genom-

82 951 62 22 förda
166 951 35 22 för
223 955 31 18 att
276 952 50 21 ernä
347 953 38 20 sitt
405 952 47 21 mål.
482 951 235 29 Fridlysningstiderna
733 954 36 19 äro
785 952 23 21 af
822 952 87 21 relativt

82 980 61 28 ringa
157 980 116 29 betydelse.
424 999 2 2 i

150 1054 58 21 Frih.
229 1055 138 21 Aminoff:
391 1055 34 20 Då
445 1055 34 20 Hr
496 1055 106 28 Ramsays
618 1055 81 27 förslag
714 1055 51 20 eller
780 1054 128 21 åtminstone

82 1082 61 29 åsigt,
161 1083 36 28 jag
217 1086 36 18 vet
271 1083 48 21 icke
335 1083 54 21 huru
403 1084 36 27 jag
454 1083 54 21 skall
524 1083 55 21 fatta
594 1083 53 21 hans
663 1083 44 26 ord,
722 1091 33 13 om
771 1086 32 18 att
817 1083 92 20 orrhöna

83 1111 41 21 och
139 1111 125 22 tjäderhöna
279 1112 68 21 under
362 1112 47 21 hela
425 1112 46 21 året
486 1112 39 21 bör
540 1119 51 14 vara
606 1111 87 29 fridlyst
705 1113 76 20 vunnit
791 1111 116 21 understöd

82 1140 42 21 och
155 1140 12 21 då
182 1140 69 21 denna
267 1141 56 27 åsigt
337 1141 38 20 har
391 1141 86 28 mycket
492 1141 34 20 för
541 1141 39 27 sig,
596 1141 37 20 vill
648 1141 35 27 jag
698 1140 66 21 uttala
779 1140 70 21 såsom
865 1141 43 20 min

83 1168 63 21 tanke
161 1171 32 18 att
208 1172 31 18 ett
253 1169 78 21 sådant
345 1169 93 21 radikalt
448 1169 70 21 medel
529 1169 47 21 icke
588 1171 57 18 ännu
656 1171 24 18 är
690 1169 23 21 af
724 1169 102 21 behofvet
836 1168 73 28 påkal-

83 1197 50 20 ladt.
156 1197 115 21 Dessutom
289 1197 37 22 ber
340 1198 36 27 jag
391 1197 23 21 få
430 1197 100 28 påminna
546 1205 34 13 om
596 1200 32 18 att
644 1198 26 20 15
687 1198 18 27 $,
720 1205 45 14 som
780 1199 59 19 snart
853 1197 56 20 skall

83 1225 118 27 afhandlas,
223 1226 72 28 gifver
317 1226 22 21 åt
361 1226 136 28 Regeringen
520 1226 84 21 tillfälle
626 1228 32 19 att
678 1226 66 21 ändra
759 1225 150 28 fridlysnings-

82 1254 91 26 tiderna,
187 1254 41 22 och
247 1258 31 18 att
292 1255 143 28 Regeringen,
450 1255 46 21 ifall
512 1258 32 18 ett
558 1254 77 22 sådant
649 1254 92 22 radikalt
755 1254 70 22 medel
840 1254 69 21 skulle

83 1282 110 27 behöfvas,
214 1283 35 21 väl
271 1285 117 27 temporärt
410 1284 55 20 skall
480 1284 70 21 införa
566 1283 64 21 detta.
661 1284 40 20 Att
715 1283 70 21 införa
800 1290 25 14 en
842 1282 66 22 sådan

82 1311 134 29 bestämning
238 1319 77 21 genom
339 1312 129 28 ständerlag,
491 1320 52 14 vore
566 1315 32 18 att
612 1312 35 20 för
662 1313 62 27 eviga
739 1312 56 21 tider
809 1311 100 29 förbjuda

82 1340 28 20 all
124 1340 45 28 jagt
184 1340 27 29 på
227 1348 52 14 orre.

149 1408 34 22 Hr
205 1408 211 22 Wallensköld:
445 1409 173 28 Konseqvensen
640 1408 23 22 af
686 1408 101 22 Ståndets
809 1408 70 22 beslut
902 1409 6 20 i

81 1436 76 29 frågan
179 1444 35 14 om
237 1437 113 21 införande
366 1437 23 21 af
404 1437 93 21 latinska
513 1445 63 14 namn
592 1438 7 20 i
616 1438 26 20 10
658 1438 13 27 $
687 1437 83 21 fordrar
784 1437 35 21 väl
835 1440 32 18 att
881 1436 27 22 de

81 1464 92 22 latinska
189 1473 90 14 namnen
295 1466 66 21 äfven
375 1466 81 21 införas
472 1467 7 20 i
492 1466 71 21 denna
574 1467 18 26 8.
615 1466 35 21 Då
660 1466 117 21 emellertid
788 1466 34 21 Hr
833 1465 76 28 Tiger-

82 1493 57 21 stedt
153 1494 48 21 icke
217 1494 72 21 blifvit
304 1494 140 27 understödd,
459 1497 61 25 tager
532 1495 36 28 jag
578 1495 44 27 mig
632 1494 93 22 friheten
736 1497 31 19 att
779 1494 130 22 understöda

81 1521 53 22 hans
148 1522 96 28 yrkande
259 1523 28 28 på
301 1522 121 22 återremiss
438 1524 7 20 i
461 1523 60 21 detta
536 1522 109 22 afseende.
