1117 1781
235 128 46 38 674
492 138 24 17 R.
529 142 17 13 0.
559 138 21 16 A.
595 138 55 18 1897.
671 138 26 17 23
710 138 62 20 April.

208 206 193 29 värdehandlingar
416 206 96 22 förvaras
527 206 40 21 och
583 214 45 13 som
644 208 23 19 är
681 206 88 28 onödigt
784 209 53 18 stort
852 206 35 21 för
902 206 60 21 detta
977 205 64 22 ända-

209 241 49 26 mäl,
279 247 50 14 men
351 240 46 21 åter
417 241 34 20 för
471 241 49 21 litet
536 242 35 19 för
585 240 129 22 förvarande
729 240 23 21 af
765 247 30 14 nu
801 239 170 30 ifrågavarande
986 249 55 13 saw-

209 275 74 28 lingar,
304 275 67 21 skulle
395 275 85 28 utbytas
500 278 44 18 mot
565 278 32 17 ett
618 276 73 25 större,
713 282 45 13 som
772 274 70 21 kunde
859 274 34 21 för
907 274 57 21 bäda
979 275 62 21 dessa

209 309 99 21 ändamål
330 312 131 25 gemensamt
483 309 111 28 begagnas,
617 309 52 21 eller
688 309 40 21 ock
747 308 88 22 sålunda
856 312 32 18 att
903 311 32 19 ett
949 309 34 20 för
997 309 45 21 för-

209 343 94 22 varande
319 343 22 21 af
356 343 148 22 stamtaflorna
519 343 100 21 särskildt
634 343 100 28 apteradt
749 343 116 22 brandfritt
875 343 54 28 skäp
937 343 104 28 inköptes.

279 377 13 21 I
313 377 151 29 sammanhang
483 377 87 22 härmed
585 377 40 22 och
641 377 35 21 för
691 381 32 17 att
737 378 7 20 i
759 378 43 21 viss
817 377 50 22 män
882 377 83 22 minska
980 377 60 21 faran

210 413 35 20 för
259 412 104 22 förlusten
378 420 75 21 genom
469 412 34 21 eld
518 412 22 21 af
555 412 63 21 dessa
628 412 125 27 stamtaflor,
763 411 34 22 fär
806 411 114 22 Utskottet
929 411 112 22 hemställa

211 447 37 21 det
268 447 28 21 R.
320 454 18 14 o.
363 447 26 20 A.
411 447 51 20 ville
481 446 73 21 tillåta
568 448 34 19 att
616 447 139 27 dupletterna
771 447 35 20 till
821 447 24 20 de
861 447 125 26 omskrifna
1001 447 39 20 och

211 481 167 28 kompletterade
399 481 158 27 stamtaflorna,
577 481 75 20 hvilka
672 481 67 27 äfven
759 481 25 20 de
803 481 102 27 förvaras
920 481 9 20 i
944 480 95 21 Riddar-

211 517 74 20 husets
306 515 68 28 hvalf,
393 515 68 21 skulle
476 515 26 28 få
516 515 9 20 i
540 515 101 27 afseende
655 515 14 20 å
684 515 77 27 förvar
775 515 39 21 och
829 515 72 21 såsom
917 515 121 27 deposition

210 550 147 27 öfverlemnas
379 550 34 21 till
434 549 110 21 Finlands
568 549 130 27 Statsarkiv,
714 552 45 18 mot
774 549 86 21 hvilken
877 549 162 28 öfverflyttning

211 584 180 21 Statsarkivarien
406 583 103 21 förklarat
524 584 31 27 sig
570 583 48 21 icke
633 583 66 21 hafva
713 583 64 28 något
792 586 32 18 att
839 583 105 21 anmärka.

280 618 50 21 Den
351 617 181 29 omständigheten
554 621 33 17 att
607 617 85 29 nyligen
707 617 22 21 af
743 617 85 28 trycket
842 617 114 22 utkommit
971 625 25 14 en
1011 626 28 20 ny

211 653 93 28 upplaga
325 652 22 21 af
358 649 110 24 Finlands
484 651 168 22 Adelskalender
667 652 38 21 har
719 652 64 28 gifvit
799 651 112 22 Utskottet
928 652 112 28 anledning

211 690 32 18 att
258 688 8 19 i
281 687 60 20 detta
359 686 150 28 sammanhang
522 689 50 25 taga
586 686 67 21 under
668 686 139 28 ompröfning,
822 686 104 21 huruvida
941 686 37 21 det
992 687 47 20 icke

211 729 50 14 vore
277 721 131 28 sakenligare
423 724 32 17 att
470 728 25 13 en
510 720 59 29 dylik
584 720 139 29 publikation,
738 721 8 20 i
761 720 87 21 hvilken
858 720 136 29 uppgifterna
1005 728 35 13 om

211 756 27 21 de
257 755 34 22 till
313 754 83 22 landets
417 754 133 29 Ridderskap
573 755 40 20 och
636 755 57 20 Adel
708 754 94 21 hörande
817 756 56 19 ätter
888 755 47 20 icke
950 755 7 20 i
972 755 68 28 någon

211 789 69 30 punkt
302 789 52 22 böra
377 789 22 21 få
420 789 74 21 afvika
515 789 45 20 från
583 789 27 21 de
629 789 13 20 å
656 789 145 20 Riddarhuset
816 788 62 21 förda
894 789 146 20 stamtaflorna

211 824 62 21 öfver
288 831 81 14 samma
383 825 60 23 ätter,
458 823 67 21 skulle
540 823 128 28 ombesörjas
684 823 23 20 af
721 823 257 28 Riddarhusgenealogen.
999 823 41 20 Att

212 858 69 21 denne
295 859 127 27 tjensteman
437 865 49 14 vore
502 857 40 21 den
557 857 133 28 lämpligaste
705 865 76 20 person
796 857 34 20 för
844 857 164 22 handhafvande
1018 857 23 20 af

212 900 25 13 en
253 892 66 21 sådan
334 892 138 28 publikation,
482 891 59 22 torde
556 891 48 22 icke
620 891 95 22 erfordra
730 891 68 28 någon
811 892 135 27 motivering;
962 891 39 21 och
1017 893 23 19 är

211 927 64 21 äfven
297 927 8 20 i
326 927 41 20 den
387 926 33 21 för
441 926 254 21 Riddarhusdirektionen
714 926 23 21 af
755 926 26 21 R.
796 933 18 14 o.
829 926 27 21 A.
878 926 36 21 vid
939 927 51 20 1891
1008 925 32 21 års

211 961 103 28 landtdag
329 964 91 25 antagna
434 960 152 21 instruktionen
601 960 102 21 förutsatt
717 963 33 18 att
761 960 129 28 genealogen
903 960 36 21 vid
950 960 91 21 Riddar-

211 995 62 20 huset
295 1002 50 14 vore
368 994 84 29 skyldig
473 997 31 18 att
525 994 62 28 åtaga
608 995 32 27 sig
658 997 31 18 ett
704 994 76 21 sådant
794 993 103 29 uppdrag,
913 994 55 21 dock
984 997 57 18 emot

211 1029 102 21 särskildt
328 1029 83 21 arvode.
440 1028 54 21 Med
508 1028 100 22 afseende
624 1028 12 21 å
650 1029 73 27 vigten
739 1028 61 21 deraf
815 1031 32 18 att
859 1028 182 26 adelskalendern,

211 1065 61 19 nästa
291 1063 56 28 gång
363 1070 25 13 en
404 1063 65 21 sådan
483 1062 125 29 publiceras,
622 1062 128 22 framträder
765 1063 7 20 i
787 1062 135 29 fullständigt
936 1063 40 20 och
991 1063 50 20 med

211 1097 148 21 stamtaflorna
381 1097 228 21 öfverensstämmande
631 1097 67 26 skick,
719 1097 38 20 har
778 1096 113 22 Utskottet
909 1097 58 21 velat
981 1097 59 20 hem-

211 1131 68 26 ställa,
301 1139 32 13 om
360 1131 48 21 icke
424 1131 25 21 R.
470 1139 18 13 o.
502 1131 26 21 A.
543 1131 70 21 kunde
632 1131 59 21 finna
706 1131 46 21 skäl
767 1131 132 20 förekomma
914 1133 33 19 att
961 1131 24 21 åt
998 1131 42 21 den

210 1165 244 28 Riddarhusdirektion,
474 1172 46 14 som
541 1165 37 21 vid
597 1166 73 20 denna
694 1165 104 28 landtdag
819 1165 97 20 kommer
936 1167 34 19 att
992 1165 46 21 till-

210 1201 76 26 sättas,
302 1199 116 28 uppdraga
438 1201 34 19 att
490 1199 44 21 låta
548 1199 259 28 Riddarhusgenealogen
824 1199 35 20 till
873 1201 66 19 nästa
964 1199 74 21 landt-

210 1234 48 27 dag,
270 1236 57 19 emot
339 1234 42 20 den
393 1233 121 28 ersättning
525 1233 266 22 Riddarhusdirektionen
803 1234 72 20 kunde
885 1233 66 28 finna
963 1234 75 27 skälig,

210 1268 102 21 utarbeta
327 1268 39 21 och
381 1268 118 27 ombesörja
516 1268 128 27 utgifvande
660 1268 28 28 af
700 1268 112 21 Finlands
827 1268 167 25 adelskalender,
1010 1268 30 27 pä

209 1302 74 28 förlag
302 1308 51 14 vare
368 1302 32 26 sig
415 1302 29 27 af
455 1302 27 21 R.
499 1309 18 14 o.
534 1302 26 21 A.
574 1302 52 21 eller
641 1302 28 28 af
692 1302 74 28 någon
793 1302 74 21 dertill
891 1302 75 27 hugad
988 1302 50 21 bok-

209 1336 131 28 förläggare,
366 1336 9 20 i
390 1336 160 28 sammanhang
576 1336 106 21 hvarmed
706 1336 145 21 Direktionen
875 1336 70 21 kunde
958 1336 81 28 pröfva

210 1370 157 27 lämpligheten
388 1372 33 18 att
436 1370 96 21 anordra
547 1378 27 13 en
598 1371 45 21 viss
656 1371 139 27 periodicitet
809 1372 36 26 för
860 1370 140 28 utgifvandet
1014 1372 24 26 af

209 1404 120 21 kalendern
341 1404 52 20 eller
408 1404 76 28 tillägg
500 1404 34 21 till
548 1405 136 21 densamma.
