1117 1781
422 134 121 21 Jagtlagen.
823 129 40 21 815

64 203 53 30 gård
141 203 40 21 och
203 205 24 18 är
249 203 88 21 försedd
360 203 49 21 med
430 205 73 26 gevär,
525 203 39 21 der
579 203 103 21 anträffar
697 211 25 13 en
738 203 23 21 af
776 203 27 21 de
818 203 76 28 fåglar,

65 240 46 14 som
126 231 38 22 här
182 233 94 24 nämnas,
291 231 41 22 och
348 231 64 21 bland
427 231 76 22 hvilka
518 232 67 21 finnas
601 231 88 27 sådana,
704 239 45 14 som
765 232 46 21 ofta
826 239 68 21 uppe-

65 261 57 21 hålla
144 261 33 26 sig
197 262 51 19 nära
271 259 106 26 bostäder,
400 259 71 22 såsom
492 263 15 18 t.
529 267 32 14 ex.
584 260 83 26 skatan,
690 260 40 21 och
748 260 29 21 då
792 268 50 13 vore
857 260 38 21 det

66 289 77 22 honom
159 288 78 21 tillåtet
251 291 32 18 att
298 288 142 21 obehindradt
456 288 115 29 nedskjuta
586 289 82 21 sådana
684 289 51 28 djur.
765 289 42 28 Jag
825 289 70 21 skulle

67 317 72 22 derför
155 317 86 21 förorda
256 325 26 13 en
298 317 91 28 ändring
404 317 23 21 af
442 317 130 28 paragrafen
588 318 6 20 i
610 325 81 14 samma
706 318 64 27 syfte,
780 325 45 14 som
836 317 59 22 Frih.

68 345 170 28 Standertskjöld
261 345 112 28 föreslagit
396 345 41 22 och
460 346 69 21 skulle
551 346 55 21 blott
630 346 52 28 vilja
699 346 28 27 gå
742 346 65 28 något
822 347 73 27 längre

68 375 40 21 och
131 374 84 26 föreslå,
231 377 30 18 att
285 374 41 21 den
341 376 49 24 rätt,
405 382 45 13 som
467 374 39 21 här
522 374 127 29 medgifves,
664 377 33 18 att
710 375 54 21 hvar
779 383 44 13 som
840 375 55 21 helst

68 403 71 28 skjuta
153 403 115 28 skadedjur
282 403 48 21 icke
348 403 69 21 skulle
432 403 86 21 sträcka
534 404 33 27 sig
582 403 32 21 till
630 411 81 13 annans
727 403 100 28 trädgård
844 403 52 21 eller

68 431 60 28 park,
150 431 40 22 och
211 432 48 21 icke
282 431 66 22 heller
371 439 51 14 vara
444 431 125 28 medgifven
591 433 58 20 inom
670 435 31 18 ett
715 432 85 21 afstånd
817 432 22 21 af
855 433 40 20 200

70 463 66 18 meter
151 460 47 21 från
214 460 53 21 hans
283 460 149 21 bostadstomt.

138 517 57 21 Frih.
214 517 56 21 Edv.
290 517 142 28 Hisinger
446 517 105 22 förenade
567 518 33 27 sig
615 517 49 22 med
680 517 57 22 Frih.
752 518 95 21 Aminoff
862 519 35 20 rö-

70 545 66 22 rande
152 547 12 26 $
181 547 26 20 10
222 547 7 19 i
244 545 48 22 näd.
307 553 60 21 prop.

139 603 57 21 Frih.
219 611 55 13 von
297 603 87 22 Born:
407 603 42 28 Jag
470 603 94 28 begärde
588 604 66 21 också
677 603 60 22 ordet
759 606 94 19 närmast
875 603 23 21 af

72 639 79 14 samma
167 632 115 28 anledning
292 639 45 14 som
348 632 57 21 Frih.
414 633 110 27 Hisinger.
546 632 35 21 Dä
589 632 37 21 det
634 640 35 14 ser
677 635 23 18 ut
708 640 44 13 som
762 640 34 13 om
807 632 90 22 Utskot-

71 663 31 18 tet
113 660 68 21 skulle
192 661 102 28 enhälligt
304 661 78 20 strukit
398 662 12 26 $
427 662 27 20 10
470 662 7 20 i
493 661 49 22 nåd.
560 669 66 20 prop.,
642 661 24 21 sä
681 661 38 21 har
733 662 36 27 jag
781 661 48 21 icke
839 664 59 18 stora

72 689 167 28 förhoppningar
255 697 34 14 om
304 689 140 28 framgängen
460 689 24 22 af
499 689 59 22 detta
574 690 93 27 förslag;
683 697 47 14 men
745 691 36 27 jag
795 690 36 21 ber
842 689 56 21 dock

72 717 23 21 få
110 719 76 20 nämna
201 721 32 18 att
247 719 34 27 jag
297 718 47 21 icke
359 719 67 20 finner
441 718 105 28 förslaget
561 719 103 20 innebära
680 718 70 28 någon
766 719 7 20 i
788 717 110 30 jembredd

73 746 47 21 med
137 746 65 21 andra
217 747 134 28 stadganden
367 747 24 20 så
406 747 110 28 synnerlig
527 747 121 28 kränkning
660 747 23 21 af
692 747 207 28 jordeganderätten,

73 775 127 21 åtminstone
220 775 47 21 icke
284 783 25 13 en
326 775 121 28 kränkning
462 775 108 28 jemförlig
585 775 48 22 med
650 775 48 26 den,
713 783 45 14 som
775 775 66 22 vållas
857 775 42 21 den

72 803 90 28 jagande
184 803 132 28 jordegaren,
339 804 47 21 ifall
408 804 105 28 förslaget
535 805 48 20 icke
606 807 95 25 antages.
736 805 79 28 Dylika
839 803 61 28 lång-

73 832 94 21 sträckta
182 832 107 27 områden,
304 840 45 14 som
372 833 63 20 bland
458 836 65 18 annat
544 835 37 19 äro
601 833 5 20 i
622 833 68 28 fråga,
705 833 131 21 förekomma
851 833 48 20 icke

74 860 24 21 så
118 860 87 22 alldeles
221 861 66 21 sällan
303 862 7 20 i
325 861 48 21 vårt
389 861 57 22 land.
476 861 34 22 De
526 864 36 19 äro
579 869 26 14 en
621 861 55 28 följd
692 862 22 20 af
729 861 115 28 oskickligt
858 861 41 20 till-

74 889 112 28 lämpande
209 889 22 21 af
250 889 326 29 landtmäteriförfattningarna,
592 890 40 21 och
648 898 35 13 om
698 890 37 21 det
750 890 66 21 också
831 892 22 18 är
869 892 32 18 att

74 917 81 28 hoppas
173 921 32 18 att
227 919 80 20 antalet
327 919 22 20 af
373 919 48 21 dem
444 919 55 21 skall
522 919 73 28 aftaga
615 919 49 20 med
680 919 65 26 tiden,
759 919 24 21 så
799 926 50 13 vore
865 917 36 22 det

74 946 56 21 dock
146 947 46 20 skäl
207 950 32 17 att
253 947 23 20 få
292 947 70 21 denna
378 947 135 28 bestämning
526 948 32 20 till
574 947 69 21 stånd.
668 947 36 21 Nu
720 947 117 21 innehåller
850 948 11 26 8
874 947 25 20 12

74 976 7 19 i
102 977 7 20 2
125 983 61 13 mom.
218 975 54 21 »Om
295 976 36 21 vid
355 976 58 27 loflig
436 976 84 28 harjagt
542 976 49 21 med
607 976 114 21 drifvande
737 976 57 21 hund
816 975 85 21 drefvet

75 1003 32 21 till
122 1003 70 28 någon
208 1004 34 21 del
257 1004 38 28 går
311 1005 61 20 öfver
387 1004 28 29 pä
430 1013 82 13 annans
523 1005 66 26 mark,
600 1005 34 20 mä
647 1004 70 21 denne
728 1005 17 28 ej
757 1004 76 21 hindra
843 1003 58 22 dref-

76 1035 54 18 vet.»
146 1028 10 37 .
161 1032 41 28 Jag
225 1033 38 20 har
284 1033 48 21 icke
353 1033 74 28 riktigt
450 1033 56 21 klart
528 1033 34 21 för
584 1034 49 27 mig,
649 1033 53 21 huru
718 1033 59 21 detta
793 1033 53 21 skall
861 1033 41 20 tol-

76 1061 38 21 kas
134 1074 27 2 —
177 1063 21 19 vi
221 1061 130 22 äterkomma
373 1062 33 21 till
428 1061 60 22 detta
511 1062 119 27 stadgande
646 1062 73 27 längre
735 1062 54 21 fram
804 1075 34 12 —,
853 1069 48 13 men

76 1097 34 14 om
132 1090 36 21 det
191 1090 37 21 bör
247 1090 70 21 tolkas
338 1090 24 21 sä
381 1093 32 18 att
428 1098 49 13 man
493 1091 48 21 icke
557 1091 34 20 får
606 1090 77 21 hindra
698 1090 90 26 drefvet,
803 1097 48 14 men
867 1090 35 21 väl

76 1119 70 28 skjuta
161 1119 70 26 haren,
247 1119 24 20 sä
286 1119 95 21 kommer
392 1119 36 21 det
439 1122 32 18 att
481 1119 86 21 inträffa
582 1119 57 21 hvad
656 1119 24 21 sä
695 1119 90 28 mängen
798 1119 69 27 jägare
880 1118 23 21 af

76 1155 52 20 egen
151 1147 121 21 erfarenhet
294 1151 41 22 vet,
348 1150 31 19 att
395 1148 26 21 de
436 1148 62 21 flesta
514 1148 63 21 harar
592 1148 82 28 skjutas
690 1147 28 28 pä
733 1147 41 21 den
805 1155 22 13 der
842 1147 60 27 läng-

76 1175 93 22 sträckta
185 1176 110 26 enklaven,
311 1183 44 14 som
379 1176 96 21 sträcker
496 1177 34 27 sig
549 1177 21 20 in
591 1177 6 20 i
620 1176 159 28 skogsmarken,
799 1179 22 24 ty
837 1175 65 21 haren

76 1204 53 21 skall
144 1205 7 19 i
166 1205 72 26 regeln
254 1212 87 21 passera
356 1205 41 20 den
414 1205 50 20 flere
479 1205 87 28 gänger.
596 1205 44 21 Det
656 1207 23 18 är
694 1205 59 21 svärt
767 1205 34 20 för
815 1205 87 26 jägaren

76 1235 31 19 att
128 1233 7 21 i
157 1233 81 27 skogen
261 1236 50 25 taga
334 1241 51 14 vara
407 1233 13 21 å
441 1234 33 21 sin
494 1235 48 25 rätt,
558 1233 40 22 och
614 1235 6 19 i
636 1233 60 21 detta
711 1233 101 21 afseende
828 1234 23 19 är
867 1232 36 21 det

76 1262 89 21 dubbelt
180 1262 64 21 svärt.
267 1262 44 21 Det
326 1264 23 19 är
364 1262 49 21 med
429 1262 105 21 afseende
550 1262 12 21 &
578 1262 63 22 dessa
657 1262 40 22 och
713 1262 66 21 andra
794 1261 52 26 skäl,
857 1268 46 14 som

75 1292 35 26 jag
126 1298 61 14 anser
203 1294 31 18 att
249 1291 129 27 stadgandet
392 1294 51 18 utan
459 1291 71 28 nägon
547 1291 111 21 rättsväda
674 1291 71 21 kunde
760 1292 89 26 intagas.

167 1319 12 21 å
201 1327 28 13 nu
252 1320 149 20 diskussionen
423 1320 67 21 också
511 1320 102 20 omfattar
634 1320 42 20 den
692 1327 41 20 nya
749 1320 12 27 $
777 1320 33 24 10,
827 1318 23 22 sä
867 1318 36 21 ber

75 1349 35 27 jag
128 1348 23 20 fä
173 1351 94 25 upptaga
289 1348 66 21 ocksä
375 1348 41 21 den
431 1356 35 18 nu,
482 1348 41 21 och
539 1349 6 20 i
562 1348 124 22 hufvudsak
701 1347 129 22 understöda
845 1346 58 22 Frih.

76 1376 182 28 Standertskjölds
273 1377 86 27 förslag.
388 1376 42 28 Jag
445 1378 23 20 är
484 1377 57 21 dock
557 1377 48 21 icke
621 1384 51 14 ense
688 1376 48 21 med
750 1376 58 22 Frih.
823 1375 80 22 Wrede

76 1413 34 13 om
133 1408 31 18 att
184 1406 87 27 tillägga
293 1405 62 21 ordet
379 1406 83 27 »park.»
494 1405 42 29 Jag
558 1406 38 20 har
618 1406 56 20 varit
696 1406 6 20 i
718 1405 76 21 andras
810 1404 41 22 och
866 1404 38 20 har

76 1434 50 28 sjelf
140 1434 59 28 park,
221 1442 46 13 som
290 1436 23 19 är
336 1435 11 20 1
371 1434 112 21 kilometer
499 1434 55 28 läng.
586 1434 43 21 Det
644 1442 52 13 vore
711 1434 82 28 ganska
807 1433 97 25 ledsamt,

76 1470 34 13 om
133 1462 24 22 sä
180 1462 68 22 skulle
271 1462 70 22 hända
364 1465 32 19 att
411 1462 123 28 skadedjur,
549 1466 14 18 t.
582 1470 33 14 ex.
631 1470 26 14 en
674 1470 57 20 varg,
747 1462 68 21 skulle
831 1461 73 27 stryka

76 1490 62 22 öfver
152 1491 81 29 parken
255 1491 40 21 och
315 1498 26 14 en
357 1491 95 28 tillfällig
467 1491 106 21 vandrare
590 1492 17 27 ej
624 1491 69 21 skulle
708 1491 23 21 fä
742 1490 105 28 nedlägga
857 1490 47 20 den.

76 1518 29 22 Sä
127 1519 59 28 långt
208 1527 45 14 som
276 1520 32 20 till
331 1520 52 28 park
405 1520 39 28 går
466 1520 36 28 jag
524 1520 25 28 ej,
566 1527 48 14 men
630 1520 36 21 väl
682 1520 99 21 omfattar
796 1520 36 27 jag
847 1518 58 21 Frih.
