1117 1781
228 136 42 20 546
471 142 25 17 R.
509 146 17 12 o.
539 142 23 17 A.
575 142 56 17 1897.
653 142 14 17 8
679 142 64 21 April.

198 209 105 26 tionsbas,
319 217 46 14 som
381 210 141 28 ovilkorligen
539 210 95 21 kommer
649 213 32 18 att
696 210 68 21 blifva
779 209 161 22 bestämmande
955 210 35 21 för
1005 209 28 22 de

198 238 177 22 svensksinnade
387 239 230 27 .landtdagemännens
631 238 99 29 hållning
745 239 8 20 i
767 238 72 23 denna
853 238 68 29 fråga.

269 267 54 21 Men
339 272 44 16 mot
398 267 70 21 denna
484 267 28 28 pä
528 267 98 28 billighet
641 267 41 21 och
692 268 97 25 rättvisa,
800 266 41 22 och
851 267 36 28 jag
898 266 66 29 vägar
974 269 60 26 säga,

213 295 14 21 å
247 295 150 28 uppoffringar
416 295 41 22 och
472 295 168 28 medgifvanden
656 295 112 28 grundade
784 295 96 28 hållning
895 296 72 21 ställer
982 303 49 14 man

198 303 48 42 från
265 323 67 22 andra
348 324 61 21 sidan
425 324 37 21 det
476 324 87 28 förslag,
579 331 46 14 som
638 324 119 21 innehålles
770 325 7 20 i
789 325 160 20 reservationen
960 324 41 21 N:o
1012 326 20 19 2.

197 353 43 27 Jag
262 352 56 21 skall
340 352 49 21 icke
411 355 95 30 upptaga
526 353 26 21 R.
567 360 19 13 o.
601 353 40 21 A:s
664 353 31 20 tid
715 353 50 21 med
780 355 31 18 att
826 352 98 28 utförligt
938 353 93 28 granska

198 381 61 21 detta
275 381 133 21 sistnämnda
423 381 87 28 förslag.
536 381 65 21 Såväl
616 381 36 21 Hr
662 381 109 22 Mechelin
783 389 45 13 som
840 381 34 21 Hr
884 381 63 26 Rein,
957 381 75 22 hvilka

197 409 48 22 före
269 410 44 27 mig
335 409 48 22 haft
405 410 67 25 ordet,
493 410 65 21 hafva
574 409 106 22 hvardera
695 409 48 22 från
759 411 34 20 sin
808 409 134 29 ståndpunkt
957 410 27 28 på
1000 413 31 18 ett

198 438 111 28 dräpande
333 440 43 19 sätt
398 438 108 21 kritiserat
528 438 60 21 detta
610 439 88 27 förslag,
721 439 28 28 ja,
766 439 35 28 jag
817 438 38 21 har
869 438 102 21 särskildt
985 439 47 27 lagt

198 467 73 20 märke
294 467 34 20 till
351 467 42 21 den
416 467 72 25 kritik,
509 474 43 14 som
573 467 48 21 från
637 467 35 21 Hr
687 467 68 21 Reins
771 467 47 21 sida
833 467 89 20 kommit
937 467 93 20 nämnda

197 495 84 28 förslag
305 495 33 21 till
359 495 46 27 del;
426 495 40 22 och
481 496 36 27 jag
532 503 62 14 anser
609 496 44 27 mig
669 495 84 22 således
770 495 83 21 befriad
869 495 48 21 från
933 497 32 18 att
978 495 52 21 full-

197 524 54 28 följa
271 524 43 21 min
337 524 151 28 ursprungliga
506 524 66 27 afsigt
587 527 31 18 att
634 524 50 28 ingå
700 524 28 28 på
743 531 27 14 en
785 526 97 19 närmare
897 523 133 28 granskning

197 553 24 20 af
243 552 126 21 detsamma.
399 553 53 21 Men
473 553 35 28 jag
532 553 36 20 ber
589 553 57 21 dock
665 555 32 18 att
711 553 24 20 få
750 554 50 26 säga
816 555 31 18 att
861 555 111 25 gentemot
986 552 42 21 den

197 583 72 26 öppna
293 581 117 28 frontlinje,
432 589 46 13 som
501 581 124 22 Utskottets
650 581 137 21 betänkande
808 581 41 21 och
868 582 160 20 reservationen

197 610 43 21 N:o
263 611 11 20 1
300 610 94 28 erbjuda,
417 610 73 21 ställer
510 617 47 14 man
578 609 50 22 från
644 609 66 22 andra
726 609 61 22 sidan
804 612 31 19 ett
849 612 79 25 system
945 609 22 21 af
982 609 47 28 löp-

197 639 96 27 grafvar,
314 638 74 21 hvilka
409 641 103 26 utmynna
526 639 31 20 uti
573 646 26 13 en
616 639 98 21 sträfvan
730 641 31 18 att
776 639 140 26 tillintetgöra
931 638 41 21 den
987 638 43 21 lik-

197 667 117 28 ställighet,
330 674 46 14 som
391 675 48 13 man
456 667 24 21 så
495 667 77 28 många
586 667 83 28 gånger
684 667 103 28 uppburit
797 667 52 21 eller
859 667 112 27 föregifvit
981 674 46 13 som

196 695 57 22 fana.
283 696 54 21 Men
359 695 87 22 hvilken
470 703 28 14 nu
517 695 108 28 utgången
641 695 23 21 af
680 695 69 21 denna
765 695 188 28 maktpåliggande
966 695 62 28 fråga

196 726 27 19 än
243 724 36 21 må
298 724 75 26 blifva,
392 725 23 20 så
430 724 66 28 vågar
510 725 35 28 jag
561 724 118 21 emellertid
694 725 68 20 uttala
778 724 42 21 den
835 724 145 28 förhoppning
996 727 31 18 att

196 752 67 21 redan
283 753 100 20 tillvaron
403 753 22 21 af
440 753 59 21 detta
514 753 119 28 aktstycke,
648 753 24 20 af
687 752 60 21 detta
762 752 135 21 betänkande
913 752 47 21 med
977 752 50 21 dess

197 781 58 21 olika
271 781 88 28 förslag,
374 781 35 21 för
424 789 25 13 en
466 781 34 21 lång
530 781 87 21 framtid
634 781 54 21 skall
703 783 44 19 rätt
763 781 73 28 belysa
851 781 26 20 de
893 788 16 14 s.
921 781 19 20 k.
953 781 75 28 spräk-

197 809 156 22 sträfvandena
369 811 6 19 i
390 809 79 22 landet.
498 785 121 55 Forskaren
639 810 54 21 skall
709 810 63 25 finna,
787 809 54 22 huru
857 817 48 13 man
921 809 48 21 från
984 809 42 21 den

197 845 40 14 ena
253 838 62 21 sidan
332 838 100 21 bemödat
447 839 33 27 sig
495 841 31 18 att
542 839 50 20 ernå
602 838 43 21 frid
657 838 41 21 och
709 846 26 13 en
746 839 51 27 lugn
808 838 131 27 utveckling,
950 837 76 22 medan

196 874 49 14 man
268 867 50 21 från
333 867 42 21 den
391 867 66 21 andra
472 867 60 21 sidan
548 867 96 21 deremot
659 867 45 28 lagt
719 872 32 16 ett
765 874 44 14 non
839 874 104 19 possumus,
958 879 26 3 —
1000 867 29 28 ja,

195 895 50 21 med
267 895 104 22 afseende
386 895 13 21 å
415 898 31 19 ett
473 895 90 22 yttrande
578 896 7 20 i
601 895 37 22 det
653 895 144 28 Högvördiga
831 895 144 21 Presteståndet
989 895 38 21 vid

196 923 113 28 tisdagens
331 924 87 28 plenum
439 932 35 13 må
488 925 35 27 jag
537 924 89 28 tillägga
640 937 28 2 —
684 931 45 14 mer
744 926 27 19 än
787 931 42 14 non
845 931 118 21 possumus,
979 931 49 14 man

195 952 81 21 uttalar
294 953 33 27 sig
342 953 107 28 nämligen
464 953 65 21 hellre
542 953 34 20 för
588 955 32 19 ett
634 953 145 21 fortsättande
792 954 21 19 af
823 952 153 29 språkstriden,
986 952 42 21 och

195 981 60 21 detta
271 982 7 20 i
294 981 97 21 Herrans
406 989 70 13 namn.

265 1009 44 29 Jag
324 1009 67 28 vågar
405 1010 48 21 icke
468 1010 52 28 följa
535 1009 41 22 den
593 1009 64 22 ärade
673 1009 87 26 talaren,
776 1009 34 21 Hr
819 1009 63 26 Rein,
892 1009 25 21 så
927 1009 59 28 långt
997 1010 30 20 uti

196 1038 164 28 spekulationer
381 1045 35 14 om
438 1039 54 20 huru
513 1038 26 21 de
562 1038 102 21 framtida
686 1038 164 21 förhållandena
871 1039 7 19 i
899 1037 73 21 landet
994 1037 35 21 må

195 1067 94 27 gestalta
305 1067 34 28 sig
354 1067 7 20 i
376 1067 104 28 språkligt
494 1067 110 26 afseende,
619 1074 48 14 men
684 1067 35 28 jag
735 1067 66 28 vågar
817 1066 56 21 dock
889 1068 56 19 ännu
961 1066 67 21 uttala

196 1103 27 12 en
239 1095 149 28 förhoppning
404 1103 34 13 om
454 1098 30 19 att
499 1096 99 21 tillvaron
614 1095 24 21 af
653 1095 59 21 detta
728 1095 113 28 aktstycke
852 1095 48 20 med
911 1095 49 20 dess
971 1095 58 20 före-

196 1123 95 22 nämnda
307 1124 82 27 förslag
404 1124 54 21 skall
474 1124 138 28 omöjliggöra
627 1124 36 21 för
678 1131 26 14 en
720 1123 51 28 lång
785 1123 32 22 tid
832 1123 79 21 framåt
923 1123 105 28 uppkom-

195 1155 48 18 sten
267 1152 24 21 af
313 1153 171 20 administrativa
506 1153 157 27 förordningar,
686 1152 94 28 ensidigt
799 1151 115 29 gynnande
945 1159 26 13 den
987 1159 40 14 ena

196 1180 172 29 språkgruppen,
384 1181 40 21 och
440 1181 90 21 sålunda
545 1181 93 21 utesluta
654 1181 138 28 möjligheten
803 1181 23 20 af
839 1180 190 28 öfverraskningar

195 1209 28 28 på
245 1209 60 22 detta
327 1209 92 22 område.
448 1209 34 28 Ty
500 1210 35 28 jag
549 1210 68 21 finner
632 1209 38 22 det
685 1209 48 22 icke
749 1217 51 13 vara
815 1209 80 28 rimligt
910 1212 31 17 att
956 1209 71 28 någon

195 1239 101 27 regering
318 1239 6 20 i
348 1238 59 21 detta
428 1238 57 27 land,
506 1239 52 20 huru
579 1238 42 22 den
637 1240 27 20 än
680 1238 35 21 må
731 1238 66 21 blifva
813 1240 144 24 sammansatt,
973 1237 54 21 skall

194 1266 75 21 kunna
293 1267 109 27 bibringas
426 1267 51 21 eller
499 1267 97 28 bibringa
618 1268 34 26 sig
670 1267 50 28 sjelf
736 1267 41 21 den
793 1266 146 29 uppfattning,
953 1269 31 18 att
1000 1274 26 13 en

195 1294 60 28 dylik
279 1296 84 27 ensidig
387 1295 156 22 administrativ
565 1295 194 28 språkförordning
781 1295 68 21 skulle
872 1295 72 21 kunna
960 1294 67 22 blifva

195 1323 35 21 för
246 1323 75 21 landet
336 1324 7 20 i
359 1324 49 21 dess
423 1324 73 21 helhet
511 1332 25 13 en
552 1325 132 27 välgerning.

265 1352 44 28 Jag
325 1352 37 21 ber
377 1355 31 18 att
423 1352 23 22 få
461 1352 35 22 för
510 1354 43 20 min
564 1352 36 22 del
610 1353 107 27 tillstyrka
729 1352 131 28 antagandet
870 1352 23 21 af
905 1352 123 21 Utskottets

195 1380 146 27 betänkande,
361 1388 50 14 men
434 1382 35 27 jag
490 1381 129 21 förbehåller
641 1382 45 27 mig
707 1381 104 28 derjemte
831 1383 37 24 att,
888 1380 71 21 derest
974 1381 6 20 i
996 1383 31 19 ett

195 1411 67 19 annat
278 1409 67 21 skede
361 1410 23 20 af
399 1409 75 29 frågan
489 1410 7 20 i
511 1409 103 21 afseende
629 1410 13 20 å
654 1410 207 28 sammanjemkning
871 1408 66 28 något
947 1409 82 27 förslag

195 1437 70 21 skulle
289 1438 137 28 framläggas,
448 1446 45 14 som
515 1438 55 22 hade
593 1439 69 27 utsigt
684 1441 31 18 att
737 1438 50 21 leda
802 1438 32 21 till
850 1440 31 19 ett
895 1441 132 25 gemensamt

193 1466 100 26 resuliai,
313 1466 30 22 va
364 1466 25 22 ia
411 1470 95 26 upplaga
526 1467 119 21 dotsamma
666 1467 33 21 till
714 1466 103 30 pröfning
832 1466 47 22 med
897 1466 101 20 afseende
1014 1465 14 21 å

194 1494 27 21 de
237 1494 138 28 betingelser,
390 1502 46 14 som
452 1495 61 21 deraf
527 1495 72 21 kunde
614 1495 130 22 föranledas.
