1117 1781
434 135 128 21 Banklagen.
845 130 39 21 741

152 203 37 21 Då
211 203 164 22 Prästeständet
395 203 42 22 och
460 203 170 27 Bondeståndet,
644 211 78 21 genom
737 206 32 19 att
783 204 78 29 jemväl
876 205 7 20 i
900 205 12 26 S

86 234 26 20 11
132 232 70 21 införa
218 231 135 28 bestämning
369 231 110 28 angående
496 232 202 29 bankinspektören,
713 233 56 28 gjort
784 232 129 28 antagandet

85 261 23 21 af
129 260 140 28 lagförslaget
291 261 6 20 i
313 261 41 20 alla
377 260 49 22 dess
445 260 59 21 delar
520 261 106 21 beroende
641 261 68 27 deraf,
724 263 31 19 att
770 261 42 21 den
827 261 86 21 statliga

84 289 121 21 kontrollen
228 289 63 21 öfver
311 289 108 21 bankerna
435 289 73 21 blefve
524 289 126 22 anförtrodd
667 297 25 13 en
707 297 122 20 gemensam
845 268 67 43 bank

85 317 116 28 inspektör,
216 325 49 13 men
279 317 160 29 Ridderskapet
454 317 41 22 och
505 317 72 22 Adeln
588 321 56 18 samt
654 318 183 28 Borgareståndet
848 319 7 20 i
864 319 49 20 sist-

84 345 91 22 berörda
198 345 36 22 del
256 346 88 21 anslutit
365 347 32 27 sig
419 347 32 20 till
474 346 42 21 den
539 346 146 29 uppfattning,
707 349 31 18 att
759 346 42 21 den
817 349 95 19 närmare

84 375 73 21 tillsyn
173 375 63 21 öfver
251 374 114 27 bankerna,
381 375 70 21 såsom
466 375 112 26 härintills,
594 375 66 21 borde
676 375 107 21 anförtros
793 375 35 21 för
840 375 73 28 hvarje

85 383 58 41 bank
171 403 164 21 tillförordnade
365 403 105 21 särskilda
491 403 89 28 publika
602 403 86 27 ombud,
709 404 67 21 finner
798 403 113 22 Utskottet

85 432 33 27 sig
140 431 47 22 icke
208 439 38 14 ens
261 432 8 21 i
284 431 103 22 afseende
403 432 12 21 å
430 432 71 28 någon
517 432 35 21 del
567 432 23 21 af
605 432 140 28 lagförslaget
759 432 72 21 kunna
846 432 65 21 fram-

86 460 61 21 ställa
161 460 304 28 sammanjemkningsförslag.
480 461 75 28 Enligt
565 460 125 23 Utskottets
701 461 138 28 uppfattning
850 461 61 21 torde

86 488 118 22 Ständerna
219 489 73 20 derför
307 489 7 20 i
329 489 38 21 sitt
382 489 148 28 underdåniga
546 497 49 14 svar
609 489 13 21 å
633 489 42 22 den
686 489 83 28 Nådiga
780 489 132 29 Propositio-

85 525 42 14 nen
142 517 89 26 anmäla,
247 520 31 18 att
292 517 37 21 vid
345 517 158 28 behandlingen
518 517 24 22 af
556 517 165 29 ifrågavarande
736 517 84 29 Nådiga
835 525 77 22 propo-

86 546 63 21 sition
175 545 67 22 sådan
269 546 187 28 samstämmighet,
478 553 45 14 som
546 546 35 21 för
602 547 102 28 lagenligt
719 546 157 22 ständerbeslut
891 548 23 19 är

86 574 23 21 af
123 574 76 28 nöden,
215 574 48 21 icke
277 575 83 20 kunnat
375 575 67 21 ernås.

152 603 130 21 Oberoende
297 603 24 21 af
335 603 76 28 frågan
426 611 34 14 om
476 603 38 22 det
529 604 5 20 i
551 603 42 22 den
608 603 88 28 Nådiga
710 604 160 27 propositionen
880 603 33 21 till

86 631 131 22 Ständernas
227 631 160 29 handläggning
398 632 160 21 öfverlemnade
569 632 117 28 lagförslag
696 632 43 21 står
763 635 21 18 det
791 632 24 21 af
823 631 90 23 Utskot-

86 663 33 18 tet
134 660 125 21 framstälda
272 660 85 28 förslag,
372 663 31 18 att
418 661 121 20 Ständerna
554 662 7 19 i
577 661 37 21 sitt
630 668 50 14 svar
696 660 12 21 å
718 660 41 21 den
771 660 83 29 Nådiga
864 667 49 22 pro-

86 689 122 28 positionen
231 689 69 21 skulle
322 689 67 21 uttala
405 689 173 22 önskvärdheten
594 689 68 28 deraf,
678 692 31 18 att
724 689 37 22 vid
776 689 137 22 förestående

86 717 148 28 omarbetning
258 717 23 21 af
305 717 259 29 konkurslagstiftningen
590 718 70 21 skulle
684 717 68 22 under
776 717 137 29 ompröfuing

86 749 67 24 tagas,
167 745 106 22 huruvida
289 746 48 21 icke
352 746 34 21 för
402 746 123 29 bevakning
540 747 24 20 af
578 746 127 28 fordningar
720 747 7 20 i
740 746 67 21 banks
818 746 94 21 konkurs

87 774 66 21 andra
174 775 160 27 bestämningar
355 777 27 18 än
404 775 27 21 de
454 783 77 13 annars
549 775 35 21 för
600 775 122 28 bevakning
736 776 7 20 i
758 775 95 21 konkurs
867 775 46 27 gäl-

88 802 68 25 lande,
171 810 52 14 vore
238 803 119 28 påkallade.
386 803 35 21 Då
437 803 59 22 detta
511 803 82 28 förslag
609 803 72 22 blifvit
696 804 23 21 af
733 804 98 27 samtliga
845 803 68 21 Stånd

87 831 117 28 godkändt,
226 831 61 22 torde
311 835 30 18 ett
360 832 109 21 uttalande
485 833 6 20 i
507 832 99 28 angifvet
620 832 58 28 syfte
694 832 51 21 böra
760 833 7 20 i
782 831 130 22 Ständernas

88 859 147 29 underdåniga
251 867 49 14 svar
315 860 13 21 å
343 860 42 21 den
400 861 85 28 Nådiga
501 861 162 28 propositionen
679 861 78 28 inflyta.

334 923 33 21 På
381 923 180 22 Bankutskottets
577 925 89 26 vägnar:

416 975 37 21 Th.
475 975 113 28 Wegelius.

584 1021 70 20 Artur
669 1021 185 21 Hammarström.

156 1083 120 28 Angående
292 1083 70 22 denna
377 1083 114 22 skrifvelse
506 1083 85 29 yttrade

155 1145 34 22 Hr
207 1146 24 21 L.
247 1146 154 22 Mechelin:
417 1147 35 20 Då
467 1147 37 21 det
519 1154 63 21 synes
596 1147 43 28 mig
654 1148 6 20 i
676 1147 70 28 någon
761 1147 50 21 mån
825 1147 89 21 tvifvel-

88 1174 73 28 aktigt,
184 1174 106 21 huruvida
311 1175 27 21 de
361 1175 116 28 slutsatser,
498 1175 32 21 till
546 1175 74 22 hvilka
637 1175 166 22 Bankutskottet
817 1176 6 20 i
839 1175 75 21 anled-

87 1203 52 27 ning
160 1203 23 20 af
204 1203 27 21 de
254 1203 105 22 särskilda
374 1203 107 22 Ståndens
497 1204 70 21 beslut
582 1205 7 20 i
605 1204 70 21 denna
690 1204 61 28 fråga
766 1204 95 26 kommit,
875 1205 37 20 äro

86 1231 79 28 riktiga
187 1231 52 22 eller
259 1231 142 29 nödvändiga,
421 1232 24 22 så
460 1232 41 22 och
517 1232 28 22 då
560 1232 37 22 det
612 1234 23 20 är
650 1233 109 28 vanskligt
773 1235 32 19 att
819 1231 94 23 omedel-

87 1260 47 21 bart
155 1263 57 25 yttra
228 1261 39 27 sig,
282 1262 64 20 innan
362 1269 48 13 man
425 1262 57 27 gjort
497 1269 26 13 en
538 1262 122 28 jemförelse
676 1262 76 21 mellan
768 1261 145 21 betänkandet

88 1288 40 22 och
143 1290 166 28 propositionen,
324 1289 96 22 anhåller
433 1290 36 28 jag
484 1297 34 14 om
534 1290 99 21 ärendets
649 1290 161 28 bordläggning.

155 1346 11 21 I
185 1346 94 28 enlighet
293 1346 49 21 med
358 1346 59 22 detta
431 1346 97 29 yrkande
544 1346 70 22 beslöt
628 1346 26 22 R.
670 1347 40 21 och
726 1348 26 20 A.
767 1349 31 19 att
813 1346 101 22 skrifvel-

88 1381 37 15 sen
147 1374 68 22 skulle
233 1375 57 27 ligga
315 1374 13 22 å
350 1375 76 21 bordet
446 1375 32 21 till
496 1377 62 19 nästa
578 1376 92 28 plenum,
686 1376 82 21 hvilket
782 1376 35 20 Hr
831 1375 82 21 Landt-

87 1402 134 22 marskalken
234 1403 143 29 tillkännagaf
388 1404 85 21 komma
488 1406 32 19 att
530 1404 97 28 försiggå
637 1404 108 28 Tisdagen
756 1404 41 22 den
807 1406 14 20 4
832 1404 81 21 instun-

87 1431 70 22 dande
172 1431 45 29 Maj
233 1431 28 21 kl.
277 1433 12 20 6
306 1439 17 14 e.
338 1440 27 13 m.
