<?xml version="1.0" encoding="UTF-8"?>
<alto xmlns="http://www.loc.gov/standards/alto/ns-v3#" xmlns:xlink="http://www.w3.org/1999/xlink" xmlns:xsi="http://www.w3.org/2001/XMLSchema-instance" xsi:schemaLocation="http://www.loc.gov/standards/alto/ns-v3# http://www.loc.gov/alto/v3/alto-3-0.xsd">
	<Description>
		<MeasurementUnit>pixel</MeasurementUnit>
		<sourceImageInformation>
			<fileName>/tmp/tess_ryynk_s9_input.PNG</fileName>
		</sourceImageInformation>
		<OCRProcessing ID="OCR_0">
			<ocrProcessingStep>
				<processingSoftware>
					<softwareName>tesseract 5.3.4</softwareName>
				</processingSoftware>
			</ocrProcessingStep>
		</OCRProcessing>
	</Description>
	<Layout>
		<Page WIDTH="1117" HEIGHT="1781" PHYSICAL_IMG_NR="0" ID="page_0">
			<PrintSpace HPOS="0" VPOS="0" WIDTH="1117" HEIGHT="1781">
				<ComposedBlock ID="cblock_0" HPOS="224" VPOS="146" WIDTH="514" HEIGHT="25">
					<TextBlock ID="block_0" HPOS="224" VPOS="146" WIDTH="514" HEIGHT="25">
						<TextLine ID="line_0" HPOS="224" VPOS="146" WIDTH="514" HEIGHT="25">
							<String ID="string_0" HPOS="224" VPOS="146" WIDTH="42" HEIGHT="20" WC="0.95" CONTENT="934"/><SP WIDTH="216" VPOS="146" HPOS="266"/>
							<String ID="string_1" HPOS="482" VPOS="151" WIDTH="24" HEIGHT="17" WC="0.96" CONTENT="R."/><SP WIDTH="14" VPOS="151" HPOS="506"/>
							<String ID="string_2" HPOS="520" VPOS="156" WIDTH="17" HEIGHT="12" WC="0.87" CONTENT="0."/><SP WIDTH="13" VPOS="156" HPOS="537"/>
							<String ID="string_3" HPOS="550" VPOS="151" WIDTH="22" HEIGHT="16" WC="0.95" CONTENT="A."/><SP WIDTH="14" VPOS="151" HPOS="572"/>
							<String ID="string_4" HPOS="586" VPOS="151" WIDTH="56" HEIGHT="17" WC="0.96" CONTENT="1897."/><SP WIDTH="24" VPOS="151" HPOS="642"/>
							<String ID="string_5" HPOS="666" VPOS="151" WIDTH="13" HEIGHT="16" WC="0.95" CONTENT="8"/><SP WIDTH="13" VPOS="151" HPOS="679"/>
							<String ID="string_6" HPOS="692" VPOS="150" WIDTH="46" HEIGHT="21" WC="0.96" CONTENT="Maj."/>
						</TextLine>
					</TextBlock>
				</ComposedBlock>
				<GraphicalElement ID="cblock_1" HPOS="196" VPOS="176" WIDTH="824" HEIGHT="8"></GraphicalElement >
				<ComposedBlock ID="cblock_2" HPOS="193" VPOS="219" WIDTH="831" HEIGHT="656">
					<TextBlock ID="block_1" HPOS="193" VPOS="219" WIDTH="831" HEIGHT="656">
						<TextLine ID="line_1" HPOS="265" VPOS="219" WIDTH="759" HEIGHT="28">
							<String ID="string_7" HPOS="265" VPOS="219" WIDTH="34" HEIGHT="21" WC="0.93" CONTENT="Hr"/><SP WIDTH="15" VPOS="219" HPOS="299"/>
							<String ID="string_8" HPOS="314" VPOS="219" WIDTH="55" HEIGHT="22" WC="0.90" CONTENT="Edv."/><SP WIDTH="16" VPOS="219" HPOS="369"/>
							<String ID="string_9" HPOS="385" VPOS="219" WIDTH="220" HEIGHT="28" WC="0.0" CONTENT="Björkenheim:"/><SP WIDTH="30" VPOS="219" HPOS="605"/>
							<String ID="string_10" HPOS="635" VPOS="219" WIDTH="42" HEIGHT="22" WC="0.96" CONTENT="Jag"/><SP WIDTH="16" VPOS="219" HPOS="677"/>
							<String ID="string_11" HPOS="693" VPOS="219" WIDTH="37" HEIGHT="20" WC="0.96" CONTENT="ber"/><SP WIDTH="15" VPOS="219" HPOS="730"/>
							<String ID="string_12" HPOS="745" VPOS="221" WIDTH="31" HEIGHT="18" WC="0.95" CONTENT="att"/><SP WIDTH="16" VPOS="221" HPOS="776"/>
							<String ID="string_13" HPOS="792" VPOS="219" WIDTH="132" HEIGHT="21" WC="0.93" CONTENT="beträffande"/><SP WIDTH="16" VPOS="219" HPOS="924"/>
							<String ID="string_14" HPOS="940" VPOS="220" WIDTH="12" HEIGHT="20" WC="0.96" CONTENT="3"/><SP WIDTH="12" VPOS="220" HPOS="952"/>
							<String ID="string_15" HPOS="964" VPOS="227" WIDTH="60" HEIGHT="13" WC="0.96" CONTENT="mom."/>
						</TextLine>
						<TextLine ID="line_2" HPOS="195" VPOS="243" WIDTH="829" HEIGHT="33">
							<String ID="string_16" HPOS="195" VPOS="248" WIDTH="7" HEIGHT="21" WC="0.92" CONTENT="i"/><SP WIDTH="26" VPOS="248" HPOS="202"/>
							<String ID="string_17" HPOS="228" VPOS="247" WIDTH="72" HEIGHT="22" WC="0.93" CONTENT="denna"/><SP WIDTH="24" VPOS="247" HPOS="300"/>
							<String ID="string_18" HPOS="324" VPOS="247" WIDTH="100" HEIGHT="29" WC="0.73" CONTENT="&quot;paragraf"/><SP WIDTH="24" VPOS="247" HPOS="424"/>
							<String ID="string_19" HPOS="448" VPOS="247" WIDTH="23" HEIGHT="22" WC="0.96" CONTENT="få"/><SP WIDTH="21" VPOS="247" HPOS="471"/>
							<String ID="string_20" HPOS="492" VPOS="247" WIDTH="57" HEIGHT="22" WC="0.96" CONTENT="fästa"/><SP WIDTH="23" VPOS="247" HPOS="549"/>
							<String ID="string_21" HPOS="572" VPOS="243" WIDTH="217" HEIGHT="32" WC="0.96" CONTENT="uppmärksamheten"/><SP WIDTH="23" VPOS="243" HPOS="789"/>
							<String ID="string_22" HPOS="812" VPOS="247" WIDTH="29" HEIGHT="28" WC="0.95" CONTENT="pä"/><SP WIDTH="22" VPOS="247" HPOS="841"/>
							<String ID="string_23" HPOS="863" VPOS="250" WIDTH="30" HEIGHT="19" WC="0.96" CONTENT="ett"/><SP WIDTH="22" VPOS="250" HPOS="893"/>
							<String ID="string_24" HPOS="915" VPOS="249" WIDTH="109" HEIGHT="20" WC="0.96" CONTENT="uttalande"/>
						</TextLine>
						<TextLine ID="line_3" HPOS="195" VPOS="276" WIDTH="828" HEIGHT="28">
							<String ID="string_25" HPOS="195" VPOS="277" WIDTH="6" HEIGHT="20" WC="0.92" CONTENT="i"/><SP WIDTH="24" VPOS="277" HPOS="201"/>
							<String ID="string_26" HPOS="225" VPOS="277" WIDTH="64" HEIGHT="27" WC="0.92" CONTENT="sjette"/><SP WIDTH="20" VPOS="277" HPOS="289"/>
							<String ID="string_27" HPOS="309" VPOS="277" WIDTH="166" HEIGHT="26" WC="0.93" CONTENT="reservationen,"/><SP WIDTH="23" VPOS="277" HPOS="475"/>
							<String ID="string_28" HPOS="498" VPOS="276" WIDTH="60" HEIGHT="21" WC="0.92" CONTENT="hvari"/><SP WIDTH="21" VPOS="276" HPOS="558"/>
							<String ID="string_29" HPOS="579" VPOS="279" WIDTH="163" HEIGHT="18" WC="0.92" CONTENT="reservanterne"/><SP WIDTH="21" VPOS="279" HPOS="742"/>
							<String ID="string_30" HPOS="763" VPOS="276" WIDTH="90" HEIGHT="21" WC="0.96" CONTENT="hänvisa"/><SP WIDTH="23" VPOS="276" HPOS="853"/>
							<String ID="string_31" HPOS="876" VPOS="276" WIDTH="32" HEIGHT="21" WC="0.93" CONTENT="till"/><SP WIDTH="16" VPOS="276" HPOS="908"/>
							<String ID="string_32" HPOS="924" VPOS="276" WIDTH="99" HEIGHT="28" WC="0.82" CONTENT="stadgan-"/>
						</TextLine>
						<TextLine ID="line_4" HPOS="195" VPOS="304" WIDTH="829" HEIGHT="29">
							<String ID="string_33" HPOS="195" VPOS="305" WIDTH="38" HEIGHT="21" WC="0.95" CONTENT="det"/><SP WIDTH="22" VPOS="305" HPOS="233"/>
							<String ID="string_34" HPOS="255" VPOS="305" WIDTH="6" HEIGHT="20" WC="0.94" CONTENT="i"/><SP WIDTH="24" VPOS="305" HPOS="261"/>
							<String ID="string_35" HPOS="285" VPOS="312" WIDTH="28" HEIGHT="13" WC="0.96" CONTENT="nu"/><SP WIDTH="16" VPOS="312" HPOS="313"/>
							<String ID="string_36" HPOS="329" VPOS="305" WIDTH="97" HEIGHT="27" WC="0.93" CONTENT="gällande"/><SP WIDTH="15" VPOS="305" HPOS="426"/>
							<String ID="string_37" HPOS="441" VPOS="304" WIDTH="132" HEIGHT="29" WC="0.92" CONTENT="förordning,"/><SP WIDTH="16" VPOS="304" HPOS="573"/>
							<String ID="string_38" HPOS="589" VPOS="307" WIDTH="31" HEIGHT="18" WC="0.90" CONTENT="att"/><SP WIDTH="23" VPOS="307" HPOS="620"/>
							<String ID="string_39" HPOS="643" VPOS="305" WIDTH="213" HEIGHT="20" WC="0.90" CONTENT="kommunalstämma"/><SP WIDTH="20" VPOS="305" HPOS="856"/>
							<String ID="string_40" HPOS="876" VPOS="305" WIDTH="39" HEIGHT="20" WC="0.93" CONTENT="bör"/><SP WIDTH="14" VPOS="305" HPOS="915"/>
							<String ID="string_41" HPOS="929" VPOS="305" WIDTH="67" HEIGHT="21" WC="0.91" CONTENT="hällas"/><SP WIDTH="16" VPOS="305" HPOS="996"/>
							<String ID="string_42" HPOS="1012" VPOS="305" WIDTH="12" HEIGHT="20" WC="0.92" CONTENT="&amp;"/>
						</TextLine>
						<TextLine ID="line_5" HPOS="195" VPOS="333" WIDTH="828" HEIGHT="28">
							<String ID="string_43" HPOS="195" VPOS="333" WIDTH="126" HEIGHT="28" WC="0.92" CONTENT="söckendag"/><SP WIDTH="15" VPOS="333" HPOS="321"/>
							<String ID="string_44" HPOS="336" VPOS="333" WIDTH="40" HEIGHT="21" WC="0.96" CONTENT="och"/><SP WIDTH="23" VPOS="333" HPOS="376"/>
							<String ID="string_45" HPOS="399" VPOS="333" WIDTH="76" HEIGHT="21" WC="0.96" CONTENT="endast"/><SP WIDTH="15" VPOS="333" HPOS="475"/>
							<String ID="string_46" HPOS="490" VPOS="334" WIDTH="6" HEIGHT="20" WC="0.93" CONTENT="i"/><SP WIDTH="16" VPOS="334" HPOS="496"/>
							<String ID="string_47" HPOS="512" VPOS="333" WIDTH="160" HEIGHT="28" WC="0.91" CONTENT="undantagsfall"/><SP WIDTH="22" VPOS="333" HPOS="672"/>
							<String ID="string_48" HPOS="694" VPOS="333" WIDTH="13" HEIGHT="20" WC="0.92" CONTENT="&amp;"/><SP WIDTH="23" VPOS="333" HPOS="707"/>
							<String ID="string_49" HPOS="730" VPOS="333" WIDTH="89" HEIGHT="28" WC="0.93" CONTENT="söndag."/><SP WIDTH="33" VPOS="333" HPOS="819"/>
							<String ID="string_50" HPOS="852" VPOS="333" WIDTH="171" HEIGHT="21" WC="0.90" CONTENT="Reservanterne"/>
						</TextLine>
						<TextLine ID="line_6" HPOS="195" VPOS="361" WIDTH="829" HEIGHT="26">
							<String ID="string_51" HPOS="195" VPOS="361" WIDTH="76" HEIGHT="22" WC="0.94" CONTENT="anföra"/><SP WIDTH="24" VPOS="361" HPOS="271"/>
							<String ID="string_52" HPOS="295" VPOS="361" WIDTH="74" HEIGHT="22" WC="0.94" CONTENT="vidare"/><SP WIDTH="22" VPOS="361" HPOS="369"/>
							<String ID="string_53" HPOS="391" VPOS="365" WIDTH="31" HEIGHT="18" WC="0.96" CONTENT="att"/><SP WIDTH="20" VPOS="365" HPOS="422"/>
							<String ID="string_54" HPOS="442" VPOS="363" WIDTH="6" HEIGHT="19" WC="0.93" CONTENT="i"/><SP WIDTH="24" VPOS="363" HPOS="448"/>
							<String ID="string_55" HPOS="472" VPOS="361" WIDTH="113" HEIGHT="22" WC="0.92" CONTENT="Utskottet"/><SP WIDTH="21" VPOS="361" HPOS="585"/>
							<String ID="string_56" HPOS="606" VPOS="361" WIDTH="138" HEIGHT="22" WC="0.88" CONTENT="förekommit"/><SP WIDTH="20" VPOS="361" HPOS="744"/>
							<String ID="string_57" HPOS="764" VPOS="363" WIDTH="75" HEIGHT="24" WC="0.91" CONTENT="röster,"/><SP WIDTH="18" VPOS="363" HPOS="839"/>
							<String ID="string_58" HPOS="857" VPOS="361" WIDTH="73" HEIGHT="22" WC="0.92" CONTENT="hvilka"/><SP WIDTH="18" VPOS="361" HPOS="930"/>
							<String ID="string_59" HPOS="948" VPOS="362" WIDTH="76" HEIGHT="21" WC="0.91" CONTENT="uttalat"/>
						</TextLine>
						<TextLine ID="line_7" HPOS="195" VPOS="389" WIDTH="827" HEIGHT="29">
							<String ID="string_60" HPOS="195" VPOS="389" WIDTH="71" HEIGHT="22" WC="0.92" CONTENT="säsom"/><SP WIDTH="23" VPOS="389" HPOS="266"/>
							<String ID="string_61" HPOS="289" VPOS="391" WIDTH="33" HEIGHT="20" WC="0.93" CONTENT="sin"/><SP WIDTH="23" VPOS="391" HPOS="322"/>
							<String ID="string_62" HPOS="345" VPOS="390" WIDTH="126" HEIGHT="26" WC="0.92" CONTENT="erfarenhet,"/><SP WIDTH="21" VPOS="390" HPOS="471"/>
							<String ID="string_63" HPOS="492" VPOS="393" WIDTH="32" HEIGHT="18" WC="0.96" CONTENT="att"/><SP WIDTH="20" VPOS="393" HPOS="524"/>
							<String ID="string_64" HPOS="544" VPOS="390" WIDTH="38" HEIGHT="21" WC="0.93" CONTENT="det"/><SP WIDTH="20" VPOS="390" HPOS="582"/>
							<String ID="string_65" HPOS="602" VPOS="390" WIDTH="68" HEIGHT="21" WC="0.92" CONTENT="finnes"/><SP WIDTH="16" VPOS="390" HPOS="670"/>
							<String ID="string_66" HPOS="686" VPOS="393" WIDTH="56" HEIGHT="18" WC="0.92" CONTENT="orter"/><SP WIDTH="16" VPOS="393" HPOS="742"/>
							<String ID="string_67" HPOS="758" VPOS="390" WIDTH="48" HEIGHT="21" WC="0.93" CONTENT="med"/><SP WIDTH="16" VPOS="390" HPOS="806"/>
							<String ID="string_68" HPOS="822" VPOS="390" WIDTH="135" HEIGHT="28" WC="0.93" CONTENT="benägenhet"/><SP WIDTH="15" VPOS="390" HPOS="957"/>
							<String ID="string_69" HPOS="972" VPOS="393" WIDTH="30" HEIGHT="18" WC="0.96" CONTENT="att"/><SP WIDTH="15" VPOS="393" HPOS="1002"/>
							<String ID="string_70" HPOS="1017" VPOS="391" WIDTH="5" HEIGHT="20" WC="0.96" CONTENT="i"/>
						</TextLine>
						<TextLine ID="line_8" HPOS="195" VPOS="418" WIDTH="827" HEIGHT="29">
							<String ID="string_71" HPOS="195" VPOS="419" WIDTH="75" HEIGHT="27" WC="0.96" CONTENT="regeln"/><SP WIDTH="12" VPOS="419" HPOS="270"/>
							<String ID="string_72" HPOS="282" VPOS="418" WIDTH="57" HEIGHT="21" WC="0.93" CONTENT="hålla"/><SP WIDTH="10" VPOS="418" HPOS="339"/>
							<String ID="string_73" HPOS="349" VPOS="419" WIDTH="211" HEIGHT="20" WC="0.92" CONTENT="kommunalstämma"/><SP WIDTH="12" VPOS="419" HPOS="560"/>
							<String ID="string_74" HPOS="572" VPOS="418" WIDTH="154" HEIGHT="21" WC="0.96" CONTENT="företrädesvis"/><SP WIDTH="12" VPOS="418" HPOS="726"/>
							<String ID="string_75" HPOS="738" VPOS="419" WIDTH="27" HEIGHT="28" WC="0.93" CONTENT="pä"/><SP WIDTH="10" VPOS="419" HPOS="765"/>
							<String ID="string_76" HPOS="775" VPOS="419" WIDTH="135" HEIGHT="27" WC="0.91" CONTENT="hvilodagen."/><SP WIDTH="11" VPOS="419" HPOS="910"/>
							<String ID="string_77" HPOS="921" VPOS="419" WIDTH="66" HEIGHT="21" WC="0.95" CONTENT="Utom"/><SP WIDTH="8" VPOS="419" HPOS="987"/>
							<String ID="string_78" HPOS="995" VPOS="427" WIDTH="27" HEIGHT="12" WC="0.96" CONTENT="nu"/>
						</TextLine>
						<TextLine ID="line_9" HPOS="195" VPOS="447" WIDTH="829" HEIGHT="28">
							<String ID="string_79" HPOS="195" VPOS="447" WIDTH="38" HEIGHT="21" WC="0.96" CONTENT="det"/><SP WIDTH="18" VPOS="447" HPOS="233"/>
							<String ID="string_80" HPOS="251" VPOS="449" WIDTH="32" HEIGHT="19" WC="0.96" CONTENT="att"/><SP WIDTH="20" VPOS="449" HPOS="283"/>
							<String ID="string_81" HPOS="303" VPOS="447" WIDTH="38" HEIGHT="21" WC="0.96" CONTENT="allt"/><SP WIDTH="22" VPOS="447" HPOS="341"/>
							<String ID="string_82" HPOS="363" VPOS="447" WIDTH="45" HEIGHT="21" WC="0.93" CONTENT="skäl"/><SP WIDTH="15" VPOS="447" HPOS="408"/>
							<String ID="string_83" HPOS="423" VPOS="447" WIDTH="67" HEIGHT="21" WC="0.96" CONTENT="finnes"/><SP WIDTH="15" VPOS="447" HPOS="490"/>
							<String ID="string_84" HPOS="505" VPOS="450" WIDTH="31" HEIGHT="18" WC="0.93" CONTENT="att"/><SP WIDTH="15" VPOS="450" HPOS="536"/>
							<String ID="string_85" HPOS="551" VPOS="447" WIDTH="107" HEIGHT="21" WC="0.96" CONTENT="bibehålla"/><SP WIDTH="16" VPOS="447" HPOS="658"/>
							<String ID="string_86" HPOS="674" VPOS="447" WIDTH="39" HEIGHT="21" WC="0.93" CONTENT="hos"/><SP WIDTH="16" VPOS="447" HPOS="713"/>
							<String ID="string_87" HPOS="729" VPOS="447" WIDTH="48" HEIGHT="21" WC="0.96" CONTENT="vårt"/><SP WIDTH="15" VPOS="447" HPOS="777"/>
							<String ID="string_88" HPOS="792" VPOS="447" WIDTH="45" HEIGHT="21" WC="0.96" CONTENT="folk"/><SP WIDTH="16" VPOS="447" HPOS="837"/>
							<String ID="string_89" HPOS="853" VPOS="447" WIDTH="42" HEIGHT="21" WC="0.93" CONTENT="den"/><SP WIDTH="16" VPOS="447" HPOS="895"/>
							<String ID="string_90" HPOS="911" VPOS="447" WIDTH="63" HEIGHT="28" WC="0.91" CONTENT="helgd"/><SP WIDTH="16" VPOS="447" HPOS="974"/>
							<String ID="string_91" HPOS="990" VPOS="447" WIDTH="34" HEIGHT="21" WC="0.96" CONTENT="för"/>
						</TextLine>
						<TextLine ID="line_10" HPOS="195" VPOS="475" WIDTH="827" HEIGHT="28">
							<String ID="string_92" HPOS="195" VPOS="475" WIDTH="138" HEIGHT="28" WC="0.92" CONTENT="hvilodagen,"/><SP WIDTH="18" VPOS="475" HPOS="333"/>
							<String ID="string_93" HPOS="351" VPOS="475" WIDTH="87" HEIGHT="22" WC="0.96" CONTENT="hvilken"/><SP WIDTH="16" VPOS="475" HPOS="438"/>
							<String ID="string_94" HPOS="454" VPOS="477" WIDTH="23" HEIGHT="20" WC="0.93" CONTENT="är"/><SP WIDTH="15" VPOS="477" HPOS="477"/>
							<String ID="string_95" HPOS="492" VPOS="475" WIDTH="136" HEIGHT="28" WC="0.95" CONTENT="egendomlig"/><SP WIDTH="14" VPOS="475" HPOS="628"/>
							<String ID="string_96" HPOS="642" VPOS="475" WIDTH="34" HEIGHT="21" WC="0.92" CONTENT="för"/><SP WIDTH="16" VPOS="475" HPOS="676"/>
							<String ID="string_97" HPOS="692" VPOS="475" WIDTH="123" HEIGHT="26" WC="0.89" CONTENT="detsamma,"/><SP WIDTH="12" VPOS="475" HPOS="815"/>
							<String ID="string_98" HPOS="827" VPOS="476" WIDTH="46" HEIGHT="21" WC="0.73" CONTENT="kan"/><SP WIDTH="16" VPOS="476" HPOS="873"/>
							<String ID="string_99" HPOS="889" VPOS="479" WIDTH="31" HEIGHT="18" WC="0.93" CONTENT="ett"/><SP WIDTH="15" VPOS="479" HPOS="920"/>
							<String ID="string_100" HPOS="935" VPOS="476" WIDTH="87" HEIGHT="21" WC="0.91" CONTENT="utelem-"/>
						</TextLine>
						<TextLine ID="line_11" HPOS="194" VPOS="503" WIDTH="829" HEIGHT="22">
							<String ID="string_101" HPOS="194" VPOS="503" WIDTH="72" HEIGHT="22" WC="0.96" CONTENT="nande"/><SP WIDTH="24" VPOS="503" HPOS="266"/>
							<String ID="string_102" HPOS="290" VPOS="504" WIDTH="23" HEIGHT="21" WC="0.93" CONTENT="af"/><SP WIDTH="23" VPOS="504" HPOS="313"/>
							<String ID="string_103" HPOS="336" VPOS="504" WIDTH="161" HEIGHT="21" WC="0.96" CONTENT="bestämmelsen"/><SP WIDTH="24" VPOS="504" HPOS="497"/>
							<String ID="string_104" HPOS="521" VPOS="507" WIDTH="31" HEIGHT="18" WC="0.92" CONTENT="att"/><SP WIDTH="23" VPOS="507" HPOS="552"/>
							<String ID="string_105" HPOS="575" VPOS="504" WIDTH="213" HEIGHT="21" WC="0.91" CONTENT="kommunalstämma"/><SP WIDTH="23" VPOS="504" HPOS="788"/>
							<String ID="string_106" HPOS="811" VPOS="504" WIDTH="154" HEIGHT="21" WC="0.95" CONTENT="företrädesvis"/><SP WIDTH="20" VPOS="504" HPOS="965"/>
							<String ID="string_107" HPOS="985" VPOS="504" WIDTH="38" HEIGHT="21" WC="0.96" CONTENT="bör"/>
						</TextLine>
						<TextLine ID="line_12" HPOS="195" VPOS="533" WIDTH="826" HEIGHT="28">
							<String ID="string_108" HPOS="195" VPOS="533" WIDTH="68" HEIGHT="20" WC="0.96" CONTENT="hållas"/><SP WIDTH="24" VPOS="533" HPOS="263"/>
							<String ID="string_109" HPOS="287" VPOS="533" WIDTH="28" HEIGHT="28" WC="0.92" CONTENT="på"/><SP WIDTH="22" VPOS="533" HPOS="315"/>
							<String ID="string_110" HPOS="337" VPOS="533" WIDTH="128" HEIGHT="27" WC="0.91" CONTENT="söckendag,"/><SP WIDTH="23" VPOS="533" HPOS="465"/>
							<String ID="string_111" HPOS="488" VPOS="533" WIDTH="64" HEIGHT="21" WC="0.96" CONTENT="äfven"/><SP WIDTH="24" VPOS="533" HPOS="552"/>
							<String ID="string_112" HPOS="576" VPOS="533" WIDTH="68" HEIGHT="21" WC="0.96" CONTENT="blifva"/><SP WIDTH="22" VPOS="533" HPOS="644"/>
							<String ID="string_113" HPOS="666" VPOS="536" WIDTH="31" HEIGHT="17" WC="0.93" CONTENT="ett"/><SP WIDTH="22" VPOS="536" HPOS="697"/>
							<String ID="string_114" HPOS="719" VPOS="533" WIDTH="168" HEIGHT="28" WC="0.91" CONTENT="samvetstvång."/><SP WIDTH="30" VPOS="533" HPOS="887"/>
							<String ID="string_115" HPOS="917" VPOS="533" WIDTH="43" HEIGHT="21" WC="0.94" CONTENT="Det"/><SP WIDTH="21" VPOS="533" HPOS="960"/>
							<String ID="string_116" HPOS="981" VPOS="533" WIDTH="40" HEIGHT="20" WC="0.96" CONTENT="kan"/>
						</TextLine>
						<TextLine ID="line_13" HPOS="195" VPOS="561" WIDTH="828" HEIGHT="28">
							<String ID="string_117" HPOS="195" VPOS="561" WIDTH="68" HEIGHT="21" WC="0.94" CONTENT="finnas"/><SP WIDTH="25" VPOS="561" HPOS="263"/>
							<String ID="string_118" HPOS="288" VPOS="561" WIDTH="178" HEIGHT="28" WC="0.95" CONTENT="röstberättigade"/><SP WIDTH="22" VPOS="561" HPOS="466"/>
							<String ID="string_119" HPOS="488" VPOS="561" WIDTH="138" HEIGHT="21" WC="0.95" CONTENT="medlemmar"/><SP WIDTH="22" VPOS="561" HPOS="626"/>
							<String ID="string_120" HPOS="648" VPOS="561" WIDTH="23" HEIGHT="21" WC="0.96" CONTENT="af"/><SP WIDTH="19" VPOS="561" HPOS="671"/>
							<String ID="string_121" HPOS="690" VPOS="569" WIDTH="25" HEIGHT="13" WC="0.96" CONTENT="en"/><SP WIDTH="23" VPOS="569" HPOS="715"/>
							<String ID="string_122" HPOS="738" VPOS="561" WIDTH="107" HEIGHT="28" WC="0.96" CONTENT="kommun,"/><SP WIDTH="16" VPOS="561" HPOS="845"/>
							<String ID="string_123" HPOS="861" VPOS="561" WIDTH="72" HEIGHT="21" WC="0.96" CONTENT="hvilka"/><SP WIDTH="17" VPOS="561" HPOS="933"/>
							<String ID="string_124" HPOS="950" VPOS="561" WIDTH="22" HEIGHT="21" WC="0.96" CONTENT="af"/><SP WIDTH="14" VPOS="561" HPOS="972"/>
							<String ID="string_125" HPOS="986" VPOS="562" WIDTH="37" HEIGHT="20" WC="0.96" CONTENT="sitt"/>
						</TextLine>
						<TextLine ID="line_14" HPOS="195" VPOS="589" WIDTH="827" HEIGHT="29">
							<String ID="string_126" HPOS="195" VPOS="592" WIDTH="97" HEIGHT="19" WC="0.96" CONTENT="samvete"/><SP WIDTH="23" VPOS="592" HPOS="292"/>
							<String ID="string_127" HPOS="315" VPOS="591" WIDTH="37" HEIGHT="20" WC="0.95" CONTENT="äro"/><SP WIDTH="22" VPOS="591" HPOS="352"/>
							<String ID="string_128" HPOS="374" VPOS="589" WIDTH="138" HEIGHT="22" WC="0.95" CONTENT="förhindrade"/><SP WIDTH="22" VPOS="589" HPOS="512"/>
							<String ID="string_129" HPOS="534" VPOS="593" WIDTH="32" HEIGHT="18" WC="0.96" CONTENT="att"/><SP WIDTH="22" VPOS="593" HPOS="566"/>
							<String ID="string_130" HPOS="588" VPOS="589" WIDTH="85" HEIGHT="28" WC="0.96" CONTENT="deltaga"/><SP WIDTH="23" VPOS="589" HPOS="673"/>
							<String ID="string_131" HPOS="696" VPOS="591" WIDTH="4" HEIGHT="19" WC="0.96" CONTENT="i"/><SP WIDTH="25" VPOS="591" HPOS="700"/>
							<String ID="string_132" HPOS="725" VPOS="591" WIDTH="107" HEIGHT="24" WC="0.96" CONTENT="stämmor,"/><SP WIDTH="20" VPOS="591" HPOS="832"/>
							<String ID="string_133" HPOS="852" VPOS="597" WIDTH="45" HEIGHT="14" WC="0.96" CONTENT="som"/><SP WIDTH="16" VPOS="597" HPOS="897"/>
							<String ID="string_134" HPOS="913" VPOS="590" WIDTH="66" HEIGHT="21" WC="0.96" CONTENT="hållas"/><SP WIDTH="16" VPOS="590" HPOS="979"/>
							<String ID="string_135" HPOS="995" VPOS="590" WIDTH="27" HEIGHT="28" WC="0.96" CONTENT="på"/>
						</TextLine>
						<TextLine ID="line_15" HPOS="193" VPOS="617" WIDTH="828" HEIGHT="29">
							<String ID="string_136" HPOS="193" VPOS="617" WIDTH="90" HEIGHT="28" WC="0.96" CONTENT="söndag,"/><SP WIDTH="16" VPOS="617" HPOS="283"/>
							<String ID="string_137" HPOS="299" VPOS="618" WIDTH="40" HEIGHT="21" WC="0.96" CONTENT="och"/><SP WIDTH="23" VPOS="618" HPOS="339"/>
							<String ID="string_138" HPOS="362" VPOS="618" WIDTH="72" HEIGHT="21" WC="0.96" CONTENT="derför"/><SP WIDTH="15" VPOS="618" HPOS="434"/>
							<String ID="string_139" HPOS="449" VPOS="619" WIDTH="5" HEIGHT="20" WC="0.96" CONTENT="i"/><SP WIDTH="16" VPOS="619" HPOS="454"/>
							<String ID="string_140" HPOS="470" VPOS="618" WIDTH="71" HEIGHT="28" WC="0.95" CONTENT="regeln"/><SP WIDTH="20" VPOS="618" HPOS="541"/>
							<String ID="string_141" HPOS="561" VPOS="618" WIDTH="69" HEIGHT="21" WC="0.93" CONTENT="skulle"/><SP WIDTH="18" VPOS="618" HPOS="630"/>
							<String ID="string_142" HPOS="648" VPOS="618" WIDTH="151" HEIGHT="28" WC="0.91" CONTENT="undandragas"/><SP WIDTH="14" VPOS="618" HPOS="799"/>
							<String ID="string_143" HPOS="813" VPOS="619" WIDTH="41" HEIGHT="20" WC="0.96" CONTENT="den"/><SP WIDTH="13" VPOS="619" HPOS="854"/>
							<String ID="string_144" HPOS="867" VPOS="621" WIDTH="42" HEIGHT="18" WC="0.96" CONTENT="rätt"/><SP WIDTH="10" VPOS="621" HPOS="909"/>
							<String ID="string_145" HPOS="919" VPOS="618" WIDTH="26" HEIGHT="21" WC="0.96" CONTENT="de"/><SP WIDTH="11" VPOS="618" HPOS="945"/>
							<String ID="string_146" HPOS="956" VPOS="618" WIDTH="65" HEIGHT="21" WC="0.95" CONTENT="hafva"/>
						</TextLine>
						<TextLine ID="line_16" HPOS="195" VPOS="646" WIDTH="827" HEIGHT="29">
							<String ID="string_147" HPOS="195" VPOS="649" WIDTH="32" HEIGHT="18" WC="0.96" CONTENT="att"/><SP WIDTH="14" VPOS="649" HPOS="227"/>
							<String ID="string_148" HPOS="241" VPOS="646" WIDTH="88" HEIGHT="28" WC="0.96" CONTENT="deltaga"/><SP WIDTH="15" VPOS="646" HPOS="329"/>
							<String ID="string_149" HPOS="344" VPOS="647" WIDTH="7" HEIGHT="20" WC="0.96" CONTENT="i"/><SP WIDTH="16" VPOS="647" HPOS="351"/>
							<String ID="string_150" HPOS="367" VPOS="647" WIDTH="139" HEIGHT="21" WC="0.96" CONTENT="kommunens"/><SP WIDTH="16" VPOS="647" HPOS="506"/>
							<String ID="string_151" HPOS="522" VPOS="647" WIDTH="183" HEIGHT="28" WC="0.95" CONTENT="angelägenheter."/><SP WIDTH="30" VPOS="647" HPOS="705"/>
							<String ID="string_152" HPOS="735" VPOS="647" WIDTH="42" HEIGHT="28" WC="0.96" CONTENT="Jag"/><SP WIDTH="10" VPOS="647" HPOS="777"/>
							<String ID="string_153" HPOS="787" VPOS="647" WIDTH="69" HEIGHT="21" WC="0.96" CONTENT="skulle"/><SP WIDTH="11" VPOS="647" HPOS="856"/>
							<String ID="string_154" HPOS="867" VPOS="647" WIDTH="78" HEIGHT="25" WC="0.96" CONTENT="derför,"/><SP WIDTH="10" VPOS="647" HPOS="945"/>
							<String ID="string_155" HPOS="955" VPOS="647" WIDTH="67" HEIGHT="21" WC="0.96" CONTENT="under"/>
						</TextLine>
						<TextLine ID="line_17" HPOS="195" VPOS="675" WIDTH="827" HEIGHT="28">
							<String ID="string_156" HPOS="195" VPOS="675" WIDTH="129" HEIGHT="28" WC="0.96" CONTENT="påpekande"/><SP WIDTH="15" VPOS="675" HPOS="324"/>
							<String ID="string_157" HPOS="339" VPOS="675" WIDTH="23" HEIGHT="21" WC="0.96" CONTENT="af"/><SP WIDTH="15" VPOS="675" HPOS="362"/>
							<String ID="string_158" HPOS="377" VPOS="675" WIDTH="52" HEIGHT="21" WC="0.96" CONTENT="huru"/><SP WIDTH="16" VPOS="675" HPOS="429"/>
							<String ID="string_159" HPOS="445" VPOS="675" WIDTH="109" HEIGHT="28" WC="0.96" CONTENT="olämpligt"/><SP WIDTH="16" VPOS="675" HPOS="554"/>
							<String ID="string_160" HPOS="570" VPOS="675" WIDTH="37" HEIGHT="21" WC="0.96" CONTENT="det"/><SP WIDTH="15" VPOS="675" HPOS="607"/>
							<String ID="string_161" HPOS="622" VPOS="677" WIDTH="24" HEIGHT="19" WC="0.96" CONTENT="är"/><SP WIDTH="14" VPOS="677" HPOS="646"/>
							<String ID="string_162" HPOS="660" VPOS="678" WIDTH="32" HEIGHT="18" WC="0.96" CONTENT="att"/><SP WIDTH="14" VPOS="678" HPOS="692"/>
							<String ID="string_163" HPOS="706" VPOS="677" WIDTH="69" HEIGHT="19" WC="0.96" CONTENT="straxt"/><SP WIDTH="15" VPOS="677" HPOS="775"/>
							<String ID="string_164" HPOS="790" VPOS="675" WIDTH="55" HEIGHT="22" WC="0.96" CONTENT="efter"/><SP WIDTH="16" VPOS="675" HPOS="845"/>
							<String ID="string_165" HPOS="861" VPOS="683" WIDTH="25" HEIGHT="13" WC="0.93" CONTENT="en"/><SP WIDTH="16" VPOS="683" HPOS="886"/>
							<String ID="string_166" HPOS="902" VPOS="675" WIDTH="120" HEIGHT="28" WC="0.91" CONTENT="gudstjenst"/>
						</TextLine>
						<TextLine ID="line_18" HPOS="195" VPOS="703" WIDTH="825" HEIGHT="29">
							<String ID="string_167" HPOS="195" VPOS="703" WIDTH="118" HEIGHT="22" WC="0.91" CONTENT="åhörarene"/><SP WIDTH="16" VPOS="703" HPOS="313"/>
							<String ID="string_168" HPOS="329" VPOS="703" WIDTH="47" HEIGHT="21" WC="0.96" CONTENT="från"/><SP WIDTH="17" VPOS="703" HPOS="376"/>
							<String ID="string_169" HPOS="393" VPOS="704" WIDTH="81" HEIGHT="28" WC="0.96" CONTENT="kyrkan"/><SP WIDTH="16" VPOS="704" HPOS="474"/>
							<String ID="string_170" HPOS="490" VPOS="704" WIDTH="59" HEIGHT="21" WC="0.93" CONTENT="skola"/><SP WIDTH="17" VPOS="704" HPOS="549"/>
							<String ID="string_171" HPOS="566" VPOS="704" WIDTH="99" HEIGHT="27" WC="0.93" CONTENT="begynna"/><SP WIDTH="15" VPOS="704" HPOS="665"/>
							<String ID="string_172" HPOS="680" VPOS="706" WIDTH="54" HEIGHT="19" WC="0.96" CONTENT="träta"/><SP WIDTH="16" VPOS="706" HPOS="734"/>
							<String ID="string_173" HPOS="750" VPOS="711" WIDTH="34" HEIGHT="14" WC="0.89" CONTENT="om"/><SP WIDTH="16" VPOS="711" HPOS="784"/>
							<String ID="string_174" HPOS="800" VPOS="704" WIDTH="115" HEIGHT="28" WC="0.89" CONTENT="verldsliga"/><SP WIDTH="16" VPOS="704" HPOS="915"/>
							<String ID="string_175" HPOS="931" VPOS="705" WIDTH="51" HEIGHT="26" WC="0.96" CONTENT="ting,"/><SP WIDTH="13" VPOS="705" HPOS="982"/>
							<String ID="string_176" HPOS="995" VPOS="704" WIDTH="25" HEIGHT="21" WC="0.96" CONTENT="be"/>
						</TextLine>
						<TextLine ID="line_19" HPOS="194" VPOS="732" WIDTH="827" HEIGHT="28">
							<String ID="string_177" HPOS="194" VPOS="734" WIDTH="31" HEIGHT="19" WC="0.95" CONTENT="att"/><SP WIDTH="23" VPOS="734" HPOS="225"/>
							<String ID="string_178" HPOS="248" VPOS="732" WIDTH="25" HEIGHT="21" WC="0.95" CONTENT="få"/><SP WIDTH="22" VPOS="732" HPOS="273"/>
							<String ID="string_179" HPOS="295" VPOS="732" WIDTH="84" HEIGHT="21" WC="0.93" CONTENT="biträda"/><SP WIDTH="20" VPOS="732" HPOS="379"/>
							<String ID="string_180" HPOS="399" VPOS="733" WIDTH="171" HEIGHT="20" WC="0.91" CONTENT="reservationens"/><SP WIDTH="22" VPOS="733" HPOS="570"/>
							<String ID="string_181" HPOS="592" VPOS="733" WIDTH="81" HEIGHT="27" WC="0.93" CONTENT="förslag"/><SP WIDTH="23" VPOS="733" HPOS="673"/>
							<String ID="string_182" HPOS="696" VPOS="735" WIDTH="44" HEIGHT="18" WC="0.92" CONTENT="»att"/><SP WIDTH="15" VPOS="735" HPOS="740"/>
							<String ID="string_183" HPOS="755" VPOS="733" WIDTH="212" HEIGHT="20" WC="0.91" CONTENT="kommunalstämma"/><SP WIDTH="17" VPOS="733" HPOS="967"/>
							<String ID="string_184" HPOS="984" VPOS="733" WIDTH="37" HEIGHT="20" WC="0.95" CONTENT="bör"/>
						</TextLine>
						<TextLine ID="line_20" HPOS="194" VPOS="760" WIDTH="826" HEIGHT="29">
							<String ID="string_185" HPOS="194" VPOS="760" WIDTH="68" HEIGHT="21" WC="0.93" CONTENT="hållas"/><SP WIDTH="17" VPOS="760" HPOS="262"/>
							<String ID="string_186" HPOS="279" VPOS="760" WIDTH="12" HEIGHT="21" WC="0.69" CONTENT="å"/><SP WIDTH="16" VPOS="760" HPOS="291"/>
							<String ID="string_187" HPOS="307" VPOS="760" WIDTH="128" HEIGHT="29" WC="0.91" CONTENT="söckendag,"/><SP WIDTH="16" VPOS="760" HPOS="435"/>
							<String ID="string_188" HPOS="451" VPOS="762" WIDTH="18" HEIGHT="27" WC="0.96" CONTENT="ej"/><SP WIDTH="16" VPOS="762" HPOS="469"/>
							<String ID="string_189" HPOS="485" VPOS="761" WIDTH="91" HEIGHT="28" WC="0.96" CONTENT="tidigare"/><SP WIDTH="16" VPOS="761" HPOS="576"/>
							<String ID="string_190" HPOS="592" VPOS="763" WIDTH="26" HEIGHT="18" WC="0.93" CONTENT="än"/><SP WIDTH="17" VPOS="763" HPOS="618"/>
							<String ID="string_191" HPOS="635" VPOS="761" WIDTH="61" HEIGHT="21" WC="0.93" CONTENT="14:de"/><SP WIDTH="16" VPOS="761" HPOS="696"/>
							<String ID="string_192" HPOS="712" VPOS="761" WIDTH="69" HEIGHT="28" WC="0.96" CONTENT="dagen"/><SP WIDTH="16" VPOS="761" HPOS="781"/>
							<String ID="string_193" HPOS="797" VPOS="761" WIDTH="48" HEIGHT="21" WC="0.96" CONTENT="från"/><SP WIDTH="17" VPOS="761" HPOS="845"/>
							<String ID="string_194" HPOS="862" VPOS="761" WIDTH="47" HEIGHT="26" WC="0.96" CONTENT="den,"/><SP WIDTH="16" VPOS="761" HPOS="909"/>
							<String ID="string_195" HPOS="925" VPOS="761" WIDTH="27" HEIGHT="20" WC="0.93" CONTENT="dä"/><SP WIDTH="15" VPOS="761" HPOS="952"/>
							<String ID="string_196" HPOS="967" VPOS="761" WIDTH="53" HEIGHT="21" WC="0.92" CONTENT="kun-"/>
						</TextLine>
						<TextLine ID="line_21" HPOS="193" VPOS="789" WIDTH="827" HEIGHT="29">
							<String ID="string_197" HPOS="193" VPOS="789" WIDTH="86" HEIGHT="28" WC="0.91" CONTENT="görelse"/><SP WIDTH="23" VPOS="789" HPOS="279"/>
							<String ID="string_198" HPOS="302" VPOS="789" WIDTH="68" HEIGHT="21" WC="0.96" CONTENT="första"/><SP WIDTH="23" VPOS="789" HPOS="370"/>
							<String ID="string_199" HPOS="393" VPOS="789" WIDTH="83" HEIGHT="28" WC="0.93" CONTENT="gången"/><SP WIDTH="22" VPOS="789" HPOS="476"/>
							<String ID="string_200" HPOS="498" VPOS="790" WIDTH="104" HEIGHT="28" WC="0.90" CONTENT="upplästs,"/><SP WIDTH="20" VPOS="790" HPOS="602"/>
							<String ID="string_201" HPOS="622" VPOS="797" WIDTH="48" HEIGHT="14" WC="0.96" CONTENT="men"/><SP WIDTH="22" VPOS="797" HPOS="670"/>
							<String ID="string_202" HPOS="692" VPOS="789" WIDTH="85" HEIGHT="22" WC="0.96" CONTENT="fordras"/><SP WIDTH="20" VPOS="789" HPOS="777"/>
							<String ID="string_203" HPOS="797" VPOS="790" WIDTH="35" HEIGHT="21" WC="0.96" CONTENT="för"/><SP WIDTH="18" VPOS="790" HPOS="832"/>
							<String ID="string_204" HPOS="850" VPOS="789" WIDTH="89" HEIGHT="22" WC="0.96" CONTENT="ärendet"/><SP WIDTH="15" VPOS="789" HPOS="939"/>
							<String ID="string_205" HPOS="954" VPOS="791" WIDTH="66" HEIGHT="19" WC="0.96" CONTENT="större"/>
						</TextLine>
						<TextLine ID="line_22" HPOS="194" VPOS="817" WIDTH="827" HEIGHT="29">
							<String ID="string_206" HPOS="194" VPOS="817" WIDTH="162" HEIGHT="28" WC="0.91" CONTENT="skyndsamhet,"/><SP WIDTH="21" VPOS="817" HPOS="356"/>
							<String ID="string_207" HPOS="377" VPOS="818" WIDTH="40" HEIGHT="21" WC="0.96" CONTENT="och"/><SP WIDTH="22" VPOS="818" HPOS="417"/>
							<String ID="string_208" HPOS="439" VPOS="820" WIDTH="23" HEIGHT="19" WC="0.96" CONTENT="är"/><SP WIDTH="21" VPOS="820" HPOS="462"/>
							<String ID="string_209" HPOS="483" VPOS="819" WIDTH="18" HEIGHT="27" WC="0.96" CONTENT="ej"/><SP WIDTH="21" VPOS="819" HPOS="501"/>
							<String ID="string_210" HPOS="522" VPOS="818" WIDTH="77" HEIGHT="27" WC="0.96" CONTENT="frågan"/><SP WIDTH="19" VPOS="818" HPOS="599"/>
							<String ID="string_211" HPOS="618" VPOS="825" WIDTH="33" HEIGHT="14" WC="0.96" CONTENT="om"/><SP WIDTH="17" VPOS="825" HPOS="651"/>
							<String ID="string_212" HPOS="668" VPOS="826" WIDTH="28" HEIGHT="20" WC="0.96" CONTENT="ny"/><SP WIDTH="15" VPOS="826" HPOS="696"/>
							<String ID="string_213" HPOS="711" VPOS="818" WIDTH="52" HEIGHT="21" WC="0.96" CONTENT="eller"/><SP WIDTH="15" VPOS="818" HPOS="763"/>
							<String ID="string_214" HPOS="778" VPOS="818" WIDTH="85" HEIGHT="28" WC="0.96" CONTENT="förhöjd"/><SP WIDTH="16" VPOS="818" HPOS="863"/>
							<String ID="string_215" HPOS="879" VPOS="818" WIDTH="142" HEIGHT="28" WC="0.96" CONTENT="beskattning,"/>
						</TextLine>
						<TextLine ID="line_23" HPOS="194" VPOS="845" WIDTH="826" HEIGHT="30">
							<String ID="string_216" HPOS="194" VPOS="845" WIDTH="42" HEIGHT="22" WC="0.96" CONTENT="kan"/><SP WIDTH="22" VPOS="845" HPOS="236"/>
							<String ID="string_217" HPOS="258" VPOS="846" WIDTH="119" HEIGHT="21" WC="0.95" CONTENT="detsamma"/><SP WIDTH="20" VPOS="846" HPOS="377"/>
							<String ID="string_218" HPOS="397" VPOS="846" WIDTH="115" HEIGHT="22" WC="0.93" CONTENT="behandlas"/><SP WIDTH="15" VPOS="846" HPOS="512"/>
							<String ID="string_219" HPOS="527" VPOS="847" WIDTH="13" HEIGHT="20" WC="0.92" CONTENT="å"/><SP WIDTH="15" VPOS="847" HPOS="540"/>
							<String ID="string_220" HPOS="555" VPOS="848" WIDTH="90" HEIGHT="19" WC="0.96" CONTENT="stämma"/><SP WIDTH="15" VPOS="848" HPOS="645"/>
							<String ID="string_221" HPOS="660" VPOS="847" WIDTH="89" HEIGHT="28" WC="0.96" CONTENT="tidigast"/><SP WIDTH="15" VPOS="847" HPOS="749"/>
							<String ID="string_222" HPOS="764" VPOS="847" WIDTH="41" HEIGHT="21" WC="0.96" CONTENT="den"/><SP WIDTH="17" VPOS="847" HPOS="805"/>
							<String ID="string_223" HPOS="822" VPOS="847" WIDTH="42" HEIGHT="26" WC="0.96" CONTENT="dag"/><SP WIDTH="15" VPOS="847" HPOS="864"/>
							<String ID="string_224" HPOS="879" VPOS="847" WIDTH="141" HEIGHT="27" WC="0.96" CONTENT="kungörelsen"/>
						</TextLine>
					</TextBlock>
				</ComposedBlock>
				<ComposedBlock ID="cblock_3" HPOS="193" VPOS="873" WIDTH="481" HEIGHT="30">
					<TextBlock ID="block_2" HPOS="193" VPOS="873" WIDTH="481" HEIGHT="30">
						<TextLine ID="line_24" HPOS="193" VPOS="873" WIDTH="481" HEIGHT="30">
							<String ID="string_225" HPOS="193" VPOS="873" WIDTH="75" HEIGHT="23" WC="0.96" CONTENT="blifvit"/><SP WIDTH="15" VPOS="873" HPOS="268"/>
							<String ID="string_226" HPOS="283" VPOS="874" WIDTH="66" HEIGHT="22" WC="0.96" CONTENT="andra"/><SP WIDTH="14" VPOS="874" HPOS="349"/>
							<String ID="string_227" HPOS="363" VPOS="875" WIDTH="84" HEIGHT="28" WC="0.96" CONTENT="gången"/><SP WIDTH="15" VPOS="875" HPOS="447"/>
							<String ID="string_228" HPOS="462" VPOS="876" WIDTH="7" HEIGHT="20" WC="0.96" CONTENT="i"/><SP WIDTH="15" VPOS="876" HPOS="469"/>
							<String ID="string_229" HPOS="484" VPOS="875" WIDTH="82" HEIGHT="28" WC="0.96" CONTENT="kyrkan"/><SP WIDTH="16" VPOS="875" HPOS="566"/>
							<String ID="string_230" HPOS="582" VPOS="875" WIDTH="92" HEIGHT="28" WC="0.96" CONTENT="uppläst."/>
						</TextLine>
					</TextBlock>
				</ComposedBlock>
				<ComposedBlock ID="cblock_4" HPOS="192" VPOS="948" WIDTH="828" HEIGHT="144">
					<TextBlock ID="block_3" HPOS="192" VPOS="948" WIDTH="828" HEIGHT="144">
						<TextLine ID="line_25" HPOS="262" VPOS="948" WIDTH="757" HEIGHT="29">
							<String ID="string_231" HPOS="262" VPOS="948" WIDTH="35" HEIGHT="21" WC="0.93" CONTENT="Hr"/><SP WIDTH="27" VPOS="948" HPOS="297"/>
							<String ID="string_232" HPOS="324" VPOS="949" WIDTH="172" HEIGHT="28" WC="0.91" CONTENT="Furuhjelm:"/><SP WIDTH="30" VPOS="949" HPOS="496"/>
							<String ID="string_233" HPOS="526" VPOS="949" WIDTH="42" HEIGHT="28" WC="0.96" CONTENT="Jag"/><SP WIDTH="25" VPOS="949" HPOS="568"/>
							<String ID="string_234" HPOS="593" VPOS="951" WIDTH="80" HEIGHT="20" WC="0.96" CONTENT="erinrar"/><SP WIDTH="24" VPOS="951" HPOS="673"/>
							<String ID="string_235" HPOS="697" VPOS="951" WIDTH="44" HEIGHT="26" WC="0.96" CONTENT="mig"/><SP WIDTH="25" VPOS="951" HPOS="741"/>
							<String ID="string_236" HPOS="766" VPOS="949" WIDTH="129" HEIGHT="22" WC="0.94" CONTENT="åtminstone"/><SP WIDTH="26" VPOS="949" HPOS="895"/>
							<String ID="string_237" HPOS="921" VPOS="952" WIDTH="30" HEIGHT="19" WC="0.96" CONTENT="ett"/><SP WIDTH="24" VPOS="952" HPOS="951"/>
							<String ID="string_238" HPOS="975" VPOS="949" WIDTH="44" HEIGHT="27" WC="0.93" CONTENT="fall,"/>
						</TextLine>
						<TextLine ID="line_26" HPOS="193" VPOS="977" WIDTH="826" HEIGHT="28">
							<String ID="string_239" HPOS="193" VPOS="977" WIDTH="38" HEIGHT="21" WC="0.93" CONTENT="der"/><SP WIDTH="22" VPOS="977" HPOS="231"/>
							<String ID="string_240" HPOS="253" VPOS="977" WIDTH="161" HEIGHT="28" WC="0.92" CONTENT="kyrkostämma"/><SP WIDTH="21" VPOS="977" HPOS="414"/>
							<String ID="string_241" HPOS="435" VPOS="978" WIDTH="71" HEIGHT="21" WC="0.92" CONTENT="hållits"/><SP WIDTH="23" VPOS="978" HPOS="506"/>
							<String ID="string_242" HPOS="529" VPOS="977" WIDTH="27" HEIGHT="28" WC="0.96" CONTENT="på"/><SP WIDTH="20" VPOS="977" HPOS="556"/>
							<String ID="string_243" HPOS="576" VPOS="978" WIDTH="88" HEIGHT="27" WC="0.96" CONTENT="söndag."/><SP WIDTH="31" VPOS="978" HPOS="664"/>
							<String ID="string_244" HPOS="695" VPOS="978" WIDTH="34" HEIGHT="21" WC="0.95" CONTENT="Då"/><SP WIDTH="22" VPOS="978" HPOS="729"/>
							<String ID="string_245" HPOS="751" VPOS="978" WIDTH="58" HEIGHT="21" WC="0.94" CONTENT="detta"/><SP WIDTH="23" VPOS="978" HPOS="809"/>
							<String ID="string_246" HPOS="832" VPOS="986" WIDTH="28" HEIGHT="13" WC="0.96" CONTENT="nu"/><SP WIDTH="16" VPOS="986" HPOS="860"/>
							<String ID="string_247" HPOS="876" VPOS="979" WIDTH="47" HEIGHT="20" WC="0.96" CONTENT="icke"/><SP WIDTH="16" VPOS="979" HPOS="923"/>
							<String ID="string_248" HPOS="939" VPOS="981" WIDTH="80" HEIGHT="18" WC="0.96" CONTENT="ansetts"/>
						</TextLine>
						<TextLine ID="line_27" HPOS="192" VPOS="1006" WIDTH="828" HEIGHT="29">
							<String ID="string_249" HPOS="192" VPOS="1006" WIDTH="113" HEIGHT="27" WC="0.91" CONTENT="anstötligt"/><SP WIDTH="22" VPOS="1006" HPOS="305"/>
							<String ID="string_250" HPOS="327" VPOS="1006" WIDTH="41" HEIGHT="21" WC="0.96" CONTENT="och"/><SP WIDTH="23" VPOS="1006" HPOS="368"/>
							<String ID="string_251" HPOS="391" VPOS="1006" WIDTH="36" HEIGHT="21" WC="0.90" CONTENT="vid"/><SP WIDTH="23" VPOS="1006" HPOS="427"/>
							<String ID="string_252" HPOS="450" VPOS="1007" WIDTH="158" HEIGHT="28" WC="0.90" CONTENT="kyrkostämma"/><SP WIDTH="22" VPOS="1007" HPOS="608"/>
							<String ID="string_253" HPOS="630" VPOS="1007" WIDTH="46" HEIGHT="21" WC="0.96" CONTENT="ofta"/><SP WIDTH="15" VPOS="1007" HPOS="676"/>
							<String ID="string_254" HPOS="691" VPOS="1007" WIDTH="118" HEIGHT="21" WC="0.93" CONTENT="behandlas"/><SP WIDTH="16" VPOS="1007" HPOS="809"/>
							<String ID="string_255" HPOS="825" VPOS="1007" WIDTH="115" HEIGHT="28" WC="0.92" CONTENT="verldsliga"/><SP WIDTH="16" VPOS="1007" HPOS="940"/>
							<String ID="string_256" HPOS="956" VPOS="1014" WIDTH="64" HEIGHT="20" WC="0.92" CONTENT="ange-"/>
						</TextLine>
						<TextLine ID="line_28" HPOS="192" VPOS="1033" WIDTH="826" HEIGHT="30">
							<String ID="string_257" HPOS="192" VPOS="1033" WIDTH="131" HEIGHT="28" WC="0.96" CONTENT="lägenheter,"/><SP WIDTH="20" VPOS="1033" HPOS="323"/>
							<String ID="string_258" HPOS="343" VPOS="1035" WIDTH="23" HEIGHT="20" WC="0.96" CONTENT="så"/><SP WIDTH="21" VPOS="1035" HPOS="366"/>
							<String ID="string_259" HPOS="387" VPOS="1038" WIDTH="36" HEIGHT="17" WC="0.97" CONTENT="vet"/><SP WIDTH="19" VPOS="1038" HPOS="423"/>
							<String ID="string_260" HPOS="442" VPOS="1035" WIDTH="34" HEIGHT="28" WC="0.96" CONTENT="jag"/><SP WIDTH="16" VPOS="1035" HPOS="476"/>
							<String ID="string_261" HPOS="492" VPOS="1035" WIDTH="48" HEIGHT="21" WC="0.96" CONTENT="icke"/><SP WIDTH="16" VPOS="1035" HPOS="540"/>
							<String ID="string_262" HPOS="556" VPOS="1038" WIDTH="32" HEIGHT="17" WC="0.96" CONTENT="att"/><SP WIDTH="15" VPOS="1038" HPOS="588"/>
							<String ID="string_263" HPOS="603" VPOS="1035" WIDTH="37" HEIGHT="21" WC="0.96" CONTENT="det"/><SP WIDTH="15" VPOS="1035" HPOS="640"/>
							<String ID="string_264" HPOS="655" VPOS="1043" WIDTH="50" HEIGHT="13" WC="0.96" CONTENT="vore"/><SP WIDTH="16" VPOS="1043" HPOS="705"/>
							<String ID="string_265" HPOS="721" VPOS="1035" WIDTH="66" HEIGHT="28" WC="0.96" CONTENT="något"/><SP WIDTH="16" VPOS="1035" HPOS="787"/>
							<String ID="string_266" HPOS="803" VPOS="1043" WIDTH="44" HEIGHT="13" WC="0.92" CONTENT="mer"/><SP WIDTH="16" VPOS="1043" HPOS="847"/>
							<String ID="string_267" HPOS="863" VPOS="1035" WIDTH="110" HEIGHT="28" WC="0.92" CONTENT="anstötligt"/><SP WIDTH="15" VPOS="1035" HPOS="973"/>
							<String ID="string_268" HPOS="988" VPOS="1038" WIDTH="30" HEIGHT="17" WC="0.96" CONTENT="att"/>
						</TextLine>
						<TextLine ID="line_29" HPOS="192" VPOS="1043" WIDTH="706" HEIGHT="49">
							<String ID="string_269" HPOS="192" VPOS="1062" WIDTH="29" HEIGHT="29" WC="0.96" CONTENT="på"/><SP WIDTH="15" VPOS="1062" HPOS="221"/>
							<String ID="string_270" HPOS="236" VPOS="1063" WIDTH="111" HEIGHT="28" WC="0.96" CONTENT="söndagen"/><SP WIDTH="16" VPOS="1063" HPOS="347"/>
							<String ID="string_271" HPOS="363" VPOS="1043" WIDTH="104" HEIGHT="42" WC="0.5" CONTENT="behäriäla"/><SP WIDTH="15" VPOS="1043" HPOS="467"/>
							<String ID="string_272" HPOS="482" VPOS="1063" WIDTH="64" HEIGHT="22" WC="0.96" CONTENT="äfven"/><SP WIDTH="16" VPOS="1063" HPOS="546"/>
							<String ID="string_273" HPOS="562" VPOS="1064" WIDTH="136" HEIGHT="21" WC="0.96" CONTENT="kommunala"/><SP WIDTH="16" VPOS="1064" HPOS="698"/>
							<String ID="string_274" HPOS="714" VPOS="1064" WIDTH="184" HEIGHT="28" WC="0.96" CONTENT="angelägenheter."/>
						</TextLine>
					</TextBlock>
				</ComposedBlock>
				<ComposedBlock ID="cblock_5" HPOS="191" VPOS="1136" WIDTH="827" HEIGHT="87">
					<TextBlock ID="block_4" HPOS="191" VPOS="1136" WIDTH="827" HEIGHT="87">
						<TextLine ID="line_30" HPOS="262" VPOS="1136" WIDTH="756" HEIGHT="29">
							<String ID="string_275" HPOS="262" VPOS="1136" WIDTH="59" HEIGHT="22" WC="0.86" CONTENT="Frih."/><SP WIDTH="14" VPOS="1136" HPOS="321"/>
							<String ID="string_276" HPOS="335" VPOS="1137" WIDTH="56" HEIGHT="21" WC="0.92" CONTENT="Edv."/><SP WIDTH="16" VPOS="1137" HPOS="391"/>
							<String ID="string_277" HPOS="407" VPOS="1137" WIDTH="153" HEIGHT="28" WC="0.91" CONTENT="Hisinger:"/><SP WIDTH="30" VPOS="1137" HPOS="560"/>
							<String ID="string_278" HPOS="590" VPOS="1137" WIDTH="28" HEIGHT="22" WC="0.96" CONTENT="Ja"/><SP WIDTH="16" VPOS="1137" HPOS="618"/>
							<String ID="string_279" HPOS="634" VPOS="1137" WIDTH="37" HEIGHT="22" WC="0.95" CONTENT="ber"/><SP WIDTH="14" VPOS="1137" HPOS="671"/>
							<String ID="string_280" HPOS="685" VPOS="1137" WIDTH="23" HEIGHT="21" WC="0.93" CONTENT="få"/><SP WIDTH="15" VPOS="1137" HPOS="708"/>
							<String ID="string_281" HPOS="723" VPOS="1137" WIDTH="132" HEIGHT="22" WC="0.93" CONTENT="understöda"/><SP WIDTH="16" VPOS="1137" HPOS="855"/>
							<String ID="string_282" HPOS="871" VPOS="1137" WIDTH="33" HEIGHT="21" WC="0.93" CONTENT="Hr"/><SP WIDTH="10" VPOS="1137" HPOS="904"/>
							<String ID="string_283" HPOS="914" VPOS="1137" WIDTH="104" HEIGHT="28" WC="0.92" CONTENT="Björken-"/>
						</TextLine>
						<TextLine ID="line_31" HPOS="191" VPOS="1164" WIDTH="827" HEIGHT="30">
							<String ID="string_284" HPOS="191" VPOS="1164" WIDTH="57" HEIGHT="21" WC="0.91" CONTENT="heim"/><SP WIDTH="23" VPOS="1164" HPOS="248"/>
							<String ID="string_285" HPOS="271" VPOS="1165" WIDTH="41" HEIGHT="22" WC="0.96" CONTENT="och"/><SP WIDTH="18" VPOS="1165" HPOS="312"/>
							<String ID="string_286" HPOS="330" VPOS="1165" WIDTH="38" HEIGHT="22" WC="0.96" CONTENT="ber"/><SP WIDTH="14" VPOS="1165" HPOS="368"/>
							<String ID="string_287" HPOS="382" VPOS="1166" WIDTH="23" HEIGHT="21" WC="0.96" CONTENT="få"/><SP WIDTH="15" VPOS="1166" HPOS="405"/>
							<String ID="string_288" HPOS="420" VPOS="1166" WIDTH="110" HEIGHT="21" WC="0.96" CONTENT="framhålla"/><SP WIDTH="16" VPOS="1166" HPOS="530"/>
							<String ID="string_289" HPOS="546" VPOS="1169" WIDTH="32" HEIGHT="18" WC="0.96" CONTENT="att"/><SP WIDTH="14" VPOS="1169" HPOS="578"/>
							<String ID="string_290" HPOS="592" VPOS="1167" WIDTH="35" HEIGHT="27" WC="0.96" CONTENT="jag"/><SP WIDTH="15" VPOS="1167" HPOS="627"/>
							<String ID="string_291" HPOS="642" VPOS="1166" WIDTH="65" HEIGHT="21" WC="0.96" CONTENT="redan"/><SP WIDTH="14" VPOS="1166" HPOS="707"/>
							<String ID="string_292" HPOS="721" VPOS="1166" WIDTH="36" HEIGHT="21" WC="0.93" CONTENT="vid"/><SP WIDTH="13" VPOS="1166" HPOS="757"/>
							<String ID="string_293" HPOS="770" VPOS="1166" WIDTH="178" HEIGHT="21" WC="0.92" CONTENT="remissdebatten"/><SP WIDTH="16" VPOS="1166" HPOS="948"/>
							<String ID="string_294" HPOS="964" VPOS="1165" WIDTH="54" HEIGHT="22" WC="0.96" CONTENT="hade"/>
						</TextLine>
						<TextLine ID="line_32" HPOS="192" VPOS="1193" WIDTH="634" HEIGHT="30">
							<String ID="string_295" HPOS="192" VPOS="1194" WIDTH="50" HEIGHT="20" WC="0.96" CONTENT="äran"/><SP WIDTH="16" VPOS="1194" HPOS="242"/>
							<String ID="string_296" HPOS="258" VPOS="1193" WIDTH="57" HEIGHT="22" WC="0.62" CONTENT="fösta"/><SP WIDTH="15" VPOS="1193" HPOS="315"/>
							<String ID="string_297" HPOS="330" VPOS="1195" WIDTH="187" HEIGHT="28" WC="0.96" CONTENT="uppmärksamhet"/><SP WIDTH="15" VPOS="1195" HPOS="517"/>
							<String ID="string_298" HPOS="532" VPOS="1195" WIDTH="28" HEIGHT="28" WC="0.96" CONTENT="på"/><SP WIDTH="15" VPOS="1195" HPOS="560"/>
							<String ID="string_299" HPOS="575" VPOS="1203" WIDTH="80" HEIGHT="13" WC="0.95" CONTENT="samma"/><SP WIDTH="15" VPOS="1203" HPOS="655"/>
							<String ID="string_300" HPOS="670" VPOS="1195" WIDTH="156" HEIGHT="21" WC="0.96" CONTENT="förhållanden."/>
						</TextLine>
					</TextBlock>
				</ComposedBlock>
				<ComposedBlock ID="cblock_6" HPOS="190" VPOS="1262" WIDTH="830" HEIGHT="144">
					<TextBlock ID="block_5" HPOS="190" VPOS="1262" WIDTH="830" HEIGHT="144">
						<TextLine ID="line_33" HPOS="261" VPOS="1262" WIDTH="759" HEIGHT="30">
							<String ID="string_301" HPOS="261" VPOS="1262" WIDTH="35" HEIGHT="21" WC="0.93" CONTENT="Hr"/><SP WIDTH="22" VPOS="1262" HPOS="296"/>
							<String ID="string_302" HPOS="318" VPOS="1262" WIDTH="55" HEIGHT="22" WC="0.91" CONTENT="Edv."/><SP WIDTH="23" VPOS="1262" HPOS="373"/>
							<String ID="string_303" HPOS="396" VPOS="1263" WIDTH="211" HEIGHT="29" WC="0.91" CONTENT="Björkenheim:"/><SP WIDTH="31" VPOS="1263" HPOS="607"/>
							<String ID="string_304" HPOS="638" VPOS="1264" WIDTH="34" HEIGHT="20" WC="0.93" CONTENT="Hr"/><SP WIDTH="15" VPOS="1264" HPOS="672"/>
							<String ID="string_305" HPOS="687" VPOS="1263" WIDTH="122" HEIGHT="28" WC="0.91" CONTENT="Furuhjelm"/><SP WIDTH="21" VPOS="1263" HPOS="809"/>
							<String ID="string_306" HPOS="830" VPOS="1263" WIDTH="51" HEIGHT="21" WC="0.96" CONTENT="sade"/><SP WIDTH="22" VPOS="1263" HPOS="881"/>
							<String ID="string_307" HPOS="903" VPOS="1265" WIDTH="30" HEIGHT="19" WC="0.93" CONTENT="att"/><SP WIDTH="16" VPOS="1265" HPOS="933"/>
							<String ID="string_308" HPOS="949" VPOS="1262" WIDTH="71" HEIGHT="22" WC="0.91" CONTENT="såvidt"/>
						</TextLine>
						<TextLine ID="line_34" HPOS="190" VPOS="1290" WIDTH="828" HEIGHT="30">
							<String ID="string_309" HPOS="190" VPOS="1290" WIDTH="43" HEIGHT="21" WC="0.96" CONTENT="han"/><SP WIDTH="16" VPOS="1290" HPOS="233"/>
							<String ID="string_310" HPOS="249" VPOS="1292" WIDTH="83" HEIGHT="20" WC="0.96" CONTENT="minnes"/><SP WIDTH="16" VPOS="1292" HPOS="332"/>
							<String ID="string_311" HPOS="348" VPOS="1291" WIDTH="128" HEIGHT="22" WC="0.96" CONTENT="åtminstone"/><SP WIDTH="16" VPOS="1291" HPOS="476"/>
							<String ID="string_312" HPOS="492" VPOS="1294" WIDTH="30" HEIGHT="19" WC="0.96" CONTENT="ett"/><SP WIDTH="15" VPOS="1294" HPOS="522"/>
							<String ID="string_313" HPOS="537" VPOS="1292" WIDTH="39" HEIGHT="21" WC="0.96" CONTENT="fall"/><SP WIDTH="10" VPOS="1292" HPOS="576"/>
							<String ID="string_314" HPOS="586" VPOS="1292" WIDTH="143" HEIGHT="26" WC="0.95" CONTENT="förekommit,"/><SP WIDTH="11" VPOS="1292" HPOS="729"/>
							<String ID="string_315" HPOS="740" VPOS="1292" WIDTH="28" HEIGHT="20" WC="0.93" CONTENT="då"/><SP WIDTH="11" VPOS="1292" HPOS="768"/>
							<String ID="string_316" HPOS="779" VPOS="1292" WIDTH="158" HEIGHT="28" WC="0.91" CONTENT="kyrkostämma"/><SP WIDTH="12" VPOS="1292" HPOS="937"/>
							<String ID="string_317" HPOS="949" VPOS="1291" WIDTH="69" HEIGHT="21" WC="0.96" CONTENT="hållits"/>
						</TextLine>
						<TextLine ID="line_35" HPOS="190" VPOS="1318" WIDTH="829" HEIGHT="29">
							<String ID="string_318" HPOS="190" VPOS="1318" WIDTH="29" HEIGHT="28" WC="0.96" CONTENT="på"/><SP WIDTH="14" VPOS="1318" HPOS="219"/>
							<String ID="string_319" HPOS="233" VPOS="1319" WIDTH="90" HEIGHT="28" WC="0.95" CONTENT="söndag."/><SP WIDTH="30" VPOS="1319" HPOS="323"/>
							<String ID="string_320" HPOS="353" VPOS="1320" WIDTH="44" HEIGHT="21" WC="0.96" CONTENT="Det"/><SP WIDTH="15" VPOS="1320" HPOS="397"/>
							<String ID="string_321" HPOS="412" VPOS="1323" WIDTH="31" HEIGHT="18" WC="0.96" CONTENT="att"/><SP WIDTH="15" VPOS="1323" HPOS="443"/>
							<String ID="string_322" HPOS="458" VPOS="1320" WIDTH="79" HEIGHT="21" WC="0.96" CONTENT="sådana"/><SP WIDTH="15" VPOS="1320" HPOS="537"/>
							<String ID="string_323" HPOS="552" VPOS="1320" WIDTH="39" HEIGHT="21" WC="0.96" CONTENT="fall"/><SP WIDTH="15" VPOS="1320" HPOS="591"/>
							<String ID="string_324" HPOS="606" VPOS="1320" WIDTH="138" HEIGHT="22" WC="0.96" CONTENT="förekommit"/><SP WIDTH="15" VPOS="1320" HPOS="744"/>
							<String ID="string_325" HPOS="759" VPOS="1320" WIDTH="90" HEIGHT="21" WC="0.96" CONTENT="innebär"/><SP WIDTH="16" VPOS="1320" HPOS="849"/>
							<String ID="string_326" HPOS="865" VPOS="1320" WIDTH="36" HEIGHT="21" WC="0.96" CONTENT="väl"/><SP WIDTH="12" VPOS="1320" HPOS="901"/>
							<String ID="string_327" HPOS="913" VPOS="1320" WIDTH="47" HEIGHT="21" WC="0.97" CONTENT="icke"/><SP WIDTH="13" VPOS="1320" HPOS="960"/>
							<String ID="string_328" HPOS="973" VPOS="1320" WIDTH="46" HEIGHT="20" WC="0.96" CONTENT="skäl"/>
						</TextLine>
						<TextLine ID="line_36" HPOS="190" VPOS="1347" WIDTH="830" HEIGHT="30">
							<String ID="string_329" HPOS="190" VPOS="1347" WIDTH="35" HEIGHT="21" WC="0.96" CONTENT="för"/><SP WIDTH="23" VPOS="1347" HPOS="225"/>
							<String ID="string_330" HPOS="248" VPOS="1351" WIDTH="33" HEIGHT="17" WC="0.97" CONTENT="att"/><SP WIDTH="22" VPOS="1351" HPOS="281"/>
							<String ID="string_331" HPOS="303" VPOS="1356" WIDTH="26" HEIGHT="13" WC="0.96" CONTENT="en"/><SP WIDTH="21" VPOS="1356" HPOS="329"/>
							<String ID="string_332" HPOS="350" VPOS="1348" WIDTH="35" HEIGHT="28" WC="0.96" CONTENT="lag"/><SP WIDTH="21" VPOS="1348" HPOS="385"/>
							<String ID="string_333" HPOS="406" VPOS="1349" WIDTH="68" HEIGHT="21" WC="0.93" CONTENT="skulle"/><SP WIDTH="20" VPOS="1349" HPOS="474"/>
							<String ID="string_334" HPOS="494" VPOS="1349" WIDTH="78" HEIGHT="27" WC="0.90" CONTENT="stiftas,"/><SP WIDTH="16" VPOS="1349" HPOS="572"/>
							<String ID="string_335" HPOS="588" VPOS="1356" WIDTH="45" HEIGHT="14" WC="0.95" CONTENT="som"/><SP WIDTH="17" VPOS="1356" HPOS="633"/>
							<String ID="string_336" HPOS="650" VPOS="1349" WIDTH="112" HEIGHT="28" WC="0.96" CONTENT="möjliggör"/><SP WIDTH="15" VPOS="1349" HPOS="762"/>
							<String ID="string_337" HPOS="777" VPOS="1348" WIDTH="42" HEIGHT="22" WC="0.96" CONTENT="den"/><SP WIDTH="15" VPOS="1348" HPOS="819"/>
							<String ID="string_338" HPOS="834" VPOS="1348" WIDTH="139" HEIGHT="28" WC="0.96" CONTENT="uppfattning"/><SP WIDTH="15" VPOS="1348" HPOS="973"/>
							<String ID="string_339" HPOS="988" VPOS="1351" WIDTH="32" HEIGHT="17" WC="0.96" CONTENT="att"/>
						</TextLine>
						<TextLine ID="line_37" HPOS="191" VPOS="1376" WIDTH="705" HEIGHT="30">
							<String ID="string_340" HPOS="191" VPOS="1376" WIDTH="215" HEIGHT="22" WC="0.92" CONTENT="kommunalstämma"/><SP WIDTH="15" VPOS="1376" HPOS="406"/>
							<String ID="string_341" HPOS="421" VPOS="1378" WIDTH="6" HEIGHT="20" WC="0.96" CONTENT="i"/><SP WIDTH="15" VPOS="1378" HPOS="427"/>
							<String ID="string_342" HPOS="442" VPOS="1378" WIDTH="71" HEIGHT="28" WC="0.96" CONTENT="regeln"/><SP WIDTH="17" VPOS="1378" HPOS="513"/>
							<String ID="string_343" HPOS="530" VPOS="1378" WIDTH="70" HEIGHT="20" WC="0.96" CONTENT="skulle"/><SP WIDTH="16" VPOS="1378" HPOS="600"/>
							<String ID="string_344" HPOS="616" VPOS="1377" WIDTH="51" HEIGHT="21" WC="0.96" CONTENT="böra"/><SP WIDTH="15" VPOS="1377" HPOS="667"/>
							<String ID="string_345" HPOS="682" VPOS="1377" WIDTH="67" HEIGHT="21" WC="0.94" CONTENT="hållas"/><SP WIDTH="16" VPOS="1377" HPOS="749"/>
							<String ID="string_346" HPOS="765" VPOS="1377" WIDTH="28" HEIGHT="29" WC="0.96" CONTENT="på"/><SP WIDTH="16" VPOS="1377" HPOS="793"/>
							<String ID="string_347" HPOS="809" VPOS="1377" WIDTH="87" HEIGHT="27" WC="0.96" CONTENT="söndag."/>
						</TextLine>
					</TextBlock>
				</ComposedBlock>
				<ComposedBlock ID="cblock_7" HPOS="189" VPOS="1444" WIDTH="831" HEIGHT="87">
					<TextBlock ID="block_6" HPOS="189" VPOS="1444" WIDTH="831" HEIGHT="87">
						<TextLine ID="line_38" HPOS="260" VPOS="1444" WIDTH="758" HEIGHT="29">
							<String ID="string_348" HPOS="260" VPOS="1446" WIDTH="35" HEIGHT="22" WC="0.95" CONTENT="Hr"/><SP WIDTH="14" VPOS="1446" HPOS="295"/>
							<String ID="string_349" HPOS="309" VPOS="1446" WIDTH="124" HEIGHT="22" WC="0.96" CONTENT="Alexander"/><SP WIDTH="15" VPOS="1446" HPOS="433"/>
							<String ID="string_350" HPOS="448" VPOS="1446" WIDTH="141" HEIGHT="21" WC="0.96" CONTENT="Aminoff:"/><SP WIDTH="23" VPOS="1446" HPOS="589"/>
							<String ID="string_351" HPOS="612" VPOS="1445" WIDTH="42" HEIGHT="28" WC="0.95" CONTENT="Jag"/><SP WIDTH="16" VPOS="1445" HPOS="654"/>
							<String ID="string_352" HPOS="670" VPOS="1446" WIDTH="36" HEIGHT="20" WC="0.95" CONTENT="ber"/><SP WIDTH="15" VPOS="1446" HPOS="706"/>
							<String ID="string_353" HPOS="721" VPOS="1448" WIDTH="32" HEIGHT="18" WC="0.96" CONTENT="att"/><SP WIDTH="10" VPOS="1448" HPOS="753"/>
							<String ID="string_354" HPOS="763" VPOS="1445" WIDTH="23" HEIGHT="21" WC="0.96" CONTENT="få"/><SP WIDTH="11" VPOS="1445" HPOS="786"/>
							<String ID="string_355" HPOS="797" VPOS="1444" WIDTH="88" HEIGHT="22" WC="0.96" CONTENT="förorda"/><SP WIDTH="10" VPOS="1444" HPOS="885"/>
							<String ID="string_356" HPOS="895" VPOS="1444" WIDTH="123" HEIGHT="22" WC="0.96" CONTENT="Utskottets"/>
						</TextLine>
						<TextLine ID="line_39" HPOS="190" VPOS="1473" WIDTH="830" HEIGHT="29">
							<String ID="string_357" HPOS="190" VPOS="1474" WIDTH="145" HEIGHT="22" WC="0.93" CONTENT="betänkande."/><SP WIDTH="30" VPOS="1474" HPOS="335"/>
							<String ID="string_358" HPOS="365" VPOS="1476" WIDTH="75" HEIGHT="20" WC="0.68" CONTENT="Säsom"/><SP WIDTH="16" VPOS="1476" HPOS="440"/>
							<String ID="string_359" HPOS="456" VPOS="1482" WIDTH="8" HEIGHT="14" WC="0.95" CONTENT="i"/><SP WIDTH="15" VPOS="1482" HPOS="464"/>
							<String ID="string_360" HPOS="479" VPOS="1474" WIDTH="125" HEIGHT="22" WC="0.96" CONTENT="Utskottets"/><SP WIDTH="15" VPOS="1474" HPOS="604"/>
							<String ID="string_361" HPOS="619" VPOS="1474" WIDTH="129" HEIGHT="28" WC="0.77" CONTENT="moiiveriny"/><SP WIDTH="15" VPOS="1474" HPOS="748"/>
							<String ID="string_362" HPOS="763" VPOS="1474" WIDTH="13" HEIGHT="21" WC="0.92" CONTENT="&amp;"/><SP WIDTH="15" VPOS="1474" HPOS="776"/>
							<String ID="string_363" HPOS="791" VPOS="1481" WIDTH="49" HEIGHT="21" WC="0.87" CONTENT="pag."/><SP WIDTH="13" VPOS="1481" HPOS="840"/>
							<String ID="string_364" HPOS="853" VPOS="1474" WIDTH="28" HEIGHT="20" WC="0.91" CONTENT="24"/><SP WIDTH="10" VPOS="1474" HPOS="881"/>
							<String ID="string_365" HPOS="891" VPOS="1473" WIDTH="129" HEIGHT="26" WC="0.71" CONTENT="framhållog,"/>
						</TextLine>
						<TextLine ID="line_40" HPOS="189" VPOS="1501" WIDTH="829" HEIGHT="30">
							<String ID="string_366" HPOS="189" VPOS="1503" WIDTH="82" HEIGHT="21" WC="0.90" CONTENT="tilläter"/><SP WIDTH="22" VPOS="1503" HPOS="271"/>
							<String ID="string_367" HPOS="293" VPOS="1511" WIDTH="28" HEIGHT="13" WC="0.95" CONTENT="nu"/><SP WIDTH="23" VPOS="1511" HPOS="321"/>
							<String ID="string_368" HPOS="344" VPOS="1503" WIDTH="98" HEIGHT="28" WC="0.96" CONTENT="gällande"/><SP WIDTH="19" VPOS="1503" HPOS="442"/>
							<String ID="string_369" HPOS="461" VPOS="1503" WIDTH="34" HEIGHT="27" WC="0.96" CONTENT="lag"/><SP WIDTH="19" VPOS="1503" HPOS="495"/>
							<String ID="string_370" HPOS="514" VPOS="1502" WIDTH="144" HEIGHT="28" WC="0.96" CONTENT="uttryckligen"/><SP WIDTH="16" VPOS="1502" HPOS="658"/>
							<String ID="string_371" HPOS="674" VPOS="1505" WIDTH="31" HEIGHT="18" WC="0.93" CONTENT="att"/><SP WIDTH="15" VPOS="1505" HPOS="705"/>
							<String ID="string_372" HPOS="720" VPOS="1502" WIDTH="159" HEIGHT="28" WC="0.92" CONTENT="kyrkostämma"/><SP WIDTH="17" VPOS="1502" HPOS="879"/>
							<String ID="string_373" HPOS="896" VPOS="1502" WIDTH="41" HEIGHT="20" WC="0.93" CONTENT="kan"/><SP WIDTH="16" VPOS="1502" HPOS="937"/>
							<String ID="string_374" HPOS="953" VPOS="1501" WIDTH="65" HEIGHT="22" WC="0.90" CONTENT="hällas"/>
						</TextLine>
					</TextBlock>
				</ComposedBlock>
				<ComposedBlock ID="cblock_8" HPOS="189" VPOS="1530" WIDTH="831" HEIGHT="30">
					<TextBlock ID="block_7" HPOS="189" VPOS="1530" WIDTH="831" HEIGHT="30">
						<TextLine ID="line_41" HPOS="189" VPOS="1530" WIDTH="831" HEIGHT="30">
							<String ID="string_375" HPOS="189" VPOS="1532" WIDTH="14" HEIGHT="20" WC="0.93" CONTENT="å"/><SP WIDTH="15" VPOS="1532" HPOS="203"/>
							<String ID="string_376" HPOS="218" VPOS="1532" WIDTH="84" HEIGHT="28" WC="0.96" CONTENT="söndag"/><SP WIDTH="15" VPOS="1532" HPOS="302"/>
							<String ID="string_377" HPOS="317" VPOS="1532" WIDTH="41" HEIGHT="21" WC="0.96" CONTENT="och"/><SP WIDTH="15" VPOS="1532" HPOS="358"/>
							<String ID="string_378" HPOS="373" VPOS="1532" WIDTH="61" HEIGHT="21" WC="0.96" CONTENT="torde"/><SP WIDTH="16" VPOS="1532" HPOS="434"/>
							<String ID="string_379" HPOS="450" VPOS="1531" WIDTH="36" HEIGHT="21" WC="0.95" CONTENT="det"/><SP WIDTH="15" VPOS="1531" HPOS="486"/>
							<String ID="string_380" HPOS="501" VPOS="1538" WIDTH="51" HEIGHT="14" WC="0.96" CONTENT="vara"/><SP WIDTH="16" VPOS="1538" HPOS="552"/>
							<String ID="string_381" HPOS="568" VPOS="1531" WIDTH="34" HEIGHT="20" WC="0.93" CONTENT="för"/><SP WIDTH="14" VPOS="1531" HPOS="602"/>
							<String ID="string_382" HPOS="616" VPOS="1531" WIDTH="81" HEIGHT="21" WC="0.92" CONTENT="enhvar"/><SP WIDTH="16" VPOS="1531" HPOS="697"/>
							<String ID="string_383" HPOS="713" VPOS="1531" WIDTH="72" HEIGHT="25" WC="0.96" CONTENT="kändt,"/><SP WIDTH="17" VPOS="1531" HPOS="785"/>
							<String ID="string_384" HPOS="802" VPOS="1533" WIDTH="31" HEIGHT="19" WC="0.93" CONTENT="att"/><SP WIDTH="12" VPOS="1533" HPOS="833"/>
							<String ID="string_385" HPOS="845" VPOS="1530" WIDTH="12" HEIGHT="21" WC="0.93" CONTENT="å"/><SP WIDTH="11" VPOS="1530" HPOS="857"/>
							<String ID="string_386" HPOS="868" VPOS="1530" WIDTH="63" HEIGHT="21" WC="0.93" CONTENT="dessa"/><SP WIDTH="12" VPOS="1530" HPOS="931"/>
							<String ID="string_387" HPOS="943" VPOS="1530" WIDTH="77" HEIGHT="28" WC="0.90" CONTENT="kyrko-"/>
						</TextLine>
					</TextBlock>
				</ComposedBlock>
			</PrintSpace>
		</Page>
	</Layout>
</alto>
