1117 1781
398 138 101 16 Finlands
516 138 66 17 Bank.
836 132 41 20 655

76 205 111 29 angående
202 206 168 28 användningen
391 206 24 21 af
436 206 150 21 bankvinsten.
618 206 64 21 Dock
701 206 50 21 ville
765 207 36 27 jag
816 207 6 20 i
838 206 68 22 likhet

76 234 47 22 med
139 235 34 20 Hr
188 234 110 21 Mechelin
313 234 82 22 föreslå
409 237 32 18 att
451 242 25 13 ur
486 234 69 21 första
566 234 86 29 stycket
662 234 68 21 skulle
741 234 52 29 utgå
804 235 100 28 beloppet

76 263 55 21 Fmk
153 264 153 25 4,666,349:01,
329 263 89 22 emedan
441 263 59 21 detta
522 263 64 28 belopp
623 263 49 21 icke
690 263 42 21 kan
752 270 63 15 anses
831 263 74 22 defini-

74 292 43 21 tivt
131 291 109 22 faststäldt
261 291 40 22 och
323 291 37 22 det
381 292 6 21 i
407 291 41 22 alla
467 291 38 22 fall
526 293 24 19 är
570 271 108 48 likgiltigt,
697 299 33 13 om
751 291 101 29 beloppet
867 291 38 22 der

75 322 88 19 nämnes
183 320 52 21 eller
256 320 54 21 icke.
339 320 43 28 Jag
397 320 70 21 skulle
482 320 127 28 visserligen
625 320 58 21 hvad
699 321 12 20 2
726 327 63 14 mom.
805 320 100 22 beträffar

75 349 66 21 hellre
161 351 42 18 sett
221 351 31 18 att
272 348 114 23 Utskottet
401 348 55 21 hade
472 348 108 21 bestämdt
594 349 113 27 föreslagit
721 351 32 18 att
767 348 38 22 det
821 349 83 28 belopp,

76 385 44 14 som
137 377 38 21 der
189 379 94 25 nämnes,
298 377 69 21 skulle
378 377 120 22 öfverföras
510 377 32 21 till
552 377 155 22 reservfonden
719 377 40 21 och
769 377 48 22 icke
828 377 77 22 endast

76 409 32 18 att
128 405 41 22 den
188 405 39 22 der
241 405 93 22 nämnda
349 413 96 14 summan
461 413 51 14 vore
527 408 32 19 ett
573 406 122 21 maximum.
724 406 49 21 Men
789 406 34 21 för
838 409 31 18 att
885 407 18 27 ej

75 436 52 26 göra
141 434 66 29 något
221 437 48 26 nytt
283 434 82 28 förslag
380 434 134 27 härutinnan,
529 434 38 21 vill
581 435 37 27 jag
632 434 77 21 endast
723 434 76 21 förena
814 435 27 20 mig
871 436 32 20 uti

76 463 42 26 det,
134 470 45 14 som
193 463 67 21 redan
275 463 136 21 framstäldes
434 463 23 21 af
474 463 41 21 den
526 465 86 19 senaste
623 463 64 20 ärade
697 463 88 26 talaren,
795 464 107 27 nämligen

76 495 31 18 att
130 494 116 19 momentet
268 491 69 21 skulle
359 491 166 22 återremitteras
543 491 33 21 till
599 491 112 22 Utskottet
729 491 34 21 för
777 494 32 19 att
824 492 80 21 omfor-

76 520 90 21 muleras
181 521 7 20 i
204 520 37 21 det
257 519 22 22 af
294 520 79 21 honom
389 519 95 29 antydda
499 520 160 28 syftet.
594 515 13 38 —
620 515 39 38 Jag
673 520 62 21 utber
749 521 44 27 mig
803 521 100 28 slutligen

76 551 32 18 att
122 548 23 21 få
159 549 68 20 uttala
237 549 48 20 mitt
298 548 136 21 erkännande
445 549 35 20 för
490 548 38 21 det
538 549 130 20 intressanta
680 548 40 21 och
731 549 86 21 sakrika
828 549 75 28 bidrag

75 577 114 22 Utskottet
204 577 7 20 i
227 578 37 20 sitt
284 577 135 21 betänkande
437 577 66 28 gifvit
519 577 32 21 till
568 577 117 28 belysande
700 577 23 21 af
737 578 166 28 penningeställ-

76 606 78 27 ningen
170 606 7 20 i
192 605 73 22 landet
283 605 68 22 under
366 605 27 22 de
409 613 74 14 senare
499 605 51 22 åren
566 605 42 22 och
622 605 58 22 hvad
696 605 86 22 dermed
798 613 105 14 samman-

76 634 86 28 hänger.

143 691 35 21 Hr
193 691 27 21 af
235 691 154 21 Lindfors:
419 691 121 28 Angående
555 691 163 28 öfverföringen
733 691 32 21 till
779 691 123 22 reservfon-

76 719 42 22 den
138 719 23 22 af
179 719 96 22 bankens
290 719 128 22 vinstmedel
433 719 75 29 gjorde
524 721 33 27 sig
572 721 58 20 inom
646 719 113 22 Utskottet
773 720 57 21 olika
845 720 57 28 åsig-

75 751 32 18 ter
122 748 105 28 gällande.
256 748 34 21 En
306 747 57 29 åsigt
377 748 51 28 gick
443 751 25 18 ut
482 748 73 29 derpå,
570 751 32 18 att
617 748 87 21 utöfver
719 756 25 13 en
758 748 106 29 fjerdedel
879 749 23 20 af

76 777 40 21 den
132 776 127 22 kommande
276 777 143 21 bankvinsten
435 776 81 29 årligen
527 777 66 28 något
603 777 75 21 vidare
690 777 73 28 bidrag
774 777 48 22 icke
832 777 69 21 skulle

74 805 85 21 tillfalla
174 805 161 22 reservfonden.
364 805 34 21 En
415 813 69 13 annan
500 805 56 28 åsigt
571 813 45 18 var,
631 808 32 19 att
678 805 37 21 allt
730 813 45 14 som
787 805 70 22 blefve
869 806 33 21 öf-

75 841 43 19 ver,
136 833 86 22 utöfver
237 833 57 22 hvad
310 833 166 22 Statsutskottet
490 834 94 21 bestämt
598 834 32 21 till
646 834 27 21 de
689 834 77 28 nödiga
781 834 121 28 statsutgif-

74 866 66 23 terna,
155 862 68 21 skulle
239 862 84 21 tillfalla
338 862 161 22 reservfonden.
529 863 39 20 Ett
583 862 221 29 förmedlingsförslag
815 863 86 28 gjordes

75 891 33 26 då,
129 893 31 19 att
181 899 55 18 man,
251 891 48 21 med
321 891 160 28 önskningsmål
496 893 32 19 att
547 891 156 22 reservfonden
722 895 83 18 snarast
820 891 81 28 möjligt

75 919 67 22 skulle
161 919 132 28 uppbringas
314 920 32 21 till
360 921 26 20 15
402 920 97 28 miljoner
514 919 67 27 mark,
596 920 69 21 skulle
681 920 82 21 anhålla
779 923 31 18 att
825 919 76 22 endast

74 947 42 22 den
127 947 72 22 derför
209 948 80 27 nödiga
299 956 104 19 summan,
410 948 55 21 Fmk
475 949 117 26 1,700,745:
602 949 34 26 83,
644 948 66 21 måtte
718 949 32 20 till
757 949 101 20 Bankens
866 956 34 13 re-

74 976 102 22 servfond
192 977 127 21 öfverföras.
349 977 35 20 Då
399 977 67 26 enligt
481 977 102 21 Bankens
594 977 130 28 reglemente
735 977 120 21 Ständerna
865 977 35 20 för

74 1005 114 21 framtiden
204 1005 61 21 skola
281 1005 122 27 bestämma,
418 1005 106 22 huruvida
539 1005 157 22 reservfonden
711 1005 72 22 vidare
799 1005 54 22 skall
863 1005 38 21 hö-

74 1034 38 28 jas,
135 1033 89 22 föreslår
244 1033 170 22 Bankutskottet
434 1037 32 18 att
486 1034 116 21 framdeles
619 1041 26 14 en
660 1034 105 28 fjerdedel
780 1034 23 21 af
818 1033 83 22 årsvin-

75 1065 47 18 sten
138 1062 94 28 ständigt
247 1063 69 20 skulle
332 1063 73 27 läggas
420 1063 33 20 till
468 1063 162 21 reservfonden.
661 1063 112 21 Utskottet
782 1062 77 21 trodde
870 1065 31 18 att

76 1091 59 21 detta
150 1090 123 22 Utskottets
289 1091 305 28 sammanjemkningsförslag,
609 1099 47 13 som
672 1091 65 22 också
751 1091 109 21 föranledt
869 1093 32 18 att

74 1119 71 28 någon
167 1120 132 21 reservation
320 1119 49 22 icke
388 1119 72 28 åtföljt
480 1099 60 42 detta
558 1119 143 28 betänkande,
716 1119 68 22 skulle
799 1119 23 22 af
837 1119 64 22 Stän-

76 1147 65 22 derna
155 1147 132 28 godkännas.
317 1149 40 20 Att
373 1155 95 14 summan
484 1148 104 21 fixerades
604 1148 32 21 till
652 1148 37 21 det
704 1148 87 28 belopp,
801 1155 46 14 som
863 1147 38 21 här

75 1178 23 19 är
112 1179 114 26 upptagen,
241 1176 95 22 berodde
352 1176 72 29 derpå,
440 1179 30 19 att
486 1177 170 21 Bankutskottet
671 1177 94 21 önskade
780 1176 23 21 få
817 1183 84 14 reserv-

74 1205 80 21 fonden
178 1205 51 21 höjd
247 1205 33 21 till
295 1206 67 27 jemnt
378 1206 26 21 15
419 1205 107 28 miljoner;
542 1205 57 22 hvad
615 1205 126 22 derutöfver
755 1205 68 21 skulle
838 1212 63 20 qvar-

75 1233 33 21 stå
123 1233 23 22 af
160 1233 27 22 de
203 1213 121 49 disponibla
339 1233 143 23 vinstmedlen
498 1234 70 22 skulle
584 1233 34 22 stå
632 1234 33 21 till
680 1236 79 19 statens
773 1233 127 29 disposition

74 1262 34 21 för
122 1262 121 22 framtiden.

143 1290 47 22 Här
212 1291 121 21 anmärktes
356 1299 51 20 nyss
429 1291 112 28 angående
562 1291 103 21 Bankens
685 1290 170 22 kontorslokaler
869 1293 32 18 att

74 1319 112 28 rätteligen
205 1322 32 19 tre
258 1320 79 21 kontor
357 1327 51 14 voro
429 1320 121 28 placerade,
569 1320 49 21 icke
639 1320 7 20 i
667 1320 87 21 stenhus
769 1322 51 18 utan
836 1320 7 20 i
857 1320 43 20 trä-

75 1348 45 21 hus.
149 1348 170 22 Bankutskottet
334 1351 44 19 tror
393 1349 33 27 sig
441 1348 71 22 känna
527 1351 31 19 att
574 1348 102 22 kontrakt
691 1348 66 21 redan
772 1348 61 21 torde
848 1354 52 15 vara

74 1376 125 29 upprättadt
217 1384 34 14 om
270 1377 110 28 placering
395 1377 23 21 af
432 1377 102 21 Bankens
549 1377 79 21 kontor
643 1378 7 20 i
664 1376 118 29 Jyväskylä
797 1377 30 20 uti
843 1379 58 18 sten-

74 1405 39 21 hus
135 1404 40 22 och
193 1404 39 22 har
247 1405 73 21 derför
334 1406 49 21 icke
398 1408 71 19 ansett
484 1406 16 20 sig
532 1406 52 21 böra
599 1405 112 21 framhålla
727 1408 30 18 att
772 1405 59 21 detta
846 1404 54 22 kon-

73 1437 34 18 tor
122 1433 47 22 icke
185 1434 35 21 för
235 1434 139 28 ögonblicket
389 1436 24 19 är
426 1435 96 27 inrymdt
536 1435 7 20 i
558 1434 95 21 stenhus.

141 1462 120 28 Angående
281 1462 41 22 den
343 1462 22 22 af
386 1462 34 22 Hr
438 1462 109 22 Mechelin
563 1462 91 22 anförda
669 1462 184 28 omständigheten
869 1463 32 19 att

73 1490 90 22 Banken
183 1490 90 29 deltagit
293 1492 30 20 uti
345 1491 37 21 det
401 1491 41 27 lån,
462 1499 46 13 som
528 1494 94 30 upptogs
659 1490 13 22 på
689 1492 25 20 18
729 1491 96 28 miljoner
840 1490 61 21 mark

74 1519 41 22 och
130 1519 77 22 hvaraf
221 1519 104 22 Finlands
341 1520 63 21 Bank
419 1520 42 22 fick
476 1521 13 20 4
505 1520 104 28 miljoner,
624 1499 33 42 d
662 1520 73 21 hvilka
751 1520 11 20 1
778 1519 73 28 miljon
867 1518 33 21 öf-
