1117 1781
289 150 276 21 Kommunalförvaltningen
577 150 28 22 på
616 150 77 18 landet.
847 145 40 21 965

91 220 48 21 icke
154 219 68 21 skulle
238 219 71 21 kunna
325 219 86 28 påföras
426 219 39 21 alls
481 219 70 28 någon
568 219 50 21 eller
634 218 129 22 åtminstone
779 219 48 21 icke
840 219 76 21 värdet

92 247 150 22 motsvarande
265 248 225 27 kommunaltaxering.
527 247 125 22 Emellertid
677 248 106 27 försiggår
805 248 65 27 inköp
893 248 23 20 af

92 277 122 28 lägenheter
237 277 30 20 uti
289 276 88 21 nämndt
398 276 57 28 syfte
474 277 30 20 uti
520 276 24 21 så
559 279 45 18 stor
619 277 60 20 skala
695 279 30 18 att
740 276 67 21 redan
823 276 90 21 förliden

92 313 91 14 sommar
201 305 31 20 uti
252 305 125 28 Pihtipudas
393 305 101 21 kommun
511 306 4 19 i
532 305 60 22 Vasa
609 305 34 21 län
660 306 12 20 6
689 305 77 21 mantal
782 305 23 21 af
820 305 95 20 kommu-

92 341 52 14 nens
160 334 47 21 hela
222 333 126 27 mantalstal,
364 333 119 28 utgörande
494 335 33 24 25,
537 333 100 22 tillhörde
648 333 80 22 sådana
738 333 177 28 sågverksegare;

92 363 67 27 enligt
175 369 74 14 senare
264 362 109 28 uppgifter
389 362 59 21 skola
464 362 66 21 sedan
546 362 49 21 dess
610 363 123 28 ytterligare
749 362 65 28 inköp
825 362 23 21 af
858 362 58 21 hem-

92 399 47 13 man
157 391 37 21 der
209 391 119 27 försiggått.
357 390 90 29 Följden
464 391 41 20 blir
520 390 48 28 den,
584 394 31 18 att
631 391 127 21 kommunen
775 391 95 21 kommer
885 393 31 18 att

92 420 65 21 sakna
177 419 69 22 medel
266 419 33 21 för
319 419 198 21 tillfredsställande
538 419 22 21 af
576 419 49 21 dess
642 422 54 19 mest
711 419 118 28 trängande
845 419 70 26 behof,

92 449 51 20 eller
165 451 31 18 att
217 448 287 21 kommunalmedlemmarna
520 447 83 22 komma
619 451 31 18 att
666 448 85 28 påföras
767 456 26 13 en
810 448 48 21 dem
873 448 42 21 rui-

92 477 92 20 nerande
206 477 102 27 taxering,
331 477 122 28 ytterligare
476 476 84 28 stegrad
584 484 78 20 genom
684 477 27 20 de
731 477 37 21 allt
790 476 125 28 tilltagande

91 505 279 28 fattigvårdskostnaderna,
392 505 120 21 förstorade
535 513 77 20 genom
632 505 41 21 den
690 505 43 21 lösa
750 505 165 28 befolkningens

91 534 82 27 hastiga
189 534 90 26 tillväxt,
294 533 69 22 denna
379 534 45 21 åter
440 533 125 22 förorsakad
582 533 22 22 af
620 536 31 19 att
666 533 27 22 de
704 533 81 22 vordne
796 534 119 21 hemmans-

92 570 91 20 egarenc
205 563 32 20 till
259 565 45 18 stor
326 562 34 21 del
383 563 83 20 komma
482 565 32 18 att
528 562 84 21 tillhöra
631 562 41 21 den
689 563 45 20 lösa
749 562 164 29 befolkningens

92 591 56 21 klass
164 591 40 21 och
220 591 61 21 deraf
295 594 30 18 att
341 591 40 21 alla
396 594 84 25 torpare
496 591 121 21 fördrifvits
633 591 47 20 från
696 591 131 21 hemmanen.

160 620 35 21 Då
210 620 66 27 enligt
291 627 28 13 nu
334 619 98 28 gällande
448 619 126 28 förordning
590 627 62 20 egare
670 619 22 21 af
702 621 7 19 i
720 620 79 21 mantal
809 622 44 19 satt
862 619 53 28 jord,

92 648 120 22 oberoende
227 648 28 27 af,
271 656 33 13 om
316 648 68 21 denna
400 648 83 21 medför
498 648 94 21 inkomst
607 649 51 20 eller
674 648 53 27 icke,
742 648 72 21 kunna
829 648 86 28 påföras

91 678 103 27 taxering,
209 677 38 21 har
262 677 108 21 beskrifna
386 677 133 21 förhållande
536 677 92 21 medfört
641 677 82 21 mindre
736 677 119 27 olägenhet,
866 684 46 13 men

92 706 27 21 då
135 714 34 18 nu,
185 706 66 27 enligt
266 705 37 22 det
317 713 41 20 nya
373 705 145 28 lagförslaget,
533 706 121 21 inkomsten
670 707 65 20 sättes
751 706 32 20 till
798 705 70 28 grund
881 705 34 21 för

91 735 130 27 taxeringen,
237 734 71 21 kunna
323 734 62 21 dessa
398 734 97 21 hemman
512 737 49 18 utan
577 734 95 21 inkomst
687 734 47 21 icke
750 734 115 21 beskattas.

159 763 44 21 För
225 765 31 18 att
279 763 115 20 emellertid
432 763 45 21 gifva
499 763 152 24 kommunerna
670 763 70 27 någon
759 763 110 28 möjlighet
883 763 32 20 till

92 799 25 14 en
139 791 65 21 sådan
227 791 142 28 beskattning,
390 771 40 42 vill
442 792 35 27 jag
493 791 109 22 vördsamt
617 791 84 21 anhålla
717 799 33 13 om
766 794 32 18 att
813 792 26 20 R.
855 799 18 13 o.
889 791 26 20 A.

92 820 50 21 ville
165 821 30 20 uti
219 821 12 20 2
253 827 61 14 mom.
337 820 72 21 inflika
434 820 66 21 orden
518 820 64 21 »eller
597 828 69 13 annan
686 820 124 21 ekonomisk
825 819 90 27 fördel»,

91 849 138 27 hvarigenom
244 848 58 21 detta
318 849 67 20 skulle
401 849 22 20 få
438 848 95 28 följande
549 849 90 28 lydelse:
667 848 116 21 Enahanda
793 848 122 29 skyldighet

92 877 80 28 åligger
191 877 64 22 äfven
277 877 62 28 bolag
359 877 34 21 för
414 877 40 21 den
474 877 93 21 inkomst
583 877 51 21 eller
650 877 137 21 ekonomiska
803 877 70 21 fördel
889 877 26 20 de

91 907 56 20 inom
169 906 127 21 kommunen
317 905 82 29 åtnjuta
419 907 24 20 af
461 905 111 28 fastighet,
587 907 82 26 näring,
684 906 78 21 rörelse
778 906 51 21 eller
845 913 69 14 annan

91 934 94 28 tillgång.

159 963 41 28 Jag
216 963 37 21 vill
269 963 55 21 dock
341 963 47 21 icke
404 963 56 20 hålla
475 963 28 28 på
519 962 69 22 denna
604 963 120 26 redaktion;
736 963 98 28 möjligen
846 962 68 21 skulle

91 991 70 28 någon
185 992 67 20 bättre
275 991 72 21 kunna
369 992 90 20 utfinnas
483 991 40 22 och
546 991 65 28 vågar
633 992 35 27 jag
692 991 71 21 derför
781 991 84 21 anhålla
881 999 33 12 om

92 1020 155 21 betänkandets
269 1020 195 21 återremitterande
486 1021 31 20 till
541 1021 111 20 Utskottet
672 1020 34 21 för
722 1021 26 20 78
764 1021 45 26 $:ns
825 1019 90 28 ändring

92 1049 47 21 med
156 1049 119 21 beaktande
291 1049 23 20 af
329 1049 47 21 utaf
391 1050 43 27 mig
449 1049 117 21 relaterade
582 1049 139 20 förhållande.

160 1123 57 20 Frih.
238 1123 143 21 Aminoff:
413 1123 43 20 Det
476 1131 38 12 var
535 1123 46 21 med
599 1123 90 21 särskild
705 1123 79 28 fägnad
799 1123 36 28 jag
849 1122 66 21 hörde

92 1151 59 21 detta
175 1151 140 27 andragande,
331 1159 45 13 som
400 1151 110 21 bekräftar
532 1151 76 21 endast
631 1151 37 21 det
690 1152 35 27 jag
744 1151 65 21 redan
829 1151 34 21 för
879 1159 37 20 par

92 1179 100 22 månader
215 1180 65 21 sedan
303 1180 54 21 hade
377 1182 50 19 äran
450 1180 74 21 anföra
540 1181 5 20 i
562 1180 59 21 detta
640 1180 74 21 Stånd.
743 1180 42 27 Jag
800 1187 51 14 vore
867 1180 49 20 fullt

91 1208 70 27 färdig
185 1211 30 18 att
237 1208 130 21 understöda
390 1209 33 20 Hr
446 1208 127 27 Schauman,
596 1216 33 13 om
650 1209 36 28 jag
701 1209 74 27 riktigt
790 1209 55 20 hade
861 1209 56 20 klart

91 1237 34 21 för
146 1237 43 27 mig
209 1237 41 21 den
274 1237 139 28 formulering
434 1237 41 21 han
495 1245 27 13 nu
539 1237 81 26 uttalat,
636 1237 106 28 nämligen
758 1240 31 18 att
805 1237 111 21 enahanda

92 1266 122 28 skyldighet
233 1266 82 27 äligger
329 1266 64 21 äfven
411 1266 62 28 bolag
489 1266 34 21 för
538 1266 94 21 inkomst
649 1266 53 21 »och
718 1266 139 21 ekonomiska
872 1266 44 20 för-

92 1294 78 26 delar»,
192 1302 45 13 som
257 1294 27 21 de
300 1295 57 20 inom
373 1295 128 20 kommunen
518 1294 82 28 åtnjuta
615 1294 23 21 af
653 1294 108 28 fastighet.
790 1294 42 28 Jag
848 1294 67 21 måste

92 1323 108 27 medgifva
216 1325 31 19 att
265 1324 36 26 jag
322 1324 17 27 ej
362 1323 74 28 riktigt
451 1323 84 25 förstär,
551 1323 105 21 huruvida
672 1323 137 28 paragrafens
825 1323 91 27 ändring

91 1359 77 20 genom
191 1351 62 21 dessa
275 1351 50 21 ords
348 1352 111 20 införande
482 1352 72 20 kunde
576 1352 148 20 ästadkomma
744 1360 25 12 en
785 1352 95 20 inkomst
895 1351 22 21 ät

92 1381 127 20 kommunen
235 1380 47 20 frän
299 1380 66 20 sädan
381 1380 111 28 egendom,
508 1388 44 13 som
569 1380 72 21 blifvit
656 1380 81 21 sköflad
754 1380 50 21 eller
815 1380 102 21 vanskött

91 1416 76 20 genom
183 1408 208 28 skogsspekulanter.
420 1408 42 28 Jag
477 1408 34 21 får
527 1410 5 19 i
549 1409 41 21 alla
604 1408 38 22 fall
654 1408 127 22 understöda
791 1409 33 20 Hr
835 1408 80 22 Schau-

92 1444 53 19 man,
167 1444 48 14 men
237 1437 68 21 skulle
324 1444 51 14 vara
390 1437 103 26 tacksam,
508 1445 34 13 om
558 1437 70 28 nägon
644 1437 69 21 skulle
729 1438 70 20 kunna
815 1437 79 21 föreslä
909 1438 6 19 i

92 1473 79 13 samma
193 1466 56 28 syfte
273 1473 25 13 en
319 1473 69 13 annan
409 1466 119 26 redaktion,
544 1474 45 13 som
605 1466 68 21 skulle
690 1473 56 14 mera
761 1466 155 20 tillfredsställa

92 1493 36 21 det
143 1494 97 21 ändamål
256 1494 41 21 han
313 1494 86 28 äsyftat.
