1117 1781
234 130 42 21 826
492 136 24 16 R.
529 140 17 12 0.
558 136 22 16 A.
595 136 56 17 1897.
676 136 12 16 6
700 136 48 19 Maj.

205 207 38 23 att,
267 203 28 22 då
317 203 200 28 fridlysningstiden
533 203 34 21 för
579 204 124 27 skogsfågel
718 204 36 21 för
768 203 134 22 närvarande
917 203 62 28 utgår
994 204 40 21 den

206 234 27 20 i0
256 233 101 27 Augusti,
373 233 46 20 icke
437 232 71 28 någon
524 234 68 20 slörre
607 232 137 29 förlängning
759 233 24 20 af
797 232 201 29 fridlysningstiden
1013 231 23 22 af

205 261 116 22 Utskottet
341 261 38 20 har
403 261 121 27 föreslagits
540 262 26 19 än
583 261 49 21 med
648 262 12 20 5
677 263 70 25 dagar.
777 260 42 29 Jag
834 261 93 21 förbiser
942 261 48 21 icke
1005 263 31 19 att

206 289 175 22 önskvärdheten
404 289 22 21 af
448 292 32 18 att
494 289 34 21 för
542 290 46 27 jagt
602 289 14 21 å
630 289 125 28 skogsfågel
771 289 73 21 kunna
859 289 100 22 använda
975 289 61 22 såväl

205 318 90 21 stående
317 325 45 14 som
379 317 109 22 skällande
504 317 117 28 fågelhund
637 318 108 21 föranledt
760 317 71 22 denna
842 318 61 21 korta
914 318 122 28 framskjut-

205 347 54 27 ning
273 346 23 21 af
311 346 162 28 fridlysningen.
503 347 51 20 Men
570 347 48 20 från
634 347 77 20 allmän
728 347 126 20 ekonomisk
873 347 110 28 synpunkt
994 348 41 19 kan

206 375 126 21 Utskottets
354 375 81 28 förslag
457 376 6 20 i
486 375 70 21 denna
571 375 35 21 del
622 375 48 21 icke
685 375 114 21 försvaras.
829 375 76 21 Också
920 375 67 21 finner
1001 376 35 27 jag

206 403 37 21 det
266 403 83 21 mindre
371 403 127 22 motiveradt
518 407 31 18 att
569 403 101 29 förbjuda
691 404 45 27 jagt
757 403 14 21 å
793 403 56 22 höna
868 403 23 22 af
912 403 69 29 tjäder
996 403 39 22 och

205 439 49 14 orre
269 432 66 21 redan
351 431 48 22 från
415 432 40 21 den
472 433 11 20 1
500 432 126 21 December.
656 432 75 21 Såsom
747 432 68 21 kändt
830 432 35 21 får
879 433 45 28 jagt
937 433 12 20 å
961 433 75 26 skogs-

205 461 59 27 fågel
281 461 6 20 i
303 461 115 20 allmänhet
433 461 35 20 för
478 461 133 20 närvarande
623 461 87 27 vidtaga
721 460 41 21 den
775 462 26 20 15
813 461 66 21 Mars.
908 461 42 28 Jag
962 461 74 20 erkän-

205 497 40 13 ner
259 493 100 24 nogsamt
374 490 73 27 vigten
463 489 61 21 deraf
539 492 31 18 att
585 489 57 22 höna
658 489 22 21 af
694 489 69 28 tjäder
773 489 41 21 och
827 497 47 13 orre
886 489 93 28 skyddas
992 496 44 13 mer

205 519 28 19 än
254 517 113 26 härintills,
389 525 46 14 men
460 517 38 22 det
519 525 63 20 synes
602 519 44 26 mig
661 525 52 14 vara
728 517 34 21 för
777 517 60 28 långt
851 517 81 28 gänget
947 520 31 19 att
992 517 44 21 för-

206 546 66 28 bjuda
294 547 46 28 jagt
361 546 12 21 å
396 546 62 21 dessa
478 546 70 28 fåglar
563 546 68 21 under
650 546 120 21 December
791 546 84 21 månad.
905 547 19 20 Ty
952 547 7 20 i
974 547 62 20 norra

205 575 90 21 delarna
310 575 23 20 af
348 575 73 21 landet
435 575 87 21 utöfvas
538 575 70 21 denna
623 576 46 27 jagt
684 575 149 28 förnämligast
845 576 61 27 just
905 571 12 36 i
928 575 108 21 December

206 603 85 22 månad.
321 603 40 21 Att
383 611 28 13 nu
434 603 100 28 förbjuda
553 604 46 27 jagt
621 604 13 21 å
656 603 56 21 höna
727 603 24 21 af
766 611 47 13 orre
829 603 40 22 och
884 603 69 28 tjäder
968 603 67 22 under

206 632 124 21 December
351 634 23 19 är
395 635 30 18 att
447 632 118 27 betänkligt
580 632 117 21 inskränka
718 639 25 14 en
765 632 35 21 för
817 632 153 27 befolkningen
986 633 6 20 i
1008 631 26 22 de

206 660 99 29 nordliga
321 660 86 22 delarne
422 661 22 21 af
458 661 74 21 landet
546 661 69 28 vigtig
630 660 157 21 förvärfskälla.
817 661 53 20 Man
883 661 38 20 har
931 661 6 20 i
948 660 87 21 allmän-

206 689 39 21 het
270 693 45 17 mot
337 689 163 28 ifrågavarande
515 689 173 28 jagtlagsförslag
703 689 104 26 anmärkt,
822 692 32 18 att
869 689 37 21 det
920 697 43 20 nog
978 696 57 21 myc-

207 718 38 21 ket
254 717 127 28 tillgodoser
391 719 163 27 sportintresset.
580 718 78 21 Denna
668 718 152 27 anmärknings
831 717 131 28 befogenhet
972 725 62 20 synes

207 747 44 26 mig
266 746 150 28 förnämligast
429 747 72 20 kunna
517 747 85 20 baseras
617 747 43 27 just
675 746 28 28 pä
718 746 104 28 förslaget
838 746 132 21 beträffande
982 745 53 22 frid-

207 775 158 28 lysningstiden
382 775 33 21 för
430 775 128 28 skogsfägel.
589 775 76 21 Säsom
681 775 36 28 jag
731 777 45 18 tror
792 775 43 27 mig
850 775 66 20 hafva
932 775 5 20 i
951 775 85 20 korthet

207 803 78 28 antydt
307 804 90 20 innebär
415 803 58 22 detta
488 803 81 28 förslag
585 807 31 18 ett
632 803 94 28 ensidigt
740 803 172 28 tillgodoseende
928 803 23 21 af
966 806 69 25 sport-

207 833 102 20 intresset
330 832 29 28 pä
381 832 119 21 bekostnad
522 832 23 21 af
564 832 43 21 den
624 832 132 27 befolkning,
771 832 23 21 ät
809 832 87 21 hvilken
912 833 71 27 jagten
998 839 38 20 ger

208 868 27 13 en
258 861 35 20 för
316 860 123 22 densamma
462 861 118 28 oumbärlig
600 861 100 21 iukomst.
729 860 42 28 Jag
787 860 66 28 vågar
869 861 73 20 derför
956 860 80 21 föreslå

207 891 33 19 att
262 889 27 21 R.
312 889 40 21 och
375 890 26 21 A.
423 889 51 22 ville
495 890 31 20 uti
548 897 28 13 nu
600 889 165 28 ifrågavarande
785 889 35 21 del
835 889 91 21 omfatta
940 896 95 14 reserva-

206 919 75 34 tiongn
297 917 43 22 N:o
355 920 20 19 4.

278 975 35 21 Hr
327 975 128 28 Ramsay:
486 975 44 21 Det
551 976 91 20 intresse
657 976 36 27 jag
707 975 64 28 hyser
785 975 35 21 för
835 975 141 21 förevarande
991 975 45 28 lag-

206 1003 89 28 förslag,
310 1005 24 20 är
348 1003 49 22 icke
411 1005 104 27 jägarens,
530 1003 71 22 såsom
616 1004 36 27 jag
666 1003 66 22 redan
743 1003 37 22 vid
790 1003 178 22 remissdebatten
980 1006 56 18 utta-

207 1031 49 22 lade
280 1033 49 26 mig,
349 1035 52 18 utan
423 1033 100 20 intresset
537 1032 48 21 från
602 1033 77 20 allmän
696 1032 138 28 ståndpunkt,
849 1032 42 21 och
906 1032 47 21 från
963 1031 73 22 denna

207 1061 109 20 allmänna
337 1061 133 28 ståndpunkt
491 1061 68 21 finner
580 1061 21 28 jag
639 1061 43 28 mig
697 1064 55 18 mest
766 1061 91 21 tilltalad
873 1061 23 21 af
911 1061 41 20 den
967 1060 69 28 fjerde

206 1090 169 25 reservationen,
395 1097 45 14 som
463 1089 64 22 äfven
550 1089 34 21 Hr
602 1069 111 42 Snellman
738 1089 122 22 framhållit,
895 1089 44 21 Det
961 1091 23 18 är
1006 1091 31 19 ett

206 1117 110 50 paktieki
339 1119 96 25 intrssse,
462 1125 44 14 som
531 1118 23 21 af
580 1121 167 27 reservanterne,
769 1118 63 21 dessa
855 1118 137 21 medlemmar
1014 1117 23 21 af

227 1146 151 26 ondeständet,
407 1147 71 21 blifvit
501 1146 112 21 förordadt
635 1147 32 20 till
690 1147 126 20 beaktande.
852 1146 12 21 I
886 1146 122 28 anslutning
1029 1147 7 20 i

206 1175 126 21 hufvudsak
354 1175 33 21 till
409 1175 27 21 de
457 1175 137 28 synpunkter,
615 1176 65 20 som
670 1171 12 36 i
696 1175 68 28 fjerde
780 1176 160 20 reservationen
953 1175 85 25 uttalas,

205 1203 41 28 går
260 1204 37 28 jag
313 1207 32 18 att
359 1203 93 28 granska
466 1203 27 22 de
508 1203 210 28 tidsbestämningar,
733 1211 46 14 som
794 1204 69 21 finnas
877 1207 110 24 upptagna
1002 1204 7 20 i
1024 1204 13 27 $

208 1233 27 20 14
250 1233 93 21 rörande
359 1232 206 29 fridlysningstiden.
594 1232 43 28 Jag
653 1232 72 22 stöder
740 1233 57 21 mina
808 1232 125 22 uttalanden
944 1231 94 22 hufvud-

206 1261 98 27 sakligen
327 1261 28 28 pä
377 1261 37 21 räd
438 1262 40 20 och
501 1261 159 29 upplysningar,
680 1268 45 14 som
741 1262 36 27 jag
791 1261 44 21 fätt
850 1264 108 24 emottaga
973 1260 23 22 af
1010 1268 27 13 en

206 1289 102 21 fackman
331 1290 41 21 och
393 1290 102 20 särskildt
515 1290 23 20 af
558 1297 27 13 en
604 1290 35 20 för
654 1289 141 28 fägelvärden
810 1290 87 28 mycket
909 1288 127 22 intresserad

206 1325 87 21 person,
308 1318 124 28 professorn
448 1319 6 20 i
470 1318 81 28 zoologi
568 1318 36 21 vid
621 1318 49 21 värt
684 1319 132 20 universitet.

275 1346 12 21 I
302 1354 62 13 mom.
381 1348 10 20 1
408 1350 104 25 upptages
527 1346 213 29 fridlysningstidens
755 1346 82 28 utgäng
851 1346 34 21 till
895 1346 42 22 den
951 1347 26 20 31
988 1346 50 21 Juli.

207 1374 81 22 Denna
309 1374 102 29 tidpunkt
426 1382 61 14 anses
502 1375 48 21 frän
566 1375 173 21 fackmannahäll
755 1383 51 13 vara
821 1376 35 20 för
871 1375 67 28 knapt
952 1375 86 21 tillmätt

206 1402 42 22 och
265 1403 66 21 borde
347 1404 120 21 utsträckas
482 1404 32 20 till
531 1405 26 20 14
573 1404 100 28 Augusti,
684 1404 27 20 dä
723 1404 141 28 isynnerhet
858 1398 11 39 i
875 1403 64 21 södra
951 1403 87 21 delarna

206 1432 24 20 af
253 1432 74 21 landet
348 1432 42 21 den
413 1432 94 26 vildnad,
522 1440 45 14 som
583 1433 6 20 i
605 1435 117 18 momentet
736 1432 129 28 uppräknas,
881 1434 56 19 ännu
952 1432 48 21 icke
1015 1433 23 19 är

206 1460 118 28 Aygfärdin
347 1460 41 22 och
410 1462 7 20 i
439 1461 105 28 väsentlig
565 1460 49 20 män
638 1462 120 26 matnyttig,
777 1460 124 29 isynnerhet
923 1460 28 21 dä
972 1460 65 21 våren

206 1489 59 21 varit
287 1478 50 37 kall,
362 1488 117 30 hvarjemte
504 1489 40 21 den
570 1489 56 21 blott
648 1490 7 20 i
678 1484 25 26 få
722 1489 39 21 fall
784 1490 25 20 är
829 1488 90 22 föremål
939 1488 36 22 för
995 1488 42 22 den

207 1516 142 23 ekonomiska
369 1518 97 28 jägarens
483 1518 45 28 jagt
548 1520 53 19 utan
620 1517 76 22 endast
713 1518 35 21 för
763 1518 164 28 sportjägarens,
942 1518 8 20 i
965 1517 73 22 hvilka
