1117 1781
311 146 278 21 Kommunalförvaltningen
601 146 28 21 på
641 146 76 17 landet.
860 140 40 20 949

103 218 68 20 möter
186 217 11 20 3
209 215 66 26 mark,
289 223 47 13 men
353 215 90 21 dubbelt
458 215 24 21 så
496 215 92 28 mycket,
604 222 33 13 om
654 214 165 21 sammanträdet
829 214 23 21 af
862 214 67 21 sådan

104 245 62 21 orsak
189 244 120 26 inställess;
332 244 59 21 detta
415 251 50 14 vore
487 243 28 21 dä
536 244 5 20 i
564 243 223 21 öfverensstämmelse
803 242 46 21 med
867 243 11 20 9
895 243 12 27 $
923 243 7 20 i

104 274 61 27 lagen
181 281 33 13 om
230 272 183 29 förmynderskap.

172 341 57 21 Frib.
259 348 50 14 von
339 341 85 21 Born:
459 341 41 27 Jag
531 340 37 21 har
597 340 49 21 icke
676 339 253 28 förmynderskapslagen

104 370 38 21 här
161 369 48 22 med
232 370 43 27 mig
296 369 50 21 eller
367 370 24 20 sä
410 370 6 20 i
432 369 112 26 hufvudet,
556 372 32 17 att
602 369 35 28 jag
652 368 72 21 kunde
739 368 45 21 läsa
799 376 44 20 upp
859 367 41 22 den
917 369 12 26 $

104 406 25 13 ur
149 398 128 26 densamma,
297 405 44 14 som
363 398 38 21 här
420 400 24 19 är
459 399 6 19 i
481 397 71 28 fråga;
567 405 48 13 men
631 397 35 28 jag
683 397 36 20 ber
735 400 36 23 att,
787 397 46 20 med
850 396 79 21 under-

104 427 112 28 stödjande
237 426 22 21 af
278 426 57 21 Frih.
355 434 42 13 von
419 426 100 21 Kothens
538 426 86 27 förslag,
639 425 23 21 få
677 427 76 19 nämna
769 428 32 18 att
815 426 35 27 jag
865 426 5 19 i
887 425 42 21 Ut-

105 456 86 25 skottet,
211 458 51 18 utan
282 458 32 18 att
335 455 56 21 dock
406 462 110 14 reservera
532 455 48 27 mig,
595 453 81 29 yrkade
692 453 27 29 pä
735 456 30 19 att
781 461 48 13 man
845 454 5 20 i
867 453 62 28 lagen

105 484 46 21 med
175 484 134 27 konsegvens
333 483 68 22 skulle
424 483 96 21 undvika
542 483 60 20 ordet
624 483 66 26 böter,
712 482 41 21 och
773 483 36 27 jag
828 482 38 21 har
881 481 48 22 icke

104 513 67 20 heller
192 512 116 28 nägonting
327 515 57 18 emot
407 515 31 18 att
458 512 61 21 ordet
538 512 44 20 vite
597 511 106 21 undvikes
719 511 40 21 och
776 513 88 19 ersättes
881 510 47 21 med

105 541 64 28 nägot
189 544 64 17 annat
272 541 91 28 uttryck,
383 541 130 28 exempelvis
530 540 70 28 afgift.
630 540 42 27 Jag
687 539 85 21 förenar
787 540 43 27 mig
845 539 83 21 säledes

105 577 33 14 om
158 569 104 28 förslaget
282 572 31 18 att
328 569 59 21 detta
403 569 65 21 måtte
484 569 105 27 iakttagas
606 568 40 21 och
662 568 90 21 föreslår
767 571 32 18 att
813 569 34 26 8:n
864 567 65 21 måtte

104 598 164 21 äterremitteras
288 598 31 21 till
341 597 113 22 Utskottet
476 597 34 21 för
533 597 190 21 ästadkommande
745 597 22 20 af
791 597 139 20 konformitet

104 627 7 20 i
127 627 67 28 lagen.

174 695 33 21 Hr
221 695 25 21 T.
261 695 146 20 Aminoff:
437 689 74 26 Äfven
527 695 35 27 jag
578 694 68 21 skulle
662 693 74 21 förena
752 694 43 27 mig
809 693 48 21 med
870 693 58 21 Frih.

104 731 42 13 von
162 723 89 22 Kothen
266 731 34 14 om
315 723 121 21 äterremiss
452 724 7 20 i
475 723 37 20 det
526 723 23 20 af
564 722 78 21 honom
658 722 94 28 antydda
768 722 63 28 syfte.

369 820 297 28 Omröstningsproposition:

174 888 55 26 Den,
252 895 45 14 som
319 888 125 28 godkänner
467 889 11 26 $
502 889 27 20 36
553 889 66 26 enligt
642 888 123 21 Utskottets
788 887 141 26 betänkande,

105 919 68 19 röstar
188 917 29 28 ja;

175 986 75 20 vinner
263 986 40 27 nej,
313 985 165 21 äterremitteras
490 985 144 21 betänkandet
644 985 33 20 till
688 985 128 21 Utskottet
809 980 13 37 i
827 984 102 21 afseende

106 1014 12 20 å
134 1015 45 26 &:ns
195 1013 154 28 omredigering
365 1015 7 20 i
387 1014 37 21 det
439 1014 57 28 syfte
511 1014 57 21 Frih.
585 1021 41 14 von
642 1013 89 22 Kothen
746 1013 116 28 föreslagit.

175 1082 79 28 Prop:n
271 1082 128 21 besvarades
415 1082 48 21 med
480 1082 160 27 öfvervägande
650 1083 27 27 ja,
688 1082 136 28 hvarigenom
834 1082 26 21 R.
873 1089 18 14 o.
904 1082 26 20 A.

105 1110 96 28 godkänt
216 1112 33 26 $:n
265 1111 66 28 enligt
346 1111 124 21 Utskottets
486 1111 142 21 betänkande.

174 1179 71 20 Sedan
267 1180 16 27 $
304 1180 30 20 37
354 1179 72 21 blifvit
447 1182 50 18 utan
514 1179 122 21 diskussion
652 1179 107 28 godkänd,
774 1179 84 28 yttrade
875 1179 5 20 i
897 1178 32 21 af-

106 1207 78 21 seende
200 1207 13 21 å

173 1277 15 27 $
204 1277 32 20 38

173 1344 57 22 Frih.
251 1345 26 21 R.
296 1346 27 20 A.
344 1345 110 21 Wrede:
484 1346 42 27 Jag
542 1345 37 21 ber
594 1348 32 18 att
640 1345 132 21 beträffande
788 1346 12 26 &
817 1346 26 20 38
859 1344 22 21 få
897 1344 32 21 bi-

104 1373 60 21 träda
184 1373 57 21 Frih.
263 1381 41 13 von
321 1374 69 20 Borns
406 1375 138 24 reservation,
560 1374 66 28 enligt
641 1374 88 21 hvilken
745 1374 69 20 denna
831 1374 11 27 $
859 1373 69 21 skulle

104 1402 127 21 formuleras
246 1402 43 21 lika
305 1410 44 13 som
366 1404 11 26 $
394 1404 26 20 37
436 1404 6 19 i
458 1410 28 13 nu
502 1402 99 28 gällande
616 1402 134 28 förordning.

173 1470 56 21 Frih.
245 1470 55 21 Edv.
313 1470 151 28 Hisinger:
479 1470 42 28 Jag
532 1470 37 21 ber
579 1470 64 21 äfven
655 1473 31 18 att
697 1470 22 20 fä
730 1470 128 21 understöda
871 1469 58 21 Frih.

104 1505 41 13 von
167 1499 69 21 Borns
258 1499 81 27 förslag
359 1502 32 18 att
413 1501 11 25 $
446 1500 26 20 37
488 1500 6 19 i
508 1506 28 14 nu
552 1498 98 28 gällande
666 1498 125 28 förordning
807 1499 38 20 här
860 1498 68 21 skulle

103 1526 82 22 införas
201 1528 6 20 i
223 1528 71 20 stället
310 1527 34 21 för
360 1528 12 26 &
389 1528 32 20 38.
