1117 1781
234 136 42 20 600
475 141 24 16 R.
512 144 18 13 0.
542 140 23 17 A.
578 140 56 17 1897.
655 140 23 16 13
690 139 64 21 April.

205 211 92 20 stämma
311 209 30 21 uti
358 209 27 21 de
401 209 22 20 af
437 208 114 22 Utskottet
566 209 31 20 uti
613 207 164 29 ifrägavarande
794 207 102 21 afseende
907 207 127 21 framhällna

205 237 178 28 betänkligheter,
398 238 94 20 anhäller
506 237 36 28 jag
557 239 33 19 att
604 236 35 21 för
655 237 42 20 min
712 237 62 27 ringa
789 235 35 22 del
839 235 24 22 få
877 235 39 22 hos
932 235 25 22 R.
973 243 18 14 o.
1007 236 27 20 A.

205 266 112 22 vördsamt
331 266 33 21 till
378 265 156 29 godkännande
550 265 88 22 förorda
651 265 124 22 Utskottets
785 263 136 22 betänkande
933 265 7 20 i
951 263 83 29 frägan.

460 351 321 28 Omröstningspropositioner':

278 409 39 26 1:0)
347 408 55 26 Den,
424 415 45 14 som
492 408 38 21 vill
551 408 33 21 till
606 407 212 28 kontraproposition
839 409 57 19 emot
911 407 123 21 Utskottets

206 437 137 22 betänkande
359 439 77 26 antaga
451 436 41 21 den
508 436 48 21 näd.
572 443 82 22 prop:n,
669 437 69 20 röstar
752 436 32 28 ja;

276 494 76 21 vinner
366 494 41 28 nej,
422 497 86 24 antages
523 493 33 21 till
571 493 211 28 kontraproposition
798 492 49 21 näd.
863 500 59 21 prop.
938 491 47 22 med
1001 491 35 22 sä-

206 522 43 21 dan
272 522 145 28 begränsning
437 522 47 21 med
510 521 103 22 afseende
621 517 13 37 ä
656 521 59 22 tiden
731 521 34 21 för
780 521 74 28 lagens
869 521 106 28 giltighet,
990 527 45 14 som

206 551 35 21 Hr
256 550 115 29 Stjernvall
386 551 117 28 föreslagit.

277 608 78 21 Denna
370 608 278 27 omröstningsproposition
664 606 129 22 besvarades
809 607 37 21 vid
863 607 74 21 derom
952 606 83 21 anstäld

207 637 71 21 sluten
294 637 132 27 omröstning
440 636 49 21 med
504 637 28 20 84
546 637 22 27 ja
584 636 41 21 och
641 637 26 20 19
683 636 40 28 nej.

278 695 41 26 2:0)
349 693 54 26 Den,
422 701 46 14 som
482 693 126 28 godkänner
626 693 121 22 Utskottets
764 692 143 27 betänkande,
922 694 69 19 röstar
1004 693 32 27 ja;

278 751 75 21 vinner
369 751 40 28 nej,
425 753 87 26 antager
527 751 25 20 R.
568 757 19 14 o.
602 751 27 20 A.
645 749 49 22 näd.
709 757 60 21 prop.

281 813 44 22 Vid
348 813 72 22 härom
436 813 83 22 anstäld
535 814 99 27 votering
650 813 76 21 utföllo
741 814 98 20 rösterna
854 812 48 22 med
918 813 26 20 21
961 813 19 27 ja
996 811 40 22 och

209 843 27 20 75
252 842 41 28 nej.

278 899 44 21 Till
344 899 54 28 följd
420 899 62 21 häraf
503 899 55 21 hade
580 899 27 20 R.
622 906 19 13 o.
656 899 28 20 A.
699 898 89 21 beslutit
801 901 32 18 att
847 897 115 29 godkänna
978 897 36 22 det
1029 898 8 21 i

208 927 50 22 näd.
274 935 59 21 prop.
348 927 105 29 ingäende
466 927 139 28 lagförslaget
616 927 145 21 oförändradt.

491 1093 148 24 Statsverkets
654 1091 101 25 tillstånd.

280 1151 122 28 Föredrogs

281 1208 175 21 Statsutskottets
478 1208 70 21 härtill
572 1207 118 28 bordlagda
706 1207 136 22 betänkande
857 1207 43 21 N:o
915 1208 13 19 2
944 1207 7 20 i
967 1206 73 21 anled-

210 1237 53 27 ning
283 1237 23 21 af
320 1236 244 29 Finansexpeditionens
580 1237 7 21 i
602 1237 124 27 Kejserliga
741 1236 94 22 Senaten
850 1235 35 21 för
899 1235 93 21 Finland
1007 1235 32 21 till

211 1264 122 23 Ständerna
348 1266 84 26 afgifna
446 1266 90 20 relation
552 1273 34 14 om
602 1266 141 21 statsverkets
759 1264 103 22 tillständ.

281 1322 32 22 Pä
329 1322 99 22 anhällan
443 1322 109 22 lemnades
568 1322 62 22 ordet
644 1322 23 21 ät

281 1379 58 21 Frih.
355 1387 54 14 von
424 1380 83 26 Born,
523 1387 46 13 som
584 1379 96 29 yttrade:
696 1379 75 21 Ehuru
787 1379 59 21 detta
860 1377 137 23 betänkande
1012 1385 29 13 nu

211 1408 58 21 varit
290 1408 115 28 bordlagdt
425 1408 62 21 öfver
509 1411 31 18 ett
562 1408 92 28 plenum,
674 1407 67 29 vägar
755 1408 36 28 jag
806 1407 57 21 dock
879 1406 109 22 vördsamt
1004 1414 37 13 an-

211 1436 58 22 hålla
291 1439 31 19 att
343 1436 145 22 betänkandet
508 1437 67 21 måtte
597 1436 24 21 få
643 1436 56 28 ligga
721 1436 28 28 pä
769 1436 76 21 bordet
860 1437 57 19 ännu
932 1435 32 21 till
980 1436 61 20 nästa

211 1465 95 28 pienum.
335 1465 36 21 Då
391 1466 36 28 jag
449 1465 78 22 tillåter
549 1466 45 27 mig
614 1466 53 27 göra
689 1464 57 22 detta
767 1464 87 28 förslag,
870 1464 38 21 ber
922 1465 36 27 jag
973 1466 31 18 att
1018 1462 24 22 få

211 1493 82 29 antyda
315 1494 95 21 motiven
431 1493 34 21 för
480 1493 123 22 detsamma.
634 1493 44 21 Det
692 1495 24 19 är
729 1494 23 27 ju
767 1493 49 21 icke
831 1492 77 28 nödigt
922 1494 32 19 att
968 1492 74 28 hvarje

211 1522 166 28 landtdagsman
393 1525 60 25 tager
468 1529 110 21 noggrann
594 1522 35 21 del
642 1522 7 20 i
659 1521 188 29 handläggningen
858 1521 23 21 af
891 1521 74 27 hvarje
975 1520 66 28 fråga,
