1117 1781
344 128 310 34 Häradsbrandstodsbolagen.
845 130 42 21 695

87 204 41 21 den
144 203 146 22 modifikation
306 203 184 28 Borgareståndet
504 203 75 29 gjorde
595 205 30 20 uti
642 203 123 22 Utskottets
778 204 69 21 första
859 205 57 20 kläm

87 236 31 18 att
140 231 69 22 denna
233 232 56 21 kläm
311 232 69 21 skulle
407 232 84 21 komma
516 235 31 18 att
562 232 108 21 innehålla
685 232 72 29 hvarje
773 232 82 29 åtgärd,
869 241 46 13 som

87 268 51 14 vore
160 268 26 13 en
210 260 135 29 konseqvens
367 261 23 21 af
413 268 26 14 en
462 261 108 21 eventuell
588 261 135 28 proposition
737 262 7 20 i
759 261 83 28 frågan.
872 261 45 22 Det

86 289 110 21 förefaller
217 290 45 27 mig
287 289 72 21 derför
382 289 70 21 såsom
472 289 122 21 korrektast
610 292 36 23 att,
662 297 34 14 om
711 290 205 28 sammanjemkning

87 317 54 22 skall
157 325 38 20 ega
210 325 53 17 rum,
278 317 123 22 Utskottets
417 318 82 27 förslag
513 317 49 22 med
578 317 135 22 uteslutande
729 318 23 21 af
767 318 66 21 andra
848 319 68 21 kläm-

87 353 48 14 men
157 346 69 21 skulle
249 346 72 28 läggas
337 347 32 20 till
384 346 69 28 grund
468 346 36 21 för
519 347 231 28 sammanjemkningen
767 347 41 21 och
823 348 7 20 i
845 347 71 21 denna

86 375 55 21 form
164 377 94 26 antagas,
280 375 46 20 ifall
346 375 48 21 icke
417 375 25 21 R.
466 382 18 14 o.
504 376 27 20 A.
554 375 69 22 skulle
639 383 51 13 anse
706 376 32 27 sig
755 375 50 22 böra
820 375 95 22 vidhålla

87 404 37 20 sitt
139 403 56 22 förra
212 403 69 22 beslut
296 404 5 20 i
315 403 81 28 frågan.

155 471 58 22 Frih.
239 472 25 21 R.
289 473 26 20 A.
340 472 109 21 Wrede:
476 472 44 21 För
544 473 44 20 min
612 472 36 21 del
671 472 50 22 ville
739 473 36 28 jag
789 473 81 22 föreslå
885 475 32 19 att

87 500 26 21 R.
136 508 18 14 o.
176 502 25 19 A.
225 501 65 20 måtte
313 500 96 21 förkasta
428 500 60 22 detta
504 501 297 29 sammanjemkningsförslag
815 502 45 21 helt
875 501 41 22 och

88 529 71 21 hället.
189 529 44 21 Det
255 529 40 20 kan
317 529 22 28 ju
361 537 51 14 vara
434 529 62 22 fallet
518 532 32 18 att
565 529 105 28 förslaget
684 530 99 28 riktigast
797 530 55 22 hade
867 530 49 22 bort

87 559 107 26 uppgöras
219 557 71 22 säsom
315 557 42 22 den
380 561 85 18 senaste
488 558 64 21 ärade
575 559 82 20 talaren
680 559 111 21 framstält.
819 559 53 21 Men
888 559 28 21 dä

87 585 25 22 R.
136 593 17 14 o.
175 586 26 21 A.
221 585 37 22 vid
273 585 87 29 frågans
375 586 68 21 första
459 586 131 29 behandling
605 587 7 20 i
628 587 91 21 Ständet
734 587 67 28 ansåg
816 589 33 26 sig
863 587 53 22 böra

87 614 54 21 fatta
158 615 69 20 beslut
249 614 86 27 derhän,
357 617 32 19 att
412 615 207 28 petitionsförslaget
641 615 49 22 icke
714 615 68 22 skulle
798 616 32 21 till
845 616 71 27 nägon

88 642 74 28 ätgärd
185 643 117 26 föranleda,
317 643 40 22 och
373 643 28 22 dä
416 643 96 22 derefter
526 644 48 21 icke
590 644 71 28 nägon
678 644 158 29 omständighet
850 644 66 21 fram-

87 671 63 27 trädt,
172 671 88 22 hvilken
279 672 68 21 skulle
363 673 103 20 motivera
482 680 27 13 en
524 672 92 29 ändring
631 673 7 20 i
654 673 69 21 denna
739 673 138 28 ständpunkt,
891 673 24 21 sä

87 700 67 21 finner
175 701 36 27 jag
233 699 37 22 det
291 708 50 13 vara
357 701 131 28 sakenligast
503 704 32 18 att
550 701 26 21 R.
592 709 18 14 o.
625 702 27 21 A.
668 709 29 14 nu
712 701 79 22 vidblir
805 703 38 20 sitt
857 701 58 22 förra

88 728 70 22 beslut
173 730 6 19 i
194 728 82 29 frägan.

156 797 34 21 Hr
204 797 37 28 Hj.
257 797 112 22 Schildt
383 798 147 21 understödde
545 798 58 22 Frih.
618 798 92 22 Wredes
726 799 85 28 förslag.

156 865 35 21 Hr
205 865 128 29 Ramsay:
350 866 71 21 Sedan
437 868 69 19 röster
520 867 39 20 här
574 867 56 28 höjts
646 867 35 21 för
696 869 31 19 att
741 867 25 21 R.
781 875 18 14 o.
811 867 27 22 A.
849 867 66 22 mätte

88 894 107 21 vidblifva
211 895 36 20 sitt
262 894 58 21 förra
337 895 70 21 beslut
421 896 5 19 i
442 895 84 28 frägan,
541 898 61 25 tager
616 896 36 27 jag
667 896 43 27 mig
725 895 91 22 friheten
831 899 32 18 att
878 903 37 14 an-

88 923 55 20 sluta
158 923 43 27 mig
216 923 32 20 till
263 923 70 21 denna
348 923 146 28 uppfattning,
509 924 25 21 sä
549 924 86 28 mycket
650 924 66 21 hellre
731 931 45 14 som
792 925 35 28 jag
837 925 7 20 i
855 924 60 22 tiden

88 951 43 28 just
145 951 105 21 förfäktat
266 951 69 22 denna
351 952 145 28 uppfattning.

354 1037 286 29 Omröstningsproposition
646 1047 4 12 :

157 1094 56 26 Den,
242 1101 44 14 som
311 1094 125 28 godkänner
460 1095 126 22 Utskottets
611 1095 304 28 sammanjemkningsförslag,

88 1124 69 19 röstar
170 1123 31 28 ja;

159 1186 75 21 vinner
260 1186 40 28 nej,
323 1186 104 21 vidhäller
449 1186 25 21 R.
498 1194 19 13 o.
538 1187 27 21 A.
584 1187 37 20 sitt
635 1187 91 28 tidigare
741 1186 81 22 fattade
839 1187 76 21 beslut.

157 1242 164 29 Propositionen
343 1243 130 22 besvarades
497 1243 48 22 med
569 1243 160 29 öfvervägande
745 1245 44 28 nej;
804 1243 41 23 och
860 1243 55 22 hade

88 1271 26 21 R.
130 1278 17 14 o.
162 1272 27 20 A.
205 1272 89 21 sålunda
309 1272 88 22 beslutit
411 1272 96 22 vidhålla
522 1274 38 20 sitt
575 1272 37 22 vid
628 1273 87 28 frågans
727 1272 128 28 behandling
864 1272 51 22 tidi-

88 1307 50 21 gare
153 1300 83 22 fattade
252 1300 69 22 beslut
336 1304 31 18 att
383 1301 69 21 lemna
464 1301 165 29 ifrägavarande
640 1302 103 21 motions-
753 1302 40 21 och
803 1302 112 28 petitions-

88 1328 80 29 förslag
184 1332 50 18 utan
249 1329 108 22 afseende.
