1117 1781
406 138 100 16 Finlands
519 138 66 17 Bank.
840 132 41 20 649

147 207 49 22 Den
212 207 106 22 allmänna
334 207 101 22 debatten
451 207 6 20 i
474 208 74 19 ämnet
562 205 111 30 öppnades
689 205 22 22 af

147 264 34 21 Hr
202 264 24 21 L.
247 264 149 26 Mechelin,
411 271 46 14 som
472 263 95 29 yttrade:
589 263 49 21 Den
654 262 193 27 tillfredsställelse,
862 270 47 14 som

78 293 67 22 redan
169 292 210 29 Bankfullmäktiges
403 292 113 21 berättelse
539 291 69 22 mäste
631 291 112 21 framkalla
763 291 40 22 hos
822 291 85 27 enhvar,

78 329 46 14 som
144 321 127 29 uppskattar
290 321 105 21 Finlands
415 321 73 21 Banks
511 320 112 29 betydelse
638 320 36 21 för
689 319 48 22 värt
751 319 62 22 lands
828 320 80 21 ekono-

78 350 69 21 miska
169 349 32 26 lif,
222 349 39 22 har
283 350 120 27 säkerligen
418 349 73 21 blifvit
506 348 86 29 stegrad
608 348 41 22 och
665 348 98 21 befästad
778 355 77 21 genom
871 349 37 20 det

79 378 143 27 betänkande,
243 385 45 14 som
303 378 117 28 föreligger
434 377 33 22 till
483 377 137 28 behandling.
650 377 43 28 Jag
708 377 40 20 kan
764 377 48 21 icke
828 377 79 21 afhälla

79 408 44 27 mig
144 407 48 21 frän
216 410 32 18 att
262 407 67 21 uttala
345 414 26 13 en
387 406 133 21 lyckönskan
536 406 32 21 till
584 405 103 22 Bankens
703 401 93 58 50!
807 405 40 22 och
862 405 45 21 för-

80 435 102 29 valtning,
207 435 64 22 hvars
298 435 136 21 verksamhet
460 434 93 29 erbjudit
580 434 96 21 material
698 434 23 21 till
753 433 59 22 detta
833 434 74 21 betän-

79 463 76 27 kande,
170 464 112 21 äfvensom
305 463 32 22 till
360 463 174 28 Bankutskottet,
550 463 84 21 hvilket
648 462 49 21 med
713 462 23 21 sä
751 463 90 28 mycken
857 463 50 21 sak-

79 493 82 21 kunskap
201 493 41 21 och
262 492 137 28 objektivitet
420 491 71 29 belyst
506 491 27 22 de
548 491 80 29 frägor,
644 499 46 14 som
706 491 36 21 det
757 491 38 22 här
809 491 45 29 gält
875 494 32 18 att

79 521 112 22 behandla.
216 521 85 21 Endast
315 520 132 22 beträffande
463 523 31 18 ett
509 528 39 21 par
563 520 93 29 punkter
672 519 37 22 ber
718 520 35 28 jag
764 523 31 18 att
805 519 102 23 särskildt

79 549 23 22 få
116 552 57 26 yttra
188 550 49 27 mig.

148 578 11 21 I
175 577 145 22 betänkandet
335 577 122 22 framhälles
472 577 28 29 på
515 577 39 22 sid.
570 579 19 26 5,
600 577 115 22 huruledes
727 577 103 22 Finlands
842 577 63 22 Bank

79 606 126 21 medverkat
222 607 6 20 i
251 609 80 18 statens
355 609 83 18 senaste
454 605 109 27 läneaffär,
578 606 41 21 och
635 607 62 27 säges
713 605 74 22 dervid
803 609 31 18 att
848 606 57 21 Ban-

79 635 42 21 ken
145 635 41 28 »pä
209 638 30 18 ett
261 635 183 21 erkännansvärdt
468 637 42 19 sätt
533 635 95 21 bevakat
643 634 140 22 statsverkets
799 635 105 21 intressen

79 666 51 18 utan
147 667 31 18 att
193 663 49 29 sjelf
257 664 82 21 belasta
354 664 33 27 sig
403 663 48 21 med
467 671 26 13 en
509 663 73 21 alltför
598 666 45 18 stor
658 663 35 21 del
708 663 23 21 af
742 663 164 28 ifrägavarande

80 692 161 27 obligationer»,
256 692 40 21 och
312 692 108 21 meddelas
436 691 72 27 sedan,
524 695 31 18 att
571 692 90 21 Banken
677 694 58 19 snart
750 699 42 20 nog
804 691 101 29 lyckades

79 720 87 29 försälja
176 722 78 20 största
265 720 62 22 delen
337 721 23 20 af
370 720 164 28 ifrägavarande
545 720 149 28 obligationer.
715 720 74 28 Enligt
799 721 42 20 min
853 728 53 21 upp-

79 749 94 28 fattning
188 749 80 22 väcker
283 749 59 21 detta
357 751 43 19 sätt
415 752 31 18 att
460 749 106 28 redogöra
581 749 35 21 för
631 749 67 21 saken
713 750 36 19 det
760 749 89 28 intryck,
859 756 46 14 som

80 777 68 22 skulle
171 785 48 14 man
243 785 50 14 anse
317 777 36 22 det
375 777 47 22 icke
444 777 88 22 alldeles
550 777 114 28 tillbörligt
679 780 31 18 att
724 777 103 21 Finlands
842 777 63 22 Bank

80 805 54 29 egde
157 806 65 28 nägot
243 814 57 13 mera
315 805 121 29 betydande
453 806 79 28 belopp
547 806 23 21 af
585 806 69 21 finska
669 809 80 18 statens
765 806 141 28 obligationer

79 835 7 20 i
109 835 31 20 sin
160 835 93 28 portfölj.
283 835 44 21 Det
348 837 23 18 är
390 842 28 13 nu
434 835 34 20 väl
484 835 48 21 icke
548 835 114 28 meningen
678 837 32 18 att
724 835 96 27 pointera
835 834 71 21 denna

80 863 39 21 sak
135 863 26 28 pä
177 866 31 18 ett
223 863 77 21 sädant
315 865 48 25 sätt,
378 866 23 25 ty
416 863 86 21 säkrare
518 871 82 21 papper
616 863 42 21 kan
675 863 33 21 väl
724 863 102 21 Finlands
842 863 63 21 Bank

80 891 48 22 icke
150 891 122 22 innehafva.
307 891 41 28 Jag
370 892 68 21 skulle
461 891 74 22 derför
556 892 78 21 önskat
656 895 32 18 att
709 892 167 21 Bankutskottet
898 893 7 19 i

80 919 69 22 denna
164 920 158 28 framställning
337 920 69 21 skulle
421 920 67 21 hafva
502 920 66 28 gifvit
582 921 88 28 uttryck
685 920 22 21 ät
721 920 37 21 det
767 920 54 21 enda
832 921 73 26 motiv,

79 948 89 21 hvarför
182 949 90 21 Banken
288 949 66 21 hellre
369 949 48 21 icke
432 949 39 20 bör
486 949 33 20 till
534 949 72 28 nägon
623 949 132 28 betydligare
770 949 35 20 del
835 949 70 21 placera

80 977 46 21 sina
141 977 148 28 behällningar
304 978 30 20 uti
344 977 69 22 finska
427 980 143 26 statspapper,
585 978 108 27 nämligen
709 977 36 21 det
756 977 149 27 förhällandet,

80 1008 31 18 att
132 1005 104 22 Finlands
260 1006 73 21 Banks
356 1006 134 28 placeringar
509 1007 6 20 i
536 1006 143 28 obligationer
693 1007 76 27 utgöra
783 1009 32 18 ett
829 1005 76 29 bidrag

79 1034 32 21 till
130 1034 83 21 landets
229 1034 106 21 allmänna
349 1042 79 18 reserv,
443 1034 84 21 hvilket
542 1035 42 20 kan
600 1035 86 21 komma
700 1038 32 17 att
746 1035 76 20 anlitas
838 1034 68 21 under

79 1070 57 13 mera
158 1062 91 22 kritiska
272 1063 61 21 tider.
364 1062 45 22 Vid
432 1063 81 21 sädana
534 1063 100 21 tillfällen
657 1065 24 19 är
701 1063 37 21 det
752 1063 34 21 för
801 1063 103 21 Finlands

79 1091 62 21 Bank
164 1091 69 21 bättre
255 1094 32 18 att
308 1091 32 21 till
356 1091 161 28 öfvervägande
532 1091 36 22 del
583 1099 51 14 vara
650 1092 138 21 innehafvare
803 1091 24 22 af
840 1091 65 21 främ-

78 1119 77 21 mande
178 1122 77 19 staters
279 1127 82 21 papper
383 1120 51 21 eller
456 1120 91 26 valutor,
568 1122 27 19 än
617 1120 23 21 af
658 1120 83 21 landets
757 1128 60 20 egna,
831 1120 74 21 hvilka

79 1147 67 22 under
165 1148 90 21 kritiska
275 1148 56 21 tider
352 1148 48 21 med
416 1148 83 21 mindre
514 1149 70 20 fördel
600 1149 72 21 kunna
688 1149 68 28 säljas.
785 1148 83 21 Endast
883 1148 23 21 af

79 1176 59 21 detta
159 1176 47 21 skäl
229 1184 62 21 synes
307 1176 37 22 det
361 1177 44 28 mig
425 1179 31 19 att
475 1177 106 21 Finlands
596 1177 64 21 Bank
675 1177 54 22 hade
744 1177 115 28 anledning
874 1179 32 18 att

79 1207 58 18 snart
152 1204 53 21 söka
221 1205 90 28 föryttra
327 1213 26 13 en
369 1205 133 28 betydligare
517 1205 35 22 del
568 1205 23 22 af
606 1206 64 21 dessa
686 1206 145 28 obligationer.

146 1232 39 23 Uti
210 1233 145 22 betänkandet
377 1233 115 29 redogöres
516 1234 74 22 vidare
611 1234 35 22 för
665 1234 77 29 planen
762 1237 32 19 att
808 1233 97 30 upphöra

78 1261 49 22 med
142 1261 37 22 det
189 1262 139 28 fullständiga
341 1263 118 21 anlitandet
469 1264 23 20 at
502 1263 103 21 Bankens
618 1263 152 29 sedeltryckeri
783 1262 41 22 och
834 1262 71 22 vända

78 1291 18 20 sig
134 1290 31 21 till
187 1297 28 15 en
230 1291 100 21 utländsk
345 1291 60 21 firma
424 1291 34 21 för
472 1291 117 29 tryckning
604 1291 24 21 af
641 1292 102 21 Bankens
759 1291 75 22 sedlar.
863 1290 42 29 Jag

78 1321 68 19 mäste
165 1319 57 21 dock
243 1319 68 21 tillstä
325 1322 32 18 att
372 1320 37 21 det
424 1319 55 22 hade
495 1323 60 25 synts
571 1321 44 27 mig
630 1320 123 27 önskvärdt,
768 1322 31 19 att
814 1320 91 21 Banken

78 1347 71 21 kunde
171 1348 92 28 fullfölja
286 1348 37 21 det
345 1348 66 21 sedan
434 1348 78 28 mänga
533 1348 24 22 är
576 1349 98 27 inslagna
689 1349 96 21 försöket
799 1351 32 19 att
846 1349 7 20 i
868 1348 37 22 sitt

78 1378 50 26 oget
151 1376 92 28 tryckeri
267 1376 45 22 helt
334 1376 41 22 och
398 1376 65 22 hället
479 1376 120 29 producera
614 1378 48 20 sina
677 1377 74 21 sedlar.
779 1377 45 21 Det
838 1375 67 23 borde

78 1404 49 22 icke
142 1412 51 14 vara
209 1405 97 28 omöjligt
321 1408 32 18 att
368 1405 35 21 för
417 1405 60 22 detta
493 1405 99 22 ändamäl
608 1406 58 21 inom
682 1406 72 21 landet
769 1405 79 22 erhälla
863 1404 42 22 till-

77 1432 92 28 räckligt
185 1432 86 29 dugliga
286 1433 100 22 tekniska
401 1434 96 28 insigter,
512 1434 40 22 och
568 1434 37 21 det
620 1434 48 28 läge
685 1434 56 22 dock
755 1436 67 19 större
833 1437 72 25 trygg-

77 1461 37 21 het
129 1462 31 20 uti
175 1464 32 18 att
221 1462 66 21 hafva
302 1462 203 28 sedeltryckningen
520 1462 24 22 sä
560 1465 32 19 att
606 1464 52 27 säga
672 1463 57 21 inom
745 1465 48 26 eget
803 1462 46 22 hus.
871 1462 34 21 De

78 1490 189 28 omständigheter,
282 1498 46 14 som
343 1491 7 21 i
366 1491 146 21 betänkandet
528 1491 93 27 anföras,
635 1491 62 28 gifva
711 1498 43 21 nog
768 1490 37 23 vid
820 1490 85 22 handen

77 1521 33 18 att
132 1525 25 14 en
180 1518 67 28 högre
269 1519 52 28 grad
343 1519 24 21 af
387 1519 86 21 teknisk
494 1520 138 28 fulländning
646 1520 7 21 i
669 1519 107 22 sedlarnes
791 1519 115 29 tryckning
