1117 1781
312 137 266 17 Riddarhusdirektionens
590 136 119 18 berättelse.
837 132 40 20 683

78 205 89 27 förtjent
189 204 22 21 af
234 205 70 27 någon
327 204 140 29 reprimande,
490 205 24 21 så
536 205 67 20 borde
623 205 37 20 det
680 204 55 21 dock
755 205 72 20 kunna
842 204 64 21 lända

78 233 32 21 till
126 232 70 28 någon
212 235 73 19 ursäkt
301 236 36 23 att,
353 233 71 22 såsom
439 234 35 27 jag
489 236 45 18 tror
549 233 81 21 enhvar
645 233 67 21 måste
728 233 100 26 erkänna,
843 233 63 21 dessa

78 269 47 14 rum
147 269 28 13 nu
199 264 21 18 te
243 263 32 27 sig
296 263 7 20 i
323 265 31 18 ett
374 262 68 25 skick,
463 269 45 14 som
529 264 23 19 är
567 269 45 14 mer
626 261 119 22 tilltalande
761 263 26 19 än
803 261 57 22 hvad
879 261 26 22 de

79 290 105 27 någonsin
206 290 59 21 förut
286 292 60 20 varit.
375 291 40 20 Att
431 298 27 13 nu
474 290 42 21 den
532 290 99 26 kostnad,
647 297 46 14 som
711 290 104 28 nedlagts,
834 290 72 21 öfver-

78 318 84 21 skrider
185 319 144 28 beräkningen
353 319 41 21 och
417 319 66 21 äfven
505 319 67 28 enligt
594 319 153 21 Direktionens
767 319 139 28 uppfattning

79 347 72 21 ställer
167 348 32 27 sig
213 347 156 28 jemförelsevis
385 348 47 27 hög,
449 347 105 22 erkänner
568 348 36 27 jag
619 355 73 20 gerna,
708 355 47 13 men
771 347 37 21 det
823 349 23 19 är
857 347 48 21 med

78 375 28 22 de
128 376 61 21 flesta
211 376 200 28 byggnadsarbeten
432 376 30 25 så,
478 379 31 18 att
524 376 37 21 det
576 376 48 21 icke
640 377 23 20 är
678 376 24 21 så
717 376 88 21 alldeles
821 376 38 21 lätt
875 379 31 18 att

78 404 33 21 till
134 404 73 21 siffran
230 405 55 21 hålla
305 406 32 27 sig
358 405 32 20 till
415 405 257 27 kostnadsberäkningen.
703 404 43 21 Det
766 406 23 19 är
805 412 27 13 nu
848 404 56 21 hvad

78 433 36 28 jag
138 433 119 28 egentligen
278 433 35 21 för
328 434 42 20 min
387 433 34 21 del
437 433 38 21 har
490 436 32 19 att
537 433 81 21 anföra.
649 433 73 21 Skulle
737 433 26 21 R.
779 441 18 13 o.
813 434 26 20 A.
856 441 27 13 nu
899 434 6 19 i

79 462 33 20 sin
128 461 72 22 helhet
215 462 48 21 dela
279 462 37 21 det
331 462 104 26 omdöme,
450 469 46 14 som
512 461 230 22 Riddarhusutskottet
757 462 81 25 uttalat,
854 469 51 14 vore

79 490 38 21 det
132 491 126 27 visserligen
274 490 139 29 päkostande,
429 498 48 13 men
493 498 35 14 om
544 490 24 21 sä
582 491 56 25 sker,
653 490 25 21 så
693 490 32 21 får
741 497 49 14 man
804 490 35 21 väl
849 490 57 21 finna

78 520 35 27 sig
128 519 75 21 deruti.

148 576 34 21 Hr
204 577 27 20 A.
254 575 192 30 Gripenberg:
470 576 48 21 Den
540 575 81 22 vordna
636 575 270 22 Riddarhusdirektionens

79 604 132 28 högtaktade
223 605 137 21 Ordförande
371 613 63 20 synes
445 605 66 21 hafva
523 605 103 20 förutsatt
638 608 30 17 att
679 604 228 21 Riddarhusutskottet

80 633 58 21 velat
160 633 109 28 upphäfva
292 634 32 27 sig
345 634 31 20 till
399 637 31 18 ett
453 634 56 27 slags
533 633 72 21 snille-
626 633 42 21 och
684 633 146 21 smakdomare
846 633 62 21 öfver

80 661 267 22 Riddarhusdirektionen.
378 662 65 21 Detta
459 662 38 21 har
512 662 70 27 aldrig
596 663 56 20 varit
667 661 240 22 Riddarhusutskottets

80 691 92 27 mening.
202 690 74 28 Enligt
304 686 13 37 $&
331 692 28 20 40
375 691 6 20 i
397 691 25 20 R.
438 691 28 21 O.
481 691 131 20 tillkommer
627 690 37 21 det
679 690 229 21 Riddarhusutskottet

80 721 32 18 att
134 727 50 13 vara
204 722 31 18 ett
250 719 56 28 slags
322 720 81 21 revisor
418 719 62 21 öfver
495 719 266 25 Riddarhusdirektionen,
777 719 40 21 och
833 719 36 20 det
885 720 23 19 är

80 748 35 20 väl
131 747 28 22 dä
173 748 82 27 ganska
270 748 108 27 naturligt,
395 761 22 2 —
428 748 40 21 och
484 748 24 21 sä
524 748 38 21 har
572 748 34 20 för
616 751 71 18 resten
699 747 57 21 alltid
769 747 98 26 skett,
850 743 12 36 —
877 750 31 18 att

79 776 230 21 Riddarhusutskottet
333 777 76 20 uttalat
430 777 32 27 sig
485 777 63 20 öfver
570 776 26 21 de
617 775 105 29 åtgärder,
741 783 44 14 som
799 776 109 21 Direktio-

80 812 42 13 nen
141 805 68 21 under
233 805 40 20 den
295 805 100 21 förflutna
415 805 102 28 perioden
534 805 89 21 emellan
640 804 154 27 landtdagarna
810 804 97 28 vidtagit.

81 833 35 21 Då
139 833 36 22 det
196 833 89 21 sålunda
306 834 62 27 gälde
389 837 31 18 att
440 837 56 18 yttra
512 835 34 26 sig
562 833 62 21 öfver
639 833 62 21 dessa
717 833 104 28 åtgärder,
836 832 72 21 kunde

80 862 230 21 Riddarhusutskottet
332 862 47 21 icke
402 855 72 35 undgå
496 865 32 18 att
550 862 56 21 fästa
628 863 32 26 sig
680 861 35 21 vid
731 865 30 17 att
775 861 134 22 Riddarhus-

80 890 139 22 direktionen
243 890 78 22 afvikit
343 891 56 21 ifrån
420 891 37 20 det
472 890 117 26 uttalande,
604 898 45 13 som
665 891 26 20 R.
707 898 18 13 o.
741 891 26 20 A.
783 890 54 21 hade
853 890 56 27 gjort

82 919 36 21 vid
141 919 130 28 föregående
295 919 103 28 landtdag
418 919 133 21 beträffande
573 919 41 21 den
636 919 101 28 riktning,
751 920 6 19 i
773 919 87 21 hvilken
877 925 32 14 re-

81 951 86 18 monten
189 947 48 21 utaf
257 947 27 22 de
305 947 163 28 ifrägavarande
484 955 96 14 rummen
597 947 65 22 borde
678 947 33 28 gä.
741 947 44 21 Det
799 947 110 21 förefaller

83 977 43 27 mig
141 976 89 21 alldeles
245 976 84 28 tydligt,
345 979 38 18 när
397 984 49 14 man
462 977 134 27 genomläser
612 976 129 28 protokollet
753 976 61 21 öfver
825 975 84 22 diskus-

82 1006 75 20 sionen
173 1005 5 20 i
196 1005 60 28 fräga
272 1005 28 28 pä
315 1005 58 21 detta
383 1013 46 13 rum
441 1005 35 21 vid
490 1008 86 18 senaste
586 1005 110 27 landtdag,
708 1007 31 18 att
751 1004 41 21 den
803 1005 106 20 allmänna

81 1033 84 28 äsigten
179 1034 57 20 inom
252 1034 25 21 R.
293 1041 18 14 0.
327 1034 32 25 A.,
375 1041 44 14 som
436 1033 22 21 af
473 1035 65 26 ingen
554 1033 115 26 motsades,
685 1041 38 13 var
737 1033 34 20 för
785 1032 125 21 utförandet

82 1062 22 21 af
115 1062 83 21 Grefve
210 1062 103 21 Armfelts
324 1062 171 28 mängomtalade
506 1063 109 26 ritningar,
626 1062 40 21 och
677 1064 31 19 att
720 1061 36 22 det
764 1069 38 14 var
809 1061 26 21 R.
844 1069 18 13 o.
871 1062 38 19 A:s

82 1091 86 27 mening
183 1093 32 18 att
230 1091 47 21 icke
294 1091 69 27 nägon
379 1098 69 14 annan
464 1094 84 17 remont
564 1091 68 20 skulle
643 1090 45 26 ske,
699 1098 45 13 som
757 1090 71 21 kunde
841 1089 68 22 blifva

82 1119 24 21 sä
122 1119 85 28 dyrbar,
221 1122 32 18 att
268 1119 41 21 den
325 1119 69 21 skulle
411 1119 143 28 undanskjuta
568 1119 124 21 utförandet
708 1119 22 20 af
745 1119 59 20 detta
819 1118 90 28 projekt,

82 1148 35 21 för
132 1148 83 21 hvilket
231 1147 33 22 för
278 1148 94 21 tillfället
383 1147 65 28 nägra
459 1147 70 22 medel
540 1148 48 21 icke
600 1147 77 28 ansägs
689 1147 66 21 finnas
768 1148 6 19 i
786 1147 123 21 riddarhus-

83 1177 85 20 kassan.
197 1176 42 28 Jag
261 1176 56 21 hade
340 1176 72 21 derför
432 1176 100 21 förestält
548 1177 43 27 mig
606 1179 31 18 att
652 1175 257 22 Riddarhusdirektionen

82 1205 56 21 hade
160 1205 47 21 bort
231 1205 116 21 verkställa
369 1213 26 13 en
416 1206 84 27 ringare
516 1208 84 17 remont
614 1206 6 19 i
637 1205 72 20 stället
723 1205 34 20 för
772 1212 25 13 en
813 1203 97 21 definitiv

82 1233 74 27 sådan,
178 1233 63 22 hvars
265 1233 124 22 slutsumma
408 1234 60 28 stigit
487 1234 32 20 till
535 1234 7 20 i
557 1233 37 21 det
609 1235 106 19 närmaste
731 1239 78 15 samma
826 1231 85 50 PI

83 1270 45 14 som
152 1262 43 21 den
218 1262 36 21 vid
277 1265 84 19 senaste
383 1262 103 28 landtdag
506 1262 23 21 af
544 1262 229 21 Riddarhusutskottet
789 1261 121 21 beräknade

84 1290 119 22 kostnaden
219 1291 35 21 för
269 1291 114 21 utförande
399 1291 22 21 af
437 1290 83 22 Grefve
536 1290 105 22 Armfelts
657 1291 108 27 ritningar.
792 1290 66 20 Detta
874 1296 37 14 an-

83 1319 39 28 säg
138 1320 33 27 sig
185 1319 230 22 Riddarhusutskottet
430 1320 51 20 böra
497 1319 109 21 anmärka.
627 1319 42 28 Jag
684 1321 23 19 är
717 1318 130 28 fullkomligt
860 1325 50 13 ense

83 1348 49 21 med
148 1348 41 21 den
206 1348 130 28 föregäende
352 1348 63 21 ärade
431 1348 80 21 talaren
528 1348 80 26 derom,
619 1351 32 17 att
663 1347 37 21 det
712 1349 23 19 är
747 1355 25 13 en
783 1346 127 28 smakfräga,

84 1376 106 22 huruvida
205 1376 83 22 Grefve
304 1377 104 21 Armfelts
424 1377 105 27 ritningar
544 1376 56 21 hade
616 1376 48 21 bort
680 1377 6 20 i
701 1377 32 20 sin
744 1376 71 20 helhet
826 1375 85 21 komma

83 1405 33 21 till
138 1405 121 26 utförande,
281 1413 48 13 men
353 1413 45 13 som
418 1405 84 28 äsigten
518 1406 58 20 inom
591 1405 26 21 R.
633 1412 19 14 o.
666 1405 27 21 A.
708 1404 89 28 tidigare
813 1403 98 21 tenderat

84 1434 22 20 ät
129 1433 59 21 detta
210 1433 49 26 håll,
281 1434 24 21 sä
319 1434 63 26 hade,
397 1437 44 18 tror
456 1434 41 27 jag,
510 1434 91 21 flertalet
616 1433 67 21 också
697 1433 91 28 hoppats
804 1436 31 17 att
850 1432 23 20 få
889 1439 22 13 se

84 1462 48 21 dem
156 1462 70 28 nägon
249 1462 57 28 gäng
329 1462 91 21 utförda
450 1462 36 21 Nu
508 1464 24 19 är
553 1462 59 21 detta
634 1437 125 57 emöllertid.
767 1461 96 28 omöjligt
878 1460 34 21 för

84 1498 26 14 en
133 1490 50 28 lång
204 1490 87 22 framtid
314 1491 27 28 på
363 1490 70 28 grund
449 1491 22 21 af
486 1490 42 22 den
546 1490 92 29 dyrbara
652 1493 89 23 remont,
755 1497 46 14 som
815 1496 96 14 rummen

85 1526 28 14 nu
129 1520 130 27 genomgått.
