1117 1781
421 134 120 22 Jagtlagen.
832 130 41 20 847

141 204 41 27 Jag
197 205 24 20 är
235 204 50 21 fullt
300 211 51 14 ense
367 203 49 22 med
432 203 28 22 de
475 203 65 22 ärade
555 207 162 18 reservanterne
733 205 7 20 i
755 204 68 28 tredje
833 211 70 14 reser-

72 234 107 24 vationen,
201 235 32 19 att
255 232 113 22 Utskottet
384 232 48 21 icke
448 232 107 21 framstält
570 232 68 28 några
652 233 75 27 giltiga
742 233 47 20 skäl
804 232 35 21 för
853 232 49 21 har-

72 262 112 27 fångstens
207 261 146 28 tillstädjande
369 261 49 21 med
434 268 80 14 snaror.
544 260 115 23 Utskottet
674 263 61 26 säger
750 264 32 18 att
797 261 106 21 tusentals

72 289 102 22 harskinn
195 289 64 29 säljas
281 290 35 21 för
332 291 27 20 25
375 290 65 27 penni
456 289 91 28 stycket.
578 289 52 22 Men
647 289 76 22 månne
739 290 48 21 icke
802 290 50 21 flere
867 292 35 18 tu-

73 318 68 22 sental
161 318 73 28 fåglar,
253 325 46 14 som
318 320 37 19 äro
370 317 94 29 fångade
480 318 48 21 med
545 318 27 21 de
588 318 23 21 af
626 318 113 21 Utskottet
755 317 147 22 utmönstrade

74 354 107 19 snarorna,
203 347 63 28 säljas
286 347 35 20 för
335 354 46 13 mer
395 348 28 19 än
439 347 26 20 25
482 347 65 28 penni
564 347 99 28 stycket?
693 347 85 21 Genom
793 350 31 18 att
838 350 15 18 t.
869 354 34 14 ex.

73 376 63 27 lägga
150 378 25 18 ut
189 383 74 13 snaror
279 375 36 21 vid
331 378 32 18 ett
377 375 35 21 hål
428 376 6 20 i
451 378 31 18 ett
496 375 72 28 gärde,
584 375 39 21 der
638 375 65 22 haren
719 375 78 21 brukar
807 383 96 21 passera,

74 404 42 21 kan
139 411 47 14 man
210 404 48 21 med
281 403 76 22 lätthet
380 404 78 28 plocka
482 404 48 21 bort
551 404 41 21 alla
607 404 63 21 harar
685 403 45 22 från
747 411 25 14 en
788 404 35 21 hel
837 404 66 21 trakt.

74 433 42 28 Jag
130 432 66 29 vågar
211 436 33 17 tro
259 435 32 18 att
306 432 26 21 de
348 432 64 21 ärade
428 432 138 21 medlemmar
581 432 23 21 af
620 432 118 27 Utskottet,
748 440 46 13 som
805 432 98 21 förordat

74 461 77 22 harens
174 461 73 28 fångst
269 461 47 21 med
340 468 69 19 snara,
424 461 48 22 icke
495 461 49 21 hört
566 461 38 21 det
622 461 73 21 fasans
711 461 49 25 skri,
776 469 45 13 som
837 461 41 21 den
894 461 7 20 i

74 497 62 14 snara
150 490 93 28 fångade
261 490 64 21 haren
342 489 54 22 låter
411 489 58 26 höra,
484 489 28 22 då
528 489 42 22 den
588 497 36 14 ser
646 489 164 29 fångstmännen
825 489 77 22 nalkas

75 519 40 21 och
130 519 47 21 icke
193 521 42 19 sett
250 519 49 21 dess
315 518 27 29 på
357 518 63 21 skinn
438 518 96 21 blottade
549 519 89 20 lemmar
653 519 41 21 och
709 518 50 21 hals.
780 519 46 28 Nej,
841 518 60 21 detta

74 555 95 20 grymma
183 547 129 28 djurplågeri
328 547 23 21 af
367 547 37 21 det
418 547 130 21 menlösaste
564 546 41 22 och
620 547 75 21 lättast
709 547 116 28 åtkomliga
840 547 62 21 ville-

76 575 52 22 bråd
150 577 6 19 i
179 555 50 42 våta
253 576 77 27 skogar
353 576 39 20 bör
415 576 17 27 ej
456 575 24 21 få
503 583 39 20 ega
565 583 53 14 rum.
649 576 43 21 Det
707 577 23 19 är
745 575 108 22 dessutom
869 578 32 18 ett

76 604 88 28 onödigt
187 604 134 29 djurplågeri,
344 604 29 21 då
395 604 41 21 den
460 606 79 19 största
554 604 63 21 delen
634 604 22 21 af
672 604 27 21 de
713 604 68 26 harar,
796 611 46 14 som
857 603 45 21 för-

75 636 74 25 yttras,
163 633 81 28 skjutas
261 641 33 13 om
310 633 77 21 hösten
403 633 27 28 på
445 633 61 28 kryp,
521 633 29 20 då
564 633 89 21 marken
668 635 24 19 är
706 636 59 18 svart
776 633 40 21 och
824 633 78 20 harens

76 663 51 20 öron
142 661 65 26 hvita,
222 662 51 20 eller
288 661 27 29 på
330 661 90 29 spårsnö
435 664 52 18 utan
503 661 65 22 hund.

143 690 42 28 Jag
207 690 34 21 får
262 690 80 21 föreslå
365 693 31 18 att
418 690 41 21 den
479 698 28 13 nu
523 689 166 29 ifrågavarande
705 691 12 26 $
733 691 26 20 23
776 691 41 26 (24)
833 689 68 22 måtte

76 721 87 26 antagas
187 719 70 21 såsom
280 720 6 19 i
309 719 48 21 nåd.
381 726 59 21 prop.
461 720 24 19 är
500 719 116 28 föreslaget
632 719 48 21 med
696 719 26 20 de
737 719 114 49 yi
865 719 38 27 jag

76 747 64 21 ofvan
156 747 77 26 anfört,
248 748 116 27 nämligen:
381 748 20 25 1)
416 750 32 18 att
463 747 27 21 de
506 747 59 21 delar
580 747 23 21 af
620 747 119 28 Uleäborgs
755 747 40 26 län,
826 755 22 13 der
863 754 38 13 an-

75 776 123 21 vändandet
220 776 23 21 af
261 776 62 21 fällor
339 778 23 19 är
377 775 83 27 tillätet,
476 776 66 21 mätte
558 778 97 19 närmare
671 775 134 26 bestämmas,
823 775 41 22 och
879 776 22 25 2)

76 807 30 18 att
122 812 61 13 snara
198 805 48 21 icke
261 805 34 20 mä
310 804 79 21 tillåtas
405 805 35 20 för
454 804 126 29 skogsfägel
595 805 70 20 under
680 804 122 22 November
817 803 84 22 månad.

76 832 73 22 Skulle
165 833 58 21 detta
238 834 48 20 mitt
301 833 81 28 förslag
397 833 48 21 icke
460 834 67 20 vinna
542 833 165 28 godkännande,
721 833 24 21 sä
760 832 90 22 föreslär
864 833 37 28 jag

75 862 7 20 i
97 861 41 22 alla
153 861 38 22 fall
206 862 135 21 uteslutande
357 862 23 21 af
394 869 62 14 mom.
473 863 12 20 2
502 862 6 21 i
524 861 154 22 betänkandet.

143 918 58 22 Frih.
235 927 34 13 von
285 919 137 21 Kothen:
448 919 44 20 Till
508 919 26 21 de
550 919 60 21 delar
624 919 59 21 Frih.
698 918 106 22 Aminoffs
819 918 82 28 förslag

77 947 88 21 berörde
187 947 116 28 utgäendet
322 947 23 22 af
361 949 12 19 2
389 955 62 14 mom.
466 947 92 22 rörande
573 947 51 22 hare
640 947 38 22 ber
693 948 34 27 jag
743 950 31 19 att
788 947 23 21 fä
826 947 75 21 förena

75 977 44 26 mig
134 983 33 14 om
183 976 52 21 hans
251 976 86 28 förslag.

143 1033 58 21 Frih.
216 1033 26 22 O.
258 1033 26 21 A.
299 1033 122 22 Wrede:
446 1033 43 28 Jag
505 1033 37 22 ber
558 1036 31 19 att
605 1033 23 21 fä
642 1033 57 21 fästa
714 1032 189 29 uppmärksamhe-

75 1064 36 19 ten
127 1061 36 22 vid
179 1065 31 18 att
225 1062 82 28 följden
322 1062 23 21 af
360 1062 26 21 R.
401 1070 19 13 o.
435 1063 39 20 A:s
491 1062 71 21 beslut
572 1061 112 29 angäende
696 1061 58 22 tiden
765 1061 35 22 för
807 1061 94 28 tjäderns

76 1090 40 21 och
132 1098 72 13 orrens
220 1091 178 28 fridlysningstid,
414 1098 45 14 som
476 1091 46 20 blef
536 1090 98 22 bestämd
650 1091 32 20 till
697 1090 41 21 den
756 1091 9 20 1
778 1089 125 22 November

75 1120 7 19 i
101 1119 70 21 stället
192 1119 34 21 för
246 1119 41 21 den
309 1121 10 20 1
340 1119 126 26 December,
482 1121 24 19 är
521 1122 31 18 att
568 1127 80 13 samma
664 1119 32 21 tid
710 1119 43 26 här,
768 1119 7 20 i
791 1118 110 22 öfverens-

76 1148 119 21 stämmelse
210 1147 48 22 med
275 1147 36 22 det
326 1148 83 21 fattade
424 1147 100 27 beslutet,
539 1148 87 21 införes.

143 1210 71 21 Sedan
237 1211 10 20 1
271 1218 62 14 mom.
351 1211 23 20 af
389 1211 12 27 &
418 1211 26 21 23
461 1210 74 22 blifvit
550 1210 23 22 af
587 1211 26 21 R.
630 1218 18 14 o.
664 1211 27 20 A.
705 1209 116 30 godkändt,
836 1209 67 21 fram-

76 1238 67 22 stälde
159 1239 34 21 Hr
208 1239 207 22 Landtmarskalken
431 1239 96 29 följande

325 1332 314 28 Omröstningspropositioner
646 1341 4 12 :

144 1396 38 20 1:0.
213 1395 54 26 Den,
283 1402 46 14 som
344 1394 126 29 godkänner
486 1396 27 20 23
530 1396 12 26 $
558 1396 12 20 2
587 1402 62 14 mom.
665 1396 68 20 röstar
747 1396 30 27 ja;

143 1458 76 22 vinner
234 1459 41 27 nej,
290 1458 61 28 utgår
367 1458 59 21 detta
441 1461 95 18 moment
551 1458 49 21 från
616 1458 40 27 $:n.

143 1520 257 29 Omröstningsförslaget
415 1520 130 22 besvarades
562 1520 48 22 med
626 1520 161 28 öfvervägande
803 1520 40 28 nej.
