1117 1781
245 134 41 20 746
501 140 25 16 R.
538 144 18 12 0.
568 140 22 16 A.
604 140 56 16 1897.
684 140 13 16 4
709 140 60 20 Maj.

286 207 32 21 På
333 207 39 22 sid.
389 209 10 20 7
416 207 38 22 har
468 207 114 22 Utskottet
592 207 97 22 deremot
698 207 112 28 föreslagit
820 215 26 14 en
858 207 97 29 betydlig
964 207 79 28 förhöj-

217 236 53 28 ning
285 237 23 20 af
320 238 97 25 anslaget
426 236 34 21 för
470 236 149 22 folkskolorna
631 236 27 29 pä
668 236 79 26 landet,
757 236 106 28 nämligen
874 236 48 21 från
934 237 108 26 3,972,000

216 264 33 21 till
275 265 112 27 4,335,000
410 265 66 26 mark,
497 264 84 22 således
604 264 48 22 med
669 265 48 21 icke
732 264 82 21 mindre
830 265 26 20 än
873 265 90 26 363,000
978 264 64 22 mark.

215 292 105 22 Deremot
335 301 63 13 anser
412 294 34 27 jag
462 292 117 22 emellertid
595 294 48 20 icke
659 293 66 28 nägot
740 301 51 13 vara
806 296 32 18 att
853 293 106 26 anmärka,
974 294 6 20 i
993 301 49 20 syn-

215 321 76 21 nerhet
314 323 39 19 när
374 329 48 14 man
444 325 62 24 tager
520 323 6 20 i
542 321 142 22 betraktande
699 321 42 22 den
757 321 81 22 snabba
854 321 150 28 utvecklingen
1020 322 23 21 af

215 349 219 27 folkskoleväsendet,
459 350 87 21 hvilken
572 350 125 28 utveckling
723 350 109 21 dessutom
854 351 123 27 ytterligare
1000 350 41 21 kan

214 378 124 28 päskyndas
357 386 77 21 genom
450 379 41 20 den
507 379 126 28 ifrägasatta
648 378 235 29 distriktsindelningen
899 379 41 21 och
955 378 86 21 dermed

214 407 210 21 sammanhängande
440 407 104 28 ätgärder.

283 435 34 22 Pä
332 437 39 20 sid.
388 437 25 20 11
429 435 91 22 föresläs
535 438 32 19 att
582 443 28 14 nu
626 435 100 28 gällande
741 435 181 29 pensionsbelopp
937 436 34 21 för
985 435 56 22 folk-

213 463 117 22 skollärare
346 464 41 21 och
402 464 116 21 lärarinnor
532 464 66 21 måtte
614 465 52 20 ökas
682 464 48 21 med
746 465 26 20 50
788 465 28 26 9/,
833 465 24 20 af
874 464 27 21 de
913 464 128 28 löneförhöj-

213 493 78 26 ningar
305 493 28 20 de
349 493 46 20 före
410 493 191 27 afskedstagandet
616 493 84 20 erhållit
716 493 27 28 på
758 493 70 27 grund
839 493 23 20 af
871 493 107 28 tjensteår,
991 493 51 20 eller

213 523 32 18 att
268 521 84 21 således
373 522 117 27 pensionen
511 521 55 21 efter
587 522 27 21 30
637 521 104 28 tjensteår
761 521 72 21 blefve
848 521 35 21 för
897 521 67 21 lärare
981 522 59 25 1,000

214 549 41 21 och
278 549 35 21 för
335 549 117 22 lärarinnor
474 551 42 20 750
531 550 66 21 mark.
628 550 77 21 Denna
720 550 124 28 förhöjning
859 551 23 20 är
897 554 51 17 utan
964 549 77 22 tvifvel

213 577 36 21 väl
264 578 98 27 grundad
378 579 40 20 och
433 578 61 21 torde
510 579 71 20 kunna
597 586 63 13 anses
676 578 66 28 något
757 578 24 21 så
791 580 39 19 när
841 582 108 17 motsvara
959 579 81 27 skäliga

213 606 90 28 anspåk.
333 607 112 22 Utskottet
460 607 110 21 meddelar
584 607 37 21 vid
638 607 65 21 slutet
719 607 23 20 af
757 607 39 21 sid.
810 608 25 20 12
847 614 25 13 en
884 607 157 21 sannolikhets-

213 634 125 29 beräkning,
354 635 65 28 enligt
434 635 87 22 hvilken
537 635 41 21 den
595 635 66 28 årliga
673 635 145 26 merkostnad,
828 643 44 13 som
884 643 77 20 genom
972 635 69 22 denna

211 663 126 28 förhöjning
352 663 83 22 komme
450 667 31 18 att
496 671 39 20 ega
550 671 52 19 rum,
621 664 126 28 uppskattas
763 664 32 21 till
811 664 146 27 ungefärligen
966 665 75 25 40,000

212 691 60 21 mark
296 692 28 29 på
346 692 72 28 hvarje
434 693 93 20 tusental
540 693 6 20 i
562 693 66 27 tjenst
644 692 94 21 varande
754 693 73 20 lärare.
857 692 35 21 Då
908 693 37 20 det
959 693 19 27 ej
994 694 48 19 när-

213 727 58 14 mare
294 721 108 27 angifves,
418 721 28 28 på
461 721 87 21 hvilken
570 721 70 27 grund
657 721 70 21 denna
743 721 120 28 beräkning
878 721 72 21 stöder
965 722 39 27 sig,
1019 722 23 19 är

212 749 37 20 det
264 749 22 28 ju
302 749 48 21 icke
365 749 83 28 möjligt
463 752 31 18 att
509 749 130 22 kontrollera
651 749 130 26 densamma,
792 757 48 13 men
851 757 47 13 man
911 749 41 21 kan
964 757 76 20 genom

213 779 32 19 ett
267 777 73 22 enkelt
363 778 107 28 öfverslag
491 780 51 26 göra
558 779 34 26 sig
607 785 26 14 en
649 778 122 28 ungefärlig
786 778 148 27 föreställning
950 785 32 14 om
999 777 41 22 den

213 805 99 28 kostnad,
328 813 45 14 som
389 806 163 28 ifrågavarande
565 807 228 28 pensionsförhöjning
804 806 95 21 kommer
909 809 32 18 att
951 806 89 29 påkalla,

211 841 35 14 om
270 842 50 13 man
342 835 63 27 utgår
424 835 54 21 ifrån
494 835 40 21 den
551 835 156 28 förutsättning
723 838 32 18 att
769 835 192 21 folkskollärarene
976 835 65 21 fram-

213 862 60 21 deles
296 864 84 20 komme
395 867 31 18 att
441 865 7 20 i
464 863 102 22 afseende
581 863 13 21 å
610 864 33 21 sin
658 863 61 22 ålder
733 863 83 22 fördela
832 864 33 27 sig
880 864 7 20 i
902 871 80 14 samma
996 863 44 20 för-

211 891 108 28 hållande,
342 899 45 14 som
411 892 151 27 befolkningen
586 893 7 20 i
609 891 75 22 landet
698 891 153 22 öfverhufvud.
881 893 95 27 Antager
991 899 48 14 man

211 919 34 26 då,
268 923 32 18 att
321 920 28 21 de
371 920 73 21 aktiva
466 920 198 27 folkskollärarene,
686 921 37 21 det
744 921 37 20 vill
805 922 51 26 säga
872 920 33 26 de,
920 928 45 13 som
980 921 59 20 äro
1028 915 15 38 i

211 948 72 49 janan
299 949 6 20 i
321 949 72 27 regeln
406 949 83 21 befinna
504 949 33 28 sig
552 950 6 19 i
575 956 25 14 en
617 949 60 21 älder
692 949 76 21 mellan
785 950 27 20 25
828 949 41 21 och
879 950 27 20 55
917 949 24 21 är
958 949 39 21 och
1008 952 31 18 att

228 984 11 13 e
255 977 96 21 derefter
366 977 67 21 blifva
444 977 160 29 pensionerade,
615 977 24 22 sä
649 977 64 29 följer
723 977 68 26 deraf,
803 977 68 28 enligt
881 977 42 22 den
935 977 105 22 allmänna

213 1005 260 28 befolkningsstatistiken
493 1006 35 21 för
551 1005 80 27 landet,
653 1009 32 18 att
707 1006 28 29 pä
759 1007 60 25 1,000
841 1007 73 20 aktiva
935 1006 105 21 folkskol-

211 1033 69 22 lärare
298 1035 6 20 i
323 1034 121 27 framtiden,
462 1034 27 21 dä
500 1034 164 22 förhällandena
678 1035 72 21 blifvit
760 1035 122 26 stationära,
893 1035 60 20 skola
964 1034 76 29 belöpa

212 1063 33 27 sig
269 1063 98 28 omkring
389 1064 41 21 300
453 1063 161 28 pensionerade.
644 1063 70 22 Deraf
736 1063 63 28 följer
814 1063 73 21 vidare
903 1066 37 23 att,
955 1063 27 21 dä
997 1063 41 21 den

211 1091 124 28 föreslagna
350 1091 148 29 förhöjningen
514 1093 62 26 utgör
592 1093 42 20 200
650 1092 59 21 mark
725 1092 34 21 för
774 1091 91 28 manliga
877 1091 41 22 och
929 1093 41 20 150
980 1091 59 22 mark

211 1119 35 21 för
269 1120 96 27 gvinliga
387 1120 73 26 lärare,
482 1120 52 21 eller
553 1120 91 21 sälunda
659 1121 7 20 i
682 1120 100 21 medeltal
799 1121 39 20 175
855 1120 65 26 mark,
950 1120 13 21 pä
979 1121 60 25 1,000

211 1147 165 22 folkskollärare
399 1149 55 26 (incl.
470 1149 123 26 lärarinnor)
613 1149 87 28 belöper
712 1150 34 27 sig
762 1156 26 13 en
804 1149 122 21 merkostnad
957 1148 22 21 af
998 1149 40 21 300

211 1176 83 28 gänger
310 1178 40 20 175
367 1177 36 21 det
418 1177 38 22 vill
471 1179 50 26 säga
537 1178 77 25 52,500
630 1178 66 21 mark.
726 1177 53 21 Man
795 1177 96 21 kommer
905 1177 89 21 sälunda
1007 1177 32 21 till

211 1207 32 18 ett
258 1205 67 28 nägot
340 1207 67 20 större
423 1205 77 29 belopp
518 1207 27 19 än
555 1205 58 22 hvad
625 1206 114 21 Utskottet
749 1205 77 22 anfört.
856 1205 113 22 Utskottet
978 1205 60 22 torde

211 1233 68 22 hafva
301 1233 71 29 utgått
396 1234 45 22 från
464 1234 64 28 något
549 1234 117 22 afvikande
690 1235 120 28 premisser.
840 1234 11 21 I
874 1235 41 21 alla
930 1234 38 22 fall
983 1235 57 21 visar

212 1262 61 21 detta
289 1263 115 27 öfverslag,
424 1266 32 18 att
471 1263 99 28 kalkylen
586 1264 7 20 i
608 1263 125 21 hufvudsak
749 1264 24 20 är
787 1263 66 28 riktig
867 1263 41 21 och
923 1266 32 18 att
969 1263 70 21 denna

211 1290 138 22 merkostnad:
375 1291 83 22 således
482 1292 48 21 icke
555 1291 39 21 bör
619 1292 28 28 på
672 1292 65 28 något
758 1294 43 19 sätt
823 1299 52 14 vara
891 1291 148 22 skrämmande

207 1318 58 22 eller
279 1321 76 26 utgöra
371 1319 66 29 något
451 1320 75 21 hinder
540 1320 36 21 för
592 1320 131 29 beviljandet
733 1320 24 22 af
767 1320 42 22 den
820 1320 164 28 ifrågavarande
995 1320 44 21 för-

211 1347 123 29 höjningen.

282 1376 33 21 På
329 1376 40 22 sid.
384 1378 27 20 20
427 1377 23 21 af
464 1376 125 23 Utskottets
606 1378 136 21 betänkande
757 1378 55 21 talas
829 1385 33 13 om
877 1377 162 27 fortsättnings-

211 1404 77 22 kurser
311 1404 36 22 vid
371 1405 151 22 folkskolorna.
555 1406 45 21 För
622 1406 40 21 sist
684 1406 102 21 förflutna
807 1405 154 29 treårs-period
984 1405 54 21 hade

211 1432 36 22 för
262 1433 144 22 anställandet
420 1434 22 21 af
458 1434 62 21 dessa
534 1434 229 28 fortsättningskurser
778 1434 100 28 beviljats
891 1437 30 19 ett
932 1434 74 28 anslag
1016 1434 23 21 af

210 1461 78 22 inalles
313 1463 74 25 45,000
405 1462 65 22 mark.
498 1463 74 21 Ehnrn
588 1470 28 12 nn
632 1463 69 21 under
716 1463 103 29 perioden
836 1464 118 24 1894—96,
969 1462 70 22 såsom

211 1489 24 21 af
259 1489 112 28 Utskottet
392 1491 92 26 anföres,
503 1491 77 21 endast
594 1492 78 26 24,500
687 1492 60 21 mark
763 1491 62 22 deraf
839 1492 65 27 tagits
919 1493 7 19 i
941 1490 99 28 anspråk,

210 1518 57 22 hade
291 1518 173 29 Öfverstyrelsen
486 1520 66 21 likväl
575 1520 113 28 föreslagit
710 1526 81 16 samma
815 1520 77 28 belopp
912 1527 46 14 som
985 1521 54 25 förut,
