1117 1781
269 137 94 21 Qvinnas
375 138 44 16 rätt
432 138 31 16 att
475 138 65 16 vinna
551 137 141 21 läraretjenst.
825 131 40 21 511

68 206 50 22 dess
134 205 109 22 blifvande
263 205 41 22 öde
319 206 43 21 kan
377 205 92 28 gestalta
484 206 38 27 sig.
552 205 64 22 Efter
630 205 64 22 dessa
709 206 133 28 principiella
857 213 37 14 an-

68 235 142 27 märkningar,
225 234 72 21 hvilka
312 235 36 28 jag
363 241 46 14 som
425 234 63 28 sagdt
502 241 63 14 anser
580 234 119 28 påkallade,
709 234 28 21 då
749 235 63 27 ingen
824 241 69 14 annan

68 263 99 28 upptagit
189 263 47 21 dem
259 263 32 20 till
312 263 81 26 debatt,
413 262 34 21 får
467 263 36 28 jag
522 263 108 28 tillstyrka
645 263 130 28 antagandet
790 263 23 21 af
827 262 68 22 andra

68 292 165 21 reservationen.

137 359 34 22 Hr
193 359 25 22 L.
240 359 154 22 Mechelin:
425 359 45 22 När
491 359 37 22 det
550 359 68 28 gäller
638 362 32 19 att
690 359 77 28 stadga
783 359 111 29 angående

69 389 155 28 kompetensen
247 388 35 21 för
302 388 192 28 lärarebefattning
508 389 6 20 i
531 388 133 26 statsskolor,
680 388 23 21 sä
719 388 43 28 bör,
778 396 64 21 synes
858 388 37 21 det

69 418 49 27 mig,
134 417 173 28 lagstiftningens
322 417 143 28 hufvudsyfte
480 416 76 22 härvid
572 424 52 14 vara
640 417 85 21 skolans
741 425 68 13 sanna
824 417 70 21 fördel

69 446 41 21 och
132 446 65 21 bästa.
226 445 91 28 Frägan,
339 445 107 22 huruvida
468 445 38 22 det
523 445 42 21 kan
581 453 51 14 vara
647 445 198 22 tillfredsställande
861 445 34 21 för

84 475 80 21 vinnan
187 477 31 18 att
239 474 24 21 fä
285 474 80 21 vidgad
387 474 173 28 verkningskrets
583 474 28 28 pä
626 473 59 22 detta
700 474 93 27 omräde,
808 476 23 19 är
846 474 48 21 icke

85 505 22 20 et
121 503 117 28 afgörande
258 503 85 26 härvid;
361 503 42 20 den
419 503 117 28 afgörande
552 503 138 28 synpunkten
706 503 37 21 bör
758 511 57 18 vara,
830 503 65 20 huru-

70 532 50 21 vida
138 539 49 14 man
208 539 77 20 genom
298 531 90 22 sälunda
404 531 79 28 vidgad
499 533 43 19 rätt
566 533 24 19 för
606 532 93 27 gvinnan
715 531 90 22 bereder
819 531 75 22 skolan

69 561 67 27 utsigt
151 563 32 18 att
198 561 6 20 i
220 560 65 28 högre
295 560 52 28 grad
359 562 27 19 än
397 560 59 21 förut
466 559 80 22 erhälla
558 559 87 29 dugliga
656 560 40 21 och
706 560 101 28 lämpliga
817 560 78 21 lärare-

70 589 87 21 krafter.
187 589 36 20 Då
238 597 28 13 nu
281 589 149 21 erfarenheten
446 588 115 29 ådagalagt
576 592 31 17 att
622 589 111 28 verkligen
748 589 42 21 den
805 589 35 21 väl
851 588 44 21 för-

71 617 93 22 beredda
186 617 95 28 gvinliga
303 618 89 25 läraren,
414 617 84 21 anstäld
520 617 65 21 äfven
607 617 36 22 vid
664 620 79 19 statens
766 617 73 22 skolor
861 617 34 20 för

70 653 81 21 gossar,
173 647 6 20 i
201 647 78 27 mänga
301 646 39 21 fall
361 647 56 20 varit
438 653 26 14 en
480 646 70 21 fördel
565 646 35 21 för
615 645 188 29 undervisningen,
818 645 24 22 sä
857 645 38 21 har

70 675 134 28 lagstiftaren
227 675 46 21 skäl
296 677 31 19 att
350 675 78 21 beakta
451 674 71 21 denna
537 675 122 20 erfarenhet
674 675 40 21 och
730 675 73 21 derför
817 681 78 22 genom

70 703 35 28 lag
119 703 130 22 tillförsäkra
265 704 94 27 gvinnan
374 705 43 19 rätt
432 706 32 18 att
479 703 97 28 begagna
591 704 47 20 sina
653 704 89 27 insigter
757 703 40 21 och
812 705 7 19 i
830 703 65 21 täflan

71 732 48 21 med
142 739 91 14 mannen
256 732 53 21 söka
329 732 35 21 för
383 732 69 21 henne
468 732 102 28 lämpliga
584 732 154 28 lärareplatser,
752 733 7 20 i
775 732 72 21 stället
861 731 35 21 för

71 763 32 18 att
124 761 8 20 i
154 761 107 27 ätskilliga
283 761 37 20 fall
343 761 76 21 endast
440 760 55 21 efter
516 761 87 28 dispens
619 761 72 21 kunna
706 761 84 21 komma
805 761 6 20 i
827 759 68 28 fräga.

71 789 35 21 Dä
120 789 71 21 denna
206 789 109 28 synpunkt
330 789 23 21 af
367 789 75 28 frägan
458 789 55 26 icke,
528 789 24 21 sä
567 789 47 21 vidt
628 790 36 27 jag
678 789 81 21 kunnat
769 789 62 26 finna,
841 789 55 20 tills-

71 817 73 22 vidare
167 817 37 22 vid
220 817 100 22 debatten
337 818 72 21 blifvit
424 817 133 27 framhällen,
572 818 39 21 har
625 819 36 27 jag
676 818 77 21 önskat
767 821 31 18 att
814 819 6 20 i
837 817 58 21 kort-

70 846 38 21 het
128 846 24 21 fä
174 847 63 27 lägga
260 847 69 20 denna
351 847 33 20 till
407 846 26 21 de
455 847 53 26 skäl,
524 854 45 13 som
586 846 72 21 blifvit
673 846 89 21 anförda
778 846 35 21 för
828 845 67 22 andra

70 876 167 25 reservationen,
257 875 88 22 hvilken
364 876 35 27 jag
421 875 67 21 finner
507 875 47 21 bäst
570 875 44 21 lösa
630 875 140 22 förevarande
785 874 111 29 spörsmäl.

139 943 35 22 Hr
196 943 179 29 Furuhjelm:
405 943 35 22 Dä
463 943 228 29 Skolöfverstyrelsen,
713 951 44 14 som
777 943 35 22 väl
828 943 67 21 mäste

72 980 62 13 anses
155 979 40 21 ega
217 974 78 19 största
317 973 155 28 kompetensen
492 975 32 18 att
544 972 90 21 bedöma
650 972 162 28 ifrågavarande
827 973 69 24 ämne,

72 1001 131 21 beträffande
219 1002 105 27 gvinnans
340 1001 162 21 användbarhet
517 1001 35 21 för
566 1001 27 21 de
608 1001 95 28 tjenster,
718 1001 88 21 hvarom
822 1001 38 20 här
873 1002 23 19 är

70 1029 68 28 fräga,
153 1029 72 21 utlätit
234 1031 33 26 sig
279 1029 96 26 sälunda,
387 1033 31 18 att
431 1029 37 22 det
480 1030 49 21 icke
542 1030 42 21 kan
599 1029 101 22 förnekas
713 1032 31 19 att
756 1029 140 28 disciplinens

71 1058 165 21 handhafvande
257 1059 7 20 i
285 1059 117 27 gosskolor,
417 1059 7 20 i
440 1058 115 28 synnerhet
570 1058 13 21 ä
598 1059 109 27 lyceernas
727 1058 65 28 högre
808 1058 88 25 klasser,

70 1087 46 21 ofta
131 1087 66 21 vällat
212 1087 105 21 utmärkta
333 1087 117 21 lärarinnor
466 1087 122 28 betydande
603 1087 138 28 svärigheter,
752 1087 40 21 och
807 1086 28 21 dä
847 1093 49 14 man

72 1115 67 22 mäste
160 1115 127 22 tillerkänna
309 1115 60 22 detta
391 1115 111 22 uttalande
524 1123 26 14 en
572 1118 45 19 stor
632 1115 117 28 betydelse,
764 1115 23 21 sä
803 1115 41 21 kan
859 1115 38 28 jag

70 1144 48 21 icke
134 1148 65 17 annat
213 1146 27 19 än
256 1144 105 28 tillstyrka
377 1144 131 28 antagandet
522 1144 23 21 af
560 1144 68 28 fjerde
644 1145 165 20 reservationen.

139 1212 71 21 Sedan
222 1212 150 21 diskussionen
383 1212 85 21 härmed
480 1212 105 26 afslutats,
596 1212 160 22 öfverlemnade
767 1212 34 21 Hr
813 1211 83 22 Landt-

71 1241 134 21 marskalken
219 1241 33 21 till
267 1241 26 21 R.
309 1249 17 13 o.
342 1242 39 20 A:s
397 1241 133 22 besvarande
546 1241 55 21 efter
616 1241 119 22 hvarandra
750 1240 97 30 följande

323 1338 311 29 Onröstningspropositioner
641 1347 4 13 :

139 1402 39 20 1:0.
208 1401 55 26 Den,
285 1408 45 14 som
353 1401 79 21 önskar
454 1404 30 18 att
507 1408 26 14 en
549 1402 89 27 petition
654 1402 7 20 i
677 1400 70 22 denna
763 1400 62 28 fråga
840 1400 56 21 skall

70 1429 79 27 aflätas,
164 1431 69 20 röstar
247 1430 31 28 ja;

139 1493 75 21 vinner
229 1493 40 27 nej,
285 1492 100 22 omfattar
399 1492 25 22 R.
441 1500 18 14 o.
474 1493 28 21 A.
517 1492 104 28 förslaget
636 1493 7 20 i
658 1493 159 21 reservationen
828 1491 43 22 N:o
882 1492 13 20 4

70 1520 73 23 derom
158 1524 31 18 att
205 1521 205 28 petitionsförslaget
424 1521 67 21 mätte
506 1521 82 21 lemnas
604 1523 52 19 utan
672 1520 111 27 afseende;
