1117 1781
298 153 278 21 Kommunalförvaltningen
588 153 28 21 på
628 154 75 17 landet.
847 149 40 20 967

93 221 68 22 skulle
183 221 99 28 afdragas
307 222 39 21 och
369 222 47 21 icke
436 221 23 21 få
482 222 115 21 beskattas.
627 223 46 20 Blir
691 223 40 20 den
747 230 51 13 rena
814 222 103 21 inkomst-

93 251 85 20 skatten
199 250 35 27 lag
256 251 37 20 här
313 251 6 20 i
342 250 78 27 landet,
439 250 23 21 så
478 251 34 20 får
527 251 128 21 kommunen
672 259 22 13 se
709 252 33 27 sig
757 259 34 12 om
807 251 52 21 hvar
875 251 42 20 den

93 279 54 21 skall
168 279 77 20 erhålla
266 279 65 28 nödig
347 279 63 26 skatt,
425 287 33 13 om
475 279 75 28 afdrag
566 279 34 21 får
614 281 63 26 göras
693 279 47 21 med
756 279 56 21 ända
827 280 32 20 till
875 281 41 20 300

93 307 64 21 mark.
187 307 41 28 Jag
252 308 36 20 vill
311 307 27 28 på
360 307 91 21 förhand
474 308 56 21 fästa
552 308 36 21 det
607 308 122 28 Höglofliga
745 308 102 21 Ståndets
863 316 53 20 upp-

93 336 142 21 märksamhet
257 336 72 28 härpå,
345 336 34 21 för
397 339 31 18 att
443 336 152 27 ihågkommas,
611 337 28 20 då
654 337 37 20 det
706 338 6 19 i
728 338 26 20 82
771 337 12 26 $
801 337 39 20 blir
855 337 62 26 fråga

93 372 33 13 om
143 365 140 27 beskattning.
305 365 44 20 För
364 365 43 20 min
424 365 33 20 del
473 365 98 21 förordar
585 366 35 27 jag
635 365 123 22 Utskottets
775 365 141 25 betänkande,

93 393 82 21 hvilket
195 393 61 21 torde
277 393 107 21 innehålla
407 393 25 21 de
454 393 106 27 latituder,
580 401 45 14 som
642 394 104 21 behöfvas
761 394 36 21 för
812 397 31 18 att
858 393 58 22 stad-

92 422 79 27 gandet
187 422 53 21 skall
256 429 63 21 passa
333 422 34 21 för
383 422 47 21 hela
446 422 78 21 landet.

161 496 33 21 Hr
215 496 54 21 Edv.
289 497 215 28 Björkenheim:
534 497 42 28 Jag
595 497 68 20 skulle
685 497 33 20 för
734 498 42 19 min
793 497 34 20 del
843 497 26 20 be
885 499 32 18 att

92 525 24 20 få
137 525 128 21 understöda
287 525 68 28 fjerde
379 526 158 20 reservationen
559 525 40 21 och
620 526 38 20 ber
672 525 67 21 tillika
755 528 32 18 att
801 525 23 21 få
839 527 77 19 nämna

92 556 32 18 att
145 554 47 21 med
216 553 40 22 den
297 553 103 22 kännedom
419 555 35 27 jag
470 554 38 21 har
523 561 33 14 om
573 554 160 21 förhållandena
750 561 55 21 uppe
822 555 5 20 i
843 554 73 21 landet

93 589 25 14 en
143 582 66 29 familj
236 583 99 28 möjligen
359 583 40 20 kan
423 583 58 20 lefva
504 583 48 20 med
576 584 40 20 100
638 583 51 20 eller
709 584 40 19 200
765 583 65 26 mark,
845 583 70 20 men
903 578 17 37 i

93 611 111 28 praktiken
227 611 109 21 beskattas
352 612 62 27 ingen
431 611 66 21 sådan
513 611 73 28 familj.
618 611 65 21 Detta
698 611 95 21 inträffar
809 611 54 21 först
879 611 35 21 vid

92 647 26 13 en
147 640 92 21 inkomst
265 640 23 21 af
314 641 41 20 400
383 640 65 26 mark,
474 640 82 21 hvilket
585 640 77 29 belopp
684 642 92 19 närmast
797 643 118 18 motsvarar

93 668 160 29 bestämningen
266 669 6 20 i
288 670 158 20 reservationen
462 669 42 20 N:o
519 670 19 19 4.

160 744 51 21 Med
228 744 101 21 afscende
345 744 51 21 derå
411 747 31 18 att
450 744 57 21 Frih.
526 744 15 21 R.
559 745 15 20 A.
582 743 86 26 Wrede,
677 743 67 21 under
753 743 122 28 anslutning
883 743 31 21 till

92 772 68 28 fjerde
179 773 158 21 reservationen
353 781 34 12 om
403 773 149 21 fastställande
568 773 23 20 af
606 773 203 20 existensminimum
825 772 31 21 till
873 773 41 20 300

92 801 65 26 mark,
173 801 99 21 omfattat
288 801 122 22 Utskottets
426 801 81 28 förslag
523 804 31 18 att
569 801 37 21 det
622 804 30 18 ett
662 801 94 20 skattöre
765 801 150 21 motsvarande

92 829 68 28 lägsta
182 830 171 28 inkomstbelopp
377 830 67 21 skulle
464 831 75 26 utgöra
560 831 40 20 100
616 829 66 26 mark,
697 829 71 21 anhöll
784 829 34 21 Hr
833 829 82 21 Landt-

92 858 140 26 marskalken,
253 860 51 19 enär
324 859 145 21 förstberörda
484 859 82 27 förslag
581 858 72 21 kunde
667 858 100 21 innebära
783 865 25 14 en
824 857 91 28 ändring

92 887 29 20 uti
138 886 40 21 den
195 887 120 28 föreslagna
331 887 161 28 bestämningen
509 890 31 18 att
555 887 47 27 den,
618 895 44 13 som
680 886 81 28 päförts
773 889 30 18 ett
814 887 101 25 skattöre,

91 915 68 21 skulle
176 923 49 14 vara
241 915 46 21 frän
305 916 180 21 kommunalskatt
501 915 89 26 befriad,
598 915 40 22 och
647 915 40 21 den
697 923 45 13 som
753 915 37 21 har
800 915 37 21 tvä
848 915 66 21 skatt-

90 945 57 24 ören,
164 944 68 21 betala
247 944 34 21 för
297 947 35 24 ett,
348 952 17 13 o.
381 952 16 13 s.
413 953 25 17 v.,
453 944 32 21 att
500 944 197 21 underteeknarene
712 945 6 19 i
735 943 67 28 fjerde
817 951 98 13 reserva-

90 973 70 20 tionen
177 973 50 20 ville
242 973 95 28 upplysa,
352 973 106 21 huruvida
473 973 47 21 icke
536 973 27 21 de
583 973 66 21 afsett
672 975 30 18 att
723 972 158 21 fastställandet
891 972 24 21 af

90 1003 31 18 ett
136 1002 203 21 existensminimum
346 1002 47 21 utaf
407 1003 41 20 300
458 1002 58 20 mark
527 1001 77 29 jemväl
613 1001 112 28 påkallade
734 1001 67 28 lägsta
811 1001 103 21 inkomst-

91 1029 110 28 beloppets
216 1030 34 21 för
265 1033 31 18 ctt
311 1031 94 20 skattöre
422 1030 90 29 höjande
528 1030 31 21 till
577 1031 40 20 150
633 1029 65 22 mark.

159 1098 51 21 Med
226 1099 115 28 anledning
357 1099 61 21 häraf
432 1099 85 28 yttrade

156 1167 33 21 Hr
215 1167 128 22 Alexander
371 1167 136 22 Aminoff:
544 1167 42 28 Jag
614 1167 38 21 har
680 1167 88 20 anhällit
796 1174 33 13 om
852 1167 61 20 ordet

88 1196 33 21 för
144 1198 31 19 att
195 1196 96 21 meddela
311 1196 41 21 den
368 1197 130 28 upplysning
512 1196 35 21 Hr
562 1196 71 21 Baron
650 1195 40 22 och
706 1195 206 21 Landtmarskalken

88 1225 79 27 begärt.
197 1225 69 20 Fallet
289 1227 22 19 är
337 1225 109 28 verkligen
469 1225 37 21 det
522 1227 30 18 att
567 1227 162 18 reservanterne
745 1224 110 28 föreslagit
871 1223 40 22 den

88 1253 61 27 kläm,
161 1261 45 13 som
221 1254 6 20 i
238 1254 68 27 fjerde
319 1255 160 20 reservationen
492 1254 170 27 återfinnes,
620 1248 41 37 just
668 1253 78 26 derför,
753 1255 31 19 att
793 1252 26 22 de
829 1254 6 19 i
845 1252 68 21 likhet

88 1282 47 21 med
157 1282 56 22 hvad
236 1282 57 22 Frih.
315 1283 25 21 R.
356 1283 27 21 A.
399 1282 79 22 Wrede
494 1282 38 21 här
547 1282 122 25 framhållit,
682 1289 51 13 anse
748 1284 31 18 att
795 1281 114 21 skattöreis

86 1310 77 29 belopp
187 1311 37 21 bör
247 1311 115 21 bibehållas
387 1311 35 21 vid
439 1311 37 21 det
491 1311 85 28 belopp,
592 1318 45 14 som
653 1312 6 19 i
675 1310 67 28 tredje
758 1312 116 19 momentet
889 1310 23 20 af

86 1340 34 26 8:n
140 1339 128 28 föreslagits,
289 1348 48 13 men
360 1342 31 18 att
412 1340 122 21 oberoende
550 1339 61 21 deraf
627 1342 31 18 ett
673 1338 118 22 skattefritt
807 1339 104 20 existens-

85 1368 108 20 minimum
209 1368 23 21 af
247 1369 41 21 300
304 1368 59 21 mark
379 1368 39 21 bör
434 1368 133 21 bestämmas.
586 1368 90 28 Följden
688 1367 61 21 deraf
760 1367 40 21 blir
811 1367 98 27 möjligen

85 1396 47 25 den,
154 1399 30 18 att
205 1396 67 22 första
289 1399 114 19 momentet
419 1397 23 21 af
458 1398 11 26 $
486 1398 26 20 78
528 1397 84 21 komme
628 1399 32 18 att
675 1396 95 27 undergä
785 1395 125 28 förändring

85 1424 85 27 derhän,
191 1428 31 18 att
241 1426 2 20 i
259 1426 106 26 kommun,
382 1426 38 20 der
435 1426 105 20 skattöret
555 1427 23 19 är
594 1426 40 20 100
650 1424 65 27 mark,
731 1424 54 21 först
800 1424 48 26 den,
863 1431 46 13 som

83 1453 38 21 har
137 1456 31 18 tre
184 1454 115 26 skattören,
315 1454 80 21 betalar
411 1454 58 21 skatt
483 1454 33 21 till
532 1454 135 26 kommunen,
682 1460 48 14 men
748 1455 161 19 reservanterne

83 1481 65 21 hafva
163 1482 48 21 icke
227 1483 57 21 velat
300 1483 5 20 i
322 1482 104 22 klämmen
443 1483 67 21 uttala
525 1483 32 27 sig
572 1482 80 26 härom,
667 1484 50 18 utan
731 1481 75 21 endast
818 1480 92 29 päyrkat

83 1509 120 23 återremiss
226 1512 7 20 i
249 1511 36 21 det
300 1511 148 29 hufvudsyfte,
463 1519 45 13 som
525 1512 160 20 reservationen
701 1510 128 26 framhåller,
844 1510 6 20 i
867 1509 41 21 den

82 1537 147 30 förhoppning
243 1542 30 18 att
289 1539 114 22 Utskottet
418 1540 54 21 skall
483 1540 28 28 pä
519 1540 96 28 lämpligt
623 1541 43 19 sätt
673 1539 61 21 ställa
743 1546 34 14 om
785 1538 69 21 denna
863 1538 46 20 sak.
