1117 1781
230 132 97 18 Svenska
339 133 38 17 och
389 133 68 17 finska
470 132 104 22 språkens
590 132 149 21 likställighet.
827 127 40 20 571

138 201 34 21 Hr
193 200 172 22 Schauman:
380 201 42 28 Jag
437 201 38 20 har
490 200 90 21 anhållit
595 208 34 13 om
646 200 62 21 ordet
722 200 35 21 för
771 203 37 23 att,
823 201 33 20 till
871 207 26 14 ea

67 231 62 26 ringa
144 229 166 28 komplettering
325 229 23 21 af
362 229 37 21 det
414 229 107 21 utmärkta
532 229 143 28 andragande,
688 229 56 21 Frih.
755 228 80 22 Wrede
845 229 53 26 haft,

69 257 98 22 meddela
189 257 67 28 några
279 258 110 28 uppgifter
405 257 91 22 rörande
512 257 42 22 den
570 257 116 22 utländska
701 257 196 29 språklagstiftnin-

66 294 51 21 gen,
139 286 74 21 hvilka
235 287 110 28 uppgifter
359 287 48 20 icke
422 286 50 21 fullt
486 286 194 21 öfverensstämma
696 286 47 21 med
759 285 55 27 dem,
829 293 46 14 som
890 286 8 20 i

68 315 161 21 reservationen
245 315 40 21 N:o
301 316 19 25 2,
335 315 54 21 sidd.
404 316 92 25 46—48,
511 315 68 26 finnas
595 314 97 21 anförda.

137 342 42 29 Jag
194 343 71 28 börjar
281 343 47 21 med
344 343 163 22 förhållandena
522 344 7 20 i
542 343 261 28 Österrikisk-Ungerska
813 351 83 14 monar-

68 372 44 25 kin,
128 371 72 22 hvilka
221 372 77 21 främst
313 375 105 25 upptagas
433 373 6 20 i
455 373 168 20 reservationen.
652 371 13 22 I
680 371 112 22 Österrike
807 373 36 20 äro
860 379 37 14 en-

69 401 40 26 ligt
128 400 144 29 grundlagens
293 403 38 18 art.
346 400 61 22 XIX
422 400 41 21 alla
478 400 150 21 folkstammar
643 400 44 21 lika
702 400 138 28 berättigade,
857 400 41 21 och

66 429 75 28 hvarje
157 432 55 18 stam
227 429 39 21 har
281 437 25 13 en
323 429 133 28 oförytterlig
471 431 43 19 rätt
529 432 32 18 att
575 429 136 28 tillvarataga
727 429 40 21 och
782 429 66 21 vårda
864 429 33 20 sin

69 457 134 22 nationalitet
219 458 41 21 och
275 459 38 20 sitt
327 458 70 28 språk.
426 457 51 22 Alla
494 457 188 22 »landesöbliche»
699 457 64 28 språk
776 459 36 20 äro
823 457 74 22 vidare

67 486 69 28 enligt
151 493 80 14 samma
250 489 38 18 art.
304 486 42 21 lika
363 486 132 28 berättigade
511 486 36 21 vid
564 486 73 21 skolor
652 486 42 22 och
709 485 96 22 embeten
821 489 56 18 samt
891 486 7 21 i

70 514 37 21 det
122 515 109 28 offentliga
247 515 68 20 lifvet.
345 515 44 21 Det
404 517 96 19 närmare
516 515 172 20 bestämmandet
703 515 22 20 af
736 514 63 22 dessa
809 515 89 21 allmänt

69 543 72 21 hållna
155 543 141 28 grundsatser
313 543 38 21 har
366 543 58 22 skett
437 551 78 19 genom
531 543 60 28 lagar
606 543 41 22 och
662 543 155 28 förordningar.
847 543 51 22 Som

69 571 77 27 allmän
172 572 59 27 regel
245 571 56 22 hade
317 571 132 22 beträffande
466 571 231 29 expeditionsspråket,
713 571 50 22 eller
778 579 45 14 som
839 571 37 22 det
891 572 7 20 i

67 599 114 22 Österrike
203 600 68 21 kallas
298 600 182 29 »embetsspräket
503 601 6 20 i
526 600 41 21 den
585 603 57 26 yttre
657 601 180 28 tjenstgöringen>
855 600 43 27 (die

68 628 209 29 Geschäftssprache
304 629 29 20 im
362 631 99 19 äusseren
490 629 92 26 Dienst),
608 629 66 21 redan
701 629 46 21 före
776 628 123 22 nuvarande

67 657 117 28 grundlags
209 657 24 21 af
259 658 52 21 1867
337 657 105 22 tillkomst
466 658 51 27 gält,
542 661 32 18 att
596 657 109 27 sakegare,
729 657 97 22 enskilda
848 657 52 21 eller

71 685 130 27 kommuner,
226 685 79 22 erhålla
330 686 122 29 expedition
478 686 28 29 på
531 686 37 21 det
593 686 65 29 språk
684 686 25 21 de
731 686 106 27 begagnat
849 685 51 22 eller

68 714 70 21 äskat.
166 714 12 21 I
199 715 105 20 särskilda
326 715 34 20 för
381 715 27 21 de
431 715 56 21 olika
516 715 159 21 kronländerna
697 722 73 13 senare
786 714 113 21 utfärdade

68 743 155 28 författningar
244 743 39 21 har
305 743 70 21 denna
395 744 84 27 princip
502 743 117 22 vidhällits.
649 743 30 22 Sä
699 743 101 28 förpligta
816 742 83 22 förord-

69 772 104 27 ningarna
196 771 23 22 af
241 771 40 22 den
306 773 27 20 20
354 772 62 28 April
440 773 54 20 1872
516 772 36 21 för
574 772 123 21 Dalmatien
720 771 40 22 och
775 771 24 21 af
813 771 42 22 den
873 772 26 20 19

70 800 62 28 April
155 801 54 20 1880
233 800 34 21 för
288 800 97 21 Böhmen
407 800 27 21 de
455 801 211 20 inrikesministeriet
680 799 160 29 underlydande
855 799 44 22 för-

70 828 100 21 valtande
192 829 149 27 myndigheter
355 832 54 18 samt
425 829 118 21 domstolar
558 829 41 21 och
614 829 154 27 statsäklagare
784 832 31 17 att
830 829 7 20 i
853 829 46 20 sina

68 857 217 28 embetshandlingar,
305 858 107 28 protokoll
434 857 133 29 inbegripna,
590 857 99 22 använda
709 857 37 21 det
764 857 135 28 landsspräk,

68 893 48 13 som
139 885 84 22 enskild
246 889 48 25 part
317 886 50 21 eller
387 886 100 21 kommun
508 886 102 26 användt,
626 886 117 28 muntligen
759 886 51 21 eller
825 885 74 22 skrift-

70 913 63 28 ligen.
162 914 161 28 Expeditioner,
339 915 72 21 hvilka
426 916 18 27 ej
460 915 80 25 äskats,
556 915 60 21 skola
632 915 95 28 afgifvas
742 914 27 29 pä
780 914 37 21 det
827 913 72 29 spräk,

69 949 47 14 som
138 943 118 27 veterligen
271 945 24 18 är
310 943 41 21 den
367 951 88 20 persons
471 944 52 21 eller
539 943 119 25 kommuns,
674 943 35 21 för
723 943 73 21 hvilka
811 942 88 29 expedi-

68 971 74 21 tionen
158 973 23 19 är
196 971 83 26 afsedd,
295 979 46 14 men
358 973 23 20 är
396 972 87 28 spräket
498 973 19 27 ej
534 972 80 21 bekant
630 972 52 21 eller
696 972 53 21 intet
759 971 22 21 af
792 971 27 21 de
831 971 68 28 bägge

70 999 160 29 landsspräken,
253 1000 24 21 sä
298 1000 109 21 användes
430 1000 164 29 myndighetens
616 1001 46 20 inre
677 999 148 29 tjenstespräk.
878 1003 21 17 Det

69 1029 46 20 inre
137 1028 171 29 tjenstespräket,
328 1029 37 21 det
387 1037 45 13 som
451 1009 39 41 e
514 1037 36 13 oss
566 1029 40 21 och
622 1029 66 21 äfven
703 1028 55 21 häri
775 1028 122 22 Utskottets

69 1057 135 21 betänkande
227 1057 67 21 kallas
317 1057 37 21 det
372 1057 100 22 officiella
493 1057 94 29 språket,
608 1065 27 13 m.
651 1065 18 13 a.
684 1065 19 13 0.
719 1056 179 29 embetsmyndig-

70 1085 99 21 heternas
188 1088 49 25 eget
251 1086 46 21 inre
312 1086 64 28 spräk
392 1099 27 3 —
434 1094 49 14 man
500 1086 72 21 kunde
588 1088 52 26 säga
650 1085 247 28 bokföringsspräket
880 1081 19 37 —

70 1114 42 21 och
134 1114 86 28 spräket
234 1115 6 20 i
257 1114 62 21 deras
335 1115 99 20 inbördes
450 1115 160 27 skriftvexling,
626 1115 38 20 har
679 1115 6 20 i
701 1114 110 21 Osterrike
827 1113 71 22 säsom

70 1142 80 21 bekant
165 1142 65 21 sedan
246 1143 64 28 länga
324 1143 55 21 tider
395 1144 55 21 varit
464 1143 84 28 tyskan.
579 1143 79 27 Utslag
673 1143 49 21 frän
737 1143 65 27 högre
815 1143 82 20 instans

69 1171 79 21 sändas
170 1171 32 20 till
225 1171 58 28 lägre
305 1172 82 21 instans
413 1172 27 28 pä
463 1172 64 28 tyska
542 1171 49 22 med
607 1171 124 29 skyldighet
745 1171 34 21 för
793 1171 58 27 lägre
866 1171 33 20 in-

69 1202 60 19 stans
151 1202 32 19 att
205 1199 73 28 bifoga
299 1200 157 29 öfversättning
470 1201 36 20 för
520 1200 131 28 sakegarens
666 1200 97 27 räkning,
778 1207 34 13 om
827 1198 71 21 denne

69 1227 96 22 användt
186 1231 66 18 annat
273 1228 71 28 spräk.
373 1229 118 28 Undantag
513 1229 57 28 gälla
585 1229 57 21 dock
658 1229 34 20 för
707 1227 96 22 enskilda
819 1227 79 21 länder.

70 1257 11 21 I
104 1257 96 21 Galizien
223 1258 23 20 är
268 1256 59 22 detta
349 1258 46 21 inre
410 1258 144 28 tjenstespräk
570 1257 67 22 sedan
653 1257 24 21 år
693 1258 54 21 1869
762 1256 95 29 polskan.
887 1256 12 21 I

70 1285 97 22 Böhmen
188 1287 24 19 är
233 1293 77 20 genom
331 1286 154 28 förordningen
506 1286 24 22 af
546 1286 42 21 den
604 1287 26 20 23
647 1286 125 28 September
787 1286 62 24 1886,
865 1284 34 22 till

70 1314 139 21 undvikande
231 1314 23 21 af
276 1314 28 21 de
325 1314 38 22 der
385 1314 176 22 förekommande
584 1314 76 22 talrika
684 1314 215 27 öfversättningarna,

70 1342 113 27 bestämdt,
203 1345 32 19 att
250 1343 37 21 vid
299 1343 244 29 »Oberlandesgericht»
556 1343 37 21 det
608 1343 71 28 språk,
692 1350 45 14 som
747 1342 103 28 sakegare
861 1341 38 22 vid

70 1371 111 21 underrätt
201 1371 100 27 användt,
323 1372 54 21 skall
400 1372 74 28 afgöra
497 1372 105 28 utslagets
618 1371 160 29 originalspråk.
808 1371 12 21 I
835 1370 64 22 dessa

69 1400 68 28 dagar
158 1400 39 21 har
217 1400 106 21 utfärdats
346 1400 52 22 eller
415 1401 97 21 kommer
526 1404 33 18 att
574 1400 97 21 utfärdas
687 1408 26 14 en
728 1408 29 20 ny
771 1399 128 27 förordning

71 1428 132 22 beträffande
226 1428 170 29 embetsspräket
411 1429 34 21 för
459 1429 106 26 Böhmen,
579 1429 140 28 hvarigenom
734 1441 28 3 —
777 1428 72 21 sävidt
862 1428 37 27 jag

69 1464 78 20 genom
167 1457 112 28 tidningen
301 1457 62 21 Neuc
382 1458 62 21 Freie
460 1458 78 21 Presse
553 1458 83 21 kunnat
651 1457 95 21 inhemta
760 1470 27 2 —
803 1456 37 22 vid
855 1456 44 20 den

70 1486 45 20 inre
138 1485 178 28 skriftvexlingen
338 1486 178 28 myndigheterna
536 1486 90 21 emellan
642 1486 78 28 tyskan
735 1485 41 21 oah
790 1484 108 22 tschecki-

69 1514 54 21 skan
145 1514 24 21 fä
189 1514 45 22 lika
254 1514 109 28 begagnas
385 1518 60 18 utom
468 1514 38 22 vid
530 1514 154 28 skriftvexling
698 1514 49 22 med
762 1514 26 21 de
804 1512 95 23 centrala
