<?xml version="1.0" encoding="UTF-8"?>
<alto xmlns="http://www.loc.gov/standards/alto/ns-v3#" xmlns:xlink="http://www.w3.org/1999/xlink" xmlns:xsi="http://www.w3.org/2001/XMLSchema-instance" xsi:schemaLocation="http://www.loc.gov/standards/alto/ns-v3# http://www.loc.gov/alto/v3/alto-3-0.xsd">
	<Description>
		<MeasurementUnit>pixel</MeasurementUnit>
		<sourceImageInformation>
			<fileName>/tmp/tess_hb_c0t0s_input.PNG</fileName>
		</sourceImageInformation>
		<OCRProcessing ID="OCR_0">
			<ocrProcessingStep>
				<processingSoftware>
					<softwareName>tesseract 5.3.4</softwareName>
				</processingSoftware>
			</ocrProcessingStep>
		</OCRProcessing>
	</Description>
	<Layout>
		<Page WIDTH="1117" HEIGHT="1781" PHYSICAL_IMG_NR="0" ID="page_0">
			<PrintSpace HPOS="0" VPOS="0" WIDTH="1117" HEIGHT="1781">
				<ComposedBlock ID="cblock_0" HPOS="222" VPOS="134" WIDTH="515" HEIGHT="26">
					<TextBlock ID="block_0" HPOS="222" VPOS="134" WIDTH="515" HEIGHT="26">
						<TextLine ID="line_0" HPOS="222" VPOS="134" WIDTH="515" HEIGHT="26">
							<String ID="string_0" HPOS="222" VPOS="134" WIDTH="42" HEIGHT="20" WC="0.96" CONTENT="950"/><SP WIDTH="217" VPOS="134" HPOS="264"/>
							<String ID="string_1" HPOS="481" VPOS="140" WIDTH="24" HEIGHT="17" WC="0.91" CONTENT="R."/><SP WIDTH="13" VPOS="140" HPOS="505"/>
							<String ID="string_2" HPOS="518" VPOS="144" WIDTH="17" HEIGHT="12" WC="0.88" CONTENT="o."/><SP WIDTH="13" VPOS="144" HPOS="535"/>
							<String ID="string_3" HPOS="548" VPOS="140" WIDTH="22" HEIGHT="16" WC="0.87" CONTENT="A."/><SP WIDTH="14" VPOS="140" HPOS="570"/>
							<String ID="string_4" HPOS="584" VPOS="139" WIDTH="55" HEIGHT="17" WC="0.90" CONTENT="1897."/><SP WIDTH="25" VPOS="139" HPOS="639"/>
							<String ID="string_5" HPOS="664" VPOS="140" WIDTH="13" HEIGHT="16" WC="0.96" CONTENT="8"/><SP WIDTH="12" VPOS="140" HPOS="677"/>
							<String ID="string_6" HPOS="689" VPOS="139" WIDTH="48" HEIGHT="21" WC="0.95" CONTENT="Maj."/>
						</TextLine>
					</TextBlock>
				</ComposedBlock>
				<GraphicalElement ID="cblock_1" HPOS="192" VPOS="166" WIDTH="824" HEIGHT="6"></GraphicalElement >
				<Illustration ID="cblock_2" HPOS="191" VPOS="216" WIDTH="752" HEIGHT="45"></Illustration>
				<ComposedBlock ID="cblock_3" HPOS="191" VPOS="236" WIDTH="829" HEIGHT="598">
					<TextBlock ID="block_1" HPOS="191" VPOS="236" WIDTH="829" HEIGHT="598">
						<TextLine ID="line_1" HPOS="260" VPOS="236" WIDTH="760" HEIGHT="29">
							<String ID="string_7" HPOS="233" VPOS="238" WIDTH="12" HEIGHT="13" WC="0.93" CONTENT="ä"/><SP WIDTH="15" VPOS="238" HPOS="245"/>
							<String ID="string_8" HPOS="260" VPOS="236" WIDTH="102" HEIGHT="21" WC="0.96" CONTENT="kohdalla"/><SP WIDTH="15" VPOS="236" HPOS="362"/>
							<String ID="string_9" HPOS="377" VPOS="238" WIDTH="147" HEIGHT="19" WC="0.95" CONTENT="tarkoitetaan."/><SP WIDTH="30" VPOS="238" HPOS="524"/>
							<String ID="string_10" HPOS="554" VPOS="237" WIDTH="66" HEIGHT="21" WC="0.93" CONTENT="Onko"/><SP WIDTH="15" VPOS="237" HPOS="620"/>
							<String ID="string_11" HPOS="635" VPOS="236" WIDTH="162" HEIGHT="21" WC="0.96" CONTENT="tarkoituksena"/><SP WIDTH="16" VPOS="236" HPOS="797"/>
							<String ID="string_12" HPOS="813" VPOS="236" WIDTH="65" HEIGHT="21" WC="0.84" CONTENT="saada"/><SP WIDTH="14" VPOS="236" HPOS="878"/>
							<String ID="string_13" HPOS="892" VPOS="237" WIDTH="128" HEIGHT="28" WC="0.92" CONTENT="säädetyksi,"/>
						</TextLine>
						<TextLine ID="line_2" HPOS="193" VPOS="265" WIDTH="826" HEIGHT="28">
							<String ID="string_14" HPOS="193" VPOS="267" WIDTH="44" HEIGHT="18" WC="0.96" CONTENT="että"/><SP WIDTH="20" VPOS="267" HPOS="237"/>
							<String ID="string_15" HPOS="257" VPOS="265" WIDTH="66" HEIGHT="20" WC="0.96" CONTENT="niissä"/><SP WIDTH="16" VPOS="265" HPOS="323"/>
							<String ID="string_16" HPOS="339" VPOS="265" WIDTH="108" HEIGHT="26" WC="0.96" CONTENT="kunnissa,"/><SP WIDTH="15" VPOS="265" HPOS="447"/>
							<String ID="string_17" HPOS="462" VPOS="265" WIDTH="64" HEIGHT="28" WC="0.96" CONTENT="joissa"/><SP WIDTH="16" VPOS="265" HPOS="526"/>
							<String ID="string_18" HPOS="542" VPOS="265" WIDTH="110" HEIGHT="28" WC="0.96" CONTENT="puhutaan"/><SP WIDTH="16" VPOS="265" HPOS="652"/>
							<String ID="string_19" HPOS="668" VPOS="265" WIDTH="51" HEIGHT="20" WC="0.96" CONTENT="sekä"/><SP WIDTH="15" VPOS="265" HPOS="719"/>
							<String ID="string_20" HPOS="734" VPOS="265" WIDTH="81" HEIGHT="20" WC="0.96" CONTENT="ruotsia"/><SP WIDTH="16" VPOS="265" HPOS="815"/>
							<String ID="string_21" HPOS="831" VPOS="266" WIDTH="44" HEIGHT="19" WC="0.96" CONTENT="että"/><SP WIDTH="16" VPOS="266" HPOS="875"/>
							<String ID="string_22" HPOS="891" VPOS="272" WIDTH="85" HEIGHT="13" WC="0.96" CONTENT="suomea"/><SP WIDTH="16" VPOS="272" HPOS="976"/>
							<String ID="string_23" HPOS="992" VPOS="272" WIDTH="27" HEIGHT="13" WC="0.95" CONTENT="on"/>
						</TextLine>
						<TextLine ID="line_3" HPOS="193" VPOS="293" WIDTH="827" HEIGHT="28">
							<String ID="string_24" HPOS="193" VPOS="294" WIDTH="89" HEIGHT="20" WC="0.89" CONTENT="kunnan"/><SP WIDTH="24" VPOS="294" HPOS="282"/>
							<String ID="string_25" HPOS="306" VPOS="293" WIDTH="175" HEIGHT="21" WC="0.89" CONTENT="valtuusmiesten"/><SP WIDTH="24" VPOS="293" HPOS="481"/>
							<String ID="string_26" HPOS="505" VPOS="295" WIDTH="74" HEIGHT="26" WC="0.96" CONTENT="päätös"/><SP WIDTH="24" VPOS="295" HPOS="579"/>
							<String ID="string_27" HPOS="603" VPOS="293" WIDTH="80" HEIGHT="21" WC="0.96" CONTENT="kuntaa"/><SP WIDTH="22" VPOS="293" HPOS="683"/>
							<String ID="string_28" HPOS="705" VPOS="293" WIDTH="125" HEIGHT="21" WC="0.96" CONTENT="koskevista"/><SP WIDTH="22" VPOS="293" HPOS="830"/>
							<String ID="string_29" HPOS="852" VPOS="294" WIDTH="87" HEIGHT="20" WC="0.91" CONTENT="asioista"/><SP WIDTH="22" VPOS="294" HPOS="939"/>
							<String ID="string_30" HPOS="961" VPOS="293" WIDTH="59" HEIGHT="28" WC="0.90" CONTENT="julis-"/>
						</TextLine>
						<TextLine ID="line_4" HPOS="191" VPOS="321" WIDTH="829" HEIGHT="28">
							<String ID="string_31" HPOS="191" VPOS="325" WIDTH="84" HEIGHT="18" WC="0.95" CONTENT="tettava"/><SP WIDTH="16" VPOS="325" HPOS="275"/>
							<String ID="string_32" HPOS="291" VPOS="322" WIDTH="97" HEIGHT="21" WC="0.96" CONTENT="kirkossa"/><SP WIDTH="17" VPOS="322" HPOS="388"/>
							<String ID="string_33" HPOS="405" VPOS="321" WIDTH="150" HEIGHT="22" WC="0.96" CONTENT="kummallakin"/><SP WIDTH="17" VPOS="321" HPOS="555"/>
							<String ID="string_34" HPOS="572" VPOS="322" WIDTH="90" HEIGHT="20" WC="0.96" CONTENT="kielellä."/><SP WIDTH="22" VPOS="322" HPOS="662"/>
							<String ID="string_35" HPOS="684" VPOS="321" WIDTH="38" HEIGHT="21" WC="0.96" CONTENT="Jos"/><SP WIDTH="16" VPOS="321" HPOS="722"/>
							<String ID="string_36" HPOS="738" VPOS="323" WIDTH="96" HEIGHT="26" WC="0.96" CONTENT="määräys"/><SP WIDTH="17" VPOS="323" HPOS="834"/>
							<String ID="string_37" HPOS="851" VPOS="324" WIDTH="83" HEIGHT="19" WC="0.93" CONTENT="otetaan"/><SP WIDTH="11" VPOS="324" HPOS="934"/>
							<String ID="string_38" HPOS="945" VPOS="329" WIDTH="75" HEIGHT="13" WC="0.93" CONTENT="sanan-"/>
						</TextLine>
						<TextLine ID="line_5" HPOS="193" VPOS="350" WIDTH="826" HEIGHT="26">
							<String ID="string_39" HPOS="193" VPOS="350" WIDTH="132" HEIGHT="25" WC="0.96" CONTENT="mukaisesti,"/><SP WIDTH="24" VPOS="350" HPOS="325"/>
							<String ID="string_40" HPOS="349" VPOS="351" WIDTH="43" HEIGHT="20" WC="0.95" CONTENT="niin"/><SP WIDTH="23" VPOS="351" HPOS="392"/>
							<String ID="string_41" HPOS="415" VPOS="351" WIDTH="46" HEIGHT="20" WC="0.95" CONTENT="olisi"/><SP WIDTH="22" VPOS="351" HPOS="461"/>
							<String ID="string_42" HPOS="483" VPOS="351" WIDTH="48" HEIGHT="20" WC="0.96" CONTENT="siitä"/><SP WIDTH="23" VPOS="351" HPOS="531"/>
							<String ID="string_43" HPOS="554" VPOS="350" WIDTH="150" HEIGHT="26" WC="0.96" CONTENT="seurauksena,"/><SP WIDTH="21" VPOS="350" HPOS="704"/>
							<String ID="string_44" HPOS="725" VPOS="353" WIDTH="44" HEIGHT="18" WC="0.96" CONTENT="että"/><SP WIDTH="22" VPOS="353" HPOS="769"/>
							<String ID="string_45" HPOS="791" VPOS="350" WIDTH="138" HEIGHT="21" WC="0.96" CONTENT="melkoisessa"/><SP WIDTH="18" VPOS="350" HPOS="929"/>
							<String ID="string_46" HPOS="947" VPOS="357" WIDTH="72" HEIGHT="14" WC="0.96" CONTENT="osassa"/>
						</TextLine>
						<TextLine ID="line_6" HPOS="192" VPOS="378" WIDTH="827" HEIGHT="28">
							<String ID="string_47" HPOS="192" VPOS="386" WIDTH="105" HEIGHT="13" WC="0.96" CONTENT="maamme"/><SP WIDTH="17" VPOS="386" HPOS="297"/>
							<String ID="string_48" HPOS="314" VPOS="379" WIDTH="74" HEIGHT="20" WC="0.96" CONTENT="kuntia"/><SP WIDTH="15" VPOS="379" HPOS="388"/>
							<String ID="string_49" HPOS="403" VPOS="379" WIDTH="96" HEIGHT="32" WC="0.96" CONTENT="tulisivat"/><SP WIDTH="14" VPOS="379" HPOS="499"/>
							<String ID="string_50" HPOS="513" VPOS="379" WIDTH="123" HEIGHT="20" WC="0.94" CONTENT="tämmöiset"/><SP WIDTH="14" VPOS="379" HPOS="636"/>
							<String ID="string_51" HPOS="650" VPOS="379" WIDTH="122" HEIGHT="27" WC="0.96" CONTENT="julistukset"/><SP WIDTH="15" VPOS="379" HPOS="772"/>
							<String ID="string_52" HPOS="787" VPOS="379" WIDTH="98" HEIGHT="20" WC="0.93" CONTENT="kirkossa"/><SP WIDTH="12" VPOS="379" HPOS="885"/>
							<String ID="string_53" HPOS="897" VPOS="378" WIDTH="122" HEIGHT="21" WC="0.93" CONTENT="luettaviksi"/>
						</TextLine>
						<TextLine ID="line_7" HPOS="193" VPOS="407" WIDTH="826" HEIGHT="28">
							<String ID="string_54" HPOS="193" VPOS="407" WIDTH="137" HEIGHT="21" WC="0.93" CONTENT="molemmilla"/><SP WIDTH="26" VPOS="407" HPOS="330"/>
							<String ID="string_55" HPOS="356" VPOS="407" WIDTH="87" HEIGHT="21" WC="0.45" CONTENT="kielillä:"/><SP WIDTH="24" VPOS="407" HPOS="443"/>
							<String ID="string_56" HPOS="467" VPOS="405" WIDTH="36" HEIGHT="23" WC="0.95" CONTENT="Siis"/><SP WIDTH="23" VPOS="405" HPOS="503"/>
							<String ID="string_57" HPOS="526" VPOS="407" WIDTH="158" HEIGHT="21" WC="0.96" CONTENT="suomalaisissa"/><SP WIDTH="17" VPOS="407" HPOS="684"/>
							<String ID="string_58" HPOS="701" VPOS="407" WIDTH="108" HEIGHT="33" WC="0.96" CONTENT="kunnissa,"/><SP WIDTH="15" VPOS="407" HPOS="809"/>
							<String ID="string_59" HPOS="824" VPOS="408" WIDTH="65" HEIGHT="27" WC="0.96" CONTENT="joissa"/><SP WIDTH="16" VPOS="408" HPOS="889"/>
							<String ID="string_60" HPOS="905" VPOS="408" WIDTH="48" HEIGHT="20" WC="0.96" CONTENT="vain"/><SP WIDTH="16" VPOS="408" HPOS="953"/>
							<String ID="string_61" HPOS="969" VPOS="407" WIDTH="50" HEIGHT="28" WC="0.96" CONTENT="joku"/>
						</TextLine>
						<TextLine ID="line_8" HPOS="192" VPOS="435" WIDTH="827" HEIGHT="29">
							<String ID="string_62" HPOS="192" VPOS="436" WIDTH="82" HEIGHT="20" WC="0.92" CONTENT="ruotsia"/><SP WIDTH="19" VPOS="436" HPOS="274"/>
							<String ID="string_63" HPOS="293" VPOS="436" WIDTH="86" HEIGHT="28" WC="0.94" CONTENT="puhuva"/><SP WIDTH="20" VPOS="436" HPOS="379"/>
							<String ID="string_64" HPOS="399" VPOS="436" WIDTH="77" HEIGHT="21" WC="0.96" CONTENT="asukas"/><SP WIDTH="20" VPOS="436" HPOS="476"/>
							<String ID="string_65" HPOS="496" VPOS="436" WIDTH="79" HEIGHT="27" WC="0.96" CONTENT="löytyy,"/><SP WIDTH="20" VPOS="436" HPOS="575"/>
							<String ID="string_66" HPOS="595" VPOS="439" WIDTH="67" HEIGHT="17" WC="0.96" CONTENT="mutta"/><SP WIDTH="19" VPOS="439" HPOS="662"/>
							<String ID="string_67" HPOS="681" VPOS="436" WIDTH="64" HEIGHT="27" WC="0.96" CONTENT="joissa"/><SP WIDTH="17" VPOS="436" HPOS="745"/>
							<String ID="string_68" HPOS="762" VPOS="437" WIDTH="17" HEIGHT="19" WC="0.96" CONTENT="ei"/><SP WIDTH="18" VPOS="437" HPOS="779"/>
							<String ID="string_69" HPOS="797" VPOS="436" WIDTH="73" HEIGHT="27" WC="0.96" CONTENT="pidetä"/><SP WIDTH="15" VPOS="436" HPOS="870"/>
							<String ID="string_70" HPOS="885" VPOS="435" WIDTH="134" HEIGHT="22" WC="0.96" CONTENT="ruotsalaista"/>
						</TextLine>
						<TextLine ID="line_9" HPOS="191" VPOS="464" WIDTH="828" HEIGHT="28">
							<String ID="string_71" HPOS="191" VPOS="465" WIDTH="216" HEIGHT="27" WC="0.92" CONTENT="jumalanpalvelusta"/><SP WIDTH="16" VPOS="465" HPOS="407"/>
							<String ID="string_72" HPOS="423" VPOS="466" WIDTH="101" HEIGHT="26" WC="0.96" CONTENT="enempää"/><SP WIDTH="16" VPOS="466" HPOS="524"/>
							<String ID="string_73" HPOS="540" VPOS="465" WIDTH="52" HEIGHT="20" WC="0.96" CONTENT="kuin"/><SP WIDTH="15" VPOS="465" HPOS="592"/>
							<String ID="string_74" HPOS="607" VPOS="464" WIDTH="51" HEIGHT="28" WC="0.96" CONTENT="joku"/><SP WIDTH="16" VPOS="464" HPOS="658"/>
							<String ID="string_75" HPOS="674" VPOS="464" WIDTH="60" HEIGHT="21" WC="0.96" CONTENT="kerta"/><SP WIDTH="15" VPOS="464" HPOS="734"/>
							<String ID="string_76" HPOS="749" VPOS="464" WIDTH="114" HEIGHT="25" WC="0.96" CONTENT="vuodessa,"/><SP WIDTH="16" VPOS="464" HPOS="863"/>
							<String ID="string_77" HPOS="879" VPOS="465" WIDTH="46" HEIGHT="20" WC="0.93" CONTENT="olisi"/><SP WIDTH="12" VPOS="465" HPOS="925"/>
							<String ID="string_78" HPOS="937" VPOS="471" WIDTH="82" HEIGHT="14" WC="0.91" CONTENT="suoma-"/>
						</TextLine>
						<TextLine ID="line_10" HPOS="192" VPOS="493" WIDTH="828" HEIGHT="28">
							<String ID="string_79" HPOS="192" VPOS="493" WIDTH="90" HEIGHT="20" WC="0.92" CONTENT="laisessa"/><SP WIDTH="19" VPOS="493" HPOS="282"/>
							<String ID="string_80" HPOS="301" VPOS="493" WIDTH="255" HEIGHT="28" WC="0.91" CONTENT="jumalanpalveluksessa"/><SP WIDTH="20" VPOS="493" HPOS="556"/>
							<String ID="string_81" HPOS="576" VPOS="493" WIDTH="128" HEIGHT="20" WC="0.96" CONTENT="tämmöinen"/><SP WIDTH="23" VPOS="493" HPOS="704"/>
							<String ID="string_82" HPOS="727" VPOS="493" WIDTH="101" HEIGHT="20" WC="0.95" CONTENT="kuulutus"/><SP WIDTH="21" VPOS="493" HPOS="828"/>
							<String ID="string_83" HPOS="849" VPOS="493" WIDTH="96" HEIGHT="20" WC="0.93" CONTENT="luettava"/><SP WIDTH="17" VPOS="493" HPOS="945"/>
							<String ID="string_84" HPOS="962" VPOS="496" WIDTH="58" HEIGHT="17" WC="0.92" CONTENT="ruot-"/>
						</TextLine>
						<TextLine ID="line_11" HPOS="193" VPOS="521" WIDTH="826" HEIGHT="28">
							<String ID="string_85" HPOS="193" VPOS="521" WIDTH="58" HEIGHT="26" WC="0.96" CONTENT="siksi,"/><SP WIDTH="16" VPOS="521" HPOS="251"/>
							<String ID="string_86" HPOS="267" VPOS="521" WIDTH="22" HEIGHT="28" WC="0.96" CONTENT="ja"/><SP WIDTH="16" VPOS="521" HPOS="289"/>
							<String ID="string_87" HPOS="305" VPOS="522" WIDTH="132" HEIGHT="27" WC="0.96" CONTENT="päinvastoin"/><SP WIDTH="17" VPOS="522" HPOS="437"/>
							<String ID="string_88" HPOS="454" VPOS="521" WIDTH="156" HEIGHT="21" WC="0.96" CONTENT="ruotsalaisissa"/><SP WIDTH="16" VPOS="521" HPOS="610"/>
							<String ID="string_89" HPOS="626" VPOS="521" WIDTH="108" HEIGHT="26" WC="0.96" CONTENT="kunnissa,"/><SP WIDTH="14" VPOS="521" HPOS="734"/>
							<String ID="string_90" HPOS="748" VPOS="522" WIDTH="65" HEIGHT="27" WC="0.96" CONTENT="joissa"/><SP WIDTH="16" VPOS="522" HPOS="813"/>
							<String ID="string_91" HPOS="829" VPOS="529" WIDTH="28" HEIGHT="13" WC="0.96" CONTENT="on"/><SP WIDTH="15" VPOS="529" HPOS="857"/>
							<String ID="string_92" HPOS="872" VPOS="521" WIDTH="50" HEIGHT="28" WC="0.96" CONTENT="joku"/><SP WIDTH="11" VPOS="521" HPOS="922"/>
							<String ID="string_93" HPOS="933" VPOS="529" WIDTH="86" HEIGHT="13" WC="0.96" CONTENT="suomea"/>
						</TextLine>
						<TextLine ID="line_12" HPOS="194" VPOS="549" WIDTH="825" HEIGHT="29">
							<String ID="string_94" HPOS="194" VPOS="549" WIDTH="93" HEIGHT="28" WC="0.94" CONTENT="puhuva,"/><SP WIDTH="22" VPOS="549" HPOS="287"/>
							<String ID="string_95" HPOS="309" VPOS="553" WIDTH="67" HEIGHT="18" WC="0.96" CONTENT="mutta"/><SP WIDTH="19" VPOS="553" HPOS="376"/>
							<String ID="string_96" HPOS="395" VPOS="551" WIDTH="65" HEIGHT="27" WC="0.96" CONTENT="joissa"/><SP WIDTH="22" VPOS="551" HPOS="460"/>
							<String ID="string_97" HPOS="482" VPOS="550" WIDTH="136" HEIGHT="21" WC="0.93" CONTENT="suomalaista"/><SP WIDTH="12" VPOS="550" HPOS="618"/>
							<String ID="string_98" HPOS="630" VPOS="550" WIDTH="214" HEIGHT="27" WC="0.91" CONTENT="jumalanpalvelusta"/><SP WIDTH="15" VPOS="550" HPOS="844"/>
							<String ID="string_99" HPOS="859" VPOS="549" WIDTH="100" HEIGHT="29" WC="0.93" CONTENT="pidetään"/><SP WIDTH="16" VPOS="549" HPOS="959"/>
							<String ID="string_100" HPOS="975" VPOS="551" WIDTH="44" HEIGHT="19" WC="0.92" CONTENT="ani-"/>
						</TextLine>
						<TextLine ID="line_13" HPOS="193" VPOS="578" WIDTH="825" HEIGHT="28">
							<String ID="string_101" HPOS="193" VPOS="578" WIDTH="96" HEIGHT="24" WC="0.95" CONTENT="harvoin,"/><SP WIDTH="11" VPOS="578" HPOS="289"/>
							<String ID="string_102" HPOS="300" VPOS="579" WIDTH="46" HEIGHT="20" WC="0.95" CONTENT="olisi"/><SP WIDTH="17" VPOS="579" HPOS="346"/>
							<String ID="string_103" HPOS="363" VPOS="579" WIDTH="160" HEIGHT="20" WC="0.93" CONTENT="ruotsalaisessa"/><SP WIDTH="14" VPOS="579" HPOS="523"/>
							<String ID="string_104" HPOS="537" VPOS="578" WIDTH="254" HEIGHT="28" WC="0.91" CONTENT="jumalanpalveluksessa"/><SP WIDTH="14" VPOS="578" HPOS="791"/>
							<String ID="string_105" HPOS="805" VPOS="578" WIDTH="101" HEIGHT="21" WC="0.96" CONTENT="kuulutus"/><SP WIDTH="20" VPOS="578" HPOS="906"/>
							<String ID="string_106" HPOS="926" VPOS="578" WIDTH="92" HEIGHT="21" WC="0.96" CONTENT="luettava"/>
						</TextLine>
						<TextLine ID="line_14" HPOS="192" VPOS="607" WIDTH="825" HEIGHT="21">
							<String ID="string_107" HPOS="192" VPOS="607" WIDTH="90" HEIGHT="20" WC="0.93" CONTENT="suomek"/><SP WIDTH="61" VPOS="607" HPOS="282"/>
							<String ID="string_108" HPOS="343" VPOS="607" WIDTH="75" HEIGHT="20" WC="0.96" CONTENT="Minun"/><SP WIDTH="24" VPOS="607" HPOS="418"/>
							<String ID="string_109" HPOS="442" VPOS="607" WIDTH="124" HEIGHT="21" WC="0.96" CONTENT="luullakseni"/><SP WIDTH="26" VPOS="607" HPOS="566"/>
							<String ID="string_110" HPOS="592" VPOS="607" WIDTH="75" HEIGHT="20" WC="0.96" CONTENT="moista"/><SP WIDTH="23" VPOS="607" HPOS="667"/>
							<String ID="string_111" HPOS="690" VPOS="607" WIDTH="117" HEIGHT="20" WC="0.96" CONTENT="hullutusta"/><SP WIDTH="23" VPOS="607" HPOS="807"/>
							<String ID="string_112" HPOS="830" VPOS="614" WIDTH="27" HEIGHT="13" WC="0.96" CONTENT="on"/><SP WIDTH="24" VPOS="614" HPOS="857"/>
							<String ID="string_113" HPOS="881" VPOS="607" WIDTH="136" HEIGHT="20" WC="0.96" CONTENT="mahdotonta"/>
						</TextLine>
						<TextLine ID="line_15" HPOS="193" VPOS="635" WIDTH="825" HEIGHT="28">
							<String ID="string_114" HPOS="193" VPOS="637" WIDTH="53" HEIGHT="18" WC="0.96" CONTENT="enää"/><SP WIDTH="16" VPOS="637" HPOS="246"/>
							<String ID="string_115" HPOS="262" VPOS="637" WIDTH="45" HEIGHT="18" WC="0.96" CONTENT="tätä"/><SP WIDTH="15" VPOS="637" HPOS="307"/>
							<String ID="string_116" HPOS="322" VPOS="635" WIDTH="70" HEIGHT="28" WC="0.96" CONTENT="nykyä"/><SP WIDTH="16" VPOS="635" HPOS="392"/>
							<String ID="string_117" HPOS="408" VPOS="639" WIDTH="74" HEIGHT="17" WC="0.96" CONTENT="ruveta"/><SP WIDTH="16" VPOS="639" HPOS="482"/>
							<String ID="string_118" HPOS="498" VPOS="637" WIDTH="128" HEIGHT="19" WC="0.94" CONTENT="säätämään."/><SP WIDTH="30" VPOS="637" HPOS="626"/>
							<String ID="string_119" HPOS="656" VPOS="635" WIDTH="28" HEIGHT="21" WC="0.81" CONTENT="Sc"/><SP WIDTH="15" VPOS="635" HPOS="684"/>
							<String ID="string_120" HPOS="699" VPOS="643" WIDTH="27" HEIGHT="13" WC="0.96" CONTENT="on"/><SP WIDTH="16" VPOS="643" HPOS="726"/>
							<String ID="string_121" HPOS="742" VPOS="635" WIDTH="64" HEIGHT="21" WC="0.96" CONTENT="tähän"/><SP WIDTH="14" VPOS="635" HPOS="806"/>
							<String ID="string_122" HPOS="820" VPOS="635" WIDTH="81" HEIGHT="21" WC="0.96" CONTENT="saakka"/><SP WIDTH="10" VPOS="635" HPOS="901"/>
							<String ID="string_123" HPOS="911" VPOS="638" WIDTH="107" HEIGHT="18" WC="0.96" CONTENT="saattanut"/>
						</TextLine>
						<TextLine ID="line_16" HPOS="193" VPOS="663" WIDTH="825" HEIGHT="29">
							<String ID="string_124" HPOS="193" VPOS="663" WIDTH="71" HEIGHT="28" WC="0.95" CONTENT="käydä"/><SP WIDTH="18" VPOS="663" HPOS="264"/>
							<String ID="string_125" HPOS="282" VPOS="664" WIDTH="87" HEIGHT="20" WC="0.96" CONTENT="laatuun"/><SP WIDTH="19" VPOS="664" HPOS="369"/>
							<String ID="string_126" HPOS="388" VPOS="665" WIDTH="48" HEIGHT="20" WC="0.97" CONTENT="siitä"/><SP WIDTH="18" VPOS="665" HPOS="436"/>
							<String ID="string_127" HPOS="454" VPOS="665" WIDTH="78" HEIGHT="27" WC="0.96" CONTENT="syystä,"/><SP WIDTH="18" VPOS="665" HPOS="532"/>
							<String ID="string_128" HPOS="550" VPOS="665" WIDTH="44" HEIGHT="19" WC="0.96" CONTENT="että"/><SP WIDTH="16" VPOS="665" HPOS="594"/>
							<String ID="string_129" HPOS="610" VPOS="664" WIDTH="56" HEIGHT="20" WC="0.96" CONTENT="koko"/><SP WIDTH="16" VPOS="664" HPOS="666"/>
							<String ID="string_130" HPOS="682" VPOS="664" WIDTH="98" HEIGHT="27" WC="0.96" CONTENT="puheena"/><SP WIDTH="15" VPOS="664" HPOS="780"/>
							<String ID="string_131" HPOS="795" VPOS="664" WIDTH="62" HEIGHT="21" WC="0.96" CONTENT="oleva"/><SP WIDTH="15" VPOS="664" HPOS="857"/>
							<String ID="string_132" HPOS="872" VPOS="664" WIDTH="85" HEIGHT="20" WC="0.93" CONTENT="kunnan"/><SP WIDTH="16" VPOS="664" HPOS="957"/>
							<String ID="string_133" HPOS="973" VPOS="664" WIDTH="45" HEIGHT="20" WC="0.91" CONTENT="val-"/>
						</TextLine>
						<TextLine ID="line_17" HPOS="192" VPOS="692" WIDTH="824" HEIGHT="28">
							<String ID="string_134" HPOS="192" VPOS="693" WIDTH="167" HEIGHT="20" WC="0.92" CONTENT="tuusmieslaitos"/><SP WIDTH="24" VPOS="693" HPOS="359"/>
							<String ID="string_135" HPOS="383" VPOS="693" WIDTH="18" HEIGHT="20" WC="0.96" CONTENT="ei"/><SP WIDTH="23" VPOS="693" HPOS="401"/>
							<String ID="string_136" HPOS="424" VPOS="693" WIDTH="32" HEIGHT="20" WC="0.96" CONTENT="ole"/><SP WIDTH="24" VPOS="693" HPOS="456"/>
							<String ID="string_137" HPOS="480" VPOS="692" WIDTH="115" HEIGHT="21" WC="0.96" CONTENT="ensinkään"/><SP WIDTH="23" VPOS="692" HPOS="595"/>
							<String ID="string_138" HPOS="618" VPOS="692" WIDTH="53" HEIGHT="21" WC="0.96" CONTENT="ollut"/><SP WIDTH="22" VPOS="692" HPOS="671"/>
							<String ID="string_139" HPOS="693" VPOS="692" WIDTH="149" HEIGHT="28" WC="0.96" CONTENT="käytännössä,"/><SP WIDTH="15" VPOS="692" HPOS="842"/>
							<String ID="string_140" HPOS="857" VPOS="695" WIDTH="68" HEIGHT="18" WC="0.96" CONTENT="mutta"/><SP WIDTH="16" VPOS="695" HPOS="925"/>
							<String ID="string_141" HPOS="941" VPOS="695" WIDTH="75" HEIGHT="18" WC="0.96" CONTENT="uuteen"/>
						</TextLine>
						<TextLine ID="line_18" HPOS="192" VPOS="720" WIDTH="786" HEIGHT="29">
							<String ID="string_142" HPOS="192" VPOS="720" WIDTH="65" HEIGHT="21" WC="0.96" CONTENT="lakiin"/><SP WIDTH="18" VPOS="720" HPOS="257"/>
							<String ID="string_143" HPOS="275" VPOS="721" WIDTH="40" HEIGHT="20" WC="0.96" CONTENT="sitä"/><SP WIDTH="13" VPOS="721" HPOS="315"/>
							<String ID="string_144" HPOS="328" VPOS="722" WIDTH="71" HEIGHT="20" WC="0.96" CONTENT="minun"/><SP WIDTH="16" VPOS="722" HPOS="399"/>
							<String ID="string_145" HPOS="415" VPOS="721" WIDTH="178" HEIGHT="28" WC="0.73" CONTENT="ymmärtääkseni"/><SP WIDTH="17" VPOS="721" HPOS="593"/>
							<String ID="string_146" HPOS="610" VPOS="721" WIDTH="18" HEIGHT="20" WC="0.96" CONTENT="ei"/><SP WIDTH="17" VPOS="721" HPOS="628"/>
							<String ID="string_147" HPOS="645" VPOS="722" WIDTH="34" HEIGHT="19" WC="0.96" CONTENT="voi"/><SP WIDTH="17" VPOS="722" HPOS="679"/>
							<String ID="string_148" HPOS="696" VPOS="724" WIDTH="63" HEIGHT="17" WC="0.95" CONTENT="ottaa."/><SP WIDTH="30" VPOS="724" HPOS="759"/>
							<String ID="string_149" HPOS="789" VPOS="721" WIDTH="38" HEIGHT="20" WC="0.96" CONTENT="Jos"/><SP WIDTH="17" VPOS="721" HPOS="827"/>
							<String ID="string_150" HPOS="844" VPOS="721" WIDTH="78" HEIGHT="20" WC="0.96" CONTENT="asiasta"/><SP WIDTH="15" VPOS="721" HPOS="922"/>
							<String ID="string_151" HPOS="937" VPOS="721" WIDTH="41" HEIGHT="27" WC="0.96" CONTENT="jota"/>
						</TextLine>
						<TextLine ID="line_19" HPOS="192" VPOS="749" WIDTH="824" HEIGHT="27">
							<String ID="string_152" HPOS="192" VPOS="749" WIDTH="117" HEIGHT="21" WC="0.96" CONTENT="tahdotaan"/><SP WIDTH="27" VPOS="749" HPOS="309"/>
							<String ID="string_153" HPOS="336" VPOS="751" WIDTH="77" HEIGHT="25" WC="0.93" CONTENT="säätää,"/><SP WIDTH="26" VPOS="751" HPOS="413"/>
							<String ID="string_154" HPOS="439" VPOS="751" WIDTH="44" HEIGHT="19" WC="0.96" CONTENT="niin"/><SP WIDTH="24" VPOS="751" HPOS="483"/>
							<String ID="string_155" HPOS="507" VPOS="749" WIDTH="56" HEIGHT="21" WC="0.96" CONTENT="koko"/><SP WIDTH="24" VPOS="749" HPOS="563"/>
							<String ID="string_156" HPOS="587" VPOS="749" WIDTH="65" HEIGHT="21" WC="0.96" CONTENT="kohta"/><SP WIDTH="23" VPOS="749" HPOS="652"/>
							<String ID="string_157" HPOS="675" VPOS="750" WIDTH="138" HEIGHT="20" WC="0.96" CONTENT="arvattavasti"/><SP WIDTH="25" VPOS="750" HPOS="813"/>
							<String ID="string_158" HPOS="838" VPOS="757" WIDTH="27" HEIGHT="13" WC="0.96" CONTENT="on"/><SP WIDTH="24" VPOS="757" HPOS="865"/>
							<String ID="string_159" HPOS="889" VPOS="749" WIDTH="127" HEIGHT="21" WC="0.96" CONTENT="lähetettävä"/>
						</TextLine>
						<TextLine ID="line_20" HPOS="192" VPOS="777" WIDTH="825" HEIGHT="26">
							<String ID="string_160" HPOS="192" VPOS="777" WIDTH="93" HEIGHT="21" WC="0.85" CONTENT="takaisin"/><SP WIDTH="26" VPOS="777" HPOS="285"/>
							<String ID="string_161" HPOS="311" VPOS="777" WIDTH="160" HEIGHT="22" WC="0.85" CONTENT="Valiokuntaan"/><SP WIDTH="23" VPOS="777" HPOS="471"/>
							<String ID="string_162" HPOS="494" VPOS="779" WIDTH="54" HEIGHT="20" WC="0.95" CONTENT="siten"/><SP WIDTH="24" VPOS="779" HPOS="548"/>
							<String ID="string_163" HPOS="572" VPOS="778" WIDTH="213" HEIGHT="25" WC="0.95" CONTENT="muodostettavaksi,"/><SP WIDTH="23" VPOS="778" HPOS="785"/>
							<String ID="string_164" HPOS="808" VPOS="779" WIDTH="43" HEIGHT="20" WC="0.96" CONTENT="että"/><SP WIDTH="23" VPOS="779" HPOS="851"/>
							<String ID="string_165" HPOS="874" VPOS="777" WIDTH="67" HEIGHT="22" WC="0.96" CONTENT="siihen"/><SP WIDTH="20" VPOS="777" HPOS="941"/>
							<String ID="string_166" HPOS="961" VPOS="777" WIDTH="56" HEIGHT="21" WC="0.96" CONTENT="tulee"/>
						</TextLine>
						<TextLine ID="line_21" HPOS="192" VPOS="805" WIDTH="627" HEIGHT="29">
							<String ID="string_167" HPOS="192" VPOS="805" WIDTH="83" HEIGHT="28" WC="0.97" CONTENT="jotakin"/><SP WIDTH="16" VPOS="805" HPOS="275"/>
							<String ID="string_168" HPOS="291" VPOS="807" WIDTH="73" HEIGHT="27" WC="0.96" CONTENT="järkeä"/><SP WIDTH="15" VPOS="807" HPOS="364"/>
							<String ID="string_169" HPOS="379" VPOS="807" WIDTH="51" HEIGHT="20" WC="0.96" CONTENT="sekä"/><SP WIDTH="16" VPOS="807" HPOS="430"/>
							<String ID="string_170" HPOS="446" VPOS="807" WIDTH="85" HEIGHT="20" WC="0.96" CONTENT="sisällön"/><SP WIDTH="17" VPOS="807" HPOS="531"/>
							<String ID="string_171" HPOS="548" VPOS="808" WIDTH="43" HEIGHT="19" WC="0.96" CONTENT="että"/><SP WIDTH="17" VPOS="808" HPOS="591"/>
							<String ID="string_172" HPOS="608" VPOS="806" WIDTH="92" HEIGHT="21" WC="0.96" CONTENT="muodon"/><SP WIDTH="16" VPOS="806" HPOS="700"/>
							<String ID="string_173" HPOS="716" VPOS="807" WIDTH="103" HEIGHT="27" WC="0.96" CONTENT="puolesta."/>
						</TextLine>
					</TextBlock>
				</ComposedBlock>
				<Illustration ID="cblock_4" HPOS="797" VPOS="296" WIDTH="20" HEIGHT="18"></Illustration>
				<Illustration ID="cblock_5" HPOS="761" VPOS="323" WIDTH="36" HEIGHT="19"></Illustration>
				<Illustration ID="cblock_6" HPOS="297" VPOS="608" WIDTH="4" HEIGHT="3"></Illustration>
				<Illustration ID="cblock_7" HPOS="285" VPOS="615" WIDTH="22" HEIGHT="12"></Illustration>
				<Illustration ID="cblock_8" HPOS="221" VPOS="637" WIDTH="19" HEIGHT="18"></Illustration>
				<Illustration ID="cblock_9" HPOS="982" VPOS="721" WIDTH="35" HEIGHT="20"></Illustration>
				<Illustration ID="cblock_10" HPOS="999" VPOS="751" WIDTH="17" HEIGHT="10"></Illustration>
				<ComposedBlock ID="cblock_11" HPOS="191" VPOS="862" WIDTH="827" HEIGHT="314">
					<TextBlock ID="block_2" HPOS="191" VPOS="862" WIDTH="827" HEIGHT="314">
						<TextLine ID="line_22" HPOS="263" VPOS="862" WIDTH="755" HEIGHT="29">
							<String ID="string_174" HPOS="263" VPOS="863" WIDTH="34" HEIGHT="20" WC="0.94" CONTENT="Hr"/><SP WIDTH="24" VPOS="863" HPOS="297"/>
							<String ID="string_175" HPOS="321" VPOS="863" WIDTH="24" HEIGHT="21" WC="0.95" CONTENT="U."/><SP WIDTH="22" VPOS="863" HPOS="345"/>
							<String ID="string_176" HPOS="367" VPOS="863" WIDTH="147" HEIGHT="21" WC="0.80" CONTENT="Lindelöf:"/><SP WIDTH="30" VPOS="863" HPOS="514"/>
							<String ID="string_177" HPOS="544" VPOS="863" WIDTH="43" HEIGHT="28" WC="0.93" CONTENT="Jag"/><SP WIDTH="21" VPOS="863" HPOS="587"/>
							<String ID="string_178" HPOS="608" VPOS="863" WIDTH="94" HEIGHT="21" WC="0.96" CONTENT="önskade"/><SP WIDTH="16" VPOS="863" HPOS="702"/>
							<String ID="string_179" HPOS="718" VPOS="863" WIDTH="61" HEIGHT="28" WC="0.96" CONTENT="fråga"/><SP WIDTH="16" VPOS="863" HPOS="779"/>
							<String ID="string_180" HPOS="795" VPOS="863" WIDTH="27" HEIGHT="20" WC="0.93" CONTENT="de"/><SP WIDTH="16" VPOS="863" HPOS="822"/>
							<String ID="string_181" HPOS="838" VPOS="863" WIDTH="64" HEIGHT="20" WC="0.93" CONTENT="ärade"/><SP WIDTH="16" VPOS="863" HPOS="902"/>
							<String ID="string_182" HPOS="918" VPOS="862" WIDTH="100" HEIGHT="21" WC="0.82" CONTENT="medlem-"/>
						</TextLine>
						<TextLine ID="line_23" HPOS="192" VPOS="891" WIDTH="826" HEIGHT="28">
							<String ID="string_183" HPOS="192" VPOS="898" WIDTH="74" HEIGHT="13" WC="0.95" CONTENT="marna"/><SP WIDTH="21" VPOS="898" HPOS="266"/>
							<String ID="string_184" HPOS="287" VPOS="891" WIDTH="23" HEIGHT="20" WC="0.93" CONTENT="af"/><SP WIDTH="16" VPOS="891" HPOS="310"/>
							<String ID="string_185" HPOS="326" VPOS="891" WIDTH="242" HEIGHT="26" WC="0.90" CONTENT="Kommunalutskoitet,"/><SP WIDTH="15" VPOS="891" HPOS="568"/>
							<String ID="string_186" HPOS="583" VPOS="892" WIDTH="54" HEIGHT="20" WC="0.96" CONTENT="huru"/><SP WIDTH="15" VPOS="892" HPOS="637"/>
							<String ID="string_187" HPOS="652" VPOS="899" WIDTH="28" HEIGHT="13" WC="0.96" CONTENT="nu"/><SP WIDTH="16" VPOS="899" HPOS="680"/>
							<String ID="string_188" HPOS="696" VPOS="891" WIDTH="99" HEIGHT="28" WC="0.93" CONTENT="gällande"/><SP WIDTH="16" VPOS="891" HPOS="795"/>
							<String ID="string_189" HPOS="811" VPOS="891" WIDTH="207" HEIGHT="21" WC="0.84" CONTENT="kommunalförfatt-"/>
						</TextLine>
						<TextLine ID="line_24" HPOS="193" VPOS="919" WIDTH="825" HEIGHT="50">
							<String ID="string_190" HPOS="193" VPOS="921" WIDTH="66" HEIGHT="31" WC="0.93" CONTENT="nings"/><SP WIDTH="14" VPOS="921" HPOS="259"/>
							<String ID="string_191" HPOS="273" VPOS="919" WIDTH="185" HEIGHT="28" WC="0.92" CONTENT="spräkstadgande"/><SP WIDTH="16" VPOS="919" HPOS="458"/>
							<String ID="string_192" HPOS="474" VPOS="921" WIDTH="54" HEIGHT="20" WC="0.93" CONTENT="skall"/><SP WIDTH="15" VPOS="921" HPOS="528"/>
							<String ID="string_193" HPOS="543" VPOS="921" WIDTH="85" HEIGHT="20" WC="0.94" CONTENT="förstås."/><SP WIDTH="30" VPOS="921" HPOS="628"/>
							<String ID="string_194" HPOS="658" VPOS="920" WIDTH="74" HEIGHT="27" WC="0.62" CONTENT="Enligt"/><SP WIDTH="16" VPOS="920" HPOS="732"/>
							<String ID="string_195" HPOS="748" VPOS="921" WIDTH="47" HEIGHT="48" WC="0.4" CONTENT="ah"/><SP WIDTH="12" VPOS="921" HPOS="795"/>
							<String ID="string_196" HPOS="807" VPOS="919" WIDTH="139" HEIGHT="22" WC="0.52" CONTENT="Törmenande"/><SP WIDTH="11" VPOS="919" HPOS="946"/>
							<String ID="string_197" HPOS="957" VPOS="919" WIDTH="61" HEIGHT="21" WC="0.96" CONTENT="råder"/>
						</TextLine>
						<TextLine ID="line_25" HPOS="192" VPOS="948" WIDTH="825" HEIGHT="28">
							<String ID="string_198" HPOS="192" VPOS="948" WIDTH="39" HEIGHT="20" WC="0.95" CONTENT="här"/><SP WIDTH="22" VPOS="948" HPOS="231"/>
							<String ID="string_199" HPOS="253" VPOS="949" WIDTH="65" HEIGHT="26" WC="0.95" CONTENT="ingen"/><SP WIDTH="22" VPOS="949" HPOS="318"/>
							<String ID="string_200" HPOS="340" VPOS="948" WIDTH="94" HEIGHT="21" WC="0.96" CONTENT="harmoni"/><SP WIDTH="23" VPOS="948" HPOS="434"/>
							<String ID="string_201" HPOS="457" VPOS="949" WIDTH="75" HEIGHT="20" WC="0.96" CONTENT="mellan"/><SP WIDTH="22" VPOS="949" HPOS="532"/>
							<String ID="string_202" HPOS="554" VPOS="949" WIDTH="73" HEIGHT="20" WC="0.96" CONTENT="början"/><SP WIDTH="16" VPOS="949" HPOS="627"/>
							<String ID="string_203" HPOS="643" VPOS="949" WIDTH="40" HEIGHT="20" WC="0.96" CONTENT="och"/><SP WIDTH="16" VPOS="949" HPOS="683"/>
							<String ID="string_204" HPOS="699" VPOS="949" WIDTH="54" HEIGHT="20" WC="0.93" CONTENT="slutet."/><SP WIDTH="46" VPOS="949" HPOS="753"/>
							<String ID="string_205" HPOS="799" VPOS="948" WIDTH="134" HEIGHT="28" WC="0.92" CONTENT="Stadgandet"/><SP WIDTH="14" VPOS="948" HPOS="933"/>
							<String ID="string_206" HPOS="947" VPOS="948" WIDTH="70" HEIGHT="27" WC="0.92" CONTENT="lyder:"/>
						</TextLine>
						<TextLine ID="line_26" HPOS="194" VPOS="952" WIDTH="824" HEIGHT="53">
							<String ID="string_207" HPOS="194" VPOS="977" WIDTH="53" HEIGHT="20" WC="0.85" CONTENT="&gt;och"/><SP WIDTH="26" VPOS="977" HPOS="247"/>
							<String ID="string_208" HPOS="273" VPOS="966" WIDTH="38" HEIGHT="31" WC="0.89" CONTENT="bör"/><SP WIDTH="22" VPOS="966" HPOS="311"/>
							<String ID="string_209" HPOS="333" VPOS="977" WIDTH="40" HEIGHT="20" WC="0.96" CONTENT="slik"/><SP WIDTH="22" VPOS="977" HPOS="373"/>
							<String ID="string_210" HPOS="395" VPOS="977" WIDTH="126" HEIGHT="27" WC="0.96" CONTENT="kungörelse"/><SP WIDTH="19" VPOS="977" HPOS="521"/>
							<String ID="string_211" HPOS="540" VPOS="977" WIDTH="96" HEIGHT="21" WC="0.93" CONTENT="utfärdas"/><SP WIDTH="22" VPOS="977" HPOS="636"/>
							<String ID="string_212" HPOS="658" VPOS="977" WIDTH="11" HEIGHT="21" WC="0.88" CONTENT="å"/><SP WIDTH="15" VPOS="977" HPOS="669"/>
							<String ID="string_213" HPOS="684" VPOS="977" WIDTH="37" HEIGHT="20" WC="0.96" CONTENT="det"/><SP WIDTH="15" VPOS="977" HPOS="721"/>
							<String ID="string_214" HPOS="736" VPOS="952" WIDTH="64" HEIGHT="53" WC="0.91" CONTENT="språk"/><SP WIDTH="15" VPOS="952" HPOS="800"/>
							<String ID="string_215" HPOS="815" VPOS="977" WIDTH="92" HEIGHT="21" WC="0.96" CONTENT="flertalet"/><SP WIDTH="15" VPOS="977" HPOS="907"/>
							<String ID="string_216" HPOS="922" VPOS="977" WIDTH="22" HEIGHT="20" WC="0.92" CONTENT="af"/><SP WIDTH="11" VPOS="977" HPOS="944"/>
							<String ID="string_217" HPOS="955" VPOS="972" WIDTH="63" HEIGHT="25" WC="0.91" CONTENT="kom-"/>
						</TextLine>
						<TextLine ID="line_27" HPOS="192" VPOS="1005" WIDTH="826" HEIGHT="28">
							<String ID="string_218" HPOS="192" VPOS="1013" WIDTH="91" HEIGHT="13" WC="0.92" CONTENT="munens"/><SP WIDTH="17" VPOS="1013" HPOS="283"/>
							<String ID="string_219" HPOS="300" VPOS="1005" WIDTH="135" HEIGHT="21" WC="0.96" CONTENT="medlemmar"/><SP WIDTH="17" VPOS="1005" HPOS="435"/>
							<String ID="string_220" HPOS="452" VPOS="1006" WIDTH="107" HEIGHT="27" WC="0.96" CONTENT="begagnar"/><SP WIDTH="10" VPOS="1006" HPOS="559"/>
							<String ID="string_221" HPOS="569" VPOS="1007" WIDTH="71" HEIGHT="20" WC="0.95" CONTENT="samt"/><SP WIDTH="-5" VPOS="1007" HPOS="640"/>
							<String ID="string_222" HPOS="635" VPOS="1001" WIDTH="12" HEIGHT="36" WC="0.96" CONTENT="i"/><SP WIDTH="6" VPOS="1001" HPOS="647"/>
							<String ID="string_223" HPOS="653" VPOS="1005" WIDTH="26" HEIGHT="21" WC="0.96" CONTENT="de"/><SP WIDTH="16" VPOS="1005" HPOS="679"/>
							<String ID="string_224" HPOS="695" VPOS="1006" WIDTH="130" HEIGHT="25" WC="0.96" CONTENT="kommuner,"/><SP WIDTH="12" VPOS="1006" HPOS="825"/>
							<String ID="string_225" HPOS="837" VPOS="1005" WIDTH="38" HEIGHT="21" WC="0.96" CONTENT="der"/><SP WIDTH="10" VPOS="1005" HPOS="875"/>
							<String ID="string_226" HPOS="885" VPOS="1005" WIDTH="59" HEIGHT="21" WC="0.93" CONTENT="såväl"/><SP WIDTH="11" VPOS="1005" HPOS="944"/>
							<String ID="string_227" HPOS="955" VPOS="1012" WIDTH="63" HEIGHT="14" WC="0.92" CONTENT="sven-"/>
						</TextLine>
						<TextLine ID="line_28" HPOS="193" VPOS="1033" WIDTH="825" HEIGHT="29">
							<String ID="string_228" HPOS="193" VPOS="1033" WIDTH="38" HEIGHT="21" WC="0.96" CONTENT="ska"/><SP WIDTH="21" VPOS="1033" HPOS="231"/>
							<String ID="string_229" HPOS="252" VPOS="1041" WIDTH="47" HEIGHT="14" WC="0.96" CONTENT="som"/><SP WIDTH="20" VPOS="1041" HPOS="299"/>
							<String ID="string_230" HPOS="319" VPOS="1034" WIDTH="68" HEIGHT="21" WC="0.96" CONTENT="finska"/><SP WIDTH="16" VPOS="1034" HPOS="387"/>
							<String ID="string_231" HPOS="403" VPOS="1034" WIDTH="86" HEIGHT="28" WC="0.96" CONTENT="språket"/><SP WIDTH="15" VPOS="1034" HPOS="489"/>
							<String ID="string_232" HPOS="504" VPOS="1035" WIDTH="60" HEIGHT="25" WC="0.93" CONTENT="talas,"/><SP WIDTH="15" VPOS="1035" HPOS="564"/>
							<String ID="string_233" HPOS="579" VPOS="1034" WIDTH="13" HEIGHT="21" WC="0.92" CONTENT="å"/><SP WIDTH="16" VPOS="1034" HPOS="592"/>
							<String ID="string_234" HPOS="608" VPOS="1035" WIDTH="67" HEIGHT="27" WC="0.95" CONTENT="bägge"/><SP WIDTH="16" VPOS="1035" HPOS="675"/>
							<String ID="string_235" HPOS="691" VPOS="1034" WIDTH="62" HEIGHT="21" WC="0.96" CONTENT="dessa"/><SP WIDTH="16" VPOS="1034" HPOS="753"/>
							<String ID="string_236" HPOS="769" VPOS="1034" WIDTH="85" HEIGHT="27" WC="0.87" CONTENT="språk»."/><SP WIDTH="29" VPOS="1034" HPOS="854"/>
							<String ID="string_237" HPOS="883" VPOS="1034" WIDTH="42" HEIGHT="27" WC="0.95" CONTENT="Jag"/><SP WIDTH="15" VPOS="1034" HPOS="925"/>
							<String ID="string_238" HPOS="940" VPOS="1033" WIDTH="78" HEIGHT="21" WC="0.95" CONTENT="förstår"/>
						</TextLine>
						<TextLine ID="line_29" HPOS="192" VPOS="1062" WIDTH="825" HEIGHT="28">
							<String ID="string_239" HPOS="192" VPOS="1062" WIDTH="55" HEIGHT="25" WC="0.96" CONTENT="icke,"/><SP WIDTH="10" VPOS="1062" HPOS="247"/>
							<String ID="string_240" HPOS="257" VPOS="1062" WIDTH="54" HEIGHT="21" WC="0.96" CONTENT="huru"/><SP WIDTH="17" VPOS="1062" HPOS="311"/>
							<String ID="string_241" HPOS="328" VPOS="1070" WIDTH="47" HEIGHT="13" WC="0.96" CONTENT="man"/><SP WIDTH="18" VPOS="1070" HPOS="375"/>
							<String ID="string_242" HPOS="393" VPOS="1063" WIDTH="40" HEIGHT="20" WC="0.96" CONTENT="kan"/><SP WIDTH="18" VPOS="1063" HPOS="433"/>
							<String ID="string_243" HPOS="451" VPOS="1063" WIDTH="104" HEIGHT="21" WC="0.96" CONTENT="fastställa"/><SP WIDTH="16" VPOS="1063" HPOS="555"/>
							<String ID="string_244" HPOS="571" VPOS="1066" WIDTH="31" HEIGHT="17" WC="0.96" CONTENT="att"/><SP WIDTH="15" VPOS="1066" HPOS="602"/>
							<String ID="string_245" HPOS="617" VPOS="1063" WIDTH="128" HEIGHT="27" WC="0.96" CONTENT="kungörelse"/><SP WIDTH="16" VPOS="1063" HPOS="745"/>
							<String ID="string_246" HPOS="761" VPOS="1062" WIDTH="96" HEIGHT="21" WC="0.96" CONTENT="utfärdas"/><SP WIDTH="12" VPOS="1062" HPOS="857"/>
							<String ID="string_247" HPOS="869" VPOS="1062" WIDTH="28" HEIGHT="28" WC="0.96" CONTENT="på"/><SP WIDTH="10" VPOS="1062" HPOS="897"/>
							<String ID="string_248" HPOS="907" VPOS="1062" WIDTH="36" HEIGHT="21" WC="0.96" CONTENT="det"/><SP WIDTH="10" VPOS="1062" HPOS="943"/>
							<String ID="string_249" HPOS="953" VPOS="1062" WIDTH="64" HEIGHT="28" WC="0.96" CONTENT="språk"/>
						</TextLine>
						<TextLine ID="line_30" HPOS="191" VPOS="1090" WIDTH="826" HEIGHT="29">
							<String ID="string_250" HPOS="191" VPOS="1091" WIDTH="93" HEIGHT="20" WC="0.92" CONTENT="flertalet"/><SP WIDTH="15" VPOS="1091" HPOS="284"/>
							<String ID="string_251" HPOS="299" VPOS="1091" WIDTH="22" HEIGHT="20" WC="0.95" CONTENT="af"/><SP WIDTH="15" VPOS="1091" HPOS="321"/>
							<String ID="string_252" HPOS="336" VPOS="1091" WIDTH="139" HEIGHT="21" WC="0.96" CONTENT="kommunens"/><SP WIDTH="16" VPOS="1091" HPOS="475"/>
							<String ID="string_253" HPOS="491" VPOS="1091" WIDTH="137" HEIGHT="21" WC="0.96" CONTENT="medlemmar"/><SP WIDTH="18" VPOS="1091" HPOS="628"/>
							<String ID="string_254" HPOS="646" VPOS="1091" WIDTH="107" HEIGHT="28" WC="0.96" CONTENT="begagnar"/><SP WIDTH="15" VPOS="1091" HPOS="753"/>
							<String ID="string_255" HPOS="768" VPOS="1091" WIDTH="40" HEIGHT="21" WC="0.97" CONTENT="och"/><SP WIDTH="16" VPOS="1091" HPOS="808"/>
							<String ID="string_256" HPOS="824" VPOS="1091" WIDTH="28" HEIGHT="28" WC="0.96" CONTENT="på"/><SP WIDTH="15" VPOS="1091" HPOS="852"/>
							<String ID="string_257" HPOS="867" VPOS="1098" WIDTH="80" HEIGHT="14" WC="0.95" CONTENT="samma"/><SP WIDTH="15" VPOS="1098" HPOS="947"/>
							<String ID="string_258" HPOS="962" VPOS="1090" WIDTH="55" HEIGHT="28" WC="0.96" CONTENT="gång"/>
						</TextLine>
						<TextLine ID="line_31" HPOS="192" VPOS="1119" WIDTH="825" HEIGHT="28">
							<String ID="string_259" HPOS="192" VPOS="1119" WIDTH="77" HEIGHT="27" WC="0.94" CONTENT="stadga"/><SP WIDTH="22" VPOS="1119" HPOS="269"/>
							<String ID="string_260" HPOS="291" VPOS="1122" WIDTH="31" HEIGHT="18" WC="0.96" CONTENT="att"/><SP WIDTH="15" VPOS="1122" HPOS="322"/>
							<String ID="string_261" HPOS="337" VPOS="1121" WIDTH="6" HEIGHT="19" WC="0.96" CONTENT="i"/><SP WIDTH="17" VPOS="1121" HPOS="343"/>
							<String ID="string_262" HPOS="360" VPOS="1120" WIDTH="137" HEIGHT="27" WC="0.96" CONTENT="tvåspråkiga"/><SP WIDTH="19" VPOS="1120" HPOS="497"/>
							<String ID="string_263" HPOS="516" VPOS="1120" WIDTH="126" HEIGHT="21" WC="0.96" CONTENT="kommuner"/><SP WIDTH="15" VPOS="1120" HPOS="642"/>
							<String ID="string_264" HPOS="657" VPOS="1120" WIDTH="58" HEIGHT="21" WC="0.96" CONTENT="såväl"/><SP WIDTH="17" VPOS="1120" HPOS="715"/>
							<String ID="string_265" HPOS="732" VPOS="1120" WIDTH="37" HEIGHT="21" WC="0.96" CONTENT="det"/><SP WIDTH="15" VPOS="1120" HPOS="769"/>
							<String ID="string_266" HPOS="784" VPOS="1127" WIDTH="39" HEIGHT="14" WC="0.96" CONTENT="ena"/><SP WIDTH="16" VPOS="1127" HPOS="823"/>
							<String ID="string_267" HPOS="839" VPOS="1127" WIDTH="46" HEIGHT="14" WC="0.96" CONTENT="som"/><SP WIDTH="16" VPOS="1127" HPOS="885"/>
							<String ID="string_268" HPOS="901" VPOS="1119" WIDTH="36" HEIGHT="21" WC="0.96" CONTENT="det"/><SP WIDTH="16" VPOS="1119" HPOS="937"/>
							<String ID="string_269" HPOS="953" VPOS="1119" WIDTH="64" HEIGHT="21" WC="0.96" CONTENT="andra"/>
						</TextLine>
						<TextLine ID="line_32" HPOS="193" VPOS="1147" WIDTH="464" HEIGHT="29">
							<String ID="string_270" HPOS="193" VPOS="1147" WIDTH="89" HEIGHT="28" WC="0.96" CONTENT="språket"/><SP WIDTH="15" VPOS="1147" HPOS="282"/>
							<String ID="string_271" HPOS="297" VPOS="1148" WIDTH="54" HEIGHT="21" WC="0.96" CONTENT="skall"/><SP WIDTH="16" VPOS="1148" HPOS="351"/>
							<String ID="string_272" HPOS="367" VPOS="1149" WIDTH="83" HEIGHT="20" WC="0.96" CONTENT="komma"/><SP WIDTH="16" VPOS="1149" HPOS="450"/>
							<String ID="string_273" HPOS="466" VPOS="1149" WIDTH="31" HEIGHT="20" WC="0.96" CONTENT="till"/><SP WIDTH="16" VPOS="1149" HPOS="497"/>
							<String ID="string_274" HPOS="513" VPOS="1148" WIDTH="144" HEIGHT="28" WC="0.95" CONTENT="användning."/>
						</TextLine>
					</TextBlock>
				</ComposedBlock>
				<ComposedBlock ID="cblock_12" HPOS="191" VPOS="1204" WIDTH="827" HEIGHT="341">
					<TextBlock ID="block_3" HPOS="262" VPOS="1204" WIDTH="755" HEIGHT="29">
						<TextLine ID="line_33" HPOS="262" VPOS="1204" WIDTH="755" HEIGHT="29">
							<String ID="string_275" HPOS="262" VPOS="1205" WIDTH="58" HEIGHT="21" WC="0.89" CONTENT="Frih."/><SP WIDTH="16" VPOS="1205" HPOS="320"/>
							<String ID="string_276" HPOS="336" VPOS="1213" WIDTH="50" HEIGHT="13" WC="0.96" CONTENT="von"/><SP WIDTH="19" VPOS="1213" HPOS="386"/>
							<String ID="string_277" HPOS="405" VPOS="1205" WIDTH="73" HEIGHT="21" WC="0.96" CONTENT="Born:"/><SP WIDTH="17" VPOS="1205" HPOS="478"/>
							<String ID="string_278" HPOS="495" VPOS="1205" WIDTH="75" HEIGHT="22" WC="0.96" CONTENT="Såsom"/><SP WIDTH="17" VPOS="1205" HPOS="570"/>
							<String ID="string_279" HPOS="587" VPOS="1213" WIDTH="49" HEIGHT="13" WC="0.96" CONTENT="svar"/><SP WIDTH="16" VPOS="1213" HPOS="636"/>
							<String ID="string_280" HPOS="652" VPOS="1205" WIDTH="27" HEIGHT="28" WC="0.96" CONTENT="pä"/><SP WIDTH="11" VPOS="1205" HPOS="679"/>
							<String ID="string_281" HPOS="690" VPOS="1205" WIDTH="39" HEIGHT="21" WC="0.96" CONTENT="den"/><SP WIDTH="12" VPOS="1205" HPOS="729"/>
							<String ID="string_282" HPOS="741" VPOS="1205" WIDTH="75" HEIGHT="28" WC="0.96" CONTENT="gjorda"/><SP WIDTH="13" VPOS="1205" HPOS="816"/>
							<String ID="string_283" HPOS="829" VPOS="1205" WIDTH="103" HEIGHT="28" WC="0.96" CONTENT="befogade"/><SP WIDTH="11" VPOS="1205" HPOS="932"/>
							<String ID="string_284" HPOS="943" VPOS="1204" WIDTH="74" HEIGHT="28" WC="0.96" CONTENT="frågan"/>
						</TextLine>
					</TextBlock>
					<TextBlock ID="block_4" HPOS="191" VPOS="1233" WIDTH="827" HEIGHT="279">
						<TextLine ID="line_34" HPOS="192" VPOS="1233" WIDTH="826" HEIGHT="28">
							<String ID="string_285" HPOS="192" VPOS="1233" WIDTH="34" HEIGHT="21" WC="0.96" CONTENT="får"/><SP WIDTH="23" VPOS="1233" HPOS="226"/>
							<String ID="string_286" HPOS="249" VPOS="1234" WIDTH="36" HEIGHT="27" WC="0.96" CONTENT="jag"/><SP WIDTH="22" VPOS="1234" HPOS="285"/>
							<String ID="string_287" HPOS="307" VPOS="1233" WIDTH="96" HEIGHT="21" WC="0.96" CONTENT="meddela"/><SP WIDTH="24" VPOS="1233" HPOS="403"/>
							<String ID="string_288" HPOS="427" VPOS="1238" WIDTH="37" HEIGHT="21" WC="0.96" CONTENT="att,"/><SP WIDTH="22" VPOS="1238" HPOS="464"/>
							<String ID="string_289" HPOS="486" VPOS="1234" WIDTH="28" HEIGHT="21" WC="0.96" CONTENT="då"/><SP WIDTH="14" VPOS="1234" HPOS="514"/>
							<String ID="string_290" HPOS="528" VPOS="1234" WIDTH="37" HEIGHT="21" WC="0.96" CONTENT="det"/><SP WIDTH="16" VPOS="1234" HPOS="565"/>
							<String ID="string_291" HPOS="581" VPOS="1235" WIDTH="55" HEIGHT="20" WC="0.96" CONTENT="varit"/><SP WIDTH="20" VPOS="1235" HPOS="636"/>
							<String ID="string_292" HPOS="656" VPOS="1234" WIDTH="38" HEIGHT="21" WC="0.96" CONTENT="sed"/><SP WIDTH="16" VPOS="1234" HPOS="694"/>
							<String ID="string_293" HPOS="710" VPOS="1235" WIDTH="56" HEIGHT="20" WC="0.93" CONTENT="inom"/><SP WIDTH="17" VPOS="1235" HPOS="766"/>
							<String ID="string_294" HPOS="783" VPOS="1234" WIDTH="235" HEIGHT="21" WC="0.91" CONTENT="Kommunalutskottet"/>
						</TextLine>
						<TextLine ID="line_35" HPOS="191" VPOS="1262" WIDTH="825" HEIGHT="26">
							<String ID="string_295" HPOS="191" VPOS="1264" WIDTH="32" HEIGHT="18" WC="0.92" CONTENT="att"/><SP WIDTH="23" VPOS="1264" HPOS="223"/>
							<String ID="string_296" HPOS="246" VPOS="1262" WIDTH="84" HEIGHT="21" WC="0.91" CONTENT="skrifva"/><SP WIDTH="22" VPOS="1262" HPOS="330"/>
							<String ID="string_297" HPOS="352" VPOS="1264" WIDTH="130" HEIGHT="19" WC="0.96" CONTENT="reservation"/><SP WIDTH="22" VPOS="1264" HPOS="482"/>
							<String ID="string_298" HPOS="504" VPOS="1263" WIDTH="46" HEIGHT="20" WC="0.96" CONTENT="före"/><SP WIDTH="17" VPOS="1263" HPOS="550"/>
							<String ID="string_299" HPOS="567" VPOS="1262" WIDTH="141" HEIGHT="26" WC="0.95" CONTENT="betänkande,"/><SP WIDTH="15" VPOS="1262" HPOS="708"/>
							<String ID="string_300" HPOS="723" VPOS="1262" WIDTH="25" HEIGHT="22" WC="0.96" CONTENT="så"/><SP WIDTH="15" VPOS="1262" HPOS="748"/>
							<String ID="string_301" HPOS="763" VPOS="1265" WIDTH="23" HEIGHT="18" WC="0.96" CONTENT="är"/><SP WIDTH="15" VPOS="1265" HPOS="786"/>
							<String ID="string_302" HPOS="801" VPOS="1263" WIDTH="70" HEIGHT="20" WC="0.96" CONTENT="denna"/><SP WIDTH="16" VPOS="1263" HPOS="871"/>
							<String ID="string_303" HPOS="887" VPOS="1263" WIDTH="129" HEIGHT="20" WC="0.95" CONTENT="reservation"/>
						</TextLine>
						<TextLine ID="line_36" HPOS="191" VPOS="1290" WIDTH="827" HEIGHT="28">
							<String ID="string_304" HPOS="191" VPOS="1290" WIDTH="68" HEIGHT="21" WC="0.96" CONTENT="också"/><SP WIDTH="16" VPOS="1290" HPOS="259"/>
							<String ID="string_305" HPOS="275" VPOS="1290" WIDTH="24" HEIGHT="22" WC="0.96" CONTENT="så"/><SP WIDTH="15" VPOS="1290" HPOS="299"/>
							<String ID="string_306" HPOS="314" VPOS="1291" WIDTH="63" HEIGHT="27" WC="0.92" CONTENT="tidigt"/><SP WIDTH="16" VPOS="1291" HPOS="377"/>
							<String ID="string_307" HPOS="393" VPOS="1291" WIDTH="86" HEIGHT="21" WC="0.92" CONTENT="affattad"/><SP WIDTH="17" VPOS="1291" HPOS="479"/>
							<String ID="string_308" HPOS="496" VPOS="1294" WIDTH="31" HEIGHT="18" WC="0.93" CONTENT="att"/><SP WIDTH="15" VPOS="1294" HPOS="527"/>
							<String ID="string_309" HPOS="542" VPOS="1291" WIDTH="121" HEIGHT="21" WC="0.90" CONTENT="Ständerna"/><SP WIDTH="15" VPOS="1291" HPOS="663"/>
							<String ID="string_310" HPOS="678" VPOS="1291" WIDTH="27" HEIGHT="21" WC="0.97" CONTENT="då"/><SP WIDTH="16" VPOS="1291" HPOS="705"/>
							<String ID="string_311" HPOS="721" VPOS="1293" WIDTH="56" HEIGHT="19" WC="0.96" CONTENT="ännu"/><SP WIDTH="16" VPOS="1293" HPOS="777"/>
							<String ID="string_312" HPOS="793" VPOS="1291" WIDTH="48" HEIGHT="21" WC="0.96" CONTENT="icke"/><SP WIDTH="11" VPOS="1291" HPOS="841"/>
							<String ID="string_313" HPOS="852" VPOS="1291" WIDTH="55" HEIGHT="21" WC="0.93" CONTENT="hade"/><SP WIDTH="10" VPOS="1291" HPOS="907"/>
							<String ID="string_314" HPOS="917" VPOS="1290" WIDTH="101" HEIGHT="28" WC="0.91" CONTENT="handlagt"/>
						</TextLine>
						<TextLine ID="line_37" HPOS="191" VPOS="1308" WIDTH="826" HEIGHT="40">
							<String ID="string_315" HPOS="191" VPOS="1320" WIDTH="120" HEIGHT="26" WC="0.91" CONTENT="petitionen"/><SP WIDTH="22" VPOS="1320" HPOS="311"/>
							<String ID="string_316" HPOS="333" VPOS="1327" WIDTH="34" HEIGHT="13" WC="0.95" CONTENT="om"/><SP WIDTH="24" VPOS="1327" HPOS="367"/>
							<String ID="string_317" HPOS="391" VPOS="1320" WIDTH="53" HEIGHT="20" WC="0.96" CONTENT="båda"/><SP WIDTH="16" VPOS="1320" HPOS="444"/>
							<String ID="string_318" HPOS="460" VPOS="1320" WIDTH="103" HEIGHT="28" WC="0.93" CONTENT="språkens"/><SP WIDTH="16" VPOS="1320" HPOS="563"/>
							<String ID="string_319" HPOS="579" VPOS="1320" WIDTH="145" HEIGHT="27" WC="0.92" CONTENT="likställighet,"/><SP WIDTH="15" VPOS="1320" HPOS="724"/>
							<String ID="string_320" HPOS="739" VPOS="1320" WIDTH="41" HEIGHT="20" WC="0.96" CONTENT="och"/><SP WIDTH="15" VPOS="1320" HPOS="780"/>
							<String ID="string_321" HPOS="795" VPOS="1320" WIDTH="36" HEIGHT="20" WC="0.96" CONTENT="vid"/><SP WIDTH="17" VPOS="1320" HPOS="831"/>
							<String ID="string_322" HPOS="848" VPOS="1320" WIDTH="77" HEIGHT="20" WC="0.96" CONTENT="sådant"/><SP WIDTH="14" VPOS="1320" HPOS="925"/>
							<String ID="string_323" HPOS="939" VPOS="1308" WIDTH="78" HEIGHT="32" WC="0.91" CONTENT="förhål-"/>
						</TextLine>
						<TextLine ID="line_38" HPOS="191" VPOS="1336" WIDTH="826" HEIGHT="40">
							<String ID="string_324" HPOS="191" VPOS="1347" WIDTH="64" HEIGHT="21" WC="0.96" CONTENT="lande"/><SP WIDTH="25" VPOS="1347" HPOS="255"/>
							<String ID="string_325" HPOS="280" VPOS="1356" WIDTH="37" HEIGHT="12" WC="0.96" CONTENT="var"/><SP WIDTH="22" VPOS="1356" HPOS="317"/>
							<String ID="string_326" HPOS="339" VPOS="1348" WIDTH="37" HEIGHT="20" WC="0.96" CONTENT="det"/><SP WIDTH="23" VPOS="1348" HPOS="376"/>
							<String ID="string_327" HPOS="399" VPOS="1348" WIDTH="47" HEIGHT="21" WC="0.95" CONTENT="icke"/><SP WIDTH="23" VPOS="1348" HPOS="446"/>
							<String ID="string_328" HPOS="469" VPOS="1348" WIDTH="81" HEIGHT="28" WC="0.95" CONTENT="möjligt"/><SP WIDTH="22" VPOS="1348" HPOS="550"/>
							<String ID="string_329" HPOS="572" VPOS="1351" WIDTH="32" HEIGHT="17" WC="0.96" CONTENT="att"/><SP WIDTH="20" VPOS="1351" HPOS="604"/>
							<String ID="string_330" HPOS="624" VPOS="1337" WIDTH="81" HEIGHT="32" WC="0.96" CONTENT="förutse"/><SP WIDTH="14" VPOS="1337" HPOS="705"/>
							<String ID="string_331" HPOS="719" VPOS="1336" WIDTH="123" HEIGHT="33" WC="0.61" CONTENT="Chancerna"/><SP WIDTH="15" VPOS="1336" HPOS="842"/>
							<String ID="string_332" HPOS="857" VPOS="1348" WIDTH="34" HEIGHT="20" WC="0.96" CONTENT="för"/><SP WIDTH="16" VPOS="1348" HPOS="891"/>
							<String ID="string_333" HPOS="907" VPOS="1355" WIDTH="26" HEIGHT="13" WC="0.96" CONTENT="en"/><SP WIDTH="17" VPOS="1355" HPOS="933"/>
							<String ID="string_334" HPOS="950" VPOS="1348" WIDTH="67" HEIGHT="20" WC="0.96" CONTENT="bättre"/>
						</TextLine>
						<TextLine ID="line_39" HPOS="191" VPOS="1376" WIDTH="827" HEIGHT="28">
							<String ID="string_335" HPOS="191" VPOS="1376" WIDTH="116" HEIGHT="32" WC="0.90" CONTENT="affattning"/><SP WIDTH="23" VPOS="1376" HPOS="307"/>
							<String ID="string_336" HPOS="330" VPOS="1376" WIDTH="23" HEIGHT="21" WC="0.93" CONTENT="af"/><SP WIDTH="22" VPOS="1376" HPOS="353"/>
							<String ID="string_337" HPOS="375" VPOS="1377" WIDTH="133" HEIGHT="27" WC="0.91" CONTENT="stadgandet."/><SP WIDTH="29" VPOS="1377" HPOS="508"/>
							<String ID="string_338" HPOS="537" VPOS="1376" WIDTH="37" HEIGHT="22" WC="0.96" CONTENT="Nu"/><SP WIDTH="23" VPOS="1376" HPOS="574"/>
							<String ID="string_339" HPOS="597" VPOS="1377" WIDTH="41" HEIGHT="21" WC="0.96" CONTENT="kan"/><SP WIDTH="20" VPOS="1377" HPOS="638"/>
							<String ID="string_340" HPOS="658" VPOS="1376" WIDTH="36" HEIGHT="21" WC="0.92" CONTENT="det"/><SP WIDTH="14" VPOS="1376" HPOS="694"/>
							<String ID="string_341" HPOS="708" VPOS="1377" WIDTH="48" HEIGHT="21" WC="0.96" CONTENT="icke"/><SP WIDTH="16" VPOS="1377" HPOS="756"/>
							<String ID="string_342" HPOS="772" VPOS="1377" WIDTH="66" HEIGHT="21" WC="0.96" CONTENT="nekas"/><SP WIDTH="16" VPOS="1377" HPOS="838"/>
							<String ID="string_343" HPOS="854" VPOS="1379" WIDTH="31" HEIGHT="18" WC="0.96" CONTENT="att"/><SP WIDTH="15" VPOS="1379" HPOS="885"/>
							<String ID="string_344" HPOS="900" VPOS="1376" WIDTH="37" HEIGHT="20" WC="0.96" CONTENT="det"/><SP WIDTH="14" VPOS="1376" HPOS="937"/>
							<String ID="string_345" HPOS="951" VPOS="1376" WIDTH="67" HEIGHT="28" WC="0.96" CONTENT="ligger"/>
						</TextLine>
						<TextLine ID="line_40" HPOS="191" VPOS="1404" WIDTH="827" HEIGHT="29">
							<String ID="string_346" HPOS="191" VPOS="1412" WIDTH="26" HEIGHT="13" WC="0.94" CONTENT="en"/><SP WIDTH="24" VPOS="1412" HPOS="217"/>
							<String ID="string_347" HPOS="241" VPOS="1412" WIDTH="46" HEIGHT="13" WC="0.93" CONTENT="viss"/><SP WIDTH="23" VPOS="1412" HPOS="287"/>
							<String ID="string_348" HPOS="310" VPOS="1405" WIDTH="69" HEIGHT="27" WC="0.95" CONTENT="logisk"/><SP WIDTH="23" VPOS="1405" HPOS="379"/>
							<String ID="string_349" HPOS="402" VPOS="1406" WIDTH="126" HEIGHT="32" WC="0.96" CONTENT="motsägelse"/><SP WIDTH="24" VPOS="1406" HPOS="528"/>
							<String ID="string_350" HPOS="552" VPOS="1406" WIDTH="89" HEIGHT="20" WC="0.96" CONTENT="emellan"/><SP WIDTH="23" VPOS="1406" HPOS="641"/>
							<String ID="string_351" HPOS="664" VPOS="1405" WIDTH="26" HEIGHT="21" WC="0.93" CONTENT="de"/><SP WIDTH="22" VPOS="1405" HPOS="690"/>
							<String ID="string_352" HPOS="712" VPOS="1405" WIDTH="164" HEIGHT="34" WC="0.96" CONTENT="ifrågavarande"/><SP WIDTH="19" VPOS="1405" HPOS="876"/>
							<String ID="string_353" HPOS="895" VPOS="1404" WIDTH="85" HEIGHT="22" WC="0.96" CONTENT="delarna"/><SP WIDTH="16" VPOS="1404" HPOS="980"/>
							<String ID="string_354" HPOS="996" VPOS="1404" WIDTH="22" HEIGHT="21" WC="0.96" CONTENT="af"/>
						</TextLine>
						<TextLine ID="line_41" HPOS="191" VPOS="1432" WIDTH="827" HEIGHT="43">
							<String ID="string_355" HPOS="191" VPOS="1432" WIDTH="136" HEIGHT="34" WC="0.92" CONTENT="stadgandet,"/><SP WIDTH="22" VPOS="1432" HPOS="327"/>
							<String ID="string_356" HPOS="349" VPOS="1434" WIDTH="40" HEIGHT="20" WC="0.96" CONTENT="och"/><SP WIDTH="24" VPOS="1434" HPOS="389"/>
							<String ID="string_357" HPOS="413" VPOS="1437" WIDTH="43" HEIGHT="38" WC="0.91" CONTENT="tror"/><SP WIDTH="21" VPOS="1437" HPOS="456"/>
							<String ID="string_358" HPOS="477" VPOS="1435" WIDTH="35" HEIGHT="27" WC="0.92" CONTENT="jag"/><SP WIDTH="23" VPOS="1435" HPOS="512"/>
							<String ID="string_359" HPOS="535" VPOS="1434" WIDTH="73" HEIGHT="32" WC="0.92" CONTENT="derför"/><SP WIDTH="15" VPOS="1434" HPOS="608"/>
							<String ID="string_360" HPOS="623" VPOS="1437" WIDTH="31" HEIGHT="17" WC="0.97" CONTENT="att"/><SP WIDTH="16" VPOS="1437" HPOS="654"/>
							<String ID="string_361" HPOS="670" VPOS="1434" WIDTH="36" HEIGHT="20" WC="0.95" CONTENT="det"/><SP WIDTH="15" VPOS="1434" HPOS="706"/>
							<String ID="string_362" HPOS="721" VPOS="1436" WIDTH="23" HEIGHT="18" WC="0.96" CONTENT="är"/><SP WIDTH="15" VPOS="1436" HPOS="744"/>
							<String ID="string_363" HPOS="759" VPOS="1434" WIDTH="46" HEIGHT="21" WC="0.96" CONTENT="skäl"/><SP WIDTH="16" VPOS="1434" HPOS="805"/>
							<String ID="string_364" HPOS="821" VPOS="1434" WIDTH="34" HEIGHT="20" WC="0.96" CONTENT="för"/><SP WIDTH="15" VPOS="1434" HPOS="855"/>
							<String ID="string_365" HPOS="870" VPOS="1434" WIDTH="25" HEIGHT="20" WC="0.96" CONTENT="R."/><SP WIDTH="16" VPOS="1434" HPOS="895"/>
							<String ID="string_366" HPOS="911" VPOS="1441" WIDTH="19" HEIGHT="13" WC="0.96" CONTENT="o."/><SP WIDTH="15" VPOS="1441" HPOS="930"/>
							<String ID="string_367" HPOS="945" VPOS="1434" WIDTH="26" HEIGHT="20" WC="0.96" CONTENT="A."/><SP WIDTH="15" VPOS="1434" HPOS="971"/>
							<String ID="string_368" HPOS="986" VPOS="1437" WIDTH="32" HEIGHT="16" WC="0.97" CONTENT="att"/>
						</TextLine>
						<TextLine ID="line_42" HPOS="205" VPOS="1461" WIDTH="813" HEIGHT="23">
							<String ID="string_369" HPOS="192" VPOS="1468" WIDTH="51" HEIGHT="14" WC="0.94" CONTENT="göra"/><SP WIDTH="26" VPOS="1468" HPOS="243"/>
							<String ID="string_370" HPOS="269" VPOS="1461" WIDTH="57" HEIGHT="22" WC="0.88" CONTENT="hvad"/><SP WIDTH="285" VPOS="1461" HPOS="326"/>
							<String ID="string_371" HPOS="611" VPOS="1462" WIDTH="154" HEIGHT="28" WC="0.89" CONTENT="vedervågade,"/><SP WIDTH="26" VPOS="1462" HPOS="765"/>
							<String ID="string_372" HPOS="791" VPOS="1462" WIDTH="52" HEIGHT="20" WC="0.92" CONTENT="eller"/><SP WIDTH="22" VPOS="1462" HPOS="843"/>
							<String ID="string_373" HPOS="865" VPOS="1461" WIDTH="110" HEIGHT="23" WC="0.91" CONTENT="uppdraga"/><SP WIDTH="21" VPOS="1461" HPOS="975"/>
							<String ID="string_374" HPOS="996" VPOS="1461" WIDTH="22" HEIGHT="21" WC="0.96" CONTENT="åt"/>
						</TextLine>
						<TextLine ID="line_43" HPOS="215" VPOS="1470" WIDTH="801" HEIGHT="51">
							<String ID="string_375" HPOS="215" VPOS="1486" WIDTH="214" HEIGHT="35" WC="0.91" CONTENT="ommunalutskottet"/><SP WIDTH="9" VPOS="1486" HPOS="429"/>
							<String ID="string_376" HPOS="438" VPOS="1470" WIDTH="36" HEIGHT="41" WC="0.42" CONTENT="att"/><SP WIDTH="16" VPOS="1470" HPOS="474"/>
							<String ID="string_377" HPOS="490" VPOS="1490" WIDTH="47" HEIGHT="22" WC="0.92" CONTENT="med"/><SP WIDTH="31" VPOS="1490" HPOS="537"/>
							<String ID="string_378" HPOS="568" VPOS="1490" WIDTH="135" HEIGHT="22" WC="0.92" CONTENT="bibehällande"/><SP WIDTH="2" VPOS="1490" HPOS="703"/>
							<String ID="string_379" HPOS="705" VPOS="1482" WIDTH="37" HEIGHT="30" WC="0.93" CONTENT="af"/><SP WIDTH="15" VPOS="1482" HPOS="742"/>
							<String ID="string_380" HPOS="757" VPOS="1484" WIDTH="164" HEIGHT="28" WC="0.92" CONTENT="hufvudtanken"/><SP WIDTH="16" VPOS="1484" HPOS="921"/>
							<String ID="string_381" HPOS="937" VPOS="1491" WIDTH="7" HEIGHT="19" WC="0.96" CONTENT="i"/><SP WIDTH="6" VPOS="1491" HPOS="944"/>
							<String ID="string_382" HPOS="950" VPOS="1487" WIDTH="66" HEIGHT="23" WC="0.96" CONTENT="detta"/>
						</TextLine>
					</TextBlock>
					<TextBlock ID="block_5" HPOS="191" VPOS="1518" WIDTH="826" HEIGHT="27">
						<TextLine ID="line_44" HPOS="191" VPOS="1518" WIDTH="826" HEIGHT="27">
							<String ID="string_383" HPOS="191" VPOS="1518" WIDTH="120" HEIGHT="27" WC="0.95" CONTENT="stadgande"/><SP WIDTH="16" VPOS="1518" HPOS="311"/>
							<String ID="string_384" HPOS="327" VPOS="1519" WIDTH="114" HEIGHT="21" WC="0.95" CONTENT="formulera"/><SP WIDTH="16" VPOS="1519" HPOS="441"/>
							<String ID="string_385" HPOS="457" VPOS="1519" WIDTH="36" HEIGHT="21" WC="0.96" CONTENT="det"/><SP WIDTH="15" VPOS="1519" HPOS="493"/>
							<String ID="string_386" HPOS="508" VPOS="1519" WIDTH="30" HEIGHT="26" WC="0.96" CONTENT="sä,"/><SP WIDTH="16" VPOS="1519" HPOS="538"/>
							<String ID="string_387" HPOS="554" VPOS="1522" WIDTH="31" HEIGHT="18" WC="0.96" CONTENT="att"/><SP WIDTH="16" VPOS="1522" HPOS="585"/>
							<String ID="string_388" HPOS="601" VPOS="1519" WIDTH="37" HEIGHT="21" WC="0.93" CONTENT="det"/><SP WIDTH="15" VPOS="1519" HPOS="638"/>
							<String ID="string_389" HPOS="653" VPOS="1519" WIDTH="47" HEIGHT="21" WC="0.96" CONTENT="icke"/><SP WIDTH="16" VPOS="1519" HPOS="700"/>
							<String ID="string_390" HPOS="716" VPOS="1519" WIDTH="65" HEIGHT="21" WC="0.96" CONTENT="måtte"/><SP WIDTH="12" VPOS="1519" HPOS="781"/>
							<String ID="string_391" HPOS="793" VPOS="1519" WIDTH="72" HEIGHT="21" WC="0.93" CONTENT="kunna"/><SP WIDTH="11" VPOS="1519" HPOS="865"/>
							<String ID="string_392" HPOS="876" VPOS="1519" WIDTH="69" HEIGHT="21" WC="0.96" CONTENT="tolkas"/><SP WIDTH="12" VPOS="1519" HPOS="945"/>
							<String ID="string_393" HPOS="957" VPOS="1520" WIDTH="60" HEIGHT="20" WC="0.96" CONTENT="orätt."/>
						</TextLine>
					</TextBlock>
				</ComposedBlock>
				<Illustration ID="cblock_13" HPOS="351" VPOS="1465" WIDTH="232" HEIGHT="46"></Illustration>
			</PrintSpace>
		</Page>
	</Layout>
</alto>
