1117 1781
285 137 277 21 Kommunalförvaltningen
574 136 28 22 på
614 137 77 17 landet.
845 132 41 20 915

85 207 122 27 hållningen
229 207 68 20 finnas
320 206 135 28 tjenstehjon,
474 213 46 14 som
542 205 105 21 oberörda
669 205 24 21 af
714 205 70 21 tidens
805 205 112 22 väckelser

85 236 92 21 ledsamt
198 242 43 21 nog
263 236 57 19 ännu
343 234 34 21 stå
398 234 28 28 på
448 241 27 14 en
498 234 86 28 mycket
604 233 36 28 låg
659 234 57 21 nivå.
746 233 59 22 Utan
821 237 32 18 att
866 234 49 27 gå
905 229 15 38 i

86 264 71 28 detalj,
172 263 37 22 vill
225 264 35 27 jag
273 263 55 21 blott
343 263 69 21 erinra
427 270 35 14 om
477 262 27 21 de
519 263 57 27 hjon,
587 270 47 13 som
644 263 52 20 höra
706 263 33 20 till
748 262 42 21 den
799 263 24 20 så
832 263 83 27 vigtiga

86 291 285 29 ladugårdshushållningen.

154 349 34 21 Hr
227 349 125 21 Alexander
383 349 143 20 Aminoff:
571 348 43 21 Till
648 348 48 21 stöd
725 348 35 21 för
790 348 126 22 Utskottets

86 379 81 27 förslag
188 378 38 21 vill
247 378 36 27 jag
304 377 76 22 endast
400 377 33 21 till
451 377 43 26 det,
509 385 46 13 som
570 377 58 21 Frih.
644 385 44 13 von
703 377 59 20 Born
778 385 50 20 nyss
843 379 73 26 yttrat,

86 408 55 20 först
161 407 40 21 och
221 407 76 20 främst
317 406 90 21 hänvisa
428 406 32 21 till
482 406 27 21 de
530 405 24 22 af
573 405 115 22 Utskottet
707 405 28 28 på
754 405 39 22 sid.
809 407 27 20 14
851 405 65 21 fram-

86 436 77 25 hållna,
179 435 66 28 enligt
259 436 44 19 min
318 435 140 28 uppfattning
472 435 50 20 fullt
536 434 109 21 bindande
658 434 52 21 skäl.
729 434 50 21 Mot
790 435 127 20 reservatio-

87 472 42 14 nen
147 464 41 21 N:o
205 465 26 20 10
247 463 36 22 vill
299 464 36 27 jag
350 463 118 26 framhålla,
484 463 52 21 eller
551 463 122 28 egentligen
688 465 45 18 mot
747 465 170 23 reservanterne,

88 496 31 18 att
139 493 66 27 enligt
225 493 43 20 min
288 492 139 28 uppfattning
442 491 27 22 de
484 493 58 20 visat
557 499 25 13 en
598 491 83 28 ganska
697 494 44 18 stor
756 491 159 28 inkonseqvens

88 522 126 21 derutinnan
235 524 37 23 att,
293 520 77 21 medan
393 520 27 21 de
442 520 66 28 gifvit
528 521 95 26 lagstadt
645 520 130 28 tjenstehjon
796 520 28 28 på
843 519 74 21 landet

87 552 43 19 rätt
152 553 31 18 att
203 549 84 28 deltaga
307 550 7 20 i
334 549 224 21 kommunalstämmas
578 548 169 28 förhandlingar,
765 548 27 21 de
807 548 71 21 såsom
894 548 23 21 af

88 578 247 22 Kommunalutskottets
359 577 135 22 betänkande
516 577 42 21 N:o
581 579 19 24 2,
620 585 46 13 som
690 578 64 20 äfven
774 577 144 21 förekommer

89 608 28 28 på
132 607 79 28 dagens
227 606 219 28 föredragningslista,
461 606 99 27 framgår,
576 607 48 20 icke
640 609 71 18 ansett
726 605 66 22 sådan
807 607 43 20 rätt
865 605 52 21 böra

89 636 118 21 tillkomma
227 635 94 28 lagstadt
340 635 129 28 tjenstehjon
485 636 6 19 i
508 635 54 20 stad.
591 635 45 20 För
651 635 43 20 min
711 634 34 21 del
760 635 42 20 kan
816 635 35 27 jag
867 634 49 21 icke

89 669 39 22 tro,
143 667 32 18 att
190 663 269 28 bildningsständpurkten
476 663 40 22 och
527 663 41 21 den
582 663 170 28 medborgerliga
763 663 154 28 kompetensen

90 695 23 20 är
128 693 23 21 så
166 693 85 28 mycket
267 695 66 18 större
349 692 28 28 på
391 692 73 21 landet
479 694 26 19 än
522 693 6 20 i
544 692 106 21 städerna.
679 692 66 21 Emot
757 692 160 20 reservationen

90 722 37 21 vill
145 723 36 27 jag
202 721 108 21 dessutom
332 721 118 25 framhålla,
464 723 32 18 att
514 721 38 20 der
568 721 6 20 i
590 721 53 20 sista
659 721 85 28 stycket
759 720 114 21 förefinnes
890 727 26 13 en

88 751 81 21 faktisk
191 750 116 27 oriktighet
329 749 114 26 sätillvida,
466 752 32 18 att
520 749 37 21 vid
578 750 55 20 1863
660 749 34 21 ärs
716 748 103 28 landtdag
841 748 77 21 endast

91 782 31 18 ett
143 779 67 21 Ständ
233 778 116 21 förordade
371 778 40 21 den
435 778 22 21 af
478 781 162 18 reservanterne
659 777 122 28 föreslagna
796 779 121 19 rösträtten.

90 808 44 21 Det
153 815 39 13 var
207 806 168 28 Bondeständet,
395 814 46 13 som
459 807 74 27 gjorde
554 807 42 25 det,
617 814 49 13 men
686 807 69 20 säsom
770 805 65 22 redan
851 805 66 21 fram-

90 836 77 25 hållits,
191 835 40 22 och
253 835 70 22 såsom
348 843 48 13 man
418 835 23 21 af
461 835 204 28 tidningsreferaten
684 836 6 20 i
713 835 80 28 dagens
809 834 108 27 tidningar

90 865 82 21 kunnat
187 865 120 25 observera,
321 864 39 21 har
374 863 164 22 Bondeständet
554 864 36 21 vid
606 865 54 20 1897
672 863 35 22 års
717 863 103 28 landtdag
832 863 86 20 förenat

91 895 33 26 sig
135 901 33 13 om
178 893 124 22 Utskottets
314 893 134 20 betänkande
459 893 41 20 och
511 892 90 21 sålunda
611 892 97 28 frängätt
721 892 40 21 den
773 891 157 29 uppfattning,
922 887 11 38 .

90 929 46 14 som
158 923 54 20 1863
232 921 33 21 ärs
281 921 140 21 Bondeständ
436 921 62 26 hade,
514 921 40 21 och
570 921 88 21 hvilken
674 921 39 20 här
727 921 127 20 framhällits
870 927 47 14 som

91 953 31 18 ett
137 951 88 28 specielt
240 950 46 21 skäl
307 950 34 21 för
361 953 172 18 reservanternes
552 949 86 28 förslag.
669 949 44 21 För
727 950 44 20 min
786 949 34 21 del
836 949 82 28 hoppas

90 980 42 27 jag,
153 981 32 19 att
205 979 26 20 R.
251 986 19 13 o.
289 979 27 20 A.
332 978 184 28 fortsättningsvis
532 978 54 21 skall
601 978 67 21 hafva
684 985 80 14 samma
779 977 140 28 uppfattning

92 1015 45 14 som
152 1007 91 22 Ständet
258 1007 55 21 hade
329 1007 23 21 är
368 1008 61 20 1863.

159 1064 34 21 Hr
215 1064 28 21 K.
265 1064 112 21 Antell:
410 1064 42 27 Jag
474 1064 38 21 ber
536 1066 37 23 att,
594 1063 132 28 fullkomligt
753 1063 120 21 oberoende
895 1063 24 20 af

91 1093 57 21 hvad
171 1093 66 21 andra
259 1092 68 21 Ständ
349 1093 7 20 i
377 1092 70 21 denna
468 1092 38 21 sak
528 1092 94 26 beslutit,
642 1092 77 21 endast
733 1092 24 21 fä
772 1092 88 27 angifva
874 1092 44 20 min

90 1122 86 27 mening
197 1123 7 19 i
223 1121 82 28 frägan.
335 1121 42 28 Jag
394 1121 42 21 kan
458 1121 107 28 nämligen
585 1121 48 20 icke
652 1121 84 20 biträda
751 1128 26 13 en
792 1120 67 21 sädan
875 1120 44 20 för-

91 1150 90 28 ändring
197 1151 7 20 i
221 1149 152 27 betänkandet,
388 1152 31 19 att
431 1149 93 28 lagstadt
536 1149 131 28 tjenstehjon
678 1149 69 21 skulle
759 1149 92 21 tilldelas
864 1150 55 19 röst-

90 1181 43 19 rätt
147 1179 36 21 vid
200 1178 218 21 kommunalstämma.
445 1178 44 21 För
506 1179 44 27 mig
564 1177 67 22 verka
646 1177 39 22 här
699 1178 48 21 icke
763 1177 26 22 de
805 1177 52 26 skäl,
873 1184 46 13 som

91 1207 23 21 af
136 1207 66 28 några
225 1207 66 21 talare
316 1207 134 26 framhållits,
472 1207 107 27 nämligen
603 1209 32 18 att
656 1206 113 28 lagstadda
789 1205 129 29 tjenstehjon

91 1238 12 19 å
123 1236 65 28 priori
207 1235 68 21 skulle
294 1235 34 21 stä
343 1235 28 29 pä
385 1236 58 27 lägre
459 1235 164 28 bildningsgrad
644 1235 42 21 och
704 1235 83 21 således
803 1234 48 21 icke
867 1241 52 14 vara

91 1265 34 21 för
147 1264 67 21 sådan
233 1264 87 28 uppgift
335 1264 144 28 kompetenta.
508 1264 45 21 Det
568 1266 23 18 är
606 1264 49 20 icke
670 1264 67 21 fallet.
766 1264 103 21 Tvärtom
885 1263 34 21 stä

92 1294 26 20 de
136 1293 46 21 ofta
197 1300 42 20 nog
260 1293 29 28 på
308 1300 81 14 samma
409 1292 162 28 bildningsgrad
594 1300 46 13 som
652 1292 62 21 deras
729 1292 122 28 respektive
867 1291 52 21 hus-

91 1322 87 21 bönder.
207 1321 84 23 Vidare
306 1323 24 19 är
345 1321 36 21 det
402 1322 48 20 icke
466 1322 66 20 heller
547 1321 61 21 fallet
624 1323 32 19 att
671 1321 62 21 deras
748 1320 171 28 förmögenhets-

91 1351 70 21 vilkor
181 1351 7 20 i
209 1350 59 21 detta
287 1350 103 21 afseende
411 1350 69 21 skulle
507 1351 77 27 utgöra
604 1352 32 18 ett
658 1350 83 26 hinder,
762 1352 23 25 ty
803 1349 116 27 aflönings-

91 1379 162 21 förhållandena
268 1379 63 21 ställa
346 1380 33 26 sig
394 1386 43 20 nog
460 1378 30 28 så
504 1378 29 28 på
548 1378 74 21 landet
641 1380 32 19 att
692 1379 80 27 tjenare
792 1378 7 20 i
813 1377 28 21 de
857 1377 62 21 flesta

91 1408 39 21 fall
147 1408 84 21 komme
247 1410 31 18 att
297 1407 70 21 betala
382 1408 64 20 skatt.
475 1407 74 21 Äfven
566 1406 59 22 detta
640 1407 47 21 skäl
703 1407 67 21 finner
783 1407 36 28 jag
835 1405 84 22 således

91 1436 48 22 icke
154 1444 51 14 vara
221 1436 114 21 bindande.

159 1465 52 21 Men
230 1464 36 22 det
284 1464 91 22 återstår
393 1464 76 21 härvid
485 1471 27 14 en
527 1463 166 28 omständighet,
708 1463 42 21 den
765 1462 106 28 nämligen
887 1464 32 18 att

90 1493 113 27 lagstadda
217 1493 130 28 tjenstehjon
363 1492 34 22 stå
414 1494 7 19 i
436 1495 32 19 ett
485 1492 109 22 beroende
608 1491 136 22 förhållande
759 1492 30 20 till
806 1492 47 20 sina
867 1490 52 21 hus-

92 1521 85 22 bönder.
207 1522 66 21 Detta
292 1521 107 21 beroende
418 1522 42 20 kan
479 1522 7 20 i
506 1522 59 21 vissa
581 1521 38 21 fall
635 1520 77 21 hindra
728 1520 48 21 dem
791 1522 30 19 att
837 1519 81 21 besöka
