1117 1781
232 128 41 20 722
476 134 24 16 R.
514 139 18 11 o.
544 134 22 17 A.
580 135 56 17 1897.
660 135 28 16 30
700 134 63 21 April.

201 202 88 31 rättelse
312 210 34 13 om
367 203 26 21 R.
409 210 18 14 0.
442 203 40 21 A:s
503 202 138 22 förestående
662 203 71 21 beslut
747 203 70 21 skulle
832 202 109 22 meddelas
957 201 79 30 jemväl

203 231 168 22 Statsutskottet
385 239 77 20 genom
480 231 75 28 uidray
572 239 23 14 ur
611 231 138 29 protokollet.

539 438 162 28 Kyrkoarkiven.

274 494 122 29 Föredrogs

275 558 116 21 Allmänna
411 558 223 21 Petitionsutskottets
655 557 119 29 bordlagda
795 558 136 21 betänkande
950 557 42 22 N:o
1008 559 29 20 18

204 585 50 22 med
275 586 116 29 anledning
412 587 22 20 af
449 589 79 19 tvänne
544 587 57 20 inom
617 587 26 20 R.
659 594 18 13 0.
694 588 25 19 A.
735 589 56 18 samt
805 586 183 28 Borgareständet
1003 587 33 20 in-

204 615 62 28 gifna
287 615 185 28 petitionsförslag
494 623 34 13 om
551 615 99 28 åtgärder
670 615 34 21 för
722 615 171 28 kyrkoarkivens
909 615 127 28 skyddande

205 646 46 19 mot
265 643 130 22 förstörelse.

275 701 141 21 Diskussion:

275 758 35 21 Hr
333 757 26 22 G.
382 757 171 22 Schauman:
584 757 197 28 Genomläsningen
806 757 23 22 af
849 757 114 21 Allmänna
978 757 58 21 Peti-

205 787 176 21 tionsutskottets
403 787 140 21 förevarande
560 786 136 21 betänkande
711 787 39 20 har
765 786 87 28 bibragt
866 787 43 27 mig
925 786 41 21 den
981 793 56 21 upp-

206 815 129 28 fattningen,
358 818 31 18 att
412 815 114 21 Allmänna
548 815 213 21 Petitionsutskottet
782 815 35 21 för
840 815 33 21 sin
889 815 34 21 del
939 815 96 27 begärt
1024 811 15 36 i

205 843 77 28 frägan
305 844 34 19 för
361 844 52 26 litet,
433 844 66 21 andra
517 845 161 20 reservationen
694 843 46 22 äter
754 844 35 20 för
805 843 98 28 mycket;
919 851 33 13 om
968 843 68 21 första

205 873 163 20 reservationen
389 872 37 21 vill
446 873 35 28 jag
496 873 48 20 icke
559 872 39 21 alls
614 873 48 20 tala.
692 872 215 21 Petitionsutskottet
922 872 65 27 begär
1001 871 37 21 för

205 901 48 21 litet
269 901 68 28 enligt
351 901 44 21 min
411 901 65 21 tanke
492 901 24 21 sä
529 901 33 21 till
578 901 56 26 vida,
650 908 46 14 som
711 901 215 21 Petitionsutskottet
940 900 47 21 icke
998 900 38 21 vill

205 930 112 21 utsträcka
333 929 99 21 anhållan
448 937 34 14 om
497 929 116 28 utredning
628 931 7 19 i
650 931 72 20 ämnet
733 930 33 21 till
777 929 67 21 andra
855 929 110 28 offentliga
975 929 61 20 arkiv

206 960 27 19 än
249 957 166 28 kyrkoarkiven.
445 958 74 21 Andra
534 959 160 20 reservationen
711 958 66 28 begär
791 959 36 20 för
842 957 91 29 mycket,
949 957 27 21 dä
991 957 45 21 deri

205 986 92 21 föresläs
321 994 25 13 en
367 987 97 21 bestämd
479 987 95 28 riktning
589 987 35 20 för
639 987 41 21 den
696 987 123 28 utredning,
833 987 89 21 hvarom
938 985 99 22 anhällan

205 1017 70 26 göres.
305 1015 52 21 Med
381 1015 102 21 afseende
503 1015 13 21 &
536 1015 57 22 hvad
616 1016 36 27 jag
668 1015 89 22 sälunda
773 1016 5 21 i
795 1017 79 20 största
889 1014 86 21 korthet
989 1014 49 21 haft

206 1045 51 20 äran
279 1043 119 27 framhålla,
418 1044 40 21 och
473 1043 28 22 dä
515 1045 35 27 jag
565 1044 69 21 tillika
650 1051 63 14 anser
727 1047 32 18 att
774 1043 117 29 skyndsam
907 1042 132 28 behandling

206 1072 23 21 af
249 1072 78 28 frägan
343 1080 51 13 vore
410 1072 22 21 af
447 1072 76 27 nöden,
538 1072 24 21 sä
576 1073 81 20 tilläter
670 1073 36 28 jag
721 1074 44 27 mig
781 1073 80 20 föreslä
877 1075 31 18 att
923 1071 37 21 det
975 1071 62 28 Hög-

206 1101 73 28 lofliga
302 1101 91 21 Ständet
416 1101 65 21 mätte
502 1103 76 26 antaga
594 1101 225 22 Petitionsutskottets
835 1099 138 30 slutyrkande
988 1099 49 22 med

206 1129 68 21 sädan
295 1129 153 28 modifikation,
468 1133 31 18 att
514 1129 59 22 detta
588 1130 97 28 yrkande
700 1130 85 21 komme
801 1133 32 18 att
848 1129 79 21 erhälla
942 1128 97 28 följande

206 1157 93 29 lydelse:
316 1161 45 18 »att
376 1158 61 21 Hans
446 1159 121 27 Kejserliga
582 1159 103 28 Majestät
693 1159 50 21 ville
754 1161 50 26 taga
815 1159 7 20 i
833 1157 167 28 öfvervägande,
1010 1157 28 28 pä

207 1186 58 22 hvad
282 1189 43 19 sätt
339 1186 85 21 landets
439 1187 129 28 kyrkoarkiv
584 1187 40 21 och
640 1187 66 21 andra
722 1187 71 21 lokala
809 1187 62 21 arkiv
881 1186 48 21 med
941 1186 98 28 offentlig

207 1218 64 18 natur
286 1215 73 22 kunde
375 1215 69 22 bättre
460 1217 25 19 än
501 1215 105 22 härintills
621 1216 96 28 skyddas
733 1219 46 18 mot
789 1216 124 21 förstörelse
925 1215 40 21 och
975 1216 64 26 göras

207 1244 136 28 tillgängliga
363 1244 35 21 för
413 1244 140 28 forskningen
569 1247 55 19 samt
640 1245 95 21 derefter
749 1245 50 21 med
815 1245 38 21 det
867 1245 68 20 första
950 1243 88 29 vidtaga

207 1272 28 21 de
250 1272 107 28 åtgärder,
372 1280 46 14 som
433 1274 7 20 i
456 1273 76 21 sådant
548 1273 56 28 syfte
621 1273 94 21 befinnas
732 1281 53 14 vara
800 1273 133 29 päkallade.»

277 1301 11 21 I
311 1301 103 21 händelse
434 1301 130 22 Ständernas
585 1302 131 21 medverkan
736 1302 37 21 vid
793 1302 100 21 ärendets
909 1300 130 28 behandling

207 1331 57 19 ännu
286 1330 95 21 befinnes
403 1338 51 13 vara
476 1330 22 21 af
512 1330 77 26 nöden,
604 1330 25 22 så
644 1331 103 21 utesluter
763 1330 49 22 icke
827 1330 132 28 antagandet
974 1329 22 21 af
1012 1336 26 14 en

207 1358 68 21 sådan
297 1359 98 27 petition,
410 1366 45 14 som
470 1360 35 27 jag
520 1359 46 21 haft
581 1361 51 19 äran
647 1359 86 28 föreslå,
749 1362 32 18 att
796 1360 134 28 proposition
945 1359 7 20 i
968 1360 70 19 ämnet

207 1386 110 22 förelades
332 1387 248 21 nästsammanträdande
594 1387 98 22 Ständer.

277 1444 58 29 Frih,
359 1444 156 30 Carpelan:
545 1444 107 22 "Tacksam
673 1444 34 22 för
729 1445 38 21 det
788 1444 137 22 erkännande
941 1444 40 21 och
997 1444 41 20 den

206 1476 197 28 uppmärksamhet,
418 1480 46 14 som
479 1473 113 21 Utskottei
607 1474 79 20 skänki
696 1474 125 21 syliemälet
831 1473 50 21 med
891 1472 147 28 föroliggande

207 1501 196 28 petitionsförslag,
418 1502 42 20 kan
475 1502 36 28 jag
525 1502 67 21 likväl
607 1502 48 21 icke
670 1502 113 22 underläta
800 1505 31 18 att
846 1501 119 26 framhälla,
976 1501 64 21 huru-
