1117 1781
428 136 120 22 Jagtlagen.
836 132 41 20 865

79 206 65 22 hafva
160 213 79 13 samma
253 207 42 20 rätt
310 213 46 14 som
371 205 42 21 han
430 205 76 26 dertill,
521 205 49 21 icke
584 205 56 28 finge
652 205 95 28 begagna
759 206 34 27 sig
802 205 23 22 af
837 205 70 22 denna

79 237 43 19 rätt
143 237 50 18 utan
209 237 31 18 att
259 234 84 28 erlägga
359 241 26 14 en
401 234 64 26 skatt,
480 233 88 22 hvilken
583 234 49 21 icke
647 235 24 20 är
686 233 75 29 påförd
776 234 131 28 jordegaren.

80 264 41 27 Jag
136 270 62 13 anser
213 262 70 21 denna
298 263 159 27 inkonseqvens
468 263 6 20 i
488 262 124 22 Utskottets
625 262 81 28 förslag
717 270 50 13 vara
778 263 23 20 så
812 263 96 49 påtaglig

80 295 31 18 att
133 291 58 21 detta
206 291 81 28 förslag
302 291 47 21 icke
366 291 66 21 borde
453 291 72 21 kunna
546 291 148 26 understödas,
710 291 40 21 och
766 291 28 21 då
808 292 35 27 jag
858 299 33 13 me

81 320 112 21 Utskottet
207 321 24 20 är
245 319 49 22 fullt
307 327 50 14 ense
365 327 34 13 om
412 319 42 22 den
468 319 140 22 oinskränkta
620 319 126 28 eganderätt
759 327 25 14 en
796 320 111 28 jordegare

80 348 41 22 och
136 356 26 13 en
178 348 138 21 innehafvare
331 348 23 21 af
368 348 47 28 jord
430 348 39 21 har
484 348 32 21 till
532 348 122 21 afkomsten
670 348 24 21 af
708 349 31 20 sin
750 348 106 28 lägenhet,
867 349 40 21 och

80 377 83 21 således
181 377 66 21 också
266 377 31 21 till
317 377 52 21 derå
385 377 105 28 befintligt
505 377 111 26 villebråd,
631 377 42 21 kan
688 377 35 28 jag
738 377 47 21 icke
801 380 64 19 annat
880 379 27 19 än

80 407 5 20 i
110 406 133 27 konseqvens
265 405 48 22 med
337 405 123 22 Utskottets
481 413 54 20 egen
551 406 129 27 motivering
695 405 95 22 förkasta
805 406 103 27 förslaget

80 442 33 13 om
136 434 108 28 jagtskatt.
273 434 42 28 Jag
330 434 37 21 ber
382 434 63 21 alltsä
460 437 32 18 att
507 447 27 2 —
550 434 78 27 jemväl
644 435 6 20 i
667 434 122 28 anslutning
803 435 32 20 till
850 434 57 21 hvad

81 464 5 19 i
113 463 122 21 Utskottets
258 462 135 21 betänkande
418 463 12 20 &
454 463 54 20 sidd.
533 464 27 19 26
582 463 40 21 och
646 464 26 20 27
688 462 91 21 rörande
794 463 41 21 den
851 463 57 20 inom

80 491 114 22 Utskottet
208 492 6 20 i
232 491 69 21 denna
316 491 62 28 fräga
393 491 127 21 förekomna
536 491 148 21 minoritetens
699 491 56 28 äsigt
770 491 81 21 anförts
867 491 41 22 och

81 520 48 21 med
145 520 81 28 hänsyn
241 520 32 21 till
289 520 56 21 hvad
361 520 23 21 af
399 520 105 21 särskilda
520 520 66 21 talare
597 521 6 20 i
615 519 43 28 dag
667 523 76 25 yttrats
755 533 27 2 —
792 520 23 21 få
825 520 84 21 biträda

82 549 40 20 den
138 549 65 20 andra
219 552 170 17 reservationens
405 549 81 27 förslag
501 549 6 20 i
524 548 70 21 denna
610 548 40 21 del.

149 605 58 21 Frih.
230 613 41 13 von
288 605 91 21 Born:
410 605 12 21 I
437 605 137 28 konsegvens
590 605 48 22 med
654 605 57 22 hvad
726 606 35 27 jag
776 605 68 22 under
859 605 50 21 tidi-

81 641 50 20 gare
151 634 80 21 skeden
253 634 23 21 af
291 633 149 22 diskussionen
456 634 48 21 haft
519 636 50 19 äran
584 637 58 25 yttra
658 634 40 21 och
729 635 12 20 pä
755 634 68 28 grund
843 634 24 21 af
881 633 27 22 de

82 663 52 25 skäl,
156 670 45 13 som
217 663 82 20 anförts
328 662 9 21 af
352 662 63 21 bland
432 663 67 21 andra
514 663 34 21 Hr
564 663 74 21 Antell
654 663 40 21 och
732 663 59 21 Grefve
807 663 102 21 Manner-

81 691 61 26 heim,
165 691 37 21 ber
223 692 35 27 jag
279 691 22 21 fä
314 670 54 42 Vor
391 691 73 21 enkelt
482 691 85 21 ansluta
583 693 43 26 mig
640 691 33 21 till
689 691 47 21 nåd.
751 699 59 20 prop.
825 692 6 20 i
847 699 61 20 nyss-

82 719 89 22 berörda
193 720 101 21 afseende
317 720 40 21 och
381 719 91 22 föreslår
494 723 32 18 att
540 720 26 21 R.
582 727 18 14 o.
615 721 33 25 A.,
664 720 47 21 med
727 719 180 22 underkännande

82 748 22 21 af
126 748 123 22 Utskottets
272 748 138 28 formulering
433 749 23 20 af
478 751 9 19 1
505 756 62 13 mom.
584 749 40 21 och
638 749 48 20 med
702 749 77 27 nödiga
794 748 114 28 ändringar

82 777 22 20 af
118 777 95 28 följande
228 785 83 13 momm.
327 777 40 21 och
383 778 32 26 83,
431 777 51 21 ville
498 777 84 21 ansluta
598 778 33 27 sig
646 777 32 21 till
694 777 47 21 nåd.
750 785 58 20 prop.
822 777 86 26 derhän,

82 808 30 18 att
127 805 109 28 jordegare
252 806 43 21 lika
311 805 23 21 så
354 806 35 20 väl
405 813 45 14 som
466 806 74 28 hvarje
556 813 70 14 annan
641 807 7 20 i
664 805 72 22 landet
750 805 65 22 måtte
830 805 78 21 under-

82 834 71 21 kastas
168 835 108 27 jagtskatt.
305 834 56 21 Från
378 835 42 20 min
436 834 134 29 ståndpunkt
585 835 117 20 innefattar
717 834 58 21 detta
784 834 48 21 icke
843 833 66 29 något

82 862 152 28 medgifvande
249 876 26 2 -—
299 863 36 20 det
350 863 37 20 har
401 863 35 28 jag
451 863 39 21 har
505 863 66 21 redan
587 863 91 27 tidigare
692 865 65 26 yttrat
772 876 27 2 —
815 863 40 21 och
871 863 38 20 ber

81 891 19 28 jag
138 891 23 20 få
185 892 68 20 erinra
275 899 33 13 om
333 894 30 18 att
386 891 40 21 den
444 891 194 28 omständigheten,
658 894 31 18 att
704 891 111 22 Utskottet
830 891 78 21 skridit

82 920 23 20 till
136 922 31 18 ett
187 920 108 27 undantag
309 920 35 21 för
358 919 134 29 jordegaren,
507 920 115 27 ingalunda
638 920 97 21 härleder
751 921 32 26 sig
795 920 47 21 från
859 927 49 20 syn-

82 948 97 27 punkter,
201 956 45 13 som
267 949 109 20 framförts
392 948 48 21 från
456 949 60 20 detta
532 949 74 27 Stånd,
622 951 51 18 utan
691 949 60 20 beror
765 949 28 28 på
808 947 100 22 konside-

81 977 68 20 ration
171 977 23 20 af
216 977 131 28 synpunkter
366 978 7 19 i
392 980 30 18 ett
437 981 67 17 annat
518 977 75 21 Stånd.
623 977 42 28 Jag
680 980 44 18 tror
739 977 46 21 icke
801 977 37 21 det
853 976 55 21 skall

82 1005 62 21 lända
157 1005 76 21 sakens
249 1005 112 28 framgång
375 1006 32 21 till
422 1005 74 27 skada,
515 1013 34 14 om
561 1006 26 21 R.
603 1013 19 14 o.
638 1007 26 20 A.
680 1005 102 22 stannade
797 1005 36 21 vid
849 1005 59 21 detta

82 1033 75 28 beslut,
179 1041 45 14 som
248 1034 160 28 otvifvelaktigt
430 1036 24 19 är
472 1037 56 18 mest
543 1035 140 27 konsegvent.
712 1034 41 28 Jag
768 1034 94 21 anhäller
877 1036 32 19 att

82 1062 67 21 blifva
164 1063 6 20 i
186 1063 47 20 mitt
248 1063 116 21 understöd
381 1063 22 20 af
417 1063 49 20 näd.
482 1071 60 20 prop.
559 1063 116 27 behörigen
691 1062 135 21 understödd.

150 1119 57 21 Frih.
230 1120 25 20 R.
276 1120 26 21 A.
327 1119 107 22 Wrede:
465 1119 75 22 Ehuru
559 1121 35 27 jag
617 1120 35 21 för
667 1121 42 20 min
725 1120 34 21 del
775 1120 48 21 icke
841 1120 68 21 fäster

83 1148 68 27 nägon
173 1148 24 21 sä
219 1151 44 18 stor
285 1149 45 27 vigt
346 1148 37 21 vid
399 1148 40 21 den
455 1149 123 27 föreslagna
593 1149 130 28 jagtskatten
739 1151 31 18 att
784 1149 35 28 jag
839 1148 69 21 skulle

83 1184 50 13 anse
148 1177 113 27 förslagets
276 1177 168 27 genomförande
460 1177 52 21 eller
525 1177 95 21 fallande
633 1185 51 13 vara
696 1177 23 21 af
729 1178 108 27 synnerlig
847 1177 60 27 bety-

83 1205 64 26 delse,
171 1205 24 20 sä
218 1205 37 21 ber
276 1207 35 26 jag
334 1205 56 22 dock
405 1206 6 20 i
427 1205 117 28 anledning
560 1206 22 20 af
598 1206 26 21 de
640 1206 119 27 yttranden,
774 1213 45 14 som
835 1207 73 19 senast

84 1233 96 28 afgifvits
204 1237 44 17 mot
271 1233 123 23 Utskottets
416 1234 88 28 förslag,
527 1237 31 18 att
573 1234 24 21 fä
611 1236 53 26 göra
679 1234 65 28 nägra
760 1233 148 29 päminnelser.

84 1262 34 21 Dä
133 1270 47 13 man
195 1262 54 21 talat
263 1270 34 13 om
313 1263 41 21 den
370 1264 109 25 orättvisa,
495 1270 45 14 som
556 1263 68 28 ligger
640 1263 45 21 deri
700 1266 31 18 att
745 1263 41 21 den
795 1263 113 21 obesuttna

84 1291 159 27 befolkningen,
258 1299 45 13 som
319 1292 5 20 i
341 1292 72 27 regeln
428 1293 24 19 är
467 1292 43 20 den
526 1292 117 27 fattigaste,
659 1292 67 20 skulle
742 1292 79 27 nödgas
838 1291 70 21 betala

84 1327 25 13 en
126 1320 62 25 skatt,
203 1320 34 20 för
252 1320 86 21 hvilken
353 1320 127 28 jordegaren
497 1320 69 21 skulle
582 1328 51 14 vara
644 1320 34 26 fri,
690 1320 65 21 ehuru
765 1320 41 21 han
817 1320 7 20 i
835 1320 72 28 regeln

85 1348 37 20 bör
137 1348 65 21 hafva
218 1348 68 21 bättre
302 1348 37 21 räd
356 1352 31 17 att
403 1349 70 21 betala
490 1348 130 28 densamma,
636 1348 24 22 sä
670 1349 91 21 förbiser
772 1356 47 13 man
832 1348 76 28 mänga

84 1376 186 28 omständigheter.
300 1377 64 21 Först
379 1377 40 21 och
434 1377 78 21 främst
527 1377 95 21 kommer
634 1377 64 21 äfven
709 1378 66 27 enligt
785 1377 123 22 Utskottets

84 1405 80 28 förslag
181 1406 126 28 jordegaren
326 1407 6 19 i
355 1406 26 20 de
406 1406 60 21 flesta
482 1406 38 20 fall
536 1409 32 17 att
583 1406 70 20 betala
669 1406 62 26 skatt,
746 1409 23 25 ty
784 1406 26 21 de
825 1406 45 25 fall,
881 1405 27 21 dä

83 1434 125 28 jordegaren
224 1442 51 13 vore
291 1435 6 19 i
313 1434 82 21 tillfälle
411 1437 31 18 att
453 1434 117 21 inskränka
580 1435 73 27 jagten
664 1434 31 21 till
707 1435 36 20 sitt
756 1437 48 25 eget
816 1434 92 26 område,

86 1462 69 21 blefve
178 1462 45 21 helt
245 1463 71 21 säkert
338 1462 166 28 undantagsfall.
533 1462 51 22 Han
606 1464 24 20 är
651 1463 28 21 fri
699 1463 47 21 från
761 1463 58 21 skatt
833 1462 76 22 endast

84 1490 34 20 för
139 1492 44 26 jagt
203 1491 13 21 &
239 1492 36 20 sitt
297 1494 48 25 eget
366 1491 86 21 område
467 1492 42 20 och
526 1492 11 20 å
552 1491 38 21 det
604 1491 111 26 villebråd,
730 1499 44 13 som
791 1491 38 21 der
843 1498 66 21 uppe-

84 1518 66 22 häller
165 1520 37 27 sig.
220 1519 83 22 Vidare
318 1522 23 18 är
356 1520 37 20 det
407 1520 21 28 ju
440 1523 31 18 att
482 1520 79 27 märka,
572 1520 70 21 säsom
654 1520 65 21 ocksä
729 1520 56 21 Frih.
796 1527 41 14 von
849 1520 58 20 Born

817 1560 21 17 55
