1117 1781
273 139 279 21 Kommunalförvaltningen
564 138 28 22 på
603 138 78 18 landet.
838 134 41 20 891

434 235 118 23 Utskotten.

147 299 75 28 Enligt
239 301 32 19 ett
289 299 48 21 från
358 298 102 22 Ståndets
483 298 85 22 valmän
583 298 103 29 ingånget
701 298 112 29 protokoll,
830 297 78 22 under-

78 327 103 22 tecknadt
196 327 23 22 af
235 328 25 21 19
276 327 65 22 bland
357 327 55 26 dem,
426 327 57 22 hade
498 329 78 19 utsetts

147 391 32 21 till
190 391 123 28 ytterligare
324 391 153 28 suppleanter
473 385 12 38 i
488 391 230 27 Justeringsutskottet
727 389 44 22 Hrr
781 389 25 22 B.
820 390 89 22 Wasa-

78 421 103 28 stjerna
199 419 49 22 med
265 421 26 20 18
306 421 69 20 röster
389 419 42 22 och
446 427 53 14 von
514 419 147 22 Rehausen
676 418 49 22 med
741 419 25 20 17
782 420 77 25 röster;

147 477 33 21 till
207 477 113 28 suppleant
348 477 6 20 i
381 477 216 21 FEkonomiutskottet
621 463 17 34 i
656 479 25 19 st.
707 476 16 21 £
748 476 34 21 Hr
804 477 27 21 A.
853 483 55 14 von

79 506 159 28 Knorring,
260 513 45 14 som
328 505 127 22 äterlemnat
479 505 82 29 pollett,
583 505 35 22 Hr
632 505 18 22 I.
669 505 132 26 Wahren,
816 504 49 22 med
881 505 26 20 19

78 536 79 25 röster;
172 538 55 18 samt

147 597 32 22 till
202 597 136 29 syppleanter
360 598 7 20 i
389 597 57 28 Lag-
466 597 42 21 och
523 596 214 22 Ekonomiutskottet
752 596 35 21 Hr
801 596 25 21 E.
841 595 66 22 Est-

79 625 105 22 lander
199 633 33 14 med
264 627 26 20 18
306 626 41 21 och
361 625 57 22 Frih.
434 625 29 22 H.
479 633 55 14 von
553 625 123 22 Hellens
690 625 48 22 med
755 625 26 21 10
796 627 73 19 röster.

289 799 274 27 Kommunalförvaltningen
580 797 26 29 pä
622 798 76 23 landet.

147 862 43 22 Till
205 862 59 21 detta
279 862 86 29 plenum
380 862 55 21 hade
451 861 111 29 bordlagts
578 861 41 22 och
632 861 111 28 föredrogs

147 919 248 22 Kommunalutskottets
416 919 137 22 betänkande
571 919 43 22 N:o
638 920 11 21 1
670 920 7 20 i
692 918 115 28 anledning
821 918 24 21 af
859 917 49 22 näd.

80 955 59 22 prop.
161 948 42 21 N:o
225 949 13 20 6
261 948 110 29 angäende
394 948 129 28 förordning
545 955 34 14 om
602 947 257 28 kommunalförvaltning
880 947 29 28 pä

79 977 78 21 landet.

148 1034 57 21 Frih.
228 1041 54 14 von
301 1034 118 21 Kothen
440 1034 73 21 anhöll
534 1035 7 20 i
562 1034 71 21 denna
651 1034 62 28 fråga
727 1034 55 21 först
796 1041 35 13 om
847 1032 61 22 ordet

77 1063 44 21 och
140 1062 93 29 yttrade:
263 1062 48 23 Vid
332 1063 174 28 genomgäendet
528 1063 23 21 af
566 1071 29 13 nu
610 1062 147 29 föreliggande
773 1061 134 22 betänkande

79 1091 40 22 har
140 1091 60 22 såväl
224 1092 58 20 inom
304 1091 114 22 Utskottet
436 1092 7 20 i
465 1092 34 21 sin
521 1091 73 22 helhet
616 1099 47 14 som
687 1091 38 22 hos
746 1092 162 20 reservanterne

78 1120 60 21 olika
161 1121 111 26 meningar
289 1121 56 27 gjort
360 1121 33 27 sig
407 1119 107 29 gällande.
544 1119 85 23 Härvid
644 1120 39 21 har
698 1119 59 22 säväl
773 1119 114 22 Utskottet
901 1119 7 20 i

80 1149 34 20 sin
135 1148 78 27 helhet,
235 1155 45 14 som
295 1151 162 19 reservanterne
473 1149 89 21 beaktat
577 1156 27 14 en
620 1149 58 21 inom
694 1148 127 21 kommunen
837 1147 72 21 bosatt

81 1177 120 28 jordegares
221 1179 48 24 rätt,
290 1177 28 21 dä
340 1177 102 27 deremot,
463 1177 167 22 vidkommande
654 1185 26 13 en
701 1180 58 18 utom
779 1176 129 21 kommunen

96 1208 55 19 osatt
172 1205 122 28 jordegares
316 1207 49 25 rätt,
387 1208 71 26 steget
481 1206 48 21 icke
548 1207 65 26 tagits
628 1205 51 22 fullt
693 1208 29 19 ut.
751 1205 36 21 Då
801 1204 42 21 den
859 1203 48 22 nåd.

95 1241 44 21 rop.
153 1233 84 29 jemlikt
252 1235 12 27 $
281 1235 26 21 10
323 1242 62 14 mom.
401 1235 12 21 2
433 1234 95 22 tilldelar
542 1234 118 29 jordegare,
676 1241 45 15 som
736 1233 66 22 sådan
817 1234 44 20 rätt
875 1233 33 27 sig

90 1262 117 27 örbehållit,
230 1263 102 28 rättighet
354 1266 32 18 att
408 1263 76 22 utöfva
509 1265 89 19 rösträtt
620 1263 38 21 vid
680 1262 228 22 kommunalstämman

79 1290 112 29 angående
203 1291 140 22 kommunens
353 1292 107 21 allmänna
470 1292 187 28 angelägenheter,
666 1292 119 21 utsträcker
795 1290 114 22 Utskottet

78 1320 71 21 denna
170 1320 102 21 rättighet
291 1320 32 21 till
342 1320 42 22 alla
401 1321 59 21 inom
481 1320 130 22 kommunen
632 1320 85 22 bosatta
731 1320 110 28 jordegare
856 1321 51 19 utan

78 1348 67 28 något
159 1323 112 58 förbehåll,
286 1356 48 14 men
346 1349 76 21 endast
432 1350 7 20 i
451 1349 142 21 kommunens
604 1349 107 21 allmänna
721 1347 186 29 angelägenheter;

78 1377 61 21 detta
153 1376 122 23 oberoende
290 1377 29 26 af,
333 1385 35 13 om
383 1378 127 28 jordegaren
521 1378 39 21 bor
572 1378 58 21 inom
642 1378 53 21 eller
704 1380 59 18 utom
772 1377 136 21 kommunen.

78 1405 52 22 Han
145 1413 51 21 eger
210 1406 7 21 i
232 1406 41 21 alla
288 1406 39 21 fall
341 1408 43 19 rätt
399 1409 31 19 att
445 1406 77 22 utöfva
534 1408 88 20 rösträtt
632 1406 38 22 vid
681 1405 226 22 kommunalstämman

78 1435 103 27 antingen
201 1434 50 28 sjelf
271 1435 51 21 eller
336 1434 84 29 jemlikt
444 1436 6 26 $
468 1436 26 20 12
510 1442 78 21 genom
603 1434 86 22 ombud.
718 1434 66 22 Hvad
799 1434 47 21 åter
860 1432 48 22 vid-

78 1462 95 22 kommer
194 1462 76 29 frågan
290 1470 34 14 om
344 1464 7 20 i
369 1464 81 21 mantal
465 1466 44 18 satt
525 1463 51 27 jord,
592 1463 24 21 så
631 1471 51 20 eger
696 1470 26 14 en
737 1464 57 20 inom
809 1462 99 22 kommu-

78 1497 43 14 nen
140 1491 71 22 bosatt
232 1491 116 29 jordegare,
369 1499 46 14 som
438 1493 34 27 sig
490 1472 68 42 Sådan
572 1494 43 19 rätt
629 1492 130 26 förbehållit,
774 1491 41 21 alla
831 1490 78 22 ofvan-

78 1519 92 22 nämnda
192 1520 131 28 rättigheter,
345 1520 28 21 då
391 1522 96 20 deremot
503 1528 26 14 en
544 1523 60 19 utom
619 1520 129 22 kommunen
765 1520 70 21 bosatt
849 1518 59 29 jord-
