1117 1781
249 130 42 21 514
496 136 24 17 R.
533 136 53 18 0.:A.
600 136 55 18 1897.
680 137 12 17 6
704 137 63 21 April.

219 211 46 14 som
287 203 56 27 Salo,
363 204 68 21 skulle
450 205 75 27 utgöra
538 211 25 14 en
579 203 138 29 fördämning
732 205 35 20 för
781 204 41 21 den
839 204 72 28 ölflod,
926 213 45 13 som
987 205 63 28 eljest

219 233 72 21 skulle
305 236 102 19 strömma
421 232 50 22 från
486 233 156 28 bryggerierna.
671 233 45 22 Det
731 235 23 19 är
765 233 24 28 ju
803 232 89 23 alldeles
908 234 94 21 orimligt
1016 236 32 18 att

219 261 58 21 finna
299 261 68 28 något
389 261 55 28 slags
468 261 91 28 sanning
578 261 8 20 i
604 260 81 23 sådana
707 264 117 25 argument.
855 261 74 22 Skulle
943 262 105 22 utskänk-

218 290 155 27 ningsställena
392 291 76 26 utgöra
488 289 160 28 fördämningar
666 292 45 19 mot
725 289 92 22 ölfloden
833 289 48 22 från
897 290 151 26 ölfabrikerna,

219 318 24 21 så
265 318 70 21 skulle
351 319 34 20 väl
401 318 70 21 denna
486 318 71 21 metod
573 318 106 21 användts
695 318 41 22 och
750 319 119 21 försvarats
885 319 139 22 annorstädes
1039 320 7 20 i

218 347 49 21 vårt
282 346 57 26 land,
354 347 82 21 hvilket
452 346 101 26 deremot,
568 346 73 22 såvidt
654 347 36 28 jag
705 350 37 18 vet
757 347 138 28 ingenstädes
911 349 56 20 varit
980 348 68 21 fallet.

219 375 43 28 Jag
277 375 70 21 skulle
362 375 73 22 derför
450 375 122 28 ödmjukast
586 375 85 21 anhålla
686 378 31 19 att
731 375 26 22 R.
773 383 18 14 o.
807 376 26 21 A.
849 376 69 21 skulle
933 376 28 29 på
976 376 71 22 denna

218 403 176 22 Bondeståndets
410 404 98 21 anhållan
523 404 61 28 gifva
599 406 31 19 ett
644 404 92 28 jakande
752 411 55 14 svar.

288 460 59 22 Frih.
362 468 53 14 von
430 461 141 21 Alfthan:
588 461 47 21 Den
652 461 125 28 deputation
793 461 48 21 från
857 461 38 21 det
904 461 142 22 Hedervärda

218 489 171 26 Bondeständet,
402 497 45 14 som
462 489 94 21 frambar
571 489 102 22 Ständets
688 489 133 28 inbjudning,
837 497 64 21 synes
916 489 66 22 hafva
996 489 51 29 hyst

219 517 43 22 den
283 519 165 27 presumtionen,
464 521 32 18 att
510 518 37 21 det
561 518 124 28 Höglofliga
701 518 92 21 Ständet
807 519 6 20 i
830 518 51 21 vida
896 518 81 21 mindre
992 518 53 28 grad

218 548 28 19 än
269 545 37 22 det
328 546 143 21 Hedervärda
493 546 163 21 Bondeständet
672 547 68 20 skulle
755 554 52 14 vara
822 546 125 29 kompetent
962 549 31 19 att
1009 547 36 21 be-

220 574 65 21 döma
306 575 127 21 hithörande
448 575 74 28 frägor
537 575 41 21 och
593 578 32 18 att
639 575 135 28 följaktligen
790 575 37 22 det
842 575 125 28 Höglofliga
982 575 63 22 Stän-

219 603 38 22 det
279 604 7 20 i
309 603 87 22 förlitan
419 604 28 28 pä
469 603 27 22 de
510 603 154 22 Hedervärdas
682 605 67 20 större
765 604 126 28 kompetens
908 604 72 26 borde,
995 604 49 21 med

219 631 134 28 frängäende
376 632 23 21 af
417 633 38 20 sitt
475 632 57 21 förra
547 632 76 26 beslut,
638 631 115 29 godkänna
768 632 224 22 Ekonomiutskottets
1007 633 38 21 be-

219 660 115 21 tänkande.
360 661 35 20 Dä
410 661 76 28 frägan
501 661 90 21 sälunda
606 661 56 28 änyo
678 661 123 28 upprifvits,
815 661 39 21 har
868 661 35 28 jag
918 661 73 21 tillätit
1001 662 44 27 mig

219 691 32 19 att
265 692 51 18 taga
331 689 37 21 det
383 689 124 28 Höglofliga
522 689 102 22 Ständets
641 689 187 28 uppmärksamhet
843 690 6 20 i
865 689 93 29 anspräk
969 689 33 21 för
1013 693 32 18 att

218 717 115 22 framhälla
347 717 67 28 nägra
429 718 133 28 synpunkter
576 719 6 20 i
599 718 73 26 saken,
682 718 73 21 hvilka
766 719 47 20 icke
824 718 141 21 framkommo
976 717 68 22 under

219 749 86 18 senaste
328 746 80 23 debatt,
437 746 43 28 Jag
500 746 38 21 har
559 746 43 21 fätt
621 753 27 14 en
668 746 35 21 del
725 747 70 20 lokala
818 747 154 28 upplysningar
994 746 48 21 frän

218 774 51 22 Salo
290 774 87 21 utöfver
389 776 55 25 dem,
460 782 45 14 som
520 775 56 21 varit
590 775 84 28 synliga
689 775 6 20 i
710 775 225 28 tidningspolemiken,
950 775 40 21 och
1006 775 38 21 vill

213 799 41 57 jee
276 803 39 21 här
331 803 54 21 blott
400 803 118 26 framhälla,
532 806 32 19 att
579 803 56 22 först
650 803 40 22 och
705 803 77 22 främst
796 803 69 22 under
880 803 59 22 detta
954 803 24 22 är
992 803 52 22 Salo

234 832 66 27 Öping
315 831 89 22 beslutit
418 835 32 18 att
465 832 114 21 inskränka
594 832 311 28 utskänkningsrättigheterna
920 832 47 21 från
976 827 13 37 6
1010 832 33 21 till

219 861 12 20 2
247 860 49 21 frän
313 860 41 21 och
369 860 48 22 med
433 860 150 22 inkommande
598 861 58 21 Juni.
685 861 33 20 Ar
733 861 37 21 det
784 861 47 21 icke
847 861 47 21 skäl
909 864 31 18 att
955 861 88 21 invänta

217 889 114 21 resultatet
353 889 24 21 af
399 889 27 21 de
448 889 70 21 lokala
533 889 110 26 reformer,
658 896 46 14 som
719 889 132 22 Saloboarne
867 889 77 28 sjelfva
959 889 85 21 försökt

218 919 33 19 att
265 917 133 28 genomföra,
413 919 64 20 innan
492 925 48 14 man
556 917 39 28 gär
610 920 31 19 att
655 917 105 22 förbättra
775 917 162 22 förhällandena
947 919 7 20 i
965 918 77 21 allmän

217 945 152 28 lagstiftning?

287 974 138 22 Beträffande
444 975 45 21 åter
504 975 70 21 denna
590 982 82 14 summa
686 975 23 21 af
725 976 62 25 6,000
802 975 66 26 mark,
883 983 46 13 som
944 975 32 21 till
992 975 51 21 Salo

217 1003 93 28 köpings
333 1003 185 22 kommunalkassa
540 1003 121 26 inbetalats,
684 1003 23 22 sä
729 1003 105 22 behöfver
854 1003 71 22 denna
940 1004 38 21 alls
994 1003 48 22 icke

216 1034 149 25 representera
380 1031 71 29 någon
466 1032 24 21 sä
505 1032 94 21 kolossa!
614 1033 58 20 vinst
687 1032 34 21 för
736 1032 114 28 köpingen,
866 1035 31 18 att
907 1032 41 21 den
960 1037 83 16 ensamt

216 1059 71 22 skulle
302 1067 52 15 vara
369 1060 159 22 bestämmande
543 1060 35 21 för
593 1060 179 29 köpingsboarne.
793 1061 44 20 Det
852 1061 67 21 finnes
935 1068 27 14 en
972 1068 69 13 annan

216 1088 83 29 köping
320 1089 7 20 i
350 1088 59 22 detta
430 1089 56 28 land,
506 1089 82 26 Lahtis,
612 1096 45 14 som
680 1089 44 21 helt
747 1089 72 21 enkelt
834 1089 165 28 monopoliserat
1014 1089 28 21 all

216 1117 153 28 utskänkning.
391 1117 78 22 Denna
484 1117 109 22 bedrifves
606 1125 29 14 nu
650 1118 34 21 för
699 1118 120 28 köpingens
835 1118 91 27 räkning
936 1118 40 21 och
987 1118 54 21 skall

216 1145 71 22 denna
309 1145 86 27 reform,
417 1146 88 21 oaktadt
526 1147 37 28 jag
585 1154 29 13 nu
637 1146 48 21 icke
703 1146 38 21 har
757 1146 77 21 exakta
849 1146 71 21 sifiror
934 1146 108 26 tillhands,

215 1174 68 28 enligt
298 1174 87 29 uppgift
400 1182 51 14 vara
466 1175 85 28 mycket
565 1174 116 29 förmänlig
696 1175 41 21 och
752 1175 84 21 säledes
851 1178 147 25 representera
1014 1182 27 14 en

215 1204 69 20 större
305 1203 222 22 kommunalinkomst.
557 1203 126 21 Emellertid
698 1203 40 21 har
752 1203 48 21 från
816 1203 70 22 denna
901 1203 80 29 köping
993 1203 48 22 icke

214 1231 107 29 försports
344 1231 67 29 något
432 1239 45 14 som
495 1232 55 21 helst
565 1231 113 29 klagomål.
707 1232 44 22 Om
767 1232 130 22 Saloboarne
913 1240 28 13 nu
957 1232 22 21 af
994 1234 48 19 rent

215 1259 135 22 kommunalt
373 1260 135 22 ekonomiskt
522 1262 91 20 intresse
629 1261 69 21 skulle
714 1261 51 28 vilja
781 1260 68 22 ordna
864 1262 47 20 sina
925 1260 116 22 förhällan-

215 1288 42 21 den
273 1288 29 28 pä
317 1296 81 14 samma
413 1291 48 25 sätt,
476 1289 68 21 skulle
560 1289 27 21 de
602 1289 62 21 deraf
679 1289 64 22 hafva
759 1291 68 19 större
838 1290 64 21 vinst.

287 1316 84 23 Vidare
387 1317 37 21 har
438 1318 36 28 jag
488 1318 72 21 blifvit
575 1318 89 28 upplyst
674 1325 34 14 om
718 1320 32 19 att
761 1318 26 21 de
799 1318 83 21 direkta
893 1319 148 23 intressenter-

215 1352 39 14 nas
270 1346 7 20 i
293 1345 50 21 Salo
360 1346 99 28 bryggeri
474 1346 94 22 samlade
583 1346 89 22 röstetal
687 1348 64 26 utgör
766 1348 33 20 94.
823 1346 43 28 Jag
881 1346 42 22 kan
938 1346 48 22 icke
996 1346 45 21 hel-

213 1374 32 20 ler
266 1375 71 27 precis
357 1374 106 29 uppgifva
486 1374 74 22 siffran
581 1374 29 29 pä
630 1375 99 28 samtliga
751 1376 68 20 röster
834 1376 57 20 inom
907 1375 134 26 kommunen,

213 1409 51 14 men
280 1410 35 14 om
331 1410 49 14 man
395 1403 78 28 jemför
488 1403 47 21 dem
552 1403 49 21 med
616 1405 96 19 rösterna
727 1404 58 20 inom
796 1403 67 21 andra
872 1403 101 21 liknande
985 1410 55 14 sam-

212 1430 79 27 hällen,
307 1430 24 22 sä
346 1431 55 21 skall
417 1431 41 22 den
473 1432 35 21 väl
523 1439 52 14 vara
590 1432 98 28 omkring
704 1433 11 20 6
732 1434 13 19 4
761 1433 46 21 700.
830 1432 43 21 Om
887 1440 28 13 nu
926 1432 114 28 opinionen

212 1460 60 20 inom
293 1459 51 22 Salo
363 1461 24 20 är
401 1460 24 22 sä
440 1460 46 22 litet
507 1460 91 28 stadgad
613 1460 35 21 för
663 1460 130 28 vidtagande
809 1460 23 22 af
847 1462 86 26 stränga
954 1460 87 21 restrik-

212 1488 46 20 tiva
281 1488 106 28 ätgärder,
407 1491 31 19 att
459 1489 106 28 majoritet
580 1488 48 22 icke
644 1488 42 22 kan
702 1488 159 22 ästadkommas
876 1492 45 18 mot
936 1489 63 21 dessa
1014 1490 28 20 94

212 1517 76 27 röster,
312 1524 46 14 som
381 1517 126 22 innehafvas
530 1517 23 21 af
575 1517 283 29 bryggeri-intressenterna,
878 1518 24 21 sä
921 1518 65 21 finnes
1006 1517 34 22 väl
