1117 1781
237 130 42 20 688
486 135 24 16 R.
523 140 17 11 o.
553 135 22 16 A.
589 135 55 17 1897.
670 135 27 17 30
711 135 62 21 April.

209 211 52 14 vara
277 203 139 28 öfverflödigt
435 206 31 18 att
487 204 6 20 i
513 203 67 21 likhet
596 203 48 21 med
660 203 35 20 Hr
709 203 124 20 Furuhjelm
849 203 66 20 uttala
931 205 31 18 att
977 202 63 22 Stän-

210 233 38 21 det
270 232 56 21 hade
350 232 116 28 aniedning
488 231 60 29 gilva
570 231 87 22 uttryck
679 231 22 26 åt
719 232 33 20 sin
768 232 88 20 opinion
872 232 6 20 i
895 231 69 21 denna
979 231 61 28 fråga

209 268 80 21 genom
312 268 27 13 en
362 260 91 21 särskild
477 260 123 21 resolution.
630 259 44 22 Det
690 259 55 22 enda
759 260 36 27 jag
810 259 48 22 frän
874 260 43 20 min
933 261 108 27 synpunkt

211 297 64 14 anser
289 297 52 13 vara
363 289 123 26 önskvärdt,
507 291 23 18 är
550 292 32 17 att
604 288 113 21 förmildra
739 288 108 28 intrycket
866 288 23 21 af
910 288 37 21 det
962 288 78 28 ifråga-

211 317 96 22 varande
329 317 125 27 uttalandet,
478 317 27 21 då
528 325 48 13 man
599 317 37 21 vid
660 320 31 17 ett
714 316 133 21 bedömande
868 317 23 20 af
909 316 132 21 Riddarhus-

212 346 148 21 direktionens
379 345 131 29 ätgöranden
529 347 6 20 i
551 346 41 21 alla
608 345 38 22 fall
662 345 73 26 mäste,
751 345 70 21 säsom
837 345 41 21 den
894 345 68 21 första
977 345 64 21 ärade

211 375 84 21 talaren
311 377 72 26 yttrat,
398 378 49 25 taga
462 375 6 20 i
486 374 139 21 betraktande
641 377 32 18 att
688 374 90 27 utgifter
793 373 37 22 vid
841 373 200 29 byggnadsarbeten

212 403 149 22 öfverhufvud
377 403 41 21 och
428 403 101 21 särskildt
539 402 170 21 arkitektoniska
720 402 144 28 anordningar
874 403 47 20 icke
933 402 47 21 med
992 409 50 21 syn-

213 432 70 27 nerlig
299 432 77 21 lätthet
391 432 71 21 kunna
478 431 66 22 hällas
560 432 57 20 inom
633 439 72 13 ramen
721 431 24 21 af
755 431 27 20 de
793 431 190 27 kostnadsförslag,
996 438 46 14 som

213 461 66 20 äfven
297 460 26 21 de
339 464 101 25 yppersta
453 460 99 21 fackmän
564 459 28 29 pä
606 459 59 21 detta
679 459 86 21 omräde
778 459 82 21 kunnat
871 461 104 26 upprätta.
998 459 44 21 Det

214 491 23 19 är
259 489 50 20 med
326 489 102 21 afseende
444 488 57 26 derä,
516 496 44 13 som
576 489 36 28 jag
628 488 34 21 för
677 489 42 20 min
735 488 36 21 del
787 495 62 14 anser
864 491 31 18 att
910 487 130 22 Riddarhus-

216 517 107 21 utskottet
345 517 39 21 har
405 517 65 28 gifvit
492 520 30 18 ett
543 517 33 20 för
591 517 70 20 starkt
676 517 86 28 uttryck
778 516 22 21 ät
815 517 42 20 den
873 516 114 27 förvåning
1003 515 40 22 Ut-

217 546 83 21 skottet
315 546 77 21 uttalat
408 546 61 21 öfver
484 545 62 22 dessa
558 545 105 28 ätgärder.

286 603 33 21 Hr
335 604 26 20 A.
377 603 190 28 Gripenberg:
583 602 42 28 Jag
642 602 50 21 ville
707 602 49 21 med
767 602 116 27 anledning
895 602 23 21 af
928 601 33 22 Hr
971 601 73 22 Mont-

215 639 101 21 gomerys
338 631 98 28 yttrande
458 639 34 14 om
508 631 26 21 de
550 631 134 20 Armfeltska
699 632 132 27 ritningarne
847 633 51 25 säga
913 633 37 24 att,
965 630 28 21 dä
1008 630 37 21 de-

217 668 82 13 samma
323 660 22 21 af
368 660 227 21 Riddarhusutskottet
618 659 37 21 vid
678 663 85 17 senaste
784 659 103 27 landtdag
903 659 72 21 blifvit
989 659 57 20 före-

217 689 76 28 slagna
315 689 40 21 och
375 689 23 20 af
413 689 106 27 ätskilliga
535 687 139 22 medlemmar
689 687 68 22 under
772 687 150 22 diskussionen
939 687 105 21 förordats

218 717 41 21 och
283 718 64 27 ingen
371 717 54 21 enda
443 719 45 19 röst
503 717 42 28 höjt
560 717 33 27 sig
608 719 58 18 emot
682 716 61 21 deras
760 716 163 27 godkännande,
939 716 24 21 sä
978 716 67 21 mäste

218 753 48 14 man
290 746 35 21 väl
345 745 23 22 fä
389 749 83 24 antaga,
487 745 70 21 säsom
572 746 36 27 jag
622 745 63 28 gjort,
701 748 32 18 att
748 745 26 21 R.
791 753 17 13 o.
824 746 38 20 A:s
878 745 89 27 afsigter
980 745 65 27 gingo

218 775 23 20 3t
256 774 38 21 det
310 774 73 21 hället.
413 774 41 28 Jag
470 772 37 23 här
521 774 47 21 icke
584 777 54 24 sagt,
654 777 31 17 att
699 773 26 22 R.
741 781 19 14 o.
776 775 26 19 A.
818 773 69 21 skulle
902 773 65 21 hafva
982 773 64 20 fattat

219 803 68 28 nägot
303 803 70 20 beslut
389 804 6 19 i
411 803 71 20 saken.

290 859 34 22 Hr
348 859 25 22 L.
397 859 155 22 Mechelin:
576 859 42 28 Jag
643 863 45 17 tror
712 859 43 28 mig
778 859 73 20 kunna
873 861 77 25 antaga
965 861 31 18 att
1011 857 36 22 det

220 888 111 21 uttalande
353 888 27 28 pä
395 888 39 21 sid.
450 890 18 24 7,
484 895 44 14 som
544 887 108 22 föranledt
667 887 108 28 ätskilliga
789 887 121 28 yttranden,
925 887 47 20 icke
988 887 59 21 kom-

220 924 46 13 mer
289 920 31 17 att
341 919 63 25 göras
419 917 31 20 till
466 916 87 21 föremål
570 916 34 21 för
618 915 105 22 särskilda
740 916 75 25 beslut,
831 915 28 22 dä
874 915 37 21 det
925 915 48 21 icke
988 916 60 20 inne-

222 946 37 20 bär
280 945 67 28 nägot
367 945 80 28 förslag
462 945 40 21 och
516 945 48 21 ieke
580 947 23 18 är
618 944 141 21 kursiveradt.
790 944 53 21 Men
858 945 35 27 jag
908 944 67 21 skulle
992 943 55 22 dock

221 974 71 21 känna
307 974 44 27 mig
366 975 76 20 manad
458 977 32 18 att
504 974 66 20 uttala
586 973 41 21 den
644 973 145 28 uppfattning,
799 975 31 18 att
842 972 206 21 Riddarhusutskot-

220 1005 31 18 tet
274 1002 39 21 här
335 1002 38 21 har
395 1002 83 21 affattat
496 1003 36 20 sitt
547 1002 98 21 omdöme
661 1001 27 28 pä
704 1005 31 18 ett
750 1001 101 28 skarpare
867 1003 43 19 sätt
925 1003 26 18 än
967 1001 22 20 af
1004 1008 44 13 om-

220 1031 176 28 ständigheterna
418 1031 110 28 rätteligen
544 1030 55 21 hade
616 1030 74 21 kräfts.
720 1029 76 22 Säsom
812 1030 59 21 detta
887 1029 108 21 uttalande
1010 1029 38 21 här

221 1061 23 19 är
267 1059 105 25 affattadt,
393 1059 24 22 sä
432 1060 67 21 skulle
514 1059 37 21 det
566 1059 66 21 hafva
646 1059 48 20 haft
708 1058 77 28 grund,
801 1058 75 21 endast
892 1065 34 14 om
941 1058 36 21 det
992 1057 56 22 före-

220 1088 59 27 legat
300 1091 31 18 ett
346 1088 70 21 beslut
431 1088 23 21 af
469 1088 25 21 R.
508 1095 18 14 o.
542 1088 26 21 A.
583 1091 32 18 att
630 1088 6 20 i
652 1089 68 19 sinom
737 1087 32 21 tid
785 1087 42 21 läta
843 1087 70 20 utföra
929 1086 26 21 de
971 1086 22 21 af
1008 1087 40 20 Ar-

220 1116 98 21 kitekten
343 1116 83 21 Grefve
448 1117 93 20 Armfelt
563 1116 119 28 uppgjorda
697 1117 139 26 ritningarna,
852 1115 41 21 och
908 1118 31 18 att
953 1115 48 20 med
1017 1115 31 20 af-

221 1147 80 19 seende
326 1145 12 20 &
362 1153 25 13 en
411 1145 65 21 sådan
499 1145 155 28 framtidsplan,
670 1145 26 20 de
712 1144 138 21 förestående
865 1144 183 21 remontarhetena

221 1173 69 22 skulle
310 1173 127 22 verkställas
453 1173 48 22 med
516 1175 78 19 största
610 1173 86 28 möjliga
710 1173 163 27 inskränkning.
902 1172 53 21 Men
970 1171 27 22 dä
1012 1171 37 22 nä-

220 1205 39 24 got
275 1202 77 21 sådant
368 1202 70 21 beslut
452 1203 48 20 icke
514 1202 112 21 förefanns
642 1202 40 21 och
697 1205 136 18 remonterna
843 1201 48 21 icke
903 1201 65 20 heller
978 1201 70 20 kunde

220 1232 6 19 i
250 1231 29 21 all
301 1231 88 21 framtid
412 1231 132 29 uppskjutas,
562 1231 24 21 sä
601 1230 55 21 hade
672 1230 37 22 det
725 1231 56 20 varit
796 1230 101 27 riktigare
913 1233 30 17 att
958 1229 91 21 Riddar-

220 1259 148 21 husutskottet
393 1260 54 21 hade
471 1260 112 27 begränsat
605 1260 33 26 sig
660 1260 32 20 till
708 1263 31 17 att
755 1258 28 29 pä
798 1261 65 18 annat
878 1260 43 19 sätt
935 1258 67 21 uttala
1017 1258 31 20 sin

221 1287 57 28 äsigt
293 1289 7 19 i
316 1288 72 21 saken.
418 1290 40 19 Att
472 1288 93 21 förklara
581 1291 32 17 att
630 1287 111 22 Utskottet
759 1287 100 27 beklagar
875 1290 30 17 att
918 1286 132 21 Riddarhus-

220 1316 58 49 din
292 1317 64 20 k
379 1317 89 25 förfarit,
491 1316 68 21 säsom
583 1316 42 21 den
646 1317 62 27 gjort,
733 1323 64 21 synes
820 1316 43 27 mig
885 1315 109 27 verkligen
1016 1314 34 21 för

220 1348 75 18 starkt.

290 1401 58 22 Frih.
369 1410 51 13 von
443 1402 85 21 Born:
549 1402 35 20 Dä
600 1402 76 27 frägan
693 1409 26 13 en
735 1401 58 28 gäng
811 1401 71 21 blifvit
898 1400 23 21 sä
937 1400 61 27 länge
1014 1400 36 20 de-

221 1430 105 26 batterad,
346 1431 37 21 ber
397 1432 35 26 jag
446 1431 33 21 till
494 1430 175 22 förekommande
686 1430 21 21 af
724 1429 151 21 missförständ
891 1429 22 21 fä
929 1430 76 19 nämna
1020 1431 31 18 att

221 1458 36 22 det
281 1458 96 28 klander,
400 1467 43 9 som
468 1459 39 19 kan
532 1466 62 12 anses
610 1459 108 27 inneligga
735 1460 6 19 i
758 1458 37 21 det
810 1457 134 25 beklagande
959 1456 92 22 Riddar-

220 1486 149 22 husutskottet
392 1488 83 25 uttalat,
499 1487 116 28 ingalunda
641 1487 104 21 behöfver
771 1486 94 21 utesluta
887 1493 27 14 en
929 1486 65 20 minst
1008 1487 43 19 lika

221 1518 46 18 stor
282 1516 219 21 tacksamhetskänsla
517 1516 33 21 för
565 1515 268 26 Riddarhusdirektionen,
849 1514 40 22 och
904 1515 35 27 jag
955 1514 37 21 ber
1002 1514 47 21 med
