1117 1781
235 128 44 22 498
485 134 25 17 R.
522 138 18 12 o.
552 134 24 16 A.
590 134 55 17 1897.
670 134 13 16 6
695 133 63 21 April

207 205 64 19 tusen
293 203 91 27 (15,000)
406 202 68 21 finska
497 202 59 22 mark
579 210 25 13 ur
627 201 93 22 nämnda
742 201 64 22 fonds
821 201 133 22 räntemedel
969 200 66 22 måtte

207 231 75 22 ställas
298 231 31 22 lill
343 231 168 28 Delegationens
526 231 129 28 disposition
671 230 34 22 för
720 229 77 30 antydt
807 229 110 28 ändamål;
927 229 28 30 pä
965 229 69 29 grund

207 259 79 23 hvaraf
301 259 164 22 Statsutskottet
479 259 39 22 har
533 261 52 20 äran
600 259 119 26 hemställa,

485 329 33 20 att
535 327 126 28 Höglofliga
676 327 157 27 Ridderskapet
847 327 39 21 och
901 327 72 21 Adeln
988 327 49 20 med

417 357 65 27 bifall
496 357 78 20 härtill
588 357 50 20 ville
654 355 73 22 tillåta
742 357 32 20 att
785 362 30 14 ur
823 355 70 28 sagda
904 355 133 21 räntemedel

416 392 27 14 en
467 392 89 14 summa
583 385 36 21 till
642 384 142 28 förenämndt
809 384 76 28 belopp
909 383 68 22 måtte
1002 383 35 22 till

416 413 167 28 Delegationens
608 413 131 28 förfogande
765 412 153 28 öfverlemnas,
944 412 36 28 för
1004 414 34 19 att

417 443 115 20 användas
546 442 39 21 vid
598 442 177 27 förekommande
787 441 43 28 fall
840 441 35 21 till
887 441 24 21 de
924 441 114 21 Antellska

417 471 167 28 samlingarnas
599 471 89 20 ökande.

460 539 32 21 Pä
507 539 176 22 Statsutskottets
699 541 89 26 vägnar:

522 603 87 27 August
624 602 107 27 Ramsay.

811 664 26 21 G.
858 664 110 28 Granfelt.

284 751 31 22 På
336 751 34 21 Hr
390 751 219 21 Landtmarskalkens
630 751 158 26 framställning
809 750 70 21 beslöt
893 750 26 21 R.
934 757 19 14 o.
968 753 26 18 A.
1009 753 32 18 att

212 779 116 29 godkänna
343 779 175 22 Statsutskottets
533 779 143 21 förevarande
692 779 185 28 framställningar.

283 843 35 21 Hr
337 843 24 20 L.
379 843 146 21 Mechelin
541 842 40 21 och
597 842 58 21 Frih.
672 849 54 14 von
741 841 186 22 Willebrand
943 841 97 22 anmälde

213 871 55 22 hvar
290 871 35 22 för
347 872 33 27 sig
402 874 36 24 att,
460 873 51 19 enär
532 871 27 21 de
581 871 91 27 deltagit
695 871 7 21 i
727 870 156 22 ofvanberörda
909 871 132 27 delegations

214 900 95 27 arbeten,
325 899 26 22 de
367 900 56 28 förty
438 900 48 21 icke
501 900 54 27 tagit
570 899 36 22 del
621 900 7 20 i
644 899 22 22 R.
682 907 18 14 o.
715 900 39 21 A:s
769 906 51 21 nyss
835 899 83 21 fattade
934 899 75 21 beslut.

285 1072 57 22 Frän
365 1072 153 29 Lagutskottet
538 1072 56 21 hade
616 1072 69 28 ingätt
699 1072 98 21 anmälan
813 1074 31 19 att
859 1071 99 28 samtliga
973 1071 68 22 Ständ

213 1101 100 29 godkänt
327 1101 123 22 Utskottets
466 1101 113 21 skrifvelse
595 1101 133 21 beträffande
744 1101 27 20 de
786 1100 76 25 beslut,
872 1100 61 21 hvari
946 1099 95 22 Ständen

215 1133 87 18 stannat
324 1129 36 22 vid
383 1129 156 28 behandlingen
560 1129 23 21 af
606 1129 163 28 Lagutskottets
792 1128 135 22 betänkande
949 1128 41 22 N:o
1007 1130 11 19 1
1034 1129 8 20 i

214 1158 118 28 anledning
353 1158 23 21 af
394 1158 47 21 nåd.
462 1166 59 21 prop.
539 1158 41 20 N:o
598 1159 26 19 14
640 1158 111 28 angående
766 1157 137 28 ansvarighet
918 1157 35 21 för
968 1157 74 22 skada

214 1188 10 21 i
239 1187 65 29 följd
319 1187 28 22 af
355 1162 160 58 jornvägsäri

285 1335 70 22 Bland
375 1336 26 21 R.
422 1344 18 13 o.
460 1336 38 21 A:s
514 1336 117 21 ledamöter
646 1335 55 21 hade
717 1335 92 21 utdelats
826 1335 40 21 och
883 1334 112 22 bordlades
1011 1334 32 21 till

215 1366 64 19 nästa
295 1365 92 28 plenum,
405 1372 45 14 som
470 1365 84 21 komme
570 1367 32 18 att
618 1372 39 20 ega
672 1372 46 13 rum
733 1364 126 28 Torsdagen
876 1364 41 21 den
933 1364 13 20 8
962 1363 80 21 dennes

215 1393 28 21 kl.
260 1393 29 27 1/,
305 1394 10 20 7
332 1400 17 14 e.
364 1401 33 18 m,,

286 1456 163 28 Lagutskottets
470 1455 135 22 betänkande
625 1455 43 21 N:o
690 1457 12 19 3
718 1456 7 20 i
739 1455 116 25 anledning
877 1454 22 22 af
920 1454 49 22 nåd.
984 1461 60 21 prop.

215 1484 42 22 N:o
274 1486 13 20 8
303 1484 111 28 angäende
430 1484 161 28 verkställighet
606 1485 7 20 i
628 1483 93 22 Finland
736 1484 24 21 af
775 1484 119 22 domstols
909 1484 10 21 i
934 1484 109 27 Kejsare-

216 1513 84 23 dömet
315 1513 56 23 dom
387 1513 9 22 i
411 1513 135 27 tvistemäl;
