1117 1781
237 138 42 22 930
496 145 24 16 R.
534 149 16 12 o.
563 145 23 16 A.
600 145 55 17 1897.
680 145 14 17 8
705 144 49 21 Maj.

208 215 32 16 att
262 213 39 20 hos
318 213 59 21 detta
393 213 42 21 kön
450 213 57 20 finna
522 212 70 27 skydd
608 213 35 20 för
658 213 57 21 hvad
732 213 21 21 vi
769 213 76 21 hittills
861 213 50 21 stält
934 213 48 28 dyrt
998 211 39 22 och

207 241 59 28 högt,
289 241 36 21 för
347 241 111 28 egendom,
480 241 120 28 äktenskap
623 243 42 20 och
683 241 112 28 sediighet.
824 241 43 28 Jag
881 241 70 22 skuile
966 241 72 21 uerför

207 270 87 21 anhålla
317 272 31 19 att
370 270 25 21 R.
416 277 17 14 o.
454 271 26 20 A.
502 270 47 21 icke
569 270 50 21 ville
634 271 7 20 i
657 273 31 18 ett
702 270 158 27 godkännande
876 270 23 21 af
914 269 123 22 Utskottets

208 298 139 21 betänkande
363 299 56 20 finna
435 298 70 28 någon
521 299 161 28 inkonsegvens
697 299 6 20 i
720 299 46 20 sina
781 298 139 28 ätgöranden.

279 367 34 21 Hr
332 367 29 20 K.
376 367 112 21 Antell:
509 367 42 28 Jag
567 367 69 21 skulle
653 367 34 20 för
702 368 43 20 min
761 367 36 21 del
811 367 48 21 icke
875 367 68 21 önska
959 367 77 21 bereda

208 395 43 21 den
262 395 133 26 häfdvunna,
406 395 30 21 lät
445 403 51 14 vara
506 395 110 28 landtliga,
628 396 79 21 sociala
715 395 168 28 uppfattningen
891 403 34 13 om
934 403 102 13 mannens

208 423 41 22 och
265 425 107 26 gvinnans
387 424 102 28 ställning
504 425 6 20 i
522 424 117 26 samhället,
650 431 45 14 som
706 425 56 20 ännu
773 424 36 21 för
819 424 132 21 närvarande
961 426 23 19 är
996 424 40 21 och

208 459 46 14 som
269 453 36 27 jag
321 453 82 28 hoppas
418 453 62 27 länge
496 453 54 20 skall
566 460 51 13 vara
632 452 95 21 rädande
744 452 38 21 hos
799 453 153 27 befolkningen
963 453 27 28 pä
999 453 37 20 vär

207 480 130 29 landsbygd,
359 481 42 21 den
422 481 192 28 öfverraskningen
638 484 31 18 att
692 489 25 13 en
740 481 81 21 vacker
842 481 42 28 dag
902 489 22 13 se
937 481 98 21 fruntim-

208 517 45 13 mer
274 509 113 28 placerade
409 509 70 22 säsom
500 509 130 22 ordförande
651 509 37 21 vid
707 509 258 22 kommunalstämmorna.
994 509 42 28 Jag

207 540 45 18 tror
268 540 32 19 att
315 538 64 21 äfven
396 538 36 21 vid
448 538 214 21 kommunalstämma
677 537 28 29 pä
721 538 72 21 landet
809 538 48 27 den,
869 545 45 14 som
925 539 53 20 skall
989 538 47 21 föra

207 566 194 27 talmansklubban,
421 567 38 20 bör
478 567 82 28 ätnjuta
578 567 41 20 den
638 567 122 25 auktoritet,
779 574 46 14 som
843 569 57 18 ännu
917 566 117 22 tillsvidare

207 594 131 21 tillkommer
353 595 76 21 endast
444 597 90 20 männen
549 596 58 20 inom
623 595 222 28 landtbefolkningen,
858 595 41 21 och
910 596 35 27 jag
958 596 78 20 önskar

207 623 35 20 för
264 624 44 20 min
325 623 34 21 del
374 623 48 22 icke
438 631 37 14 ens
491 631 22 14 se
529 631 26 14 en
570 623 127 28 förändring
712 625 7 19 i
735 624 63 21 dessa
811 623 154 22 förhällanden.
994 624 41 28 Jag

208 651 106 22 erkänner
329 652 60 21 detta
404 652 180 26 oförbehällsamt,
600 652 41 21 och
656 652 38 21 ber
709 652 73 21 derför
797 655 32 18 att
845 652 74 21 endast
932 653 5 20 i
951 653 85 20 korthet

207 679 23 22 fä
245 680 108 28 tillstyrka
369 681 129 28 antagandet
512 681 23 21 af
550 681 48 21 näd.
614 689 60 20 prop.
690 681 131 21 beträffande
838 682 11 20 1
865 688 62 14 mom.

278 748 57 21 Frih.
372 756 32 13 von
421 749 191 21 Willebrand:
635 749 43 20 Det
693 748 102 21 förvånar
809 749 44 28 mig
863 749 64 21 smått
937 751 32 19 att
978 749 57 21 Frih.

209 784 41 14 von
267 777 60 21 Born
342 777 69 28 hyllar
425 781 72 18 satsen
513 780 36 24 att,
560 785 34 14 om
610 785 27 14 en
653 779 38 19 sak
707 777 67 27 faller,
786 777 24 21 sä
820 779 23 19 är
853 777 37 21 det
900 777 47 22 icke
959 778 76 21 sakens

207 805 36 27 fel,
259 808 53 18 utan
328 805 67 27 deras,
411 813 45 14 som
472 806 107 21 försvarat
594 806 129 21 densamma.
753 806 67 21 Detta
836 806 67 21 skulle
918 807 22 27 ju
955 807 81 20 rentaf

207 833 104 22 innebära
335 837 31 18 att
387 834 69 29 aldrig
475 834 70 28 nägon
566 835 58 28 dälig
646 835 38 20 sak
703 835 72 20 kunde
790 835 67 21 finnas
873 835 68 20 under
956 835 79 20 debatt.

207 862 36 21 Nu
259 863 39 20 vill
313 863 35 28 jag
363 864 54 20 visst
432 863 48 22 icke
494 863 67 21 räkna
576 863 42 21 den
635 863 45 26 sak,
695 872 44 12 sum
756 864 7 20 i
775 863 38 28 går
824 863 45 26 föll,
879 863 32 21 till
922 863 26 22 do
959 863 76 28 dåliga,

207 891 68 21 ehuru
295 892 36 27 jag
350 891 126 22 medverkat
495 892 32 21 till
542 891 50 22 dess
607 891 45 27 fall,
667 899 48 14 men
731 893 55 20 visst
801 899 63 21 synes
881 891 36 22 det
931 893 44 26 mig
990 899 44 14 som

207 927 34 13 om
259 919 38 22 det
312 927 57 20 vore,
386 927 34 14 om
436 922 25 19 än
478 921 47 20 icke
541 920 111 28 oafvisligt
668 921 23 20 af
705 920 163 28 konsegvensen
885 921 115 27 päkalladt,
1010 921 25 20 sä

207 947 58 22 dock
281 949 82 27 ganska
378 949 108 28 naturligt,
501 956 34 13 om
551 949 92 21 Ständet
658 956 28 13 nu
702 949 7 20 i
722 949 70 21 denna
802 949 104 21 likartade
917 949 60 27 fräga
988 949 46 21 vid-

206 976 58 21 hölle
288 977 32 20 sin
342 977 140 28 uppfattning
501 977 48 21 frän
566 978 6 20 i
587 977 45 28 gär,
652 977 24 21 sä
695 978 60 27 ringa
771 979 26 19 än
813 977 42 21 den
870 978 106 28 majoritet
991 985 43 18 var,

207 1012 46 13 som
275 1005 38 28 gaf
335 1005 102 22 Ständets
458 1006 140 28 uppfattning
619 1006 37 21 vid
671 1006 91 21 handen.
793 1006 114 21 Huruvida
923 1013 111 20 segrarene

206 1033 49 21 från
271 1034 8 20 i
294 1033 45 28 går,
354 1034 69 21 såsom
439 1034 57 21 Frih.
511 1042 43 13 von
564 1035 59 21 Born
634 1035 108 28 uttryckte
753 1035 38 27 sig,
802 1035 78 20 skaffat
889 1035 146 28 hjelptrupper

206 1062 7 20 i
229 1061 50 28 dag,
294 1062 41 21 kan
351 1063 36 28 jag
399 1063 48 21 icke
458 1063 101 26 bedöma;
570 1064 36 27 jag
616 1071 50 20 eger
676 1063 48 21 icke
735 1063 71 21 dertill
817 1063 135 28 erforderligt
962 1063 73 28 skarp-

207 1091 68 20 sinne.
305 1091 42 27 Jag
372 1094 78 18 motser
472 1093 7 19 i
502 1091 41 21 alla
565 1092 45 26 fall,
632 1091 69 22 säsom
721 1092 69 27 sagdt,
809 1091 49 22 med
873 1092 115 21 förtröstan
1004 1094 32 18 att

206 1119 111 28 utgången
335 1119 40 21 blir
390 1120 76 27 analog
482 1120 69 21 denna
566 1121 63 27 gång.
657 1120 12 21 I
684 1120 61 28 fråga
761 1128 34 13 om
814 1120 34 21 Hr
861 1127 42 14 von
914 1120 121 28 Knorrings

206 1147 84 28 förslag
307 1150 31 18 att
352 1149 93 20 utesluta
454 1149 64 20 orden
532 1149 60 26 »den,
603 1156 46 14 som
664 1149 71 21 häftar
745 1149 35 20 för
790 1149 99 21 eftersatt
898 1149 138 28 redovisning

206 1175 32 21 till
263 1176 150 28 kommunens,
436 1179 23 19 är
480 1178 35 27 jag
536 1177 48 21 icke
607 1177 23 21 af
645 1177 52 21 hans
721 1177 71 21 tanke.
821 1177 42 28 Jag
877 1180 44 18 tror
937 1177 36 21 det
987 1177 48 22 icke

207 1207 68 18 annat
289 1207 27 19 än
332 1205 74 21 länder
420 1205 33 21 till
468 1206 56 27 reda,
540 1213 34 14 om
590 1206 129 28 stadgandet
733 1206 104 28 gvarstär.

277 1268 34 21 Hr
333 1268 133 29 Ramsay:
496 1269 11 20 1
530 1269 38 21 sak
592 1269 37 21 vill
652 1270 34 27 jag
706 1270 55 20 fatta
781 1270 44 27 mig
839 1269 54 21 kort.
923 1270 41 28 Jag
979 1270 56 20 före-

207 1296 78 28 drager
308 1296 49 22 näd.
380 1304 59 21 prop.
461 1297 89 21 framför
570 1297 125 22 Utskottets
711 1298 142 21 betänkande.
883 1298 52 21 Men
949 1300 35 26 jag
1000 1298 35 21 be-

205 1324 68 28 gärde
297 1325 60 21 ordet
377 1326 120 27 egentligen
518 1326 6 20 i
546 1326 117 28 anledning
679 1326 22 21 af
716 1326 42 22 den
774 1327 130 21 insinuation
919 1327 57 21 Frih.
992 1334 43 14 von

205 1353 61 21 Born
281 1353 81 28 gjorde,
377 1354 87 21 hvilken
479 1355 35 27 jag
530 1354 110 22 förmodar
654 1356 7 20 i
677 1356 44 20 viss
737 1355 49 21 män
803 1362 38 14 var
851 1355 69 21 riktad
932 1358 44 18 mot
986 1357 49 26 mig,

205 1381 28 21 dä
249 1382 38 27 jag
302 1382 36 21 vid
354 1382 101 22 debatten
471 1384 6 20 i
494 1383 41 27 dag
550 1383 28 28 pä
593 1390 117 21 morgonen
725 1384 7 21 i
748 1384 45 21 viss
808 1384 49 20 män
873 1391 38 13 var
927 1384 47 25 den,
990 1391 45 13 som

205 1409 66 22 ledde
287 1411 150 27 oppositionen
452 1414 57 18 emot
524 1412 124 21 Utskottets
664 1412 28 21 dä
706 1412 149 28 föreliggande
871 1412 141 26 betänkande,
1028 1414 6 19 i

205 1438 37 21 det
267 1441 31 19 att
319 1439 36 28 jag
375 1440 23 27 ju
418 1447 38 13 var
476 1440 41 20 den
538 1440 61 26 ende,
618 1448 46 13 som
679 1441 7 20 i
701 1441 68 21 sädan
788 1441 95 27 riktning
897 1440 84 29 yttrade
996 1442 38 26 sig.

203 1466 44 28 Jag
268 1474 45 14 tror
334 1468 49 20 miii
404 1468 73 21 arbeie
500 1468 28 28 pä
550 1468 59 22 detta
631 1476 46 14 rum
697 1469 68 21 aldrig
786 1469 111 28 stämplats
917 1469 22 18 af
955 1472 30 16 att
998 1470 36 28 jag

205 1495 71 22 skulle
292 1496 58 20 velat
365 1504 52 13 vara
432 1496 70 28 någon
517 1496 79 27 ledare,
612 1497 40 21 och
668 1497 76 22 endast
753 1497 72 21 ledare
835 1497 89 21 tillkalla
935 1498 22 27 ju
968 1498 67 28 hjelp-

204 1526 97 26 trupper,
324 1524 41 21 och
386 1524 74 22 vidare
477 1528 45 18 tror
536 1526 36 28 jag
587 1528 31 19 att
633 1526 35 27 jag
684 1526 67 28 aldrig
767 1526 38 21 har
820 1526 65 28 gifvit
901 1526 66 28 nägot
981 1527 53 21 sken
