1117 1781
368 138 261 21 Förmynderskapslagen.
839 133 39 20 TTT

80 207 82 22 kunnat
177 206 68 28 väljas
260 206 33 21 till
308 205 252 29 förmyndarenämnden.
590 205 42 28 Jag
648 206 37 21 vill
701 206 74 21 derför
789 206 48 22 icke
851 209 58 26 yttra

79 237 45 26 mig
145 236 6 20 i
175 235 70 21 denna
266 235 68 27 fråga.
363 235 42 27 Jag
428 234 93 28 begärde
542 234 62 21 ordet
619 235 35 20 för
669 237 31 18 att
715 235 84 28 påpeka
815 243 26 13 en
856 235 53 21 liten

80 263 145 28 oegentlighet
246 264 7 20 i
275 263 65 21 slutet
355 263 23 21 af
394 263 133 28 paragrafen,
543 263 37 20 der
596 263 37 21 det
648 263 65 21 bland
729 263 55 28 dem,
799 271 46 14 som
860 264 49 21 icke

81 292 68 21 skulle
172 292 73 21 kunna
267 292 89 27 inväljas
372 292 7 20 i
394 291 252 29 förmyndarenämnden,
662 292 67 21 också
743 294 88 19 nämnes
849 292 61 26 »den,

82 328 46 14 som
150 320 115 21 förklarats
287 319 91 29 ovärdig
401 323 31 18 att
454 321 79 27 nyttias
548 321 7 20 i
570 320 84 21 landets
670 321 65 27 tjenst
750 321 51 20 eller
816 323 31 18 att
862 321 47 20 föra

82 357 81 14 annans
186 349 78 21 talan».
294 349 66 20 Detta
383 350 22 19 är
424 349 123 27 oegentligt,
563 349 89 20 emedan
668 349 37 21 det
720 349 89 21 innebär
825 352 36 23 att,
876 357 34 13 se-

83 377 42 22 dan
148 377 41 22 den
211 377 30 21 tid
264 377 75 28 utgått,
355 377 34 21 för
403 377 87 21 hvilken
507 377 42 21 den
564 377 165 28 ifrågavarande
744 385 105 21 personen
865 378 45 21 för-

82 407 80 20 klarats
178 405 90 29 ovärdig
283 408 32 19 att
329 406 80 28 nyttjas
424 407 7 20 i
446 405 85 22 landets
546 406 72 27 tjenst,
628 405 42 22 han
682 406 64 21 äfven
757 406 94 21 derefter
861 406 49 21 icke

83 435 68 21 skulle
177 435 72 21 kunna
273 434 68 28 väljas
365 435 34 20 till
419 434 92 21 medlem
527 435 7 20 i
549 434 222 29 förmyndarenämnd.
802 435 34 21 Då
851 435 59 21 detta

84 463 35 21 väl
134 463 48 22 icke
197 463 42 22 kan
255 471 51 14 vara
321 463 78 26 afsedt,
414 463 66 28 vågar
494 463 36 28 jag
545 463 118 26 hemställa,
676 463 104 22 huruvida
791 464 48 21 icke
864 471 47 14 para-

82 491 75 29 grafen
180 493 7 20 i
210 492 70 21 denna
303 490 34 22 del
360 491 66 22 borde
449 491 78 22 ändras
546 491 86 26 derhän,
648 495 32 18 att
694 491 132 30 undantaget
841 492 70 21 skulle

83 521 56 27 gälla
161 521 48 26 den,
232 528 45 13 som
303 520 39 28 »pä
365 520 69 28 grund
450 520 23 21 af
488 520 48 28 laga
551 520 50 21 dom
616 523 27 18 är
658 520 89 29 ovärdig
762 523 32 19 att
808 521 79 28 nyttjas
903 521 6 20 i

84 549 84 21 landets
189 550 85 27 tjenst».
303 549 12 20 I
337 549 103 21 händelse
463 549 59 21 detta
544 550 49 19 mitt
610 549 82 28 förslag
707 550 75 20 vinner
797 549 37 22 det
849 549 62 28 Hög-

84 577 71 28 lofliga
180 577 104 22 Ständets
306 577 67 26 bifall,
395 577 68 22 skulle
485 578 36 28 jag
543 577 69 22 tillika
633 577 80 22 föreslå
735 581 30 18 att
784 577 126 29 paragrafen

85 605 66 22 måtte
166 606 165 21 återremitteras
347 605 33 22 för
393 606 140 28 vidtagandet
543 606 23 21 af
576 606 70 21 denna
656 606 255 28 redaktionsförändring.

154 663 34 21 Hr
209 663 20 21 J.
251 663 185 21 Grotenfelt:
468 663 42 28 Jag
531 663 39 21 har
592 663 89 21 anhållit
703 671 33 13 om
755 663 62 22 ordet
831 663 34 21 för
880 666 32 18 att

86 691 83 22 biträda
187 691 38 22 det
239 691 24 22 af
277 691 57 22 Frih.
349 691 80 22 Wrede
444 691 127 22 framstälda
585 692 105 27 förslaget
704 692 31 21 till
751 691 121 22 återremiss
888 691 24 22 af

85 720 146 22 betänkandet
245 721 7 20 i
267 720 38 21 det
324 720 23 21 af
365 720 79 21 honom
459 720 128 21 framhållna
602 720 64 28 syfte.
696 720 48 21 Den
760 720 151 29 oegentlighet,

86 757 44 13 som
154 749 23 22 af
199 749 58 21 Frih.
280 749 79 21 Wrede
382 749 110 28 påpekats,
508 757 38 13 var
562 749 66 21 också
643 749 90 21 föremål
748 749 34 21 för
797 749 115 28 uppmärk-

84 778 82 21 samhet
187 778 58 21 inom
268 777 158 28 Lagutskottet,
448 785 50 14 men
519 785 49 14 man
584 777 68 28 ansåg
666 781 32 18 att
713 778 127 28 paragrafen
855 779 7 20 i
877 778 34 21 sin

84 806 123 21 nuvarande
223 806 80 28 lydelse
320 805 56 22 dock
391 805 73 22 kunde
476 806 80 21 förstås
568 806 30 26 så,
608 809 32 18 att
650 806 163 28 ifrågavarande
824 809 88 25 oegent-

84 835 67 28 lighet
168 835 48 21 icke
232 835 36 21 vid
283 835 126 27 tolkningen
424 835 24 20 af
462 834 130 28 stadgandet
607 834 69 21 skulle
692 835 64 21 vinna
771 836 75 27 insteg.
875 835 36 20 Då

84 863 38 21 det
136 863 118 21 emellertid
269 866 50 18 utan
335 863 78 21 tvifvel
428 865 23 19 är
466 864 80 27 nyttigt
561 866 32 18 att
608 863 126 28 paragrafen
750 863 161 22 omformuleras

84 892 71 49 int
175 892 59 21 Frih.
249 891 79 22 Wrede
343 891 117 29 föreslagit,
476 892 38 21 ber
528 893 36 27 jag
580 894 31 19 att
626 891 23 22 fä
664 892 130 21 understöda
809 892 104 28 förslaget

99 927 65 14 ärom.

153 949 66 21 Hvad
238 949 46 21 äter
305 949 42 21 den
363 949 22 21 af
400 949 34 21 Hr
449 949 151 22 Wallensköld
616 949 78 22 väckta
709 949 74 28 frägan
800 957 34 14 om
849 949 63 28 gvin-

85 985 39 13 nas
146 977 112 22 valbarhet
280 977 32 21 till
335 977 91 22 medlem
442 977 22 21 af
479 977 218 29 förmyndarenämnd
714 977 105 27 beträffar,
835 977 24 22 sä
873 977 40 21 har

84 1006 36 27 jag
134 1007 7 20 i
156 1007 83 27 princip
254 1006 48 21 icke
317 1006 66 28 nägot
398 1009 32 18 att
445 1007 94 20 invända
554 1009 44 18 mot
614 1009 32 18 att
661 1013 26 14 en
702 1006 67 21 sädan
787 1006 126 27 förändring

85 1035 23 20 af
129 1035 127 28 paragrafen
280 1035 71 21 blefve
367 1034 108 29 vidtagen.
505 1035 53 21 Men
574 1035 37 21 det
626 1042 64 21 synes
705 1035 44 28 mig
763 1035 62 26 dock,
841 1034 70 22 såsom

85 1070 34 14 om
142 1063 65 28 något
230 1063 94 28 verkligt
346 1063 67 21 behof
433 1063 23 21 af
471 1063 127 28 förändring
612 1064 7 20 i
634 1063 142 21 förevarande
791 1063 58 28 syfte
864 1063 49 21 icke

86 1099 28 13 nu
137 1091 100 28 föreläge,
267 1092 73 21 Annat
363 1093 23 20 är
409 1091 145 22 förhållandet
569 1092 49 21 med
632 1092 76 27 frågan
724 1099 33 14 om
773 1093 90 27 gvinnas
879 1094 34 18 ut-

85 1120 78 21 seende
179 1120 32 21 till
226 1120 142 28 förmyndare.
393 1120 11 21 I
420 1120 60 22 detta
494 1121 39 20 fall
546 1121 115 20 förefinnas
672 1121 21 27 ju
704 1120 105 21 särskilda
819 1122 94 19 omstän-

86 1148 102 28 digheter,
207 1156 46 14 som
268 1149 72 20 kunna
355 1149 86 21 anföras
457 1149 35 21 för
507 1149 81 21 hennes
603 1149 125 28 lämplighet
743 1152 31 18 att
788 1148 125 22 handhafva

86 1180 31 18 ett
132 1177 77 21 sädant
223 1177 104 28 uppdrag.
351 1177 42 28 Jag
409 1177 37 22 ber
462 1177 73 22 derför
550 1177 34 22 för
599 1179 44 19 min
660 1177 34 22 del
708 1180 31 19 att
749 1177 23 21 fä
782 1176 131 22 understöda

87 1205 124 22 Utskottets
226 1205 135 22 betänkande
377 1207 7 20 i
400 1206 38 21 det
452 1206 23 21 af
490 1206 34 21 Hr
539 1206 150 22 Wallensköld
705 1205 89 22 berörda
804 1205 109 22 afseende.

153 1262 58 22 Frih.
250 1270 35 14 von
299 1263 95 21 Born:
420 1263 42 28 Jag
476 1263 98 21 deremot
588 1263 96 21 anhäller
699 1266 31 18 att
745 1263 22 21 fä
782 1262 131 22 understöda

85 1291 35 21 Hr
141 1291 160 22 Wallenskölds
324 1292 86 28 förslag.
440 1292 44 21 Det
506 1300 64 20 synes
594 1292 43 27 mig
658 1294 89 19 stämma
762 1292 35 21 väl
812 1291 102 21 öfverens

85 1320 49 21 med
149 1320 56 21 hvad
221 1328 46 13 som
283 1321 7 20 i
305 1320 62 28 fräga
382 1328 35 13 om
432 1321 96 27 gvinnan
544 1320 46 22 dels
604 1320 67 21 redan
683 1322 23 19 är
716 1320 37 21 vid
763 1320 70 21 denna
843 1319 70 22 landt-

86 1348 42 28 dag
149 1348 112 28 godkändt
283 1348 41 22 och
348 1348 45 22 dels
415 1348 64 22 dessa
494 1349 67 28 dagar
575 1349 117 28 föreligger
705 1349 33 21 till
753 1348 117 28 afgörande
885 1348 30 28 pä

86 1377 65 21 basen
173 1377 22 21 af
217 1377 105 21 särskilda
337 1377 253 21 utskottsbetänkanden.
620 1377 107 21 Särskildt
742 1378 49 20 ville
806 1378 35 27 jag
856 1376 57 22 fästa

86 1406 215 28 uppmärksamheten
317 1406 37 21 vid
369 1408 32 19 att
415 1406 73 28 dylika
504 1406 98 28 uppdrag
617 1406 69 21 skuile
696 1405 35 22 för
741 1406 94 28 gvinnan
846 1405 68 21 blifva

87 1441 26 13 en
128 1434 86 28 mycket
228 1434 43 28 god
287 1434 66 26 skola,
369 1434 28 28 pä
411 1434 71 28 grund
498 1434 22 22 af
551 1434 72 22 hvilken
639 1434 43 22 hon
698 1434 66 21 sedan
779 1434 72 21 kunde
864 1433 50 21 med

87 1464 67 19 större
164 1462 113 28 framgäng
287 1462 125 22 handhafva
425 1462 147 29 sjelfständigt
582 1462 185 29 förmynderskap,
774 1463 139 27 hvarigenom

86 1498 48 13 man
151 1491 7 21 i
175 1491 115 21 framtiden
309 1491 72 21 kunde
398 1491 85 21 komma
502 1491 24 22 sä
544 1491 66 29 längt,
628 1494 32 18 att
679 1499 49 13 man
745 1491 106 21 mähända
865 1490 49 22 icke

88 1518 92 22 behöfde
196 1520 7 20 i
218 1520 163 28 lagstiftningen
397 1520 103 28 inrymma
516 1520 42 22 den
574 1520 165 28 inkonsegvens,
755 1527 45 14 som
816 1520 13 27 $
845 1520 26 20 29
885 1526 29 14 nu
