1117 1781
837 130 10 19 1

850 130 12 19 bo

865 130 12 19 oO

420 134 168 21 Kyrkoarkiven.

76 203 136 30 presterskap
233 203 28 28 pä
283 203 36 21 det
343 203 52 21 allra
417 203 83 28 högsta,
524 203 40 21 och
580 206 111 25 presterna
707 205 36 18 äro
759 204 6 19 i
781 203 60 21 detta
856 203 51 21 land

76 232 99 21 talrikare
191 234 27 19 än
234 232 147 21 historikerna.

146 260 74 21 Säsom
237 260 36 21 det
288 260 193 28 Kyrkohistoriska
497 260 134 21 samfundets
647 260 110 21 utlätande
772 260 89 28 ifrägan
875 261 32 20 in-

77 289 71 25 nebär,
171 291 35 19 äro
229 289 27 21 de
277 289 70 20 lärdes
370 289 77 20 tankar
470 288 133 21 beträffande
624 289 77 27 sjelfva
716 289 129 26 rättsfrägan
862 289 47 20 dia-

78 318 83 21 metralt
184 320 105 19 motsatta.
320 317 66 21 Detta
401 317 38 21 har
455 317 137 28 naturligtvis
608 318 5 19 i
630 318 33 20 sin
679 317 47 20 män
742 317 109 21 föranledt
868 317 39 22 Ut-

78 347 80 20 skottet
177 349 32 18 att
223 346 60 28 gifva
299 347 36 20 sitt
350 346 81 27 förslag
446 345 143 22 förevarande
608 346 61 21 form.
699 346 79 21 Härtill
793 346 38 20 har
843 346 65 21 emel-

78 375 62 21 lertid
165 375 122 28 ytterligare
307 375 40 20 den
365 374 186 27 omständigheten
568 374 131 26 medverkat,
715 377 30 18 att
761 374 40 21 den
818 375 6 20 i
841 375 66 27 utsigt

78 403 68 22 stälda
161 403 106 22 reformen
283 403 48 21 med
347 403 27 21 all
389 403 138 21 sannolikhet
542 403 84 21 komme
643 406 31 18 att
684 403 75 21 beröra
769 403 138 28 kyrkolagen.

78 432 48 21 Den
152 432 100 28 temligen
275 431 127 22 invecklade
424 431 105 28 juridiska
551 431 75 28 frägan
650 431 71 22 härom
742 431 37 22 har
794 431 114 22 Utskottet

79 461 116 21 emellertid
220 461 47 21 icke
292 461 57 20 velat
374 460 65 21 inläta
461 461 33 27 sig
520 460 32 28 pä,
575 463 51 18 utan
642 463 53 18 trott
710 460 133 28 Regeringen
860 460 48 21 bäst

79 497 50 13 vara
151 490 7 20 i
181 489 83 21 tillfälle
279 492 32 17 att
326 492 49 25 taga
391 489 68 21 under
474 489 144 28 ompröfning,
633 489 53 20 huru
703 489 74 21 härvid
795 489 53 21 skall
864 489 44 20 för-

79 517 62 22 faras.
171 518 67 21 Berör
263 517 41 21 den
328 518 6 20 i
350 519 67 26 utsigt
432 517 70 22 stälda
517 517 108 21 reformen
641 517 136 28 kyrkolagen,
793 525 45 14 som
854 520 54 19 tem-

79 546 56 28 ligen
158 546 107 21 sannolikt
280 548 29 24 är,
324 546 24 21 sä
363 546 67 21 mäste
446 547 21 27 ju
484 546 66 21 saken
566 546 56 21 först
637 546 140 21 underställas
793 547 114 28 kyrkomö-

79 578 32 17 tes
128 575 134 27 behandling,
277 575 64 20 innan
357 575 42 20 den
415 575 41 20 kan
473 575 121 27 föreläggas
611 575 125 20 Ständerna.

147 603 58 21 Frih.
223 603 103 28 Carpelan
343 603 38 21 har
395 603 39 21 här
448 604 83 25 uttalat,
546 606 32 18 att
593 603 38 21 det
647 604 54 20 varit
717 603 98 28 önskligt,
831 611 34 13 om
876 603 33 20 äf-

80 639 40 13 ven
144 632 157 27 kyrkoarkiven
324 632 81 21 kunnat
425 633 63 26 göras
504 639 45 14 mer
564 632 133 27 tillgängliga
713 632 34 21 för
761 632 147 27 forskningen.

80 660 44 21 Det
148 661 80 27 förslag
243 660 112 22 Utskottet
370 661 56 28 gjort
442 661 6 20 i
464 661 32 20 sin
513 661 57 20 kläm
586 661 58 20 afser
658 661 22 27 ju
696 660 65 21 också
777 660 70 21 denna
862 660 47 21 sida

80 689 23 20 af
124 689 70 21 saken.
223 689 159 21 Hufvudsaken
406 691 28 24 är,
460 692 31 18 att
514 689 37 21 det
576 689 54 26 hela,
653 689 69 21 säsom
738 689 33 21 Hr
786 689 55 21 Rein
857 696 51 21 nyss

80 717 99 29 antydde,
195 719 56 20 ännu
267 719 22 20 är
305 718 90 26 outredt,
411 718 40 21 och
467 721 31 18 att
514 718 114 21 Utskottet
643 718 57 27 förty
716 718 47 21 icke
778 718 68 21 skulle
861 717 48 21 haft

80 746 75 28 nödigt
170 747 95 20 material
276 747 6 20 i
291 747 39 20 och
339 747 34 20 för
381 746 150 29 uppgörandet
540 747 23 20 af
571 747 81 27 förslag
660 747 6 20 i
675 747 60 27 fräga
746 754 33 13 om
792 746 117 21 landsorts-

81 775 66 26 arkiv,
169 777 26 19 än
218 775 81 21 mindre
314 775 34 20 för
363 775 80 27 förslag
458 775 32 21 till
506 775 53 21 total
576 776 178 27 omorganisation
770 775 23 21 af
807 775 48 20 hela
871 774 40 21 vär

81 803 198 28 arkivförvaltning,
295 803 66 22 sädan
377 803 36 22 det
428 804 126 21 Historiska
562 803 124 22 samfundet
694 803 85 28 äsyftat.
795 803 46 21 Allt
849 803 60 21 detta

80 831 67 22 mäste
170 832 109 27 grundligt
301 832 22 21 af
345 832 99 21 fackmän
466 832 133 26 förberedas,
621 832 41 21 och
684 832 60 21 torde
767 832 83 21 säledes
867 831 42 22 den

81 860 56 21 kläm
160 860 113 22 Utskottet
297 861 110 28 föreslagit
426 861 103 21 innebära
545 863 31 19 ett
591 861 49 20 fullt
656 861 77 27 tydligt
748 860 161 28 önskningsmäl

82 888 78 27 derom,
171 892 31 17 att
217 889 134 28 Regeringen
367 889 49 21 med
431 889 109 22 anlitande
556 889 23 21 af
594 889 42 21 alla
652 889 86 21 tillbuds
747 889 88 21 stäende
851 889 59 20 kraf-

80 920 33 18 ter
128 917 65 22 mätte
209 917 146 22 ästadkomma
371 926 26 13 en
413 918 68 21 sädan
497 918 121 28 utredning.
647 918 42 28 Jag
703 917 79 22 tilläter
797 919 43 26 mig
855 917 55 21 säle-

81 945 38 22 des
134 946 106 28 tillstyrka
256 946 123 21 Utskottets
395 946 143 21 betänkande.

150 1003 34 21 Hr
212 1011 53 13 von
288 1003 170 22 Bonsdorff:
481 1003 115 22 Utskottet
618 1003 38 21 har
678 1005 7 19 i
713 1004 36 21 sitt
775 1003 136 21 betänkande

82 1032 75 21 uttalat
180 1033 33 27 sig
234 1032 33 21 för
283 1032 187 28 nödvändigheten
488 1032 47 21 utaf
550 1032 169 28 kyrkoarkivens
735 1032 125 28 skyddande
876 1031 35 22 för

82 1060 129 21 förstörelse.
240 1061 32 20 Pä
296 1061 66 21 andra
377 1061 61 20 sidan
454 1061 125 21 framhäller
595 1061 118 25 Utskottet,
729 1061 98 20 hurusom
843 1060 66 28 skyd-

82 1089 79 21 dandet
177 1089 22 21 af
214 1089 157 28 kyrkoarkiven
387 1090 6 19 i
405 1089 121 26 allmänhet,
537 1089 59 21 såväl
605 1089 35 21 för
648 1089 175 28 församlingarne
831 1089 79 28 sjelfva

82 1125 45 13 som
151 1118 34 20 för
207 1118 41 21 den
268 1118 115 21 historiska
397 1118 148 28 forskningen,
561 1120 23 19 är
599 1118 23 21 af
638 1118 109 21 oskattbar
762 1119 45 26 vigt
823 1117 40 22 och
879 1120 32 18 att

83 1145 37 22 det
142 1146 73 21 derför
237 1154 50 13 vore
310 1147 6 20 i
336 1147 43 27 hög
392 1147 54 27 grad
460 1146 111 29 päkalladt
587 1149 31 18 att
633 1154 76 20 genom
725 1147 100 27 lämpliga
839 1145 71 22 medel

83 1175 52 20 söka
159 1175 118 28 förebygga
303 1175 61 21 deras
390 1175 100 21 fortsatta
516 1175 137 28 decimering.
683 1175 111 22 Utskottet
819 1174 93 21 föreslär

83 1203 117 21 emellertid
221 1203 54 26 icke,
297 1203 53 21 huru
366 1203 59 22 detta
441 1203 55 22 skall
512 1203 66 28 tillgå,
593 1207 52 18 utan
661 1204 36 20 vill
713 1203 104 22 öfverläta
833 1202 76 28 frågan

82 1231 32 21 till
136 1231 147 29 Regeringens
304 1232 154 29 bepröfvande.
489 1232 48 28 Mig
560 1240 63 20 synes
642 1235 31 18 att
688 1232 111 22 Utskottet
814 1231 96 22 härutin-

82 1268 41 13 nan
147 1261 86 21 förfarit
254 1261 131 28 fullkomligt
407 1262 81 27 riktigt,
509 1264 23 25 ty
555 1261 28 21 dä
606 1262 63 27 ingen
686 1263 94 19 närmare
795 1260 115 28 utredning

82 1288 111 28 angäende
216 1290 168 28 kyrkoarkivens
407 1290 81 21 storlek
504 1290 122 26 förefinnes,
641 1289 25 21 sä
680 1290 66 20 mäste
759 1289 36 21 det
811 1296 50 14 vara
876 1288 35 22 för

82 1317 113 22 Utskottet
214 1318 108 28 vanskligt
337 1321 31 18 att
383 1318 80 28 afgöra,
479 1318 107 21 huruvida
602 1318 38 21 det
654 1318 55 21 hade
725 1319 54 20 varit
794 1318 69 21 bättre
879 1320 32 18 att

82 1346 73 21 skicka
172 1346 63 22 dessa
250 1347 129 28 kyrkoarkiv
401 1347 33 21 till
456 1347 147 26 statsarkivet,
619 1346 70 22 säsom
704 1350 74 18 trenne
793 1346 64 21 ärade
872 1354 38 20 pe-

81 1376 110 20 titionärer
215 1376 7 20 i
238 1375 58 21 detta
311 1375 68 21 Ständ
395 1375 118 28 föreslagit,
528 1375 52 21 eller
596 1375 66 21 sända
678 1375 48 21 dem
742 1376 31 20 till
789 1375 121 27 domkapit-

80 1404 42 25 len,
146 1404 70 20 säsom
241 1404 36 20 det
301 1404 194 28 Kyrkohistoriska
518 1404 116 28 sällskäpet
657 1404 40 21 och
717 1404 33 20 Hr
765 1404 145 20 Päivärinta
898 1400 15 36 i

80 1433 160 20 reservationen
262 1432 42 22 N:o
329 1434 10 19 1
361 1432 118 28 föreslagit.
509 1432 48 28 Mig
579 1440 64 20 synes
666 1432 37 21 det
718 1440 73 13 senare
806 1432 105 27 förslaget

81 1468 51 13 vara
156 1461 67 21 bättre
245 1461 34 21 för
301 1461 41 21 den
364 1461 102 21 händelse
490 1464 32 18 att
542 1461 26 21 de
589 1461 90 21 sälunda
701 1460 102 22 förökade
819 1460 91 28 kapitel-

80 1489 88 21 arkiven
183 1489 84 21 komme
283 1493 32 17 att
336 1489 114 22 framdeles
473 1489 101 28 utvidgas
597 1490 33 20 till
651 1489 175 29 landskapsarkiv
844 1490 7 20 i
868 1488 42 21 den

80 1518 131 28 omfattning
233 1518 42 21 den
293 1518 65 21 andra
373 1521 146 25 reservanten,
535 1518 223 21 Petitionsutskottets
774 1516 137 27 ordförande,
