1117 1781
241 132 42 20 794
502 138 24 16 R.
540 142 16 11 0.
570 138 21 15 A.
606 138 56 16 1897.
686 138 12 16 6
711 138 48 20 Maj.

211 213 55 19 egna
289 205 183 33 angelägenheter.
502 205 42 35 Jag
565 205 37 37 vill
618 206 6 20 i
640 205 153 33 sammanhang
809 205 88 21 härmed
913 205 83 28 päpeka
1012 213 26 13 en

210 241 72 14 annan
303 237 81 24 onödig
399 233 97 35 ändring,
510 234 34 21 för
558 234 90 21 hvilken
662 235 35 27 jag
715 234 48 21 joko
778 222 50 33 ville
845 234 101 21 särskildt
961 234 78 28 hegära

211 262 67 21 ordet.
303 262 12 21 I
331 263 13 26 $
360 263 27 20 33
403 264 71 25 säges:
492 262 69 21 »Barn
578 262 60 21 skola
654 262 125 29 uppfostras
794 263 7 20 i
816 262 150 28 gudsfruktan,
981 251 57 50 dygd

211 291 41 21 och
277 291 117 21 ärbarhet.>
426 291 43 21 Det
491 291 58 21 hette
572 292 6 19 i
602 291 41 21 den
665 291 70 28 gamla
755 291 63 27 lagen
841 291 71 28 »dygd
927 291 41 21 och
983 293 56 24 ära»,

211 319 84 21 hvilket
309 319 117 21 sistnämda
442 319 38 21 ord
496 319 162 28 otvifvelaktigt
672 319 38 21 har
725 319 102 21 vackrare
843 320 65 27 klang
923 319 42 22 och
980 320 59 21 dess-

210 351 60 17 utom
285 347 157 22 vidsträcktare
458 347 109 29 betydelse
582 349 27 20 än
626 347 104 22 ärbarhet.
752 347 42 29 Jag
810 348 38 21 vill
859 355 46 14 som
919 348 63 28 sagdt
991 348 47 21 icke

210 377 52 27 göra
278 376 67 28 nägra
359 376 189 28 ändringsförslag.

282 433 31 28 $$
330 434 94 21 37—39
439 433 124 28 godkändes
579 436 51 19 utan
646 434 146 27 anmärkning.

282 490 46 22 Vid
344 491 152 28 föredragning
511 491 23 20 af
548 491 15 27 $
578 492 31 20 40
624 491 71 20 anhöll

281 547 60 21 Frih.
357 547 25 21 R.
398 549 26 20 A.
440 547 98 22 Wrede
553 555 34 14 om
604 547 62 22 ordet
680 547 41 21 och
735 547 95 28 yttrade:
846 547 12 21 I
869 547 70 21 denna
949 548 11 27 $
971 547 68 21 skulle

211 577 36 27 jag
271 575 96 22 deremot
390 576 26 21 be
438 579 32 18 att
492 576 22 21 fä
534 576 80 21 föreslä
638 583 26 14 en
686 576 51 21 liten
760 576 95 27 ändring.
885 576 12 21 1
913 577 12 20 2
941 583 61 14 mom.
1018 576 22 21 af

213 605 33 26 S:n
271 604 112 29 förbjudes
404 604 135 29 förmyndare
559 607 31 18 att
605 608 51 17 utan
672 604 256 28 förmyndarenämndens
944 605 95 20 tillstånd

213 633 92 28 föryttra
329 633 54 28 skog
398 633 46 20 från
468 633 120 28 myndlings
604 633 109 27 fastighet,
732 633 101 21 »säframt
849 634 18 27 ej
883 633 156 28 afverkningen

213 661 50 21 sker
285 662 67 27 enligt
373 661 22 21 af
416 661 120 28 sakkunnig
559 661 105 28 uppgjord
688 661 40 21 och
751 662 23 20 af
794 661 245 28 förmyndarenämnden

213 689 102 28 godkänd
337 690 218 28 hushällningsplan».
585 690 47 21 Här
654 690 125 21 förutsättes
800 690 83 21 således
899 693 32 18 att
946 691 94 27 förmyn-

213 718 161 21 darenämnden
397 719 53 20 skall
472 719 76 25 pröfva
570 719 39 20 och
635 718 115 28 godkänna
775 718 41 21 den
841 719 198 28 hushällningsplan

213 747 48 20 med
285 747 103 21 afseende
409 747 13 20 ä
444 747 87 28 skogen,
554 755 46 13 som
616 747 73 21 blifvit
704 747 105 28 uppgjord
825 747 24 21 af
863 747 106 21 fackman.
998 747 42 28 Jag

213 775 72 21 tviflar
308 775 56 21 dock
388 778 30 18 att
434 775 243 28 förmyndarenämnden
694 776 5 20 i
715 776 71 27 regeln
802 783 51 13 vore
869 775 125 28 kompetent
1009 779 31 17 att

213 803 68 21 utläta
303 805 34 26 sig
352 804 63 21 öfver
430 811 26 14 en
472 805 22 20 af
508 804 148 21 forstmästare
671 804 105 28 uppgjord
793 804 198 28 hushällningsplan
1006 806 34 19 rö-

213 832 66 21 rande
300 833 59 27 skog.
389 832 41 28 Jag
446 833 68 20 skulle
530 833 92 20 derför
619 828 11 41 i
640 832 69 21 denna
725 833 69 32 punkt
809 832 87 21 förorda
911 833 48 20 näd.
975 840 65 21 prop.,

213 861 6 20 i
241 861 89 20 hvilken
353 861 37 20 det
413 861 75 21 endast
508 861 66 26 heter,
596 861 103 21 »säframt
717 862 18 27 cj
752 861 104 22 afverkan
872 861 49 21 sker
937 861 65 28 enligt
1017 861 23 21 af

213 889 124 28 sakkunnig
358 889 106 28 uppgjord
486 889 40 22 och
546 889 40 22 hos
606 889 244 28 förmyndarenämnden
873 889 99 21 förctedd
978 882 62 28 hus-

213 917 178 29 hällningsplan.>

285 980 34 21 Hr
334 980 83 28 Prytz
432 981 144 21 understödde
592 981 58 21 Frih.
667 980 90 22 Wredes
773 980 188 28 ändringsförslag.

285 1037 34 20 Hr
337 1037 20 21 J.
373 1037 177 22 Grotenfelt:
566 1037 114 22 Närmaste
697 1037 142 34 anledningen
855 1038 32 20 till
903 1040 31 19 att
949 1037 90 22 Utskot-

213 1068 37 18 ten
272 1065 113 28 föreslagit
399 1065 42 22 den
456 1074 29 13 nn
501 1062 115 43 omordade
632 1066 117 28 ändringen
766 1067 5 20 i
787 1068 28 19 40
831 1067 12 26 &
860 1066 113 21 återfinnes
989 1066 51 26 deri,

214 1096 31 18 att
261 1095 35 26 S:n
312 1083 53 32 icke
376 1094 116 21 innehåller
507 1094 70 28 någon
594 1095 134 28 bestämning
739 1102 33 13 om
789 1097 32 18 att
831 1095 42 21 den
884 1095 23 20 af
919 1095 121 28 sakkunnig

214 1122 121 28 uppgjorda
357 1122 225 29 hushållningsplanen
598 1123 55 21 skall
669 1131 50 13 vara
735 1123 106 28 uppgjord
857 1123 22 21 af
894 1123 145 21 forstmästare

214 1150 41 21 och
281 1154 32 17 att
339 1151 36 21 det
399 1151 57 28 förty
480 1151 35 22 vid
537 1151 101 22 framtida
654 1152 102 28 pröfning
771 1152 22 21 af
809 1152 230 28 skogsförsäljningens

213 1179 102 28 giltighet
330 1179 71 22 kunde
417 1180 47 21 leda
479 1180 31 21 till
526 1180 166 28 förvecklingar,
707 1180 72 21 derest
793 1180 76 28 frågan
879 1187 33 14 om
923 1180 62 21 hvem
994 1188 45 13 som

214 1207 56 21 skall
287 1215 62 14 anses
365 1216 50 13 vara
430 1209 126 28 sakkunnig,
571 1209 48 21 icke
636 1209 137 21 derförinnan
789 1209 73 20 blifvit
877 1209 90 28 afgjord.
989 1209 51 21 Skäl

214 1239 75 25 syntes
313 1237 73 21 derför
407 1237 113 21 förefinnas
542 1240 32 18 att
593 1237 87 29 vidtaga
696 1237 40 22 den
753 1237 23 22 af
790 1237 115 22 Utskottet
919 1237 121 29 föreslagna

213 1264 126 29 ändringen.

478 1362 296 29 Omröstningsproposition:

285 1424 55 26 Den,
363 1432 45 13 som
429 1424 123 28 godkänner
574 1426 27 20 40
625 1427 11 25 &
659 1426 7 20 i
689 1425 123 21 Utskottets
833 1425 135 21 betänkande
984 1425 56 21 oför-

214 1452 89 26 ändrad,
319 1454 68 20 röstar
401 1454 31 27 ia;

285 1516 76 20 vinner
376 1516 41 28 nej,
433 1519 86 25 antages
535 1518 12 19 2
564 1523 62 14 mom.
641 1516 6 20 i
664 1516 34 27 $:n
715 1516 66 28 enligt
791 1516 104 28 förslaget
905 1517 7 20 i
923 1516 48 21 nåd.
981 1524 59 21 prop.
