1117 1781
237 128 42 33 644
480 138 25 16 R.
518 142 17 13 o.
547 138 23 16 A.
584 138 56 17 1897.
664 138 26 17 21
703 138 64 21 April.

207 207 24 27 ju
252 205 175 28 omsorgsfullare
448 205 162 28 undersökning
631 205 24 22 af
675 205 36 22 det
727 204 97 29 slagtade
839 205 71 28 djuret
925 205 48 21 med
989 204 49 22 dess

209 234 95 23 inelfvor.
325 235 70 27 göres,
417 233 49 26 dess
489 233 57 23 färre
568 234 70 22 blifva
660 233 63 22 dessa
745 233 107 22 skonbara
871 234 167 28 missvisningar.

208 262 60 21 Prof.
283 262 64 28 Bang
362 262 41 22 och
418 261 109 28 Nocard>,
536 275 28 3 —
579 269 81 14 samma
671 261 94 22 erkända
777 261 140 22 auktoriteter
928 261 57 22 Frih.
996 269 43 14 von

208 291 92 21 Hellens
316 290 128 29 åberopade,
456 303 28 4 —
499 291 85 21 «hvilka
594 298 46 14 mer
649 293 27 19 än
687 291 67 21 andra
764 290 79 29 sysslat
852 290 50 21 med
912 290 126 21 hithörande

208 318 192 29 undersökningar,
420 319 67 22 hafva
506 321 75 20 nästan
602 319 53 22 aldrig
685 319 77 22 behöft
776 318 29 29 gå
819 318 57 22 ifrån
892 319 146 21 obduktionen

209 347 23 22 af
250 350 31 18 ett
296 347 55 29 djur,
365 355 47 14 som
426 350 103 26 reagerat,
544 350 52 19 utan
612 350 32 19 att
656 323 69 57 Tatra
740 347 101 29 päträffat
856 347 42 21 den
913 347 126 22 reaktionen

208 376 156 21 förorsakande
385 376 197 21 tuberkelhärden.s
614 377 51 21 Man
686 376 39 21 har
745 376 66 21 äfven
827 376 103 25 anmärkt,
945 379 31 18 att
990 377 48 20 när-

208 412 68 14 varon
297 405 23 21 af
335 405 67 21 andra
417 405 122 28 sjukdomar
553 405 69 22 skulle
637 412 27 21 ge
680 405 117 27 anledning
811 404 33 21 till
859 404 104 22 reaktion.
994 404 45 22 Vid

209 440 149 21 noggrannare
374 433 184 28 undersökningar
572 433 39 22 har
626 433 38 22 det
678 433 57 22 dock
750 434 57 21 visat
822 433 39 28 sig,
871 435 32 19 att
913 433 62 21 dessa
985 433 54 28 djur,

209 461 76 22 hvilka
300 462 93 28 antagits
409 462 65 21 hafva
489 465 97 25 reagerat
601 462 33 21 till
649 461 54 29 följd
719 462 23 21 af
757 461 67 22 andra
839 461 129 28 sjukdomar,
983 469 55 13 sam-

208 489 65 29 tidigt
295 491 56 20 varit
374 490 116 21 behäftade
512 490 48 21 med
587 498 26 14 en
639 490 52 21 eller
713 498 71 13 annan
806 490 52 21 liten
881 489 157 22 tuberkelhärd.

209 518 78 21 Denna
303 519 75 21 artikel
394 519 38 21 har
447 521 51 19 utan
513 519 78 22 tvifvel
606 521 43 19 sett
664 519 69 28 dagen
749 519 8 21 i
769 518 126 22 tidskriften
907 517 132 22 Landtman-

209 554 43 14 nen
273 547 44 28 just
332 554 35 20 nu,
383 548 89 21 emedan
487 547 75 28 frägan
577 547 66 22 äfven
659 548 7 20 i
682 547 90 28 Sverige
787 549 24 19 är
827 547 58 26 akut,
899 547 33 21 till
947 546 54 29 följd
1016 547 23 20 af

209 583 27 14 en
258 576 7 20 i
287 575 128 28 riksdagens
438 576 68 21 första
528 576 108 21 kammare
657 576 108 21 inlemnad
781 576 87 21 motion.
897 575 42 28 Jag
955 575 37 22 ber
1006 578 32 19 att

209 603 71 22 härtill
296 604 24 21 fä
335 604 115 22 inskränka
466 605 48 20 mitt
528 604 73 22 förord
616 605 35 20 för
666 604 125 22 Utskottets
807 604 142 21 betänkande.

279 661 36 21 Hr
342 661 33 22 W.
400 661 170 22 Schauman:
610 661 42 28 Jag
676 661 65 28 hyser
765 661 36 21 för
812 661 44 21 min
869 661 35 21 del
914 661 48 21 icke
974 661 65 28 nägot

208 689 103 28 stadgadt
344 690 124 21 förtroende
498 690 34 21 för
552 690 147 21 tuberkulinet
719 690 72 21 såsom
812 689 67 28 något
897 689 72 22 säkert
990 689 49 29 prof

208 717 41 27 för,
281 718 106 21 huruvida
418 719 124 21 tuberkulos
574 719 144 20 förekommer
749 719 53 21 eller
834 718 54 21 icke.
936 718 102 21 Tvärtom

209 747 58 20 visar
289 747 150 21 erfarenheten
460 747 97 28 exempel
576 747 34 28 på,
631 747 102 21 hurusom
753 747 92 26 kreatur,
861 747 73 21 hvilka
949 747 89 28 tidigare

208 775 171 28 ögonskenligen
401 778 99 25 reagerat
520 776 35 21 för
575 775 152 27 tuberkulinet,
742 775 38 22 vid
797 778 31 19 ett
843 783 74 14 senare
932 775 106 28 företaget

208 803 176 29 tuberkulinprof
399 804 49 21 icke
462 807 97 25 reagerat
574 804 42 21 och
631 804 39 21 hos
682 804 74 22 hvilka
766 804 38 21 vid
816 803 164 29 nedslagtandet
990 804 48 21 icke

209 831 84 22 kunnat
313 832 119 29 upptäckas
452 832 66 29 några
532 832 182 22 tuberkelhärdar.
743 833 54 21 Men
813 832 42 21 den
871 832 106 29 egentliga
995 832 44 21 frå-

207 867 43 21 gan
271 861 39 20 här
329 861 68 28 gäller
411 861 48 22 icke
489 861 34 22 prof
537 861 49 22 med
601 861 130 22 tuberkulin.
764 861 123 22 Utskottets
903 861 135 21 betänkande

209 889 52 21 eller
283 889 131 22 klämmarne
436 891 7 20 i
466 865 123 57 Utskottets
612 889 137 22 betänkande
770 889 28 28 gå
813 892 24 19 ut
852 889 28 29 på
895 892 32 19 att
940 889 60 28 gifva
1016 889 23 22 åt

208 917 179 28 myndigheterna
402 917 71 29 någon
486 918 110 29 möjlighet
606 921 32 19 att
647 918 135 22 förekomma
792 918 164 21 tuberkulosens
970 918 69 28 sprid-

207 946 58 27 ning.
295 946 77 21 Såsom
387 946 57 22 Frih.
459 954 43 14 von
518 927 90 41 Hellens
624 947 96 26 anförde,
735 947 40 21 har
790 947 37 21 det
841 947 137 21 förekommit
993 947 45 26 fall,

208 973 29 22 då
259 975 109 21 veterinär
391 975 110 22 förnekats
523 975 95 22 tillträde
640 975 33 22 till
696 975 136 29 ladugårdar,
854 975 39 21 der
914 975 124 22 tuberkulos

208 1002 93 22 faktiskt
318 1003 39 21 har
372 1003 149 27 konstaterats,
536 1004 41 21 och
592 1004 38 21 det
644 1006 24 19 är
683 1004 67 21 också
766 1003 68 22 kändt
848 1006 32 19 att
895 1004 48 21 från
959 1003 79 22 sådana

207 1031 130 28 ladugårdar
360 1032 125 22 tuberkulos
507 1033 102 21 särskildt
630 1040 78 21 genom
728 1033 98 28 mejerier
845 1032 41 21 och
900 1040 77 20 genom
993 1033 44 20 för-

208 1060 93 28 säljning
321 1060 23 21 af
359 1061 65 28 mjölk
440 1061 41 21 kan
497 1061 88 28 spridas.
615 1061 81 21 Derför
710 1069 64 14 anser
789 1061 36 28 jag
839 1061 23 21 af
877 1061 160 28 nödvändighe-

207 1091 38 18 ten
265 1088 111 29 påkalladt
391 1092 31 18 att
437 1089 176 29 myndigheterna
628 1089 79 22 erhålla
723 1090 72 27 någon
811 1089 59 22 makt
885 1092 31 19 att
930 1089 107 22 förekom-

208 1124 35 13 ma
261 1117 167 22 tuherkulosens
448 1118 111 29 spridning
579 1119 7 20 i
601 1118 27 21 de
644 1118 45 27 fall,
704 1118 29 21 dä
747 1119 43 20 den
806 1120 24 19 är
844 1118 92 21 faktiskt
951 1119 86 21 konsta-

207 1145 68 22 terad.
304 1146 38 21 Nu
364 1146 90 21 föreslär
476 1147 113 21 Utskottet
611 1147 7 21 i
641 1147 116 21 allmänhet
779 1154 26 14 en
821 1147 91 28 petition
927 1147 109 22 angäende

207 1175 135 48 Parosen
365 1182 35 14 om
423 1177 31 19 ett
476 1175 116 28 lagförslag
614 1175 103 22 afseende
738 1175 136 22 verksamma
890 1175 98 28 ätgärder
1002 1175 35 22 för

223 1203 113 21 ämmande
351 1203 24 21 af
389 1203 163 22 tuberkulosens
568 1204 112 27 spridning
696 1204 66 21 bland
775 1204 116 28 boskapen.
916 1204 66 21 Detta
992 1204 45 21 för-

207 1231 46 28 slag
277 1231 39 22 har
336 1231 91 22 sälunda
448 1232 48 22 icke
517 1232 71 28 nägon
608 1232 71 22 direkt
693 1232 132 29 gemenskap
841 1232 48 22 med
905 1232 132 22 tuberkulin-

207 1260 57 48 E
279 1263 53 18 utan
352 1260 83 28 äsyftar
450 1262 7 20 i
472 1261 115 21 allmänhet
602 1264 31 18 ett
648 1262 118 27 lagförslag
781 1269 35 13 om
831 1261 99 28 ätgärder
944 1264 44 18 mot
1003 1265 33 17 tu-

223 1288 126 22 erkulosens
371 1289 117 28 spridning.
517 1290 39 20 Ett
576 1290 78 21 sädant
674 1290 119 28 lagförslag
811 1298 63 13 anser
888 1290 36 28 jag
939 1297 51 14 vara
1004 1290 33 21 till

206 1316 93 22 fromma
321 1317 35 21 för
378 1317 211 29 ladugärdsskötseln
612 1318 41 22 och
675 1318 48 22 hela
743 1318 237 28 mjölkhushällningen,
996 1318 41 22 och

207 1344 74 22 derför
297 1345 68 22 skulle
380 1346 36 28 jag
431 1346 51 29 vilja
496 1346 132 22 understöda
642 1346 126 22 Utskottets
785 1346 141 22 betänkande.

276 1402 58 21 Frih.
353 1410 53 13 von
424 1403 158 28 Knorring:
613 1404 35 20 Dä
663 1412 29 13 nu
708 1404 23 21 af
746 1404 59 21 Frih.
820 1411 44 13 von
879 1404 97 26 Hellens,
991 1411 46 14 som

206 1429 39 22 här
260 1430 62 22 torde
338 1438 51 14 vara
405 1431 81 22 kanske
502 1432 40 21 den
558 1432 56 21 enda
628 1432 101 22 fackman
745 1432 29 29 pä
789 1432 37 21 det
841 1432 93 26 omräde,
949 1432 88 22 hvarom

205 1466 30 15 nu
255 1460 24 20 är
299 1459 68 27 fråga,
387 1460 26 28 på
430 1463 32 15 ett
476 1460 82 20 sakrikt
573 1462 43 19 sätt
631 1460 136 25 framhållits,
783 1461 54 21 huru
852 1460 138 28 nödvändiga
1004 1460 34 22 ät-

205 1486 80 28 gärder
305 1488 6 20 i
349 1490 21 19 det
388 1488 109 26 afseende,
512 1496 45 14 som
574 1488 23 22 af
611 1488 115 23 Utskottet
739 1490 8 20 i
764 1488 50 22 dess
829 1489 136 21 betänkande
980 1492 58 19 töre-

205 1515 82 28 slagits,
309 1518 43 24 äro,
375 1516 24 22 sä
419 1517 40 21 och
480 1519 50 19 enär
550 1518 110 21 dessutom
680 1518 23 21 af
719 1518 68 21 andra
802 1518 65 21 ärade
881 1518 66 21 talare
963 1517 26 22 de
1004 1519 32 20 in-
