1117 1781
229 141 42 21 932
489 148 25 16 R.
527 152 17 12 o.
557 148 23 16 A.
594 148 55 16 1897.
673 148 13 16 8
698 147 47 21 Maj.

269 214 36 22 Hr
326 215 35 18 W.
384 215 168 22 Schauman:
584 215 38 22 Uti
642 223 28 14 nu
685 215 100 27 gällande
800 216 35 28 lag
851 216 61 28 ingår
927 219 31 18 ett
973 215 57 22 stad-

201 242 71 29 gande
292 243 8 21 i
315 244 13 27 &
345 244 26 21 15
387 251 34 14 om
436 246 37 24 att,
488 243 28 22 då
536 244 130 21 ordförande
687 245 52 20 eller
761 245 180 22 viceordförande
955 245 76 28 afgäit,

201 274 48 26 nytt
264 272 35 21 val
311 272 38 21 bör
359 273 101 21 anställas
472 273 36 20 vid
519 272 67 22 första
598 273 106 21 ordinarie
715 273 220 22 kommunalstämma.
953 273 77 21 Denna

201 300 137 29 bestämning
362 301 39 20 har
422 301 87 28 intagits
530 301 96 22 hvarken
647 302 7 20 i
675 301 49 21 näd.
739 309 60 20 prop.
818 302 52 21 eller
885 303 6 20 i
907 301 123 23 Utskottets

203 329 144 21 betänkande.
376 329 126 22 Emellertid
518 329 87 28 stadgas
621 331 7 20 i
643 331 13 20 2
672 337 62 14 mom.
750 331 12 26 $
779 331 26 20 15
821 333 32 18 att
863 330 28 21 dä
902 330 128 21 ordförande

202 357 41 21 och
267 357 179 22 viceordförande
469 357 56 22 båda
546 358 76 28 afgätt,
649 358 214 21 kommunalstämma
878 359 152 28 ofördröjligen

202 385 55 22 skall
279 386 163 21 sammankallas
464 387 36 20 för
520 387 133 21 anställande
672 387 22 21 af
709 389 49 26 nytt
773 387 42 21 val.
845 387 42 27 Jag
901 395 62 14 anser
978 388 52 21 atti

202 415 11 20 1
237 421 64 14 mom.
323 422 26 13 en
369 414 179 29 tidsbestämning
568 417 24 19 är
607 415 92 28 behöflig
715 415 112 28 angäende
843 417 38 20 när
895 419 48 24 nytt
958 416 34 21 val
1008 416 22 21 af

201 442 131 22 ordförande
353 443 40 22 och
409 443 177 22 viceordförande
607 443 39 22 bör
668 444 43 26 ske,
733 443 28 22 dä
777 444 71 28 nägon
864 444 23 21 af
902 444 49 21 dem
966 445 22 20 af
1004 452 25 13 en

203 471 51 21 eller
277 479 71 14 annan
372 471 116 29 anledning
508 472 75 28 afgätt,
598 472 41 21 och
660 472 37 21 vill
713 473 6 20 i
735 472 78 21 sädant
828 473 102 21 afseende
945 473 85 26 föreslä,

201 502 32 18 att
255 499 130 28 stadgandet
407 501 6 20 i
435 508 28 13 nu
484 501 98 27 gällande
598 501 35 28 lag
649 508 33 13 om
698 503 31 19 att
744 504 49 25 nytt
808 501 35 21 val
859 501 53 22 skall
928 501 100 22 anställas

203 527 26 22 »å
251 528 43 21 den
308 528 106 21 ordinarie
435 529 219 26 kommunalstämma,
673 537 44 13 som
734 529 56 22 först
805 530 91 26 infaller,
911 530 66 21 sedan
993 530 36 21 be-

202 556 77 21 hofvet
295 557 21 20 af
331 560 48 25 nytt
394 557 35 21 val
444 557 68 21 kändt
527 558 65 26 blef»,
607 557 66 22 ocksä
688 558 66 21 mätte
770 558 51 28 ingä
836 559 6 20 i
859 558 36 21 det
907 559 121 27 lagförslag,

201 592 46 14 som
269 593 29 13 nu
319 585 116 28 föreligger
455 586 32 21 till
502 586 138 28 granskning.
670 586 41 28 Jag
727 586 96 22 anhäller
839 589 31 18 att
885 587 36 21 det
936 587 94 28 Höglof-

201 613 43 28 liga
259 613 92 22 Ständet
365 614 50 21 ville
432 616 109 26 samtycka
552 615 33 20 till
599 618 31 18 att
640 615 177 21 äterremmittera
829 616 34 27 S:n
874 615 32 21 till
917 615 113 22 Utskottet

201 642 35 21 för
251 645 32 18 att
299 643 6 20 i
321 643 77 28 antydt
413 643 56 28 syfte
484 643 159 28 kompletteras.

269 710 36 21 Hr
319 711 26 20 A.
358 711 25 21 L.
398 719 54 13 von
468 711 160 28 Knorring:
658 712 35 21 Dä
708 711 38 22 det
761 712 23 21 af
799 712 34 21 Hr
849 712 118 21 Schauman
978 719 50 21 nyss

201 738 126 22 framstälda
346 739 103 28 förslaget
466 740 39 21 har
520 740 45 21 skäl
581 740 34 21 för
631 741 33 27 sig
679 740 40 21 och
735 741 42 20 min
795 741 120 20 erfarenhet
929 741 48 20 från
993 740 37 22 det

201 767 41 26 län,
265 767 39 22 der
324 768 35 27 jag
378 768 86 21 utöfvar
484 769 224 26 embetsverksamhet,
725 769 66 21 också
806 769 72 28 gifver
892 769 38 21 vid
945 769 84 21 handen

201 798 32 18 att
253 798 31 19 ett
302 796 119 28 stadgande
443 797 7 20 i
469 797 36 21 det
523 797 23 21 af
564 797 34 21 Hr
614 797 119 22 Schauman
750 798 89 27 angifna
855 797 56 28 syfte
926 799 23 20 är
964 798 65 27 höge-

201 824 58 27 ligen
275 824 117 28 päkalladt,
408 825 37 21 ber
459 826 35 27 jag
510 825 22 21 fä
547 825 131 22 understöda
694 826 37 21 det
745 826 76 28 gjorda
835 826 111 28 yrkandet.

270 892 35 21 Hr
325 893 125 22 Alexander
470 894 150 21 Aminoff:
651 894 43 21 För
714 895 43 20 min
778 895 35 20 del
829 902 62 14 anser
905 895 35 28 jag
956 894 36 21 det
1007 895 23 21 af

201 921 34 20 Hr
250 920 129 27 Schauman,
394 921 128 27 Waldemar,
537 922 75 29 gjorda
627 923 190 28 tilläggsförslaget
830 923 47 22 icke
889 923 139 28 erforderligt.

200 949 12 20 I
234 949 43 21 den
297 949 56 22 form
372 950 34 21 Hr
422 950 119 22 Schauman
561 951 112 28 föreslagit
697 951 60 22 torde
773 952 37 21 det
826 953 6 20 i
848 953 64 26 ingen
928 951 100 22 händelse

201 978 74 21 kunna
298 981 95 25 antagas,
417 979 32 26 dä,
472 979 69 21 säsom
564 979 81 21 enhvar
667 980 23 21 af
712 980 102 21 Ständets
837 981 136 20 medlemmar
992 980 37 21 vid

200 1007 179 27 genomläsandet
393 1007 24 21 af
431 1007 145 22 betänkandet
590 1008 82 21 kunnat
687 1009 63 25 finna,
766 1009 37 20 det
817 1009 87 28 förslag,
917 1016 44 13 som
973 1009 56 21 före-

201 1035 69 27 ligger
285 1035 32 21 till
333 1035 135 29 behandling,
479 1037 47 20 icke
537 1036 71 21 säsom
619 1045 29 12 nu
658 1037 99 27 gällande
770 1037 129 28 författning
910 1039 39 26 gör
958 1037 70 28 nägon

201 1063 85 21 skilnad
303 1064 89 21 emellan
408 1065 105 21 ordinarie
529 1065 40 21 och
585 1068 59 18 extra
660 1065 219 22 kommunalstämma.
903 1065 75 22 Säsom
992 1067 36 27 jag

203 1091 56 22 hade
283 1094 51 19 äran
357 1093 118 26 framhälla,
498 1101 62 13 anser
579 1094 34 27 jag
635 1093 56 22 dock
709 1094 65 21 äfven
796 1094 74 29 hvarje
889 1094 138 27 stadgande
1012 1087 18 40 i

201 1120 68 21 sådan
285 1121 96 28 riktning
396 1121 34 21 Hr
446 1121 119 22 Schauman
581 1122 117 21 framhällit
711 1123 95 27 onödigt.
835 1123 70 28 Afgär
917 1123 111 20 ordföran-

201 1148 48 26 den,
268 1149 73 21 träder
359 1150 135 28 naturligtvis
513 1151 193 21 viceordföranden
729 1151 132 21 omedelbart
876 1152 7 20 i
899 1151 52 21 hans
967 1151 61 21 ställe

201 1177 41 21 och
261 1177 38 22 det
317 1179 24 20 är
355 1178 88 21 alldeles
459 1179 111 28 sjelffallet,
586 1182 31 18 att
632 1179 36 21 vid
684 1180 173 21 förstinfallande
873 1180 155 21 sammanträde

200 1208 48 25 nytt
270 1207 34 20 val
327 1207 97 21 kommer
444 1210 30 18 att
490 1207 43 21 ske.
563 1207 71 28 Afgär
648 1208 46 21 äter
709 1208 200 27 viceordföranden,
925 1208 40 21 och
980 1209 48 20 ord-

200 1234 105 22 föranden
329 1235 83 21 säledes
432 1235 184 29 fortsättningsvis
632 1238 23 19 är
670 1237 24 21 sä
709 1239 31 19 att
755 1239 52 26 säga
822 1238 5 20 i
844 1237 184 28 tjensteutöfning,

201 1264 22 20 är
245 1264 66 20 saken
333 1264 82 21 mindre
436 1264 140 22 brädskande.
606 1265 43 21 För
668 1266 44 20 min
732 1266 35 20 del
785 1266 92 21 töreslär
891 1266 34 28 jag
941 1268 31 18 att
988 1266 40 21 Ut-

200 1291 93 22 skottets
309 1292 136 22 betänkande
461 1293 139 21 oförändradt
615 1294 66 20 mätte
696 1294 132 28 godkännas.

269 1354 34 21 Hr
318 1355 25 21 T.
359 1356 141 21 Aminoff:
530 1356 34 21 Hr
580 1356 131 22 Schaumans
727 1357 82 28 förslag
825 1359 23 19 är
860 1357 166 28 uppenbarligen

200 1390 26 13 en
250 1382 129 29 försämring
402 1384 22 21 af
447 1384 37 21 det
504 1384 90 28 projekt,
616 1392 45 14 som
676 1385 115 21 Utskottet
805 1386 117 27 föreslagit.
952 1385 75 21 Säsom

199 1418 28 13 nu
243 1411 68 21 redan
327 1411 34 21 Hr
376 1412 101 27 Aminoff,
493 1413 129 26 Alexander,
637 1414 82 27 antydt,
730 1414 61 26 skall,
806 1414 25 21 sä
846 1417 59 18 snart
917 1414 111 21 ordföran-

199 1439 42 21 den
257 1440 68 27 afgär,
337 1443 48 25 nytt
400 1441 35 21 val
450 1441 133 21 omedelbart
598 1442 101 21 anställas
715 1442 40 22 och
771 1442 68 28 enligt
855 1443 11 26 $
883 1444 26 20 19
921 1442 60 21 heter
992 1442 36 22 det

201 1467 228 23 »kommunaistämma
452 1470 38 21 bör
512 1470 67 21 hällus
600 1470 25 21 sä
644 1470 46 22 ofta
709 1471 212 28 omständigheterna
939 1470 36 22 det
990 1471 37 29 pä-

199 1496 78 22 kalla».
307 1497 44 21 Det
370 1499 23 19 är
409 1498 82 21 säledes
506 1498 134 28 nödvändigt
656 1502 37 23 att,
708 1499 24 21 sä
747 1502 60 18 snart
822 1506 26 14 en
864 1499 95 28 ledighet
974 1507 53 21 upp-

198 1524 53 21 stätt
276 1525 133 22 beträffande
432 1526 220 29 ordförandeplatsen,
676 1528 162 21 vederbörande
862 1528 24 20 sä
908 1530 59 19 suart
982 1536 45 14 som
