1117 1781
286 132 279 21 Kommunalförvaltningen
577 131 28 22 på
617 132 77 17 landet.
836 126 41 20 903

77 202 66 22 rande
165 201 23 22 af
210 204 31 19 ett
263 204 47 26 nytt
332 204 94 18 moment
444 201 68 21 under
528 208 62 14 mom.
606 201 33 20 14.
669 200 51 21 Skäl
736 199 71 22 kunde
823 200 81 21 kanske

77 231 65 21 äfven
165 237 51 14 vara
238 232 31 19 att
289 233 50 24 taga
355 230 6 21 i
377 229 167 28 öfvervägande,
566 228 106 22 huruvida
693 229 47 21 icke
755 228 149 29 paragrafen
892 224 15 38 i

78 260 49 21 dess
152 258 110 29 inledning
284 258 66 21 borde
374 258 162 21 omformuleras
559 257 91 22 sålunda
672 260 31 18 att
725 257 62 21 deraf
808 257 96 28 tydligen

77 288 119 27 framginge
212 290 31 18 att
258 287 27 21 de
300 287 6 20 i
323 288 34 26 S:n
373 287 140 28 uppräknade
529 287 121 28 punkterna
665 285 67 22 måste
748 285 108 22 betraktas
867 293 38 14 en-

78 317 48 20 dast
141 315 70 22 såsom
227 315 97 29 exempel
339 315 28 28 på
382 315 100 26 ärenden,
497 315 74 22 hvilka
582 315 114 21 ankomma
706 314 13 21 å
729 314 107 22 kommun.
860 314 45 21 Det

78 347 24 19 är
117 345 54 20 visst
193 348 48 17 sant
259 347 30 18 att
305 345 26 20 13
345 344 96 27 punkten
457 345 6 20 i
480 343 60 22 detta
562 343 104 22 afseende
688 343 90 28 antyder
793 346 31 18 att
839 343 65 21 äfven

78 373 66 21 andra
159 372 73 29 frågor
244 373 73 20 kunna
332 372 67 21 blifva
414 372 91 21 föremål
519 372 35 21 för
570 371 223 22 kommunalstämmas
810 371 95 22 behand-

78 402 50 27 ling.
150 401 52 22 Men
218 401 37 22 det
270 409 50 13 vore
337 401 81 21 kanske
433 401 117 28 anledning
562 403 32 18 att
604 400 150 21 omformulera
765 400 138 28 inledningen

78 429 98 22 sålunda:
209 430 24 21 >»I
255 430 213 21 kommunalstämma
490 430 34 21 mä
547 429 32 21 till
602 429 165 28 öfverläggning
788 429 41 21 och
844 429 60 27 afgö-

78 459 65 20 rande
165 462 105 25 upptagas
286 458 99 27 ärenden,
401 465 45 14 som
462 458 56 28 angå
534 458 140 21 kommunens
690 457 157 22 hushållnings-
863 457 41 22 och

78 487 302 28 ordningsangelägenheter»,
403 487 40 21 och
466 487 121 21 sedermera
609 486 97 28 tillägga:
731 485 108 22 »Sälunda
854 493 50 20 eger

77 515 212 22 kommunalstämma
305 515 64 22 bland
385 518 65 19 annat
467 515 121 28 handlägga
604 514 94 29 följande
714 514 99 27 ärenden,
828 515 75 20 nämli-

76 552 41 20 gen
133 552 18 13 0.
167 552 15 14 s.
197 552 32 13 v.»

145 601 58 22 Frih.
218 609 42 14 von
276 601 125 22 Kothen:
428 601 43 28 Jag
494 601 50 21 ville
563 601 55 21 blott
632 600 112 22 framhälla
759 603 31 18 att
804 601 36 28 jag
855 600 48 21 icke

77 630 110 28 angäende
203 630 69 21 denna
287 630 61 28 fräga
359 637 34 14 om
404 630 132 28 sparbanker
546 630 66 21 afsett
623 629 62 22 deras
696 629 120 22 inrättande
825 636 78 21 genom

76 659 209 28 uttaxeringsmedel.

145 716 34 21 Hr
194 716 24 21 L.
233 715 152 22 Mechelin:
411 715 34 22 Dä
468 715 75 28 frägan
566 723 35 14 om
623 715 130 22 inrättandet
768 715 23 21 af
806 718 97 19 varrant-

76 745 95 28 magasin
195 745 108 28 upptagits
326 745 69 20 säsom
412 751 25 14 en
454 744 56 21 skild
527 744 69 29 punkt
611 743 65 22 bland
692 743 98 27 ärenden,
805 751 46 14 som
867 751 36 14 an-

77 773 84 21 komma
177 773 13 21 &
205 773 219 26 kommunalstämma,
446 773 25 21 sä
486 773 42 21 kan
547 773 36 21 väl
598 772 88 21 dermed
701 773 48 21 icke
765 773 57 21 afses
838 775 65 18 annat

76 803 27 20 än
119 804 30 18 att
163 803 52 26 göra
230 801 78 28 tydligt
323 805 31 18 att
369 801 129 22 kommunen
514 803 23 19 är
552 801 120 28 berättigad
688 804 31 18 att
734 802 77 20 inrätta
830 801 73 28 dylika

76 830 71 21 säsom
170 830 135 21 kommunala
327 831 151 25 institutioner,
502 830 40 21 och
558 830 74 21 derför
646 837 40 14 var
700 829 36 22 det
751 830 46 21 skäl
813 833 31 18 att
859 831 44 20 sär-

77 858 66 21 skildt
164 862 94 25 upptaga
281 859 64 21 detta.
375 859 51 20 Men
451 859 90 28 uppstär
562 858 77 29 frägan
655 861 31 18 att
700 858 48 21 frän
764 859 138 21 kommunens

76 887 47 21 sida
146 887 65 28 något
233 887 84 28 tillgöra
334 887 34 21 för
383 890 32 18 att
430 887 101 21 befordra
546 887 260 28 jernvägsanläggningar,
821 887 24 21 sä
860 887 42 21 kan

76 917 35 26 jag
127 916 47 21 icke
190 916 56 21 finna
261 919 32 18 att
307 915 70 22 denna
393 917 12 19 6
422 916 12 27 &
450 915 70 22 skulle
532 916 74 21 kunna
616 916 104 28 åberopas
731 916 69 21 såsom
812 916 7 20 i
832 915 71 28 någon

78 944 47 21 män
148 944 106 28 hinderlig
277 945 34 20 för
333 944 80 21 sädana
431 946 83 19 ämnen.
544 945 138 20 Kommunen
698 944 40 21 kan
754 944 107 29 knappast
875 945 28 28 pä

76 975 65 18 annat
163 975 42 18 sätt
227 973 66 21 verka
316 973 34 21 för
370 973 71 21 lokala
465 973 77 21 banors
562 973 118 28 uppkomst
694 975 26 18 än
735 980 76 21 genom
827 972 76 29 bidrag

76 1001 51 21 eller
142 1001 132 28 delaktighet
289 1001 51 27 deri,
355 1001 40 22 och
411 1001 28 21 dä
455 1003 23 20 är
489 1001 59 22 detta
559 1002 21 27 ju
592 1009 26 14 en
631 1001 161 28 angelägenhet,
802 1001 34 21 för
847 1001 56 21 hvil-

77 1029 41 22 ken
129 1029 128 22 kommunen
273 1031 6 20 i
295 1031 26 20 99
337 1030 37 21 fall
390 1030 23 21 af
429 1031 41 20 100
487 1030 54 21 skall
556 1031 56 20 finna
628 1031 33 26 sig
676 1009 109 42 nödsakad
802 1033 31 18 att
848 1037 54 21 upp-

76 1062 50 24 taga
147 1059 41 20 lån.
217 1058 120 28 Angående
359 1060 43 19 rätt
423 1059 35 20 för
481 1059 128 21 kommunen
630 1062 32 17 att
677 1061 93 26 upptaga
785 1058 34 21 lån
835 1059 67 21 finnes

76 1087 101 28 stadgadt
191 1087 6 20 i
213 1087 162 28 författningen,
397 1087 40 21 och
461 1087 29 21 då
512 1087 78 21 sådant
613 1087 70 21 beslut
701 1088 72 25 fattas,
788 1087 24 21 så
827 1089 24 19 är
865 1087 38 22 det

77 1115 55 21 klart
147 1118 32 18 att
194 1115 126 27 ändamålet,
335 1116 34 21 för
385 1115 83 22 hvilket
483 1116 59 21 lånet
556 1119 112 25 upptages,
682 1115 76 29 jemväl
775 1116 127 21 bestämmes

77 1144 40 21 och
133 1144 94 21 kommer
242 1144 68 21 under
325 1144 66 28 högre
407 1144 137 29 myndighets
560 1144 107 29 pröfning.
689 1143 42 29 Jag
746 1144 68 21 skulle
829 1144 73 21 derför

77 1173 47 20 icke
134 1173 56 20 finna
201 1173 75 20 hinder
290 1173 105 28 föreligga
405 1173 34 20 för
451 1173 102 21 kommun
562 1176 32 18 att
605 1173 99 21 använda
713 1173 32 21 sin
756 1173 71 20 kredit
838 1173 64 20 bland

76 1203 65 18 annat
156 1201 32 20 till
204 1201 131 28 delaktighet
350 1202 7 20 i
371 1202 192 27 jernvägsföretag,
579 1201 90 22 oaktadt
679 1201 76 22 sådant
765 1201 47 22 icke
823 1203 23 19 är
858 1203 44 19 sär-

76 1229 65 21 skildt
157 1230 124 21 omnämndt
295 1231 7 20 i
319 1231 25 21 13
360 1230 103 28 punkten,
478 1233 24 26 ty
518 1230 56 22 hvad
591 1231 6 20 i
614 1231 26 20 13
656 1230 94 29 punkten
766 1230 135 21 subsumeras

76 1258 67 21 måste
159 1258 46 21 afse
221 1258 81 22 sådana
317 1259 47 21 icke
376 1259 50 28 eljes
439 1259 129 21 förutsedda
578 1259 52 21 eller
640 1258 149 29 specificerade
802 1258 99 25 ärenden,

76 1294 45 14 som
137 1286 72 22 kunna
225 1295 50 13 vara
290 1288 35 20 för
340 1287 128 21 kommunen
485 1288 23 21 af
522 1288 112 28 betydelse
650 1288 40 20 och
705 1295 61 21 gagn.
789 1287 35 21 Då
835 1287 67 21 likväl

74 1315 95 28 yrkande
191 1316 28 28 på
233 1315 120 22 återremiss
369 1316 23 21 af
407 1317 12 27 $
435 1316 23 21 af
474 1316 64 22 äfven
554 1316 67 21 andra
636 1316 47 21 skäl
698 1319 35 25 egt
748 1324 51 18 rum,
815 1316 37 21 vill
867 1316 35 28 jag

76 1344 47 21 icke
145 1346 101 19 motsätta
268 1346 43 26 mig
333 1347 32 18 att
387 1344 239 22 Kommunalutskottet
648 1344 69 22 skulle
738 1352 117 21 uppmanas
871 1348 31 17 att

76 1372 101 22 särskildt
199 1376 49 24 taga
262 1374 6 20 i
284 1373 166 28 öfvervägande,
474 1373 107 21 huruvida
596 1373 143 28 tilläfventyrs
755 1376 31 18 ett
801 1372 101 22 särskildt

76 1401 155 21 omnämnande
247 1402 23 20 af
285 1401 99 28 åtgärder
407 1402 32 20 till
456 1402 144 21 befordrande
616 1402 23 20 af
656 1402 109 28 jernvägar
780 1402 41 21 och
836 1402 65 21 äfven

74 1429 66 21 andra
156 1430 73 28 dylika
244 1430 34 21 för
293 1430 101 21 kommun
410 1431 85 27 nyttiga
510 1430 84 28 företag
610 1430 66 21 borde
692 1430 100 21 särskildt
807 1432 94 19 omnäm-

75 1465 44 13 nas.
148 1458 138 22 Beträffande
309 1458 46 22 åter
375 1458 58 22 Frih.
448 1466 44 14 von
509 1459 69 21 Borns
594 1460 138 24 reservation,
747 1458 24 22 så
786 1466 63 21 synes
865 1458 37 22 det

75 1486 43 27 mig
133 1486 71 27 också,
219 1494 46 14 som
281 1494 33 14 om
331 1487 26 21 de
373 1487 69 28 bägge
457 1495 76 14 senare
548 1491 121 17 momenten
686 1488 29 20 uti
731 1487 41 21 den
787 1487 24 21 af
823 1487 78 21 honom

74 1514 122 29 föreslagna
212 1516 26 20 14
255 1516 95 28 punkten
366 1514 72 23 kunde
453 1524 53 13 vara
522 1516 82 28 egnade
620 1518 31 19 att
666 1516 117 28 förebygga
793 1516 108 28 splittring
