1117 1781
277 137 80 17 Finska
368 136 81 21 privata
461 136 245 18 fruntimmersskolorna.
830 131 40 20 527

140 205 66 21 Hvad
229 205 102 21 beträffar
346 204 67 21 andra
427 205 113 26 klämmen,
556 204 39 22 der
610 204 37 22 det
662 204 97 29 påyrkas,
775 207 32 18 att
821 205 80 21 under-

72 233 48 22 stöd
136 233 23 21 af
173 233 106 21 allmänna
295 233 69 21 medel
380 233 32 21 till
427 235 67 19 större
511 233 79 28 belopp
606 235 26 19 än
646 234 61 24 2,000
717 233 59 21 mark
788 233 35 21 för
833 233 68 28 högre

72 262 40 21 och
134 263 61 25 1,000
217 262 60 21 mark
292 262 35 21 för
341 262 58 27 lägre
415 261 82 22 klasser
512 241 69 42 sllle
597 261 90 29 beviljas
702 262 83 28 privata
800 262 100 21 fruntim-

71 290 135 27 mersskolor,
228 291 24 20 så
273 290 37 21 vill
332 291 36 27 jag
391 290 98 21 meddela
512 293 32 18 att
566 290 38 21 det
625 290 65 21 äfven
713 291 57 20 inom
787 290 115 21 Utskottet

72 319 56 21 varit
149 319 62 28 fråga
233 326 34 14 om
289 321 31 18 att
335 319 117 21 bestämma
467 321 31 19 ett
513 319 55 21 visst
582 319 173 28 maximibelopp.
786 319 116 22 Utskottet

72 347 38 21 har
133 347 56 22 dock
208 347 47 22 icke
271 347 72 21 funnit
358 347 45 21 skäl
418 350 32 18 att
465 347 65 21 binda
546 347 110 28 Styrelsen
671 355 76 20 genom
763 347 66 28 något
843 351 58 18 utta-

72 375 62 22 lande
159 377 7 20 i
189 383 26 14 en
241 376 51 21 eller
316 383 70 14 annan
411 376 99 28 riktning.
540 376 53 21 Man
618 375 62 22 torde
704 376 21 28 ju
741 376 47 21 icke
805 376 96 21 behöfva

71 404 78 27 frukta,
165 408 31 18 att
211 405 134 28 Regeringen
362 404 68 21 skulle
445 405 47 21 visa
508 405 33 27 sig
556 404 24 21 så
594 404 92 27 gifmild,
701 407 32 18 att
747 404 42 21 den
800 405 100 27 onödigt-

72 433 33 21 vis
121 433 138 22 bortkastade
275 433 22 21 af
312 433 47 21 sina
374 433 69 21 medel
458 433 34 21 för
507 433 185 21 understödandet
706 433 23 20 af
743 433 84 28 privata
839 433 63 21 frun-

72 462 173 21 timmersskolor.
274 461 33 22 På
328 461 70 21 denna
419 461 70 28 grund
505 469 63 14 anser
582 462 42 28 jag,
639 464 32 18 att
686 469 24 14 en
727 461 120 22 återremiss
863 461 37 21 be-

72 490 105 22 träffande
198 491 71 21 denna
291 489 67 22 andra
379 490 55 21 kläm
454 492 24 19 är
492 490 87 28 onödig,
594 490 42 21 och
651 490 37 21 vill
704 489 89 22 sålunda
809 490 38 22 hos
863 489 38 22 det

73 519 123 28 Höglofliga
219 519 92 21 Ståndet
333 518 87 21 förorda
440 518 131 29 antagandet
586 519 24 20 af
625 518 123 22 Utskottets
764 518 137 22 betänkande

73 548 7 20 i
95 547 49 22 dess
159 547 79 22 helhet.

143 609 70 22 Sedan
236 610 150 21 diskussionen
405 609 87 22 härmed
508 610 108 26 afslutats,
630 609 124 22 framstälde
769 609 34 22 Hr
818 609 83 22 Landt-

72 639 135 21 marskalken
223 639 48 20 med
287 638 102 21 afseende
405 638 51 21 derå
471 641 31 18 att
516 639 113 28 yrkanden
644 639 67 27 gjorts
726 638 28 29 på
769 637 131 29 antagandet

74 667 22 21 af
122 667 103 28 förslaget
247 668 30 20 uti
300 668 165 26 reservationen,
488 670 32 18 att
544 667 84 28 privata
654 667 67 21 finska
745 667 156 21 fruntimmers-

74 696 99 21 skolorna
194 697 7 20 i
222 695 102 27 Joensuu,
344 695 32 22 S:t
391 695 81 22 Michel
488 695 41 22 och
544 695 137 22 Nikolaistad
696 695 64 22 måtte
776 695 125 28 öfvertagas

74 724 22 21 af
111 727 76 24 staten,
202 724 95 29 följande

338 809 287 28 Omröstningsproposition
632 817 4 13 :

142 872 55 26 Den,
219 879 45 14 som
285 872 125 28 godkänner
430 872 125 21 Utskottets
578 871 117 28 afböjande
713 871 23 22 af
750 871 105 28 förslaget
869 873 34 19 att

74 903 69 19 staten
165 901 66 21 mätte
254 901 112 27 öfvertaga
387 900 145 28 nyssnämnda
553 901 85 28 privata
662 900 67 21 finska
744 900 158 21 fruntimmers-

74 929 77 27 skolor,
166 931 69 20 röstar
249 930 32 28 ja;

143 987 76 20 vinner
240 987 41 27 nej,
304 985 101 22 omfattar
426 986 26 21 R.
472 993 19 14 o.
507 986 26 21 A.
549 985 37 22 det
601 985 82 28 förslag
697 985 32 22 till
743 986 97 28 petition,
855 993 46 13 som

74 1015 31 20 uti
120 1015 158 21 reservationen
294 1014 66 29 ingär.

143 1071 32 22 På
197 1072 93 27 begäran
311 1071 108 22 anstäldes
442 1072 70 21 sluten
536 1072 106 27 votering,
665 1071 40 22 och
729 1071 27 22 dä
778 1071 124 22 densamma

74 1100 63 21 utföll
152 1100 48 21 med
217 1101 26 21 89
259 1101 20 28 ja
295 1100 40 21 och
351 1101 27 20 28
393 1101 41 28 nej,
449 1100 55 21 hade
519 1100 27 21 R.
564 1107 18 14 o.
598 1101 27 20 A.
641 1100 87 21 beslutit
743 1102 31 19 att
788 1101 7 20 i
807 1099 96 28 enlighet

74 1129 50 21 med
138 1129 124 22 Utskottets
279 1128 133 22 betänkande
427 1129 73 28 afböja
514 1128 108 29 yrkandet
637 1129 27 28 på
677 1128 139 22 förenämnda
826 1131 77 19 trenne

76 1157 83 22 skolors
175 1157 154 28 öfvertagande
345 1157 22 21 af
383 1160 75 19 staten.

145 1220 34 21 Då
203 1220 94 21 derefter
318 1219 240 29 specialgranskningen
580 1219 23 22 af
618 1219 28 22 de
661 1220 7 20 i
684 1219 144 22 betänkandet
843 1218 61 28 ingå-

75 1248 55 22 ende
150 1249 109 28 förslagen
281 1249 96 28 företogs
399 1252 55 18 samt
476 1249 77 21 främst
575 1248 124 22 Utskottets
720 1248 56 21 kläm
791 1247 28 29 på
834 1247 39 21 sid.
889 1248 14 20 5

75 1278 90 21 rörande
188 1277 63 22 dessa
273 1278 229 21 fruntimmersskolors
524 1276 175 23 understödande
714 1276 47 22 med
777 1276 127 28 tillräckligt

76 1306 133 28 statsanslag,
225 1306 71 22 anhöll

144 1369 34 21 Hr
193 1369 99 21 Ramsay
327 1371 32 19 att
373 1368 24 22 få
402 1359 128 31 återhemta
545 1369 38 21 sitt
598 1368 68 21 under
682 1368 41 21 den
738 1368 105 21 allmänna
859 1366 45 22 dis-

76 1398 116 21 kussionen
207 1398 75 28 gjorda
297 1397 96 29 yrkande
408 1397 28 29 på
450 1398 117 27 förslagets
583 1396 146 22 förkastande.

146 1460 71 22 Sedan
238 1460 57 21 Frih.
318 1460 31 22 M.
371 1460 35 21 W.
428 1460 28 21 af
476 1460 140 22 Schultén
631 1460 78 28 jemväl
724 1462 105 26 upprepat
844 1459 38 21 sitt
897 1458 7 21 i

76 1489 111 21 enahanda
205 1489 56 29 syfte
276 1488 83 28 gäende
374 1488 117 27 uttalande,
506 1488 125 22 framstälde
647 1488 35 21 Hr
696 1487 208 23 Landtmarskalken

75 1518 33 21 till
124 1517 101 22 Ständets
242 1517 132 22 besvarande
389 1517 95 29 följande
