1117 1781
428 140 119 23 Jagtlagen.
832 136 41 20 835

99 210 42 22 und
165 209 62 22 häraf
248 209 110 22 vördsamt
379 209 81 22 föreslå
483 212 31 19 att
536 209 128 29 paragrafen
687 209 164 22 återremitteras
869 210 34 21 till

74 219 114 42 Ötekottet
202 238 35 21 för
252 238 113 21 införande
381 238 44 21 deri
438 239 24 20 af
478 241 30 18 ett
523 241 96 18 moment
633 238 152 22 motsvarande
799 240 14 20 4
829 246 54 14 anm.
896 239 7 20 i

76 269 26 20 16
118 269 12 26 8
145 267 23 22 af
183 266 48 22 nåd.
247 274 59 21 prop.

144 324 57 21 Frih.
217 324 28 21 O.
260 325 27 20 A.
301 324 112 22 Wrede:
430 325 43 21 Om
488 332 48 14 man
554 325 76 21 jemför
645 325 69 28 punkt
729 326 12 20 2
757 325 23 21 af
790 325 26 21 14
827 325 19 27 &,
857 332 45 13 som

75 354 26 21 R.
117 361 18 14 o.
151 353 26 21 A.
196 355 44 26 just
261 353 121 26 behandlat,
397 353 49 22 med
461 333 118 42 innehållet
594 354 6 20 i
616 354 13 27 &
646 355 33 25 15,
694 353 23 22 så
732 353 94 28 framgår
841 353 63 22 deraf

75 382 78 29 tydligt
175 384 38 24 att,
235 389 35 14 om
285 381 149 22 erfarenheten
450 383 57 20 visat
516 385 38 25 att
568 382 202 28 fridlysningstiden
785 382 34 21 för
834 381 69 29 ejder-

76 411 61 26 hane,
157 418 51 14 vare
223 411 34 27 sig
272 410 41 21 den
328 410 144 21 förekommer
486 411 7 20 i
508 411 84 21 Ålands
608 411 103 28 skärgård
727 411 51 20 eller
793 412 111 19 annorstä-

77 439 43 26 des,
136 441 22 19 är
173 439 108 28 olämplig,
295 439 25 20 så
335 439 42 21 kan
392 439 136 28 Regeringen
544 439 102 21 förändra
662 439 128 22 densamma.
805 439 41 28 Jag
857 439 46 21 hål-

76 468 31 21 ler
122 467 83 22 således
219 467 46 22 före
281 470 31 18 att
327 467 163 29 bestämningen
505 469 7 20 i
528 475 54 14 anm.
603 469 13 20 4
632 467 23 22 af
670 467 49 22 nåd.
729 475 60 21 prop.
801 467 61 28 ingår
872 468 31 20 uti

77 496 250 22 utskottsbetänkandets
344 497 12 26 $
373 497 32 20 15.

145 553 58 22 Frih.
217 553 136 22 Aminoff:
375 553 42 28 Jag
432 553 106 22 vidhåller
552 553 35 22 Hr
602 553 147 29 Gripenbergs
765 553 140 28 anmärkning

78 585 31 18 att
130 582 38 21 här
190 582 110 27 verkligen
323 583 7 20 i
354 583 25 20 15
401 584 13 26 $
430 582 77 21 endast
522 582 54 21 talas
592 590 34 13 om
642 581 211 29 fridlysningstidens
868 585 35 17 ut-

77 611 129 27 sträckning,
229 618 48 13 men
292 611 116 27 ingalunda
422 618 35 14 om
474 611 149 27 utsträckning
638 611 24 21 af
677 611 118 21 tillständet
809 613 31 18 att
854 611 50 28 jaga

76 639 59 22 detta
157 639 57 28 slags
237 639 55 21 vildt
306 639 32 21 till
354 639 66 22 andra
436 639 60 22 delar
510 639 24 22 af
548 639 79 22 landet.
657 639 42 28 Jag
714 639 141 22 understöder
869 638 35 21 Hr

77 668 146 28 Gripenbergs
246 668 81 27 förslag
348 671 31 18 att
399 676 26 13 en
447 668 87 21 rättelse
550 669 6 20 i
573 668 60 21 detta
648 667 102 22 afseende
766 667 65 22 mätte
846 667 58 21 före-

76 700 67 25 tagas,
165 696 49 21 dess
237 704 45 13 mer
302 704 45 13 som
369 697 36 28 jag
427 699 45 19 tror
491 699 32 19 att
538 697 125 22 Utskottets
679 697 86 28 mening
780 696 64 22 äfven
859 703 46 18 var,

77 725 128 22 åtminstone
228 733 38 13 var
289 725 37 21 det
348 725 105 22 komitens
472 727 93 26 mening,
580 728 32 18 att
627 726 48 21 icke
690 733 76 20 genom
782 724 123 28 ständerlag

78 753 64 22 binda
157 753 128 29 rättigheten
301 756 32 19 att
347 753 71 29 skjuta
434 754 115 29 ejderhane
566 754 77 21 endast
654 754 37 21 vid
702 747 83 28 Ålands
795 753 111 28 skärgård,

77 785 52 18 utan
139 785 31 18 att
185 782 72 26 äfven,
272 790 34 13 om
322 782 24 21 så
361 783 91 28 fordras,
466 783 138 28 Regeringen
620 783 73 22 kunde
705 782 109 22 utsträcka
825 782 37 21 det
871 781 33 22 till

78 811 66 21 andra
159 811 60 21 delar
233 811 24 21 af
271 811 78 21 landet.

341 897 286 28 Omröstningsproposition
636 905 4 13 :

147 954 56 27 Den,
219 961 45 14 som
277 954 126 28 godkänner
414 954 124 22 Utskottets
547 954 82 28 förslag
636 953 91 22 rörande
732 949 10 38 $
758 955 32 26 15,
798 955 68 20 röstar
874 954 32 28 ja;

148 1012 75 21 vinner
245 1012 40 27 nej,
306 1011 165 22 äterremitteras
495 1012 35 27 &:n
552 1011 32 21 till
606 1011 115 22 Utskottet
741 1012 7 20 i
769 1011 102 22 afseende
893 1011 14 20 &

79 1040 112 21 införande
207 1041 30 20 uti
250 1040 118 21 detsamma
383 1040 23 21 af
417 1040 27 21 de
456 1040 165 28 bestämningar,
630 1047 46 14 som
684 1040 144 21 förekomma
815 1035 10 37 i
836 1039 70 29 fjerde

80 1069 166 28 anmärkningen
261 1069 32 20 till
309 1069 12 27 $
338 1069 26 21 16
381 1069 66 28 enligt
462 1068 50 21 näd.
527 1076 60 21 prop.

148 1125 67 22 Detta
235 1125 226 28 omröstningsförslag
482 1125 130 21 besvarades
632 1125 48 21 med
701 1125 160 28 öfvervägande
875 1125 32 28 ja;

80 1154 41 21 och
142 1161 39 14 var
202 1154 32 21 till
256 1153 54 29 följd
332 1154 62 21 häraf
417 1155 11 26 &
451 1155 26 20 15
492 1153 103 29 godkänd
611 1153 67 28 enligt
693 1153 122 22 Utskottets
831 1153 75 21 betän-

80 1182 76 21 kande.

149 1239 72 22 Sedan
243 1241 15 26 $
278 1241 29 21 16
326 1239 73 23 blifvit
417 1239 67 29 gillad
499 1242 52 19 utan
567 1239 147 29 anmärkning,
728 1238 84 30 yttrade
827 1239 8 21 i
849 1238 59 22 afse-

81 1268 54 22 ende
150 1268 13 22 ä
177 1270 16 27 $
207 1270 28 20 17

148 1326 58 21 Frih.
229 1333 50 14 von
302 1325 84 22 Born:
409 1325 42 28 Jag
471 1325 39 21 ber
527 1325 24 21 fä
566 1325 56 21 fästa
638 1325 215 29 uppmärksamheten
868 1324 38 22 vid

80 1357 32 19 att
134 1355 12 27 $
169 1355 24 21 17
217 1354 80 21 företer
319 1354 43 21 den
385 1354 109 21 olikheten
516 1354 50 21 med
587 1354 43 21 den
645 1354 49 21 nåd.
709 1361 66 21 prop.
789 1356 32 19 att
835 1353 72 21 siden-

80 1390 93 14 svansen
196 1383 72 21 blifvit
290 1382 87 29 fridlyst
395 1382 69 22 under
478 1382 49 22 hela
542 1382 46 22 året
609 1382 41 22 och
666 1382 41 22 alla
721 1385 56 19 arter
792 1382 23 21 af
829 1384 79 19 trastar

80 1412 114 20 förklarats
213 1411 95 21 fredlösa
323 1412 90 20 emellan
428 1411 42 21 den
487 1412 26 20 15
529 1412 94 27 Augusti
638 1411 33 21 till
686 1411 41 21 den
744 1412 11 20 1
771 1411 65 21 Mars.
865 1410 44 28 Jag

80 1440 125 28 föredrager
225 1440 34 21 för
281 1440 44 20 min
347 1440 36 21 del
401 1440 41 21 den
458 1440 49 21 näd.
522 1447 66 21 prop.,
604 1447 45 14 som
665 1440 117 21 innehäller
797 1442 31 18 att
842 1439 67 21 hack-

81 1471 62 25 spett,
157 1469 50 27 gök,
222 1472 56 18 stare
294 1468 41 22 och
350 1476 70 14 annan
436 1468 112 28 smäfägel,
563 1468 95 21 förutom
677 1468 114 28 björktrast
808 1468 41 21 och
884 1467 24 21 grä-

81 1498 66 26 sparf,
161 1499 36 19 äro
213 1497 88 21 alldeles
316 1496 105 29 fridlysta.
451 1497 149 28 Björktrasten
616 1498 24 20 är
654 1504 27 14 en
697 1496 130 29 skadefägel.
847 1471 60 58 Eika

81 1524 72 22 säkert
167 1533 46 14 som
229 1526 65 26 detta,
309 1527 23 19 är
347 1528 32 18 att
395 1525 36 22 det
446 1527 24 19 är
484 1526 87 28 mycket
586 1526 40 20 lätt
641 1528 32 18 att
688 1526 61 28 skilja
765 1525 144 29 björktrasten
