1117 1781
226 130 41 20 726
469 135 25 16 R.
507 139 17 13 o.
536 135 23 17 A.
573 135 56 17 1897.
656 136 28 16 30
696 134 64 22 April.

196 203 240 26 ministerialböckerna,
459 203 38 21 ber
518 204 36 27 jag
576 206 32 18 att
630 203 24 21 få
676 203 87 24 föreslå,
786 203 37 21 det
845 203 20 21 R.
887 211 12 14 o.
921 204 18 21 A.
962 203 65 21 måtte

196 232 77 21 förena
288 233 34 26 sig
337 239 35 14 om
387 239 27 14 en
429 232 179 28 ständerpeiitiou
624 233 6 20 i
646 232 57 28 sylte
719 235 32 18 att
767 232 48 27 Reg
960 240 10 4 €
981 231 45 14 vid-

196 264 51 24 taga
269 260 100 28 åtgärder
389 260 80 21 derhän
486 263 30 18 att
532 260 26 21 de
574 261 6 20 i
597 260 158 29 kyrkoarkiven
771 260 110 28 befintliga
893 260 134 21 ministerial-

198 289 110 21 böckerna
323 289 55 20 intill
393 289 24 21 är
428 290 54 20 1800
499 289 27 20 ad
541 290 85 20 interim
643 289 134 28 öfverflyttas
793 289 33 21 till
841 289 143 21 statsarkivet.

267 345 35 22 Hr
324 346 83 21 Rein:
430 346 11 21 I
463 346 67 21 likhet
546 346 48 21 med
610 346 57 21 hvad
684 346 39 21 här
737 346 67 21 redan
819 348 77 26 yttrats
912 347 23 20 af
949 348 79 19 tvänne

198 374 65 21 ärade
285 375 68 21 talare
369 382 61 14 anser
444 375 66 21 äfven
524 375 36 28 jag
575 375 150 27 föreliggande
740 375 63 27 fråga
819 382 51 13 vara
885 375 23 20 af
923 377 45 18 stor
983 375 45 27 vigt

198 403 41 21 och
261 403 68 21 finner
352 403 37 21 det
407 411 51 13 vara
479 403 63 28 högst
557 403 188 28 maktpåliggande
762 406 31 18 att
809 403 59 21 såväl
884 404 50 20 våra
951 403 77 28 kyrko-

198 432 62 21 arkiv
283 439 45 14 som
350 432 67 21 andra
438 431 109 28 offentliga
563 432 61 21 arkiv
640 432 91 21 bevaras
747 435 45 18 mot
807 432 130 25 förstörelse,
952 431 76 21 hvaraf

198 460 27 21 de
250 468 28 13 nu
299 460 70 21 såsom
386 461 79 20 bekant
480 462 36 19 äro
532 461 5 20 i
554 461 42 27 hög
611 460 53 28 grad
680 460 85 21 hotade.
795 461 44 20 Det
854 461 23 20 är
892 460 62 21 alltså
968 460 60 27 gläd-

198 489 63 28 jande
284 492 31 17 att
337 489 76 27 frågan
436 489 72 21 blifvit
527 489 65 21 väckt
608 489 41 21 och
665 489 95 28 önskligt
775 491 32 19 att
822 496 26 14 en
864 489 89 28 petition
969 489 58 20 kom-

198 525 45 13 mer
265 517 33 21 till
319 517 70 21 stånd.
418 517 83 28 Frågan
524 519 23 19 är
568 517 85 22 ändock
677 519 72 26 tyvärr
771 518 51 27 föga
841 517 82 21 utredd.
953 516 75 21 Såsom

199 553 48 14 man
270 546 23 21 af
315 546 145 21 betänkandet
480 547 72 25 finner,
573 548 51 25 göra
647 547 33 26 sig
700 547 6 20 i
723 546 124 21 densamma
861 546 81 27 ganska
958 545 70 21 diver-

199 574 94 28 gerande
318 574 79 28 åsigter
420 574 104 28 gällande,
554 574 96 21 Sålunda
672 575 65 20 hafva
754 575 153 28 domkapitlen,
921 574 107 27 utgående

199 603 48 20 från
263 603 137 28 synpunkten
416 606 31 18 att
462 603 157 28 kyrkoarkiven
635 603 85 21 tillhöra
736 603 184 28 församlingarna,
933 603 50 21 stält
995 603 33 27 sig

199 631 29 28 på
250 631 42 21 den
315 631 160 29 ståndpunkten
497 634 31 18 att
549 633 101 20 motsätta
674 633 33 26 sig
727 631 63 22 deras
806 631 174 22 öfverlemnande
996 631 33 21 till

199 660 98 28 offentlig
319 660 60 21 vård.
409 661 33 20 De
457 662 79 19 tvänne
552 660 164 28 vetenskapliga
732 660 107 27 samfund,
856 667 45 14 som
916 660 113 21 Utskottet

199 688 118 27 rådfrågat,
338 689 66 20 hafva
422 689 86 27 afgifvit
524 689 124 20 uttalanden
664 689 7 20 i
687 689 121 20 diametralt
824 691 100 18 motsatta
939 689 90 20 riktnin-

199 725 43 19 gar.
273 717 44 21 Det
337 717 191 28 Kyrkohistoriska
551 717 125 21 samfundet
698 717 64 28 hyser
777 717 126 27 visserligen
919 717 41 20 den
975 725 54 20 upp-

199 746 95 27 fattning
309 749 32 18 att
356 746 87 21 arkiven
459 746 84 21 tillhöra
558 746 185 28 församlingarna,
759 753 48 14 men
823 745 104 21 erkänner
943 748 30 18 att
988 745 41 21 den

199 774 88 21 fordran
310 774 27 28 på
360 775 174 27 församlingarna
558 775 42 20 kan
622 775 79 25 ställas,
724 777 32 18 att
771 775 90 20 arkiven
878 774 50 21 böra
944 774 22 21 af
981 774 49 21 dem

200 803 24 20 så
247 803 105 26 förvaras,
375 806 31 18 att
428 803 26 21 de
476 803 92 28 skyddas
588 805 46 19 mot
648 803 125 28 förstöring.
803 803 35 20 Då
853 803 177 27 församlingarna

200 831 92 21 faktiskt
307 831 50 28 föga
373 833 36 19 äro
425 833 7 19 i
447 831 61 22 stånd
525 835 31 17 att
571 831 53 28 fylla
640 831 59 22 detta
715 832 77 25 vilkor,
808 831 24 21 så
847 831 62 28 följer
925 831 61 21 deraf
999 834 31 18 att

199 867 49 13 man
271 860 65 21 äfven
358 860 48 21 från
428 860 193 28 Kyrkohistoriska
637 860 134 21 sumfuudets
787 859 134 29 ståndpunkt
936 859 94 22 kommer

200 888 71 21 dertill
297 891 31 18 att
351 889 162 27 ifrågavarande
535 889 127 28 handlingar
684 889 52 20 böra
758 889 85 20 komma
866 889 32 20 till
921 887 109 28 offentliga

200 917 121 28 samlingar.
351 917 51 21 Men
426 917 90 21 nämnda
539 917 100 22 samfund
663 918 37 21 vill
723 917 65 22 hafva
816 917 49 21 dem
880 917 67 21 stälda
963 917 68 21 under

200 945 159 28 domkapitlens
381 946 59 24 vård,
462 946 34 21 för
518 949 31 18 att
572 946 33 26 de,
628 946 70 21 såsom
722 946 38 21 det
775 946 65 24 heter,
855 946 34 20 må
906 947 76 20 bevara
998 947 32 20 sin

201 974 98 28 kyrkliga
322 977 68 18 natur.
419 975 47 20 Här
486 975 38 20 har
539 975 66 20 redan
622 975 22 20 af
660 975 40 20 den
717 977 86 18 senaste
818 974 64 21 ärade
897 974 80 21 talaren
992 975 37 27 på-

200 1002 77 28 pekats
293 1006 32 17 att
340 1003 62 21 dessa
418 1003 60 21 arkiv
494 1003 55 21 dock
564 1003 32 21 till
613 1006 45 18 stor
673 1003 34 21 del
723 1003 108 21 innehålla
843 1002 132 28 handlingar,
986 1011 45 13 som

202 1031 50 20 böra
269 1031 109 22 betraktas
394 1031 71 22 såsom
481 1032 93 21 varande
590 1032 22 21 af
628 1032 146 28 icke-kyrklig
787 1031 153 26 beskaffenhet,
951 1031 80 22 allden-

201 1059 65 21 stund
293 1061 22 26 ju
340 1060 67 21 kändt
428 1062 23 19 är
472 1063 30 18 att
523 1060 48 21 vårt
592 1061 137 28 presterskap
751 1061 36 20 för
808 1059 57 22 hvad
891 1067 47 14 man
965 1060 66 21 kallar

201 1088 142 28 civilregister
367 1089 40 21 och
430 1090 5 19 i
458 1089 47 20 dem
528 1092 106 25 upptager
656 1097 26 13 en
698 1089 79 28 mängd
793 1089 87 25 notiser,
895 1088 73 21 hvilka
983 1089 47 21 icke

201 1117 72 20 kunna
296 1117 108 21 betraktas
428 1118 68 21 såsom
520 1118 104 28 kyrkliga.
656 1117 79 22 Derför
759 1125 63 20 synes
844 1117 36 21 det
903 1117 66 21 också
988 1118 44 27 mig

201 1153 52 13 vara
275 1147 6 19 i
305 1147 31 20 sin
361 1146 90 28 ordning
466 1149 31 18 att
512 1146 62 21 dessa
591 1146 126 26 handlingar
732 1147 73 20 ställas
821 1146 68 21 under
903 1146 72 27 tillsyn
991 1146 41 21 och

201 1173 60 27 vård,
279 1175 49 21 icke
343 1175 47 20 utaf
406 1175 150 28 domkapitlen,
571 1178 51 18 utan
639 1175 23 20 af
677 1176 6 19 i
699 1175 161 28 vetenskapligt
875 1174 56 29 syfte
947 1174 85 22 bildade

201 1203 108 21 anstalter.
332 1199 9 36 —
348 1203 105 21 Särskildt
481 1204 65 20 finner
571 1204 37 27 jag
636 1203 105 28 förslaget
763 1206 32 18 att
816 1203 216 28 domkapitelssekre-

200 1234 99 19 terarene
315 1232 68 21 skulle
399 1232 86 28 åläggas
500 1235 31 18 att
546 1232 67 21 vårda
629 1233 5 20 i
646 1231 157 29 frågavarande
811 1231 128 28 handlingar
951 1231 81 22 mindre

201 1260 109 28 lämpligt;
333 1261 38 20 det
393 1268 63 20 synes
475 1262 43 26 mig
532 1261 88 28 mycket
635 1268 45 14 mer
695 1268 50 14 vara
761 1262 7 19 i
784 1261 32 20 sin
833 1260 91 28 ordning
939 1264 30 18 att
984 1260 48 21 vår-

201 1288 43 20 den
261 1289 107 21 anförtros
384 1289 23 21 åt
422 1297 100 20 personer
536 1290 49 20 med
602 1290 117 20 arkivalisk
736 1289 103 27 bildning,
854 1289 65 27 något
933 1296 45 14 som
993 1289 39 21 hos

202 1316 303 29 domkapitelssekreterarene
521 1318 47 21 icke
585 1318 42 21 kan
642 1318 133 21 förutsättas.

271 1345 125 22 Historiska
418 1346 127 26 samfundet,
566 1354 46 13 som
636 1346 63 21 äfven
723 1346 22 21 af
768 1346 113 22 Utskottet
906 1346 127 28 rådfrågats,

201 1374 39 20 har
266 1374 88 28 afgifvit
379 1378 31 18 ett
434 1375 80 27 ganska
536 1375 217 28 anmärkningsvärdt
774 1374 117 27 uttalande,
913 1374 34 22 för
969 1374 63 22 hvars

201 1402 143 22 meddelande
367 1411 49 13 man
437 1404 38 20 har
497 1406 31 18 att
542 1404 64 20 tacka
622 1404 42 20 den
680 1404 67 20 andra
762 1404 166 20 reservationen.
958 1403 76 21 Histo-

201 1431 58 21 riska
286 1432 124 20 samfundet
424 1432 38 21 har
477 1432 49 21 stält
541 1432 76 28 frågan
634 1432 28 28 på
677 1440 28 20 ny
721 1432 38 21 bas
775 1432 40 21 och
831 1432 65 27 gifvit
911 1432 123 20 densamma

202 1467 27 13 on
243 1460 62 28 långt
320 1462 67 19 större
404 1461 133 27 omfattning,
552 1461 6 20 i
575 1461 36 21 det
628 1464 30 14 att
674 1460 123 20 samfundet
809 1460 64 29 yrkat
884 1460 28 29 på
925 1460 108 28 åtgärders

202 1488 138 28 vidtagande,
363 1488 48 22 icke
433 1489 55 21 blott
509 1489 35 21 för
564 1489 165 29 kyrkoarkiven,
751 1492 51 18 utan
825 1488 66 22 äfven
913 1488 36 22 för
968 1488 66 22 andra

202 1516 131 22 arkivaliska
355 1517 132 29 handlingar,
509 1520 55 18 samt
586 1518 6 20 i
612 1518 59 21 detta
687 1518 102 20 afseende
805 1518 111 27 föreslagit
931 1518 103 20 inrättan-
