1117 1781
237 138 42 21 614
486 144 23 16 R.
522 148 17 12 o.
553 144 21 17 A.
589 144 55 17 1897.
668 145 24 15 21
705 144 62 20 April.

207 214 44 23 ten,
274 219 46 14 som
343 213 35 26 jag
393 219 28 14 nu
437 212 51 21 ville
504 211 80 27 beröra,
600 213 24 19 är
639 214 31 19 att
686 211 63 22 dessa
764 211 71 21 siffror
849 215 147 25 representera
1012 219 26 14 en

207 240 88 28 mycket
318 243 54 25 tung
394 243 58 18 skatt
474 240 50 28 iagd
546 240 28 28 pä
588 240 86 21 iandeis
689 240 108 21 invånare.
827 239 44 22 För
886 243 32 18 att
933 241 58 21 bilda
1006 241 32 27 sig

208 271 31 18 ett
256 269 95 28 begrepp
367 277 34 13 om
417 269 53 20 huru
486 272 52 24 tung
554 268 70 21 denna
641 269 58 20 skatt
714 269 7 20 i
737 268 76 29 sjelfva
829 269 76 21 verket
920 271 28 24 är,
964 269 74 21 behöf-

208 305 39 13 ver
262 305 48 13 man
327 297 76 22 endast
418 297 41 21 den
476 297 95 21 enklaste
587 298 118 27 operation,
720 297 42 21 den
777 297 108 28 nämligen
900 300 32 18 att
942 297 96 22 dividera

208 325 74 22 siffran
308 327 63 26 271/,
397 327 97 26 miljoner
515 325 48 22 med
589 326 84 21 landets
699 325 166 28 invänareantal,
891 327 7 20 i
920 326 65 21 rundt
1008 326 30 21 tal

207 354 39 21 tvä
261 354 41 21 och
319 362 26 13 en
361 355 46 20 half
422 355 79 28 miljon,
515 355 35 20 för
564 357 32 18 att
611 356 57 19 finna
683 357 32 18 att
729 354 39 21 här
780 354 116 28 föreligger
907 362 26 13 en
945 355 93 21 beskatt-

208 384 53 26 ning
283 383 24 20 af
329 383 98 28 omkring
449 384 25 20 11
496 383 59 21 mark
575 391 37 20 per
635 383 108 21 invänare.
773 383 44 20 Det
840 385 23 18 är
886 383 34 21 för
943 386 31 18 ett
988 383 50 21 land

209 419 45 14 som
278 411 47 22 värt
341 415 31 18 ett
387 412 103 21 kolossalt
506 411 83 29 belopp,
605 411 28 21 dä
648 411 185 22 tullinkomsterna
849 411 102 28 derjemte
967 419 71 21 repre-

209 443 85 18 sentera
310 447 46 14 som
371 440 63 28 sagdt
449 440 81 21 hälften
546 440 23 21 af
585 440 114 28 budgeten.

278 468 43 28 Jag
342 469 37 21 ber
400 472 31 18 att
452 469 32 20 till
502 469 121 28 jemförelse
639 469 24 20 fä
678 469 75 20 anföra
769 468 66 28 nägra
851 468 75 26 siffror,
943 475 45 14 som
1003 469 35 27 jag

208 497 77 21 räknat
309 500 23 18 ut
353 497 49 21 med
424 497 90 28 tillhjelp
532 497 23 21 af
570 497 27 21 de
613 497 74 26 källor,
702 505 46 13 som
764 497 52 21 stätt
830 498 44 27 mig
889 497 32 21 till
937 497 60 20 buds.
1027 497 9 20 1

209 526 49 21 vårt
280 526 121 27 grannland
423 527 6 20 i
448 528 63 23 öster,
525 526 64 28 ryska
605 526 62 26 riket,
683 525 36 21 det
735 525 127 28 europeiska
877 525 113 28 Ryssland,
1005 533 33 13 re-

210 558 123 24 presentera
349 555 184 20 tullinkomsterna
550 555 26 26 1/;
593 555 23 20 af
631 562 82 13 summa
728 555 119 20 inkomster
857 555 6 20 i
875 554 163 27 statsbudgeten

209 583 41 21 och
267 590 26 13 en
309 583 94 21 inkomst
418 583 23 21 af
456 584 12 20 6
485 583 57 21 mark
559 584 26 20 75
596 584 65 27 penni
678 583 6 20 i
699 583 65 20 rundt
776 583 30 20 tal
815 583 34 21 för
858 590 83 21 person.
956 582 8 21 I
976 583 62 28 tyska

209 611 62 26 riket,
295 611 38 21 der
353 612 229 28 tullprotektionismen
607 611 66 21 sedan
689 611 77 28 mänga
781 611 24 21 är
820 611 93 26 florerar,
928 619 110 20 represen-

209 643 46 18 tera
270 640 187 21 tullinkomsterna
474 641 46 20 icke
536 648 37 13 ens
590 641 33 26 1/,,
639 647 26 14 en
681 640 58 21 siffra
755 640 77 21 mellan
850 640 26 27 !/;
892 639 41 22 och
949 640 27 27 '/;
989 640 51 21 eller

210 669 27 26 2/,
263 669 24 20 af
312 669 173 21 statsinkomsten
512 669 39 20 och
574 677 38 20 per
635 668 102 21 invånare
761 676 25 13 en
809 668 59 21 siffra
892 668 22 21 af
942 669 13 20 8
980 668 59 21 mark

211 698 26 20 50
261 698 72 27 penni.
363 697 11 21 I
396 697 95 28 Sverige,
506 697 47 21 vårt
568 697 70 28 gamla
654 697 119 28 grannland
789 698 5 19 i
811 700 78 23 vester,
905 697 71 28 uppgå
990 697 50 20 tull-

210 725 147 22 inkomsterna
379 726 33 21 till
435 727 33 26 1/3,
491 733 46 13 men
560 726 66 21 äfven
643 725 38 21 der
696 727 23 19 är
734 725 191 28 protektionismen
940 725 100 26 rådande,

211 753 40 22 och
267 755 70 20 starkt
351 754 95 21 rädande
462 754 65 21 sedan
542 754 66 28 nägra
623 754 29 26 är,
668 754 41 21 och
719 754 27 21 de
762 757 146 25 representera
923 757 31 17 ett
962 753 77 28 belopp

211 782 22 21 af
257 783 26 20 10
307 783 60 20 mark
393 791 37 20 per
451 783 106 21 invänare.
587 783 41 27 Jag
652 785 24 18 är
697 783 85 28 skyldig
802 785 31 18 att
849 782 93 21 erkänna
958 785 30 18 att
1004 782 36 21 det

210 811 68 21 finnes
301 811 75 21 länder
399 812 6 20 i
427 811 91 28 Europa,
541 811 38 21 der
599 811 187 21 tullinkomsterna
809 811 121 20 beräknade
953 818 37 21 per
1009 811 31 20 in-

210 839 81 21 vänare
316 841 55 26 stiga
394 840 32 21 till
448 842 56 19 ännu
526 840 65 28 högre
607 840 29 21 tal
652 841 27 19 än
695 840 38 21 hos
750 847 41 18 oss,
807 847 47 13 men
871 839 36 21 det
923 841 23 18 är
961 839 79 26 länder,

211 868 86 21 hvilkas
313 869 102 27 ställning
429 871 23 18 är
467 868 208 21 inkommensurabel
691 868 49 21 med
756 868 43 21 vär.
829 867 44 22 För
889 870 31 18 att
935 867 56 22 dock
1004 875 36 13 an-

211 897 61 27 gifva
288 900 31 17 ett
334 897 77 20 sädant
425 897 55 25 land,
496 897 23 20 sä
535 897 37 21 ber
586 898 36 27 jag
637 897 23 20 fä
676 899 76 19 nämna
763 899 31 18 att
806 897 7 20 i
826 896 106 28 England,
943 896 97 28 Europas

211 925 83 21 kanske
310 926 105 21 starkaste
432 926 108 25 stormakt,
556 926 187 20 tullinkomsterna
758 925 73 28 uppgå
846 925 32 20 till
895 926 25 19 15
934 925 58 20 mark
1003 931 38 21 per

211 953 110 27 invånare,
341 962 48 13 men
412 954 69 21 denna
503 954 93 21 inkomst
620 955 61 26 utgör
706 954 56 21 dock
779 954 54 20 blott
848 954 27 26 1/;
890 953 23 21 af
928 953 112 28 budgeten.

210 981 32 22 Vi
257 982 58 21 finna
331 982 84 21 säledes
428 983 52 20 intet
493 983 55 26 land,
559 983 39 21 der
607 983 186 20 tullinkomsterna
803 985 148 25 representera
961 989 79 13 samma

211 1012 126 47 proportion
348 1012 6 19 i
366 1011 132 21 förhållande
508 1011 32 21 till
551 1011 84 21 landets
646 1011 69 27 öfriga
725 1011 123 25 inkomster,
859 1010 41 21 och
909 1010 47 21 icke
965 1010 75 27 många

219 1039 74 26 änder,
315 1039 38 21 der
374 1039 73 22 siffran
470 1047 37 21 per
525 1040 103 21 invånare
653 1042 23 18 är
698 1039 43 22 lika
766 1039 43 28 hög
824 1046 45 14 som
885 1039 38 20 hos
940 1046 34 13 oss
990 1038 51 21 eller

212 1069 25 20 11
254 1068 66 21 mark.

281 1097 44 20 Det
346 1104 51 13 vore
421 1097 35 21 väl
472 1097 27 28 på
513 1097 58 20 tiden
588 1100 32 17 att
635 1096 66 28 något
716 1097 69 20 skulle
801 1098 62 25 göras
880 1095 27 29 på
923 1095 59 22 detta
997 1103 44 13 om-

210 1125 59 21 råde.
299 1125 126 28 Tullfrägan
448 1127 23 19 är
494 1133 25 13 en
543 1125 123 21 brännande
694 1125 40 21 och
759 1125 88 27 ömtålig
872 1125 67 26 fråga,
954 1124 87 21 hvilken

211 1153 122 22 Ständerna
356 1155 56 20 varit
431 1157 96 24 tvungna
542 1157 31 18 att
589 1153 134 28 någongång,
739 1153 114 21 mestadels
871 1161 24 12 ur
910 1153 130 27 högpolitisk

211 1183 116 28 synpunkt,
350 1184 48 19 röra
419 1183 43 20 vid.
491 1183 41 27 Jag
555 1183 110 20 betraktar
681 1182 41 21 den
739 1189 27 14 nu
783 1181 76 22 endast
874 1181 47 21 från
937 1181 103 20 finansiell

211 1211 41 20 och
275 1211 132 26 ekonomisk,
429 1211 38 20 alls
489 1211 47 21 icke
559 1219 25 12 ur
604 1211 87 28 politisk
707 1210 115 29 synpunkt.
851 1209 42 28 Jag
909 1209 50 21 ville
974 1209 66 20 uttala

211 1239 41 21 den
277 1240 82 21 önskan
379 1239 40 22 och
435 1239 36 21 det
487 1239 62 29 hopp,
565 1242 31 18 att
612 1239 37 21 det
664 1239 65 21 måtte
747 1239 67 21 blifva
829 1239 83 27 möjligt
927 1241 30 18 att
973 1237 23 21 få
1011 1239 30 19 ett

211 1268 94 20 initiativ
329 1270 5 19 i
355 1269 95 27 riktning
464 1269 31 20 till
512 1276 25 13 en
554 1268 179 27 tullnedsättning
748 1267 28 29 på
791 1268 109 26 åtskilliga
915 1266 49 21 håll.
993 1266 48 22 Vår

211 1296 138 21 tullstatistik
370 1297 35 21 för
420 1301 84 17 senaste
519 1297 23 21 år
557 1296 87 21 utreder
660 1296 63 21 bland
740 1300 71 21 annat,
827 1299 31 17 att
874 1295 46 21 utaf
937 1296 54 20 1895
1007 1294 33 21 års

211 1325 142 26 tullinkomst,
376 1326 6 20 i
405 1325 64 21 rundt
492 1326 29 20 tal
544 1326 27 20 24
593 1326 103 27 miljoner,
713 1325 47 21 icke
776 1324 83 21 mindre
875 1326 26 18 än
918 1324 122 25 16,600,000

211 1353 61 21 mark
296 1354 60 20 inflöt
379 1354 6 20 i
401 1354 39 21 tull
463 1354 20 20 på
498 1354 205 20 lifsförnödenheter
718 1353 22 21 af
756 1353 57 21 olika
829 1353 51 27 slag,
893 1352 42 21 och
947 1351 56 21 dock
1014 1353 28 24 är,

211 1382 92 28 lyckligt
324 1390 49 20 nog,
389 1384 7 19 i
411 1382 29 21 all
470 1382 108 21 hufvudsak
594 1382 96 28 lyckligt,
705 1382 64 27 ingen
785 1381 148 28 spanmålstull
948 1379 94 22 rådande

211 1411 6 19 i
234 1410 81 21 landet.
345 1411 77 21 Tullen
438 1410 28 29 på
482 1411 76 21 socker
573 1410 100 28 utgjorde
689 1410 23 20 är
728 1411 55 20 1895
799 1410 112 26 8,600,000
926 1409 65 21 mark.
1010 1408 33 21 På

211 1438 72 22 denna
306 1439 56 21 enda
384 1439 76 21 artikel
483 1439 55 21 infäs
562 1440 27 26 1/,
613 1439 23 21 af
658 1438 47 21 hela
728 1439 73 20 tullen.
832 1438 44 20 Det
894 1438 41 20 kan
951 1437 92 27 förtjena

211 1469 90 19 nämnas
322 1470 32 18 att
376 1468 67 21 tullon
467 1468 27 28 pä
516 1467 64 27 kaffe,
602 1467 84 21 hvilket
704 1468 22 27 in
752 1467 47 21 icke
816 1468 23 19 är
854 1469 31 18 ett
900 1465 106 21 lifsmedel
1021 1465 23 21 af

211 1495 37 21 det
264 1496 56 28 höga
337 1496 66 21 värde
418 1504 46 13 som
480 1496 92 26 sockret,
587 1503 49 14 men
651 1495 57 21 dock
723 1502 88 14 numera
825 1502 26 14 en
862 1494 182 27 nödvändighets-

211 1531 59 19 vara,
293 1524 98 22 lemnade
413 1532 26 14 en
465 1525 140 26 tullinkomst,
627 1532 45 13 som
692 1525 67 27 stiger
774 1524 33 20 till
823 1524 48 27 21/;
886 1523 102 28 miljoner,
1004 1522 40 22 och
