1117 1781
244 127 42 21 592
488 134 26 17 R.
526 138 17 12 o.
556 134 23 17 A.
592 134 56 18 1897.
673 135 23 16 13
708 134 63 21 April.

215 202 53 21 eller
293 201 62 22 deras
378 202 70 28 utslag
472 202 147 22 tillbakavisas
644 203 24 20 af
690 203 171 21 administrativa
876 202 168 29 myndigheter
1031 197 16 38 i

215 230 100 22 Finland.
342 231 48 22 Det
414 232 24 20 är
458 239 42 20 nog
522 234 31 19 att
569 239 49 13 man
636 231 48 22 från
698 231 52 29 rysk
765 231 47 22 sida
827 231 138 21 tillerkänner
980 230 66 22 äfven

216 258 27 22 de
263 259 69 22 finska
347 259 76 26 utslag,
438 267 46 14 som
500 259 70 28 gifvas
586 259 24 22 af
624 259 175 26 öfverexekutor,
813 259 128 28 fullständig
955 259 91 28 exigibi-

215 287 55 21 litet.
301 287 32 22 Vi
349 287 34 22 stä
397 287 91 22 sälunda
502 291 110 25 gentemot
628 291 30 18 ett
673 287 142 27 förhällande,
831 295 45 14 som
893 289 21 20 vi
925 288 67 28 enligt
1002 288 43 21 min

215 316 66 20 tanke
303 316 142 28 ovilkorligen
467 317 67 21 mäste
557 317 79 21 beakta
656 317 42 21 och
713 324 46 14 som
775 317 22 21 vi
814 317 72 20 kunna
902 316 77 21 beakta
994 319 51 18 utan

216 347 32 18 att
267 344 100 22 nedsätta
383 352 34 14 oss
433 345 52 21 eller
500 348 50 18 utan
566 348 38 23 att,
618 345 72 22 säsom
706 345 37 21 det
757 345 68 26 heter,
840 346 7 20 i
862 345 102 21 afseende
979 345 13 20 ä
1006 344 40 22 vär

215 372 68 21 frihet
303 373 60 28 gifva
379 374 65 27 något
458 374 34 21 till
506 374 68 28 spillo.
604 374 44 21 För
663 375 43 20 min
722 373 35 22 del
773 373 40 22 har
826 374 36 28 jag
877 373 48 22 icke
940 373 66 28 några
1022 373 24 21 sä

216 401 64 21 svära
300 401 170 29 betänkligheter
486 405 31 18 att
530 402 117 28 godkänna
662 403 162 27 propositionen
839 402 68 21 under
922 401 123 22 nuvarande

217 430 184 29 omständigheter
422 431 41 21 och
483 433 23 19 är
521 431 96 21 deremot
632 431 131 28 fullkomligt
779 431 127 28 öfvertygad
923 438 33 13 om
972 433 32 18 att
1018 430 28 21 de

217 458 138 28 olägenheter
371 459 71 22 blefve
457 459 86 29 mycket
558 460 178 25 allvarsammare,
749 467 46 14 som
805 459 69 22 skulle
882 459 79 28 uppstä
968 466 77 20 genom

216 489 32 19 att
270 495 29 13 nu
322 488 140 28 ovilkorligen
484 488 57 21 hälla
563 488 28 29 pä
608 488 123 22 Utskottets
747 488 82 28 förslag
844 487 41 22 och
900 487 99 28 möjligen
1016 487 29 21 bi-

217 515 67 28 draga
304 515 70 22 dertill
390 519 31 18 att
436 516 48 21 hela
500 517 58 21 detta
572 517 120 28 lagförslag
706 517 69 21 skulle
791 516 92 21 förfalla.
913 516 41 28 Jag
969 515 77 22 drager

216 544 49 21 icke
281 545 6 20 i
306 544 66 28 nägot
387 545 134 21 betänkande
536 548 31 19 att
582 545 35 21 för
632 546 43 20 min
692 545 34 21 del
740 545 117 28 godkänna
872 545 41 22 och
928 545 39 21 hos
982 543 64 22 Stän-

218 572 37 21 det
269 573 88 21 förorda
373 573 119 29 antagande
508 573 23 22 af
546 573 41 22 den
603 573 49 22 näd.
668 581 59 21 prop.

285 601 43 28 Jag
351 602 37 21 ber
409 602 24 21 fä
454 602 88 28 tillägga
562 602 67 28 nägra
652 602 39 21 ord
713 603 6 20 i
735 602 104 21 afseende
854 602 13 21 ä
882 602 37 21 det
933 602 112 21 tillmötes-

216 629 84 28 gående
316 630 227 29 förmedlingsförslag,
558 639 46 13 som
620 631 24 20 af
658 631 35 21 Hr
708 631 116 28 Stjernvall
839 630 141 22 framstäldes.
1002 630 43 21 Det

217 660 24 19 är
263 658 81 22 bekant
366 662 31 18 att
419 660 22 20 vi
463 659 71 28 nägon
555 659 64 28 gäng,
634 660 27 27 ja,
685 659 73 22 sävidt
775 660 33 27 jag
823 661 89 24 minnes,
927 659 76 21 endast
1018 666 27 13 en

216 686 58 29 gäng
296 687 66 22 hafva
383 689 81 27 antagit
479 696 26 13 en
521 688 49 21 civil
587 688 35 28 lag
637 688 28 28 pä
681 667 97 42 bestämd
794 687 38 27 tid,
848 695 47 14 men
911 695 34 14 om
961 688 21 21 vi
998 689 47 19 när-

217 723 58 14 mare
299 716 94 26 besinna,
416 716 86 22 hvilken
517 717 35 27 lag
568 716 59 21 detta
642 724 45 19 var,
701 717 41 21 och
759 716 68 21 under
842 716 73 21 hvilka
929 716 116 21 förhållan-

217 743 42 22 den
275 744 42 21 den
333 748 83 25 antogs,
428 745 40 22 och
483 745 54 21 huru
552 745 38 21 det
604 745 121 22 sedermera
740 745 51 28 gick
807 745 48 21 med
871 745 48 26 den,
935 752 62 21 synes
1008 744 37 21 det

217 773 44 27 mig
283 775 32 19 att
337 774 106 28 exemplet
464 774 47 21 icke
533 773 104 29 förtjenar
655 773 117 29 efterföljd.
803 773 44 22 Det
860 773 63 28 gälde
940 773 54 21 1865
1010 773 34 21 års

217 801 103 28 presslag,
341 802 49 21 med
412 802 87 21 hvilken
520 802 37 21 det
572 802 37 21 vid
626 803 54 20 1867
697 802 34 21 års
747 801 105 29 landtdag
881 802 36 21 gick
931 809 46 14 som
992 801 54 22 hvar

217 829 41 22 och
280 837 26 14 en
329 833 42 18 vet.
401 831 43 21 För
466 831 66 28 öfrigt
547 833 37 19 vet
600 831 34 28 jag
649 831 48 21 icke
713 834 31 17 att
760 830 66 28 något
841 809 78 43 sådant
934 830 88 21 kommit
1037 831 7 20 i

216 858 69 28 fråga.
301 862 66 17 annat
382 861 27 19 än
424 859 48 22 med
488 839 139 42 ekoiumieka
642 859 42 22 och
698 859 119 22 finansiella
827 859 158 28 författningar,
996 866 47 13 men

217 886 27 21 de
267 889 37 19 äro
327 887 23 21 af
372 887 45 22 helt
438 895 70 14 annan
530 891 68 18 natur.
628 888 42 28 Jag
692 887 41 22 kan
749 887 36 22 för
800 889 43 20 min
859 887 35 22 del
909 887 73 21 derför
996 887 48 21 icke

217 915 85 21 ansluta
324 917 43 27 mig
382 917 32 20 till
430 916 58 21 detta
504 917 86 28 förslag.
620 916 33 26 Ja,
668 917 35 28 jag
718 916 39 28 går
773 916 24 21 så
812 916 59 28 långt
887 919 30 18 att
932 916 35 28 jag
982 923 62 14 anser

217 946 32 19 att
271 944 131 28 antagandet
424 945 22 21 af
468 953 26 13 en
514 945 35 28 lag
571 953 46 13 som
634 945 41 21 den
691 953 28 13 nu
735 945 149 28 föreliggande
904 944 28 29 på
948 945 43 20 viss
1006 944 38 26 tid,

217 972 49 21 icke
283 980 37 14 ens
336 973 45 21 står
395 974 7 20 i
417 973 39 22 full
471 974 223 21 öfverensstämmelse
710 973 48 22 med
774 973 165 28 grundlagarna.
958 973 86 21 Grund-

216 1001 89 28 lagarna
327 1004 50 19 veta
397 1002 47 21 icke
460 1002 22 21 af
497 1005 31 18 att
543 1003 78 20 allmän
636 1003 36 27 lag
687 1002 41 21 kan
744 1002 123 29 upphäfvas
883 1002 51 21 eller
949 1001 96 21 tillintet-

214 1031 65 26 göras
302 1030 55 21 blott
379 1031 28 28 på
427 1031 67 28 grund
518 1031 22 21 af
563 1032 44 20 viss
626 1031 43 21 tids
684 1031 93 28 förlopp.
807 1030 164 28 Grundlagarna
985 1030 60 21 inne-

215 1057 57 22 hålla
289 1058 159 29 bestämningar
464 1067 39 19 om,
518 1060 54 21 huru
588 1060 106 21 allmänna
709 1059 60 28 lagar
785 1060 60 21 skola
857 1059 72 21 stiftas
941 1058 40 21 och
991 1058 53 21 huru

215 1086 28 21 de
266 1087 64 23 skola
348 1087 128 29 upphäfvas,
498 1096 47 13 men
566 1090 78 19 nämna
658 1089 55 20 intet
728 1095 35 14 om
779 1088 74 28 dylika
867 1088 70 27 lagars
953 1087 92 28 upphäf-

215 1115 72 22 vande
309 1123 77 20 genom
410 1124 25 13 en
459 1117 28 28 på
509 1117 92 21 förhand
623 1117 81 20 fixerad
725 1117 127 26 sluttermin,
871 1117 40 20 och
926 1117 35 27 jag
976 1115 68 21 skulle

215 1143 58 22 finna
295 1144 38 21 det
354 1144 83 29 vådligt
458 1148 30 18 att
507 1145 54 22 inslå
576 1145 28 29 på
620 1153 27 14 en
663 1145 67 21 sådan
746 1153 29 20 ny
792 1147 46 26 väg.
869 1145 43 20 Det
927 1145 42 20 kan
984 1143 60 22 alltid

215 1172 69 21 blifva
300 1181 26 13 en
342 1173 67 28 fråga,
424 1174 53 21 huru
492 1174 47 21 vidt
554 1174 183 21 sanktionsrätten
753 1174 97 21 sträcker
865 1174 32 27 sig
913 1172 131 22 beträffande

215 1203 32 18 ett
270 1201 78 22 sådant
369 1202 158 22 ständerbeslut
550 1203 41 21 och
606 1203 38 20 det
659 1202 112 21 förefaller
785 1203 44 27 mig
844 1205 37 22 att,
897 1209 34 13 om
947 1208 48 14 man
1010 1201 34 21 för

215 1232 32 18 att
270 1229 106 29 begränsa
398 1231 100 21 befarade
521 1231 68 21 vådor
612 1231 22 21 af
649 1231 166 27 ifrågavarande
830 1231 35 28 lag
879 1234 61 24 tager
955 1230 32 21 sin
1002 1229 42 21 till-

214 1258 55 28 flykt
290 1259 33 21 till
345 1259 60 21 detta
427 1260 75 25 medel,
524 1260 24 21 så
570 1262 24 19 är
616 1260 38 22 det
672 1260 125 26 detsamma,
819 1267 46 14 som
880 1262 32 18 att
928 1259 48 21 bota
992 1258 52 21 ondt

214 1286 49 21 med
287 1287 82 21 hälften
392 1290 61 19 värre
475 1289 51 21 eller
546 1290 79 20 rättare
641 1291 31 19 att
688 1288 50 21 bota
754 1291 31 18 ett
800 1289 113 27 imaginärt
927 1286 53 22 ondt
995 1286 49 22 med

215 1317 32 18 ett
269 1316 94 27 verkligt
385 1316 82 22 sådant.
496 1317 42 28 Jag
560 1317 83 28 nödgas
666 1316 73 22 derför
755 1317 97 29 afstyrka
867 1317 34 21 Hr
917 1315 126 29 Stjernvalls

214 1342 83 30 förslag
312 1344 41 21 och
368 1345 105 29 tillstyrka
489 1346 130 28 antagandet
634 1346 23 21 af
672 1346 42 20 den
729 1345 50 22 nåd.
795 1353 59 21 prop.

284 1401 35 21 Hr
333 1401 176 29 Furuhjelm:
524 1402 42 28 Jag
581 1403 93 21 förbiser
689 1403 48 21 icke
749 1406 32 18 att
791 1403 147 29 föreliggande
949 1404 61 26 fråga
1021 1404 23 20 är

214 1430 23 21 af
258 1430 89 28 ömtålig
371 1430 152 22 beskaffenhet.
552 1432 43 28 Jag
613 1432 92 21 förbiser
720 1433 19 27 ej
756 1432 67 21 heller
838 1432 125 28 betydelsen
978 1431 23 23 af
1015 1431 27 21 de

213 1459 104 28 politissa
332 1459 224 28 konsiderationsskäl,
567 1460 74 22 hvilka
651 1460 45 21 Hrr
705 1460 82 27 Antell,
798 1460 108 22 Mechelin
917 1460 41 22 och
971 1460 72 22 Mont-

213 1494 90 22 gomery
321 1487 59 21 velat
394 1488 103 28 inrymma
512 1491 32 19 ett
558 1488 25 22 sä
597 1488 120 28 afgörande
731 1490 119 28 inflytande
865 1489 29 28 pä
907 1489 87 28 frågans
1010 1492 33 19 mi-

213 1515 64 29 gäng.
306 1516 53 21 Men
381 1517 36 27 jag
438 1517 84 21 befarar
538 1520 38 23 att,
596 1524 35 14 om
647 1520 31 18 ett
693 1517 78 22 sädant
786 1518 174 21 betraktelsesätt
974 1518 68 24 skulle
