1117 1781
240 134 96 18 Svenska
351 134 40 18 och
402 134 69 17 finska
483 134 105 22 språkens
600 134 146 22 likställighet.
833 128 41 21 577

76 203 155 28 författningar
251 203 68 49 ligger
339 202 73 29 derpå,
427 205 32 19 att
474 202 167 29 ifrågavarande
656 201 120 29 stadgande
792 202 40 22 blir
847 202 56 29 ånyo

76 231 99 22 affattadt
194 231 28 29 på
242 231 77 23 sådant
333 233 49 24 sätt,
397 233 31 19 att
443 231 37 21 det
495 231 163 28 otvifvelaktigt
674 230 39 22 och
729 231 6 21 i
751 231 42 22 alla
807 231 38 21 fall
861 231 43 21 till-

75 260 109 21 försäkrar
205 260 102 28 sakegare
328 262 32 19 att
380 259 23 22 få
422 259 124 29 expedition
568 259 28 29 på
616 262 49 25 eget
680 259 70 28 språk.
779 259 67 22 Detta
861 259 43 21 mål

76 289 44 20 kan
141 289 67 27 enligt
230 289 171 20 reservationens
422 288 82 28 förslag
524 289 76 20 vinnas
623 288 43 21 lika
687 288 72 21 säkert
774 295 45 14 som
836 287 68 29 enligt

76 317 42 21 den
140 317 113 28 affattning
276 317 144 21 betänkandet
442 317 66 28 gifvit
530 317 41 21 den
592 317 70 28 tredje
682 317 101 28 punkten.
812 317 13 21 I
839 317 65 21 ingen

76 345 102 22 händelse
193 347 23 19 är
231 345 57 22 dock
303 345 38 21 här
356 347 57 20 ännu
427 345 63 29 fråga
505 353 35 14 om
555 345 114 22 redaktion
684 345 23 21 af
718 345 78 28 sjelfva
806 345 37 22 det
854 345 50 22 blif-

76 373 71 22 vande
162 373 169 29 lagstadgandet.
360 374 53 21 Man
428 374 39 21 har
482 374 99 21 anmärkt
596 376 32 19 att
639 373 70 22 denna
719 374 69 28 punkt
795 374 48 21 icke
854 373 50 22 med

76 402 115 29 tillräcklig
211 402 107 29 tydlighet
331 402 72 28 gifver
418 403 38 21 sitt
471 403 57 28 syfte
544 402 111 21 tillkänna.
684 402 41 28 Jag
740 405 45 18 tror
800 402 57 22 dock
872 405 32 18 att

77 431 60 21 detta
159 431 56 29 syfte
238 431 48 22 icke
307 431 54 21 skall
382 431 138 22 missförstås.
550 431 35 22 Hr
600 431 103 21 Lindelöf
717 431 39 21 har
770 431 35 21 för
819 432 34 21 sin
868 430 36 22 del

77 459 66 22 också
157 460 80 21 lemnat
252 467 26 14 en
293 459 199 22 tillfredsställande
504 459 120 28 förklaring
638 459 22 22 af
670 459 123 22 detsamma.
811 460 45 21 Det
865 459 39 22 har

78 488 71 21 blifvit
169 489 64 28 sagdt
253 491 32 18 att
303 488 40 21 den
359 488 67 21 första
441 489 161 21 reservationen
618 488 39 21 här
672 488 77 22 afvikit
764 488 48 22 från
829 489 75 25 betän-

77 516 80 22 kandet
179 517 76 22 endast
277 517 22 21 af
321 517 107 28 praktiskt
443 517 101 28 politiska
560 517 90 28 hänsyn,
664 517 73 21 hvilka
753 517 68 28 aldrig
836 517 67 22 borde

78 545 99 22 tillmätas
198 545 44 22 lika
263 548 44 19 stor
329 545 109 28 betydelse
460 553 46 14 som
525 553 27 14 en
568 548 48 19 rent
629 546 119 28 principiell
764 545 139 30 ståndpunkt.

78 573 53 22 Men
151 574 27 21 då
199 574 41 21 den
262 575 81 27 vigtiga
355 575 89 28 princip,
460 582 45 13 som
521 575 7 20 i
544 574 68 28 tredje
628 574 95 29 punkten
738 574 84 27 häfdas,
837 575 67 21 likväl

78 602 42 21 kan
139 603 50 21 fullt
209 603 132 28 tillgodoses,
361 603 63 35 jemte
446 604 38 20 det
498 611 49 13 man
563 603 143 28 ådagalägger
721 603 33 28 sig
768 603 54 21 fatta
837 603 67 21 situa-

78 631 72 22 tionen
165 631 67 22 sådan
248 631 41 22 den
305 633 29 24 är,
349 639 24 14 så
389 631 66 22 måste
472 631 32 22 väl
519 631 59 22 detta
592 607 110 56 praktiska
712 631 124 22 förfarande
847 631 57 22 ändå

78 659 65 22 hafva
157 660 123 21 företrädet.
302 660 115 21 Huruvida
432 660 198 29 ständerpluralitet
646 660 41 21 kan
702 661 75 20 vinnas
793 660 34 21 för
838 659 66 29 något

78 687 80 30 förslag
179 689 8 20 i
209 688 70 22 denna
300 692 57 18 stora
377 689 69 28 fråga,
467 689 67 21 måste
554 689 36 28 jag
606 689 20 20 ju
642 689 39 20 här
695 689 69 21 lemna
779 689 87 25 derhän,
881 689 22 21 vi

78 716 65 22 hafva
164 717 48 22 icke
231 717 111 22 resultatet
357 718 7 20 i
379 717 38 21 vär
432 717 64 22 makt.
526 717 53 22 Men
595 697 38 42 det
648 719 23 19 är
685 717 102 28 riktigare
802 720 31 19 att
848 725 55 18 man,

78 745 53 22 hvar
151 745 41 22 och
211 753 26 14 en
253 745 28 29 på
295 747 38 20 sitt
347 746 50 26 håll,
411 746 64 21 söker
489 746 62 28 gifva
566 745 72 22 denna
668 747 74 20 petition
758 749 31 18 ett
803 744 100 28 innehåll,

78 781 46 14 som
139 774 36 21 vid
191 774 96 29 objektiv
302 774 132 29 granskning
449 774 69 22 måste
534 775 106 21 erkännas
668 774 49 22 hafva
728 775 55 21 efter
793 774 111 29 möjlighet

78 802 86 22 beaktat
179 803 80 21 sådana
273 803 156 28 förhållanden,
444 811 47 13 som
507 803 28 28 på
550 803 89 28 frågans
655 803 80 28 utgång
750 803 76 22 utöfva
842 803 61 21 infly-

77 831 70 21 tande.
176 831 42 28 Jag
239 831 37 22 vill
297 832 48 21 icke
367 831 74 22 vidare
462 832 116 29 uppehålla
593 831 97 27 Ståndet,
705 835 50 18 utan
771 831 38 22 ber
823 831 24 22 få
861 807 43 59 till-

77 860 73 28 styrka
170 863 32 18 att
223 860 26 21 R.
271 867 18 14 o.
312 861 26 20 A.
359 860 133 21 beträffande
508 861 70 28 punkt
593 861 13 21 3
621 860 70 22 skulle
705 860 114 29 godkänna
834 860 69 21 första

76 889 160 21 reservationen
251 889 32 21 till
298 889 94 21 innehåll
407 889 41 22 och
463 889 64 28 syfte.

145 957 58 21 Frih.
222 957 30 21 M.
273 957 79 22 W.af
372 957 154 22 Schultén:
556 957 44 21 För
615 958 44 20 min
675 957 35 21 del
725 965 26 13 en
766 957 85 28 afgjord
866 965 37 14 an-

77 985 92 28 hängare
185 985 22 22 af
222 985 37 22 det
274 985 57 22 klara
347 986 41 21 och
404 987 149 27 konsegventa
568 986 88 27 förslag,
670 993 45 14 som
726 985 112 22 Utskottet
848 987 6 20 i
866 987 37 20 sitt

78 1014 135 21 betänkande
234 1014 117 27 utvecklar,
369 1014 42 21 kan
426 1015 35 28 jag
476 1015 49 21 icke
541 1015 53 26 inse,
609 1014 86 22 hvartill
710 1014 37 21 det
761 1015 69 21 skulle
845 1015 58 28 tjena

77 1045 33 18 att
135 1043 38 21 här
195 1043 108 28 vidhänga
325 1043 60 21 detta
407 1043 135 28 brottstycke
564 1043 24 21 af
610 1051 27 13 en
659 1043 132 21 främmande
813 1044 90 27 princip.

78 1071 101 28 Afsigten
201 1071 48 22 med
271 1071 36 22 det
322 1071 190 29 petitionsförslag,
527 1079 47 14 som
589 1071 117 28 föreligger
720 1071 32 21 till
768 1071 135 28 behandling,

78 1099 38 22 har
131 1101 21 27 ju
167 1101 44 27 just
225 1101 56 20 varit
295 1103 32 18 att
341 1100 49 21 med
403 1100 103 21 afseende
522 1101 13 20 &
550 1100 115 28 sakegares
681 1100 100 28 ställning
796 1101 33 20 till
843 1108 60 21 myn-

77 1128 74 28 dighet
173 1136 34 14 om
230 1129 82 28 möjligt
334 1129 94 28 aflägsna
446 1129 42 21 den
510 1129 72 28 afväg,
597 1129 29 28 pä
640 1128 88 22 hvilken
743 1129 160 28 likställighets-

76 1157 77 28 frägan
173 1157 67 27 räkat,
261 1165 26 13 en
308 1157 65 28 afväg
395 1157 117 22 bestäende
532 1157 76 26 deruti,
621 1159 32 19 att
668 1159 31 19 ett
712 1157 131 21 främmande
859 1165 44 13 mo-

77 1188 64 24 ment,
155 1185 216 29 kommunalspräket,
383 1186 198 29 sammankopplats
593 1185 50 22 med
656 1185 38 22 det
703 1185 69 29 spräk,
782 1185 29 29 pä
820 1185 84 21 hvilket

76 1213 103 28 sakegare
200 1221 51 15 vore
270 1214 119 29 berättigad
405 1217 31 18 att
452 1215 80 21 erhålla
548 1215 76 27 utslag,
640 1214 106 29 protokoll
761 1222 26 13 m.
803 1221 26 14 m.
859 1213 44 22 Om

77 1249 29 14 nu
117 1243 116 28 verkligen,
243 1242 71 22 säsom
324 1243 39 21 här
373 1243 66 22 ocksä
450 1246 65 26 sagts,
526 1243 72 21 denna
608 1243 39 21 sak
656 1245 24 19 är
687 1243 22 21 af
717 1243 60 28 ringa
787 1242 117 29 betydelse,

76 1270 24 22 sä
116 1270 42 22 kan
175 1272 33 28 jag
222 1274 57 19 ännu
293 1272 83 21 mindre
386 1273 52 25 inse,
446 1272 90 21 hvarför
547 1272 139 28 möjligheten
697 1274 36 24 att,
744 1279 34 14 om
789 1271 59 22 detta
858 1279 46 13 mo-

76 1302 59 18 ment
144 1300 48 21 frän
203 1301 158 21 reservationen
372 1301 42 21 N:o
422 1302 11 20 1
443 1300 88 27 införes,
542 1300 73 22 kunna
624 1300 151 28 genomdrifva
785 1300 119 28 petitionen

76 1328 69 22 skulle
161 1328 58 28 ökas,
233 1332 24 25 ty
272 1336 34 14 om
321 1329 67 21 saken
404 1331 22 19 är
441 1329 24 21 af
479 1330 63 27 ringa
557 1329 118 28 betydelse,
690 1328 25 22 sä
729 1329 68 21 skulle
813 1328 42 22 den
868 1328 36 22 väl

76 1357 71 21 säsom
162 1358 61 28 ringa
236 1353 64 38 anses
315 1358 67 21 ocksä
398 1358 27 28 pä
439 1358 67 28 högre
522 1360 40 24 ort,
577 1358 47 21 ifall
633 1358 118 28 petitionen
763 1357 43 21 kan
817 1358 86 27 bringas

75 1385 33 21 till
124 1385 68 22 stånd.
221 1386 74 22 Afven
311 1386 48 21 från
375 1386 208 29 praktiskt-politisk
598 1386 111 28 synpunkt
724 1388 23 19 är
761 1386 37 21 det
813 1385 91 22 sålunda

75 1414 23 20 af
118 1415 63 27 ingen
196 1417 61 26 nytta
271 1417 32 19 att
317 1415 70 21 införa
402 1415 72 28 något,
489 1422 47 14 som
552 1416 23 20 är
590 1390 110 57 stridände
715 1418 44 18 mot
774 1415 129 28 petitionens

76 1442 41 21 och
132 1443 113 29 förslagets
261 1443 61 22 anda.
352 1443 43 29 Jag
410 1444 38 21 ber
462 1446 31 18 att
509 1444 23 21 få
547 1443 98 29 afstyrka
660 1443 37 21 det
712 1443 23 21 af
749 1443 34 21 Hr
793 1442 110 23 Mechelin

72 1471 77 28 gjorda
163 1472 110 28 förslaget.

141 1547 36 16 N:o
187 1549 24 15 18.
811 1545 23 18 37
