1117 1781
379 127 224 21 Folkskolebudgeten.
839 121 40 21 753

82 200 44 18 tera
149 195 182 28 undervisningen
354 195 37 21 vid
410 195 159 21 seminarierna.
599 195 114 21 Utskottet
729 195 123 28 behjertade
867 195 43 21 till-

81 225 53 22 fullo
158 224 34 21 Hr
212 224 191 28 Yrjö-Koskinens
425 223 36 22 vid
484 223 180 22 remissdebatten
686 223 75 28 gjorda
777 224 86 28 förslag,
879 227 32 18 att

81 253 71 28 någon
175 253 118 27 ersättning
316 253 51 20 eller
390 252 66 28 något
476 252 75 27 anslag
571 252 72 21 kunde
659 252 89 28 beviljas
764 252 34 21 för
813 255 32 18 att
859 254 51 19 rätt-

82 282 91 27 visligen
194 281 104 21 honorera
321 281 37 21 det
379 281 73 21 arbete
474 281 182 20 seminarielärare
675 280 71 21 kunde
761 281 106 28 nedlägga
883 280 28 29 på

83 318 27 13 en
125 310 86 28 lämplig
227 309 119 28 anordning
362 309 23 21 af
400 309 62 22 dessa
478 309 233 28 fortsättningskurser.
730 309 52 22 Men
798 309 113 22 Utskottet

82 339 44 26 har,
140 339 28 28 på
183 340 42 19 sätt
241 338 22 21 af
278 338 49 21 dess
345 338 135 21 betänkande
496 337 40 22 sid.
554 339 27 20 24
596 337 100 28 framgår,
711 341 71 18 ansett
799 341 31 18 att
840 338 71 21 denna

84 367 65 28 fråga,
171 375 44 13 som
239 367 77 20 hänför
339 367 32 27 sig
392 367 32 20 till
447 367 191 26 seminariestaten,
660 366 47 21 icke
723 366 39 21 bör
777 367 132 28 hopblandas

84 396 48 21 med
147 396 26 21 de
190 396 79 27 anslag,
285 403 45 13 som
345 395 72 28 gifvas
433 395 23 21 af
471 395 207 26 bevillningsmedel.
707 395 42 28 Jag
763 398 44 18 tror
821 395 90 22 Utskot-

84 427 31 18 tet
130 425 6 20 i
151 425 83 28 princip
249 423 90 22 handlat
353 424 131 27 fullkomligt
498 425 48 19 rätt.
576 423 35 21 Hr
626 423 178 28 Yrjö-Koskinen
820 424 39 21 har
873 431 38 14 an-

84 453 69 21 märkt
167 456 44 18 mot
226 453 65 26 detta,
306 455 32 18 att
352 453 117 28 möjligtvis
485 453 111 27 ingenting
612 452 84 21 komme
706 455 32 18 att
748 453 84 27 åtgöras
843 452 68 21 under

84 481 80 22 sådana
187 481 154 26 förhållanden,
364 489 34 13 om
420 481 48 21 icke
493 480 106 21 särskilda
620 481 76 27 anslag
717 481 7 20 i
747 481 58 21 detta
821 481 90 28 budget-

86 510 133 21 betänkande
234 512 111 26 upptagas.
375 510 53 21 Men
444 509 28 22 då
487 509 76 28 frågan
580 509 86 28 engång
681 511 22 19 är
719 509 64 22 väckt
794 510 40 21 och
845 510 66 21 saken

86 541 24 18 är
124 539 81 26 rättvis,
221 538 24 21 så
259 538 42 21 kan
317 538 38 21 det
369 539 36 20 väl
420 538 48 21 icke
483 537 44 22 lida
542 537 84 27 tvifvel,
642 540 32 19 alt
689 538 41 21 den
745 538 48 21 icke
803 539 23 21 af
837 538 75 22 veder-

86 567 93 21 börande
201 567 124 28 myndighet
348 567 54 21 skall
423 567 126 21 observeras
571 566 41 21 och
635 566 112 29 behjertas.
785 567 34 21 Då
842 567 69 21 Stats-

86 595 105 22 utskottet
228 599 93 17 dessutom
344 595 48 22 icke
415 595 35 21 får
472 595 98 21 betrakta
593 596 34 27 sig
649 603 45 13 som
713 595 198 29 fackmyndighet
900 591 15 37 i

86 624 145 28 pedagogiska
248 623 78 28 frågor,
341 624 24 21 så
380 624 38 21 har
434 624 114 21 Utskottet
562 623 48 22 icke
626 623 67 22 heller
707 627 70 18 ansett
792 625 33 27 sig
840 625 72 20 kunna

87 653 108 28 kalkylera
217 653 36 20 det
276 652 84 29 belopp,
383 660 45 13 som
455 652 107 21 erfordras
586 652 34 21 för
636 652 59 21 detta
710 653 103 20 ändamål.
843 652 69 22 Stats-

87 681 104 21 utskottet
213 681 38 22 har
273 681 74 21 derför
368 681 61 21 hållit
448 682 38 20 sitt
501 681 110 21 uttalande
627 682 7 20 i
650 681 105 21 allmänna
769 681 88 28 ordalag
871 681 41 21 och

87 710 38 21 vill
147 710 82 29 hoppas
245 713 31 18 att
289 709 81 28 frågan,
386 709 29 22 då
429 709 42 22 den
487 709 85 28 engång
588 709 72 22 blifvit
676 709 69 27 väckt,
761 710 54 21 skall
830 709 59 22 ledas
905 710 7 21 i

86 738 42 22 den
145 739 100 27 riktning,
260 746 46 13 som
321 738 66 21 saken
403 738 109 28 förtjenar.

155 767 39 21 Uti
215 768 37 20 sitt
273 767 138 28 andragande
433 767 92 21 rörande
547 767 261 28 löneförhöjningsfrågan
826 767 39 28 gaf
879 767 34 21 Hr

86 795 179 28 Yrjö-Koskinen
288 795 110 26 tillkänna,
420 798 32 19 att
474 795 42 21 han
531 795 35 21 för
581 796 33 20 sin
631 795 41 26 del,
688 803 33 13 om
735 796 36 27 jag
785 795 128 29 uppfattade

87 824 78 21 honom
179 826 48 24 rätt,
243 824 94 21 ansluter
352 825 33 27 sig
401 824 31 21 till
448 823 51 28 den
505 825 110 20 minoritet
630 825 7 20 i
652 824 119 26 Utskottet,
781 824 63 21 hvars
855 824 58 21 talan

87 853 57 20 föres
160 854 7 19 i
183 853 144 20 betänkandet
342 852 13 21 &
370 853 39 21 sid.
424 854 20 19 4.
484 853 74 21 Afven
581 853 36 28 jag
639 853 35 20 för
694 853 43 20 min
753 853 35 20 del
802 853 39 21 har
855 853 58 21 inom

90 881 110 22 Utskottet
224 882 55 20 varit
301 889 58 13 mera
381 881 91 21 tilltalad
496 881 23 21 af
541 882 148 20 minoritetens
712 881 137 28 uppfattning
873 881 40 22 och

87 909 60 27 hade,
168 911 7 20 i
190 909 101 22 händelse
307 909 48 22 icke
371 910 111 27 allvarliga
497 910 46 21 skäl
558 911 58 20 inom
631 909 114 22 Utskottet
759 910 55 21 hade
830 909 83 22 anförts

88 939 5 20 i
117 941 87 18 motsatt
224 938 101 28 riktning,
348 939 40 20 och
417 938 89 21 såframt
522 939 47 21 icke
585 938 128 29 tidpunkten
729 939 34 20 för
778 946 26 13 en
820 938 94 21 löneför-

87 967 88 28 höjning
195 967 42 28 just
260 975 34 17 nu,
313 967 28 20 dä
356 975 27 12 en
398 967 107 28 väsentlig
520 967 130 28 utvidgning
665 967 23 21 af
701 967 213 21 folkskoleväsendet

88 997 23 19 är
125 995 142 26 förestäende,
282 1003 51 14 vore
349 995 107 28 olämplig,
471 996 7 20 i
494 995 91 22 särskild
600 996 133 21 reservation
748 995 113 22 framburit
871 995 42 22 den

88 1025 145 20 minoritetens
256 1024 61 27 äsigt,
340 1031 45 14 som
404 1025 68 20 finnes
488 1024 81 21 uttalad
586 1024 12 21 å
614 1024 39 21 sid.
668 1025 20 20 4.
717 1024 51 21 Men
783 1024 69 21 under
866 1026 48 19 när-

89 1053 92 20 varande
203 1052 181 28 omständigheter
406 1053 61 20 torde
483 1053 57 21 dock
556 1053 59 20 detta
630 1053 56 20 varit
700 1055 51 18 utan
767 1053 104 26 ändamål,
887 1052 28 21 dä

89 1084 31 17 ett
144 1081 115 28 kraftigare
284 1081 174 21 understödande
486 1081 23 21 af
534 1081 26 21 de
583 1082 7 20 i
613 1081 205 28 petitionsförslaget
839 1081 76 29 gjorda

90 1109 137 22 uttalandena
241 1109 48 22 icke
304 1109 114 28 rimligtvis
434 1109 43 22 kan
492 1109 162 28 ifrägakomma.

158 1166 34 21 Hr
209 1167 26 20 A.
251 1166 195 28 Gripenberg:
476 1166 42 28 Jag
533 1166 55 21 hade
604 1168 72 19 ämnat
692 1167 77 28 begära
784 1166 61 22 ordet
860 1166 55 21 först

89 1194 37 21 vid
141 1194 42 21 den
191 1195 203 28 detaljgranskning,
403 1203 45 13 som
459 1195 35 28 jag
506 1198 89 25 antager
605 1195 96 21 kommer
711 1199 31 17 att
753 1203 38 20 ega
801 1203 46 13 rum
856 1195 23 20 af
887 1195 27 20 de

89 1223 97 21 enskilda
201 1223 107 28 förslagen
324 1224 7 20 i
347 1223 59 22 detta
422 1223 142 26 betänkande,
580 1231 48 14 men
644 1223 28 22 dä
687 1227 30 18 ett
732 1231 38 21 par
784 1224 66 21 talare
863 1223 52 21 alla-

89 1252 66 21 redan
177 1252 72 21 berört
263 1252 125 22 Utskottets
405 1252 115 28 afböjande
536 1252 48 22 utaf
598 1252 150 28 förhöjningen
763 1252 22 22 af
800 1252 37 21 det
852 1255 63 18 stats-

90 1280 80 28 bidrag,
194 1288 46 14 som
261 1281 64 27 utgär
346 1281 33 21 till
398 1281 94 28 aflöning
515 1281 34 21 för
563 1281 164 21 folkskollärare
743 1281 40 21 och
798 1281 117 21 lärarinnor

90 1309 28 28 pä
132 1309 78 27 landet,
225 1310 38 20 har
277 1310 35 28 jag
327 1312 71 18 ansett
413 1310 43 27 mig
472 1310 51 20 böra
538 1310 7 20 i
561 1310 59 20 detta
636 1310 151 28 sammanhang
798 1312 57 26 yttra
865 1310 50 27 mig.

154 1338 85 28 Frägan
249 1338 38 21 har
295 1338 76 22 väckts
379 1346 77 20 genom
466 1346 26 13 en
502 1339 96 28 petition,
608 1346 46 13 som
663 1338 93 28 bifogats
765 1338 150 22 betänkandet.

89 1366 10 21 I
123 1366 67 22 likhet
213 1366 47 22 med
276 1368 142 27 petitionären
438 1367 40 21 och
494 1368 7 20 i
517 1369 89 19 motsats
622 1367 32 21 till
671 1366 116 27 Utskottet,
803 1374 62 14 anser
880 1367 35 27 jag

90 1398 31 18 att
136 1402 25 14 en
177 1395 123 28 förhöjning
315 1395 22 21 af
352 1395 304 29 folkskollärarepersonalens
672 1396 12 20 å
699 1396 72 20 landet
790 1396 60 20 löner
867 1395 48 21 icke

91 1424 54 20 blott
167 1424 35 21 väl
224 1424 41 20 kan
287 1424 98 21 försvara
408 1425 38 27 sig,
462 1427 51 18 utan
529 1424 42 21 ock
586 1426 23 18 är
624 1424 135 28 synnerligen
774 1424 23 21 af
813 1424 103 21 behofvet

90 1452 105 28 päkallad.
224 1452 113 22 Utskottet
352 1452 39 21 har
406 1453 126 27 visserligen
544 1452 48 22 sökt
603 1452 75 22 bevisa
694 1456 30 18 att
744 1452 171 22 folkskollärare-

90 1480 125 28 personalen
231 1480 27 29 pä
273 1480 73 22 landet
361 1481 49 21 icke
426 1481 84 21 arbetar
526 1481 68 21 under
607 1481 24 21 sä
641 1481 87 21 alldeles
739 1481 70 28 däliga
819 1480 96 22 lefnads-

90 1508 75 28 vilkor,
186 1517 49 13 men
257 1509 82 28 nödgas
363 1509 55 22 dock
441 1510 95 21 erkänna
557 1512 31 18 att
604 1517 26 13 en
646 1510 73 26 lärare,
734 1517 45 14 som
794 1510 39 20 har
848 1509 67 28 familj

825 1549 22 17 43
