1117 1781
226 124 49 20 856
478 129 24 17 R.
516 134 18 13 0.
545 130 23 18 A.
585 130 56 18 1897.
666 131 11 17 7
689 130 48 22 Maj.

199 197 98 28 ligheten
312 200 33 19 att
359 197 28 30 pä
401 197 93 22 förhand
509 198 73 21 kunna
598 198 123 27 bestämma,
736 199 55 22 hvar
806 198 67 21 sädan
884 199 45 28 jagt
939 197 97 22 kommer

199 229 33 19 att
247 225 119 23 bedrifvas.
396 227 34 21 Då
444 227 83 21 kronan
542 227 40 21 bör
597 227 100 22 använda
712 227 69 22 denna
798 227 59 20 skatt
871 227 33 20 till
914 226 120 29 jagtvärds-

197 254 102 22 ändamäl
314 255 41 21 och
371 255 129 22 efterlefnad
512 255 24 22 af
545 255 71 22 denna
626 255 46 29 lags
682 255 144 27 föreskrifter,
837 255 96 22 kommer
942 256 23 28 ju
975 255 59 22 skat-

197 286 37 19 ten
250 283 66 22 äfven
331 283 92 22 faktiskt
438 283 42 22 den
496 284 100 21 kommun
612 285 33 20 till
660 285 63 28 godo,
739 284 38 21 der
791 285 73 28 jagten
880 284 63 21 skett.

267 312 33 21 Pä
323 312 69 28 grund
415 312 22 21 af
459 312 57 22 hvad
538 313 36 28 jag
593 313 48 21 haft
666 315 50 19 äran
733 313 76 21 anföra
823 313 36 21 fär
873 313 35 28 jag
924 312 109 22 vördsamt

198 340 89 21 förorda
308 341 130 28 antagandet
459 341 23 21 af
503 342 25 21 27
550 342 12 27 &
578 342 7 20 i
601 341 125 22 Utskottets
742 341 144 26 betänkande,
901 341 49 21 med
965 341 66 21 sådan

198 369 92 28 ändring
314 369 23 21 af
352 369 68 29 tredje
434 372 123 24 momentet,
572 377 47 14 som
634 371 36 28 jag
685 371 7 20 i
707 371 43 20 min
766 371 134 20 reservation
915 370 119 27 föreslagit.

267 426 60 22 Frih.
342 427 141 21 Aminoff:
513 427 218 22 Hufvudändamälet
751 427 50 22 med
817 427 42 21 den
875 427 68 21 under
958 427 76 21 debatt

198 455 96 21 varande
315 456 125 27 paragrafen
460 457 24 20 är
506 459 31 18 att
555 455 98 22 anskaffa
669 456 22 21 ät
706 456 155 21 kommunerna
875 455 66 28 något
956 455 76 28 bidrag

197 483 35 21 för
255 483 42 22 den
321 484 128 28 skyldighet,
468 491 46 14 som
529 484 88 28 ålägges
633 484 48 21 dem
697 492 77 20 genom
791 485 11 27 $
819 485 34 25 26,
868 484 87 21 hvilken
971 485 6 19 i
992 483 40 28 går

197 512 47 21 blef
259 512 24 21 af
297 513 27 20 R.
340 520 18 13 o.
374 513 27 21 A.
417 516 97 25 antagen.
544 513 43 28 Jag
602 513 38 21 vill
656 513 48 21 icke
720 521 52 13 vara
787 513 104 28 vidlyftig
906 513 48 21 med
970 512 62 21 bevis

198 548 34 14 om
254 541 141 28 jagtskattens
416 541 167 28 nödvändighet.
614 541 67 22 Detta
696 541 39 22 har
751 541 73 21 blifvit
839 541 78 28 tydligt
933 540 99 27 uttaladt,

197 569 53 21 såväl
286 571 7 20 i
317 569 227 22 komitebetänkandet
558 570 41 21 och
617 571 6 20 i
641 571 180 27 jagtlitteraturen
839 577 46 14 som
904 578 28 13 nu
951 577 77 20 genom

197 597 58 22 Frih.
279 598 92 22 Wredes
397 598 142 29 andragande.
576 599 45 21 Det
642 601 24 18 är
688 598 56 22 dock
770 602 31 18 att
824 599 91 27 beklaga
930 602 31 18 att
975 598 54 21 huru

199 627 74 21 starka
292 627 92 21 motiver
406 635 45 13 som
474 629 26 19 än
524 627 89 27 anförts,
636 627 63 22 dessa
721 627 49 22 icke
793 627 84 28 lyckats
892 627 69 21 förmä
975 627 56 28 jagt-

197 655 100 22 skattens
320 655 145 22 motständare
488 659 31 18 att
541 656 47 21 inse
611 659 32 18 ait
665 656 132 28 jagtskatten
817 656 49 21 icke
881 657 24 20 är
920 663 26 14 en
962 657 68 20 större

197 684 157 27 inskränkning
376 685 7 20 i
404 684 152 28 eganderätten
578 686 27 19 än
625 688 15 17 t.
656 692 18 14 o.
690 693 26 12 m.
731 685 80 28 sjelfva
823 684 208 28 fridlysningstiden.

197 712 44 21 Till
256 712 55 29 följd
327 713 61 21 häraf
403 713 38 20 har
456 721 26 13 en
497 713 127 28 förändring
639 714 6 20 i
662 714 11 20 1
691 721 62 13 mom.
764 713 111 28 vidtagits,
888 715 44 18 mot
942 713 88 21 hvilken

196 741 36 28 jag
247 741 119 28 ingalunda
380 741 38 22 vill
433 741 94 21 invända
542 742 125 27 nägonting,
683 745 51 18 utan
749 743 95 20 tvärtom
859 749 35 14 ser
909 742 42 27 mig
966 744 64 18 tvun-

197 777 42 20 gen
255 773 32 18 att
301 769 88 22 förorda
399 769 48 22 dess
458 771 127 27 antagande.
615 770 99 21 Likvisst
724 770 39 21 har
773 770 124 28 derigenom
909 769 121 22 ändamälet

197 798 70 22 delvis
291 798 48 28 gätt
360 798 105 22 förloradt
483 799 40 21 och
539 799 155 21 kommunerna
715 799 85 21 komma
819 799 48 21 icke
884 801 31 18 att
931 798 22 21 fä
968 799 21 20 in
1005 798 26 21 sä

196 827 89 28 mycket
305 827 34 21 för
360 828 128 27 premiering
510 827 24 21 af
549 827 86 22 dödade
650 827 89 29 rofdjur,
755 835 46 14 som
818 827 27 21 de
860 827 56 21 hade
931 827 48 26 fätt,
994 834 35 13 om

196 855 156 28 förändringen
368 855 48 22 icke
431 855 55 22 hade
501 855 85 22 införts.
617 856 32 21 Af
665 856 40 21 alla
721 856 27 21 de
764 856 87 27 förslag,
867 863 44 14 som
928 863 28 12 nu
972 855 57 28 ligga

196 884 33 21 till
245 884 70 28 grund
331 884 35 21 för
381 884 142 28 jagtskattens
538 885 144 28 tillämpning,
699 892 62 14 anser
776 885 37 28 jag
828 884 37 21 det
879 884 88 28 förslag,
982 891 48 14 som

195 913 36 28 jag
246 913 68 21 finner
329 913 7 20 i
351 913 68 28 tredje
434 913 168 26 reservationen,
618 913 20 21 d.
654 921 19 14 v.
689 921 16 14 s.
720 913 59 21 Frih.
794 913 93 22 Wredes
903 921 26 13 m.
941 915 26 24 fl.,
977 920 51 14 vara

197 941 44 26 det,
255 949 46 13 som
317 944 56 19 mest
389 941 113 28 befrämjar
518 941 36 22 det
570 941 100 22 ändamål
686 941 49 22 med
749 941 140 29 jagtskatten,
899 941 83 22 hvilket
992 942 38 27 jag

196 977 52 21 nyss
272 970 48 21 haft
339 972 51 19 äran
405 970 117 21 framhålla.
551 970 43 28 Jag
613 970 55 21 hade
684 971 55 20 visst
753 978 68 21 gerna
837 974 42 17 sett
894 973 31 18 att
940 971 31 20 uti
986 970 42 21 den

196 999 65 26 kläm,
286 1006 46 14 som
350 998 90 22 föreslås
458 999 24 20 af
495 1002 170 23 reservanterna,
684 999 68 21 skulle
768 999 67 21 finnas
852 1006 26 14 en
894 999 136 26 bestämning

197 1034 40 19 om,
260 1027 55 22 huru
337 1027 63 28 länge
423 1027 67 21 besök
505 1027 34 21 fär
560 1035 60 19 vara,
641 1027 68 22 under
724 1027 85 22 hvilket
824 1027 98 22 skattefri
937 1028 45 27 jagt
996 1026 36 21 fär

195 1055 71 26 idkas,
291 1056 41 21 och
353 1056 54 21 huru
430 1056 62 27 länge
514 1056 66 21 sädan
603 1057 47 28 jagt
668 1056 67 21 under
750 1064 63 13 resan
829 1056 34 21 fär
878 1056 70 21 räcka.
977 1055 53 21 Men

197 1087 32 18 att
244 1086 57 19 ännu
332 1092 104 21 proponera
451 1085 70 27 nägon
537 1085 91 28 ändring
644 1086 31 19 uti
690 1085 78 28 sjelfva
784 1085 105 27 förslaget
904 1092 51 14 vore
967 1085 21 27 ju
999 1086 32 19 att

195 1113 43 21 öka
253 1113 43 21 alla
327 1121 11 13 de
354 1113 77 28 många
446 1113 138 26 svårigheter,
600 1113 74 22 hvilka
689 1121 29 13 nu
733 1113 67 22 redan
816 1113 98 28 uppstått
928 1113 33 20 till
975 1111 55 29 följd

196 1141 23 21 af
235 1141 28 22 de
287 1142 57 21 olika
367 1141 41 22 och
423 1117 106 56 öväritade
544 1142 88 28 förslag,
648 1149 46 14 som
709 1143 7 20 i
731 1142 39 27 går
785 1142 75 21 blefvo
875 1145 99 24 antagna,
989 1140 41 22 och

195 1169 76 22 hvilka
293 1172 74 27 tyvärr
389 1170 51 21 hota
466 1170 48 21 hela
535 1170 37 21 det
594 1178 42 21 nya
659 1170 151 28 lagförslagets
833 1170 126 28 antagande.
988 1169 44 28 Jag

195 1199 36 21 får
250 1199 74 22 derför
339 1198 79 22 föreslå
434 1201 30 19 att
479 1199 130 28 jagtskatten
626 1202 88 25 antages
730 1199 68 28 enligt
815 1199 124 22 Utskottets
956 1199 74 21 betän-

195 1227 79 27 kande,
297 1227 58 22 dock
379 1227 49 22 med
450 1227 42 22 den
514 1227 92 29 ändring
621 1229 7 20 i
651 1229 5 20 3
673 1235 68 19 mom.,
762 1235 47 14 som
833 1227 90 22 föreslås
939 1228 6 20 i
961 1227 70 28 tredje

194 1257 167 21 reservationen.

267 1313 58 21 Frih.
340 1314 137 27 Hisinger
491 1313 147 22 understödde
653 1314 59 21 Frih.
730 1313 91 22 Wredes
837 1313 86 29 förslag.

267 1370 35 21 Hr
317 1370 144 22 Snellman
476 1370 71 22 anhöll
563 1373 32 19 att
610 1370 24 22 få
648 1370 75 22 förena
739 1371 34 27 sig
788 1378 34 13 om
838 1370 37 22 det
885 1370 24 21 af
919 1370 34 21 Hr
965 1370 65 28 Yrjö-

195 1398 124 27 Koskinen,
333 1399 73 26 Lauri,
420 1399 125 21 framstälda
560 1399 110 28 förslaget.

267 1455 58 21 Frih.
341 1456 141 21 Aminoff:
498 1456 65 20 Emot
578 1456 38 20 det
631 1456 23 21 af
664 1456 34 20 Hr
709 1455 109 21 Snellman
829 1455 146 21 understödda
985 1455 45 21 för-

196 1484 71 28 slaget
283 1484 23 21 af
320 1484 35 21 Hr
368 1484 179 28 Yrjö-Koskinen
564 1484 38 21 vill
617 1485 36 27 jag
668 1486 76 19 endast
753 1487 59 25 yttra
822 1488 66 24 nägra
901 1484 45 26 ord,
956 1484 28 21 dä
993 1484 37 28 jag

196 1512 88 22 befarar
299 1515 32 19 att
346 1512 81 22 kanske
442 1513 91 27 mängen
549 1512 54 22 läter
619 1512 83 22 beveka
717 1514 33 26 sig
766 1512 23 22 af
805 1512 26 22 de
847 1512 79 22 vackra
942 1512 40 22 och
997 1515 33 19 ta-
