1117 1781
234 132 42 22 616
468 140 26 18 R.
506 145 18 13 o.
536 141 22 17 A.
572 142 55 16 1897.
651 142 23 16 21
688 141 62 20 April.

203 209 78 26 gamla.
311 209 33 21 Af
365 209 97 22 formella
481 209 47 22 skäl
543 209 72 22 kunde
631 209 166 22 Statsutskottet
813 209 36 20 vid
865 211 85 20 senaste
965 209 68 21 landt-

204 237 27 21 dag
271 238 49 21 icke
342 241 95 25 upptaga
459 238 42 21 den
522 238 166 28 omständighet,
709 245 46 14 som
776 237 39 21 här
831 237 92 26 boröros,
937 245 47 14 men
1000 239 35 28 jag

204 265 56 22 hade
276 267 76 20 väntat
367 269 32 18 att
429 267 148 21 Statsutskottet
592 274 29 13 nu
637 266 68 21 skulle
721 267 70 20 erinra
805 273 41 19 om,
857 265 114 22 huruledes
986 266 49 21 kort

204 293 47 22 före
274 297 85 19 senaste
375 295 102 28 landtdag
493 303 26 13 en
534 295 124 28 förhöjning
673 295 81 21 skedde
770 294 47 21 utaf
832 295 65 20 bland
913 297 64 19 annat
992 295 42 21 den

205 322 48 21 icke
273 323 49 20 med
338 323 86 29 portfölj
440 323 102 22 försedda
556 323 135 22 ledamotens
706 324 7 20 i
729 323 105 21 Senatens
849 323 185 28 Ekonomidepar-

205 353 83 19 tement
302 351 43 26 lön,
362 352 35 21 för
411 355 31 18 att
457 353 48 20 icke
520 354 77 19 nämna
613 359 26 14 en
655 359 69 14 annan
741 351 91 22 samtida
847 351 128 28 förhöjning,
989 353 45 26 gäl-

205 379 64 22 lande
292 380 147 28 prokuratorn.
468 381 42 28 Jag
530 381 55 21 hade
607 381 67 21 ocksä
696 383 75 19 väntat
792 383 31 18 ett
838 380 134 21 bedömande
987 381 47 20 utaf

205 407 60 22 detta
287 409 33 20 till
342 409 42 21 den
407 409 57 22 kraft
485 409 40 22 och
547 412 82 18 verkan
650 409 38 21 det
710 409 64 21 hafva
795 408 77 21 kunde.
902 408 42 28 Jag
959 409 37 21 ber
1011 409 23 21 få

206 437 69 20 erinra
299 445 33 13 om
355 437 36 22 det
412 438 65 21 sedan
493 438 101 27 gammalt
608 437 71 22 kända
695 437 144 21 förhällandet
855 440 31 18 att
901 437 51 21 vära
968 437 66 28 högre

205 466 128 27 tjenstemän
349 468 37 19 äro
401 467 154 28 jemförelsevis
571 466 48 21 icke
635 466 44 28 lägt
695 466 103 21 aflönade.
831 465 81 22 Sävida
927 465 48 21 icke
990 466 44 21 för-

205 493 129 22 hällandena
349 495 28 28 pä
392 495 52 21 allra
459 496 51 20 sista
525 495 85 21 tiderna
624 495 77 20 ändrat
716 495 33 27 sig
764 495 7 20 i
786 494 142 28 grannlandet
939 493 95 28 Sverige,

205 522 24 21 sä
251 522 62 21 torde
335 523 38 21 der
395 526 30 18 ett
445 523 125 29 justitieräd,
592 523 151 22 motsvarande
765 531 26 13 en
807 523 91 21 medlem
914 523 7 20 i
936 523 98 20 Justitie-

205 550 177 29 departementet,
405 553 95 27 uppbära
523 553 75 23 10,000
616 553 80 20 kronor
711 559 34 14 om
761 551 52 26 äret,
828 554 31 18 ett
874 551 93 21 statsräd
983 554 50 18 utan

221 579 72 28 ortfölj
318 581 75 24 12,000
415 581 79 20 kronor
516 581 40 21 och
579 588 26 13 en
628 580 211 29 departementschef
856 581 75 24 17,000
947 580 84 21 kronor.

228 615 55 14 enna
306 608 94 28 aflöning
419 609 35 21 för
475 612 30 18 ett
526 609 92 21 statsräd
640 612 51 17 utan
714 609 87 28 portfölj
825 608 22 21 af
864 609 75 25 12,000
956 609 78 20 kronor

205 639 120 18 motsvarar
347 638 75 25 17,000
445 637 69 22 finska
531 637 66 26 mark,
612 637 42 22 och
669 637 38 21 här
722 639 23 19 är
760 637 202 28 löneförhöjningen
978 637 56 21 stäld

204 665 32 20 till
261 666 76 25 22,000
360 666 64 26 mark,
440 667 37 20 vill
492 667 35 28 jag
542 667 89 20 minnas.
662 666 69 21 Faran
748 668 23 18 är
786 665 35 21 väl
837 665 48 22 icke
901 665 24 21 sä
941 668 49 23 stor,
1006 665 28 21 dä

205 693 37 21 det
264 694 68 27 gäller
355 701 25 14 en
404 695 83 21 enskild
502 697 54 26 post,
572 702 48 13 men
636 695 86 27 logiken
739 694 90 21 innebär
843 697 32 18 att
891 693 26 22 de
933 694 101 21 medlem-

204 729 46 13 mar
272 722 23 21 af
315 722 143 29 Regeringen,
480 731 45 13 som
546 723 66 21 hafva
627 726 100 18 ansvaret
743 723 41 20 och
799 722 154 21 arbetsbördan
969 722 22 21 af
1007 730 26 13 en

205 750 92 21 särskild
323 751 94 28 portfölj,
432 751 52 22 böra
498 759 50 14 vara
564 752 66 27 högre
646 751 103 26 aflönade,
765 751 41 21 och
819 751 49 21 med
884 751 148 21 erfarenheten

204 779 7 20 i
227 778 90 29 Sverige
333 782 31 18 att
379 779 126 22 differensen
522 782 22 19 är
559 780 48 21 icke
624 780 81 21 mindre
721 782 26 19 än
764 781 61 24 5,000
841 780 85 25 kronor,
939 781 23 19 är
972 781 61 19 nästa

205 810 48 25 steg
268 807 84 22 säledes
368 811 31 18 att
414 809 97 28 samtliga
526 809 118 28 aflöningar
654 809 34 20 för
698 808 257 28 portföljinnehafvarene
965 807 67 22 mäste

204 835 59 26 ökas,
285 836 40 21 och
347 837 24 20 sä
387 844 34 14 om
436 837 70 28 någon
522 837 30 21 tid
568 837 60 28 höjes
644 837 121 28 aflöningen
781 837 34 20 för
831 837 47 26 den,
894 844 45 13 som
955 837 78 20 saknar

203 865 88 27 portfölj
316 865 33 21 till
371 873 80 14 samma
472 865 55 27 nivä,
548 873 19 14 o.
582 873 16 14 s.
614 874 20 13 v.
664 865 30 22 Sä
708 865 39 21 har
762 865 37 21 det
813 865 48 28 gätt
876 865 48 21 med
939 865 93 20 löneför-

203 893 142 28 höjningarna
361 894 28 27 pä
404 894 26 21 de
445 894 61 21 flesta
521 894 108 21 omräden.
659 894 44 21 Det
718 896 23 19 är
757 896 44 19 mot
817 893 58 22 detta
892 896 79 25 system
986 901 46 13 som

203 921 36 28 jag
255 921 38 21 vill
308 922 86 28 inlägga
409 930 26 13 en
450 930 99 21 gensaga.

273 950 33 21 Pä
317 950 38 21 sid.
367 952 27 19 14
404 951 99 21 hänvisas
514 952 6 20 i
532 951 61 28 fräga
604 959 34 13 om
650 951 61 28 sjette
723 950 146 21 hufvudtiteln
878 951 32 20 till
918 950 114 21 framställ-

204 979 80 27 ningen
308 986 35 14 om
362 979 170 22 militiemedlens
547 980 133 27 förvaltning
695 980 73 27 längre
784 979 55 20 fram
855 980 6 19 i
882 979 149 25 betänkandet,

204 1007 41 21 och
268 1007 37 21 ber
325 1008 36 27 jag
381 1008 34 21 för
429 1009 185 27 sammanhangets
630 1008 56 21 skull
701 1008 23 21 fä
739 1008 90 21 hänvisa
844 1007 33 21 till
892 1007 39 22 sid.
945 1008 33 24 26,
994 1007 38 21 der

204 1035 167 22 Statsutskottet
393 1037 26 20 bl.
440 1045 18 13 a.
479 1037 109 21 meddelar
608 1040 32 17 att
662 1036 72 21 ibland
751 1036 117 28 utgifterna
884 1036 47 21 frän
947 1036 84 20 militie-

203 1064 86 21 medlen
313 1065 61 27 ingår
397 1068 30 18 ett
448 1065 74 28 anslag
543 1073 34 13 om
593 1066 76 27 20,000
686 1065 65 27 mark,
767 1064 102 21 hvarmed
885 1065 68 20 finska
969 1067 62 18 stats-

203 1093 78 20 verket
303 1093 80 28 ärligen
407 1093 98 28 bidrager
519 1094 32 21 till
568 1093 137 22 bestridande
722 1093 23 21 af
760 1093 41 21 den
817 1093 146 28 topografiska
978 1101 54 20 upp-

203 1121 118 28 tagningen
342 1122 23 21 af
385 1122 78 27 landet,
484 1122 39 21 och
543 1123 76 27 10,000
635 1122 66 26 mark,
717 1130 45 13 som
779 1122 80 27 ärligen
876 1121 105 21 utbetalas
997 1121 35 22 för

203 1149 60 21 lösen
280 1150 23 21 af
317 1150 139 28 fotografiska
471 1151 75 28 kopior
561 1151 23 21 af
600 1151 26 20 de
642 1151 144 28 topografiska
801 1150 230 21 karta-brouillonerna

203 1181 55 18 samt
284 1179 63 21 dessa
372 1179 86 28 kopiors
484 1179 167 22 illuminerande.
681 1179 42 28 Jag
745 1179 98 21 betviflar
869 1178 116 28 ingalunda
1000 1181 31 18 att

202 1206 72 22 denna
299 1207 66 28 utgift
389 1207 24 22 af
428 1209 74 25 30,000
518 1208 60 21 mark
594 1210 23 19 är
632 1209 79 27 nyttigt
727 1207 92 26 använd,
834 1215 49 13 men
899 1207 40 21 den
956 1207 74 28 frägan

201 1235 74 21 kunde
290 1238 70 26 göras,
371 1236 105 22 huruvida
492 1236 35 22 det
542 1237 48 21 ieke
606 1244 52 14 vore
674 1236 95 28 önskligt
784 1235 40 22 och
840 1236 83 28 möjligt
937 1238 32 18 att
983 1235 48 21 hela

202 1263 60 21 detta
275 1272 43 20 nog
333 1264 24 21 sä
373 1266 81 27 vigtiga
468 1265 72 21 arbete
556 1265 72 21 kunde
644 1265 83 21 utföras
743 1264 23 22 af
781 1264 54 21 finsk
852 1264 128 28 myndighet.
999 1264 31 22 Vi

201 1292 67 21 hafva
290 1294 23 27 ju
335 1294 125 27 visserligen
484 1297 29 18 ett
536 1296 65 19 annat
620 1293 93 26 omräde,
729 1296 32 18 ett
776 1294 79 26 vigtigt
871 1292 87 22 omräde
973 1293 57 20 inom

201 1320 80 27 landet,
303 1328 45 14 som
371 1322 134 21 handhafves
527 1322 23 22 af
568 1322 51 21 rysk
638 1322 131 28 myndighet,
784 1322 131 27 telegrafen;
931 1328 48 14 men
995 1321 37 21 det

200 1348 39 22 har
262 1350 57 21 visat
343 1350 32 28 sig
401 1353 30 18 att
454 1350 58 22 detta
535 1350 85 22 medför
636 1351 58 20 vissa
709 1350 144 28 olägenheter,
869 1350 40 21 och
925 1349 36 21 det
976 1349 54 21 hade

201 1378 56 20 varit
281 1378 64 21 värdt
359 1381 31 19 att
405 1379 93 26 försöka,
507 1379 107 21 huruvida
629 1379 48 21 icke
693 1378 203 29 topografarbetena
912 1378 70 21 kunde
998 1378 32 20 öf-

200 1406 122 22 verlemnas
346 1406 21 22 ät
383 1407 83 21 landets
482 1415 53 21 egna
548 1407 155 29 myndigheter,
720 1407 47 21 dä
756 1402 10 38 i
783 1407 40 21 alla
839 1407 38 21 fall
893 1406 76 28 bidrag
983 1406 47 21 här-

199 1434 57 22 ifrän
281 1435 112 28 päräknas.
420 1436 66 22 Utom
510 1436 66 21 andra
597 1436 95 20 fördelar
714 1435 56 21 hade
793 1435 64 21 dessa
871 1435 159 21 funktionärers

199 1463 103 28 ställning
327 1464 32 20 till
385 1464 49 22 vårt
456 1464 60 22 lande
541 1464 102 21 invånare
666 1464 41 20 och
729 1464 206 21 rättsförhällanden
958 1463 73 21 blifvit

199 1491 52 21 klar.
282 1492 45 21 Det
348 1494 23 19 är
393 1492 67 22 kändt
482 1496 31 18 att
536 1492 37 22 det
596 1492 45 22 ofta
660 1492 139 22 förekommit
813 1492 112 28 slitningar
941 1494 90 19 emellan

198 1520 125 22 utförarene
339 1521 23 21 af
378 1521 63 21 dessa
457 1522 85 21 arbeten
560 1521 40 21 och
617 1521 148 26 odalmannen,
781 1520 90 22 emedan
888 1520 41 21 den
945 1528 85 13 senares
