1117 1781
233 129 42 21 590
468 136 24 16 R.
506 140 16 12 o.
535 136 22 16 A.
571 136 56 16 1897.
652 136 23 16 18
687 136 64 20 April.

273 203 35 21 Hr
336 203 163 28 Stjernvall:
520 203 12 22 I
552 203 69 22 likhet
642 203 49 22 med
713 203 68 28 nägra
812 203 131 28 föregäende
969 203 63 22 ärade

202 233 68 20 talare
293 231 68 22 måste
383 232 64 22 äfven
469 233 37 27 jap
526 239 51 14 anse
596 232 37 22 det
648 232 119 21 önskvärdt
782 234 32 19 att
829 233 181 27 samstämmighet
1025 233 7 20 i

203 260 143 21 förevarande
369 260 61 28 fräga
448 261 78 21 mellan
544 261 87 27 Regent
646 260 41 22 och
702 260 93 22 Ständer
811 260 68 21 skulle
895 261 81 25 vinnas,
991 261 41 22 och

203 296 26 13 en
254 288 128 29 förordning
403 290 5 19 i
427 291 72 19 ämnet
514 289 89 21 sälunda
619 297 52 14 vara
686 292 31 18 att
732 292 87 18 emotse.
849 289 125 21 Emellertid
990 289 42 22 kan

202 317 36 27 jag
258 317 48 20 icke
322 317 139 22 underkänna
476 317 27 22 de
518 317 98 28 vägande
631 318 53 25 skäl,
699 325 47 14 som
761 317 24 22 af
799 317 154 28 Lagutskottet
967 317 65 22 fram-

203 345 72 21 hållits
297 345 133 22 beträffande
451 347 12 20 5
486 347 13 26 &
521 347 30 20 uti
574 346 43 21 den
639 346 49 21 nåd.
704 354 61 21 prop.
794 346 53 21 Med
863 346 102 21 afseende
980 346 52 21 härä

203 373 41 22 och
266 373 35 22 för
321 377 32 18 att
374 375 117 21 emellertid
513 376 6 19 i
542 375 121 28 möjligaste
685 375 50 20 män
758 374 121 22 Ständerna
901 375 66 20 mätte
989 375 43 21 till-

203 402 97 28 mötesgä
314 403 148 28 Regeringens
478 403 86 28 förslag,
579 403 124 22 hemställer
716 404 42 27 jag,
769 403 106 21 huruvida
885 403 48 21 icke
941 403 26 21 R.
978 411 18 13 o.
1004 404 28 21 A.

203 431 50 21 ville
269 431 84 22 besluta
369 434 32 18 att
415 435 77 24 antaga
507 431 36 22 det
558 433 6 20 i
580 431 42 22 den
639 431 48 22 näd.
700 439 60 21 prop.
768 431 105 28 ingäende
882 431 149 28 författnings-

203 459 109 28 förslaget,
327 460 57 21 dock
399 460 48 21 med
463 460 76 21 sädant
553 461 81 27 tillägg,
650 463 31 18 att
696 460 153 27 förordningen
865 460 54 21 skall
929 461 57 26 tjena
999 461 32 20 till

203 488 143 21 efterrittelse
367 489 119 20 tillsvidare
508 489 6 20 i
536 489 30 21 tio
586 489 34 21 års
636 489 38 26 tid,
690 489 91 21 såframt
795 488 62 21 Hans
873 488 102 28 Majestät
990 489 41 20 och

203 516 121 22 Ständerna
345 517 48 21 icke
409 517 148 21 dessförinnan
573 517 134 22 annorlunda
722 517 94 27 beslutit,
839 517 40 21 och
894 517 61 21 torde
971 518 61 20 ären-

203 545 36 21 det
255 545 6 20 i
277 545 78 22 sädant
370 545 103 22 afseende
488 546 166 21 äterremitteras
669 546 33 21 till
717 545 120 22 Utskottet.
868 545 42 28 Jag
925 545 106 22 framstäl-

202 573 31 21 ler
258 571 59 24 detta
341 574 81 28 förslag
443 574 48 21 med
506 574 103 21 afseende
625 574 57 26 derä,
698 577 32 18 att
745 574 66 28 nödig
827 574 122 21 erfarenhet
963 573 69 22 under

203 602 63 21 dessa
289 603 30 20 tio
341 603 24 20 är
387 603 71 21 kunde
480 604 82 25 vinnas,
578 603 41 21 och
634 603 121 21 Ständerna
772 603 90 21 sälunda
878 603 72 21 blefve
958 598 12 36 i
988 603 42 20 till-

203 631 51 20 fälle
277 634 32 18 att
331 631 123 28 ytterligare
476 634 48 25 taga
539 631 77 28 frägan
632 631 68 22 under
715 631 162 28 öfvervägande
893 631 40 21 och
948 631 82 28 grunda

203 660 38 20 sitt
257 659 70 22 beslut
345 659 28 28 pä
388 659 67 22 under
470 660 58 21 tiden
543 667 87 14 vunnen
647 660 128 21 erfarenhet.
804 660 45 21 Det
863 661 24 20 är
901 660 22 27 ju
937 659 47 22 icke
1000 662 32 19 att

202 687 105 27 förmoda,
328 691 31 18 att
381 688 37 21 det
440 689 22 20 af
484 689 43 27 mig
548 688 127 22 framstälda
699 689 104 28 förslaget
818 688 49 21 icke
882 688 68 21 skulle
966 689 64 20 vinna

202 717 148 28 Regeringens
365 717 162 28 godkännande.

272 773 35 22 Hr
325 773 200 29 Montgomery:
540 774 43 27 Jag
598 774 68 21 häller
682 774 153 28 Lagutskottet
849 773 119 29 uppriktigt
983 773 47 21 räk-

203 803 52 27 ning
277 802 35 21 för
334 802 27 21 de
383 802 146 21 bemödanden
551 803 115 21 Utskottet
688 803 56 28 gjort
767 805 37 24 att,
819 803 49 20 med
882 802 148 21 bibehällande

203 831 23 20 af
241 830 42 21 den
299 831 133 28 principiella
448 831 138 28 ständpunkt,
601 838 46 14 som
663 831 121 22 Ständerna
800 831 67 21 under
881 833 80 19 tvänne
974 831 56 20 före-

202 859 85 28 gående
310 859 127 28 landtdagar
451 859 80 28 häfdat,
546 859 54 22 söka
616 867 26 14 en
658 862 67 26 utväg
740 863 32 18 att
787 859 130 28 tillmötesgå
931 859 27 21 de
975 859 53 28 äsig-

202 891 39 22 ter,
263 895 47 14 som
332 895 64 21 synas
418 896 51 13 vara
489 888 98 28 gällande
608 889 58 20 inom
686 888 37 21 det
737 888 65 29 ryska
817 888 213 28 justitieministeriet.

202 916 45 21 Det
267 918 25 19 är
314 917 105 28 pätagligt
437 920 31 17 att
482 917 152 27 Lagutskottet
649 918 7 20 i
671 917 120 28 möjligaste
806 916 50 21 män
873 918 109 26 ansträngt
997 917 33 27 sig

202 947 32 18 att
258 945 58 21 finna
332 945 27 28 pä
375 953 26 13 en
416 945 144 28 formulering,
576 953 46 13 som
637 945 72 22 kunde
725 948 108 19 motsvara
849 945 43 26 det,
907 952 45 14 som
968 945 62 21 Stän-

202 973 67 21 derna
284 973 59 21 förut
358 973 64 22 hafva
438 974 94 28 päyrkat,
547 977 52 18 utan
615 977 32 18 att
662 976 55 19 stöta
730 976 58 19 emot
795 973 42 22 den
845 973 138 29 uppfattning
990 973 40 21 och

202 1001 37 22 det
263 1001 84 27 hinder,
372 1009 46 14 som
442 1003 38 20 har
505 1003 92 20 bestämt
617 1005 32 18 att
664 1003 134 28 proposition
819 1010 28 13 nu
863 1002 119 27 förelägges
996 1001 34 22 för

201 1030 69 29 tredje
285 1030 85 29 gängen
386 1031 40 21 och
442 1032 6 19 i
464 1039 79 13 samma
558 1031 62 21 skick
636 1039 46 13 som
697 1031 37 22 vid
750 1033 86 19 senaste
851 1030 108 28 landtdag.
988 1030 42 28 Jag

202 1059 86 21 befarar
311 1059 62 27 dock,
397 1060 40 28 nej,
459 1061 35 27 jag
514 1061 22 20 är
558 1059 51 21 fullt
624 1059 62 22 säker
701 1059 34 29 pä,
750 1062 33 19 att
797 1059 42 21 den
854 1059 139 28 formulering
1008 1059 22 21 af

202 1088 12 20 5
238 1089 19 26 8,
279 1095 46 14 som
349 1095 28 14 nu
400 1088 119 28 föreligger,
541 1088 48 21 icke
612 1088 54 21 skall
689 1088 96 21 befinnas
800 1088 131 27 antagligare
947 1089 26 20 än
988 1087 42 22 den

201 1116 64 21 förra.
296 1116 47 21 Min
359 1119 33 18 tro
407 1118 23 19 är
445 1119 31 18 att
492 1117 40 20 den
547 1119 15 19 t.
578 1124 18 13 o.
612 1125 27 13 m.
655 1117 54 21 skall
725 1117 96 21 befinnas
837 1116 82 21 mindre
930 1117 100 27 antaglig,

202 1144 91 22 emedan
316 1145 62 21 deraf
400 1145 93 28 framgår
515 1147 75 20 nästan
614 1147 57 19 ännu
688 1153 57 14 mera
764 1145 132 28 uttryckligt,
916 1144 114 22 huruledes

202 1173 41 21 den
260 1173 69 22 finska
345 1173 180 22 öfverexekutorn
540 1174 39 21 har
594 1177 32 18 att
642 1174 83 28 pröfva,
737 1181 34 14 om
784 1174 42 21 den
836 1173 64 22 ryska
911 1173 119 21 domstolen

201 1201 38 22 har
263 1203 56 20 varit
343 1202 93 28 behörig.
466 1203 52 20 Man
533 1203 41 20 kan
591 1210 53 13 vara
658 1202 50 21 fullt
724 1203 115 27 öfvertygad
869 1202 74 21 derom
958 1204 31 18 att
1004 1209 26 13 en

202 1231 100 21 sanktion
318 1231 48 21 utaf
381 1231 137 27 lagförslaget
533 1231 49 21 med
598 1239 28 13 nu
642 1231 149 28 föreliggande
802 1230 171 22 modifikationer
982 1230 48 21 icke

202 1259 55 21 skall
273 1260 72 20 kunna
362 1260 96 26 erhållas,
473 1260 40 21 och
528 1260 28 21 dä
571 1260 34 21 stä
621 1260 21 21 vi
658 1260 155 28 obestridligen
828 1259 58 21 inför
898 1266 26 14 en
935 1259 95 27 konflikt,

201 1295 47 13 som
271 1288 7 20 i
299 1288 74 28 hvarje
389 1288 101 21 händelse
505 1288 41 22 och
561 1291 51 18 utan
628 1291 32 18 att
675 1296 48 13 man
739 1288 106 21 behöfver
859 1288 61 28 gifva
935 1288 33 20 sin
983 1287 48 21 fan-

201 1317 40 20 tasi
266 1316 87 28 mycket
376 1319 103 25 utrymme
500 1317 41 21 kan
557 1317 49 21 leda
621 1317 33 21 till
669 1316 169 29 misstydningar
853 1316 41 21 och
909 1316 34 21 för
958 1315 73 22 landet

202 1344 98 29 skadliga
323 1344 84 29 följder.
436 1345 44 21 För
501 1346 42 20 min
567 1345 34 21 del
623 1345 39 21 har
676 1346 35 28 jag
726 1345 69 21 under
810 1346 80 20 tvänne
905 1344 126 28 landtdagar

201 1373 61 21 såväl
284 1374 7 20 i
314 1373 152 28 Lagutskottet
492 1382 45 13 som
559 1374 29 28 på
609 1374 59 21 detta
682 1382 47 12 rum
745 1374 57 21 varit
817 1380 50 14 ense
883 1380 35 14 om
933 1376 31 18 att
978 1372 53 22 söka

201 1402 67 21 vinna
276 1409 26 14 en
310 1397 145 37 formulering,
465 1397 223 37 öfverensstämmande
701 1403 8 20 i
713 1402 125 22 hufvudsak
844 1401 49 22 med
901 1401 130 28 Lagutskot-

201 1433 43 19 tets
261 1430 88 28 förslag,
364 1438 45 14 som
428 1431 150 28 obestridligen
594 1438 26 14 ur
634 1431 55 21 finsk
705 1431 110 28 synpunkt
830 1438 51 14 vore
896 1429 136 29 fördelaktig,

200 1459 22 28 ja
241 1458 128 29 nödvändig
390 1459 34 21 för
440 1467 25 14 en
480 1459 127 28 fullständig
622 1459 160 26 rättssäkerhet,
797 1466 49 14 men
861 1460 35 27 jag
911 1458 38 21 har
963 1458 68 21 tillika

202 1487 74 22 städse
299 1488 56 21 varit
377 1487 24 21 af
422 1488 42 21 den
485 1488 145 28 öfvertygelse
646 1490 32 19 att
692 1488 98 21 vädorna
805 1490 24 18 af
843 1494 27 14 en
885 1486 98 28 eftergift
997 1486 35 22 för

201 1516 108 28 yrkandet
330 1516 49 21 från
400 1516 50 28 rysk
466 1516 52 26 sida,
533 1516 107 29 praktiskt
656 1516 55 27 sedt,
725 1516 50 22 icke
790 1518 37 19 äro
843 1516 24 21 så
882 1516 72 21 alltför
969 1519 61 18 stora.
