1117 1781
416 132 166 20 Kyrkoarkiven.
837 127 40 20 1733

79 200 111 22 framhålla
213 203 30 18 att
266 201 35 27 jag
323 199 116 28 ingalunda
464 207 62 14 anser
546 199 159 28 hufvudvigten
721 200 57 27 ligga
795 200 66 28 derpå
875 203 32 18 att

78 230 60 21 detta
159 229 81 27 förslag
264 230 6 19 i
286 229 63 28 detalj
367 228 107 26 omfattas,
490 228 78 21 liksom
584 228 36 21 det
635 229 49 20 icke
699 228 66 21 heller
781 229 42 20 kan
839 229 68 21 blifva

79 258 65 27 något
165 257 30 21 tal
210 264 34 14 om
259 260 32 18 att
305 258 6 19 i
328 257 96 21 Stånden
440 261 78 24 antaga
534 257 52 20 eller
600 257 96 21 förkasta
713 257 123 21 Historiska
852 265 55 13 sam-

79 285 87 22 fundets
189 286 32 20 till
243 286 114 20 Allmänna
380 285 225 21 Petitionsutskottets
623 285 146 28 bepröfvande
785 285 69 22 stälda
871 286 36 21 be-

78 314 114 21 tänkande.
223 313 126 29 Syftemälet
365 316 23 19 är
403 317 87 23 vunnet,
507 321 34 14 om
558 313 120 22 Ständerna
695 314 54 21 finna
763 314 37 21 det
810 314 97 29 lämpligt

78 343 43 21 och
136 343 75 27 nödigt
226 345 31 18 att
270 343 50 27 ingå
334 343 32 20 till
382 343 136 27 Regeringen
535 342 49 21 med
599 343 127 20 hemställan
741 350 34 13 om
789 346 31 17 att
830 343 76 28 frågan

80 379 34 14 om
130 371 119 21 ordnandet
264 371 39 22 och
320 371 178 21 säkerställandet
513 371 23 20 af
551 371 51 21 våra
619 371 77 28 många
706 371 45 21 små
763 371 60 21 arkiv
834 371 73 21 blefve

79 403 107 25 upptagen
208 400 23 21 af
253 408 25 13 en
301 400 79 21 komité
405 399 23 22 af
451 399 139 28 sakkunniga,
613 399 85 22 hvilkas
720 399 99 28 yttrande
840 400 67 21 sedan

80 429 71 20 kunde
174 429 73 28 läggas
270 429 32 20 till
324 429 68 27 grund
417 428 34 21 för
472 428 148 27 Regeringens
641 428 104 28 åtgärder,
761 429 56 26 eller,
833 436 33 13 om
883 429 24 20 så

80 457 94 22 befinnes
190 457 80 28 nödigt,
285 457 34 20 för
335 465 25 13 en
376 457 48 20 nåd.
441 464 59 21 prop.
515 457 33 20 till
564 457 126 20 Ständerna.

147 486 43 28 Jag
210 486 67 21 skulle
294 486 125 27 visserligen
434 485 51 28 vilja
501 485 84 21 ansluta
600 486 44 27 mig
660 485 31 21 till
707 485 36 21 det
759 485 86 29 förslag,
861 493 45 14 som

80 514 116 21 framstälts
212 516 7 19 i
235 514 65 21 andra
315 515 167 24 reservationen,
498 521 48 14 men
562 513 28 29 på
606 513 27 22 de
648 514 99 27 grunder,
763 522 45 13 som
824 515 82 20 anförts

81 543 23 20 af
125 543 34 21 Hr
180 543 62 26 Rein,
261 543 68 21 skulle
344 543 35 28 jag
394 551 51 12 vara
461 542 49 28 böjd
527 545 32 18 att
574 542 66 21 ändra
656 543 124 21 Utskottets
796 543 61 26 kläm,
873 543 34 21 så-

80 571 83 21 tillvida
186 575 31 17 att
237 571 36 21 det
288 572 6 20 i
311 575 24 17 st.
351 571 14 21 f.
382 571 157 28 kyrkoarkiven
556 571 69 21 skulle
641 572 32 20 stä
691 571 38 21 »de
745 571 70 21 lokala
831 571 76 22 offent-

81 600 43 27 liga
148 600 105 26 arkiven,»
277 607 49 14 men
348 600 108 26 eftersom,
480 599 70 22 såsom
573 599 34 21 Hr
629 600 56 21 Rein
708 599 65 22 redan
791 600 116 26 anmärkte,

80 628 35 21 Hr
136 628 119 21 Schauman
277 631 66 26 yttrat
358 629 33 27 sig
409 629 3 20 i
428 636 80 13 samma
522 629 102 27 riktning,
640 628 24 21 så
680 629 36 20 vill
731 629 36 28 jag
781 636 66 20 gerna
862 629 45 20 för-

82 664 39 13 ena
136 658 42 27 mig
193 665 34 13 om
242 657 34 21 Hr
291 657 131 21 Schaumans
439 657 86 28 förslag.

149 686 66 21 Detta
238 685 122 28 Höglofliga
384 685 67 22 Stånd
475 685 38 21 har
537 685 72 21 städse
625 685 45 28 lagt
685 686 5 20 i
707 685 68 28 dagen
791 688 31 19 ett
837 688 70 18 varmt

81 715 89 20 intresse
193 715 34 20 för
247 714 41 21 den
312 715 162 28 vetenskapliga
497 714 113 28 odlingens
633 714 103 27 framsteg
758 715 6 20 i
788 714 47 21 vårt
850 713 57 22 land.

82 743 44 20 Det
147 743 38 21 har
207 743 56 28 gång
286 743 55 21 efter
356 751 69 13 annan
442 743 78 20 uttalat
535 744 33 27 sig
584 743 32 20 till
632 743 83 20 förmån
731 743 34 20 för
779 743 128 20 lärarekraf-

81 773 70 19 ternas
174 771 149 22 förstärkande
345 771 37 21 vid
402 771 38 21 vår
456 771 110 28 högskola.
596 771 45 21 Det
656 771 38 21 har
709 774 84 18 voterat
807 771 99 28 rundliga

82 800 73 28 anslag
169 800 32 21 till
217 800 162 28 vetenskapliga
395 801 142 26 inrättningar
552 800 41 21 och
609 800 91 27 företag,
715 807 44 14 som
776 800 131 21 underlättat

82 828 48 21 vårt
152 828 123 21 sträfvande
299 831 31 18 att
351 829 53 28 följa
428 828 49 21 med
500 829 41 20 den
566 829 163 28 vetenskapliga
744 829 162 27 forskningen
894 824 15 37 i

81 857 66 21 andra
168 857 74 21 länder
263 857 40 21 och
326 860 31 18 att
372 857 47 21 föra
435 857 71 21 denna
521 857 114 27 forskning
650 858 5 19 i
673 857 70 28 någon
759 857 48 21 mån
822 857 84 21 framåt.

81 885 66 21 Detta
165 885 93 28 ingifver
280 887 43 26 mig
345 886 145 28 förhoppning
513 893 33 14 om
570 889 31 18 att
621 886 26 21 R.
669 893 19 14 o.
704 887 52 25 A,,i
773 889 53 18 trots
842 885 23 22 af
880 893 26 14 en

80 915 84 20 formell
187 915 144 27 oegentlighet
353 915 7 20 i
383 914 102 21 afseende
508 914 12 21 å
542 914 88 28 frågans
653 915 120 28 uppkomst,
789 915 47 20 icke
852 914 55 21 skall

80 943 112 21 underlåta
215 945 31 18 att
268 943 130 21 understöda
414 943 59 21 detta
488 943 88 26 förslag,
592 945 31 18 att
639 943 129 21 understöda
783 950 26 14 en
825 942 82 28 åtgärd,

81 979 45 13 som
142 971 81 28 åsyftar
239 974 30 18 att
284 971 73 27 rädda,
372 972 48 21 icke
436 979 32 18 en,
484 974 51 18 utan
551 960 51 32 flere
618 971 23 21 af
656 971 27 21 de
695 971 72 26 källor,
778 979 45 13 som
834 971 73 28 sprida

80 1000 42 27 ljus
141 1000 62 21 öfver
217 1000 38 21 vår
271 1000 84 27 odlings
370 1000 95 21 historia.
495 1000 43 21 Det
554 1002 24 19 är
593 1003 54 23 sant,
662 1003 32 18 att
709 1000 62 21 dessa
787 1000 68 21 källor
870 1001 36 19 äro

81 1028 150 28 anspråkslösa
253 1029 40 20 och
313 1029 90 27 torftiga
423 1029 6 20 i
450 1029 111 28 jembredd
579 1029 48 20 med
643 1029 55 26 dem,
713 1037 24 12 ur
752 1029 73 20 hvilka
841 1028 66 21 andra

80 1057 85 21 länders
187 1057 193 21 historieskrifvare
403 1057 66 21 hafva
491 1057 78 29 lyckan
588 1060 32 18 att
635 1059 43 19 ösa.
708 1057 52 21 Men
775 1058 44 27 just
834 1057 73 20 derför

78 1088 34 18 att
132 1085 25 21 de
173 1087 36 19 äro
225 1085 76 28 fattiga
316 1089 67 18 rester
399 1086 22 21 af
436 1086 74 27 källor,
526 1093 46 14 som
588 1093 26 14 en
630 1086 58 27 gång
703 1086 86 25 funnits,
804 1093 48 13 men
868 1093 39 13 nu-

80 1121 58 14 mera
159 1115 82 20 utsinat
255 1115 41 20 och
311 1114 69 28 aldrig
396 1122 57 13 mera
469 1115 71 20 kunna
556 1114 87 26 återfås,
659 1115 44 27 just
718 1114 71 21 derför
804 1114 39 21 har
858 1121 49 14 man

81 1142 47 21 skäl
150 1145 32 18 att
203 1143 21 28 ju
247 1143 44 20 förr
313 1143 48 21 dess
385 1143 67 20 bättre
476 1143 111 28 uppsamla
604 1143 40 21 och
659 1143 35 20 för
709 1142 126 22 kommande
851 1142 56 22 tider

80 1171 79 21 bevara
181 1171 53 21 dem.
264 1171 75 21 Såsom
361 1172 36 28 jag
417 1173 80 24 nämnt,
516 1172 38 21 vill
569 1172 36 27 jag
620 1171 110 21 vördsamt
745 1171 111 21 hemställa
872 1178 35 13 om

80 1201 32 19 att
135 1199 26 21 R.
187 1207 18 13 o.
227 1200 27 21 A.
277 1200 50 21 ville
348 1201 90 20 omfatta
461 1200 42 21 den
527 1200 23 21 af
570 1200 35 21 Hr
628 1199 120 22 Schauman
763 1199 143 22 formulerade

80 1227 112 22 klämmen.

148 1285 35 21 Hr
202 1286 215 21 Wallensköld:
448 1286 35 21 Då
505 1286 66 21 redan
594 1286 58 21 Frih.
675 1294 42 13 von
739 1285 132 22 Willebrand
895 1286 12 20 &

81 1314 115 21 Allmänna
219 1314 222 22 Petitionsutskottets
457 1317 81 25 vägnar
553 1315 53 21 talat
621 1315 33 21 till
669 1315 84 21 försvar
767 1315 34 20 för
816 1314 91 22 Utskot-

80 1345 42 19 tets
138 1342 141 27 betänkande,
294 1343 41 21 kan
351 1344 35 27 jag
401 1344 117 20 inskränka
532 1344 44 27 mig
590 1344 33 20 till
634 1346 32 18 att
676 1344 7 20 i
694 1344 84 20 korthet
789 1342 118 26 framhälla,

80 1374 32 18 att
127 1371 63 22 äfven
206 1372 35 28 jag
256 1372 93 21 ansluter
365 1373 42 27 mig
422 1372 32 20 till
470 1372 124 26 detsamma,
610 1372 66 21 ehuru
688 1374 81 25 strängt
779 1374 59 25 taget
848 1372 59 20 Peti-

80 1400 173 21 tionsutskottets
269 1400 56 21 kläm
341 1400 48 22 icke
404 1400 39 28 gär
458 1402 7 19 i
480 1400 88 22 alldeles
584 1408 81 13 samma
676 1400 57 28 syfte
748 1400 41 21 som
801 1400 106 21 klämmen

80 1429 7 20 i
112 1428 37 21 det
170 1429 217 27 petitionsmemorial,
403 1436 46 14 som
464 1430 35 27 jag
514 1430 64 27 jemte
593 1431 80 19 tvänne
689 1429 66 21 andra
769 1429 139 21 medlemmar

80 1456 24 22 af
125 1456 60 22 detta
209 1457 67 21 Stånd
291 1457 48 21 haft
353 1460 51 18 äran
419 1458 99 20 inlemna.
548 1458 11 20 1
575 1460 89 18 motsats
680 1458 33 20 till
728 1457 57 21 Frih.
801 1457 106 29 Carpelan

79 1485 46 21 stär
138 1486 35 28 jag
184 1486 133 21 fortfarande
328 1486 28 28 pä
367 1486 70 21 denna
448 1486 138 28 ständpunkt,
598 1494 46 13 som
656 1486 144 28 preciserades
811 1487 30 19 uti
853 1486 54 28 peti-

79 1514 194 22 tionsmemorialet.
303 1514 42 28 Jag
360 1522 63 14 anser
438 1514 140 28 fortfarande,
594 1518 31 18 att
642 1514 39 22 hos
692 1522 35 14 oss
738 1514 169 22 landsortsarkiv
