1117 1781
409 132 205 21 Skatteförmedling.
839 127 42 20 639

82 201 65 27 dagar
169 200 47 21 haft
235 200 84 21 tillfälle
335 202 31 19 att
381 200 67 21 uttala
464 201 43 26 mig
522 201 8 20 i
546 207 79 14 samma
641 200 101 28 riktning,
757 208 45 14 som
818 201 33 21 Hr
867 209 42 13 von

81 229 113 21 Frenckell
216 229 6 20 i
239 228 73 28 början
329 229 22 20 af
367 229 37 20 sitt
418 228 143 28 andragande.
591 229 51 28 Nog
657 231 23 18 är
696 229 36 21 det
747 230 7 20 i
769 229 78 28 sjelfva
862 237 48 14 ver-

82 258 36 21 ket
133 257 29 26 så,
178 259 31 19 att
224 257 21 20 vi
262 257 27 28 på
304 256 58 21 detta
379 257 86 20 område
480 259 48 19 röra
544 257 36 21 vid
597 265 25 13 en
639 257 82 28 ganska
735 257 64 28 farlig
815 258 38 21 sak
869 258 41 21 och

82 289 31 18 att
136 286 20 20 vi
181 285 23 21 få
219 293 51 13 vara
287 285 93 21 beredda
395 285 27 28 på
438 285 194 28 konseqvenserna,
648 293 46 14 som
709 286 45 21 förr
769 287 51 20 eller
835 294 74 14 senare

82 314 67 21 blifva
172 314 83 27 ganska
277 313 209 29 bekymmersamma.
517 314 75 21 Också
615 314 38 21 här
674 316 38 26 gör
730 315 33 28 sig
779 316 6 19 i
801 316 43 21 viss
860 315 49 21 mån

81 342 98 29 gällande
203 350 26 13 en
252 343 63 27 regel,
337 350 45 13 som
403 343 35 28 jag
453 342 55 21 hade
524 343 117 28 anledning
655 343 90 27 tidigare
761 344 7 20 i
784 343 41 28 dag
841 345 68 20 erinra

82 379 34 14 om
132 373 6 19 i
154 374 65 18 annat
233 371 158 28 sammanhang.
420 371 35 20 Då
471 379 48 13 man
534 379 39 20 ger
588 371 22 21 åt
626 372 41 20 den
684 379 44 19 ena,
744 371 24 22 så
783 373 66 20 måste
860 380 49 13 man

82 400 60 27 gifva
168 399 22 22 åt
205 399 42 22 den
263 399 72 25 andra,
350 399 35 21 för
400 402 31 19 att
446 399 107 22 bibehålla
568 401 90 20 rättvisa
674 401 5 20 i
696 400 110 21 samhället
821 401 40 21 och
877 401 32 20 ni-

82 429 84 20 vellera.
195 428 43 29 Jag
261 430 24 19 är
295 428 139 28 öfvertygad
450 436 34 13 om
500 431 32 18 att
548 428 70 21 denna
634 429 84 27 rörelse,
734 436 45 13 som
795 429 47 22 icke
858 432 51 18 utan

82 457 46 21 skäl
150 457 69 28 börjat
240 457 27 28 pä
288 456 70 21 Äland
382 457 62 20 ochi
460 445 152 42 Äbo-trakten,
627 457 96 21 kommer
738 460 31 18 att
784 458 72 28 sprida
871 459 38 26 sig,

82 487 93 20 närmast
189 487 61 26 längs
266 485 76 21 kusten
359 486 5 19 i
380 486 37 20 tvä
432 485 119 28 riktningar
566 486 42 21 och
623 486 66 21 sedan
705 486 45 21 inät
765 487 78 21 landet.
867 486 43 28 Jag

82 514 49 21 ville
145 514 66 21 hafva
231 514 58 21 detta
306 513 91 22 uttaladt
412 515 178 20 reservationsvis
606 514 48 21 med
670 515 78 20 tanken
765 515 28 28 pä
808 523 25 14 en
849 515 60 21 kom-

82 543 76 20 mande
183 543 31 20 tid
241 543 40 20 och
307 542 49 21 dess
382 543 109 27 spörsmäl.
521 543 34 28 Ty
576 551 43 20 nog
640 545 24 18 är
686 543 42 26 det,
751 551 44 13 som
817 544 34 21 Hr
865 551 43 14 von

82 571 112 21 Frenckell
215 571 82 28 ganska
313 571 74 28 riktigt
402 571 103 26 anmärkt,
521 579 26 13 en
563 571 66 28 gäfva
644 571 23 21 ät
683 571 40 21 den
739 572 122 21 nuvarande
877 573 32 20 in-

82 599 141 26 nehafvaren;
239 607 48 13 men
302 601 23 19 är
340 599 37 21 det
393 600 109 27 verkligen
518 600 157 28 undantagsvis
691 600 65 26 fallet,
771 601 70 20 såsom
857 601 52 20 tala-

82 635 36 14 ren
142 628 99 28 antydde,
263 631 32 18 att
316 628 149 28 lägenheterna
489 630 37 19 äro
548 629 119 26 värdelösa,
683 629 23 20 sä
721 629 66 21 hafva
801 629 27 21 de
844 629 65 21 äfven

82 665 28 12 nu
126 657 6 20 i
154 657 61 28 lagen
233 665 25 13 en
274 659 66 25 utväg
354 657 33 20 till
402 657 135 28 förmedling,
552 665 46 13 som
615 658 6 20 i
637 657 80 21 sådana
733 657 37 21 fall
786 658 47 21 icke
849 659 56 19 inne-

83 685 37 21 bär
135 685 69 28 någon
219 686 50 20 risk.
300 685 51 21 Men
367 686 35 27 jag
417 688 43 18 tror
476 689 31 18 att
522 685 24 22 så
562 685 60 28 långt
638 686 38 21 har
692 686 35 21 det
742 686 48 21 icke
805 686 46 28 gått
867 687 6 20 i
883 686 26 21 de

82 713 163 28 ifrågavarande
267 714 113 21 trakterna.
398 727 26 2 -—
440 714 48 21 Den
511 715 166 27 omständighet,
694 715 86 20 hvarför
795 715 35 28 jag
845 715 64 20 emel-

82 743 60 20 lertid
166 743 48 21 icke
237 743 37 20 vill
297 744 101 19 motsätta
414 743 42 27 mig
472 743 59 20 detta
548 743 136 21 betänkande
700 745 28 24 är,
744 743 70 21 såsom
830 743 22 21 af
869 743 40 22 Ut-

82 771 79 21 skottet
184 771 40 22 och
247 771 101 21 särskildt
369 771 23 20 af
406 771 34 21 Hr
455 771 109 22 Mechelin
581 771 90 27 anförts,
687 775 30 18 att
733 771 58 22 detta
805 772 82 27 förslag
902 773 6 19 i

82 800 76 27 sjelfva
173 800 75 21 verket
263 802 23 19 är
301 801 6 19 i
323 799 70 21 denna
409 800 130 27 omfattning
555 800 77 21 endast
648 808 25 13 en
690 800 133 28 konseqvens
840 800 23 21 af
879 803 31 18 ett

82 828 89 28 tidigare
188 829 75 25 beslut,
277 828 32 21 till
324 828 83 21 hvilket
421 829 35 27 jag
472 829 48 21 med
537 836 80 13 samma
632 829 132 21 reservation
780 829 28 20 då
823 837 46 13 som
880 837 28 12 nu

83 856 95 29 bidragit.

150 914 34 21 Hr
207 914 25 21 L.
258 914 152 21 Mechelin:
436 913 76 22 Såsom
534 914 76 27 tillägg
633 914 33 21 till
687 914 26 21 de
729 914 137 28 synpunkter,
883 914 26 21 de

81 945 78 19 tvänne
183 943 52 20 sista
254 942 63 21 ärade
332 943 94 20 talarene
442 942 73 21 anfört
530 942 112 28 angående
658 945 58 18 arten
733 943 39 21 och
790 942 119 21 beskaffen-

82 971 62 21 heten
160 971 23 21 af
197 971 229 28 skatteförmedlingar,
442 971 106 28 nämligen
564 974 32 17 att
611 971 27 21 de
654 972 6 20 i
676 971 77 28 sjelfva
765 971 75 21 verket
850 972 59 20 inne-

82 1000 50 21 bära
153 1007 25 14 en
194 999 71 28 gåfva,
281 1000 22 21 så
320 999 37 21 ber
371 1000 36 27 jag
421 999 23 21 få
460 999 84 29 påpeka
560 1003 32 17 att
606 1000 85 27 analogi
707 1000 41 21 kan
764 1000 81 21 hemtas
861 999 48 21 från

82 1031 30 18 ett
135 1031 65 18 annat
221 1028 65 27 gebit.
316 1028 42 21 Om
381 1029 35 27 jag
438 1028 38 21 har
497 1028 92 28 upplåtit
604 1029 44 20 min
664 1029 46 26 jord
725 1028 22 21 åt
762 1028 147 21 arrendatorer

82 1057 41 21 och
143 1057 66 20 finner
231 1059 32 18 att
284 1064 25 13 en
333 1057 35 20 del
389 1057 22 20 af
434 1057 47 20 dem
502 1057 66 27 enligt
582 1057 100 27 gällande
698 1057 100 21 kontrakt
813 1059 36 18 äro
864 1057 44 20 för-

83 1085 84 21 bundna
183 1085 32 21 till
231 1093 26 13 en
273 1085 23 21 så
311 1088 44 18 stor
371 1085 146 28 årsbetalning
532 1088 32 18 att
574 1085 42 21 den
628 1085 78 21 verkar
716 1093 44 13 som
770 1093 25 13 en
804 1085 63 21 black
874 1092 34 13 om

82 1114 60 21 foten
165 1113 41 22 och
227 1113 86 21 hindrar
336 1113 48 21 dem
407 1117 31 18 att
460 1114 85 21 komma
561 1114 32 20 till
609 1113 71 28 någon
696 1114 116 26 förkofran,
827 1113 24 22 så
867 1113 41 21 kan

81 1143 41 28 jag,
146 1145 50 18 utan
219 1145 32 18 att
273 1150 50 13 vara
343 1142 139 28 förpligtigad
504 1142 76 27 dertill,
596 1142 23 21 af
634 1143 48 20 mitt
697 1145 48 25 eget
760 1143 89 20 intresse
865 1142 44 21 för-

82 1171 81 21 anlåtas
179 1173 31 18 att
225 1171 66 20 sänka
307 1170 40 21 den
364 1171 72 20 alltför
451 1171 67 28 dryga
533 1171 190 28 arrendeafgiften.
752 1171 85 20 Sådana
851 1170 58 28 jord-

82 1199 127 28 lägenheter,
232 1207 45 13 som
299 1199 38 21 här
360 1201 23 19 är
405 1199 59 28 fråga
486 1207 41 18 om,
543 1201 6 19 i
565 1199 85 21 landets
666 1199 68 21 äldsta
750 1198 159 28 kulturbygder,

82 1227 65 22 hafva
162 1229 33 27 sig
210 1227 56 22 åsatt
281 1235 26 14 en
323 1228 24 21 så
363 1231 44 18 stor
421 1227 113 29 jordskatt,
550 1231 31 18 att
596 1229 77 20 nästan
684 1228 37 21 allt
732 1227 54 22 hvad
799 1227 27 21 de
837 1227 72 21 kunna

82 1256 84 22 afkasta
187 1256 61 28 åtgår
263 1257 31 20 till
310 1256 111 28 utskylder
436 1256 22 21 åt
473 1260 70 18 staten
560 1259 40 19 och
616 1257 134 21 kommunen.
780 1256 43 21 Det
838 1258 23 18 är
877 1256 32 21 så-

82 1285 57 21 ledes
163 1286 71 20 starka
260 1285 160 28 billighetsskäl,
444 1292 45 14 som
512 1285 38 21 här
574 1285 44 21 tala
639 1285 35 21 för
696 1285 213 27 skattenedsättning.

82 1314 114 21 Huruvida
211 1321 28 13 nu
255 1313 59 21 detta
329 1314 55 20 skall
399 1314 49 20 leda
464 1314 31 20 till
512 1322 25 13 en
554 1314 79 28 mängd
649 1314 143 28 ansökningar
807 1314 6 20 i
829 1320 81 14 samma

82 1342 57 28 syfte
160 1342 48 21 från
231 1342 56 21 olika
303 1342 58 21 delar
377 1342 23 21 af
415 1342 79 26 landet,
509 1342 41 21 kan
567 1350 49 13 man
633 1342 125 28 visserligen
774 1342 47 22 icke
837 1342 73 21 säkert

83 1371 96 26 bedöma,
200 1378 49 14 men
264 1372 35 27 jag
313 1373 46 19 tror
373 1370 37 22 det
425 1371 56 21 dock
498 1378 52 14 vara
566 1370 71 22 utredt
652 1374 32 18 att
698 1372 7 20 i
721 1371 62 21 dessa
797 1370 113 29 sydvestra

82 1400 85 26 trakter,
187 1407 45 13 som
263 1400 102 20 petitionen
381 1400 71 27 gäller,
467 1399 63 21 råder
546 1399 37 21 det
599 1399 101 28 bjertaste
716 1398 195 22 missförhållandet

82 1428 89 21 emellan
194 1428 41 21 hvad
273 1428 151 28 lägenheterna
446 1428 73 21 kunna
542 1428 86 20 afkasta
647 1428 41 21 och
703 1428 55 21 hvad
775 1428 26 21 de
818 1428 92 20 betala
899 1424 14 36 i

82 1457 63 21 skatt.
174 1456 43 22 För
233 1456 70 28 öfrigt,
319 1456 40 21 och
374 1456 29 28 på
418 1456 37 21 det
470 1459 32 18 att
517 1456 37 21 det
569 1456 48 21 icke
633 1456 35 21 må
683 1456 84 21 inträffa
782 1459 36 23 att,
829 1456 28 28 på
867 1457 44 19 sätt

82 1485 34 21 Hr
141 1492 41 14 von
198 1485 113 21 Frenckell
327 1484 96 27 anförde,
438 1485 95 27 lindring
549 1484 23 22 åt
587 1484 71 28 någon
674 1485 91 21 drabbar
780 1485 65 21 andra
861 1484 48 21 med

82 1514 55 20 ökad
161 1514 72 25 börda,
255 1513 65 21 hafva
342 1513 120 21 Ständerna
484 1513 68 21 redan
567 1513 92 28 tidigare
676 1514 75 20 uttalat
766 1514 32 27 sig
813 1513 34 21 för
862 1520 48 14 var-
