<?xml version="1.0" encoding="UTF-8"?>
<alto xmlns="http://www.loc.gov/standards/alto/ns-v3#" xmlns:xlink="http://www.w3.org/1999/xlink" xmlns:xsi="http://www.w3.org/2001/XMLSchema-instance" xsi:schemaLocation="http://www.loc.gov/standards/alto/ns-v3# http://www.loc.gov/alto/v3/alto-3-0.xsd">
	<Description>
		<MeasurementUnit>pixel</MeasurementUnit>
		<sourceImageInformation>
			<fileName>/tmp/tess_ssec0wyv_input.PNG</fileName>
		</sourceImageInformation>
		<OCRProcessing ID="OCR_0">
			<ocrProcessingStep>
				<processingSoftware>
					<softwareName>tesseract 5.3.4</softwareName>
				</processingSoftware>
			</ocrProcessingStep>
		</OCRProcessing>
	</Description>
	<Layout>
		<Page WIDTH="1117" HEIGHT="1781" PHYSICAL_IMG_NR="0" ID="page_0">
			<PrintSpace HPOS="0" VPOS="0" WIDTH="1117" HEIGHT="1781">
				<ComposedBlock ID="cblock_0" HPOS="220" VPOS="136" WIDTH="653" HEIGHT="26">
					<TextBlock ID="block_0" HPOS="220" VPOS="136" WIDTH="653" HEIGHT="26">
						<TextLine ID="line_0" HPOS="220" VPOS="136" WIDTH="653" HEIGHT="26">
							<String ID="string_0" HPOS="220" VPOS="141" WIDTH="96" HEIGHT="17" WC="0.96" CONTENT="Svenska"/><SP WIDTH="12" VPOS="141" HPOS="316"/>
							<String ID="string_1" HPOS="328" VPOS="140" WIDTH="39" HEIGHT="18" WC="0.96" CONTENT="och"/><SP WIDTH="12" VPOS="140" HPOS="367"/>
							<String ID="string_2" HPOS="379" VPOS="141" WIDTH="69" HEIGHT="17" WC="0.96" CONTENT="finska"/><SP WIDTH="11" VPOS="141" HPOS="448"/>
							<String ID="string_3" HPOS="459" VPOS="140" WIDTH="104" HEIGHT="22" WC="0.92" CONTENT="språkens"/><SP WIDTH="15" VPOS="140" HPOS="563"/>
							<String ID="string_4" HPOS="578" VPOS="141" WIDTH="143" HEIGHT="21" WC="0.92" CONTENT="likställighet."/><SP WIDTH="112" VPOS="141" HPOS="721"/>
							<String ID="string_5" HPOS="833" VPOS="136" WIDTH="40" HEIGHT="20" WC="0.91" CONTENT="575"/>
						</TextLine>
					</TextBlock>
				</ComposedBlock>
				<GraphicalElement ID="cblock_1" HPOS="77" VPOS="167" WIDTH="825" HEIGHT="9"></GraphicalElement >
				<ComposedBlock ID="cblock_2" HPOS="71" VPOS="208" WIDTH="831" HEIGHT="887">
					<TextBlock ID="block_1" HPOS="71" VPOS="208" WIDTH="831" HEIGHT="887">
						<TextLine ID="line_1" HPOS="74" VPOS="208" WIDTH="827" HEIGHT="29">
							<String ID="string_6" HPOS="74" VPOS="210" WIDTH="38" HEIGHT="21" WC="0.96" CONTENT="har"/><SP WIDTH="22" VPOS="210" HPOS="112"/>
							<String ID="string_7" HPOS="134" VPOS="212" WIDTH="48" HEIGHT="25" WC="0.96" CONTENT="sagt"/><SP WIDTH="22" VPOS="212" HPOS="182"/>
							<String ID="string_8" HPOS="204" VPOS="211" WIDTH="32" HEIGHT="19" WC="0.96" CONTENT="att"/><SP WIDTH="15" VPOS="211" HPOS="236"/>
							<String ID="string_9" HPOS="251" VPOS="210" WIDTH="6" HEIGHT="20" WC="0.96" CONTENT="i"/><SP WIDTH="16" VPOS="210" HPOS="257"/>
							<String ID="string_10" HPOS="273" VPOS="209" WIDTH="59" HEIGHT="21" WC="0.96" CONTENT="äldre"/><SP WIDTH="22" VPOS="209" HPOS="332"/>
							<String ID="string_11" HPOS="354" VPOS="208" WIDTH="57" HEIGHT="22" WC="0.96" CONTENT="tider"/><SP WIDTH="20" VPOS="208" HPOS="411"/>
							<String ID="string_12" HPOS="431" VPOS="208" WIDTH="41" HEIGHT="22" WC="0.93" CONTENT="den"/><SP WIDTH="22" VPOS="208" HPOS="472"/>
							<String ID="string_13" HPOS="494" VPOS="209" WIDTH="144" HEIGHT="28" WC="0.91" CONTENT="grundsatsen"/><SP WIDTH="20" VPOS="209" HPOS="638"/>
							<String ID="string_14" HPOS="658" VPOS="209" WIDTH="63" HEIGHT="28" WC="0.92" CONTENT="gälde"/><SP WIDTH="22" VPOS="209" HPOS="721"/>
							<String ID="string_15" HPOS="743" VPOS="211" WIDTH="38" HEIGHT="24" WC="0.96" CONTENT="att,"/><SP WIDTH="14" VPOS="211" HPOS="781"/>
							<String ID="string_16" HPOS="795" VPOS="209" WIDTH="26" HEIGHT="21" WC="0.93" CONTENT="då"/><SP WIDTH="18" VPOS="209" HPOS="821"/>
							<String ID="string_17" HPOS="839" VPOS="209" WIDTH="62" HEIGHT="21" WC="0.92" CONTENT="Stän-"/>
						</TextLine>
						<TextLine ID="line_2" HPOS="76" VPOS="237" WIDTH="825" HEIGHT="29">
							<String ID="string_18" HPOS="76" VPOS="239" WIDTH="66" HEIGHT="20" WC="0.96" CONTENT="derna"/><SP WIDTH="23" VPOS="239" HPOS="142"/>
							<String ID="string_19" HPOS="165" VPOS="239" WIDTH="84" HEIGHT="26" WC="0.95" CONTENT="antagit"/><SP WIDTH="21" VPOS="239" HPOS="249"/>
							<String ID="string_20" HPOS="270" VPOS="238" WIDTH="36" HEIGHT="27" WC="0.95" CONTENT="lag"/><SP WIDTH="15" VPOS="238" HPOS="306"/>
							<String ID="string_21" HPOS="321" VPOS="239" WIDTH="6" HEIGHT="20" WC="0.96" CONTENT="i"/><SP WIDTH="17" VPOS="239" HPOS="327"/>
							<String ID="string_22" HPOS="344" VPOS="240" WIDTH="31" HEIGHT="19" WC="0.96" CONTENT="ett"/><SP WIDTH="19" VPOS="240" HPOS="375"/>
							<String ID="string_23" HPOS="394" VPOS="239" WIDTH="68" HEIGHT="24" WC="0.96" CONTENT="ämne,"/><SP WIDTH="22" VPOS="239" HPOS="462"/>
							<String ID="string_24" HPOS="484" VPOS="245" WIDTH="29" HEIGHT="21" WC="0.96" CONTENT="ny"/><SP WIDTH="16" VPOS="245" HPOS="513"/>
							<String ID="string_25" HPOS="529" VPOS="238" WIDTH="35" HEIGHT="27" WC="0.93" CONTENT="lag"/><SP WIDTH="16" VPOS="238" HPOS="564"/>
							<String ID="string_26" HPOS="580" VPOS="237" WIDTH="44" HEIGHT="22" WC="0.92" CONTENT="deri"/><SP WIDTH="17" VPOS="237" HPOS="624"/>
							<String ID="string_27" HPOS="641" VPOS="237" WIDTH="72" HEIGHT="22" WC="0.96" CONTENT="kunde"/><SP WIDTH="15" VPOS="237" HPOS="713"/>
							<String ID="string_28" HPOS="728" VPOS="238" WIDTH="23" HEIGHT="21" WC="0.96" CONTENT="af"/><SP WIDTH="14" VPOS="238" HPOS="751"/>
							<String ID="string_29" HPOS="765" VPOS="238" WIDTH="136" HEIGHT="27" WC="0.96" CONTENT="Regeringen"/>
						</TextLine>
						<TextLine ID="line_3" HPOS="74" VPOS="265" WIDTH="828" HEIGHT="28">
							<String ID="string_30" HPOS="74" VPOS="266" WIDTH="103" HEIGHT="27" WC="0.96" CONTENT="utfärdas,"/><SP WIDTH="19" VPOS="266" HPOS="177"/>
							<String ID="string_31" HPOS="196" VPOS="266" WIDTH="75" HEIGHT="21" WC="0.96" CONTENT="såvida"/><SP WIDTH="16" VPOS="266" HPOS="271"/>
							<String ID="string_32" HPOS="287" VPOS="267" WIDTH="48" HEIGHT="20" WC="0.96" CONTENT="icke"/><SP WIDTH="16" VPOS="267" HPOS="335"/>
							<String ID="string_33" HPOS="351" VPOS="266" WIDTH="123" HEIGHT="21" WC="0.96" CONTENT="densamma"/><SP WIDTH="15" VPOS="266" HPOS="474"/>
							<String ID="string_34" HPOS="489" VPOS="266" WIDTH="49" HEIGHT="21" WC="0.96" CONTENT="stod"/><SP WIDTH="16" VPOS="266" HPOS="538"/>
							<String ID="string_35" HPOS="554" VPOS="267" WIDTH="7" HEIGHT="20" WC="0.96" CONTENT="i"/><SP WIDTH="15" VPOS="267" HPOS="561"/>
							<String ID="string_36" HPOS="576" VPOS="265" WIDTH="54" HEIGHT="22" WC="0.96" CONTENT="strid"/><SP WIDTH="16" VPOS="265" HPOS="630"/>
							<String ID="string_37" HPOS="646" VPOS="265" WIDTH="50" HEIGHT="22" WC="0.96" CONTENT="med"/><SP WIDTH="15" VPOS="265" HPOS="696"/>
							<String ID="string_38" HPOS="711" VPOS="273" WIDTH="79" HEIGHT="14" WC="0.93" CONTENT="samma"/><SP WIDTH="15" VPOS="273" HPOS="790"/>
							<String ID="string_39" HPOS="805" VPOS="266" WIDTH="97" HEIGHT="21" WC="0.92" CONTENT="ständer-"/>
						</TextLine>
						<TextLine ID="line_4" HPOS="72" VPOS="294" WIDTH="829" HEIGHT="29">
							<String ID="string_40" HPOS="72" VPOS="295" WIDTH="42" HEIGHT="28" WC="0.96" CONTENT="lag,"/><SP WIDTH="14" VPOS="295" HPOS="114"/>
							<String ID="string_41" HPOS="128" VPOS="302" WIDTH="49" HEIGHT="14" WC="0.96" CONTENT="men"/><SP WIDTH="15" VPOS="302" HPOS="177"/>
							<String ID="string_42" HPOS="192" VPOS="297" WIDTH="32" HEIGHT="19" WC="0.93" CONTENT="att"/><SP WIDTH="15" VPOS="297" HPOS="224"/>
							<String ID="string_43" HPOS="239" VPOS="295" WIDTH="96" HEIGHT="21" WC="0.92" CONTENT="deremot"/><SP WIDTH="14" VPOS="295" HPOS="335"/>
							<String ID="string_44" HPOS="349" VPOS="294" WIDTH="121" HEIGHT="22" WC="0.96" CONTENT="sedermera"/><SP WIDTH="14" VPOS="294" HPOS="470"/>
							<String ID="string_45" HPOS="484" VPOS="294" WIDTH="61" HEIGHT="22" WC="0.93" CONTENT="detta"/><SP WIDTH="14" VPOS="294" HPOS="545"/>
							<String ID="string_46" HPOS="559" VPOS="295" WIDTH="195" HEIGHT="28" WC="0.92" CONTENT="uppfattningssätt"/><SP WIDTH="9" VPOS="295" HPOS="754"/>
							<String ID="string_47" HPOS="763" VPOS="295" WIDTH="138" HEIGHT="28" WC="0.90" CONTENT="öfvergifvits"/>
						</TextLine>
						<TextLine ID="line_5" HPOS="74" VPOS="323" WIDTH="827" HEIGHT="29">
							<String ID="string_48" HPOS="74" VPOS="324" WIDTH="40" HEIGHT="21" WC="0.96" CONTENT="och"/><SP WIDTH="22" VPOS="324" HPOS="114"/>
							<String ID="string_49" HPOS="136" VPOS="326" WIDTH="31" HEIGHT="18" WC="0.96" CONTENT="att"/><SP WIDTH="21" VPOS="326" HPOS="167"/>
							<String ID="string_50" HPOS="188" VPOS="323" WIDTH="102" HEIGHT="22" WC="0.93" CONTENT="särskildt"/><SP WIDTH="20" VPOS="323" HPOS="290"/>
							<String ID="string_51" HPOS="310" VPOS="323" WIDTH="25" HEIGHT="21" WC="0.90" CONTENT="L."/><SP WIDTH="16" VPOS="323" HPOS="335"/>
							<String ID="string_52" HPOS="351" VPOS="323" WIDTH="27" HEIGHT="21" WC="0.91" CONTENT="O."/><SP WIDTH="15" VPOS="323" HPOS="378"/>
							<String ID="string_53" HPOS="393" VPOS="324" WIDTH="6" HEIGHT="20" WC="0.96" CONTENT="i"/><SP WIDTH="16" VPOS="324" HPOS="399"/>
							<String ID="string_54" HPOS="415" VPOS="323" WIDTH="59" HEIGHT="21" WC="0.96" CONTENT="detta"/><SP WIDTH="18" VPOS="323" HPOS="474"/>
							<String ID="string_55" HPOS="492" VPOS="323" WIDTH="103" HEIGHT="21" WC="0.96" CONTENT="afseende"/><SP WIDTH="16" VPOS="323" HPOS="595"/>
							<String ID="string_56" HPOS="611" VPOS="323" WIDTH="69" HEIGHT="21" WC="0.96" CONTENT="skulle"/><SP WIDTH="17" VPOS="323" HPOS="680"/>
							<String ID="string_57" HPOS="697" VPOS="323" WIDTH="56" HEIGHT="21" WC="0.96" CONTENT="bilda"/><SP WIDTH="16" VPOS="323" HPOS="753"/>
							<String ID="string_58" HPOS="769" VPOS="324" WIDTH="60" HEIGHT="28" WC="0.94" CONTENT="epok."/><SP WIDTH="30" VPOS="324" HPOS="829"/>
							<String ID="string_59" HPOS="859" VPOS="323" WIDTH="42" HEIGHT="28" WC="0.96" CONTENT="Jag"/>
						</TextLine>
						<TextLine ID="line_6" HPOS="73" VPOS="352" WIDTH="828" HEIGHT="28">
							<String ID="string_60" HPOS="73" VPOS="352" WIDTH="39" HEIGHT="21" WC="0.96" CONTENT="har"/><SP WIDTH="15" VPOS="352" HPOS="112"/>
							<String ID="string_61" HPOS="127" VPOS="353" WIDTH="136" HEIGHT="27" WC="0.95" CONTENT="naturligtvis"/><SP WIDTH="16" VPOS="353" HPOS="263"/>
							<String ID="string_62" HPOS="279" VPOS="352" WIDTH="59" HEIGHT="21" WC="0.96" CONTENT="svårt"/><SP WIDTH="15" VPOS="352" HPOS="338"/>
							<String ID="string_63" HPOS="353" VPOS="354" WIDTH="32" HEIGHT="19" WC="0.96" CONTENT="att"/><SP WIDTH="15" VPOS="354" HPOS="385"/>
							<String ID="string_64" HPOS="400" VPOS="352" WIDTH="38" HEIGHT="21" WC="0.96" CONTENT="här"/><SP WIDTH="15" VPOS="352" HPOS="438"/>
							<String ID="string_65" HPOS="453" VPOS="353" WIDTH="97" HEIGHT="27" WC="0.96" CONTENT="motsäga"/><SP WIDTH="16" VPOS="353" HPOS="550"/>
							<String ID="string_66" HPOS="566" VPOS="359" WIDTH="26" HEIGHT="14" WC="0.96" CONTENT="en"/><SP WIDTH="16" VPOS="359" HPOS="592"/>
							<String ID="string_67" HPOS="608" VPOS="352" WIDTH="117" HEIGHT="21" WC="0.96" CONTENT="auktoritet"/><SP WIDTH="14" VPOS="352" HPOS="725"/>
							<String ID="string_68" HPOS="739" VPOS="352" WIDTH="28" HEIGHT="28" WC="0.96" CONTENT="på"/><SP WIDTH="15" VPOS="352" HPOS="767"/>
							<String ID="string_69" HPOS="782" VPOS="352" WIDTH="59" HEIGHT="21" WC="0.93" CONTENT="detta"/><SP WIDTH="15" VPOS="352" HPOS="841"/>
							<String ID="string_70" HPOS="856" VPOS="359" WIDTH="45" HEIGHT="14" WC="0.92" CONTENT="om-"/>
						</TextLine>
						<TextLine ID="line_7" HPOS="73" VPOS="380" WIDTH="827" HEIGHT="28">
							<String ID="string_71" HPOS="73" VPOS="380" WIDTH="51" HEIGHT="21" WC="0.96" CONTENT="råde"/><SP WIDTH="23" VPOS="380" HPOS="124"/>
							<String ID="string_72" HPOS="147" VPOS="381" WIDTH="66" HEIGHT="21" WC="0.96" CONTENT="sådan"/><SP WIDTH="24" VPOS="381" HPOS="213"/>
							<String ID="string_73" HPOS="237" VPOS="388" WIDTH="45" HEIGHT="14" WC="0.93" CONTENT="som"/><SP WIDTH="19" VPOS="388" HPOS="282"/>
							<String ID="string_74" HPOS="301" VPOS="380" WIDTH="58" HEIGHT="21" WC="0.86" CONTENT="Frih."/><SP WIDTH="21" VPOS="380" HPOS="359"/>
							<String ID="string_75" HPOS="380" VPOS="380" WIDTH="87" HEIGHT="26" WC="0.96" CONTENT="Wrede,"/><SP WIDTH="20" VPOS="380" HPOS="467"/>
							<String ID="string_76" HPOS="487" VPOS="388" WIDTH="48" HEIGHT="13" WC="0.96" CONTENT="men"/><SP WIDTH="19" VPOS="388" HPOS="535"/>
							<String ID="string_77" HPOS="554" VPOS="380" WIDTH="38" HEIGHT="21" WC="0.94" CONTENT="vill"/><SP WIDTH="20" VPOS="380" HPOS="592"/>
							<String ID="string_78" HPOS="612" VPOS="380" WIDTH="56" HEIGHT="21" WC="0.96" CONTENT="blott"/><SP WIDTH="15" VPOS="380" HPOS="668"/>
							<String ID="string_79" HPOS="683" VPOS="381" WIDTH="100" HEIGHT="20" WC="0.96" CONTENT="anmärka"/><SP WIDTH="15" VPOS="381" HPOS="783"/>
							<String ID="string_80" HPOS="798" VPOS="383" WIDTH="31" HEIGHT="18" WC="0.93" CONTENT="att"/><SP WIDTH="15" VPOS="383" HPOS="829"/>
							<String ID="string_81" HPOS="844" VPOS="381" WIDTH="56" HEIGHT="27" WC="0.91" CONTENT="äsig-"/>
						</TextLine>
						<TextLine ID="line_8" HPOS="73" VPOS="409" WIDTH="828" HEIGHT="28">
							<String ID="string_82" HPOS="73" VPOS="412" WIDTH="60" HEIGHT="18" WC="0.96" CONTENT="terna"/><SP WIDTH="22" VPOS="412" HPOS="133"/>
							<String ID="string_83" HPOS="155" VPOS="409" WIDTH="49" HEIGHT="22" WC="0.96" CONTENT="icke"/><SP WIDTH="22" VPOS="409" HPOS="204"/>
							<String ID="string_84" HPOS="226" VPOS="409" WIDTH="61" HEIGHT="22" WC="0.96" CONTENT="torde"/><SP WIDTH="23" VPOS="409" HPOS="287"/>
							<String ID="string_85" HPOS="310" VPOS="417" WIDTH="51" HEIGHT="13" WC="0.96" CONTENT="vara"/><SP WIDTH="23" VPOS="417" HPOS="361"/>
							<String ID="string_86" HPOS="384" VPOS="409" WIDTH="24" HEIGHT="21" WC="0.96" CONTENT="sä"/><SP WIDTH="22" VPOS="409" HPOS="408"/>
							<String ID="string_87" HPOS="430" VPOS="409" WIDTH="88" HEIGHT="21" WC="0.93" CONTENT="alldeles"/><SP WIDTH="22" VPOS="409" HPOS="518"/>
							<String ID="string_88" HPOS="540" VPOS="409" WIDTH="130" HEIGHT="21" WC="0.92" CONTENT="deciderade"/><SP WIDTH="16" VPOS="409" HPOS="670"/>
							<String ID="string_89" HPOS="686" VPOS="410" WIDTH="5" HEIGHT="19" WC="0.93" CONTENT="i"/><SP WIDTH="17" VPOS="410" HPOS="691"/>
							<String ID="string_90" HPOS="708" VPOS="409" WIDTH="80" HEIGHT="28" WC="0.93" CONTENT="frågan."/><SP WIDTH="31" VPOS="409" HPOS="788"/>
							<String ID="string_91" HPOS="819" VPOS="409" WIDTH="43" HEIGHT="21" WC="0.96" CONTENT="Det"/><SP WIDTH="15" VPOS="409" HPOS="862"/>
							<String ID="string_92" HPOS="877" VPOS="411" WIDTH="24" HEIGHT="19" WC="0.96" CONTENT="är"/>
						</TextLine>
						<TextLine ID="line_9" HPOS="73" VPOS="437" WIDTH="827" HEIGHT="29">
							<String ID="string_93" HPOS="73" VPOS="437" WIDTH="129" HEIGHT="22" WC="0.96" CONTENT="åtminstone"/><SP WIDTH="21" VPOS="437" HPOS="202"/>
							<String ID="string_94" HPOS="223" VPOS="441" WIDTH="32" HEIGHT="18" WC="0.93" CONTENT="ett"/><SP WIDTH="20" VPOS="441" HPOS="255"/>
							<String ID="string_95" HPOS="275" VPOS="438" WIDTH="82" HEIGHT="21" WC="0.94" CONTENT="faktum"/><SP WIDTH="22" VPOS="438" HPOS="357"/>
							<String ID="string_96" HPOS="379" VPOS="440" WIDTH="32" HEIGHT="19" WC="0.93" CONTENT="att"/><SP WIDTH="14" VPOS="440" HPOS="411"/>
							<String ID="string_97" HPOS="425" VPOS="437" WIDTH="61" HEIGHT="28" WC="0.96" CONTENT="långt"/><SP WIDTH="15" VPOS="437" HPOS="486"/>
							<String ID="string_98" HPOS="501" VPOS="437" WIDTH="55" HEIGHT="22" WC="0.96" CONTENT="efter"/><SP WIDTH="15" VPOS="437" HPOS="556"/>
							<String ID="string_99" HPOS="571" VPOS="437" WIDTH="25" HEIGHT="22" WC="0.93" CONTENT="L."/><SP WIDTH="16" VPOS="437" HPOS="596"/>
							<String ID="string_100" HPOS="612" VPOS="437" WIDTH="40" HEIGHT="22" WC="0.93" CONTENT="O:s"/><SP WIDTH="15" VPOS="437" HPOS="652"/>
							<String ID="string_101" HPOS="667" VPOS="437" WIDTH="109" HEIGHT="26" WC="0.96" CONTENT="tillkomst,"/><SP WIDTH="15" VPOS="437" HPOS="776"/>
							<String ID="string_102" HPOS="791" VPOS="437" WIDTH="28" HEIGHT="29" WC="0.92" CONTENT="pä"/><SP WIDTH="16" VPOS="437" HPOS="819"/>
							<String ID="string_103" HPOS="835" VPOS="439" WIDTH="65" HEIGHT="20" WC="0.92" CONTENT="1870-"/>
						</TextLine>
						<TextLine ID="line_10" HPOS="72" VPOS="465" WIDTH="827" HEIGHT="30">
							<String ID="string_104" HPOS="72" VPOS="466" WIDTH="52" HEIGHT="21" WC="0.92" CONTENT="talet"/><SP WIDTH="15" VPOS="466" HPOS="124"/>
							<String ID="string_105" HPOS="139" VPOS="467" WIDTH="41" HEIGHT="21" WC="0.97" CONTENT="och"/><SP WIDTH="16" VPOS="467" HPOS="180"/>
							<String ID="string_106" HPOS="196" VPOS="467" WIDTH="73" HEIGHT="28" WC="0.96" CONTENT="början"/><SP WIDTH="11" VPOS="467" HPOS="269"/>
							<String ID="string_107" HPOS="280" VPOS="466" WIDTH="23" HEIGHT="21" WC="0.93" CONTENT="af"/><SP WIDTH="16" VPOS="466" HPOS="303"/>
							<String ID="string_108" HPOS="319" VPOS="466" WIDTH="123" HEIGHT="26" WC="0.93" CONTENT="1880-talet,"/><SP WIDTH="16" VPOS="466" HPOS="442"/>
							<String ID="string_109" HPOS="458" VPOS="473" WIDTH="49" HEIGHT="14" WC="0.93" CONTENT="man"/><SP WIDTH="15" VPOS="473" HPOS="507"/>
							<String ID="string_110" HPOS="522" VPOS="466" WIDTH="66" HEIGHT="21" WC="0.92" CONTENT="äfven"/><SP WIDTH="16" VPOS="466" HPOS="588"/>
							<String ID="string_111" HPOS="604" VPOS="466" WIDTH="65" HEIGHT="21" WC="0.93" CONTENT="bland"/><SP WIDTH="11" VPOS="466" HPOS="669"/>
							<String ID="string_112" HPOS="680" VPOS="467" WIDTH="85" HEIGHT="27" WC="0.93" CONTENT="jurister"/><SP WIDTH="10" VPOS="467" HPOS="765"/>
							<String ID="string_113" HPOS="775" VPOS="467" WIDTH="47" HEIGHT="21" WC="0.91" CONTENT="icke"/><SP WIDTH="11" VPOS="467" HPOS="822"/>
							<String ID="string_114" HPOS="833" VPOS="465" WIDTH="66" HEIGHT="22" WC="0.96" CONTENT="hörde"/>
						</TextLine>
						<TextLine ID="line_11" HPOS="72" VPOS="494" WIDTH="827" HEIGHT="29">
							<String ID="string_115" HPOS="72" VPOS="495" WIDTH="42" HEIGHT="21" WC="0.92" CONTENT="den"/><SP WIDTH="22" VPOS="495" HPOS="114"/>
							<String ID="string_116" HPOS="136" VPOS="495" WIDTH="83" HEIGHT="28" WC="0.89" CONTENT="äsigten"/><SP WIDTH="21" VPOS="495" HPOS="219"/>
							<String ID="string_117" HPOS="240" VPOS="495" WIDTH="85" HEIGHT="26" WC="0.91" CONTENT="uttalas,"/><SP WIDTH="15" VPOS="495" HPOS="325"/>
							<String ID="string_118" HPOS="340" VPOS="494" WIDTH="129" HEIGHT="22" WC="0.90" CONTENT="ätminstone"/><SP WIDTH="15" VPOS="494" HPOS="469"/>
							<String ID="string_119" HPOS="484" VPOS="495" WIDTH="49" HEIGHT="21" WC="0.91" CONTENT="icke"/><SP WIDTH="16" VPOS="495" HPOS="533"/>
							<String ID="string_120" HPOS="549" VPOS="494" WIDTH="113" HEIGHT="28" WC="0.91" CONTENT="offentligt,"/><SP WIDTH="16" VPOS="494" HPOS="662"/>
							<String ID="string_121" HPOS="678" VPOS="497" WIDTH="31" HEIGHT="18" WC="0.97" CONTENT="att"/><SP WIDTH="14" VPOS="497" HPOS="709"/>
							<String ID="string_122" HPOS="723" VPOS="495" WIDTH="27" HEIGHT="21" WC="0.93" CONTENT="de"/><SP WIDTH="15" VPOS="495" HPOS="750"/>
							<String ID="string_123" HPOS="765" VPOS="495" WIDTH="134" HEIGHT="21" WC="0.92" CONTENT="administra-"/>
						</TextLine>
						<TextLine ID="line_12" HPOS="72" VPOS="523" WIDTH="827" HEIGHT="29">
							<String ID="string_124" HPOS="72" VPOS="524" WIDTH="46" HEIGHT="21" WC="0.92" CONTENT="tiva"/><SP WIDTH="19" VPOS="524" HPOS="118"/>
							<String ID="string_125" HPOS="137" VPOS="523" WIDTH="251" HEIGHT="29" WC="0.90" CONTENT="spräkförfattningarna,"/><SP WIDTH="20" VPOS="523" HPOS="388"/>
							<String ID="string_126" HPOS="408" VPOS="523" WIDTH="132" HEIGHT="28" WC="0.93" CONTENT="exempelvis"/><SP WIDTH="15" VPOS="523" HPOS="540"/>
							<String ID="string_127" HPOS="555" VPOS="523" WIDTH="179" HEIGHT="28" WC="0.92" CONTENT="förordningarna"/><SP WIDTH="15" VPOS="523" HPOS="734"/>
							<String ID="string_128" HPOS="749" VPOS="523" WIDTH="23" HEIGHT="21" WC="0.96" CONTENT="af"/><SP WIDTH="17" VPOS="523" HPOS="772"/>
							<String ID="string_129" HPOS="789" VPOS="525" WIDTH="53" HEIGHT="20" WC="0.96" CONTENT="1863"/><SP WIDTH="16" VPOS="525" HPOS="842"/>
							<String ID="string_130" HPOS="858" VPOS="523" WIDTH="41" HEIGHT="22" WC="0.96" CONTENT="och"/>
						</TextLine>
						<TextLine ID="line_13" HPOS="73" VPOS="551" WIDTH="826" HEIGHT="29">
							<String ID="string_131" HPOS="73" VPOS="553" WIDTH="61" HEIGHT="26" WC="0.96" CONTENT="1865,"/><SP WIDTH="15" VPOS="553" HPOS="134"/>
							<String ID="string_132" HPOS="149" VPOS="552" WIDTH="69" HEIGHT="21" WC="0.93" CONTENT="skulle"/><SP WIDTH="15" VPOS="552" HPOS="218"/>
							<String ID="string_133" HPOS="233" VPOS="552" WIDTH="66" HEIGHT="21" WC="0.91" CONTENT="hafva"/><SP WIDTH="15" VPOS="552" HPOS="299"/>
							<String ID="string_134" HPOS="314" VPOS="552" WIDTH="122" HEIGHT="21" WC="0.92" CONTENT="tillkommit"/><SP WIDTH="15" VPOS="552" HPOS="436"/>
							<String ID="string_135" HPOS="451" VPOS="553" WIDTH="30" HEIGHT="20" WC="0.93" CONTENT="uti"/><SP WIDTH="17" VPOS="553" HPOS="481"/>
							<String ID="string_136" HPOS="498" VPOS="551" WIDTH="190" HEIGHT="29" WC="0.92" CONTENT="grundlagsvidrig"/><SP WIDTH="15" VPOS="551" HPOS="688"/>
							<String ID="string_137" HPOS="703" VPOS="552" WIDTH="61" HEIGHT="21" WC="0.93" CONTENT="form."/><SP WIDTH="24" VPOS="552" HPOS="764"/>
							<String ID="string_138" HPOS="788" VPOS="552" WIDTH="32" HEIGHT="21" WC="0.92" CONTENT="Pä"/><SP WIDTH="14" VPOS="552" HPOS="820"/>
							<String ID="string_139" HPOS="834" VPOS="553" WIDTH="65" HEIGHT="20" WC="0.91" CONTENT="1860-"/>
						</TextLine>
						<TextLine ID="line_14" HPOS="71" VPOS="580" WIDTH="828" HEIGHT="28">
							<String ID="string_140" HPOS="71" VPOS="581" WIDTH="53" HEIGHT="20" WC="0.96" CONTENT="talet"/><SP WIDTH="21" VPOS="581" HPOS="124"/>
							<String ID="string_141" HPOS="145" VPOS="588" WIDTH="52" HEIGHT="14" WC="0.96" CONTENT="voro"/><SP WIDTH="20" VPOS="588" HPOS="197"/>
							<String ID="string_142" HPOS="217" VPOS="581" WIDTH="47" HEIGHT="26" WC="0.96" CONTENT="alla,"/><SP WIDTH="15" VPOS="581" HPOS="264"/>
							<String ID="string_143" HPOS="279" VPOS="588" WIDTH="45" HEIGHT="13" WC="0.93" CONTENT="som"/><SP WIDTH="16" VPOS="588" HPOS="324"/>
							<String ID="string_144" HPOS="340" VPOS="580" WIDTH="106" HEIGHT="28" WC="0.91" CONTENT="offentligt"/><SP WIDTH="15" VPOS="580" HPOS="446"/>
							<String ID="string_145" HPOS="461" VPOS="580" WIDTH="96" HEIGHT="21" WC="0.96" CONTENT="uttalade"/><SP WIDTH="16" VPOS="580" HPOS="557"/>
							<String ID="string_146" HPOS="573" VPOS="581" WIDTH="39" HEIGHT="27" WC="0.93" CONTENT="sig,"/><SP WIDTH="16" VPOS="581" HPOS="612"/>
							<String ID="string_147" HPOS="628" VPOS="588" WIDTH="50" HEIGHT="13" WC="0.96" CONTENT="ense"/><SP WIDTH="16" VPOS="588" HPOS="678"/>
							<String ID="string_148" HPOS="694" VPOS="580" WIDTH="73" HEIGHT="21" WC="0.96" CONTENT="derom"/><SP WIDTH="16" VPOS="580" HPOS="767"/>
							<String ID="string_149" HPOS="783" VPOS="584" WIDTH="31" HEIGHT="18" WC="0.93" CONTENT="att"/><SP WIDTH="14" VPOS="584" HPOS="814"/>
							<String ID="string_150" HPOS="828" VPOS="581" WIDTH="71" HEIGHT="27" WC="0.91" CONTENT="Rege-"/>
						</TextLine>
						<TextLine ID="line_15" HPOS="72" VPOS="609" WIDTH="827" HEIGHT="28">
							<String ID="string_151" HPOS="72" VPOS="609" WIDTH="75" HEIGHT="28" WC="0.91" CONTENT="ringen"/><SP WIDTH="16" VPOS="609" HPOS="147"/>
							<String ID="string_152" HPOS="163" VPOS="609" WIDTH="56" HEIGHT="22" WC="0.96" CONTENT="hade"/><SP WIDTH="15" VPOS="609" HPOS="219"/>
							<String ID="string_153" HPOS="234" VPOS="609" WIDTH="39" HEIGHT="21" WC="0.96" CONTENT="full"/><SP WIDTH="16" VPOS="609" HPOS="273"/>
							<String ID="string_154" HPOS="289" VPOS="611" WIDTH="42" HEIGHT="19" WC="0.96" CONTENT="rätt"/><SP WIDTH="15" VPOS="611" HPOS="331"/>
							<String ID="string_155" HPOS="346" VPOS="611" WIDTH="32" HEIGHT="19" WC="0.93" CONTENT="att"/><SP WIDTH="14" VPOS="611" HPOS="378"/>
							<String ID="string_156" HPOS="392" VPOS="609" WIDTH="86" HEIGHT="21" WC="0.93" CONTENT="utfärda"/><SP WIDTH="16" VPOS="609" HPOS="478"/>
							<String ID="string_157" HPOS="494" VPOS="609" WIDTH="71" HEIGHT="21" WC="0.93" CONTENT="denna"/><SP WIDTH="15" VPOS="609" HPOS="565"/>
							<String ID="string_158" HPOS="580" VPOS="609" WIDTH="129" HEIGHT="28" WC="0.92" CONTENT="författning"/><SP WIDTH="18" VPOS="609" HPOS="709"/>
							<String ID="string_159" HPOS="727" VPOS="609" WIDTH="89" HEIGHT="28" WC="0.92" CONTENT="specielt"/><SP WIDTH="11" VPOS="609" HPOS="816"/>
							<String ID="string_160" HPOS="827" VPOS="609" WIDTH="72" HEIGHT="21" WC="0.93" CONTENT="derför"/>
						</TextLine>
						<TextLine ID="line_16" HPOS="72" VPOS="637" WIDTH="827" HEIGHT="29">
							<String ID="string_161" HPOS="72" VPOS="640" WIDTH="32" HEIGHT="19" WC="0.96" CONTENT="att"/><SP WIDTH="20" VPOS="640" HPOS="104"/>
							<String ID="string_162" HPOS="124" VPOS="637" WIDTH="41" HEIGHT="22" WC="0.96" CONTENT="den"/><SP WIDTH="16" VPOS="637" HPOS="165"/>
							<String ID="string_163" HPOS="181" VPOS="638" WIDTH="48" HEIGHT="21" WC="0.96" CONTENT="stod"/><SP WIDTH="16" VPOS="638" HPOS="229"/>
							<String ID="string_164" HPOS="245" VPOS="639" WIDTH="7" HEIGHT="20" WC="0.93" CONTENT="i"/><SP WIDTH="13" VPOS="639" HPOS="252"/>
							<String ID="string_165" HPOS="265" VPOS="637" WIDTH="223" HEIGHT="22" WC="0.92" CONTENT="öfverensstämmelse"/><SP WIDTH="16" VPOS="637" HPOS="488"/>
							<String ID="string_166" HPOS="504" VPOS="637" WIDTH="48" HEIGHT="22" WC="0.96" CONTENT="med"/><SP WIDTH="17" VPOS="637" HPOS="552"/>
							<String ID="string_167" HPOS="569" VPOS="639" WIDTH="12" HEIGHT="20" WC="0.90" CONTENT="3"/><SP WIDTH="15" VPOS="639" HPOS="581"/>
							<String ID="string_168" HPOS="596" VPOS="638" WIDTH="12" HEIGHT="27" WC="0.89" CONTENT="&amp;"/><SP WIDTH="24" VPOS="638" HPOS="608"/>
							<String ID="string_169" HPOS="632" VPOS="639" WIDTH="27" HEIGHT="20" WC="0.96" CONTENT="24"/><SP WIDTH="16" VPOS="639" HPOS="659"/>
							<String ID="string_170" HPOS="675" VPOS="637" WIDTH="48" HEIGHT="29" WC="0.96" CONTENT="kap."/><SP WIDTH="15" VPOS="637" HPOS="723"/>
							<String ID="string_171" HPOS="738" VPOS="638" WIDTH="25" HEIGHT="21" WC="0.93" CONTENT="R."/><SP WIDTH="15" VPOS="638" HPOS="763"/>
							<String ID="string_172" HPOS="778" VPOS="638" WIDTH="25" HEIGHT="21" WC="0.93" CONTENT="B."/><SP WIDTH="30" VPOS="638" HPOS="803"/>
							<String ID="string_173" HPOS="833" VPOS="637" WIDTH="66" HEIGHT="21" WC="0.96" CONTENT="Detta"/>
						</TextLine>
						<TextLine ID="line_17" HPOS="72" VPOS="666" WIDTH="826" HEIGHT="28">
							<String ID="string_174" HPOS="72" VPOS="674" WIDTH="39" HEIGHT="13" WC="0.90" CONTENT="var"/><SP WIDTH="15" VPOS="674" HPOS="111"/>
							<String ID="string_175" HPOS="126" VPOS="667" WIDTH="125" HEIGHT="27" WC="0.90" CONTENT="visserligen"/><SP WIDTH="16" VPOS="667" HPOS="251"/>
							<String ID="string_176" HPOS="267" VPOS="666" WIDTH="47" HEIGHT="21" WC="0.96" CONTENT="före"/><SP WIDTH="15" VPOS="666" HPOS="314"/>
							<String ID="string_177" HPOS="329" VPOS="666" WIDTH="25" HEIGHT="21" WC="0.93" CONTENT="L."/><SP WIDTH="16" VPOS="666" HPOS="354"/>
							<String ID="string_178" HPOS="370" VPOS="666" WIDTH="39" HEIGHT="21" WC="0.91" CONTENT="O:s"/><SP WIDTH="14" VPOS="666" HPOS="409"/>
							<String ID="string_179" HPOS="423" VPOS="666" WIDTH="112" HEIGHT="27" WC="0.87" CONTENT="tillkomst,"/><SP WIDTH="15" VPOS="666" HPOS="535"/>
							<String ID="string_180" HPOS="550" VPOS="674" WIDTH="48" HEIGHT="13" WC="0.96" CONTENT="men"/><SP WIDTH="17" VPOS="674" HPOS="598"/>
							<String ID="string_181" HPOS="615" VPOS="668" WIDTH="57" HEIGHT="19" WC="0.92" CONTENT="ännu"/><SP WIDTH="15" VPOS="668" HPOS="672"/>
							<String ID="string_182" HPOS="687" VPOS="666" WIDTH="60" HEIGHT="28" WC="0.92" CONTENT="längt"/><SP WIDTH="12" VPOS="666" HPOS="747"/>
							<String ID="string_183" HPOS="759" VPOS="667" WIDTH="55" HEIGHT="20" WC="0.96" CONTENT="efter"/><SP WIDTH="10" VPOS="667" HPOS="814"/>
							<String ID="string_184" HPOS="824" VPOS="666" WIDTH="24" HEIGHT="21" WC="0.93" CONTENT="L."/><SP WIDTH="11" VPOS="666" HPOS="848"/>
							<String ID="string_185" HPOS="859" VPOS="666" WIDTH="39" HEIGHT="21" WC="0.91" CONTENT="O:s"/>
						</TextLine>
						<TextLine ID="line_18" HPOS="72" VPOS="695" WIDTH="827" HEIGHT="28">
							<String ID="string_186" HPOS="72" VPOS="695" WIDTH="104" HEIGHT="22" WC="0.92" CONTENT="tillkomst"/><SP WIDTH="22" VPOS="695" HPOS="176"/>
							<String ID="string_187" HPOS="198" VPOS="695" WIDTH="67" HEIGHT="21" WC="0.96" CONTENT="hörde"/><SP WIDTH="21" VPOS="695" HPOS="265"/>
							<String ID="string_188" HPOS="286" VPOS="702" WIDTH="49" HEIGHT="14" WC="0.93" CONTENT="man"/><SP WIDTH="18" VPOS="702" HPOS="335"/>
							<String ID="string_189" HPOS="353" VPOS="695" WIDTH="49" HEIGHT="21" WC="0.89" CONTENT="icke"/><SP WIDTH="21" VPOS="695" HPOS="402"/>
							<String ID="string_190" HPOS="423" VPOS="695" WIDTH="67" HEIGHT="28" WC="0.92" CONTENT="nägot"/><SP WIDTH="20" VPOS="695" HPOS="490"/>
							<String ID="string_191" HPOS="510" VPOS="695" WIDTH="79" HEIGHT="21" WC="0.91" CONTENT="tvifvel"/><SP WIDTH="15" VPOS="695" HPOS="589"/>
							<String ID="string_192" HPOS="604" VPOS="695" WIDTH="78" HEIGHT="21" WC="0.93" CONTENT="uttalas"/><SP WIDTH="16" VPOS="695" HPOS="682"/>
							<String ID="string_193" HPOS="698" VPOS="698" WIDTH="31" HEIGHT="17" WC="0.93" CONTENT="att"/><SP WIDTH="14" VPOS="698" HPOS="729"/>
							<String ID="string_194" HPOS="743" VPOS="695" WIDTH="156" HEIGHT="28" WC="0.92" CONTENT="lagstiftnings-"/>
						</TextLine>
						<TextLine ID="line_19" HPOS="71" VPOS="723" WIDTH="828" HEIGHT="22">
							<String ID="string_195" HPOS="71" VPOS="725" WIDTH="70" HEIGHT="20" WC="0.92" CONTENT="rätten"/><SP WIDTH="22" VPOS="725" HPOS="141"/>
							<String ID="string_196" HPOS="163" VPOS="725" WIDTH="8" HEIGHT="20" WC="0.93" CONTENT="i"/><SP WIDTH="22" VPOS="725" HPOS="171"/>
							<String ID="string_197" HPOS="193" VPOS="723" WIDTH="134" HEIGHT="22" WC="0.92" CONTENT="förenämndt"/><SP WIDTH="23" VPOS="723" HPOS="327"/>
							<String ID="string_198" HPOS="350" VPOS="723" WIDTH="102" HEIGHT="22" WC="0.92" CONTENT="afseende"/><SP WIDTH="23" VPOS="723" HPOS="452"/>
							<String ID="string_199" HPOS="475" VPOS="723" WIDTH="73" HEIGHT="22" WC="0.90" CONTENT="tillhör"/><SP WIDTH="22" VPOS="723" HPOS="548"/>
							<String ID="string_200" HPOS="570" VPOS="723" WIDTH="122" HEIGHT="22" WC="0.90" CONTENT="Monarken"/><SP WIDTH="16" VPOS="723" HPOS="692"/>
							<String ID="string_201" HPOS="708" VPOS="731" WIDTH="76" HEIGHT="14" WC="0.91" CONTENT="ensam."/><SP WIDTH="31" VPOS="731" HPOS="784"/>
							<String ID="string_202" HPOS="815" VPOS="723" WIDTH="43" HEIGHT="22" WC="0.96" CONTENT="Det"/><SP WIDTH="18" VPOS="723" HPOS="858"/>
							<String ID="string_203" HPOS="876" VPOS="725" WIDTH="23" HEIGHT="19" WC="0.96" CONTENT="är"/>
						</TextLine>
						<TextLine ID="line_20" HPOS="73" VPOS="752" WIDTH="825" HEIGHT="28">
							<String ID="string_204" HPOS="73" VPOS="752" WIDTH="66" HEIGHT="22" WC="0.96" CONTENT="också"/><SP WIDTH="15" VPOS="752" HPOS="139"/>
							<String ID="string_205" HPOS="154" VPOS="760" WIDTH="27" HEIGHT="14" WC="0.96" CONTENT="en"/><SP WIDTH="15" VPOS="760" HPOS="181"/>
							<String ID="string_206" HPOS="196" VPOS="752" WIDTH="99" HEIGHT="28" WC="0.93" CONTENT="gällande"/><SP WIDTH="14" VPOS="752" HPOS="295"/>
							<String ID="string_207" HPOS="309" VPOS="752" WIDTH="122" HEIGHT="28" WC="0.96" CONTENT="grundsats,"/><SP WIDTH="15" VPOS="752" HPOS="431"/>
							<String ID="string_208" HPOS="446" VPOS="759" WIDTH="46" HEIGHT="14" WC="0.93" CONTENT="som"/><SP WIDTH="15" VPOS="759" HPOS="492"/>
							<String ID="string_209" HPOS="507" VPOS="752" WIDTH="135" HEIGHT="21" WC="0.93" CONTENT="fortfarande"/><SP WIDTH="16" VPOS="752" HPOS="642"/>
							<String ID="string_210" HPOS="658" VPOS="752" WIDTH="110" HEIGHT="26" WC="0.91" CONTENT="erkännes,"/><SP WIDTH="15" VPOS="752" HPOS="768"/>
							<String ID="string_211" HPOS="783" VPOS="755" WIDTH="31" HEIGHT="18" WC="0.93" CONTENT="att"/><SP WIDTH="14" VPOS="755" HPOS="814"/>
							<String ID="string_212" HPOS="828" VPOS="752" WIDTH="70" HEIGHT="27" WC="0.85" CONTENT="Rege-"/>
						</TextLine>
						<TextLine ID="line_21" HPOS="72" VPOS="780" WIDTH="826" HEIGHT="50">
							<String ID="string_213" HPOS="72" VPOS="781" WIDTH="75" HEIGHT="49" WC="0.39" CONTENT="Hagen"/><SP WIDTH="20" VPOS="781" HPOS="147"/>
							<String ID="string_214" HPOS="167" VPOS="781" WIDTH="39" HEIGHT="21" WC="0.92" CONTENT="har"/><SP WIDTH="20" VPOS="781" HPOS="206"/>
							<String ID="string_215" HPOS="226" VPOS="781" WIDTH="101" HEIGHT="28" WC="0.91" CONTENT="rättighet"/><SP WIDTH="22" VPOS="781" HPOS="327"/>
							<String ID="string_216" HPOS="349" VPOS="783" WIDTH="31" HEIGHT="19" WC="0.93" CONTENT="att"/><SP WIDTH="19" VPOS="783" HPOS="380"/>
							<String ID="string_217" HPOS="399" VPOS="781" WIDTH="87" HEIGHT="21" WC="0.92" CONTENT="utfärda"/><SP WIDTH="16" VPOS="781" HPOS="486"/>
							<String ID="string_218" HPOS="502" VPOS="781" WIDTH="102" HEIGHT="28" WC="0.91" CONTENT="speciella"/><SP WIDTH="14" VPOS="781" HPOS="604"/>
							<String ID="string_219" HPOS="618" VPOS="781" WIDTH="66" HEIGHT="28" WC="0.93" CONTENT="lagar,"/><SP WIDTH="15" VPOS="781" HPOS="684"/>
							<String ID="string_220" HPOS="699" VPOS="781" WIDTH="143" HEIGHT="27" WC="0.92" CONTENT="reglementen"/><SP WIDTH="16" VPOS="781" HPOS="842"/>
							<String ID="string_221" HPOS="858" VPOS="780" WIDTH="40" HEIGHT="21" WC="0.96" CONTENT="och"/>
						</TextLine>
						<TextLine ID="line_22" HPOS="72" VPOS="809" WIDTH="826" HEIGHT="28">
							<String ID="string_222" HPOS="72" VPOS="809" WIDTH="141" HEIGHT="28" WC="0.92" CONTENT="stadganden,"/><SP WIDTH="21" VPOS="809" HPOS="213"/>
							<String ID="string_223" HPOS="234" VPOS="817" WIDTH="45" HEIGHT="14" WC="0.93" CONTENT="som"/><SP WIDTH="22" VPOS="817" HPOS="279"/>
							<String ID="string_224" HPOS="301" VPOS="809" WIDTH="46" HEIGHT="22" WC="0.91" CONTENT="afse"/><SP WIDTH="19" VPOS="809" HPOS="347"/>
							<String ID="string_225" HPOS="366" VPOS="809" WIDTH="163" HEIGHT="28" WC="0.92" CONTENT="verkställighet"/><SP WIDTH="15" VPOS="809" HPOS="529"/>
							<String ID="string_226" HPOS="544" VPOS="809" WIDTH="23" HEIGHT="21" WC="0.96" CONTENT="af"/><SP WIDTH="15" VPOS="809" HPOS="567"/>
							<String ID="string_227" HPOS="582" VPOS="809" WIDTH="77" HEIGHT="21" WC="0.96" CONTENT="allmän"/><SP WIDTH="16" VPOS="809" HPOS="659"/>
							<String ID="string_228" HPOS="675" VPOS="809" WIDTH="41" HEIGHT="28" WC="0.96" CONTENT="lag,"/><SP WIDTH="15" VPOS="809" HPOS="716"/>
							<String ID="string_229" HPOS="731" VPOS="809" WIDTH="40" HEIGHT="22" WC="0.97" CONTENT="och"/><SP WIDTH="16" VPOS="809" HPOS="771"/>
							<String ID="string_230" HPOS="787" VPOS="809" WIDTH="36" HEIGHT="21" WC="0.96" CONTENT="det"/><SP WIDTH="14" VPOS="809" HPOS="823"/>
							<String ID="string_231" HPOS="837" VPOS="809" WIDTH="61" HEIGHT="21" WC="0.96" CONTENT="torde"/>
						</TextLine>
						<TextLine ID="line_23" HPOS="72" VPOS="837" WIDTH="827" HEIGHT="30">
							<String ID="string_232" HPOS="72" VPOS="845" WIDTH="51" HEIGHT="14" WC="0.92" CONTENT="vara"/><SP WIDTH="22" VPOS="845" HPOS="123"/>
							<String ID="string_233" HPOS="145" VPOS="838" WIDTH="60" HEIGHT="21" WC="0.92" CONTENT="svärt"/><SP WIDTH="22" VPOS="838" HPOS="205"/>
							<String ID="string_234" HPOS="227" VPOS="841" WIDTH="32" HEIGHT="18" WC="0.93" CONTENT="att"/><SP WIDTH="20" VPOS="841" HPOS="259"/>
							<String ID="string_235" HPOS="279" VPOS="838" WIDTH="111" HEIGHT="29" WC="0.91" CONTENT="uppdraga"/><SP WIDTH="21" VPOS="838" HPOS="390"/>
							<String ID="string_236" HPOS="411" VPOS="840" WIDTH="92" HEIGHT="26" WC="0.91" CONTENT="gränsen"/><SP WIDTH="19" VPOS="840" HPOS="503"/>
							<String ID="string_237" HPOS="522" VPOS="838" WIDTH="91" HEIGHT="21" WC="0.91" CONTENT="emellan"/><SP WIDTH="16" VPOS="838" HPOS="613"/>
							<String ID="string_238" HPOS="629" VPOS="837" WIDTH="81" HEIGHT="22" WC="0.92" CONTENT="sädana"/><SP WIDTH="15" VPOS="837" HPOS="710"/>
							<String ID="string_239" HPOS="725" VPOS="838" WIDTH="100" HEIGHT="28" WC="0.92" CONTENT="speciella"/><SP WIDTH="16" VPOS="838" HPOS="825"/>
							<String ID="string_240" HPOS="841" VPOS="837" WIDTH="58" HEIGHT="22" WC="0.92" CONTENT="stad-"/>
						</TextLine>
						<TextLine ID="line_24" HPOS="71" VPOS="866" WIDTH="827" HEIGHT="28">
							<String ID="string_241" HPOS="71" VPOS="867" WIDTH="91" HEIGHT="27" WC="0.92" CONTENT="ganden,"/><SP WIDTH="22" VPOS="867" HPOS="162"/>
							<String ID="string_242" HPOS="184" VPOS="867" WIDTH="73" HEIGHT="21" WC="0.93" CONTENT="hvilka"/><SP WIDTH="24" VPOS="867" HPOS="257"/>
							<String ID="string_243" HPOS="281" VPOS="867" WIDTH="46" HEIGHT="21" WC="0.92" CONTENT="afse"/><SP WIDTH="22" VPOS="867" HPOS="327"/>
							<String ID="string_244" HPOS="349" VPOS="867" WIDTH="163" HEIGHT="27" WC="0.96" CONTENT="verkställighet"/><SP WIDTH="19" VPOS="867" HPOS="512"/>
							<String ID="string_245" HPOS="531" VPOS="867" WIDTH="24" HEIGHT="20" WC="0.96" CONTENT="af"/><SP WIDTH="14" VPOS="867" HPOS="555"/>
							<String ID="string_246" HPOS="569" VPOS="867" WIDTH="78" HEIGHT="20" WC="0.96" CONTENT="allmän"/><SP WIDTH="16" VPOS="867" HPOS="647"/>
							<String ID="string_247" HPOS="663" VPOS="867" WIDTH="41" HEIGHT="27" WC="0.96" CONTENT="lag,"/><SP WIDTH="15" VPOS="867" HPOS="704"/>
							<String ID="string_248" HPOS="719" VPOS="867" WIDTH="40" HEIGHT="20" WC="0.97" CONTENT="och"/><SP WIDTH="15" VPOS="867" HPOS="759"/>
							<String ID="string_249" HPOS="774" VPOS="867" WIDTH="65" HEIGHT="20" WC="0.93" CONTENT="andra"/><SP WIDTH="15" VPOS="867" HPOS="839"/>
							<String ID="string_250" HPOS="854" VPOS="866" WIDTH="44" HEIGHT="21" WC="0.92" CONTENT="för-"/>
						</TextLine>
						<TextLine ID="line_25" HPOS="72" VPOS="895" WIDTH="827" HEIGHT="28">
							<String ID="string_251" HPOS="72" VPOS="895" WIDTH="124" HEIGHT="28" WC="0.89" CONTENT="fattningar."/><SP WIDTH="30" VPOS="895" HPOS="196"/>
							<String ID="string_252" HPOS="226" VPOS="895" WIDTH="95" HEIGHT="28" WC="0.95" CONTENT="Mången"/><SP WIDTH="15" VPOS="895" HPOS="321"/>
							<String ID="string_253" HPOS="336" VPOS="895" WIDTH="39" HEIGHT="21" WC="0.96" CONTENT="har"/><SP WIDTH="15" VPOS="895" HPOS="375"/>
							<String ID="string_254" HPOS="390" VPOS="895" WIDTH="41" HEIGHT="21" WC="0.93" CONTENT="den"/><SP WIDTH="16" VPOS="895" HPOS="431"/>
							<String ID="string_255" HPOS="447" VPOS="895" WIDTH="57" HEIGHT="28" WC="0.92" CONTENT="äsigt"/><SP WIDTH="16" VPOS="895" HPOS="504"/>
							<String ID="string_256" HPOS="520" VPOS="895" WIDTH="133" HEIGHT="21" WC="0.0" CONTENT="beträffande"/><SP WIDTH="15" VPOS="895" HPOS="653"/>
							<String ID="string_257" HPOS="668" VPOS="895" WIDTH="51" HEIGHT="21" WC="0.96" CONTENT="våra"/><SP WIDTH="11" VPOS="895" HPOS="719"/>
							<String ID="string_258" HPOS="730" VPOS="895" WIDTH="169" HEIGHT="21" WC="0.96" CONTENT="administrativa"/>
						</TextLine>
						<TextLine ID="line_26" HPOS="72" VPOS="923" WIDTH="827" HEIGHT="29">
							<String ID="string_259" HPOS="72" VPOS="923" WIDTH="225" HEIGHT="29" WC="0.92" CONTENT="spräkförfattningar,"/><SP WIDTH="14" VPOS="923" HPOS="297"/>
							<String ID="string_260" HPOS="311" VPOS="927" WIDTH="32" HEIGHT="18" WC="0.96" CONTENT="att"/><SP WIDTH="12" VPOS="927" HPOS="343"/>
							<String ID="string_261" HPOS="355" VPOS="923" WIDTH="26" HEIGHT="22" WC="0.93" CONTENT="de"/><SP WIDTH="13" VPOS="923" HPOS="381"/>
							<String ID="string_262" HPOS="394" VPOS="925" WIDTH="37" HEIGHT="20" WC="0.93" CONTENT="äro"/><SP WIDTH="15" VPOS="925" HPOS="431"/>
							<String ID="string_263" HPOS="446" VPOS="924" WIDTH="82" HEIGHT="21" WC="0.92" CONTENT="sädana"/><SP WIDTH="10" VPOS="924" HPOS="528"/>
							<String ID="string_264" HPOS="538" VPOS="924" WIDTH="102" HEIGHT="28" WC="0.93" CONTENT="speciella"/><SP WIDTH="10" VPOS="924" HPOS="640"/>
							<String ID="string_265" HPOS="650" VPOS="924" WIDTH="65" HEIGHT="27" WC="0.96" CONTENT="lagar,"/><SP WIDTH="10" VPOS="924" HPOS="715"/>
							<String ID="string_266" HPOS="725" VPOS="931" WIDTH="44" HEIGHT="14" WC="0.93" CONTENT="som"/><SP WIDTH="12" VPOS="931" HPOS="769"/>
							<String ID="string_267" HPOS="781" VPOS="925" WIDTH="46" HEIGHT="20" WC="0.93" CONTENT="afse"/><SP WIDTH="9" VPOS="925" HPOS="827"/>
							<String ID="string_268" HPOS="836" VPOS="923" WIDTH="63" HEIGHT="21" WC="0.93" CONTENT="verk-"/>
						</TextLine>
						<TextLine ID="line_27" HPOS="72" VPOS="952" WIDTH="826" HEIGHT="29">
							<String ID="string_269" HPOS="72" VPOS="952" WIDTH="108" HEIGHT="28" WC="0.85" CONTENT="ställighet"/><SP WIDTH="21" VPOS="952" HPOS="180"/>
							<String ID="string_270" HPOS="201" VPOS="952" WIDTH="22" HEIGHT="21" WC="0.96" CONTENT="af"/><SP WIDTH="22" VPOS="952" HPOS="223"/>
							<String ID="string_271" HPOS="245" VPOS="954" WIDTH="12" HEIGHT="20" WC="0.92" CONTENT="3"/><SP WIDTH="16" VPOS="954" HPOS="257"/>
							<String ID="string_272" HPOS="273" VPOS="953" WIDTH="12" HEIGHT="26" WC="0.90" CONTENT="&amp;"/><SP WIDTH="24" VPOS="953" HPOS="285"/>
							<String ID="string_273" HPOS="309" VPOS="954" WIDTH="27" HEIGHT="19" WC="0.96" CONTENT="24"/><SP WIDTH="16" VPOS="954" HPOS="336"/>
							<String ID="string_274" HPOS="352" VPOS="952" WIDTH="47" HEIGHT="29" WC="0.96" CONTENT="kap."/><SP WIDTH="14" VPOS="952" HPOS="399"/>
							<String ID="string_275" HPOS="413" VPOS="953" WIDTH="26" HEIGHT="20" WC="0.93" CONTENT="R."/><SP WIDTH="19" VPOS="953" HPOS="439"/>
							<String ID="string_276" HPOS="458" VPOS="953" WIDTH="26" HEIGHT="20" WC="0.92" CONTENT="B."/><SP WIDTH="16" VPOS="953" HPOS="484"/>
							<String ID="string_277" HPOS="500" VPOS="953" WIDTH="84" HEIGHT="20" WC="0.96" CONTENT="hvilket"/><SP WIDTH="14" VPOS="953" HPOS="584"/>
							<String ID="string_278" HPOS="598" VPOS="952" WIDTH="81" HEIGHT="28" WC="0.96" CONTENT="lagbud"/><SP WIDTH="15" VPOS="952" HPOS="679"/>
							<String ID="string_279" HPOS="694" VPOS="960" WIDTH="75" HEIGHT="20" WC="0.93" CONTENT="genom"/><SP WIDTH="16" VPOS="960" HPOS="769"/>
							<String ID="string_280" HPOS="785" VPOS="952" WIDTH="113" HEIGHT="25" WC="0.95" CONTENT="missbruk,"/>
						</TextLine>
						<TextLine ID="line_28" HPOS="72" VPOS="980" WIDTH="826" HEIGHT="29">
							<String ID="string_281" HPOS="72" VPOS="988" WIDTH="46" HEIGHT="14" WC="0.96" CONTENT="som"/><SP WIDTH="21" VPOS="988" HPOS="118"/>
							<String ID="string_282" HPOS="139" VPOS="981" WIDTH="69" HEIGHT="21" WC="0.93" CONTENT="under"/><SP WIDTH="21" VPOS="981" HPOS="208"/>
							<String ID="string_283" HPOS="229" VPOS="981" WIDTH="62" HEIGHT="28" WC="0.92" CONTENT="länga"/><SP WIDTH="21" VPOS="981" HPOS="291"/>
							<String ID="string_284" HPOS="312" VPOS="981" WIDTH="55" HEIGHT="21" WC="0.93" CONTENT="tider"/><SP WIDTH="15" VPOS="981" HPOS="367"/>
							<String ID="string_285" HPOS="382" VPOS="982" WIDTH="79" HEIGHT="20" WC="0.93" CONTENT="inrotat"/><SP WIDTH="15" VPOS="982" HPOS="461"/>
							<String ID="string_286" HPOS="476" VPOS="982" WIDTH="40" HEIGHT="27" WC="0.93" CONTENT="sig,"/><SP WIDTH="16" VPOS="982" HPOS="516"/>
							<String ID="string_287" HPOS="532" VPOS="981" WIDTH="73" HEIGHT="21" WC="0.92" CONTENT="blifvit"/><SP WIDTH="15" VPOS="981" HPOS="605"/>
							<String ID="string_288" HPOS="620" VPOS="981" WIDTH="111" HEIGHT="21" WC="0.91" CONTENT="äsidosatt."/><SP WIDTH="29" VPOS="981" HPOS="731"/>
							<String ID="string_289" HPOS="760" VPOS="981" WIDTH="52" HEIGHT="21" WC="0.97" CONTENT="Men"/><SP WIDTH="16" VPOS="981" HPOS="812"/>
							<String ID="string_290" HPOS="828" VPOS="980" WIDTH="70" HEIGHT="21" WC="0.96" CONTENT="denna"/>
						</TextLine>
						<TextLine ID="line_29" HPOS="72" VPOS="1009" WIDTH="826" HEIGHT="29">
							<String ID="string_291" HPOS="72" VPOS="1009" WIDTH="62" HEIGHT="28" WC="0.92" CONTENT="fräga"/><SP WIDTH="19" VPOS="1009" HPOS="134"/>
							<String ID="string_292" HPOS="153" VPOS="1011" WIDTH="24" HEIGHT="20" WC="0.96" CONTENT="är"/><SP WIDTH="19" VPOS="1011" HPOS="177"/>
							<String ID="string_293" HPOS="196" VPOS="1010" WIDTH="22" HEIGHT="28" WC="0.96" CONTENT="ju"/><SP WIDTH="15" VPOS="1010" HPOS="218"/>
							<String ID="string_294" HPOS="233" VPOS="1010" WIDTH="24" HEIGHT="21" WC="0.96" CONTENT="sä"/><SP WIDTH="15" VPOS="1010" HPOS="257"/>
							<String ID="string_295" HPOS="272" VPOS="1010" WIDTH="33" HEIGHT="21" WC="0.96" CONTENT="till"/><SP WIDTH="15" VPOS="1010" HPOS="305"/>
							<String ID="string_296" HPOS="320" VPOS="1009" WIDTH="51" HEIGHT="22" WC="0.97" CONTENT="vida"/><SP WIDTH="15" VPOS="1009" HPOS="371"/>
							<String ID="string_297" HPOS="386" VPOS="1010" WIDTH="23" HEIGHT="21" WC="0.96" CONTENT="af"/><SP WIDTH="12" VPOS="1010" HPOS="409"/>
							<String ID="string_298" HPOS="421" VPOS="1017" WIDTH="27" HEIGHT="14" WC="0.96" CONTENT="en"/><SP WIDTH="14" VPOS="1017" HPOS="448"/>
							<String ID="string_299" HPOS="462" VPOS="1013" WIDTH="49" HEIGHT="18" WC="0.93" CONTENT="rent"/><SP WIDTH="15" VPOS="1013" HPOS="511"/>
							<String ID="string_300" HPOS="526" VPOS="1009" WIDTH="104" HEIGHT="22" WC="0.93" CONTENT="teoretisk"/><SP WIDTH="15" VPOS="1009" HPOS="630"/>
							<String ID="string_301" HPOS="645" VPOS="1013" WIDTH="63" HEIGHT="17" WC="0.96" CONTENT="natur"/><SP WIDTH="15" VPOS="1013" HPOS="708"/>
							<String ID="string_302" HPOS="723" VPOS="1017" WIDTH="45" HEIGHT="14" WC="0.96" CONTENT="som"/><SP WIDTH="14" VPOS="1017" HPOS="768"/>
							<String ID="string_303" HPOS="782" VPOS="1010" WIDTH="35" HEIGHT="27" WC="0.93" CONTENT="jag"/><SP WIDTH="15" VPOS="1010" HPOS="817"/>
							<String ID="string_304" HPOS="832" VPOS="1009" WIDTH="66" HEIGHT="21" WC="0.92" CONTENT="ocksä"/>
						</TextLine>
						<TextLine ID="line_30" HPOS="72" VPOS="1037" WIDTH="826" HEIGHT="29">
							<String ID="string_305" HPOS="72" VPOS="1038" WIDTH="34" HEIGHT="21" WC="0.96" CONTENT="för"/><SP WIDTH="16" VPOS="1038" HPOS="106"/>
							<String ID="string_306" HPOS="122" VPOS="1039" WIDTH="41" HEIGHT="20" WC="0.96" CONTENT="min"/><SP WIDTH="17" VPOS="1039" HPOS="163"/>
							<String ID="string_307" HPOS="180" VPOS="1038" WIDTH="35" HEIGHT="21" WC="0.93" CONTENT="del"/><SP WIDTH="13" VPOS="1038" HPOS="215"/>
							<String ID="string_308" HPOS="228" VPOS="1038" WIDTH="110" HEIGHT="27" WC="0.88" CONTENT="erkänner,"/><SP WIDTH="12" VPOS="1038" HPOS="338"/>
							<String ID="string_309" HPOS="350" VPOS="1041" WIDTH="32" HEIGHT="18" WC="0.96" CONTENT="att"/><SP WIDTH="15" VPOS="1041" HPOS="382"/>
							<String ID="string_310" HPOS="397" VPOS="1045" WIDTH="26" HEIGHT="14" WC="0.93" CONTENT="en"/><SP WIDTH="13" VPOS="1045" HPOS="423"/>
							<String ID="string_311" HPOS="436" VPOS="1038" WIDTH="124" HEIGHT="28" WC="0.92" CONTENT="ständerlag"/><SP WIDTH="10" VPOS="1038" HPOS="560"/>
							<String ID="string_312" HPOS="570" VPOS="1037" WIDTH="90" HEIGHT="22" WC="0.92" CONTENT="rörande"/><SP WIDTH="12" VPOS="1037" HPOS="660"/>
							<String ID="string_313" HPOS="672" VPOS="1037" WIDTH="226" HEIGHT="29" WC="0.92" CONTENT="spräkförhällandena"/>
						</TextLine>
						<TextLine ID="line_31" HPOS="72" VPOS="1067" WIDTH="167" HEIGHT="28">
							<String ID="string_314" HPOS="72" VPOS="1068" WIDTH="23" HEIGHT="19" WC="0.91" CONTENT="är"/><SP WIDTH="15" VPOS="1068" HPOS="95"/>
							<String ID="string_315" HPOS="110" VPOS="1067" WIDTH="129" HEIGHT="28" WC="0.89" CONTENT="nödvändig."/>
						</TextLine>
					</TextBlock>
				</ComposedBlock>
				<ComposedBlock ID="cblock_3" HPOS="72" VPOS="1123" WIDTH="825" HEIGHT="50">
					<TextBlock ID="block_2" HPOS="72" VPOS="1123" WIDTH="825" HEIGHT="50">
						<TextLine ID="line_32" HPOS="140" VPOS="1123" WIDTH="757" HEIGHT="28">
							<String ID="string_316" HPOS="140" VPOS="1123" WIDTH="34" HEIGHT="22" WC="0.96" CONTENT="Hr"/><SP WIDTH="20" VPOS="1123" HPOS="174"/>
							<String ID="string_317" HPOS="194" VPOS="1123" WIDTH="69" HEIGHT="22" WC="0.96" CONTENT="Arvid"/><SP WIDTH="22" VPOS="1123" HPOS="263"/>
							<String ID="string_318" HPOS="285" VPOS="1123" WIDTH="171" HEIGHT="22" WC="0.93" CONTENT="Grotenfelt"/><SP WIDTH="20" VPOS="1123" HPOS="456"/>
							<String ID="string_319" HPOS="476" VPOS="1123" WIDTH="147" HEIGHT="22" WC="0.91" CONTENT="understödde"/><SP WIDTH="15" VPOS="1123" HPOS="623"/>
							<String ID="string_320" HPOS="638" VPOS="1123" WIDTH="35" HEIGHT="22" WC="0.93" CONTENT="Hr"/><SP WIDTH="14" VPOS="1123" HPOS="673"/>
							<String ID="string_321" HPOS="687" VPOS="1123" WIDTH="66" HEIGHT="22" WC="0.92" CONTENT="Reins"/><SP WIDTH="15" VPOS="1123" HPOS="753"/>
							<String ID="string_322" HPOS="768" VPOS="1123" WIDTH="81" HEIGHT="28" WC="0.96" CONTENT="förslag"/><SP WIDTH="15" VPOS="1123" HPOS="849"/>
							<String ID="string_323" HPOS="864" VPOS="1130" WIDTH="33" HEIGHT="14" WC="0.96" CONTENT="om"/>
						</TextLine>
						<TextLine ID="line_33" HPOS="72" VPOS="1152" WIDTH="127" HEIGHT="21">
							<String ID="string_324" HPOS="72" VPOS="1152" WIDTH="127" HEIGHT="21" WC="0.95" CONTENT="återremiss."/>
						</TextLine>
					</TextBlock>
				</ComposedBlock>
				<ComposedBlock ID="cblock_4" HPOS="70" VPOS="1208" WIDTH="828" HEIGHT="201">
					<TextBlock ID="block_3" HPOS="70" VPOS="1208" WIDTH="828" HEIGHT="201">
						<TextLine ID="line_34" HPOS="140" VPOS="1208" WIDTH="758" HEIGHT="29">
							<String ID="string_325" HPOS="140" VPOS="1209" WIDTH="34" HEIGHT="20" WC="0.93" CONTENT="Hr"/><SP WIDTH="15" VPOS="1209" HPOS="174"/>
							<String ID="string_326" HPOS="189" VPOS="1209" WIDTH="26" HEIGHT="21" WC="0.88" CONTENT="A."/><SP WIDTH="16" VPOS="1209" HPOS="215"/>
							<String ID="string_327" HPOS="231" VPOS="1209" WIDTH="108" HEIGHT="21" WC="0.95" CONTENT="Antell:"/><SP WIDTH="30" VPOS="1209" HPOS="339"/>
							<String ID="string_328" HPOS="369" VPOS="1209" WIDTH="35" HEIGHT="21" WC="0.93" CONTENT="Då"/><SP WIDTH="14" VPOS="1209" HPOS="404"/>
							<String ID="string_329" HPOS="418" VPOS="1209" WIDTH="36" HEIGHT="28" WC="0.95" CONTENT="jag"/><SP WIDTH="15" VPOS="1209" HPOS="454"/>
							<String ID="string_330" HPOS="469" VPOS="1209" WIDTH="65" HEIGHT="28" WC="0.96" CONTENT="hyser"/><SP WIDTH="15" VPOS="1209" HPOS="534"/>
							<String ID="string_331" HPOS="549" VPOS="1209" WIDTH="42" HEIGHT="21" WC="0.93" CONTENT="den"/><SP WIDTH="15" VPOS="1209" HPOS="591"/>
							<String ID="string_332" HPOS="606" VPOS="1209" WIDTH="84" HEIGHT="28" WC="0.92" CONTENT="åsigten"/><SP WIDTH="16" VPOS="1209" HPOS="690"/>
							<String ID="string_333" HPOS="706" VPOS="1212" WIDTH="31" HEIGHT="18" WC="0.93" CONTENT="att"/><SP WIDTH="12" VPOS="1212" HPOS="737"/>
							<String ID="string_334" HPOS="749" VPOS="1209" WIDTH="79" HEIGHT="21" WC="0.92" CONTENT="enhvar"/><SP WIDTH="10" VPOS="1209" HPOS="828"/>
							<String ID="string_335" HPOS="838" VPOS="1208" WIDTH="60" HEIGHT="21" WC="0.93" CONTENT="med-"/>
						</TextLine>
						<TextLine ID="line_35" HPOS="71" VPOS="1237" WIDTH="826" HEIGHT="29">
							<String ID="string_336" HPOS="71" VPOS="1237" WIDTH="42" HEIGHT="22" WC="0.96" CONTENT="lem"/><SP WIDTH="23" VPOS="1237" HPOS="113"/>
							<String ID="string_337" HPOS="136" VPOS="1237" WIDTH="23" HEIGHT="21" WC="0.96" CONTENT="af"/><SP WIDTH="22" VPOS="1237" HPOS="159"/>
							<String ID="string_338" HPOS="181" VPOS="1239" WIDTH="197" HEIGHT="27" WC="0.95" CONTENT="representationen"/><SP WIDTH="24" VPOS="1239" HPOS="378"/>
							<String ID="string_339" HPOS="402" VPOS="1237" WIDTH="66" HEIGHT="22" WC="0.93" CONTENT="borde"/><SP WIDTH="23" VPOS="1237" HPOS="468"/>
							<String ID="string_340" HPOS="491" VPOS="1237" WIDTH="167" HEIGHT="29" WC="0.91" CONTENT="tillkännagifva"/><SP WIDTH="22" VPOS="1237" HPOS="658"/>
							<String ID="string_341" HPOS="680" VPOS="1238" WIDTH="33" HEIGHT="21" WC="0.96" CONTENT="sin"/><SP WIDTH="23" VPOS="1238" HPOS="713"/>
							<String ID="string_342" HPOS="736" VPOS="1237" WIDTH="131" HEIGHT="29" WC="0.96" CONTENT="ståndpunkt"/><SP WIDTH="23" VPOS="1237" HPOS="867"/>
							<String ID="string_343" HPOS="890" VPOS="1237" WIDTH="7" HEIGHT="21" WC="0.96" CONTENT="i"/>
						</TextLine>
						<TextLine ID="line_36" HPOS="71" VPOS="1266" WIDTH="826" HEIGHT="29">
							<String ID="string_344" HPOS="71" VPOS="1267" WIDTH="87" HEIGHT="27" WC="0.91" CONTENT="vigtiga,"/><SP WIDTH="22" VPOS="1267" HPOS="158"/>
							<String ID="string_345" HPOS="180" VPOS="1267" WIDTH="8" HEIGHT="20" WC="0.96" CONTENT="i"/><SP WIDTH="22" VPOS="1267" HPOS="188"/>
							<String ID="string_346" HPOS="210" VPOS="1268" WIDTH="112" HEIGHT="20" WC="0.96" CONTENT="nationens"/><SP WIDTH="21" VPOS="1268" HPOS="322"/>
							<String ID="string_347" HPOS="343" VPOS="1266" WIDTH="26" HEIGHT="21" WC="0.96" CONTENT="lif"/><SP WIDTH="20" VPOS="1266" HPOS="369"/>
							<String ID="string_348" HPOS="389" VPOS="1266" WIDTH="62" HEIGHT="29" WC="0.96" CONTENT="djupt"/><SP WIDTH="17" VPOS="1266" HPOS="451"/>
							<String ID="string_349" HPOS="468" VPOS="1267" WIDTH="128" HEIGHT="28" WC="0.96" CONTENT="ingripande"/><SP WIDTH="16" VPOS="1267" HPOS="596"/>
							<String ID="string_350" HPOS="612" VPOS="1266" WIDTH="80" HEIGHT="28" WC="0.96" CONTENT="frågor,"/><SP WIDTH="15" VPOS="1266" HPOS="692"/>
							<String ID="string_351" HPOS="707" VPOS="1266" WIDTH="94" HEIGHT="22" WC="0.95" CONTENT="anhåller"/><SP WIDTH="14" VPOS="1266" HPOS="801"/>
							<String ID="string_352" HPOS="815" VPOS="1267" WIDTH="35" HEIGHT="27" WC="0.96" CONTENT="jag"/><SP WIDTH="15" VPOS="1267" HPOS="850"/>
							<String ID="string_353" HPOS="865" VPOS="1268" WIDTH="32" HEIGHT="18" WC="0.96" CONTENT="att"/>
						</TextLine>
						<TextLine ID="line_37" HPOS="71" VPOS="1295" WIDTH="825" HEIGHT="29">
							<String ID="string_354" HPOS="71" VPOS="1295" WIDTH="33" HEIGHT="21" WC="0.83" CONTENT="till"/><SP WIDTH="22" VPOS="1295" HPOS="104"/>
							<String ID="string_355" HPOS="126" VPOS="1295" WIDTH="131" HEIGHT="28" WC="0.95" CONTENT="protokollet"/><SP WIDTH="22" VPOS="1295" HPOS="257"/>
							<String ID="string_356" HPOS="279" VPOS="1295" WIDTH="23" HEIGHT="21" WC="0.96" CONTENT="få"/><SP WIDTH="21" VPOS="1295" HPOS="302"/>
							<String ID="string_357" HPOS="323" VPOS="1295" WIDTH="88" HEIGHT="26" WC="0.96" CONTENT="anmäla,"/><SP WIDTH="19" VPOS="1295" HPOS="411"/>
							<String ID="string_358" HPOS="430" VPOS="1298" WIDTH="31" HEIGHT="18" WC="0.96" CONTENT="att"/><SP WIDTH="15" VPOS="1298" HPOS="461"/>
							<String ID="string_359" HPOS="476" VPOS="1296" WIDTH="36" HEIGHT="27" WC="0.96" CONTENT="jag"/><SP WIDTH="15" VPOS="1296" HPOS="512"/>
							<String ID="string_360" HPOS="527" VPOS="1295" WIDTH="28" HEIGHT="29" WC="0.96" CONTENT="på"/><SP WIDTH="15" VPOS="1295" HPOS="555"/>
							<String ID="string_361" HPOS="570" VPOS="1295" WIDTH="28" HEIGHT="21" WC="0.95" CONTENT="de"/><SP WIDTH="15" VPOS="1295" HPOS="598"/>
							<String ID="string_362" HPOS="613" VPOS="1295" WIDTH="53" HEIGHT="26" WC="0.96" CONTENT="skäl,"/><SP WIDTH="15" VPOS="1295" HPOS="666"/>
							<String ID="string_363" HPOS="681" VPOS="1295" WIDTH="72" HEIGHT="21" WC="0.96" CONTENT="hvilka"/><SP WIDTH="16" VPOS="1295" HPOS="753"/>
							<String ID="string_364" HPOS="769" VPOS="1295" WIDTH="81" HEIGHT="21" WC="0.96" CONTENT="anförts"/><SP WIDTH="16" VPOS="1295" HPOS="850"/>
							<String ID="string_365" HPOS="866" VPOS="1295" WIDTH="30" HEIGHT="20" WC="0.96" CONTENT="uti"/>
						</TextLine>
						<TextLine ID="line_38" HPOS="71" VPOS="1323" WIDTH="826" HEIGHT="29">
							<String ID="string_366" HPOS="71" VPOS="1323" WIDTH="125" HEIGHT="22" WC="0.96" CONTENT="Utskottets"/><SP WIDTH="22" VPOS="1323" HPOS="196"/>
							<String ID="string_367" HPOS="218" VPOS="1324" WIDTH="141" HEIGHT="27" WC="0.96" CONTENT="betänkande,"/><SP WIDTH="16" VPOS="1324" HPOS="359"/>
							<String ID="string_368" HPOS="375" VPOS="1324" WIDTH="40" HEIGHT="21" WC="0.96" CONTENT="och"/><SP WIDTH="15" VPOS="1324" HPOS="415"/>
							<String ID="string_369" HPOS="430" VPOS="1324" WIDTH="104" HEIGHT="21" WC="0.96" CONTENT="särskildt"/><SP WIDTH="15" VPOS="1324" HPOS="534"/>
							<String ID="string_370" HPOS="549" VPOS="1324" WIDTH="48" HEIGHT="21" WC="0.96" CONTENT="med"/><SP WIDTH="15" VPOS="1324" HPOS="597"/>
							<String ID="string_371" HPOS="612" VPOS="1324" WIDTH="125" HEIGHT="28" WC="0.96" CONTENT="anslutning"/><SP WIDTH="13" VPOS="1324" HPOS="737"/>
							<String ID="string_372" HPOS="750" VPOS="1324" WIDTH="33" HEIGHT="20" WC="0.96" CONTENT="till"/><SP WIDTH="15" VPOS="1324" HPOS="783"/>
							<String ID="string_373" HPOS="798" VPOS="1323" WIDTH="36" HEIGHT="21" WC="0.93" CONTENT="det"/><SP WIDTH="15" VPOS="1323" HPOS="834"/>
							<String ID="string_374" HPOS="849" VPOS="1323" WIDTH="48" HEIGHT="21" WC="0.93" CONTENT="sak-"/>
						</TextLine>
						<TextLine ID="line_39" HPOS="70" VPOS="1352" WIDTH="828" HEIGHT="29">
							<String ID="string_375" HPOS="70" VPOS="1352" WIDTH="47" HEIGHT="21" WC="0.95" CONTENT="rika"/><SP WIDTH="21" VPOS="1352" HPOS="117"/>
							<String ID="string_376" HPOS="138" VPOS="1352" WIDTH="40" HEIGHT="22" WC="0.93" CONTENT="och"/><SP WIDTH="21" VPOS="1352" HPOS="178"/>
							<String ID="string_377" HPOS="199" VPOS="1352" WIDTH="156" HEIGHT="29" WC="0.92" CONTENT="öfvertygande"/><SP WIDTH="20" VPOS="1352" HPOS="355"/>
							<String ID="string_378" HPOS="375" VPOS="1352" WIDTH="144" HEIGHT="28" WC="0.92" CONTENT="andragande,"/><SP WIDTH="19" VPOS="1352" HPOS="519"/>
							<String ID="string_379" HPOS="538" VPOS="1352" WIDTH="58" HEIGHT="22" WC="0.84" CONTENT="Frih."/><SP WIDTH="15" VPOS="1352" HPOS="596"/>
							<String ID="string_380" HPOS="611" VPOS="1352" WIDTH="81" HEIGHT="22" WC="0.95" CONTENT="Wrede"/><SP WIDTH="15" VPOS="1352" HPOS="692"/>
							<String ID="string_381" HPOS="707" VPOS="1353" WIDTH="7" HEIGHT="20" WC="0.96" CONTENT="i"/><SP WIDTH="15" VPOS="1353" HPOS="714"/>
							<String ID="string_382" HPOS="729" VPOS="1352" WIDTH="60" HEIGHT="22" WC="0.92" CONTENT="afton"/><SP WIDTH="16" VPOS="1352" HPOS="789"/>
							<String ID="string_383" HPOS="805" VPOS="1352" WIDTH="93" HEIGHT="28" WC="0.92" CONTENT="afgifvit,"/>
						</TextLine>
						<TextLine ID="line_40" HPOS="71" VPOS="1380" WIDTH="757" HEIGHT="29">
							<String ID="string_384" HPOS="71" VPOS="1380" WIDTH="102" HEIGHT="22" WC="0.96" CONTENT="omfattar"/><SP WIDTH="15" VPOS="1380" HPOS="173"/>
							<String ID="string_385" HPOS="188" VPOS="1381" WIDTH="37" HEIGHT="21" WC="0.96" CONTENT="det"/><SP WIDTH="15" VPOS="1381" HPOS="225"/>
							<String ID="string_386" HPOS="240" VPOS="1381" WIDTH="87" HEIGHT="28" WC="0.93" CONTENT="förslag,"/><SP WIDTH="15" VPOS="1381" HPOS="327"/>
							<String ID="string_387" HPOS="342" VPOS="1381" WIDTH="61" HEIGHT="22" WC="0.91" CONTENT="hvari"/><SP WIDTH="15" VPOS="1381" HPOS="403"/>
							<String ID="string_388" HPOS="418" VPOS="1380" WIDTH="126" HEIGHT="22" WC="0.96" CONTENT="Utskottets"/><SP WIDTH="16" VPOS="1380" HPOS="544"/>
							<String ID="string_389" HPOS="560" VPOS="1380" WIDTH="136" HEIGHT="22" WC="0.96" CONTENT="betänkande"/><SP WIDTH="15" VPOS="1380" HPOS="696"/>
							<String ID="string_390" HPOS="711" VPOS="1383" WIDTH="117" HEIGHT="26" WC="0.96" CONTENT="utmynnar."/>
						</TextLine>
					</TextBlock>
				</ComposedBlock>
				<ComposedBlock ID="cblock_5" HPOS="70" VPOS="1436" WIDTH="828" HEIGHT="116">
					<TextBlock ID="block_4" HPOS="70" VPOS="1436" WIDTH="828" HEIGHT="116">
						<TextLine ID="line_41" HPOS="139" VPOS="1436" WIDTH="759" HEIGHT="27">
							<String ID="string_391" HPOS="139" VPOS="1438" WIDTH="157" HEIGHT="22" WC="0.93" CONTENT="Diskussionen"/><SP WIDTH="25" VPOS="1438" HPOS="296"/>
							<String ID="string_392" HPOS="321" VPOS="1438" WIDTH="117" HEIGHT="22" WC="0.91" CONTENT="afslutades"/><SP WIDTH="23" VPOS="1438" HPOS="438"/>
							<String ID="string_393" HPOS="461" VPOS="1438" WIDTH="89" HEIGHT="22" WC="0.96" CONTENT="härmed"/><SP WIDTH="23" VPOS="1438" HPOS="550"/>
							<String ID="string_394" HPOS="573" VPOS="1438" WIDTH="47" HEIGHT="25" WC="0.96" CONTENT="och,"/><SP WIDTH="24" VPOS="1438" HPOS="620"/>
							<String ID="string_395" HPOS="644" VPOS="1439" WIDTH="51" HEIGHT="20" WC="0.96" CONTENT="enär"/><SP WIDTH="20" VPOS="1439" HPOS="695"/>
							<String ID="string_396" HPOS="715" VPOS="1437" WIDTH="28" HEIGHT="21" WC="0.96" CONTENT="de"/><SP WIDTH="20" VPOS="1437" HPOS="743"/>
							<String ID="string_397" HPOS="763" VPOS="1437" WIDTH="67" HEIGHT="22" WC="0.91" CONTENT="under"/><SP WIDTH="15" VPOS="1437" HPOS="830"/>
							<String ID="string_398" HPOS="845" VPOS="1436" WIDTH="53" HEIGHT="22" WC="0.91" CONTENT="den-"/>
						</TextLine>
						<TextLine ID="line_42" HPOS="70" VPOS="1466" WIDTH="828" HEIGHT="29">
							<String ID="string_399" HPOS="70" VPOS="1474" WIDTH="81" HEIGHT="14" WC="0.96" CONTENT="samma"/><SP WIDTH="14" VPOS="1474" HPOS="151"/>
							<String ID="string_400" HPOS="165" VPOS="1466" WIDTH="76" HEIGHT="28" WC="0.96" CONTENT="gjorda"/><SP WIDTH="14" VPOS="1466" HPOS="241"/>
							<String ID="string_401" HPOS="255" VPOS="1466" WIDTH="124" HEIGHT="29" WC="0.96" CONTENT="yrkandena"/><SP WIDTH="16" VPOS="1466" HPOS="379"/>
							<String ID="string_402" HPOS="395" VPOS="1470" WIDTH="73" HEIGHT="25" WC="0.96" CONTENT="syntes"/><SP WIDTH="14" VPOS="1470" HPOS="468"/>
							<String ID="string_403" HPOS="482" VPOS="1467" WIDTH="37" HEIGHT="21" WC="0.93" CONTENT="Hr"/><SP WIDTH="15" VPOS="1467" HPOS="519"/>
							<String ID="string_404" HPOS="534" VPOS="1466" WIDTH="208" HEIGHT="22" WC="0.92" CONTENT="Landtmarskalken"/><SP WIDTH="15" VPOS="1466" HPOS="742"/>
							<String ID="string_405" HPOS="757" VPOS="1466" WIDTH="28" HEIGHT="28" WC="0.96" CONTENT="gå"/><SP WIDTH="14" VPOS="1466" HPOS="785"/>
							<String ID="string_406" HPOS="799" VPOS="1467" WIDTH="7" HEIGHT="20" WC="0.96" CONTENT="i"/><SP WIDTH="12" VPOS="1467" HPOS="806"/>
							<String ID="string_407" HPOS="818" VPOS="1467" WIDTH="80" HEIGHT="20" WC="0.95" CONTENT="tvänne"/>
						</TextLine>
						<TextLine ID="line_43" HPOS="70" VPOS="1475" WIDTH="828" HEIGHT="48">
							<String ID="string_408" HPOS="70" VPOS="1475" WIDTH="168" HEIGHT="48" WC="0.38" CONTENT="hifvädsakliga"/><SP WIDTH="22" VPOS="1475" HPOS="238"/>
							<String ID="string_409" HPOS="260" VPOS="1496" WIDTH="121" HEIGHT="27" WC="0.96" CONTENT="riktningar"/><SP WIDTH="22" VPOS="1496" HPOS="381"/>
							<String ID="string_410" HPOS="403" VPOS="1496" WIDTH="109" HEIGHT="27" WC="0.93" CONTENT="nämligen"/><SP WIDTH="22" VPOS="1496" HPOS="512"/>
							<String ID="string_411" HPOS="534" VPOS="1495" WIDTH="13" HEIGHT="21" WC="0.93" CONTENT="å"/><SP WIDTH="19" VPOS="1495" HPOS="547"/>
							<String ID="string_412" HPOS="566" VPOS="1503" WIDTH="41" HEIGHT="13" WC="0.96" CONTENT="ena"/><SP WIDTH="21" VPOS="1503" HPOS="607"/>
							<String ID="string_413" HPOS="628" VPOS="1494" WIDTH="62" HEIGHT="22" WC="0.93" CONTENT="sidan"/><SP WIDTH="22" VPOS="1494" HPOS="690"/>
							<String ID="string_414" HPOS="712" VPOS="1494" WIDTH="85" HEIGHT="27" WC="0.92" CONTENT="derhän,"/><SP WIDTH="23" VPOS="1494" HPOS="797"/>
							<String ID="string_415" HPOS="820" VPOS="1497" WIDTH="31" HEIGHT="19" WC="0.95" CONTENT="att"/><SP WIDTH="14" VPOS="1497" HPOS="851"/>
							<String ID="string_416" HPOS="865" VPOS="1494" WIDTH="33" HEIGHT="20" WC="0.95" CONTENT="till"/>
						</TextLine>
						<TextLine ID="line_44" HPOS="70" VPOS="1522" WIDTH="828" HEIGHT="30">
							<String ID="string_417" HPOS="70" VPOS="1523" WIDTH="69" HEIGHT="29" WC="0.96" CONTENT="grund"/><SP WIDTH="18" VPOS="1523" HPOS="139"/>
							<String ID="string_418" HPOS="157" VPOS="1524" WIDTH="34" HEIGHT="21" WC="0.92" CONTENT="för"/><SP WIDTH="20" VPOS="1524" HPOS="191"/>
							<String ID="string_419" HPOS="211" VPOS="1524" WIDTH="225" HEIGHT="28" WC="0.91" CONTENT="detaljgranskningen"/><SP WIDTH="13" VPOS="1524" HPOS="436"/>
							<String ID="string_420" HPOS="449" VPOS="1524" WIDTH="71" HEIGHT="22" WC="0.96" CONTENT="skulle"/><SP WIDTH="15" VPOS="1524" HPOS="520"/>
							<String ID="string_421" HPOS="535" VPOS="1524" WIDTH="73" HEIGHT="28" WC="0.96" CONTENT="läggas"/><SP WIDTH="19" VPOS="1524" HPOS="608"/>
							<String ID="string_422" HPOS="627" VPOS="1523" WIDTH="121" HEIGHT="22" WC="0.96" CONTENT="Utskottets"/><SP WIDTH="15" VPOS="1523" HPOS="748"/>
							<String ID="string_423" HPOS="763" VPOS="1522" WIDTH="135" HEIGHT="23" WC="0.96" CONTENT="betänkande"/>
						</TextLine>
					</TextBlock>
				</ComposedBlock>
			</PrintSpace>
		</Page>
	</Layout>
</alto>
