1117 1781
305 192 276 21 Kommunalförvaltningen
593 191 28 22 på
633 192 76 17 landet.
855 186 40 21 969

98 261 69 30 gande
183 262 6 19 i
206 261 75 28 antydt
299 261 56 28 syfte
370 267 77 21 genom
463 260 94 28 följande
573 260 91 27 ändring
680 260 22 21 af
718 261 45 26 $:ns
780 260 143 27 ordalydelse:

101 289 123 22 »enahanda
243 289 122 28 skyldighet
380 289 81 28 åligger
476 289 65 21 äfven
558 289 62 28 bolag
634 289 35 20 för
684 288 41 22 den
742 289 93 21 inkomst
851 289 26 20 de
893 289 32 20 åt-

99 321 59 26 njuta
177 319 23 20 af
220 318 109 28 fastighet,
351 319 81 26 näring,
447 317 51 22 eller
514 325 68 14 annan
598 317 89 28 tillgång
703 318 56 21 inom
776 317 148 22 kommunen».

167 394 34 21 Då
217 393 150 22 diskussionen
383 393 87 22 härmed
486 393 115 26 afstannat,
616 393 125 22 framstälde
753 393 34 21 Hr
797 393 128 21 Landtmar-

98 423 95 24 skalken,
209 424 50 19 enär
275 422 159 21 fastställandet
448 422 23 21 af
486 423 68 27 lägsta
565 422 196 28 inkomstbeloppet
771 422 34 21 för
816 425 31 18 ett
857 422 68 21 skatt-

97 453 37 20 öre
156 451 40 22 och
220 451 22 21 af
263 451 203 21 existensminimum
488 451 72 21 kunde
579 451 89 21 inverka
684 451 27 28 på
727 451 93 21 beslutet
833 450 91 22 rörande

98 481 45 26 &:ns
160 481 11 20 1
189 487 68 19 mom.,
271 480 55 21 först
340 479 32 22 till
388 479 133 22 besvarande
538 479 131 22 beträffande
685 480 52 21 sista
753 487 61 14 mom.
830 479 94 28 följande

348 582 322 29 Omröstningspropositioner:

167 653 38 20 1:o.
235 651 55 26 Den,
313 659 45 13 som
381 651 37 21 vill
441 651 32 21 till
496 651 210 28 kontraproposition
725 654 57 18 emot
800 651 124 22 Utskottets

96 680 79 28 förslag
191 681 7 20 i
213 681 52 20 sista
285 687 61 14 mom.
367 679 23 21 af
409 681 11 26 $
438 681 26 20 78
480 683 77 24 antaga
573 680 34 21 Hr
622 680 24 21 L.
662 680 120 21 Mechelins
798 680 81 27 förslag
895 682 30 19 att

99 709 38 21 det
161 709 179 28 inkomstbelopp,
365 715 46 14 som
433 708 54 21 skall
510 711 108 18 motsvara
642 710 30 19 ett
694 709 101 26 skattöre,
818 709 18 28 ej
859 708 66 21 borde

99 737 124 28 understiga
239 738 41 21 200
296 737 66 26 mark,
377 738 69 20 röstar
460 737 30 28 ja;

167 807 75 20 vinner
265 806 40 28 nej,
329 808 87 25 antages
439 806 32 21 till
494 806 211 28 kontraproposition
728 805 105 28 yrkandet
856 807 6 20 i
884 805 41 22 den

98 834 69 29 fjerde
182 835 158 21 reservationen
357 841 34 14 om
407 834 99 21 ärendets
522 835 121 20 äterremiss
659 834 34 21 för
704 835 157 28 omredigering
871 835 7 20 i
889 834 37 21 det

99 864 8 20 i
122 864 158 21 reservationen
296 863 90 21 anförda
402 863 62 28 syfte.

169 931 47 22 Vid
231 931 72 22 härom
319 931 109 22 verkstäld
444 933 100 26 votering
559 931 101 28 afgäfvos
677 933 26 20 16
718 933 21 27 ja
754 932 40 21 och
811 933 25 20 31
853 933 40 27 nej.

168 1007 39 20 2:0.
237 1005 55 26 Den,
315 1013 45 14 som
383 1005 126 28 godkänner
531 1005 124 22 Utskottets
679 1005 81 29 förslag
775 1007 7 20 i
798 1006 70 21 denna
887 1005 40 23 del,

101 1035 68 20 röstar
183 1035 32 27 ja;

171 1103 76 20 vinner
267 1103 40 27 nej,
328 1102 165 21 äterremitteras
515 1103 35 27 $:n
565 1103 32 20 till
614 1102 113 22 Utskottet
741 1102 34 21 för
791 1105 31 18 att
837 1102 92 21 omredi-

101 1137 62 21 geras
186 1131 6 20 i
215 1131 221 21 öfverensstämmelse
452 1131 49 21 med
521 1131 27 21 de
568 1132 113 27 principer,
697 1139 46 13 som
759 1133 36 20 äro
811 1131 95 21 uttalade
921 1133 7 19 i

103 1159 41 21 den
160 1159 68 28 fjerde
243 1160 165 21 reservationen.

172 1233 164 28 Propositionen
359 1233 129 22 besvarades
511 1233 48 22 med
583 1233 159 29 öfvervägande
763 1235 40 27 nej,
819 1234 40 22 och
874 1234 55 22 hade

103 1261 83 22 således
208 1262 26 21 R.
257 1270 18 13 o.
297 1263 27 20 A.
347 1262 87 22 beslutit
456 1265 32 19 att
510 1262 154 22 återremittera
687 1264 12 26 &
722 1264 25 20 78
766 1263 33 21 till
817 1263 113 22 Utskottet

104 1291 7 20 i
127 1290 136 28 sistangifvet
279 1291 62 28 syfte.

172 1359 35 21 Hr
226 1359 25 21 T.
266 1359 135 22 Aminoff
416 1360 95 21 önskade
526 1360 66 21 hafva
606 1360 33 21 till
654 1360 130 28 protokollet
799 1360 131 22 anteeknadt

103 1390 33 18 att
149 1387 42 21 han
207 1388 48 21 icke
270 1388 126 22 medverkat
410 1388 32 21 till
458 1388 60 22 detta
533 1388 76 22 beslut.

172 1462 138 22 Beträffande
325 1462 38 22 det
381 1462 22 21 af
418 1462 34 22 Hr
467 1462 34 22 W.
517 1462 121 22 Schauman
654 1464 6 20 i
676 1463 61 28 fräga
753 1471 33 13 om
803 1465 11 19 2
831 1471 62 14 mom.
908 1464 23 21 af

104 1490 165 28 ifrågavarande
292 1492 12 26 $
325 1490 75 29 gjorda
420 1491 81 28 förslag
521 1494 31 18 att
574 1492 54 20 efter
647 1491 62 21 ordet
725 1492 119 22 »inkomst»
862 1492 68 21 skulle

101 1518 100 28 tilläggas
225 1519 65 21 orden
315 1520 64 20 eller
401 1527 69 14 annan
494 1520 127 21 ekonomisk
641 1520 82 22 fördel»
749 1520 125 22 framstälde
898 1520 33 22 Hr

103 1546 208 23 Landtmarskalken
327 1548 32 20 till
375 1547 101 23 Ständets
493 1548 132 22 besvarande
640 1548 95 29 följande
