1117 1781
261 138 280 22 Kommunalförvaltningen
552 138 28 22 på
592 139 78 17 landet.
826 134 41 21 895

136 207 34 21 Hr
189 207 25 21 L.
228 207 154 22 Mechelin:
412 207 44 22 Det
471 207 39 22 har
524 208 55 21 visst
594 208 33 21 sin
643 207 115 22 historiska
773 208 75 28 grund,
865 211 34 18 att

68 236 38 21 det
126 235 135 22 kommunala
277 235 98 22 omrädet
389 237 24 20 är
428 235 68 29 hygdt
511 235 28 29 pä
553 236 160 28 församlingen.
743 236 100 22 Socknen
858 244 41 13 var

69 265 37 21 det
121 263 55 22 enda
191 264 137 21 kommunala
343 264 117 29 begreppet
475 264 97 29 tidigare,
584 272 50 14 men
644 272 94 19 numera,
748 265 29 21 dä
786 265 112 28 religions-

68 293 99 26 friheten,
190 300 34 14 om
247 292 66 22 ocksä
336 293 77 21 endast
434 293 77 26 delvis,
533 293 73 22 blifvit
625 294 8 20 i
655 293 73 22 landet
741 293 100 28 gällande
857 293 42 22 och

69 321 255 28 dissenterförsamlingar
347 321 28 29 pä
397 321 108 28 ätskilliga
527 324 57 19 orter
605 321 104 29 uppstätt,
729 322 25 21 sä
769 324 23 19 är
807 323 92 21 försam-

70 350 72 28 lingen
156 350 48 21 icke
219 357 58 14 mera
292 349 37 22 det
344 350 99 21 absoluta
458 350 41 21 och
515 351 111 21 exclusiva
640 358 47 14 som
702 350 50 21 förr.
779 351 44 22 Det
833 358 66 21 synes

70 378 72 21 derför
157 378 48 21 icke
221 386 50 13 vara
286 378 51 21 fullt
351 379 107 28 sakenligt
474 381 31 19 att
515 379 39 21 här
565 386 108 22 upprepas
685 378 70 22 denna
763 379 137 28 bestämning

70 410 32 18 att
116 407 73 28 hvarje
203 407 126 28 församling
344 407 54 22 skall
414 415 50 14 vara
480 415 26 14 en
522 407 108 22 kommun.
654 407 43 22 Det
712 415 63 21 synes
791 409 49 27 mig,
850 415 47 14 som

70 443 35 14 om
120 436 7 21 i
141 435 76 28 sjunde
232 436 160 21 reservationen
407 436 67 28 riktig
489 436 83 29 hänsyn
587 437 66 27 tagits
669 436 32 21 till
716 437 125 21 nuvarande
853 436 47 21 för-

70 464 120 26 hällanden,
205 463 28 22 dä
247 464 39 21 der
301 465 77 20 endast
392 464 54 22 talas
461 472 34 14 om
506 465 218 21 landskommunerna
735 465 69 21 säsom
813 465 87 21 sädana.

71 492 42 29 Jag
135 493 69 21 skulle
227 493 72 21 derför
319 493 67 22 ocksä
405 493 26 22 be
452 496 32 18 att
499 493 24 22 fä
538 493 88 22 förorda
641 493 76 28 sjunde
731 494 169 26 reservationen,

72 521 24 21 sä
111 521 46 22 vidt
172 521 65 28 angår
253 523 12 26 $
282 523 18 20 1.

140 579 34 21 Hr
195 578 220 22 Nordenskiöld
437 579 71 22 anslöt
527 580 33 27 sig
579 579 33 21 till
630 578 37 22 det
682 578 22 22 af
719 579 44 21 Hrr
778 579 121 22 Schauman

73 607 41 22 och
128 607 108 22 Mechelin
251 607 75 29 gjorda
341 607 109 29 förslaget.

141 664 34 21 Hr
189 664 25 22 T.
229 664 138 22 Aminoff:
384 664 71 22 Sedan
464 668 174 18 reservanternes
644 664 81 29 förslag
731 672 87 14 numera
826 664 76 22 blifvit

73 692 132 27 understödt,
219 693 95 22 anhåller
328 694 35 27 jag
378 696 32 18 att
424 693 23 22 få
462 693 76 22 anföra
553 693 105 28 följande:

140 721 43 22 För
197 725 168 23 reservanterne,
385 722 77 21 liksom
484 721 67 22 ocksä
572 722 34 21 för
621 722 77 28 mänga
713 721 72 27 andra,
800 723 23 20 är
838 721 63 22 ordet

75 750 148 28 »församling>
245 751 7 20 i
267 750 279 22 kommunalförfattningen
562 750 118 29 förhatligt.
705 750 34 21 De
753 750 66 22 hafva
827 750 74 21 derför

74 779 48 21 sökt
144 780 118 20 utmönstra
284 779 123 26 detsamma,
432 782 56 19 samt
505 754 84 57 frigöra
610 779 42 21 den
669 779 119 28 borgerliga
804 779 97 21 kommu-

74 814 42 14 nen
130 807 47 21 från
193 807 73 28 hvarje
280 808 131 28 gemenskap
423 807 48 22 med
482 807 42 22 den
535 808 98 28 kyrkliga
643 807 158 28 församlingen.
822 807 78 22 Redan

74 837 6 20 i
96 837 12 26 &
125 837 11 20 1
152 835 127 22 framträder
293 836 106 22 försöket:
415 844 49 13 man
480 837 54 21 låter
549 837 141 20 kommunens
706 836 86 21 område
805 835 62 22 bestå
876 835 26 22 af

74 864 42 21 den
131 865 56 20 areal
203 864 41 21 den
259 865 91 21 faktiskt
365 865 90 22 innehar
470 865 34 21 för
519 865 140 26 närvarande,
675 865 87 21 alldeles
778 863 123 23 oberoende

74 893 23 21 af
112 893 41 21 den
168 893 98 28 kyrkliga
280 894 164 27 församlingens
460 893 94 22 område.
584 893 67 22 Detta
666 893 95 28 framgår
775 895 57 19 ännu
847 892 52 29 tyd-

74 922 66 27 ligare
162 922 23 21 af
208 923 12 20 3
240 929 62 14 mom.
317 923 7 20 i
339 923 13 20 2
368 923 17 27 8,
401 923 67 28 enligt
482 922 84 22 hvilket
580 922 165 21 landskommun
760 922 42 21 kan
817 921 60 22 delas
892 922 8 20 i

74 949 38 22 två
134 950 51 21 eller
205 953 32 19 tre
255 951 130 26 kommuner,
404 953 52 19 utan
474 953 38 24 att,
527 951 71 21 såsom
613 951 7 21 i
636 951 42 21 den
694 950 47 21 nåd.
757 958 59 21 prop.
831 950 70 21 förut-

75 980 71 25 sättes,
169 979 57 21 bilda
246 979 44 22 lika
307 979 77 28 många
399 979 99 28 kyrkliga
512 979 156 29 församlingar.
698 979 80 21 Medan
809 986 27 14 den
851 978 50 21 nåd.

74 1015 60 20 prop.
155 1007 84 22 fordrar
259 1011 32 18 att
310 1011 31 18 ett
361 1008 92 26 område,
468 1009 36 20 för
518 1011 32 18 att
564 1008 70 21 blifva
650 1015 54 20 egen
719 1007 107 26 kommun,
841 1007 59 21 förut

75 1036 66 21 måste
164 1036 58 21 bilda
244 1044 53 20 egen
319 1037 69 28 kyrklig
426 1037 132 28 församling,
580 1037 51 20 vilja
653 1039 161 18 reservanterne
833 1035 70 22 tillåta

76 1064 58 22 detta
149 1067 50 18 utan
215 1065 66 21 sådan
297 1067 83 26 omväg.
390 1044 80 49 enligt
485 1065 62 22 deras
562 1065 83 28 förslag
657 1065 42 21 kan
707 1067 14 18 t.
730 1072 31 14 ex.
772 1065 130 20 kommunen

74 1100 16 14 a
115 1093 70 22 direkt
205 1093 58 22 delas
285 1095 6 20 i
310 1094 37 21 två
368 1094 125 21 kommuner
514 1101 14 14 a
543 1094 41 21 och
603 1094 19 26 b,
636 1093 119 28 utgörande
769 1093 90 28 tillhopa
875 1099 28 14 en

76 1121 83 29 kyrklig
169 1122 135 29 församling;
315 1123 120 21 sedermera
444 1123 42 21 kan
496 1123 42 21 den
547 1130 41 21 nya
596 1123 131 20 kommunen
736 1122 12 21 b
756 1123 7 20 i
769 1121 135 22 kommunalt

76 1150 101 22 afseende
199 1151 76 21 förena
297 1152 32 27 sig
350 1151 46 21 med
420 1159 26 13 en
468 1151 69 28 tredje
556 1151 102 22 kommun
678 1158 21 21 y.
728 1150 46 21 Här
795 1149 69 22 skulle
879 1149 22 21 vi

77 1179 82 21 således
175 1179 85 22 komma
275 1180 32 21 till
322 1179 41 22 den
380 1180 165 27 oformligheten
561 1182 32 19 att
608 1187 27 14 en
650 1179 36 21 del
697 1179 22 21 af
729 1179 128 21 kommunen
865 1177 36 28 yb,

77 1207 105 28 nämligen
203 1207 41 22 den
259 1208 58 21 förra
332 1208 127 21 kommunen
476 1209 12 20 b
504 1209 7 20 i
527 1208 95 29 kyrkligt
637 1207 102 22 afseende
754 1207 64 28 lydde
834 1206 70 21 under

77 1236 128 22 kommunen
222 1244 21 19 x,
257 1237 49 21 från
321 1237 87 22 hvilken
424 1237 41 21 den
482 1238 6 20 i
504 1237 60 21 tiden
579 1237 86 21 afskilts
685 1237 8 21 i
707 1235 132 22 kommunalt
850 1234 54 22 hän-

78 1264 84 28 seende,
176 1272 49 14 men
238 1266 5 20 i
260 1266 190 21 kommunalmåtto
465 1266 33 21 till
514 1266 130 21 kommunen
659 1273 27 20 y;
700 1264 73 22 vidare
784 1263 71 22 kunde
866 1263 39 21 det

77 1293 70 22 hända
169 1296 32 19 att
220 1294 41 21 den
281 1294 90 28 tillydde
392 1297 30 19 ett
443 1297 67 19 annat
524 1294 196 22 länsmansdistrikt
735 1295 26 19 än
776 1293 42 21 den
834 1292 70 28 öfriga

78 1322 60 22 delen
155 1322 22 21 af
192 1323 128 21 kommunen
335 1324 28 27 yb
379 1330 18 14 o.
413 1331 15 13 s.
444 1331 19 13 v.

146 1351 71 21 Häraf
231 1352 68 21 skulle
314 1352 7 20 i
337 1352 121 26 framtiden,
474 1352 28 20 dä
517 1352 73 28 dylika
605 1350 144 28 anordningar
764 1350 27 29 pä
801 1349 69 29 grund
881 1348 24 22 af

78 1386 27 14 en
127 1380 35 28 lag
184 1388 45 13 som
252 1380 67 21 tilläte
341 1380 72 28 dylika
431 1380 130 28 klyfningar,
582 1380 70 21 oftare
668 1380 84 20 komme
767 1381 31 19 att
813 1377 92 28 inträffa,

78 1410 50 19 utan
143 1409 95 27 ringaste
253 1409 77 22 tvifvel
346 1409 78 28 uppstä
440 1416 25 14 en
480 1409 98 28 gränslös
595 1408 118 22 villervalla
728 1408 7 20 i
750 1407 83 21 landets
843 1407 61 20 terri-

78 1437 83 21 toriella
178 1437 116 29 indelning.
320 1437 44 21 För
383 1440 31 18 att
432 1438 62 28 gifva
510 1437 48 21 stöd
573 1437 23 21 ät
610 1436 60 22 detta
685 1436 122 29 pästäende,
823 1436 37 20 ber
869 1435 36 27 jag

78 1464 24 21 få
122 1466 75 21 anföra
219 1469 30 18 ett
270 1466 40 22 och
325 1469 66 18 annat
406 1474 24 13 ur
446 1469 30 18 ett
492 1466 24 21 år
532 1467 54 20 1882
602 1466 7 20 i
625 1465 89 28 Sverige
729 1464 72 29 tryckt
815 1464 90 21 komite-

79 1493 136 23 betänkande
231 1494 110 29 angäende
356 1495 108 27 reglering
479 1495 23 21 af
518 1494 237 28 oregelbundenheter
745 1487 14 40 i
766 1492 67 28 sagda
843 1491 62 21 lands

79 1521 176 29 administrativa,
269 1523 114 29 judiciella,
392 1523 162 21 ecklesiastiska
567 1523 41 21 och
618 1522 135 22 kommunala
765 1521 141 27 indelningar.
