1117 1781
235 129 41 21 706
473 134 25 17 R.
511 138 17 12 o.
541 134 22 16 A.
577 134 56 17 1897.
658 134 28 16 30
698 134 63 21 April.

207 205 30 19 ett
252 203 97 26 resultat,
364 210 45 13 som
425 203 111 27 verkligen
552 209 51 14 vore
619 202 121 28 lyckosamt
755 202 34 21 för
804 201 79 26 landet,
897 201 82 22 tarfvas
992 209 46 13 mer

206 235 27 18 än
255 231 59 22 hvad
329 231 105 22 härintills
449 232 74 27 gjorts.
552 231 79 21 Dertill
646 231 85 21 fordras
747 233 32 18 att
793 231 155 28 premieringen
964 230 73 21 ställes

207 261 23 20 in
245 261 7 20 i
267 261 58 20 rätta
339 261 82 26 gängor
436 267 26 14 och
493 259 71 22 dertill
578 259 86 21 fordras
680 259 72 26 ocksä,
768 261 31 19 att
815 259 6 20 i
837 261 87 26 spetsen
939 258 36 21 för
988 265 50 22 pre-

206 289 211 27 mieringsnämnden
433 289 73 20 ställas
521 295 108 22 personer,
644 288 75 21 hvilka
733 287 67 22 hafva
815 287 56 21 klart
886 287 34 21 för
935 288 37 27 sig,
982 287 54 21 huru

206 317 27 20 de
256 317 61 21 skola
335 317 82 21 förfara
432 317 40 21 och
488 317 60 27 begä.
577 317 44 20 För
636 319 32 18 att
683 316 72 21 kunna
771 315 147 22 ästadkomma
933 315 64 28 detta,
1013 315 25 21 sä

207 345 108 22 erfordras
337 345 75 26 medel,
433 345 41 22 och
492 346 35 27 jag
541 348 45 18 tror
600 345 50 21 icke
666 348 31 18 att
712 345 77 26 80,000
804 345 60 20 mark
880 344 70 21 härtill
965 346 23 19 är
1003 344 35 21 för

207 374 87 28 mycket
309 374 69 21 under
393 374 26 21 de
435 375 106 20 närmaste
556 374 58 21 ären.
644 373 42 28 Jag
700 376 45 19 tror
760 375 93 20 tvärtom
868 375 31 18 att
914 373 37 20 det
965 375 23 18 är
1002 373 36 20 för

208 403 53 20 litet.
291 403 12 20 I
325 402 48 22 vårt
387 402 118 28 grannland
522 402 89 28 Sverige
627 403 111 27 uppgingo
760 401 144 22 kostnaderna
927 401 34 21 för
976 401 61 21 krea-

206 432 177 27 turspremiering
407 431 24 21 är
456 432 55 20 1895
536 431 33 20 till
595 431 91 25 163,000
711 431 85 26 kronor,
821 430 20 21 d.
864 438 19 13 v.
906 437 16 14 s.
947 429 91 28 ungefär

207 461 92 24 230,000
315 460 65 21 mark.
410 460 42 21 Om
469 459 65 22 veksä
549 459 51 22 våra
616 459 149 21 förhållanden
781 461 37 19 äro
833 458 66 28 något
914 458 88 27 mindre,
1013 458 25 21 sä

207 488 67 21 borde
289 489 36 21 väl
341 488 64 21 äfven
420 489 39 20 hos
476 495 35 14 oss
527 488 62 21 dessa
605 487 118 22 kostnader
737 488 35 21 för
787 488 134 27 premiering,
935 493 34 14 om
985 486 53 21 den-

208 524 81 14 samma
312 517 59 20 ledes
391 519 47 24 rätt,
458 519 59 19 snart
537 517 85 20 komma
638 519 31 18 att
684 517 57 27 stiga
756 516 29 28 pä
799 515 67 22 andra
881 515 156 21 hundratusen-

207 545 58 21 talet.
295 545 68 22 Hvad
385 545 42 21 den
449 545 129 28 föregäende
594 545 65 21 ärade
674 545 93 21 talarens
782 544 82 28 förslag
879 551 34 14 om
929 546 31 19 att
975 543 63 22 dessa

208 573 36 22 för
259 575 131 27 premiering
405 574 90 21 afsedda
511 573 68 22 medel
595 574 69 21 skulle
680 573 95 21 fördelas
792 573 76 21 endast
883 572 65 21 bland
963 572 76 21 länens

208 602 223 29 landtbrukssällskap
449 602 140 25 vidkommer,
610 603 24 20 sä
650 609 63 14 anser
727 603 37 27 jag
779 601 59 22 detta
853 601 82 28 förslag
949 601 88 21 alldeles

208 631 49 21 icke
278 639 52 13 vara
349 631 119 21 tilltalande
490 631 40 21 och
551 631 47 21 icke
619 631 68 20 heller
703 630 109 28 behöfligt,
827 633 22 25 ty
865 630 25 21 sä
905 632 59 19 snart
978 629 37 21 det
1030 630 7 20 i

208 659 127 22 Utskottets
350 659 80 28 förslag
445 659 44 22 stär
506 659 44 21 «till
565 659 113 21 enahanda
689 659 136 27 fördelning»
838 659 41 20 och
890 659 7 20 i
908 657 130 28 föregäende

208 691 118 18 momentet
348 688 45 21 står
413 689 79 27 «enligt
512 687 120 29 Styrelsens
654 687 169 29 bepröfvande»,
844 687 24 21 sä
889 694 63 21 synes
973 686 66 26 detta,

208 724 51 14 vara
275 717 88 20 alldeles
383 717 130 27 tillräckligt,
528 719 22 26 ty
565 717 35 28 jag
615 719 45 18 tror
676 719 37 24 att,
729 724 35 13 om
780 715 37 22 det
832 715 67 22 också
913 715 67 21 finnes
996 715 42 26 län,

209 745 38 21 der
263 745 77 21 endast
355 753 27 13 en
397 745 218 28 premieringsnämnd
632 745 42 21 kan
690 745 113 25 behöfvas,
818 744 24 21 så
857 744 54 21 skall
924 743 36 22 det
970 743 68 21 finnas

209 773 73 26 andra,
297 773 39 22 der
351 773 162 22 förhållandena
527 774 7 20 i
550 773 57 22 olika
622 773 60 22 delar
697 773 23 22 af
735 773 58 21 länet
804 775 36 18 äro
851 773 24 20 så
885 772 58 21 olika
954 774 31 19 att
995 771 44 27 det,

209 809 45 14 som
270 802 83 28 lämpar
367 803 34 27 sig
415 802 35 21 för
465 803 42 20 den
522 809 40 14 ena
577 802 69 26 delen,
662 802 47 21 icke
725 802 83 28 lämpar
823 802 32 27 sig
870 801 34 20 för
918 801 41 21 den
972 800 66 21 andra

209 831 41 21 och
265 831 8 20 i
288 831 73 21 hvilka
377 831 83 21 således
476 838 26 14 en
517 831 55 21 enda
586 831 80 20 nämnd
682 831 18 27 ej
717 838 52 14 vore
785 830 112 28 tillfyllest.
918 829 41 28 Jag
969 829 69 21 skulle

208 859 74 22 derför
297 859 52 28 vilja
365 861 99 20 motsätta
479 860 43 27 mig
537 859 43 21 den
595 859 23 21 af
633 859 35 21 Hr
683 859 125 21 Grotenfelt
821 858 122 28 föreslagna
955 857 83 28 redige-

208 889 77 26 ringen
307 888 111 28 angående
440 895 74 14 senare
529 890 123 24 momentet,
668 888 40 21 och
723 887 97 22 anhåller
835 889 31 19 att
882 886 91 21 Ståndet
986 886 53 21 ville

208 917 117 27 godkänna
339 919 117 19 momentet
471 917 7 20 i
494 916 41 21 den
550 917 56 20 form
623 916 113 22 Utskottet
751 915 66 29 gifvit
832 915 123 22 detsamma.

278 973 34 21 Hr
334 973 25 21 L.
382 973 154 22 Mechelin:
559 973 216 22 Ekonomiutskottet
796 973 39 20 har
857 973 6 20 i
885 972 58 21 detta
965 972 74 21 betän-

209 1002 72 21 kande
304 1002 33 21 till
360 1009 26 14 en
410 1002 71 28 början
503 1002 79 21 lemnat
597 1009 27 14 en
640 1002 121 21 öfverblick
777 1001 63 22 öfver
854 1001 136 28 jordbrukets
1005 1004 33 17 ut-

208 1031 103 27 veckling
335 1031 7 20 i
357 1030 93 21 Finland
465 1031 47 20 frän
528 1031 41 20 den
584 1030 39 26 tid,
639 1031 28 20 dä
682 1030 112 21 förfädren
811 1030 92 28 begynte
919 1031 31 19 att
965 1029 74 28 svedja

209 1059 41 22 och
270 1059 68 28 kyttä.
370 1059 77 22 Denna
463 1059 156 28 framställning
634 1059 119 21 innehåller
768 1059 127 27 visserligen
910 1057 48 22 icke
973 1057 66 28 något

208 1087 95 22 särdeles
326 1090 49 26 nytt
396 1089 7 20 i
426 1088 44 26 sak,
490 1095 47 14 men
552 1095 49 14 man
617 1088 57 21 läser
688 1087 42 22 den
745 1087 50 22 icke
811 1090 51 17 utan
877 1087 97 25 intresse,
988 1086 51 21 tack

208 1123 51 14 vare
283 1116 41 21 den
349 1116 91 21 bildrika
460 1116 40 21 och
515 1116 74 21 liffulla
605 1117 42 25 stil,
662 1116 102 21 hvarmed
782 1115 49 22 dess
847 1115 68 21 första
930 1115 57 21 sidor
1002 1116 38 20 äro

207 1145 110 21 affattade.

277 1173 74 29 Följer
365 1173 25 22 sä
405 1173 27 29 pä
447 1173 39 22 sid.
501 1175 13 20 4
530 1176 30 19 ett
575 1173 116 22 statistiskt
706 1173 62 22 bevis
785 1173 72 21 derför
872 1175 31 18 att
914 1171 125 30 jordbruket

207 1202 49 21 haft
280 1202 109 29 betydelse
414 1202 34 21 för
473 1202 47 21 vårt
542 1201 56 22 land.
628 1202 42 28 Jag
692 1204 45 19 tror
760 1201 37 21 det
819 1209 52 13 vore
893 1200 101 22 tänkbart
1008 1203 32 18 att

209 1231 72 21 denna
306 1233 44 19 sats
375 1231 65 22 äfven
465 1233 51 19 utan
541 1230 56 22 skild
621 1230 115 28 utredning
759 1230 69 21 skulle
845 1229 108 22 betraktas
969 1229 70 21 säsom

207 1259 83 28 gifven.
320 1260 72 20 Sedan
413 1259 39 21 har
473 1259 37 21 det
534 1260 55 21 varit
612 1260 48 20 litet
679 1262 48 18 otur
742 1258 49 22 med
808 1258 27 22 de
851 1258 76 26 siffror,
942 1265 45 13 som
1002 1265 38 13 an-

208 1288 59 21 föras
290 1288 35 21 för
345 1290 31 19 att
391 1288 136 28 specialisera
542 1288 40 21 och
599 1288 73 28 belysa
688 1296 29 13 nu
733 1286 150 29 föreliggande
898 1286 77 28 frägor.
1004 1286 36 21 Dä

208 1316 42 22 den
267 1319 86 19 senaste
369 1316 63 22 ärade
448 1316 80 22 talaren
543 1316 67 22 redan
626 1316 94 28 päpekat
734 1316 183 28 felaktigheterna
931 1316 7 20 i
954 1314 26 22 de
996 1317 44 19 sta-

207 1345 88 21 tistiska
311 1344 117 29 detaljerna
444 1345 12 21 &
470 1345 74 28 början
559 1345 23 21 af
597 1345 39 21 sid.
653 1346 19 26 5,
687 1345 38 21 vill
739 1346 38 27 jag
791 1345 49 21 icke
853 1343 115 29 uppehälla
980 1342 60 22 tiden

208 1372 50 22 med
280 1373 66 28 nägot
365 1374 74 21 vidare
460 1373 99 29 yttrande
580 1373 74 22 derom
674 1375 26 19 än
717 1376 37 23 att,
771 1372 65 22 bland
851 1375 72 23 annat,
937 1372 28 21 de
979 1371 61 28 bety-

208 1401 73 22 dande
303 1402 83 25 fonder,
409 1410 45 13 som
477 1402 101 28 anslagits
600 1402 33 21 till
648 1402 98 28 utläning
762 1402 35 20 för
812 1400 175 29 odlingsföretag,
1002 1400 38 21 all-

208 1430 60 22 deles
284 1430 48 22 icke
347 1430 73 22 blifvit
435 1431 132 21 omnämnda.

279 1458 140 22 Jemfärelsen
436 1459 47 19 med
500 1458 132 22 främmande
648 1459 75 21 länder
735 1458 42 22 och
789 1458 101 21 särskildt
900 1456 141 29 grannlandet

209 1487 91 29 Sverige
315 1487 38 21 har
369 1490 51 18 utan
435 1488 78 21 tvifvel
528 1490 54 19 stort
597 1488 93 20 intresse
705 1487 41 21 och
762 1488 66 20 äfven
844 1486 71 22 direkt
930 1485 111 29 betydeise

207 1516 36 21 för
265 1516 85 28 frägan,
371 1516 105 22 huruvida
491 1516 250 28 landtbrukssällskapen
757 1516 8 20 i
779 1515 94 21 Finland
889 1515 71 21 kunna
975 1514 66 22 hafva
