1117 1781
239 135 41 21 686
480 142 24 17 R.
517 146 17 12 o.
547 142 22 17 A.
583 142 57 17 1897.
664 142 28 16 30
704 142 63 20 April.

209 208 131 29 landtdagen
359 209 37 22 det
415 209 93 29 medgaf,
530 217 55 21 egna
607 210 63 21 dessa
685 210 49 21 nåd.
750 217 100 21 prop:ner
864 210 176 28 grundlagsenlig

210 238 139 27 behandling,
371 238 99 22 afträdde
485 239 34 21 Hr
534 238 112 27 Senatorn,
662 238 130 29 beledsagad
807 237 72 22 såsom
894 238 37 21 vid
947 238 93 22 inträdet

209 265 24 22 af
247 266 140 21 medlemmar
402 267 22 20 af
440 267 96 21 Ståndet.

425 409 263 23 Riddarhusdirektionens
703 409 122 23 berättelse.

278 466 58 21 Frih.
352 474 53 14 von
420 467 75 21 Born
510 467 100 20 fortsatte
626 467 105 21 derefter:
747 466 42 27 Jag
799 466 56 21 tillät
867 467 43 27 mig
926 469 31 18 att
967 466 70 21 såsom

209 495 98 27 exempel
325 495 28 28 på
366 495 56 22 hvad
439 496 35 27 jag
494 503 49 20 nyss
558 495 86 28 yttrade
659 495 90 21 hänvisa
763 495 33 20 till
811 495 54 20 sidd.
882 497 10 19 7
910 494 41 22 och
966 495 19 25 8,
1000 494 38 21 der

210 523 230 22 Riddarhusutskottet
451 524 47 21 med
510 527 30 18 ett
551 525 54 20 visst
616 524 117 28 eftertryck
744 523 78 22 uttalar
833 524 32 27 sig
878 523 33 21 för
922 531 26 13 en
959 523 79 28 grund-

210 551 31 27 lig
256 553 129 27 reparation,
406 553 108 20 eventuelt
529 555 31 18 ett
575 552 119 29 förnyande
710 553 23 20 af
748 552 63 21 dessa
827 555 57 18 stora
899 552 83 21 fönster
997 552 40 21 och

209 579 66 28 några
297 580 66 21 andra
385 582 6 20 i
411 581 70 21 denna
496 581 106 28 byggnad.
632 581 42 28 Jag
690 581 81 21 känier
786 588 28 13 nu
830 580 48 21 icke
894 581 6 20 i
916 580 56 21 hvad
989 580 48 21 män

210 608 59 21 detta
285 609 94 28 grundar
393 610 33 27 sig
441 609 28 28 på
484 617 26 13 en
522 609 160 28 undersökning
692 611 7 19 i
710 609 72 28 detalj,
793 609 40 21 och
845 616 25 14 en
882 609 66 21 sådan
960 609 77 21 under-

210 637 93 28 sökning
318 639 24 19 är
357 638 34 21 för
405 641 70 18 resten
492 639 85 27 mycket
592 638 56 26 svår,
662 639 64 20 innan
743 645 48 14 man
807 638 72 25 rifver,
895 651 27 2 —
939 645 47 14 men
1001 639 36 27 jag

209 667 24 19 är
248 666 49 21 icke
313 667 38 20 alls
368 667 127 28 öfvertygad
510 674 33 13 om
560 667 189 27 nödvändigheten
765 667 23 20 af
803 674 26 13 en
840 666 100 27 grundlig
951 674 85 20 repara-

209 695 52 25 tion,
285 695 118 21 allraminst
425 703 26 13 en
468 695 104 21 eventuell
589 695 143 28 ombyggnad.
762 695 34 20 En
812 695 54 27 årlig
881 695 51 20 liten
948 698 88 22 remont,

210 730 45 13 som
280 723 71 21 består
369 725 6 19 i
393 724 159 27 undersökning
575 724 41 21 och
637 724 90 21 framför
743 724 37 21 allt
795 724 7 20 i
817 731 111 20 noggrann
944 723 94 28 målning

210 751 40 21 och
275 752 94 27 kittning
391 752 100 21 särskildt
512 752 86 25 utifrån,
620 752 36 21 det
674 754 23 19 är
712 752 57 21 hvad
785 752 36 27 jag
835 755 45 18 tror
895 755 31 18 att
941 752 96 21 fönstren

209 780 63 27 länge
295 780 75 21 behöft
389 781 40 21 och
445 781 24 21 så
483 781 52 27 godt
550 788 46 14 som
612 781 80 28 årligen
709 781 84 21 komma
809 783 32 18 att
856 780 99 21 behöfva.
985 780 51 21 Men

209 809 36 27 jag
267 809 69 21 skulle
358 809 34 21 för
414 811 43 19 min
478 810 34 20 del
535 810 51 27 vilja
609 811 100 20 motsätta
727 811 45 26 mig
788 809 69 21 denna
872 810 126 27 reparation,
1014 811 22 26 ty

210 837 68 28 enligt
298 837 41 22 den
355 838 121 21 erfarenhet
490 839 35 27 jag
540 838 38 21 har
594 845 33 14 om
644 839 152 27 reparationer,
811 838 48 21 icke
876 839 65 20 minst
956 838 6 20 i
978 837 59 21 detta

209 865 46 26 hus,
277 867 25 20 så
325 867 68 20 blifva
415 866 27 21 de
464 867 114 27 vanligtvis
594 867 24 20 så
632 867 120 27 grundliga,
768 869 32 18 alt
816 867 20 20 vi
849 866 23 21 få
888 866 86 28 mycket
991 866 45 21 led-

210 901 81 14 samma
307 895 89 21 stunder
417 895 35 21 vid
468 895 94 28 följande
578 895 109 28 landtdag.
710 895 44 21 Det
770 897 23 18 är
808 902 26 13 en
851 895 84 28 mycket
951 894 87 28 ömtålig

209 923 152 21 konstruktion
385 925 20 20 vi
424 924 38 21 här
476 924 65 21 hafva
557 924 90 21 framför
662 931 34 14 oss
713 925 6 20 i
735 924 132 27 fönsterväg,
883 923 39 21 och
935 923 38 28 går
988 931 48 12 man

210 951 55 20 ända
284 952 32 20 till
332 952 86 28 rifning,
438 952 24 21 så
484 953 38 20 blir
538 952 35 21 det
593 953 87 27 mycket
694 956 32 17 att
741 954 51 26 göra
808 952 40 21 och
864 959 59 14 mura
939 952 39 21 och
997 951 40 21 blir

210 987 43 20 nog
268 980 44 21 lika
327 980 49 28 dyrt
391 989 45 13 som
452 981 58 21 taket
525 981 6 20 i
546 981 66 21 tiden.

279 1009 12 20 I
312 1009 66 28 öfrigt
398 1009 38 21 har
457 1010 35 27 jag
514 1012 44 18 mot
580 1009 60 21 detta
662 1009 143 26 betänkande,
826 1009 70 21 såsom
916 1009 35 28 jag
972 1009 65 21 redan

210 1037 99 27 nämnde,
324 1038 43 27 just
382 1039 110 27 ingenting
507 1041 30 18 att
552 1038 107 21 anmärka.
679 1038 52 21 Man
748 1037 72 22 kunde
836 1038 6 20 i
859 1037 101 21 afseende
971 1037 12 21 å
994 1037 43 20 för-

209 1065 70 28 slaget
295 1065 12 22 å
322 1066 39 21 sid.
378 1067 24 20 11
419 1066 109 28 angående
545 1069 31 18 ett
592 1067 115 20 brandfritt
723 1067 54 28 skåp
793 1066 34 21 för
843 1066 26 21 de
884 1066 152 27 genealogiska

209 1094 145 28 samlingarna
377 1095 41 21 och
440 1095 102 28 förslaget
563 1098 31 18 att
610 1095 136 28 dupletterna
762 1095 69 20 skulle
847 1095 142 20 öfverlemnas
1004 1094 33 21 till

209 1123 140 21 statsarkivet
371 1124 100 28 möjligen
492 1124 65 21 hafva
580 1123 41 22 den
644 1124 83 27 åsigten
743 1126 33 19 att
791 1123 63 21 dessa
870 1123 80 28 förslag
966 1123 70 20 kunde

210 1150 109 23 betraktas
336 1151 69 22 såsom
422 1153 116 20 alternativ.
568 1152 39 21 Ett
622 1153 34 20 för
671 1153 122 20 ändamålet
809 1152 97 28 lämpligt
922 1151 115 22 brandfritt

209 1179 54 28 skåp
280 1180 41 21 blir
336 1181 90 28 mycket,
442 1181 84 28 mycket
541 1181 54 28 dyrt.
618 1181 55 21 Sker
689 1181 70 21 denna
776 1180 65 28 utgift
858 1181 53 26 icke,
928 1180 24 21 så
968 1181 22 20 är
1000 1181 36 27 jag

209 1208 48 21 med
283 1216 33 13 om
339 1209 36 21 det
396 1217 74 13 senare
486 1210 140 20 alternativet.
657 1209 50 22 Men
724 1217 35 14 om
775 1209 25 21 R.
817 1216 18 13 o.
851 1209 26 20 A.
893 1209 95 20 besluter
1003 1209 33 27 sig

208 1236 35 21 för
266 1237 71 21 denna
360 1238 70 28 utgift,
450 1245 60 14 anser
525 1239 35 27 jag
575 1238 66 27 nägot
656 1237 177 23 öfverlemnande
849 1237 32 21 till
896 1237 140 22 statsarkivet

209 1266 48 20 icke
274 1266 93 21 behöfva
383 1267 85 21 komma
482 1268 6 20 i
504 1267 66 27 fråga.

279 1294 41 28 Jag
341 1295 98 21 förordar
461 1295 46 21 med
523 1303 51 20 nyss
590 1295 94 29 antydda
699 1296 133 20 reservation
848 1294 167 28 godkännandet
1030 1295 6 19 i

209 1322 41 21 alla
267 1322 60 22 delar
341 1323 23 21 af
379 1324 59 20 detta
453 1324 141 21 betänkande.

279 1379 34 21 Hr
335 1380 181 28 Furuhjelm:
539 1380 52 21 Med
614 1380 115 28 anledning
751 1380 23 22 af
793 1380 33 21 Hr
842 1380 146 28 Gripenbergs
1004 1386 33 14 se-

208 1410 63 18 naste
292 1408 99 28 yttrande
415 1409 37 21 ber
463 1410 34 27 jag
512 1409 23 21 fä
550 1409 119 26 framhälla,
684 1412 31 18 att
730 1409 58 21 hvad
806 1408 111 22 Utskottet
933 1410 61 26 säger
1008 1408 28 28 pä

208 1436 39 21 sid.
261 1438 12 20 7
291 1437 161 28 otvifvelaktigt
467 1440 23 18 är
505 1441 30 17 ett
550 1438 116 26 uttalande,
682 1445 34 13 om
732 1438 38 20 det
785 1437 66 21 också
867 1437 47 21 icke
930 1438 23 20 är
968 1437 68 20 kursi-

538 1483 5 11 ,
566 1474 47 13 som
634 1467 89 20 innebär
741 1469 32 15 ett
789 1466 93 20 klander.
912 1465 43 21 För
971 1465 65 23 öfrigt

208 1493 69 21 måste
301 1493 36 21 det
360 1494 33 21 stä
413 1494 26 22 R.
461 1502 17 14 o.
498 1495 32 25 A.
548 1494 90 22 likasom
654 1494 73 28 hvarje
743 1494 93 21 medlem
851 1494 24 21 af
889 1494 86 21 ståndet
989 1493 47 21 fritt

208 1524 31 18 att
254 1522 77 21 förena
346 1524 33 26 sig
395 1530 33 14 om
445 1523 57 21 detta
517 1523 110 21 uttalande
643 1523 51 21 eller
709 1523 54 21 icke.
790 1522 116 22 Gentemot
921 1522 57 22 Frih.
994 1529 42 15 von
