1117 1781
417 136 167 20 Kyrkoarkiven.
849 131 41 20 725

162 204 49 22 Och
227 204 27 21 dä
275 205 62 21 räkar
358 212 48 13 man
428 205 28 28 pä
471 204 42 21 den
535 206 140 24 stötestenen,
698 205 74 21 hvems
789 207 23 18 är
827 205 93 26 egande-

91 235 68 20 rätten
175 233 31 21 till
222 233 172 28 kyrkoarkiven?
409 233 48 21 Den
472 233 77 28 frägan
566 235 23 19 är
604 233 48 22 icke
668 233 39 21 lätt
722 236 31 18 att
764 233 95 25 besvara,
870 241 48 13 men

92 262 99 21 arkivens
208 266 61 16 natur
284 262 71 27 gifver
363 261 75 22 dervid
453 261 56 22 dock
526 261 70 28 någon
613 262 94 27 ledning.
729 262 10 20 1
749 262 88 21 arkiven
847 262 73 21 förva-

91 297 34 14 ras
148 290 113 27 onekligen
284 290 132 28 handlingar,
439 298 46 13 som
507 292 49 19 röra
579 290 76 21 enbart
677 290 152 28 församlingen
848 290 71 21 såsom

94 319 143 28 korporation.
267 319 85 21 Sådana
367 319 128 28 handlingar
510 321 37 19 äro
560 319 274 28 kyrkostämmoprotokoll,
845 320 74 20 inven-

92 347 141 28 tariilängder,
249 347 213 28 räkenskapsböcker
478 347 42 22 och
537 347 75 28 dylikt.
642 347 55 21 Dem
713 347 62 22 torde
788 347 75 22 endast
873 347 45 21 för-

92 376 117 27 samlingen
225 376 48 28 sjelf
288 376 73 21 kunna
376 376 118 21 bestämma
506 383 40 14 om.
577 376 52 21 Men
641 376 88 21 arkiven
741 376 106 21 innehålla
859 376 61 21 dess-

93 407 57 18 utom
172 405 126 28 handlingar
319 404 23 21 af
362 405 45 20 helt
428 407 65 18 annat
508 405 52 27 slag,
576 405 133 27 handlingar,
725 412 44 13 som
786 405 73 20 beröra
875 405 44 20 för-

93 433 129 28 samlingens
237 433 137 22 medlemmar
387 433 69 21 såsom
469 433 49 21 med
530 433 90 28 borgare
631 434 5 20 i
648 436 69 18 staten
729 433 40 21 och
780 433 70 22 såsom
861 433 58 21 med-

92 461 88 22 lemmar
201 462 23 21 af
249 462 87 28 kyrkan.
367 462 44 21 Det
430 464 24 19 är
476 462 26 21 de
526 462 25 21 sä
566 461 85 22 kallade
674 462 245 21 ministerialböckerna:

93 490 250 25 kommunionböckerna,
363 490 88 28 längder
466 491 64 20 öfver
550 491 73 25 födde,
643 490 65 28 vigde
724 490 40 21 och
779 491 62 26 döde,
857 490 62 21 öfver

94 519 32 21 in-
148 519 40 21 och
209 519 111 28 utflyttade
336 527 26 13 m.
377 519 21 21 fl.
428 519 70 21 Dessa
522 519 128 28 handlingar
672 519 58 28 tjena
750 519 55 22 både
821 519 98 28 kyrkliga

94 547 40 21 och
149 548 86 27 statliga
258 547 104 26 ändamål,
384 555 48 14 men
456 547 38 22 det
508 548 100 27 kyrkliga
621 547 77 22 endast
713 547 23 21 så
751 548 62 27 länge
829 548 26 21 de
871 555 47 21 per-

96 583 63 14 soner
174 576 26 21 de
217 577 74 20 beröra
313 576 68 21 finnas
397 577 5 20 i
418 576 68 21 lifvet.
518 576 29 21 Sä
562 579 60 18 snart
637 576 63 21 dessa
716 576 51 26 dött,
784 577 82 28 upphör
881 576 38 21 det

94 604 98 28 kyrkliga
207 605 121 20 ändamålet
343 605 40 20 och
399 605 77 21 endast
497 605 37 20 det
555 605 86 27 statliga
661 605 96 20 återstår.
791 605 43 21 Det
849 605 70 21 sunda

92 633 106 21 förnuftet
209 633 65 21 borde
285 633 28 21 då
323 633 127 21 tillerkänna
470 636 70 18 staten
561 633 130 21 åtminstone
709 633 209 28 dispositionsrätten

94 661 61 21 öfver
170 661 62 22 dessa
255 662 93 28 längder,
368 662 28 21 då
411 662 36 21 det
463 664 23 19 är
502 665 82 18 statens
600 662 123 28 skyldighet
738 665 31 18 att
783 662 136 27 tillvarataga

93 691 46 20 sina
162 691 147 20 medlemmars
332 691 96 27 rättsliga
451 691 113 21 intressen.
594 691 39 20 Ett
648 691 78 20 sådant
741 690 177 28 äskädningssätt

93 719 38 20 har
146 719 65 21 också
234 720 55 27 gjort
313 720 32 27 sig
366 719 99 28 gällande
481 720 7 20 i
504 719 96 28 Sverige,
616 719 27 21 bl.
666 727 19 13 a.
701 719 22 21 af
742 719 176 21 Riksarkivarien

94 747 93 22 Odhner.
217 747 12 21 I
244 748 72 27 Norge
336 748 41 21 och
396 748 109 21 Danmark
528 755 63 20 synes
614 747 66 22 också
699 755 78 14 samma
792 748 55 27 äsigt
862 749 57 26 gjort

94 777 32 26 sig
140 776 105 28 gällande.
274 776 10 21 I
300 776 72 28 Norge
395 776 66 21 hafva
484 777 178 28 kyrkoböckerna
684 777 33 20 till
739 777 52 20 1801
808 777 110 27 öfverflyt-

93 807 42 18 tats
157 805 32 20 till
212 804 85 22 stiftens
318 805 67 26 arkiv,
400 813 45 13 som
460 806 49 20 icke
525 807 37 19 äro
578 805 66 28 några
660 805 97 28 kyrkliga
772 806 146 27 inrättningar,

94 833 60 20 och
147 829 17 37 i
171 833 108 21 Danmark
303 835 23 19 är
348 834 160 28 presterskapet
531 834 95 27 skyldigt
649 837 31 17 att
699 834 32 20 till
745 834 174 27 provinsarkivet

93 861 131 22 öfverlemna
239 863 46 20 sina
301 862 118 26 arkivalier,
435 862 27 21 dä
478 862 64 21 dessa
557 864 36 19 äro
610 863 84 20 30—50
710 862 23 21 år
747 863 75 26 gamla.
844 862 10 21 I
870 862 49 21 vårt

92 890 49 21 land
158 891 95 20 deremot
269 898 62 21 synes
347 899 47 12 man
411 891 27 28 på
454 894 31 17 ett
501 891 43 20 håll
560 891 96 20 förfäkta
672 898 25 13 en
713 891 143 28 uppfattning,
871 898 46 13 som

93 919 99 27 möjligen
204 919 67 21 under
286 919 40 21 den
343 919 115 21 medeltida
481 919 119 21 hierarkins
623 920 67 27 dagar
705 919 80 21 kunnat
800 919 65 21 hafva
881 919 37 21 nå-

92 954 42 21 gon
149 947 118 28 framgång,
283 955 26 14 en
323 948 145 28 uppfattning,
483 955 46 14 som
542 948 106 21 förfäktas
660 949 5 19 i
679 948 37 21 det
727 947 191 29 Kyrkohistoriska

92 975 133 22 samfundets
241 976 109 21 utlåtande
366 977 41 20 och
422 977 6 20 i
444 977 68 20 första
527 977 167 20 reservationen.

160 1004 105 21 Fördelen
277 1005 23 20 af
310 1005 245 21 ministerialböckernas
571 1005 135 28 förflyttning
720 1005 32 21 till
767 1005 62 21 säkra
840 1005 77 21 ställen

92 1045 28 3 —
135 1033 40 21 och
190 1033 68 21 under
273 1033 123 22 nuvarande
412 1033 149 21 förhållanden
578 1033 40 21 kan
635 1033 48 22 icke
699 1034 65 27 något
779 1036 65 19 annat
855 1033 62 22 ställe

91 1061 84 21 komma
197 1063 7 19 i
218 1062 61 27 fråga
294 1064 26 19 än
337 1062 143 21 Statsarkivet
495 1075 27 2 -—
538 1062 98 21 fördelen
659 1062 61 21 deraf
735 1063 33 20 för
782 1062 135 21 rättsvården

92 1090 39 21 och
147 1090 34 21 för
196 1090 41 21 den
257 1091 114 20 historiska
393 1091 141 27 forskningen
549 1093 23 18 är
587 1091 117 28 uppenbar.
733 1091 51 20 Men
805 1091 114 21 Utskottet

91 1118 122 22 framhåller
236 1122 31 18 att
289 1119 162 28 församlingens
475 1119 149 21 medlemmars
650 1120 89 20 intresse
760 1120 75 20 främst
851 1119 67 21 borde

90 1147 130 28 tillgodoses.
250 1147 192 28 Kyrkohistoriska
464 1147 124 22 samfundet
602 1148 39 21 har
662 1148 56 21 dock
733 1148 105 28 tillfyllest
853 1148 64 20 fram-

90 1175 66 26 hällit,
169 1179 32 17 att
210 1176 22 21 af
243 1176 83 21 landets
334 1177 41 20 479
385 1176 151 28 församlingar
549 1177 41 20 123
598 1178 36 19 äro
650 1177 110 20 tillkomna
776 1176 67 21 under
858 1176 60 21 detta

90 1204 59 21 sekel
164 1204 41 21 och
220 1207 31 18 att
266 1205 90 20 sålunda
371 1205 59 20 äldre
446 1205 110 28 uppgifter
572 1205 68 20 måste
656 1205 63 21 sökas
734 1205 47 20 från
797 1205 66 20 andra
873 1204 45 21 för-

90 1233 114 27 samlingar
226 1235 26 19 än
276 1233 41 21 den
339 1241 59 20 egna,
419 1236 31 18 att
472 1234 36 20 det
523 1234 87 28 mycket
625 1234 67 20 sällan
708 1233 94 21 inträffar
817 1236 32 18 att
863 1241 55 21 upp-

90 1261 65 27 gifter
170 1262 47 20 från
234 1262 23 21 så
272 1262 70 28 gamla
358 1262 133 28 handlingar,
507 1262 19 21 d.
542 1270 20 13 v.
578 1270 16 13 s.
609 1262 128 28 handlingar
751 1262 58 21 äldre
819 1264 26 18 än
857 1262 60 21 detta

90 1290 65 26 sekel,
178 1290 104 22 behöfvas
303 1291 40 21 och
364 1294 31 18 att
411 1290 36 22 det
462 1291 28 21 då
506 1293 23 19 är
544 1291 70 21 bättre
630 1294 31 18 att
676 1291 72 28 dylika
763 1291 155 28 upplysningar

91 1318 89 22 erhållas
196 1321 26 19 än
238 1322 31 18 att
284 1319 27 21 de
327 1321 82 26 (genom
426 1320 100 20 arkivens
541 1320 125 27 förstöring)
682 1320 39 20 alls
737 1320 46 20 icke
795 1320 71 20 kunna
877 1319 42 21 fås.

90 1346 80 22 Härtill
192 1348 72 20 kunna
286 1348 73 28 läggas
381 1348 26 20 de
423 1348 78 20 talrika
515 1348 39 20 fall
570 1348 34 25 då,
619 1349 6 19 i
641 1348 54 28 följd
711 1348 22 21 af
748 1348 127 28 inflyttning,
891 1355 25 13 en

90 1375 226 29 församlingsmedlem
337 1376 67 21 måste
425 1377 70 21 vända
518 1377 34 27 sig
574 1377 32 20 till
623 1384 25 13 en
665 1384 68 13 annan
749 1376 126 28 församling
889 1378 27 19 än

90 1404 53 21 hans
159 1412 59 20 egen,
248 1405 48 21 Den
317 1405 104 28 påstådda
442 1405 142 27 olägenheten
600 1405 23 21 af
638 1408 32 18 att
684 1405 233 21 ministerialböckerna

90 1432 96 22 förvaras
203 1433 28 28 på
245 1433 67 21 andra
327 1434 76 20 ställen
419 1436 27 18 än
463 1434 57 20 inom
536 1434 154 27 församlingen
706 1436 23 18 är
743 1434 61 20 alltså
815 1433 101 28 temligen

89 1462 66 27 ringa.
185 1462 42 25 Då,
241 1462 70 21 såsom
326 1463 35 27 jag
376 1462 38 20 har
430 1462 82 28 antydt,
528 1462 37 21 det
578 1462 90 21 sålunda
684 1464 23 19 är
721 1462 93 21 särdeles
831 1462 86 28 angelä-

88 1493 38 24 get
141 1493 31 17 att
187 1490 23 20 af
226 1490 157 28 kyrkoarkiven
403 1490 77 22 räddas
502 1490 58 22 hvad
581 1498 45 14 som
647 1494 50 17 utan
713 1490 72 22 vidare
801 1490 117 28 omgångar

89 1518 77 21 räddas
188 1518 49 27 kan,
251 1519 107 27 nämligen
374 1519 27 21 de
416 1519 34 21 för
464 1519 137 22 rättsvården
617 1519 41 21 och
674 1520 145 27 vetenskapen
835 1520 82 27 vigtiga
