1117 1781
233 136 98 18 Svenska
343 136 39 17 och
394 136 68 17 finska
478 136 104 22 språkens
594 136 145 21 likställighet.
828 131 41 20 543

69 209 32 18 att
123 205 41 21 den
187 205 69 21 finska
279 204 153 27 befolkningen
455 205 6 20 i
482 204 74 21 landet
579 205 52 20 eller
652 206 77 19 rättare
751 204 33 27 de,
799 212 46 13 som
860 205 36 21 vid

69 233 129 28 landtdagen
221 233 103 21 särskildt
344 233 67 28 åtagit
434 233 33 27 sig
490 236 32 18 att
542 233 48 21 föra
611 233 50 21 dess
676 233 64 26 talan,
756 233 69 21 skulle
840 233 57 21 afstå

68 262 49 22 från
131 269 25 14 en
172 261 76 27 fördel,
258 261 78 22 hvaraf
350 261 49 21 dess
415 259 65 30 språk
494 262 8 20 i
517 264 60 19 snart
593 262 27 21 10
635 261 24 21 år
673 263 56 20 varit
743 262 7 20 i
765 261 131 29 åtnjutande.

68 291 53 21 Men
138 298 34 13 om
188 298 26 13 en
230 290 104 28 återgång
349 289 90 22 sålunda
454 292 24 19 är
493 290 93 28 omöjlig,
602 289 92 22 återstår
709 290 76 21 endast
800 293 32 18 att
843 290 53 22 söka

68 327 77 20 genom
161 327 26 13 en
203 319 123 27 ständerlag
341 318 68 21 ordna
424 319 26 21 de
466 319 134 21 närvarande
616 318 169 22 förhållandena.
814 319 45 22 Det
873 321 24 19 är

69 347 28 29 på
119 347 70 22 denna
211 347 75 27 grund,
307 347 42 21 den
371 347 54 21 enda
445 347 109 28 praktiskt
568 347 92 28 möjliga,
675 355 45 13 som
736 349 159 20 reservationen

69 376 42 21 N:o
134 377 10 20 1
168 376 38 21 har
228 376 51 21 stält
301 376 38 28 sig.
369 375 40 27 De,
428 383 47 14 som
495 375 159 22 undertecknat
673 375 70 22 denna
758 377 138 25 reservation,

69 405 66 21 hafva
149 405 7 21 i
172 405 38 21 sak
226 407 123 26 accepterat
363 405 112 20 resultatet
490 405 23 21 af
528 404 229 29 språklagstiftningen
772 405 67 21 sådan
854 405 41 21 den

68 433 76 22 hittills
159 433 101 28 gestaltat
275 434 38 27 sig.
336 433 82 21 Härom
434 435 63 26 säger
511 433 116 22 Utskottet
642 433 28 28 på
682 433 38 22 sid.
731 434 24 21 9:
773 433 123 22 »resultatet

69 461 23 22 af
110 462 36 21 det
162 462 121 29 betydande
299 461 78 27 arbete,
393 469 45 14 som
454 461 90 22 sålunda
560 461 68 22 under
643 462 74 28 loppet
731 462 23 21 af
769 462 27 21 de
811 465 84 19 senaste

68 491 143 21 decennierna
232 491 78 20 utförts
332 490 28 28 på
380 490 241 29 språklagstiftningens
640 490 91 26 område,
746 491 61 21 torde
823 491 72 21 kunna

68 520 7 20 i
98 519 86 22 korthet
206 519 162 22 sammanfattas
391 519 87 28 derhän,
501 522 32 18 att
555 519 85 21 landets
660 519 93 21 svenska
772 519 41 22 och
827 519 68 22 finska

70 548 125 27 befolkning
207 555 88 14 numera
310 549 37 19 äro
363 547 48 21 med
426 547 104 22 afseende
546 547 13 22 ä
572 547 62 22 deras
645 547 64 28 språk
713 543 10 37 i
737 549 84 27 princip
831 550 64 19 rätts-

68 577 40 27 ligt
129 576 121 21 likstälda».
278 576 65 21 Efter
365 576 58 21 detta
445 576 111 21 uttalande
578 576 70 21 skulle
670 584 48 13 man
734 577 81 20 kunnat
831 579 64 18 vänta

69 608 31 18 att
120 605 64 21 äfven
205 605 113 22 Utskottet
338 604 13 21 å
372 605 32 20 sin
420 605 47 21 sida
482 605 70 21 skulle
567 605 117 28 godkänna
699 608 67 18 status
782 613 41 20 quo
840 606 6 20 i
862 605 33 21 af-

68 634 79 21 seende
174 633 13 22 ä
209 633 234 28 spräklagstiftningen.
478 633 66 22 Detta
567 633 90 22 oaktadt
679 634 80 21 afvisar
783 634 112 21 Utskottet

68 662 73 28 hvarje
160 662 137 21 erkännande
313 661 22 22 ät
350 661 212 30 kommunalspräket
578 662 41 21 och
650 662 121 21 polemiserar
786 665 44 18 mot
845 662 26 21 de
887 663 8 20 i

68 691 66 21 första
157 691 160 21 reservationen
332 691 7 20 i
355 690 59 21 detta
435 691 123 21 hänseende
578 670 76 49 nk
672 691 180 28 medgifvandena
867 691 28 28 pä

69 722 31 18 ett
115 721 48 24 sätt,
178 727 46 14 som
240 720 18 27 ej
275 727 62 20 synes
353 720 44 27 mig
412 719 50 21 fullt
477 721 43 19 rätt
535 719 41 22 och
592 719 112 28 sakenligt.
733 719 12 22 I
761 727 61 14 mom.
833 721 12 20 3
856 719 39 22 har

69 747 42 22 den
126 748 68 21 första
209 749 160 20 reservationen
385 749 7 20 i
407 749 85 27 princip
504 749 57 20 varit
571 755 51 14 ense
634 748 48 21 med
692 748 113 22 Utskottet
815 748 79 27 derom,

68 779 32 18 att
115 777 124 28 expedition
255 777 38 20 bör
308 776 96 21 utfärdas
420 776 22 21 ät
458 777 104 28 sakegare
577 777 29 27 pä
620 776 38 21 det
672 777 64 28 spräk
747 777 69 21 denne
827 777 67 26 äskat,

68 813 49 13 men
136 808 161 19 reservanterne
312 805 67 21 hafva
394 805 71 21 dertill
480 805 62 28 fogat
558 808 31 19 ett
604 805 76 28 tillägg
694 806 31 20 till
741 805 116 29 belysande
871 805 24 22 af

68 834 162 28 tillämpningen
250 834 23 21 af
288 833 70 22 denna
373 834 84 28 princip
479 834 37 21 vid
532 834 136 21 underrätter
678 834 40 21 och
728 834 58 28 lägre
797 834 97 29 myndig-

68 862 65 21 heter.
163 863 48 20 Mot
231 862 70 21 denna
317 862 135 29 tillämpning
467 863 114 20 anmärker
596 862 113 23 Utskottet
724 866 31 18 att
770 863 41 21 den
827 864 7 20 i
849 863 44 22 viss

67 891 50 21 män
138 891 122 28 upphäfver
275 891 77 28 sjelfva
367 891 78 28 regeln.
476 891 43 21 Till
535 891 61 22 bevis
612 891 73 21 härför
697 891 85 22 anföres
798 894 31 19 att
845 891 48 22 sak-

68 927 69 20 egare,
161 927 35 14 om
221 919 43 21 han
291 920 51 21 eller
366 919 53 22 hans
445 919 81 22 ombud
550 920 107 28 begagnat
679 920 215 28 kommunalspräket,

68 948 28 21 dä
118 948 47 21 icke
189 948 68 21 skulle
280 948 65 21 hafva
367 950 43 19 rätt
432 951 32 18 att
487 949 52 20 äska
562 948 152 29 expeditionen
729 949 28 28 pä
772 949 36 21 det
827 949 67 21 andra

68 976 93 29 spräket.
191 977 66 21 Detta
272 979 23 18 är
310 979 31 18 ett
356 977 157 21 missförständ.
543 977 44 21 Om
602 977 103 28 sakegare
721 985 26 14 en
762 977 57 28 gäng
833 977 61 21 äskat

69 1005 134 28 expeditions
225 1005 128 21 utfärdande
377 1005 28 28 pä
424 1008 31 18 ett
476 1007 56 20 visst
554 1006 71 27 spräk,
645 1006 24 21 sä
688 1007 23 20 är
726 1006 65 21 saken
807 1006 87 21 dermed

68 1034 83 28 afgjord
169 1034 66 27 enligt
251 1034 41 21 den
308 1034 106 21 allmänna
426 1034 144 27 grundsatsen
581 1035 6 20 i
599 1034 58 21 förra
668 1034 62 21 delen
741 1035 22 20 af
773 1038 121 23 momentet,

68 1063 41 21 och
132 1063 29 20 dä
183 1063 96 20 kommer
299 1063 47 21 icke
362 1062 73 22 vidare
450 1062 73 29 nägon
538 1063 120 28 förklaring
674 1063 50 21 eller
739 1063 134 28 tillämpning
887 1064 7 20 i

68 1091 70 28 fräga;
153 1099 48 13 men
216 1093 39 26 gör
269 1091 41 21 han
327 1091 36 21 det
378 1091 89 26 icke,sä
482 1091 72 21 träder
569 1092 98 27 tillägget
678 1093 7 19 i
696 1091 63 27 kraft,
769 1092 41 21 och
820 1099 75 21 proce-

68 1119 66 28 dyren
163 1120 42 21 blir
227 1119 28 22 dä
277 1119 109 22 sätillvida
411 1119 115 22 förenklad
549 1123 37 23 att,
609 1127 35 14 om
665 1120 101 28 sakegare
788 1121 106 27 begagnat

68 1148 211 29 kommunalspräket
289 1148 40 21 och
340 1149 49 20 icke
398 1149 57 27 gjort
465 1148 67 26 nägot
542 1149 103 21 särskildt
655 1149 95 28 yrkande
761 1149 132 21 beträffande

68 1177 159 28 expeditionen,
242 1177 71 21 denna
327 1177 32 20 till
375 1177 78 21 honom
469 1177 99 21 utfärdas
580 1180 51 18 utan
642 1177 73 21 vidare
726 1177 27 28 pä
763 1177 131 21 kommunal-

68 1205 92 28 språket.
190 1205 12 21 I
217 1205 39 21 sak
271 1205 116 28 föreligger
401 1205 39 21 här
454 1205 86 22 således
555 1207 65 27 ingen
636 1205 85 22 skilnad
736 1206 76 21 mellan
826 1213 68 14 reser-

68 1234 100 21 vationen
184 1234 40 21 och
240 1233 151 23 betänkandet.

137 1262 103 22 Deremot
254 1263 115 21 förefinnes
386 1270 25 14 en
428 1263 70 28 saklig
514 1263 115 28 divergens
644 1264 8 20 i
667 1263 61 28 fräga
750 1271 34 13 om
801 1270 62 14 mom.
874 1264 19 25 8,

68 1291 52 21 eller
136 1298 33 14 om
185 1291 174 22 embetsverkens
376 1292 100 21 officiella
492 1292 71 27 spräk,
580 1292 106 21 beroende
702 1292 65 28 derpä
782 1294 31 19 att
826 1300 68 13 reser-

67 1322 103 19 vanterne
190 1320 89 21 beaktat
299 1320 41 21 den
360 1323 85 18 senaste
464 1320 224 28 spräkförfattningen
703 1320 23 22 af
742 1322 60 25 1887,
817 1320 76 22 medan

67 1348 146 22 betänkandet
235 1349 80 21 lemnat
335 1348 123 22 densamma
470 1344 16 37 ä
504 1349 52 21 sido.
587 1349 133 28 Härigenom
740 1349 66 21 hafva
826 1357 67 13 reser-

67 1380 103 18 vanterne
186 1378 7 20 i
209 1378 77 28 sjelfva
301 1378 75 20 verket
391 1378 90 20 anslutit
496 1378 34 28 sig
544 1380 97 19 närmare
652 1378 32 20 till
695 1378 40 21 den
746 1378 148 28 ursprungliga

67 1406 118 27 petitionen
201 1408 27 19 än
243 1406 119 26 Utskottet,
378 1408 50 19 enär
444 1407 119 27 petitionen
579 1407 31 20 uti
626 1407 38 20 sitt
679 1414 61 13 mom.
753 1407 12 21 9
777 1406 117 21 innehäller

67 1434 163 28 bestämningen
250 1438 31 17 att
302 1442 33 13 om
357 1434 38 22 det
413 1434 101 22 officiella
530 1435 88 28 spräket
630 1435 67 27 gäller
711 1435 57 21 hvad
783 1435 72 21 derom
870 1436 24 19 är

67 1462 51 22 eller
140 1463 77 21 varder
239 1463 106 28 stadgadt.
375 1463 45 21 Det
442 1465 23 19 är
486 1463 58 22 dock
560 1466 31 18 att
606 1464 74 20 märka
695 1466 36 24 att,
745 1463 28 21 dä
789 1464 54 21 1887
859 1463 34 21 års

66 1491 49 21 näd.
133 1491 48 21 bref
196 1491 113 21 förordnat
323 1494 32 18 att
369 1492 41 20 alla
425 1492 73 21 lokala
513 1492 59 28 lägre
587 1492 149 28 myndigheter
751 1492 40 21 och
805 1493 88 27 tjenste-

67 1521 48 19 män
132 1520 60 21 skola
207 1520 6 21 i
229 1521 47 20 sina
292 1520 210 22 embetsskrifvelser
513 1520 101 22 använda
624 1520 215 29 kommunalspräket,
849 1520 44 21 för-
