1117 1781
345 145 24 17 R.
384 149 17 13 0.
413 146 23 16 A.
450 145 56 17 1897.
531 146 23 16 21
568 146 61 20 April
832 140 40 20 607

181 281 152 34 Onsdagen
351 281 56 26 den
426 281 32 26 21
476 281 86 34 April
580 281 40 26 kl.
639 283 27 27 '/,
686 282 15 26 7
720 289 21 19 e.
758 289 37 19 m.

141 367 34 21 Hr
193 367 208 21 Landtmarskalken
416 367 144 28 tillkännagaf
575 370 31 19 att
622 367 76 29 pollett
713 367 136 22 äterlemnats
864 368 35 21 för

140 424 71 28 adliga
225 426 59 19 ätten
299 424 42 21 N:o
357 425 48 26 271,
421 424 151 26 Sanmark,
588 424 23 21 af
625 424 35 21 Hr
676 424 50 21 Carl
741 424 80 22 Gustaf
831 424 71 22 San-

72 453 89 26 mark,
193 453 182 22 Ofverintendent
389 452 37 22 vid
439 453 213 28 Industristyrelsen
641 448 13 37 ;

141 513 54 18 samt
210 513 31 18 att
256 510 99 28 polletter
370 511 89 26 uttagits
474 510 35 21 för
524 509 71 29 adliga
612 512 84 19 ätterna

140 567 42 21 N:o
199 568 33 24 14,
251 567 143 21 Hästesko
414 567 26 21 af
463 567 159 28 Mälagärd,
638 567 23 21 af
675 567 67 21 fullm.
757 567 34 22 Hr
806 567 92 22 Fredrik

75 595 120 21 Waldemar
211 595 168 27 Schauman,
395 595 193 29 Generallöjtnant,
603 595 126 28 Guvernör;
745 597 41 20 och

140 659 41 20 N:o
206 659 47 26 271,
278 658 148 27 Sanmark,
451 659 23 20 af
499 659 35 20 Hr
559 659 69 21 Arvid
654 659 145 26 Sanmark,
823 659 75 21 Bank-

72 687 131 28 tjensteman.

139 801 199 29 Protokollsutdrag
353 801 63 22 öfver
431 802 25 21 R.
472 809 19 14 o.
506 803 39 20 A:s
561 801 37 22 vid
614 802 87 28 plenum
717 802 41 21 den
774 803 26 21 13
816 802 84 22 dennes.

72 830 82 21 fattade
169 831 72 21 beslut
255 831 110 28 upplästes
380 831 32 20 till
427 831 105 28 justering
548 831 40 21 och
603 831 133 28 godkändes.

422 1003 118 22 Utskotten.

139 1059 57 22 Från
217 1060 26 21 R.
266 1067 18 14 o.
306 1061 39 20 A:s
366 1060 85 21 valmän
472 1060 56 21 hade
551 1060 69 28 ingått
641 1063 31 18 ett
687 1060 23 21 af
725 1061 26 21 20
767 1061 64 20 bland
847 1060 50 21 dem

71 1088 171 21 undertecknadt
261 1089 113 28 protokoll,
389 1089 77 21 hvaraf
480 1089 107 28 framgick
602 1092 32 18 att
649 1089 126 21 valmännen
790 1089 33 21 till
838 1089 59 21 leda-

71 1120 45 17 mot
130 1117 8 21 i
152 1117 129 22 Allmiinna
292 1117 246 23 Petitionsutskottet
550 1118 6 20 i
567 1117 71 22 stället
649 1117 35 22 för
698 1117 57 22 Frih.
770 1125 42 14 von
829 1117 67 22 Bons-

72 1145 65 26 dorff
137 1141 11 38 ,
152 1153 46 14 som
213 1145 126 22 äterlemnat
354 1146 81 28 pollett,
450 1146 69 21 invalt
534 1146 142 28 suppleanten
688 1146 34 21 Hr
735 1146 47 22 Uno
793 1146 103 21 Linde-

73 1173 31 22 löf
123 1174 48 21 med
194 1175 25 20 19
241 1176 68 19 röster
328 1177 55 18 samt
403 1175 33 20 till
456 1175 115 28 suppleant
585 1175 7 20 i
608 1175 34 20 Hr
657 1175 112 22 Lindelöfs
785 1175 61 21 ställe
861 1174 35 21 Hr

71 1202 73 29 Georg
159 1202 160 22 Schauman
334 1203 49 21 med
399 1204 27 20 20
442 1205 74 19 röster.

138 1340 57 22 Frän
204 1340 173 28 Lagutskottet
385 1340 54 22 hade
450 1340 114 22 inkommit
576 1348 26 14 en
613 1340 115 22 skrifvelse
738 1340 47 22 med
797 1340 98 22 anmälan

72 1371 37 25 att,
130 1369 66 21 sedan
217 1369 112 22 Utskottet
348 1369 94 21 fördelat
456 1370 34 27 sig
505 1369 29 29 pä
548 1371 80 19 tvänne
644 1369 139 29 afdelningar,
798 1370 33 20 till
846 1368 52 22 ord-

71 1398 90 21 förande
179 1398 35 21 för
229 1398 66 22 andra
310 1398 139 28 afdelningen
464 1401 79 18 utsetts
559 1398 34 22 Hr
608 1399 88 27 August
709 1398 146 30 Nybergh.
