1117 1781
389 138 203 18 Finansrelationen.
832 133 41 21 625

74 209 38 21 det
134 207 120 28 medgifvas
276 211 31 18 att
327 208 37 21 det
384 207 118 21 finansiella
524 207 112 21 resultatet
658 207 22 21 af
701 207 59 21 detta
781 207 83 28 företag
879 209 24 19 är

74 237 50 21 fullt
138 236 203 21 tillfredsställande.

143 265 44 21 Det
201 265 22 20 af
237 265 58 20 Frih.
311 272 42 13 von
369 264 58 21 Born
438 264 146 21 framkastade
594 264 105 28 förslaget
709 271 33 14 om
752 264 151 28 författnings-

75 293 128 28 samlingens
225 293 116 21 utdelande
364 293 48 21 med
436 293 26 20 de
486 293 100 21 officiella
607 293 44 20 SÖN
660 293 15 20 LÄ
688 300 56 42 arpa
759 293 42 21 kan
817 294 21 27 ju
853 293 49 21 icke

75 325 64 18 annat
161 323 25 20 än
207 322 77 21 tilltala
307 323 54 26 mig;
383 322 36 28 jag
441 321 68 21 finner
532 321 70 21 denna
625 322 119 27 anordning
767 322 135 28 synnerligen

73 351 93 28 lämplig.

143 407 34 22 Hr
197 408 24 21 L.
245 407 160 22 Mechelin:
436 407 48 20 Den
508 407 68 20 första
592 406 65 21 ärade
678 407 87 26 talaren,
780 407 58 22 Frih.
853 407 49 21 Mo-

76 436 79 27 lander,
169 436 38 21 har
222 437 72 20 berört
309 435 66 28 nägra
391 435 93 28 punkter
499 436 6 20 i
521 435 176 21 Statsutskottets
713 435 141 27 betänkande,
869 436 32 21 till

76 465 72 21 hvilka
164 465 64 21 äfven
244 466 35 27 jag
294 464 63 21 utber
371 465 44 27 mig
430 467 32 18 att
476 464 24 21 fä
515 463 138 22 äterkomma.

145 493 64 22 Hvad
235 493 165 21 Statsutskottet
423 493 6 20 i
452 493 38 20 sitt
516 492 136 21 betänkande
677 495 66 26 yttrat
769 493 131 21 beträffande

76 523 73 27 anslag
174 523 35 20 för
233 521 157 28 skogsvärdens
418 521 146 28 befrämjande
592 521 38 21 har
657 521 88 21 framför
772 522 37 21 allt
836 522 65 21 afsett

76 553 31 18 att
131 551 77 20 betona
231 553 30 18 att
283 549 100 28 ätgärder
405 550 34 21 för
461 549 149 28 skogsvärden
632 551 37 20 äro
692 550 23 21 af
736 549 37 22 det
795 551 106 21 allmänna

76 587 62 20 gagn,
153 582 31 18 att
199 579 26 21 de
241 579 47 21 icke
309 579 50 20 böra
383 579 73 20 ställas
478 580 7 19 i
510 578 106 21 beroende
638 579 24 20 af
684 586 26 13 en
733 579 43 20 viss
798 579 103 21 inkomst-

76 608 61 21 källa.
167 607 44 21 Det
231 609 22 19 är
269 607 47 21 med
331 607 81 28 fägnad
427 608 35 27 jag
478 607 122 21 inhemtade
616 607 23 20 af
653 607 58 21 Frih.
724 607 123 22 Molanders
857 611 43 25 ytt-

78 636 72 26 rande,
165 639 31 18 att
211 637 113 26 meningen
341 636 47 21 icke
398 635 87 22 formelt
496 636 56 21 varit
562 635 74 27 sädan,
646 638 32 18 att
689 636 119 21 inkomsten
819 636 22 21 af
851 636 50 28 säg-

77 665 153 28 ningsafgiften
246 665 54 20 skall
311 665 85 20 anvisas
408 665 32 20 till
452 664 26 21 de
490 664 144 28 nyssnämnda
644 664 127 28 ätgärderna
781 665 34 20 för
825 665 75 28 skogs-

77 693 90 21 värdens
191 693 124 28 främjande,
337 701 48 12 men
409 693 35 20 det
464 693 62 20 torde
541 693 56 20 dock
614 693 105 21 erkännas
735 701 49 13 vara
799 693 50 21 fullt
864 693 36 22 be-

76 722 102 28 rättigadt
201 725 36 23 att,
257 721 27 21 dä
299 721 71 21 denna
385 721 66 28 utgift
466 721 41 22 och
523 721 70 21 denna
609 721 58 21 skatt
682 721 125 22 framhällits
823 723 6 20 i
845 729 55 14 sam-

77 750 56 21 band
149 750 47 21 med
212 750 125 26 hvarandra,
351 750 68 21 uttala
434 751 34 26 sig
483 750 71 21 säsom
569 749 115 22 Utskottet
697 751 60 27 gjort.
780 750 37 22 Uti
831 750 69 21 Stats-

77 779 114 21 utskottets
206 779 109 20 uttalande
332 779 67 28 ligger
415 779 33 20 för
464 779 66 27 öfrigt
545 779 48 20 icke
606 779 65 27 något
684 779 131 21 omedelbart
826 779 73 21 förord

76 808 34 20 för
132 807 203 28 sågningsafgiftens
357 807 141 21 afskaffande.
529 807 44 21 Det
596 807 99 21 nedsatta
716 807 83 28 belopp,
814 807 86 22 hvartill

77 836 120 21 densamma
221 843 86 14 numera
329 836 114 28 uppbäres,
465 836 39 21 har
528 835 81 28 betagit
632 836 92 21 kritiken
743 836 26 21 de
786 837 113 27 vigtigaste

77 865 72 20 skälen
173 867 56 18 emot
251 864 71 21 denna
343 865 66 26 skatt;
431 864 24 21 så
474 864 80 28 lindrig
575 872 45 13 som
637 864 42 21 den
695 866 22 19 är
732 865 59 20 torde
807 865 42 20 den
865 865 34 21 väl

77 893 70 21 kunna
163 893 122 26 bibehållas,
300 893 129 21 åtminstone
444 893 24 21 så
484 893 62 28 länge
562 893 94 21 verkligt
668 893 66 21 behof
744 893 22 21 af
777 893 122 21 densamma

77 921 120 22 förefinnes.
226 922 51 20 Men
293 929 34 14 om
344 929 47 13 man
409 922 104 21 crkänner
528 924 32 18 att
575 921 154 28 statsåtgärder
744 923 35 20 äro
795 922 24 21 af
829 921 71 22 nöden

77 950 34 21 för
126 953 31 18 att
171 950 132 21 förekomma
319 953 30 18 ett
365 950 72 21 alltför
452 953 54 18 stort
522 950 116 27 aftagande
655 950 23 21 af
696 950 38 21 vår
744 950 155 28 skogrikedom,

78 979 23 20 så
123 980 23 19 är
165 979 22 28 ju
203 979 58 20 detta
281 979 5 20 i
303 979 41 20 och
366 979 35 20 för
422 979 33 27 sig
470 981 31 18 ett
516 979 24 20 så
555 979 78 27 vigtigt
648 979 152 20 statsändamål
816 982 31 17 att
863 979 36 20 det

78 1007 41 21 kan
135 1007 39 21 och
190 1007 39 21 bör
244 1007 117 26 befordras,
377 1007 64 21 äfven
452 1015 34 13 om
498 1007 196 28 sågningsafgiften
706 1007 71 21 blefve
787 1007 113 22 afskaffad.

143 1035 65 21 Hvad
225 1035 64 22 sedan
306 1035 133 22 vidkommer
454 1036 76 27 frågan
546 1043 34 13 om
596 1036 75 27 anslag
686 1036 32 20 till
731 1043 24 14 en
767 1044 28 20 ny
806 1035 93 22 hufvud-

76 1064 96 28 byggnad
188 1064 34 21 för
237 1064 67 21 finska
321 1064 147 27 kadettkåren,
484 1064 24 21 sä
523 1064 39 21 har
577 1064 57 21 Frih.
650 1064 120 26 Molander,
783 1064 71 21 sävidt
864 1065 36 27 jag

75 1093 81 20 kunnat
171 1093 111 20 förnimma
297 1093 52 21 hans
365 1093 106 28 yttrande,
486 1092 191 29 hufvudsakligast
690 1093 117 28 uppehållit
819 1093 32 27 sig
863 1093 35 21 vid

75 1121 26 21 de
124 1121 70 21 starka
215 1122 73 24 motiv,
311 1129 45 14 som
379 1122 43 21 tala
445 1121 35 21 för
500 1124 32 18 att
552 1121 39 21 vår
606 1121 55 21 enda
676 1121 140 21 militärskola
831 1121 68 21 skulle

75 1149 68 22 förses
163 1149 48 22 med
233 1157 26 14 en
275 1158 28 20 ny
319 1150 168 28 ändamålsenlig
503 1149 107 29 byggnad,
625 1153 55 18 samt
696 1153 32 18 att
743 1150 75 21 härvid
835 1149 65 22 bland

75 1181 64 18 annat
161 1178 63 21 äfven
247 1178 102 21 särskildt
368 1178 103 21 afseende
493 1179 65 20 borde
574 1179 67 20 fästas
657 1178 36 21 vid
711 1181 31 18 att
759 1178 70 21 denna
845 1178 54 21 läro-

75 1207 78 20 anstalt
173 1209 23 18 är
211 1210 30 18 ett
256 1208 97 20 internat.
384 1207 47 28 Mig
446 1215 64 19 synes
526 1210 32 18 att
574 1207 177 21 Statsutskottets
768 1206 109 21 uttalande
893 1207 6 20 i

75 1235 69 21 denna
159 1235 60 29 fråga
234 1235 48 22 icke
297 1235 118 22 innehåller
430 1235 66 22 något
511 1243 45 14 som
572 1235 57 22 helst
639 1235 182 21 underkännande
833 1235 67 27 deraf,

75 1267 31 18 att
127 1271 25 13 en
175 1272 28 20 ny
225 1264 186 28 hufvudbyggnad
434 1266 21 20 vid
492 1264 141 22 kadettkären
650 1264 71 21 kunde
738 1272 49 13 vara
803 1264 98 28 behöfig.

76 1292 163 22 Statsutskottet
261 1293 43 26 har,
327 1293 28 21 då
377 1301 28 13 nu
428 1293 37 21 det
486 1293 83 21 faktum
590 1293 115 28 föreligger
727 1296 30 18 att
778 1292 123 29 byggandet

75 1321 125 28 påbegynts,
222 1321 44 21 helt
288 1322 41 21 och
349 1321 66 21 hållet
436 1322 84 20 afhållit
536 1323 32 26 sig
589 1321 48 21 från
653 1325 32 17 att
700 1321 49 28 ingå
765 1322 6 20 i
788 1324 31 18 ett
835 1321 65 21 bedö-

75 1349 76 21 mande
167 1350 22 20 af
205 1350 68 21 denna
289 1350 94 21 utilitära
399 1350 47 21 sida
461 1350 23 21 af
500 1350 72 21 saken.
603 1350 65 21 Hvad
683 1350 111 22 Utskottet
805 1350 97 21 deremot

75 1378 66 28 ansåg
164 1378 34 21 för
220 1380 32 20 sin
275 1379 54 28 pligt
344 1382 31 18 att
390 1378 80 22 medels
487 1379 67 25 korta,
570 1386 48 13 men
634 1379 36 27 jag
685 1382 44 18 tror
744 1378 97 28 vägande
855 1379 46 21 skäl

76 1406 73 28 bringa
171 1408 5 20 i
199 1408 88 25 erinran,
311 1409 22 19 är
354 1410 31 18 att
401 1408 67 27 enligt
482 1407 100 28 gällande
598 1408 34 27 lag
648 1407 41 22 och
705 1407 41 21 den
761 1407 92 28 ordning
868 1407 34 21 för

76 1435 48 21 dess
147 1435 144 29 tillämpande,
314 1443 45 13 som
382 1439 51 17 utan
457 1436 82 20 afbrott
554 1436 5 20 i
577 1437 27 20 20
626 1436 23 20 år
670 1436 55 20 varit
740 1435 105 29 gällande,
860 1443 41 20 nya

75 1464 88 27 utgifter
182 1464 35 21 för
238 1464 90 21 militära
344 1464 99 21 ändamål
459 1464 48 22 icke
522 1464 24 21 få
562 1464 22 21 af
600 1464 109 28 Styrelsen
726 1464 92 21 beslutas
834 1464 68 21 under

76 1492 59 21 tiden
152 1493 75 21 mellan
243 1494 79 20 tvänne
339 1492 133 29 landtdagar,
488 1492 24 22 så
528 1492 46 22 vidt
590 1492 27 22 de
633 1494 18 27 ej
669 1493 72 21 kunna
757 1492 104 22 bestridas
877 1500 25 13 ur

75 1521 96 27 anslaget
185 1521 35 21 för
236 1521 139 21 oförutsedda
391 1521 66 21 behof
472 1522 7 20 i
495 1521 191 28 militiebudgeten.
711 1521 43 21 Det
768 1523 23 19 är
802 1522 47 20 icke
860 1528 43 20 nog

811 1561 23 18 40
