1117 1781
245 131 42 21 528
500 137 24 17 R.
538 142 17 12 o.
569 138 21 16 A.
605 138 56 17 1897.
685 138 14 16 8
710 138 64 21 April

484 235 297 29 Omröstningsproposition:

287 302 56 27 Den,
359 310 45 13 som
419 302 126 29 godkänner
560 302 37 22 det
612 303 7 20 i
634 303 107 21 klämmen
757 302 27 29 på
800 302 38 21 sid.
854 304 12 19 5
881 303 8 20 i
902 302 146 23 betänkandet

216 330 109 28 ingående
341 331 109 28 förslaget,
464 333 69 19 röstar
546 332 33 27 ja;

287 388 78 21 vinner
379 389 41 28 nej,
435 388 107 22 förkastas
558 388 66 29 sagda
640 388 88 29 förslag.

288 450 85 22 Genom
399 451 70 22 denna
492 452 143 28 propositions
658 451 134 22 besvarande
815 451 48 22 med
886 451 161 28 öfvervägande

218 479 35 21 nej
279 479 56 21 hade
361 479 25 22 R.
411 487 19 14 o.
454 481 27 20 A.
506 480 88 21 beslutit
618 483 32 18 att
672 480 97 21 förkasta
783 479 125 22 Utskottets
923 479 83 50 ed
1019 488 29 20 pä

217 508 41 21 sid.
284 509 12 20 5
322 510 32 19 att
378 508 163 28 ifrägavarande
565 509 85 28 privata
673 509 72 21 skolor
768 509 68 21 skulle
859 508 48 21 med
922 508 124 29 tillräckligt

217 536 132 29 statsanslag
364 537 148 21 understödas.

288 605 13 21 I
316 605 103 22 afseende
434 605 14 22 å
463 605 123 22 Utskottets
602 606 57 21 kläm
675 606 28 29 pä
718 606 39 21 sid.
774 607 12 20 6
801 605 84 29 yttrade

289 668 35 21 Hr
346 669 131 28 Ramsay:
500 669 44 21 Det
565 669 81 28 förslag
669 677 34 13 om
726 670 121 25 maximum,
869 676 46 14 som
937 669 36 28 jag
993 669 55 22 hade

217 699 54 19 äran
293 697 92 28 tidigare
408 699 57 26 göra,
480 700 114 26 utmynnar
613 697 52 27 deri,
680 700 32 19 att
727 698 114 21 maximum
857 697 22 22 af
894 697 116 22 understöd
1026 697 23 22 åt

219 725 27 21 de
269 726 86 27 privata
377 725 245 22 fruntimmersskolorna
644 726 69 21 skulle
736 726 128 21 bestämmas
884 726 33 21 till
932 725 117 22 detsamma

218 761 48 14 som
292 755 116 20 maximum
433 755 34 21 för
490 755 147 28 gosskolorna,
660 755 41 21 och
729 758 32 18 att
783 754 146 22 betänkandet
949 755 6 20 i
979 754 70 22 denna

235 785 55 18 unkt
312 783 69 21 skulle
397 783 163 22 återremitteras
576 783 35 21 för
626 786 31 19 att
672 783 107 22 klämmen
803 783 68 21 skulle
887 783 161 22 omformuleras

218 818 8 13 1
242 811 79 21 sådant
336 811 63 28 syfte.

293 879 36 22 Hr
343 880 26 22 A.
385 880 95 22 Antell
495 880 145 22 understödde
656 880 59 22 detta
730 880 87 29 förslag.

291 949 59 21 Frih.
365 957 52 14 von
432 949 166 22 Bonsdorff:
620 949 43 28 Jag
684 951 22 20 är
721 949 34 22 Hr
775 949 93 28 Ramsay
885 949 86 28 mycket
989 949 61 22 tack-

219 985 48 14 sam
282 978 36 21 för
333 977 37 22 det
394 977 116 22 understöd
533 978 41 21 han
597 978 66 28 gifvit
685 978 124 22 Utskottets
834 977 66 22 andra
921 977 63 27 kläm,
1000 985 50 14 men

220 1006 39 21 vill
279 1009 111 25 gentemot
405 1006 53 22 hans
474 1007 109 21 uttalande
599 1007 108 26 anmärka,
723 1009 32 19 att
769 1006 38 22 det
821 1014 52 14 vore
888 1006 34 21 för
937 1006 114 22 Utskottet

220 1036 78 20 nästan
314 1035 97 28 omöjligt
425 1038 32 18 att
472 1035 48 21 med
535 1035 66 28 några
616 1035 79 22 exakta
705 1035 71 22 siffror
784 1035 81 28 bevisa,
874 1035 73 21 hvilka
955 1036 96 20 maximi-

220 1063 81 28 belopp
323 1071 52 14 vore
391 1063 23 22 af
428 1063 75 26 nöden,
518 1064 41 21 och
574 1063 35 22 får
623 1065 36 27 jag
674 1064 73 21 derför
761 1064 107 28 tillstyrka
883 1063 130 29 antagandet
1028 1063 23 22 af

219 1091 128 22 Utskottets
362 1092 63 27 kläm,
440 1092 66 21 sådan
522 1092 41 21 den
579 1094 23 20 är
618 1093 130 21 formulerad
764 1093 7 21 i
787 1092 150 22 betänkandet.

291 1160 33 21 På
345 1161 70 27 grund
438 1161 22 21 af
477 1161 56 21 hvad
548 1161 90 21 sålunda
654 1163 77 26 yttrats
746 1161 114 29 uppstälde
875 1161 35 21 Hr
924 1161 127 22 Landtmar-

220 1188 92 22 skalken
328 1189 32 21 till
375 1189 26 22 R.
417 1197 18 14 o.
450 1189 38 22 A:s
504 1189 133 22 besvarande
652 1189 96 30 följande

488 1287 285 29 Omröstningsproposition
782 1296 4 12 :

778 1356 42 7 rd

217 1382 3 2 .
292 1355 55 27 Den,
363 1363 45 15 som
423 1356 124 28 godkänner
562 1356 125 22 Utskottets
703 1356 57 21 Rläm
775 1364 14 14 å
803 1356 40 21 sid.
854 1357 12 20 6
882 1356 7 20 i
900 1355 150 27 betänkandet,

219 1385 72 20 röstar
305 1384 33 29 ja;

291 1453 78 21 vinner
394 1454 40 28 nej,
459 1453 163 22 återremitteras
648 1453 147 21 betänkandet
819 1453 32 21 till
876 1453 113 21 Utskottet
1017 1453 34 21 för

219 1480 121 23 klämmens
356 1482 174 28 omformulering
545 1482 7 21 i
567 1482 38 21 det
620 1484 58 26 syfte
692 1484 35 20 Hr
741 1486 95 24 Kamsay
850 1481 117 29 föresiagit.
