1117 1781
232 110 41 22 242
428 116 162 18 Presteständet
604 117 55 17 1882.
685 117 22 17 17
719 117 97 17 februari.

202 186 33 20 att
250 185 73 20 sekter
345 184 62 22 hafva
430 185 109 22 betraktat
562 185 121 22 hvarandra
704 186 48 21 med
767 192 81 15 samma
863 186 92 21 hatfulla
971 188 62 24 ögon,

202 219 46 16 som
261 213 92 26 judarne
378 220 28 15 nu
422 213 99 22 betrakta
544 220 40 15 oss.
615 214 59 21 Eller
696 215 126 20 betraktade
845 214 33 21 väl
899 215 133 21 katolikerna

201 242 101 21 kättarne
319 243 69 20 såsom
412 242 30 21 sin
459 244 67 25 nästa,
543 243 27 21 då
586 243 26 21 de
628 243 48 21 med
701 243 34 21 eld
751 243 39 22 och
805 243 64 21 svärd
884 244 61 21 sökte
961 245 71 20 utrota

203 271 54 24 dem,
275 270 39 21 och
329 270 22 21 vi
367 273 149 24 protestanter,
536 272 72 21 kunna
624 272 19 21 vi
659 271 34 21 väl
709 273 50 25 säga
775 274 32 19 att
822 272 20 20 vi
857 278 46 15 som
920 272 37 21 vår
971 274 61 19 nästa

201 298 137 22 behandlade
354 300 40 21 den
410 299 99 27 affälling,
526 300 84 21 hvilken
627 301 19 20 vi
660 301 47 20 med
721 301 72 26 lagens
805 307 44 14 arm
861 301 73 20 drefvo
945 301 5 20 i
963 301 68 20 lands-

201 327 61 27 flykt,
278 327 56 22 blott
350 327 70 22 derför
435 331 32 18 att
483 329 41 20 han
540 329 6 20 i
562 329 108 21 trossaker
687 329 72 21 tänkte
776 329 57 21 olika
849 329 47 21 med
913 329 48 21 oss?
987 329 46 21 Allt

202 357 60 20 detta
285 356 39 21 har
347 357 90 20 emellan
459 357 26 21 de
500 357 82 21 kristna
603 357 174 22 konfessionerna
800 357 69 22 blifvit
890 358 77 23 bättre,
983 358 48 21 tack

202 391 51 15 vare
269 385 69 21 denna
359 391 80 16 samma
455 385 219 28 humanitetsprincip,
691 393 33 14 om
744 386 84 21 hvilken
844 386 39 21 här
899 387 23 20 sä
938 385 94 22 hänfulla

201 414 115 27 yttranden
342 414 67 21 fällas.
442 415 30 20 De
496 415 82 20 kristna
599 415 86 26 förfölja
700 415 19 26 ej
735 421 45 14 mer
796 415 120 20 hvarandra
931 415 100 20 inbördes

201 442 28 27 på
245 443 36 20 det
297 443 70 26 gamla
390 443 84 26 blodiga
490 445 70 24 sättet,
578 444 25 21 de
619 444 94 20 erkänna
733 443 134 21 sinsemellan
884 443 147 22 trosfrihetens

201 471 56 26 höga
273 471 120 27 grundsats,
410 471 39 22 och
465 471 85 22 hvarför
572 472 68 21 skulle
656 473 45 20 icke
718 472 143 21 förhållandet
877 472 76 21 mellan
968 473 63 25 judar

201 499 40 21 och
257 500 82 21 kristne
355 499 123 27 förbättras,
494 507 34 14 om
541 501 55 20 blott
607 507 80 14 samma
698 501 113 24 grundsats
822 501 85 26 gjordes
919 501 112 26 gällande?

201 528 48 21 Men
267 528 36 21 det
318 535 34 14 ser
368 530 22 19 ut
406 535 44 15 som
466 535 34 14 om
517 529 38 21 den
572 529 70 26 gamla
658 529 186 27 förföljelselustan
861 529 18 26 ej
895 531 57 19 ännu
963 529 67 21 skulle

201 556 61 27 gifvit
278 557 56 26 vika,
349 559 51 19 utan
417 558 6 20 i
439 557 72 21 stället
526 558 47 20 med
590 558 155 21 koncentrerad
761 558 73 27 styrka
847 559 64 20 vändt
927 558 31 26 sig
974 561 56 17 emot

201 585 95 26 judarne.
327 586 74 26 Dessa,
417 587 22 20 så
454 585 60 22 heter
531 587 42 24 det,
594 593 50 14 anse
660 593 35 14 oss
710 587 45 20 icke
772 587 70 20 såsom
858 587 32 20 sin
907 589 66 22 nästa,
990 586 39 21 och

201 614 69 21 skulle
295 614 25 21 de
336 615 63 20 hafva
422 615 66 25 makt,
500 615 23 20 så
538 615 68 21 skulle
627 615 26 21 de
669 621 41 20 nog
725 615 84 26 förfölja
825 621 43 18 oss;
892 615 55 21 hvad
963 617 23 18 är
1003 615 27 20 då

200 643 105 26 riktigare
328 643 39 21 och
389 643 129 26 naturligare
539 645 26 19 än
590 646 32 19 att
638 644 18 20 vi
674 650 43 14 som
741 644 64 20 hafva
821 644 92 24 makten,
929 643 101 21 fortsätta

200 672 49 20 med
261 671 36 21 det
307 672 71 26 gamla
389 671 203 28 förföljelseverket?
609 673 65 20 Detta
685 673 59 20 torde
755 679 52 14 vara
817 672 88 26 ungefär
915 672 114 26 grundtan-

199 700 43 21 ken
258 700 32 21 uti
307 699 56 22 hvad
379 706 45 15 som
445 703 77 24 yttrats
538 701 22 20 af
574 701 77 26 många
667 701 67 20 talare
749 701 6 20 i
772 702 60 19 detta
847 701 68 24 stånd,
932 701 59 20 äfven
1008 699 24 21 af

201 729 47 24 den,
263 728 86 21 hvilken
366 730 96 25 öppnade
484 729 79 26 dagens
579 730 157 20 sammanträde
752 729 48 21 med
817 736 24 14 en
858 729 122 26 förklaring,
996 731 33 18 att

200 757 53 21 hans
269 757 56 26 åsigt
341 757 52 21 visst
416 757 46 21 icke
478 764 49 14 vore
543 760 32 19 att
591 765 47 14 man
656 758 18 26 ej
694 758 65 21 borde
776 758 85 21 bemöta
875 758 90 26 judarne
981 757 47 21 med

199 785 28 21 all
244 786 121 21 humanitet
380 786 39 21 och
435 786 90 27 välvilja,
541 789 39 18 när
596 787 25 20 de
640 787 85 20 komma
740 787 6 20 i
763 793 36 14 ens
816 789 44 23 väg,
877 787 55 20 ända
949 786 79 21 derhän

199 817 33 18 att
248 821 48 14 man
314 814 65 21 borde
396 815 84 21 försöka
503 817 52 24 göra
570 815 48 21 dem
634 815 32 21 till
683 815 86 21 kristna.
802 815 41 21 Det
859 817 24 18 är
898 815 33 20 väl
947 815 81 20 kanske

200 843 39 20 lätt
255 845 33 19 att
304 843 61 26 lägga
382 843 6 20 i
404 843 66 26 dagen
487 850 25 15 en
528 844 66 21 sådan
611 844 124 23 humanitet,
752 843 65 22 sedan
829 850 48 14 man
888 843 53 21 först
952 849 75 21 genom

199 871 161 27 lagstiftningen
377 874 41 19 sett
434 871 38 24 till,
489 874 32 19 att
537 873 25 20 de
578 872 69 26 aldrig
663 872 84 21 komma
763 879 25 14 en
801 873 6 20 i
819 874 72 24 vägen.
922 872 48 21 Men
982 872 44 21 der-

199 900 48 21 med
270 900 80 27 slipper
373 900 42 21 han
430 900 54 21 dock
505 901 45 21 icke
566 907 26 14 ur
608 901 36 21 det
667 901 98 21 dilemma
787 900 126 27 judefrågan
931 901 97 20 innebär.

198 929 87 20 Endera
300 929 23 20 af
347 929 62 20 dessa
424 932 23 17 tu
468 929 53 26 ting:
546 930 100 25 antingen
670 929 59 21 skola
745 930 19 20 vi
781 929 18 28 ej
817 929 99 21 betrakta
937 929 90 26 judarne

199 957 70 21 såsom
286 957 37 21 vår
339 959 68 23 nästa,
424 959 50 19 utan
490 958 99 21 fördrifva
605 959 59 25 dem;
688 965 46 14 men
751 959 5 20 i
772 959 78 20 sådant
865 958 37 21 fall
919 959 59 25 tager
991 957 37 26 jag

198 986 43 26 mig
258 985 91 22 friheten
367 986 64 27 fråga,
448 987 5 20 i
469 987 84 20 hvilken
571 987 47 20 mån
632 987 36 20 vår
679 987 130 20 kristendom
822 986 27 21 då
861 987 6 20 i
881 987 68 20 denna
960 987 66 26 punkt

198 1016 23 19 är
238 1014 77 25 bättre,
332 1017 25 18 än
375 1015 60 20 deras
451 1015 127 21 talmudiska
594 1015 117 21 orthodoxi.
737 1015 59 21 Eller
813 1015 62 21 också
892 1015 52 20 böra
960 1015 18 20 vi
994 1021 32 14 er-

198 1043 71 21 känna
283 1043 90 26 judarne
389 1043 68 21 såsom
475 1045 36 20 vår
527 1046 62 19 nästa
604 1044 40 21 och
660 1045 5 20 i
682 1044 74 21 sådant
773 1043 36 21 fall
825 1044 68 21 måste
908 1044 19 20 vi
944 1044 31 20 väl
992 1050 34 14 en-

198 1072 39 26 ligt
253 1072 37 21 det
306 1072 65 27 fjerde
395 1073 22 20 af
430 1073 26 20 de
472 1073 48 24 bud,
542 1079 45 14 som
604 1072 18 21 vi
639 1072 62 21 hafva
726 1073 47 20 med
790 1073 47 20 dem
862 1078 163 20 gemensamma,

197 1101 62 20 älska
276 1101 46 20 dem
346 1101 68 20 såsom
432 1107 34 14 oss
481 1101 79 26 sjelfva,
578 1101 36 20 det
636 1101 35 20 vill
688 1103 57 25 säga,
761 1101 106 26 medgifva
883 1101 45 20 dem
945 1107 82 14 samma

198 1129 171 28 medborgerliga
385 1129 112 25 förmåner,
514 1136 44 15 som
576 1130 18 20 vi
610 1129 74 26 sjelfva
699 1131 82 25 åtnjuta
798 1130 5 19 i
815 1129 78 21 landet.
925 1129 40 21 «Låt
975 1136 49 14 vara

197 1160 32 19 att
245 1157 41 21 den
299 1158 86 26 judiska
401 1158 222 21 nationalkarakteren
643 1159 66 20 under
726 1158 121 26 tusenåriga
864 1158 98 21 lidanden
978 1158 47 21 blif-

197 1187 30 20 vit
244 1186 101 21 behäftad
369 1187 47 20 med
440 1187 60 20 svåra
517 1187 64 26 lyten,
598 1187 46 20 med
668 1187 132 24 inskränkta,
823 1187 89 20 hatfulla
929 1187 57 26 drag,
1002 1187 24 20 så

197 1217 32 18 att
245 1215 27 21 de
295 1215 72 21 kunna
393 1221 61 15 anses
470 1221 43 15 som
541 1217 31 19 ett
588 1215 90 27 verkligt
701 1216 51 20 ondt
768 1216 6 20 i
791 1215 74 26 många
882 1215 48 21 land
947 1216 37 20 der
1000 1215 25 21 de

197 1243 110 22 tolereras.
338 1244 48 21 Men
402 1244 80 21 hvilket
497 1246 24 19 är
536 1243 33 21 väl
584 1245 36 20 det
631 1245 130 20 botemedlet
772 1243 102 22 historien
885 1250 37 20 ger
935 1244 89 20 vidhand

196 1274 45 19 mot
257 1275 32 18 ett
311 1273 51 20 ondt
378 1272 23 22 af
421 1272 65 22 sådan
510 1272 151 22 beskaffenhet.
692 1273 33 21 Då
747 1279 49 15 man
819 1272 39 22 här
881 1279 73 15 svarar
976 1273 49 20 med

197 1301 71 26 tvång,
284 1301 39 20 har
339 1308 48 14 man
413 1301 132 27 sannerligen
562 1302 40 20 läst
621 1302 32 20 sin
669 1301 88 21 historia
773 1302 41 20 illa.
846 1302 41 20 Det
903 1301 66 21 finnes
984 1302 41 20 vis-

196 1330 92 25 serligen
305 1330 58 25 ondt,
380 1332 56 18 emot
452 1330 79 20 hvilket
547 1336 47 14 man
611 1330 107 21 använder
733 1330 152 26 tvångsmedel,
897 1336 46 14 men
955 1331 23 19 är
990 1330 35 20 det

196 1358 35 20 väl
247 1358 28 26 på
297 1358 185 22 trosbekännelser
505 1358 39 21 och
560 1358 214 27 verldsåskådningar
795 1358 52 21 eller
862 1364 37 15 ens
915 1359 26 25 på
958 1358 66 21 natio-

196 1387 49 20 nela
261 1386 172 26 karaktersdrag,
450 1393 44 15 som
510 1390 32 18 ett
557 1387 76 21 sådant
649 1387 118 21 botemedel
785 1386 38 21 hos
839 1386 65 27 något
919 1387 44 21 folk
974 1387 52 21 eller

196 1415 27 26 på
239 1416 70 25 någon
335 1415 30 21 tid
381 1416 69 20 blifvit
473 1416 46 20 med
546 1416 110 26 framgång
681 1416 99 20 användt.
811 1416 42 20 Det
877 1415 67 21 finnes
960 1416 65 25 enligt

195 1443 43 21 min
263 1450 85 20 mening
371 1444 75 21 endast
470 1447 30 18 ett
523 1444 120 21 botemedel
666 1447 43 18 mot
727 1444 78 21 sådant
820 1444 58 25 ondt,
895 1444 39 21 och
950 1444 36 20 det
1001 1446 24 18 är

195 1472 86 26 godhet.
313 1473 151 20 Humaniteten
480 1475 24 19 är
520 1473 35 21 det
572 1479 44 15 som
634 1473 38 21 har
688 1473 69 21 släckt
773 1475 24 18 ut
811 1472 136 22 kättarbålen
961 1472 6 21 i
984 1472 40 21 Eu-

195 1506 58 21 ropa,
270 1501 39 21 den
326 1503 24 19 är
376 1502 35 20 det
426 1508 44 14 som
486 1502 90 20 kommit
592 1508 34 14 oss
650 1504 32 18 att
697 1508 49 14 anse
763 1501 134 27 förbrytarne
913 1507 45 15 som
975 1501 50 21 våra
