1117 1781
221 112 42 20 594
429 116 162 18 Prestestänäet
604 117 55 17 1882.
684 118 22 16 21
719 122 62 12 mars.

193 186 101 21 moralisk
310 186 109 27 betydelse
434 187 57 26 ligga
508 187 75 26 deruti,
600 190 30 17 att
645 187 110 20 arbetaren
773 189 34 18 vet
820 187 31 26 sig
867 193 39 21 ega
923 187 40 20 den
975 187 48 26 koja

192 215 41 20 han
257 214 70 21 bebor.
358 215 47 20 Han
430 221 33 14 ser
486 215 34 20 väl
541 215 32 26 sig
588 215 46 20 icke
651 215 6 20 i
673 215 60 21 stånd
751 217 30 18 att
797 215 104 27 nedlägga
916 216 47 20 sina
978 215 45 20 små

193 243 138 27 besparingar
354 244 25 27 pä
403 246 29 18 ett
453 243 110 28 utvidgadt
577 244 108 27 jordbruk,
701 250 48 14 men
766 244 40 20 kan
824 246 50 25 göra
890 244 35 21 det
941 244 26 27 pä
981 244 41 21 för-

193 271 122 21 bättrandet
331 273 20 20 af
367 272 31 21 sin
415 272 47 27 koja
478 273 39 20 och
533 274 50 25 göra
599 273 35 20 sitt
650 273 47 20 hem
708 272 49 21 fullt
770 273 21 20 af
804 273 83 20 trefnad
899 273 39 20 och
950 273 73 26 behag,

193 300 69 21 sävidt
285 300 35 21 det
335 301 43 20 stär
394 301 4 20 i
416 301 52 20 hans
484 301 102 27 förmäga,
602 301 6 20 i
626 301 47 20 vida
688 301 65 26 högre
769 301 58 27 grad,
843 303 26 18 än
886 301 25 20 dä
928 302 40 19 han
986 301 38 20 bor

193 329 6 20 i
215 335 26 14 en
258 329 49 26 legd
323 329 48 27 koja
387 329 106 21 hvarifrän
510 330 42 20 han
569 329 39 21 kan
625 329 122 21 bortvräkas
758 329 87 21 hvilken
857 330 40 27 dag
908 336 45 14 som
964 330 59 20 helst.

193 357 42 21 Det
251 357 68 28 ligger
334 359 18 26 ej
369 359 6 19 i
391 359 52 20 hans
458 358 90 21 intresse
564 360 30 19 att
609 358 104 27 nedlägga
729 359 72 20 arbete
817 358 26 27 pä
854 365 25 14 en
892 357 130 22 främmande

194 387 55 26 koja,
264 393 49 14 men
329 387 33 20 väl
379 387 25 27 pä
419 387 31 20 sin
467 393 59 20 egen,
541 387 43 20 ifall
602 387 40 20 han
660 387 37 20 har
711 393 26 14 en
754 387 72 20 sädan.
856 387 49 20 Man
923 387 100 20 behöfver

195 414 55 21 blott
273 415 69 20 erinra
365 415 32 26 sig
420 415 34 21 det
470 415 70 27 gamla
557 415 99 26 engelska
672 415 124 27 ordspråket
811 432 10 10 ,
825 416 44 20 mitt
886 416 39 20 hus
941 417 22 19 är
979 416 43 19 min

193 443 71 27 borg",
288 444 23 20 sä
334 444 77 21 uttalar
428 444 57 20 detta
501 450 45 14 mer
562 446 25 18 än
605 445 33 19 väl
655 444 40 21 den
712 444 113 21 moraliska
843 444 107 27 betydelse
966 444 57 27 själf-

194 472 92 27 egandet
308 473 82 20 medför
413 473 61 20 äfven
498 473 32 20 för
552 472 40 21 den
609 479 45 14 som
670 479 49 20 eger
736 472 52 21 blott
804 473 41 20 den
861 473 92 26 ringaste
969 473 53 26 koja.

193 501 42 26 Jag
252 501 40 20 kan
309 501 18 26 ej
344 504 65 17 annat
423 501 57 20 finna
496 503 26 18 än
539 504 35 18 att,
590 501 69 20 såsom
675 501 75 21 doktor
766 501 79 21 Geitlin
861 501 104 22 framhöll,
981 501 41 20 för-

193 530 210 26 fattningsförslaget,
419 530 22 20 sä
457 529 76 26 mänga
549 529 121 27 förtjenster
686 530 34 20 det
735 532 26 18 än
779 530 38 20 har
831 530 88 20 framför
929 530 40 21 den
983 537 39 13 nu-

195 558 92 20 varande
308 558 156 27 författningen,
487 558 64 21 likväl
574 559 18 26 ej
619 559 6 19 i
651 558 68 27 någon
743 558 71 21 alltför
837 559 40 26 bög
899 559 50 25 grad
969 559 53 20 skall

194 587 86 20 komma
296 587 40 20 den
353 587 44 20 lösa
414 587 148 26 befolkningen
579 587 31 20 till
626 589 66 24 nytta,
707 593 34 14 om
758 593 49 14 man
823 587 46 20 icke
885 587 101 27 derjemte
996 587 26 27 på

194 615 38 20 allt
256 617 40 18 sätt
319 615 61 21 söker
403 615 117 21 underlätta
545 615 136 27 uppnåendet
705 616 20 20 af
741 616 35 20 det
793 616 116 27 väsentliga
925 615 97 21 ändamäl

195 650 44 13 som
266 643 52 21 både
334 643 156 28 författningen,
507 645 124 26 regeringen
648 644 39 21 och
702 644 114 21 ständerna
831 645 68 24 afsett,
915 644 107 26 nämligen

195 676 30 16 att
248 672 51 21 söka
315 673 98 20 förskaffa
429 673 69 20 denna
515 673 43 20 lösa
575 672 124 27 befolkning
715 679 24 14 ev
755 679 53 21 egen
825 673 75 26 grund,
917 673 105 20 hvarifrån

195 701 40 20 den
251 701 47 20 icke
315 701 39 20 kan
371 701 117 20 fördrifvas.
517 701 42 27 Jag
574 701 32 20 för
622 701 42 20 min
681 701 33 20 del
731 701 37 21 ber
784 701 71 21 derför
871 704 29 18 att
915 701 20 20 få
951 701 25 27 på
987 701 36 21 det

195 732 105 18 varmaste
316 729 128 22 understöda
460 729 104 27 förslaget.

267 787 108 20 Professor
391 787 93 20 Cleve:
515 787 73 26 Enligt
604 787 42 20 min
664 787 135 27 uppfattning
815 789 22 18 är
853 787 35 20 det
904 787 76 26 tydligt
992 790 30 17 att

195 822 29 14 nu
248 815 160 27 ifrågavarande
431 816 77 26 förslag
532 817 18 26 ej
570 816 56 20 afser
641 818 29 18 att
685 816 7 19 i
708 815 68 28 pågon
795 815 103 27 väsentlig
913 815 50 27 grad
979 816 42 20 för-

195 844 66 20 ändra
278 844 276 27 egendomsförhållandena
570 845 6 19 i
593 845 46 20 vårt
654 844 55 26 land,
725 844 70 21 såvidt
811 844 35 21 det
861 844 66 27 angår
941 844 81 27 jorden.

194 872 42 21 Det
252 875 23 18 är
290 873 75 20 endast
379 873 59 26 fråga
453 879 34 14 om
504 876 29 17 att
549 873 79 20 tilldela
644 873 130 20 kommunen
791 875 40 18 rätt
841 875 30 18 att
882 873 68 20 såsom
963 872 58 21 kom-

195 908 51 13 mun
271 907 38 21 ega
332 901 47 27 jord
403 902 37 20 och
457 908 89 14 ansvara
562 901 77 26 derför,
654 901 53 20 dock
724 902 69 19 under
808 901 78 20 sådana
903 901 73 25 vilkor,
992 904 29 17 att

195 930 41 21 den
254 930 101 20 kommun
372 937 43 13 som
432 930 80 21 tillöser
528 930 32 27 sig
575 934 30 17 ett
620 930 105 25 hemman,
741 932 66 18 större
824 929 51 21 eller
886 930 87 25 mindre,
987 929 33 21 må

195 965 38 21 ega
257 960 41 19 rätt
320 961 29 18 att
372 959 112 26 disponera
500 959 58 20 öfver
574 959 56 20 detta
647 959 96 20 hemman
760 958 89 21 alldeles
865 958 119 21 oberoende
1000 958 21 21 af

195 988 41 20 den
252 987 136 27 granskning,
403 994 44 13 som
464 990 67 18 staten
548 987 120 21 förbehållit
683 987 32 26 sig
731 987 46 20 med
795 987 100 20 afseende
911 987 12 20 å
935 987 85 26 jordens

194 1015 132 28 försäljning,
343 1018 37 18 när
396 1017 39 19 den
451 1018 23 18 är
490 1017 28 19 uti
536 1016 81 21 enskild
635 1022 59 14 mans
710 1022 44 21 ego.
780 1015 43 21 Det
840 1016 38 19 kan
895 1015 47 21 icke
957 1017 65 19 sättas

194 1045 6 20 i
223 1045 59 26 fråga
305 1047 30 18 att
358 1045 45 20 icke
425 1045 129 20 kommunen
578 1044 69 21 skulle
668 1051 49 14 vara
733 1045 129 26 kompetent,
877 1047 30 18 att
922 1045 7 19 i
945 1044 76 20 förhål-

194 1073 63 21 lande
273 1073 31 20 till
320 1075 67 18 staten
404 1080 88 13 ansvara
508 1073 32 20 för
556 1073 40 20 alla
612 1073 26 21 de
654 1072 146 28 skyldigheter
815 1073 41 20 den
873 1073 89 20 sålunda
978 1073 42 20 åta-

193 1109 38 20 ger
254 1103 39 26 sig.
322 1101 100 21 Deremot
442 1102 38 20 har
500 1102 36 20 det
551 1108 28 14 nu
596 1104 51 18 satts
663 1102 5 19 i
685 1102 64 26 fråga,
765 1101 105 20 huruvida
886 1101 79 20 sådana
980 1101 40 20 för-

194 1131 114 20 hållanden
333 1130 107 27 verkligen
465 1130 69 21 skulle
558 1130 72 20 kunna
646 1137 49 14 vara
709 1130 41 21 alla
767 1129 31 22 till
814 1136 61 21 gagn.
906 1129 41 28 Jag
963 1130 34 20 vill
1014 1130 6 20 i

194 1159 57 21 detta
267 1159 121 20 hänseende
404 1159 46 20 icke
466 1165 92 21 upprepa
575 1159 53 20 hvad
646 1159 62 20 redan
727 1159 70 20 blifvit
808 1159 66 25 sagdt,
885 1161 51 18 utan
947 1158 74 21 endast

193 1188 70 20 erinra
287 1187 78 25 derom,
387 1190 30 18 att
440 1188 22 26 ju
479 1188 129 20 kommunen
626 1187 71 21 härvid
715 1187 90 20 handlar
819 1187 88 20 alldeles
922 1187 45 20 fritt
982 1187 38 20 och

193 1220 30 17 att
246 1217 36 20 det
304 1216 81 21 således
409 1223 63 19 synes
496 1217 42 26 mig
560 1216 134 27 tämmeligen
712 1216 60 25 klart,
788 1219 30 18 att
833 1216 39 20 den
890 1216 46 20 icke
952 1216 69 27 griper

193 1245 31 20 till
248 1245 79 21 sådana
351 1245 67 21 medel
442 1245 139 25 annorlunda,
604 1247 26 18 än
652 1245 82 26 nödgad
751 1245 38 20 och
807 1247 101 24 tvungen,
923 1247 21 24 ty
961 1244 58 20 alltid

193 1274 82 21 medför
291 1274 35 20 det
342 1274 31 20 för
389 1274 129 20 kommunen
535 1274 68 26 någon
620 1274 111 26 olägenhet
747 1276 30 18 att
793 1274 61 26 åtaga
869 1274 32 26 sig
917 1280 25 14 en
955 1272 63 21 sådan

193 1302 140 26 ansvarighet.
363 1302 48 21 Men
428 1302 116 20 tillståndet
559 1302 6 20 i
581 1309 25 14 en
624 1302 34 21 del
674 1302 20 20 af
709 1302 84 20 landets
809 1302 126 20 kommuner
947 1301 72 26 tyckes

193 1331 109 27 verkligen
327 1337 48 14 vara
394 1331 80 25 sådant,
489 1334 29 18 att
534 1337 48 14 man
600 1331 39 20 kan
656 1333 81 25 antaga,
753 1331 36 20 det
805 1331 130 20 kommunen
951 1330 69 20 finner

192 1360 45 20 skäl
261 1362 29 18 att
305 1359 66 21 hellre
387 1359 60 27 åtaga
462 1360 32 26 sig
510 1361 30 19 ett
555 1359 75 21 sådant
646 1366 75 14 ansvar
737 1360 40 20 och
793 1359 128 21 underkasta
937 1359 32 27 sig
984 1358 35 21 det

193 1395 44 13 som
263 1390 22 18 är
308 1388 85 20 dermed
417 1388 103 26 förenadt,
537 1390 25 18 än
579 1391 30 17 att
624 1388 43 20 låta
683 1388 25 20 de
722 1388 115 20 bestående
854 1387 166 21 missförhållan-

193 1417 54 20 dena
271 1416 55 21 råda.
358 1416 31 20 Då
412 1417 19 19 vi
455 1423 22 14 se
500 1420 30 17 att
552 1416 41 21 den
616 1416 44 21 lösa
683 1416 162 27 befolkningens
861 1416 56 20 antal
933 1416 6 20 i
956 1416 64 26 några

193 1445 127 20 kommuner
341 1445 68 20 såsom
425 1448 13 17 t.
454 1452 33 13 ex.
506 1446 3 19 i
525 1445 75 21 Joutsa
617 1445 38 21 och
671 1444 114 28 Maaninga
801 1445 125 27 öfverstiger
941 1444 77 21 hälften

191 1474 22 20 af
230 1474 45 20 hela
293 1474 215 25 innevånareantalet,
522 1474 23 20 så
560 1474 66 20 måste
643 1480 47 14 man
703 1474 33 20 väl
747 1480 51 14 anse
811 1474 72 26 hvarje
895 1472 68 22 medel
975 1479 43 15 som

190 1502 89 20 föreslås
303 1502 32 21 för
357 1502 188 20 åstadkommande
568 1502 21 20 af
612 1502 89 27 ändring
725 1502 5 20 i
750 1502 57 21 detta
823 1502 132 20 förhållande
971 1508 49 14 vara
