<?xml version="1.0" encoding="UTF-8"?>
<alto xmlns="http://www.loc.gov/standards/alto/ns-v3#" xmlns:xlink="http://www.w3.org/1999/xlink" xmlns:xsi="http://www.w3.org/2001/XMLSchema-instance" xsi:schemaLocation="http://www.loc.gov/standards/alto/ns-v3# http://www.loc.gov/alto/v3/alto-3-0.xsd">
	<Description>
		<MeasurementUnit>pixel</MeasurementUnit>
		<sourceImageInformation>
			<fileName>/tmp/tess_x53s5qb0_input.PNG</fileName>
		</sourceImageInformation>
		<OCRProcessing ID="OCR_0">
			<ocrProcessingStep>
				<processingSoftware>
					<softwareName>tesseract 5.3.4</softwareName>
				</processingSoftware>
			</ocrProcessingStep>
		</OCRProcessing>
	</Description>
	<Layout>
		<Page WIDTH="1117" HEIGHT="1781" PHYSICAL_IMG_NR="0" ID="page_0">
			<PrintSpace HPOS="0" VPOS="0" WIDTH="1117" HEIGHT="1781">
				<GraphicalElement ID="cblock_0" HPOS="1" VPOS="282" WIDTH="5" HEIGHT="496"></GraphicalElement >
				<ComposedBlock ID="cblock_1" HPOS="251" VPOS="116" WIDTH="594" HEIGHT="23">
					<TextBlock ID="block_0" HPOS="251" VPOS="116" WIDTH="594" HEIGHT="23">
						<TextLine ID="line_0" HPOS="251" VPOS="116" WIDTH="594" HEIGHT="23">
							<String ID="string_0" HPOS="251" VPOS="116" WIDTH="42" HEIGHT="20" WC="0.95" CONTENT="324"/><SP WIDTH="208" VPOS="116" HPOS="293"/>
							<String ID="string_1" HPOS="501" VPOS="120" WIDTH="162" HEIGHT="18" WC="0.91" CONTENT="Presteståndet"/><SP WIDTH="11" VPOS="120" HPOS="663"/>
							<String ID="string_2" HPOS="674" VPOS="122" WIDTH="59" HEIGHT="16" WC="0.96" CONTENT="1882."/><SP WIDTH="25" VPOS="122" HPOS="733"/>
							<String ID="string_3" HPOS="758" VPOS="122" WIDTH="12" HEIGHT="17" WC="0.95" CONTENT="7"/><SP WIDTH="12" VPOS="122" HPOS="770"/>
							<String ID="string_4" HPOS="782" VPOS="126" WIDTH="63" HEIGHT="12" WC="0.94" CONTENT="mars."/>
						</TextLine>
					</TextBlock>
				</ComposedBlock>
				<GraphicalElement ID="cblock_2" HPOS="223" VPOS="149" WIDTH="809" HEIGHT="5"></GraphicalElement >
				<ComposedBlock ID="cblock_3" HPOS="217" VPOS="189" WIDTH="837" HEIGHT="1345">
					<TextBlock ID="block_1" HPOS="217" VPOS="189" WIDTH="837" HEIGHT="1345">
						<TextLine ID="line_1" HPOS="219" VPOS="189" WIDTH="834" HEIGHT="29">
							<String ID="string_5" HPOS="219" VPOS="193" WIDTH="51" HEIGHT="25" WC="0.96" CONTENT="göra"/><SP WIDTH="17" VPOS="193" HPOS="270"/>
							<String ID="string_6" HPOS="287" VPOS="189" WIDTH="62" HEIGHT="28" WC="0.93" CONTENT="långa"/><SP WIDTH="16" VPOS="189" HPOS="349"/>
							<String ID="string_7" HPOS="365" VPOS="196" WIDTH="126" HEIGHT="21" WC="0.91" CONTENT="qvarnresor"/><SP WIDTH="15" VPOS="196" HPOS="491"/>
							<String ID="string_8" HPOS="506" VPOS="190" WIDTH="86" HEIGHT="21" WC="0.92" CONTENT="oaktadt"/><SP WIDTH="15" VPOS="190" HPOS="592"/>
							<String ID="string_9" HPOS="607" VPOS="190" WIDTH="27" HEIGHT="21" WC="0.96" CONTENT="de"/><SP WIDTH="15" VPOS="190" HPOS="634"/>
							<String ID="string_10" HPOS="649" VPOS="190" WIDTH="69" HEIGHT="21" WC="0.96" CONTENT="skulle"/><SP WIDTH="17" VPOS="190" HPOS="718"/>
							<String ID="string_11" HPOS="735" VPOS="191" WIDTH="72" HEIGHT="20" WC="0.96" CONTENT="kunna"/><SP WIDTH="15" VPOS="191" HPOS="807"/>
							<String ID="string_12" HPOS="822" VPOS="190" WIDTH="22" HEIGHT="21" WC="0.96" CONTENT="få"/><SP WIDTH="15" VPOS="190" HPOS="844"/>
							<String ID="string_13" HPOS="859" VPOS="190" WIDTH="65" HEIGHT="21" WC="0.93" CONTENT="säden"/><SP WIDTH="17" VPOS="190" HPOS="924"/>
							<String ID="string_14" HPOS="941" VPOS="190" WIDTH="70" HEIGHT="22" WC="0.91" CONTENT="malad"/><SP WIDTH="15" VPOS="190" HPOS="1011"/>
							<String ID="string_15" HPOS="1026" VPOS="189" WIDTH="27" HEIGHT="28" WC="0.97" CONTENT="på"/>
						</TextLine>
						<TextLine ID="line_2" HPOS="221" VPOS="218" WIDTH="832" HEIGHT="29">
							<String ID="string_16" HPOS="221" VPOS="221" WIDTH="98" HEIGHT="18" WC="0.96" CONTENT="närmare"/><SP WIDTH="23" VPOS="221" HPOS="319"/>
							<String ID="string_17" HPOS="342" VPOS="218" WIDTH="42" HEIGHT="21" WC="0.95" CONTENT="håll"/><SP WIDTH="23" VPOS="218" HPOS="384"/>
							<String ID="string_18" HPOS="407" VPOS="225" WIDTH="33" HEIGHT="14" WC="0.96" CONTENT="om"/><SP WIDTH="17" VPOS="225" HPOS="440"/>
							<String ID="string_19" HPOS="457" VPOS="219" WIDTH="35" HEIGHT="20" WC="0.96" CONTENT="det"/><SP WIDTH="16" VPOS="219" HPOS="492"/>
							<String ID="string_20" HPOS="508" VPOS="219" WIDTH="53" HEIGHT="21" WC="0.96" CONTENT="blott"/><SP WIDTH="15" VPOS="219" HPOS="561"/>
							<String ID="string_21" HPOS="576" VPOS="225" WIDTH="49" HEIGHT="15" WC="0.96" CONTENT="vore"/><SP WIDTH="16" VPOS="225" HPOS="625"/>
							<String ID="string_22" HPOS="641" VPOS="219" WIDTH="75" HEIGHT="21" WC="0.96" CONTENT="tillåtet"/><SP WIDTH="15" VPOS="219" HPOS="716"/>
							<String ID="string_23" HPOS="731" VPOS="221" WIDTH="30" HEIGHT="19" WC="0.96" CONTENT="att"/><SP WIDTH="15" VPOS="221" HPOS="761"/>
							<String ID="string_24" HPOS="776" VPOS="219" WIDTH="21" HEIGHT="20" WC="0.96" CONTENT="få"/><SP WIDTH="15" VPOS="219" HPOS="797"/>
							<String ID="string_25" HPOS="812" VPOS="219" WIDTH="55" HEIGHT="20" WC="0.96" CONTENT="mala"/><SP WIDTH="16" VPOS="219" HPOS="867"/>
							<String ID="string_26" HPOS="883" VPOS="219" WIDTH="37" HEIGHT="21" WC="0.96" CONTENT="säd"/><SP WIDTH="16" VPOS="219" HPOS="920"/>
							<String ID="string_27" HPOS="936" VPOS="219" WIDTH="27" HEIGHT="28" WC="0.93" CONTENT="på"/><SP WIDTH="13" VPOS="219" HPOS="963"/>
							<String ID="string_28" HPOS="976" VPOS="219" WIDTH="77" HEIGHT="21" WC="0.92" CONTENT="husbe-"/>
						</TextLine>
						<TextLine ID="line_3" HPOS="220" VPOS="247" WIDTH="832" HEIGHT="28">
							<String ID="string_29" HPOS="220" VPOS="247" WIDTH="145" HEIGHT="26" WC="0.91" CONTENT="hofsqvarnar."/><SP WIDTH="15" VPOS="247" HPOS="365"/>
							<String ID="string_30" HPOS="380" VPOS="247" WIDTH="42" HEIGHT="21" WC="0.96" CONTENT="Det"/><SP WIDTH="21" VPOS="247" HPOS="422"/>
							<String ID="string_31" HPOS="443" VPOS="249" WIDTH="23" HEIGHT="19" WC="0.96" CONTENT="är"/><SP WIDTH="15" VPOS="249" HPOS="466"/>
							<String ID="string_32" HPOS="481" VPOS="247" WIDTH="70" HEIGHT="21" WC="0.96" CONTENT="denna"/><SP WIDTH="16" VPOS="247" HPOS="551"/>
							<String ID="string_33" HPOS="567" VPOS="247" WIDTH="156" HEIGHT="28" WC="0.96" CONTENT="omständighet"/><SP WIDTH="15" VPOS="247" HPOS="723"/>
							<String ID="string_34" HPOS="738" VPOS="248" WIDTH="85" HEIGHT="20" WC="0.96" CONTENT="hvilken"/><SP WIDTH="17" VPOS="248" HPOS="823"/>
							<String ID="string_35" HPOS="840" VPOS="247" WIDTH="135" HEIGHT="28" WC="0.93" CONTENT="oupphörligt"/><SP WIDTH="14" VPOS="247" HPOS="975"/>
							<String ID="string_36" HPOS="989" VPOS="248" WIDTH="63" HEIGHT="20" WC="0.92" CONTENT="fram-"/>
						</TextLine>
						<TextLine ID="line_4" HPOS="220" VPOS="275" WIDTH="832" HEIGHT="28">
							<String ID="string_37" HPOS="220" VPOS="275" WIDTH="65" HEIGHT="22" WC="0.93" CONTENT="kallat"/><SP WIDTH="16" VPOS="275" HPOS="285"/>
							<String ID="string_38" HPOS="301" VPOS="275" WIDTH="99" HEIGHT="22" WC="0.92" CONTENT="behofvet"/><SP WIDTH="25" VPOS="275" HPOS="400"/>
							<String ID="string_39" HPOS="425" VPOS="276" WIDTH="21" HEIGHT="21" WC="0.96" CONTENT="af"/><SP WIDTH="22" VPOS="276" HPOS="446"/>
							<String ID="string_40" HPOS="468" VPOS="283" WIDTH="26" HEIGHT="14" WC="0.96" CONTENT="en"/><SP WIDTH="19" VPOS="283" HPOS="494"/>
							<String ID="string_41" HPOS="513" VPOS="276" WIDTH="114" HEIGHT="21" WC="0.96" CONTENT="förändrad"/><SP WIDTH="16" VPOS="276" HPOS="627"/>
							<String ID="string_42" HPOS="643" VPOS="276" WIDTH="138" HEIGHT="27" WC="0.96" CONTENT="lagstiftning."/><SP WIDTH="24" VPOS="276" HPOS="781"/>
							<String ID="string_43" HPOS="805" VPOS="275" WIDTH="64" HEIGHT="22" WC="0.96" CONTENT="Hvad"/><SP WIDTH="16" VPOS="275" HPOS="869"/>
							<String ID="string_44" HPOS="885" VPOS="276" WIDTH="40" HEIGHT="21" WC="0.93" CONTENT="den"/><SP WIDTH="17" VPOS="276" HPOS="925"/>
							<String ID="string_45" HPOS="942" VPOS="276" WIDTH="110" HEIGHT="21" WC="0.91" CONTENT="kamerali-"/>
						</TextLine>
						<TextLine ID="line_5" HPOS="219" VPOS="305" WIDTH="833" HEIGHT="27">
							<String ID="string_46" HPOS="219" VPOS="305" WIDTH="66" HEIGHT="20" WC="0.91" CONTENT="stiska"/><SP WIDTH="23" VPOS="305" HPOS="285"/>
							<String ID="string_47" HPOS="308" VPOS="305" WIDTH="140" HEIGHT="27" WC="0.96" CONTENT="utredningen"/><SP WIDTH="25" VPOS="305" HPOS="448"/>
							<String ID="string_48" HPOS="473" VPOS="305" WIDTH="101" HEIGHT="20" WC="0.96" CONTENT="beträffar"/><SP WIDTH="18" VPOS="305" HPOS="574"/>
							<String ID="string_49" HPOS="592" VPOS="305" WIDTH="23" HEIGHT="20" WC="0.96" CONTENT="så"/><SP WIDTH="15" VPOS="305" HPOS="615"/>
							<String ID="string_50" HPOS="630" VPOS="307" WIDTH="44" HEIGHT="18" WC="0.96" CONTENT="tror"/><SP WIDTH="14" VPOS="307" HPOS="674"/>
							<String ID="string_51" HPOS="688" VPOS="305" WIDTH="35" HEIGHT="27" WC="0.96" CONTENT="jag"/><SP WIDTH="16" VPOS="305" HPOS="723"/>
							<String ID="string_52" HPOS="739" VPOS="308" WIDTH="30" HEIGHT="17" WC="0.96" CONTENT="att"/><SP WIDTH="14" VPOS="308" HPOS="769"/>
							<String ID="string_53" HPOS="783" VPOS="307" WIDTH="85" HEIGHT="25" WC="0.96" CONTENT="prosten"/><SP WIDTH="16" VPOS="307" HPOS="868"/>
							<String ID="string_54" HPOS="884" VPOS="305" WIDTH="108" HEIGHT="21" WC="0.96" CONTENT="Johnsson"/><SP WIDTH="16" VPOS="305" HPOS="992"/>
							<String ID="string_55" HPOS="1008" VPOS="305" WIDTH="44" HEIGHT="27" WC="0.95" CONTENT="gått"/>
						</TextLine>
						<TextLine ID="line_6" HPOS="219" VPOS="333" WIDTH="833" HEIGHT="27">
							<String ID="string_56" HPOS="219" VPOS="333" WIDTH="33" HEIGHT="21" WC="0.96" CONTENT="för"/><SP WIDTH="23" VPOS="333" HPOS="252"/>
							<String ID="string_57" HPOS="275" VPOS="333" WIDTH="59" HEIGHT="27" WC="0.96" CONTENT="långt"/><SP WIDTH="15" VPOS="333" HPOS="334"/>
							<String ID="string_58" HPOS="349" VPOS="333" WIDTH="27" HEIGHT="21" WC="0.97" CONTENT="då"/><SP WIDTH="15" VPOS="333" HPOS="376"/>
							<String ID="string_59" HPOS="391" VPOS="333" WIDTH="40" HEIGHT="21" WC="0.96" CONTENT="han"/><SP WIDTH="17" VPOS="333" HPOS="431"/>
							<String ID="string_60" HPOS="448" VPOS="335" WIDTH="46" HEIGHT="25" WC="0.96" CONTENT="sagt"/><SP WIDTH="16" VPOS="335" HPOS="494"/>
							<String ID="string_61" HPOS="510" VPOS="336" WIDTH="30" HEIGHT="18" WC="0.96" CONTENT="att"/><SP WIDTH="15" VPOS="336" HPOS="540"/>
							<String ID="string_62" HPOS="555" VPOS="333" WIDTH="69" HEIGHT="27" WC="0.96" CONTENT="någon"/><SP WIDTH="16" VPOS="333" HPOS="624"/>
							<String ID="string_63" HPOS="640" VPOS="333" WIDTH="72" HEIGHT="21" WC="0.96" CONTENT="vidare"/><SP WIDTH="17" VPOS="333" HPOS="712"/>
							<String ID="string_64" HPOS="729" VPOS="333" WIDTH="114" HEIGHT="27" WC="0.96" CONTENT="utredning"/><SP WIDTH="16" VPOS="333" HPOS="843"/>
							<String ID="string_65" HPOS="859" VPOS="334" WIDTH="19" HEIGHT="26" WC="0.96" CONTENT="ej"/><SP WIDTH="17" VPOS="334" HPOS="878"/>
							<String ID="string_66" HPOS="895" VPOS="333" WIDTH="70" HEIGHT="22" WC="0.96" CONTENT="skulle"/><SP WIDTH="15" VPOS="333" HPOS="965"/>
							<String ID="string_67" HPOS="980" VPOS="334" WIDTH="72" HEIGHT="20" WC="0.96" CONTENT="kunna"/>
						</TextLine>
						<TextLine ID="line_7" HPOS="219" VPOS="362" WIDTH="833" HEIGHT="27">
							<String ID="string_68" HPOS="219" VPOS="362" WIDTH="39" HEIGHT="21" WC="0.96" CONTENT="fås."/><SP WIDTH="30" VPOS="362" HPOS="258"/>
							<String ID="string_69" HPOS="288" VPOS="362" WIDTH="99" HEIGHT="21" WC="0.90" CONTENT="Tvärtom"/><SP WIDTH="23" VPOS="362" HPOS="387"/>
							<String ID="string_70" HPOS="410" VPOS="362" WIDTH="41" HEIGHT="21" WC="0.96" CONTENT="kan"/><SP WIDTH="15" VPOS="362" HPOS="451"/>
							<String ID="string_71" HPOS="466" VPOS="368" WIDTH="26" HEIGHT="15" WC="0.95" CONTENT="en"/><SP WIDTH="12" VPOS="368" HPOS="492"/>
							<String ID="string_72" HPOS="504" VPOS="362" WIDTH="124" HEIGHT="27" WC="0.96" CONTENT="fullständig"/><SP WIDTH="16" VPOS="362" HPOS="628"/>
							<String ID="string_73" HPOS="644" VPOS="362" WIDTH="115" HEIGHT="27" WC="0.96" CONTENT="utredning"/><SP WIDTH="15" VPOS="362" HPOS="759"/>
							<String ID="string_74" HPOS="774" VPOS="362" WIDTH="31" HEIGHT="21" WC="0.96" CONTENT="fås"/><SP WIDTH="16" VPOS="362" HPOS="805"/>
							<String ID="string_75" HPOS="821" VPOS="362" WIDTH="129" HEIGHT="21" WC="0.96" CONTENT="åtminstone"/><SP WIDTH="15" VPOS="362" HPOS="950"/>
							<String ID="string_76" HPOS="965" VPOS="362" WIDTH="6" HEIGHT="20" WC="0.96" CONTENT="i"/><SP WIDTH="16" VPOS="362" HPOS="971"/>
							<String ID="string_77" HPOS="987" VPOS="362" WIDTH="65" HEIGHT="27" WC="0.96" CONTENT="några"/>
						</TextLine>
						<TextLine ID="line_8" HPOS="220" VPOS="390" WIDTH="833" HEIGHT="28">
							<String ID="string_78" HPOS="220" VPOS="391" WIDTH="59" HEIGHT="20" WC="0.96" CONTENT="delar"/><SP WIDTH="22" VPOS="391" HPOS="279"/>
							<String ID="string_79" HPOS="301" VPOS="391" WIDTH="99" HEIGHT="20" WC="0.91" CONTENT="särskildt"/><SP WIDTH="22" VPOS="391" HPOS="400"/>
							<String ID="string_80" HPOS="422" VPOS="393" WIDTH="12" HEIGHT="18" WC="0.88" CONTENT="t."/><SP WIDTH="24" VPOS="393" HPOS="434"/>
							<String ID="string_81" HPOS="458" VPOS="397" WIDTH="32" HEIGHT="14" WC="0.95" CONTENT="ex."/><SP WIDTH="16" VPOS="397" HPOS="490"/>
							<String ID="string_82" HPOS="506" VPOS="391" WIDTH="8" HEIGHT="20" WC="0.96" CONTENT="i"/><SP WIDTH="20" VPOS="391" HPOS="514"/>
							<String ID="string_83" HPOS="534" VPOS="391" WIDTH="100" HEIGHT="20" WC="0.93" CONTENT="afseende"/><SP WIDTH="16" VPOS="391" HPOS="634"/>
							<String ID="string_84" HPOS="650" VPOS="390" WIDTH="12" HEIGHT="21" WC="0.91" CONTENT="å"/><SP WIDTH="15" VPOS="390" HPOS="662"/>
							<String ID="string_85" HPOS="677" VPOS="391" WIDTH="61" HEIGHT="20" WC="0.93" CONTENT="dessa"/><SP WIDTH="16" VPOS="391" HPOS="738"/>
							<String ID="string_86" HPOS="754" VPOS="397" WIDTH="92" HEIGHT="20" WC="0.93" CONTENT="qvarnar"/><SP WIDTH="15" VPOS="397" HPOS="846"/>
							<String ID="string_87" HPOS="861" VPOS="391" WIDTH="71" HEIGHT="20" WC="0.96" CONTENT="hvilka"/><SP WIDTH="16" VPOS="391" HPOS="932"/>
							<String ID="string_88" HPOS="948" VPOS="391" WIDTH="105" HEIGHT="27" WC="0.96" CONTENT="professor"/>
						</TextLine>
						<TextLine ID="line_9" HPOS="219" VPOS="419" WIDTH="831" HEIGHT="27">
							<String ID="string_89" HPOS="219" VPOS="419" WIDTH="110" HEIGHT="21" WC="0.96" CONTENT="Koskinen"/><SP WIDTH="18" VPOS="419" HPOS="329"/>
							<String ID="string_90" HPOS="347" VPOS="421" WIDTH="109" HEIGHT="19" WC="0.96" CONTENT="omnämnt"/><SP WIDTH="14" VPOS="421" HPOS="456"/>
							<String ID="string_91" HPOS="470" VPOS="419" WIDTH="8" HEIGHT="20" WC="0.96" CONTENT="i"/><SP WIDTH="16" VPOS="419" HPOS="478"/>
							<String ID="string_92" HPOS="494" VPOS="419" WIDTH="32" HEIGHT="20" WC="0.96" CONTENT="sin"/><SP WIDTH="16" VPOS="419" HPOS="526"/>
							<String ID="string_93" HPOS="542" VPOS="419" WIDTH="136" HEIGHT="26" WC="0.96" CONTENT="reservation,"/><SP WIDTH="16" VPOS="419" HPOS="678"/>
							<String ID="string_94" HPOS="694" VPOS="425" WIDTH="48" HEIGHT="15" WC="0.97" CONTENT="men"/><SP WIDTH="17" VPOS="425" HPOS="742"/>
							<String ID="string_95" HPOS="759" VPOS="419" WIDTH="70" HEIGHT="21" WC="0.96" CONTENT="denna"/><SP WIDTH="16" VPOS="419" HPOS="829"/>
							<String ID="string_96" HPOS="845" VPOS="419" WIDTH="115" HEIGHT="27" WC="0.96" CONTENT="utredning"/><SP WIDTH="16" VPOS="419" HPOS="960"/>
							<String ID="string_97" HPOS="976" VPOS="419" WIDTH="39" HEIGHT="21" WC="0.96" CONTENT="kan"/><SP WIDTH="17" VPOS="419" HPOS="1015"/>
							<String ID="string_98" HPOS="1032" VPOS="419" WIDTH="18" HEIGHT="27" WC="0.96" CONTENT="ej"/>
						</TextLine>
						<TextLine ID="line_10" HPOS="220" VPOS="447" WIDTH="832" HEIGHT="27">
							<String ID="string_99" HPOS="220" VPOS="447" WIDTH="91" HEIGHT="22" WC="0.96" CONTENT="erhållas"/><SP WIDTH="21" VPOS="447" HPOS="311"/>
							<String ID="string_100" HPOS="332" VPOS="447" WIDTH="134" HEIGHT="22" WC="0.96" CONTENT="annorlunda"/><SP WIDTH="26" VPOS="447" HPOS="466"/>
							<String ID="string_101" HPOS="492" VPOS="449" WIDTH="26" HEIGHT="19" WC="0.96" CONTENT="än"/><SP WIDTH="22" VPOS="449" HPOS="518"/>
							<String ID="string_102" HPOS="540" VPOS="454" WIDTH="76" HEIGHT="20" WC="0.96" CONTENT="genom"/><SP WIDTH="23" VPOS="454" HPOS="616"/>
							<String ID="string_103" HPOS="639" VPOS="449" WIDTH="48" HEIGHT="25" WC="0.96" CONTENT="nytt"/><SP WIDTH="22" VPOS="449" HPOS="687"/>
							<String ID="string_104" HPOS="709" VPOS="447" WIDTH="72" HEIGHT="22" WC="0.96" CONTENT="arbete"/><SP WIDTH="23" VPOS="447" HPOS="781"/>
							<String ID="string_105" HPOS="804" VPOS="448" WIDTH="40" HEIGHT="20" WC="0.96" CONTENT="och"/><SP WIDTH="16" VPOS="448" HPOS="844"/>
							<String ID="string_106" HPOS="860" VPOS="449" WIDTH="84" HEIGHT="20" WC="0.96" CONTENT="vinsten"/><SP WIDTH="16" VPOS="449" HPOS="944"/>
							<String ID="string_107" HPOS="960" VPOS="448" WIDTH="20" HEIGHT="21" WC="0.96" CONTENT="af"/><SP WIDTH="16" VPOS="448" HPOS="980"/>
							<String ID="string_108" HPOS="996" VPOS="448" WIDTH="56" HEIGHT="21" WC="0.96" CONTENT="detta"/>
						</TextLine>
						<TextLine ID="line_11" HPOS="219" VPOS="475" WIDTH="833" HEIGHT="28">
							<String ID="string_109" HPOS="219" VPOS="476" WIDTH="73" HEIGHT="21" WC="0.96" CONTENT="arbete"/><SP WIDTH="23" VPOS="476" HPOS="292"/>
							<String ID="string_110" HPOS="315" VPOS="477" WIDTH="69" HEIGHT="20" WC="0.96" CONTENT="skulle"/><SP WIDTH="21" VPOS="477" HPOS="384"/>
							<String ID="string_111" HPOS="405" VPOS="475" WIDTH="27" HEIGHT="22" WC="0.96" CONTENT="då"/><SP WIDTH="24" VPOS="475" HPOS="432"/>
							<String ID="string_112" HPOS="456" VPOS="476" WIDTH="65" HEIGHT="21" WC="0.95" CONTENT="blifva"/><SP WIDTH="23" VPOS="476" HPOS="521"/>
							<String ID="string_113" HPOS="544" VPOS="477" WIDTH="60" HEIGHT="26" WC="0.96" CONTENT="högst"/><SP WIDTH="15" VPOS="477" HPOS="604"/>
							<String ID="string_114" HPOS="619" VPOS="476" WIDTH="66" HEIGHT="27" WC="0.93" CONTENT="ringa."/><SP WIDTH="31" VPOS="476" HPOS="685"/>
							<String ID="string_115" HPOS="716" VPOS="476" WIDTH="33" HEIGHT="21" WC="0.96" CONTENT="Då"/><SP WIDTH="16" VPOS="476" HPOS="749"/>
							<String ID="string_116" HPOS="765" VPOS="476" WIDTH="40" HEIGHT="21" WC="0.96" CONTENT="blir"/><SP WIDTH="15" VPOS="476" HPOS="805"/>
							<String ID="string_117" HPOS="820" VPOS="476" WIDTH="73" HEIGHT="27" WC="0.96" CONTENT="frågan"/><SP WIDTH="18" VPOS="476" HPOS="893"/>
							<String ID="string_118" HPOS="911" VPOS="477" WIDTH="50" HEIGHT="20" WC="0.96" CONTENT="den:"/><SP WIDTH="17" VPOS="477" HPOS="961"/>
							<String ID="string_119" HPOS="978" VPOS="478" WIDTH="23" HEIGHT="19" WC="0.96" CONTENT="är"/><SP WIDTH="16" VPOS="478" HPOS="1001"/>
							<String ID="string_120" HPOS="1017" VPOS="476" WIDTH="35" HEIGHT="21" WC="0.96" CONTENT="det"/>
						</TextLine>
						<TextLine ID="line_12" HPOS="219" VPOS="505" WIDTH="833" HEIGHT="27">
							<String ID="string_121" HPOS="219" VPOS="505" WIDTH="60" HEIGHT="20" WC="0.96" CONTENT="klokt"/><SP WIDTH="16" VPOS="505" HPOS="279"/>
							<String ID="string_122" HPOS="295" VPOS="507" WIDTH="30" HEIGHT="19" WC="0.96" CONTENT="att"/><SP WIDTH="15" VPOS="507" HPOS="325"/>
							<String ID="string_123" HPOS="340" VPOS="505" WIDTH="103" HEIGHT="26" WC="0.96" CONTENT="nedlägga"/><SP WIDTH="15" VPOS="505" HPOS="443"/>
							<String ID="string_124" HPOS="458" VPOS="507" WIDTH="30" HEIGHT="18" WC="0.96" CONTENT="ett"/><SP WIDTH="15" VPOS="507" HPOS="488"/>
							<String ID="string_125" HPOS="503" VPOS="505" WIDTH="71" HEIGHT="20" WC="0.96" CONTENT="arbete"/><SP WIDTH="16" VPOS="505" HPOS="574"/>
							<String ID="string_126" HPOS="590" VPOS="511" WIDTH="44" HEIGHT="14" WC="0.96" CONTENT="som"/><SP WIDTH="17" VPOS="511" HPOS="634"/>
							<String ID="string_127" HPOS="651" VPOS="505" WIDTH="41" HEIGHT="20" WC="0.96" CONTENT="kan"/><SP WIDTH="23" VPOS="505" HPOS="692"/>
							<String ID="string_128" HPOS="715" VPOS="505" WIDTH="100" HEIGHT="20" WC="0.94" CONTENT="värderas"/><SP WIDTH="23" VPOS="505" HPOS="815"/>
							<String ID="string_129" HPOS="838" VPOS="505" WIDTH="31" HEIGHT="20" WC="0.91" CONTENT="till"/><SP WIDTH="24" VPOS="505" HPOS="869"/>
							<String ID="string_130" HPOS="893" VPOS="505" WIDTH="76" HEIGHT="27" WC="0.90" CONTENT="20,000"/><SP WIDTH="24" VPOS="505" HPOS="969"/>
							<String ID="string_131" HPOS="993" VPOS="505" WIDTH="59" HEIGHT="20" WC="0.96" CONTENT="mark"/>
						</TextLine>
						<TextLine ID="line_13" HPOS="220" VPOS="533" WIDTH="832" HEIGHT="28">
							<String ID="string_132" HPOS="220" VPOS="534" WIDTH="27" HEIGHT="27" WC="0.96" CONTENT="på"/><SP WIDTH="15" VPOS="534" HPOS="247"/>
							<String ID="string_133" HPOS="262" VPOS="540" WIDTH="27" HEIGHT="14" WC="0.96" CONTENT="en"/><SP WIDTH="16" VPOS="540" HPOS="289"/>
							<String ID="string_134" HPOS="305" VPOS="534" WIDTH="43" HEIGHT="25" WC="0.95" CONTENT="sak,"/><SP WIDTH="15" VPOS="534" HPOS="348"/>
							<String ID="string_135" HPOS="363" VPOS="540" WIDTH="52" HEIGHT="19" WC="0.96" CONTENT="som,"/><SP WIDTH="12" VPOS="540" HPOS="415"/>
							<String ID="string_136" HPOS="427" VPOS="535" WIDTH="37" HEIGHT="19" WC="0.96" CONTENT="när"/><SP WIDTH="15" VPOS="535" HPOS="464"/>
							<String ID="string_137" HPOS="479" VPOS="533" WIDTH="41" HEIGHT="21" WC="0.96" CONTENT="den"/><SP WIDTH="16" VPOS="533" HPOS="520"/>
							<String ID="string_138" HPOS="536" VPOS="533" WIDTH="70" HEIGHT="21" WC="0.96" CONTENT="blifvit"/><SP WIDTH="15" VPOS="533" HPOS="606"/>
							<String ID="string_139" HPOS="621" VPOS="533" WIDTH="81" HEIGHT="25" WC="0.96" CONTENT="utredd,"/><SP WIDTH="15" VPOS="533" HPOS="702"/>
							<String ID="string_140" HPOS="717" VPOS="534" WIDTH="6" HEIGHT="20" WC="0.96" CONTENT="i"/><SP WIDTH="18" VPOS="534" HPOS="723"/>
							<String ID="string_141" HPOS="741" VPOS="533" WIDTH="59" HEIGHT="21" WC="0.96" CONTENT="bästa"/><SP WIDTH="15" VPOS="533" HPOS="800"/>
							<String ID="string_142" HPOS="815" VPOS="533" WIDTH="37" HEIGHT="21" WC="0.96" CONTENT="fall"/><SP WIDTH="16" VPOS="533" HPOS="852"/>
							<String ID="string_143" HPOS="868" VPOS="533" WIDTH="46" HEIGHT="22" WC="0.96" CONTENT="icke"/><SP WIDTH="17" VPOS="533" HPOS="914"/>
							<String ID="string_144" HPOS="931" VPOS="534" WIDTH="40" HEIGHT="20" WC="0.96" CONTENT="kan"/><SP WIDTH="11" VPOS="534" HPOS="971"/>
							<String ID="string_145" HPOS="982" VPOS="533" WIDTH="70" HEIGHT="21" WC="0.96" CONTENT="lemna"/>
						</TextLine>
						<TextLine ID="line_14" HPOS="220" VPOS="562" WIDTH="832" HEIGHT="27">
							<String ID="string_146" HPOS="220" VPOS="563" WIDTH="57" HEIGHT="20" WC="0.96" CONTENT="vinst"/><SP WIDTH="15" VPOS="563" HPOS="277"/>
							<String ID="string_147" HPOS="292" VPOS="569" WIDTH="45" HEIGHT="14" WC="0.96" CONTENT="mer"/><SP WIDTH="15" VPOS="569" HPOS="337"/>
							<String ID="string_148" HPOS="352" VPOS="564" WIDTH="27" HEIGHT="19" WC="0.96" CONTENT="än"/><SP WIDTH="16" VPOS="564" HPOS="379"/>
							<String ID="string_149" HPOS="395" VPOS="562" WIDTH="32" HEIGHT="21" WC="0.92" CONTENT="för"/><SP WIDTH="15" VPOS="562" HPOS="427"/>
							<String ID="string_150" HPOS="442" VPOS="562" WIDTH="60" HEIGHT="27" WC="0.92" CONTENT="2,000"/><SP WIDTH="17" VPOS="562" HPOS="502"/>
							<String ID="string_151" HPOS="519" VPOS="562" WIDTH="65" HEIGHT="21" WC="0.96" CONTENT="mark."/><SP WIDTH="22" VPOS="562" HPOS="584"/>
							<String ID="string_152" HPOS="606" VPOS="562" WIDTH="63" HEIGHT="21" WC="0.96" CONTENT="Hvad"/><SP WIDTH="17" VPOS="562" HPOS="669"/>
							<String ID="string_153" HPOS="686" VPOS="562" WIDTH="99" HEIGHT="21" WC="0.96" CONTENT="beträffar"/><SP WIDTH="16" VPOS="562" HPOS="785"/>
							<String ID="string_154" HPOS="801" VPOS="562" WIDTH="27" HEIGHT="21" WC="0.96" CONTENT="de"/><SP WIDTH="15" VPOS="562" HPOS="828"/>
							<String ID="string_155" HPOS="843" VPOS="562" WIDTH="31" HEIGHT="21" WC="0.96" CONTENT="uti"/><SP WIDTH="17" VPOS="562" HPOS="874"/>
							<String ID="string_156" HPOS="891" VPOS="563" WIDTH="111" HEIGHT="20" WC="0.93" CONTENT="utskottets"/><SP WIDTH="15" VPOS="563" HPOS="1002"/>
							<String ID="string_157" HPOS="1017" VPOS="562" WIDTH="35" HEIGHT="21" WC="0.93" CONTENT="be-"/>
						</TextLine>
						<TextLine ID="line_15" HPOS="220" VPOS="591" WIDTH="832" HEIGHT="27">
							<String ID="string_158" HPOS="220" VPOS="591" WIDTH="107" HEIGHT="20" WC="0.93" CONTENT="tänkande"/><SP WIDTH="25" VPOS="591" HPOS="327"/>
							<String ID="string_159" HPOS="352" VPOS="591" WIDTH="127" HEIGHT="20" WC="0.92" CONTENT="omnämnde"/><SP WIDTH="22" VPOS="591" HPOS="479"/>
							<String ID="string_160" HPOS="501" VPOS="591" WIDTH="105" HEIGHT="26" WC="0.96" CONTENT="hemman,"/><SP WIDTH="21" VPOS="591" HPOS="606"/>
							<String ID="string_161" HPOS="627" VPOS="591" WIDTH="71" HEIGHT="20" WC="0.96" CONTENT="hvilka"/><SP WIDTH="23" VPOS="591" HPOS="698"/>
							<String ID="string_162" HPOS="721" VPOS="591" WIDTH="70" HEIGHT="20" WC="0.93" CONTENT="blifvit"/><SP WIDTH="18" VPOS="591" HPOS="791"/>
							<String ID="string_163" HPOS="809" VPOS="591" WIDTH="119" HEIGHT="27" WC="0.90" CONTENT="skattlagda"/><SP WIDTH="19" VPOS="591" HPOS="928"/>
							<String ID="string_164" HPOS="947" VPOS="591" WIDTH="52" HEIGHT="20" WC="0.93" CONTENT="efter"/><SP WIDTH="15" VPOS="591" HPOS="999"/>
							<String ID="string_165" HPOS="1014" VPOS="597" WIDTH="38" HEIGHT="20" WC="0.91" CONTENT="ny-"/>
						</TextLine>
						<TextLine ID="line_16" HPOS="219" VPOS="619" WIDTH="832" HEIGHT="27">
							<String ID="string_166" HPOS="219" VPOS="619" WIDTH="90" HEIGHT="21" WC="0.92" CONTENT="ländska"/><SP WIDTH="15" VPOS="619" HPOS="309"/>
							<String ID="string_167" HPOS="324" VPOS="619" WIDTH="266" HEIGHT="27" WC="0.91" CONTENT="skattläggningsmetoden"/><SP WIDTH="16" VPOS="619" HPOS="590"/>
							<String ID="string_168" HPOS="606" VPOS="619" WIDTH="21" HEIGHT="21" WC="0.96" CONTENT="af"/><SP WIDTH="15" VPOS="619" HPOS="627"/>
							<String ID="string_169" HPOS="642" VPOS="619" WIDTH="24" HEIGHT="21" WC="0.96" CONTENT="år"/><SP WIDTH="15" VPOS="619" HPOS="666"/>
							<String ID="string_170" HPOS="681" VPOS="620" WIDTH="61" HEIGHT="25" WC="0.96" CONTENT="1690,"/><SP WIDTH="17" VPOS="620" HPOS="742"/>
							<String ID="string_171" HPOS="759" VPOS="619" WIDTH="23" HEIGHT="21" WC="0.96" CONTENT="så"/><SP WIDTH="15" VPOS="619" HPOS="782"/>
							<String ID="string_172" HPOS="797" VPOS="619" WIDTH="69" HEIGHT="21" WC="0.96" CONTENT="skulle"/><SP WIDTH="16" VPOS="619" HPOS="866"/>
							<String ID="string_173" HPOS="882" VPOS="619" WIDTH="61" HEIGHT="21" WC="0.96" CONTENT="dessa"/><SP WIDTH="15" VPOS="619" HPOS="943"/>
							<String ID="string_174" HPOS="958" VPOS="619" WIDTH="46" HEIGHT="21" WC="0.96" CONTENT="icke"/><SP WIDTH="13" VPOS="619" HPOS="1004"/>
							<String ID="string_175" HPOS="1017" VPOS="625" WIDTH="34" HEIGHT="15" WC="0.96" CONTENT="om"/>
						</TextLine>
						<TextLine ID="line_17" HPOS="220" VPOS="647" WIDTH="832" HEIGHT="28">
							<String ID="string_176" HPOS="220" VPOS="648" WIDTH="157" HEIGHT="27" WC="0.96" CONTENT="propositionen"/><SP WIDTH="16" VPOS="648" HPOS="377"/>
							<String ID="string_177" HPOS="393" VPOS="650" WIDTH="91" HEIGHT="25" WC="0.96" CONTENT="antages,"/><SP WIDTH="16" VPOS="650" HPOS="484"/>
							<String ID="string_178" HPOS="500" VPOS="648" WIDTH="79" HEIGHT="21" WC="0.96" CONTENT="erhålla"/><SP WIDTH="16" VPOS="648" HPOS="579"/>
							<String ID="string_179" HPOS="595" VPOS="648" WIDTH="69" HEIGHT="27" WC="0.96" CONTENT="någon"/><SP WIDTH="16" VPOS="648" HPOS="664"/>
							<String ID="string_180" HPOS="680" VPOS="648" WIDTH="73" HEIGHT="25" WC="0.96" CONTENT="skänk,"/><SP WIDTH="16" VPOS="648" HPOS="753"/>
							<String ID="string_181" HPOS="769" VPOS="650" WIDTH="52" HEIGHT="19" WC="0.96" CONTENT="utan"/><SP WIDTH="16" VPOS="650" HPOS="821"/>
							<String ID="string_182" HPOS="837" VPOS="650" WIDTH="90" HEIGHT="19" WC="0.96" CONTENT="tvärtom"/><SP WIDTH="16" VPOS="650" HPOS="927"/>
							<String ID="string_183" HPOS="943" VPOS="648" WIDTH="68" HEIGHT="21" WC="0.96" CONTENT="skulle"/><SP WIDTH="15" VPOS="648" HPOS="1011"/>
							<String ID="string_184" HPOS="1026" VPOS="647" WIDTH="26" HEIGHT="21" WC="0.95" CONTENT="de"/>
						</TextLine>
						<TextLine ID="line_18" HPOS="219" VPOS="676" WIDTH="833" HEIGHT="27">
							<String ID="string_185" HPOS="219" VPOS="677" WIDTH="67" HEIGHT="20" WC="0.96" CONTENT="blifva"/><SP WIDTH="15" VPOS="677" HPOS="286"/>
							<String ID="string_186" HPOS="301" VPOS="677" WIDTH="96" HEIGHT="20" WC="0.93" CONTENT="orättvist"/><SP WIDTH="16" VPOS="677" HPOS="397"/>
							<String ID="string_187" HPOS="413" VPOS="676" WIDTH="118" HEIGHT="27" WC="0.92" CONTENT="betungade"/><SP WIDTH="16" VPOS="676" HPOS="531"/>
							<String ID="string_188" HPOS="547" VPOS="677" WIDTH="90" HEIGHT="20" WC="0.93" CONTENT="emedan"/><SP WIDTH="16" VPOS="677" HPOS="637"/>
							<String ID="string_189" HPOS="653" VPOS="679" WIDTH="142" HEIGHT="24" WC="0.90" CONTENT="qvarnräntan"/><SP WIDTH="17" VPOS="679" HPOS="795"/>
							<String ID="string_190" HPOS="812" VPOS="677" WIDTH="61" HEIGHT="26" WC="0.94" CONTENT="ingår"/><SP WIDTH="11" VPOS="677" HPOS="873"/>
							<String ID="string_191" HPOS="884" VPOS="677" WIDTH="6" HEIGHT="20" WC="0.94" CONTENT="i"/><SP WIDTH="12" VPOS="677" HPOS="890"/>
							<String ID="string_192" HPOS="902" VPOS="677" WIDTH="61" HEIGHT="20" WC="0.93" CONTENT="deras"/><SP WIDTH="10" VPOS="677" HPOS="963"/>
							<String ID="string_193" HPOS="973" VPOS="676" WIDTH="79" HEIGHT="27" WC="0.91" CONTENT="grund-"/>
						</TextLine>
						<TextLine ID="line_19" HPOS="219" VPOS="705" WIDTH="832" HEIGHT="26">
							<String ID="string_194" HPOS="219" VPOS="705" WIDTH="62" HEIGHT="26" WC="0.96" CONTENT="skatt,"/><SP WIDTH="16" VPOS="705" HPOS="281"/>
							<String ID="string_195" HPOS="297" VPOS="711" WIDTH="49" HEIGHT="15" WC="0.96" CONTENT="men"/><SP WIDTH="16" VPOS="711" HPOS="346"/>
							<String ID="string_196" HPOS="362" VPOS="705" WIDTH="60" HEIGHT="20" WC="0.96" CONTENT="dessa"/><SP WIDTH="16" VPOS="705" HPOS="422"/>
							<String ID="string_197" HPOS="438" VPOS="705" WIDTH="98" HEIGHT="21" WC="0.94" CONTENT="hemman"/><SP WIDTH="16" VPOS="705" HPOS="536"/>
							<String ID="string_198" HPOS="552" VPOS="705" WIDTH="75" HEIGHT="26" WC="0.95" CONTENT="skulle,"/><SP WIDTH="15" VPOS="705" HPOS="627"/>
							<String ID="string_199" HPOS="642" VPOS="706" WIDTH="69" HEIGHT="20" WC="0.95" CONTENT="såsom"/><SP WIDTH="16" VPOS="706" HPOS="711"/>
							<String ID="string_200" HPOS="727" VPOS="705" WIDTH="64" HEIGHT="21" WC="0.96" CONTENT="också"/><SP WIDTH="10" VPOS="705" HPOS="791"/>
							<String ID="string_201" HPOS="801" VPOS="705" WIDTH="103" HEIGHT="20" WC="0.96" CONTENT="utskottet"/><SP WIDTH="11" VPOS="705" HPOS="904"/>
							<String ID="string_202" HPOS="915" VPOS="705" WIDTH="6" HEIGHT="20" WC="0.96" CONTENT="i"/><SP WIDTH="12" VPOS="705" HPOS="921"/>
							<String ID="string_203" HPOS="933" VPOS="705" WIDTH="36" HEIGHT="20" WC="0.92" CONTENT="sitt"/><SP WIDTH="11" VPOS="705" HPOS="969"/>
							<String ID="string_204" HPOS="980" VPOS="705" WIDTH="71" HEIGHT="20" WC="0.92" CONTENT="betän-"/>
						</TextLine>
						<TextLine ID="line_20" HPOS="219" VPOS="733" WIDTH="833" HEIGHT="28">
							<String ID="string_205" HPOS="219" VPOS="733" WIDTH="70" HEIGHT="21" WC="0.96" CONTENT="kande"/><SP WIDTH="17" VPOS="733" HPOS="289"/>
							<String ID="string_206" HPOS="306" VPOS="735" WIDTH="82" HEIGHT="24" WC="0.95" CONTENT="uttalar,"/><SP WIDTH="16" VPOS="735" HPOS="388"/>
							<String ID="string_207" HPOS="404" VPOS="733" WIDTH="50" HEIGHT="21" WC="0.96" CONTENT="böra"/><SP WIDTH="11" VPOS="733" HPOS="454"/>
							<String ID="string_208" HPOS="465" VPOS="733" WIDTH="79" HEIGHT="21" WC="0.96" CONTENT="erhålla"/><SP WIDTH="11" VPOS="733" HPOS="544"/>
							<String ID="string_209" HPOS="555" VPOS="740" WIDTH="25" HEIGHT="15" WC="0.93" CONTENT="en"/><SP WIDTH="11" VPOS="740" HPOS="580"/>
							<String ID="string_210" HPOS="591" VPOS="734" WIDTH="156" HEIGHT="27" WC="0.92" CONTENT="förminskning"/><SP WIDTH="11" VPOS="734" HPOS="747"/>
							<String ID="string_211" HPOS="758" VPOS="735" WIDTH="6" HEIGHT="19" WC="0.96" CONTENT="i"/><SP WIDTH="11" VPOS="735" HPOS="764"/>
							<String ID="string_212" HPOS="775" VPOS="734" WIDTH="32" HEIGHT="20" WC="0.96" CONTENT="sin"/><SP WIDTH="14" VPOS="734" HPOS="807"/>
							<String ID="string_213" HPOS="821" VPOS="734" WIDTH="54" HEIGHT="20" WC="0.96" CONTENT="skatt"/><SP WIDTH="11" VPOS="734" HPOS="875"/>
							<String ID="string_214" HPOS="886" VPOS="740" WIDTH="77" HEIGHT="21" WC="0.92" CONTENT="genom"/><SP WIDTH="11" VPOS="740" HPOS="963"/>
							<String ID="string_215" HPOS="974" VPOS="733" WIDTH="78" HEIGHT="21" WC="0.92" CONTENT="skatte-"/>
						</TextLine>
						<TextLine ID="line_21" HPOS="219" VPOS="762" WIDTH="833" HEIGHT="27">
							<String ID="string_216" HPOS="219" VPOS="762" WIDTH="134" HEIGHT="27" WC="0.96" CONTENT="förmedling,"/><SP WIDTH="30" VPOS="762" HPOS="353"/>
							<String ID="string_217" HPOS="383" VPOS="763" WIDTH="38" HEIGHT="20" WC="0.96" CONTENT="och"/><SP WIDTH="31" VPOS="763" HPOS="421"/>
							<String ID="string_218" HPOS="452" VPOS="762" WIDTH="70" HEIGHT="21" WC="0.96" CONTENT="denna"/><SP WIDTH="31" VPOS="762" HPOS="522"/>
							<String ID="string_219" HPOS="553" VPOS="762" WIDTH="64" HEIGHT="21" WC="0.95" CONTENT="borde"/><SP WIDTH="29" VPOS="762" HPOS="617"/>
							<String ID="string_220" HPOS="646" VPOS="763" WIDTH="67" HEIGHT="26" WC="0.95" CONTENT="enligt"/><SP WIDTH="22" VPOS="763" HPOS="713"/>
							<String ID="string_221" HPOS="735" VPOS="763" WIDTH="113" HEIGHT="20" WC="0.96" CONTENT="utskottets"/><SP WIDTH="23" VPOS="763" HPOS="848"/>
							<String ID="string_222" HPOS="871" VPOS="763" WIDTH="87" HEIGHT="26" WC="0.96" CONTENT="mening"/><SP WIDTH="21" VPOS="763" HPOS="958"/>
							<String ID="string_223" HPOS="979" VPOS="762" WIDTH="73" HEIGHT="20" WC="0.96" CONTENT="kunna"/>
						</TextLine>
						<TextLine ID="line_22" HPOS="220" VPOS="790" WIDTH="831" HEIGHT="28">
							<String ID="string_224" HPOS="220" VPOS="791" WIDTH="157" HEIGHT="20" WC="0.92" CONTENT="åstadkommas"/><SP WIDTH="23" VPOS="791" HPOS="377"/>
							<String ID="string_225" HPOS="400" VPOS="791" WIDTH="128" HEIGHT="26" WC="0.91" CONTENT="derigenom,"/><SP WIDTH="22" VPOS="791" HPOS="528"/>
							<String ID="string_226" HPOS="550" VPOS="793" WIDTH="29" HEIGHT="18" WC="0.95" CONTENT="att"/><SP WIDTH="14" VPOS="793" HPOS="579"/>
							<String ID="string_227" HPOS="593" VPOS="791" WIDTH="126" HEIGHT="27" WC="0.95" CONTENT="regeringen"/><SP WIDTH="16" VPOS="791" HPOS="719"/>
							<String ID="string_228" HPOS="735" VPOS="791" WIDTH="92" HEIGHT="20" WC="0.96" CONTENT="beredde"/><SP WIDTH="17" VPOS="791" HPOS="827"/>
							<String ID="string_229" HPOS="844" VPOS="791" WIDTH="48" HEIGHT="20" WC="0.96" CONTENT="dem"/><SP WIDTH="16" VPOS="791" HPOS="892"/>
							<String ID="string_230" HPOS="908" VPOS="797" WIDTH="25" HEIGHT="14" WC="0.96" CONTENT="en"/><SP WIDTH="16" VPOS="797" HPOS="933"/>
							<String ID="string_231" HPOS="949" VPOS="791" WIDTH="79" HEIGHT="20" WC="0.96" CONTENT="lättnad"/><SP WIDTH="16" VPOS="791" HPOS="1028"/>
							<String ID="string_232" HPOS="1044" VPOS="790" WIDTH="7" HEIGHT="21" WC="0.96" CONTENT="i"/>
						</TextLine>
						<TextLine ID="line_23" HPOS="220" VPOS="819" WIDTH="831" HEIGHT="27">
							<String ID="string_233" HPOS="220" VPOS="819" WIDTH="59" HEIGHT="21" WC="0.96" CONTENT="detta"/><SP WIDTH="14" VPOS="819" HPOS="279"/>
							<String ID="string_234" HPOS="293" VPOS="819" WIDTH="128" HEIGHT="26" WC="0.96" CONTENT="hänseende,"/><SP WIDTH="15" VPOS="819" HPOS="421"/>
							<String ID="string_235" HPOS="436" VPOS="820" WIDTH="70" HEIGHT="20" WC="0.96" CONTENT="denna"/><SP WIDTH="16" VPOS="820" HPOS="506"/>
							<String ID="string_236" HPOS="522" VPOS="819" WIDTH="127" HEIGHT="27" WC="0.96" CONTENT="förmedling"/><SP WIDTH="15" VPOS="819" HPOS="649"/>
							<String ID="string_237" HPOS="664" VPOS="820" WIDTH="59" HEIGHT="20" WC="0.96" CONTENT="torde"/><SP WIDTH="16" VPOS="820" HPOS="723"/>
							<String ID="string_238" HPOS="739" VPOS="820" WIDTH="47" HEIGHT="20" WC="0.96" CONTENT="icke"/><SP WIDTH="17" VPOS="820" HPOS="786"/>
							<String ID="string_239" HPOS="803" VPOS="819" WIDTH="55" HEIGHT="21" WC="0.96" CONTENT="vålla"/><SP WIDTH="15" VPOS="819" HPOS="858"/>
							<String ID="string_240" HPOS="873" VPOS="819" WIDTH="23" HEIGHT="21" WC="0.96" CONTENT="så"/><SP WIDTH="11" VPOS="819" HPOS="896"/>
							<String ID="string_241" HPOS="907" VPOS="822" WIDTH="43" HEIGHT="18" WC="0.93" CONTENT="stor"/><SP WIDTH="10" VPOS="822" HPOS="950"/>
							<String ID="string_242" HPOS="960" VPOS="819" WIDTH="91" HEIGHT="21" WC="0.92" CONTENT="omkost-"/>
						</TextLine>
						<TextLine ID="line_24" HPOS="219" VPOS="847" WIDTH="833" HEIGHT="28">
							<String ID="string_243" HPOS="219" VPOS="848" WIDTH="42" HEIGHT="20" WC="0.96" CONTENT="nad"/><SP WIDTH="24" VPOS="848" HPOS="261"/>
							<String ID="string_244" HPOS="285" VPOS="854" WIDTH="46" HEIGHT="15" WC="0.95" CONTENT="som"/><SP WIDTH="22" VPOS="854" HPOS="331"/>
							<String ID="string_245" HPOS="353" VPOS="848" WIDTH="97" HEIGHT="27" WC="0.95" CONTENT="vanligen"/><SP WIDTH="24" VPOS="848" HPOS="450"/>
							<String ID="string_246" HPOS="474" VPOS="850" WIDTH="24" HEIGHT="19" WC="0.96" CONTENT="är"/><SP WIDTH="24" VPOS="850" HPOS="498"/>
							<String ID="string_247" HPOS="522" VPOS="848" WIDTH="86" HEIGHT="21" WC="0.96" CONTENT="dermed"/><SP WIDTH="19" VPOS="848" HPOS="608"/>
							<String ID="string_248" HPOS="627" VPOS="848" WIDTH="94" HEIGHT="21" WC="0.96" CONTENT="förenad."/><SP WIDTH="30" VPOS="848" HPOS="721"/>
							<String ID="string_249" HPOS="751" VPOS="848" WIDTH="57" HEIGHT="21" WC="0.93" CONTENT="Herr"/><SP WIDTH="15" VPOS="848" HPOS="808"/>
							<String ID="string_250" HPOS="823" VPOS="848" WIDTH="64" HEIGHT="21" WC="0.93" CONTENT="Cleve"/><SP WIDTH="16" VPOS="848" HPOS="887"/>
							<String ID="string_251" HPOS="903" VPOS="848" WIDTH="85" HEIGHT="27" WC="0.92" CONTENT="medgaf"/><SP WIDTH="14" VPOS="848" HPOS="988"/>
							<String ID="string_252" HPOS="1002" VPOS="847" WIDTH="50" HEIGHT="27" WC="0.96" CONTENT="själf"/>
						</TextLine>
						<TextLine ID="line_25" HPOS="221" VPOS="876" WIDTH="831" HEIGHT="28">
							<String ID="string_253" HPOS="221" VPOS="878" WIDTH="30" HEIGHT="19" WC="0.96" CONTENT="att"/><SP WIDTH="23" VPOS="878" HPOS="251"/>
							<String ID="string_254" HPOS="274" VPOS="876" WIDTH="41" HEIGHT="21" WC="0.94" CONTENT="den"/><SP WIDTH="24" VPOS="876" HPOS="315"/>
							<String ID="string_255" HPOS="339" VPOS="876" WIDTH="123" HEIGHT="27" WC="0.94" CONTENT="förändring"/><SP WIDTH="23" VPOS="876" HPOS="462"/>
							<String ID="string_256" HPOS="485" VPOS="883" WIDTH="45" HEIGHT="14" WC="0.96" CONTENT="som"/><SP WIDTH="22" VPOS="883" HPOS="530"/>
							<String ID="string_257" HPOS="552" VPOS="877" WIDTH="103" HEIGHT="21" WC="0.95" CONTENT="utskottet"/><SP WIDTH="21" VPOS="877" HPOS="655"/>
							<String ID="string_258" HPOS="676" VPOS="878" WIDTH="56" HEIGHT="26" WC="0.96" CONTENT="gjort"/><SP WIDTH="17" VPOS="878" HPOS="732"/>
							<String ID="string_259" HPOS="749" VPOS="877" WIDTH="32" HEIGHT="20" WC="0.97" CONTENT="uti"/><SP WIDTH="15" VPOS="877" HPOS="781"/>
							<String ID="string_260" HPOS="796" VPOS="877" WIDTH="164" HEIGHT="27" WC="0.96" CONTENT="propositionen,"/><SP WIDTH="15" VPOS="877" HPOS="960"/>
							<String ID="string_261" HPOS="975" VPOS="877" WIDTH="27" HEIGHT="20" WC="0.96" CONTENT="då"/><SP WIDTH="14" VPOS="877" HPOS="1002"/>
							<String ID="string_262" HPOS="1016" VPOS="876" WIDTH="36" HEIGHT="21" WC="0.96" CONTENT="det"/>
						</TextLine>
						<TextLine ID="line_26" HPOS="220" VPOS="905" WIDTH="831" HEIGHT="26">
							<String ID="string_263" HPOS="220" VPOS="908" WIDTH="69" HEIGHT="17" WC="0.96" CONTENT="ansett"/><SP WIDTH="20" VPOS="908" HPOS="289"/>
							<String ID="string_264" HPOS="309" VPOS="905" WIDTH="82" HEIGHT="20" WC="0.96" CONTENT="skatten"/><SP WIDTH="18" VPOS="905" HPOS="391"/>
							<String ID="string_265" HPOS="409" VPOS="905" WIDTH="49" HEIGHT="20" WC="0.93" CONTENT="böra"/><SP WIDTH="16" VPOS="905" HPOS="458"/>
							<String ID="string_266" HPOS="474" VPOS="905" WIDTH="83" HEIGHT="26" WC="0.92" CONTENT="aflyftas"/><SP WIDTH="15" VPOS="905" HPOS="557"/>
							<String ID="string_267" HPOS="572" VPOS="905" WIDTH="49" HEIGHT="21" WC="0.96" CONTENT="med"/><SP WIDTH="17" VPOS="905" HPOS="621"/>
							<String ID="string_268" HPOS="638" VPOS="912" WIDTH="37" HEIGHT="14" WC="0.95" CONTENT="ens"/><SP WIDTH="16" VPOS="912" HPOS="675"/>
							<String ID="string_269" HPOS="691" VPOS="906" WIDTH="52" HEIGHT="20" WC="0.96" CONTENT="eller"/><SP WIDTH="14" VPOS="906" HPOS="743"/>
							<String ID="string_270" HPOS="757" VPOS="905" WIDTH="49" HEIGHT="21" WC="0.96" CONTENT="med"/><SP WIDTH="17" VPOS="905" HPOS="806"/>
							<String ID="string_271" HPOS="823" VPOS="905" WIDTH="24" HEIGHT="20" WC="0.96" CONTENT="år"/><SP WIDTH="17" VPOS="905" HPOS="847"/>
							<String ID="string_272" HPOS="864" VPOS="906" WIDTH="61" HEIGHT="24" WC="0.96" CONTENT="1883,"/><SP WIDTH="20" VPOS="906" HPOS="925"/>
							<String ID="string_273" HPOS="945" VPOS="907" WIDTH="22" HEIGHT="18" WC="0.92" CONTENT="är"/><SP WIDTH="15" VPOS="907" HPOS="967"/>
							<String ID="string_274" HPOS="982" VPOS="905" WIDTH="69" HEIGHT="26" WC="0.90" CONTENT="likgil-"/>
						</TextLine>
						<TextLine ID="line_27" HPOS="220" VPOS="933" WIDTH="829" HEIGHT="28">
							<String ID="string_275" HPOS="220" VPOS="934" WIDTH="35" HEIGHT="26" WC="0.94" CONTENT="tig."/><SP WIDTH="33" VPOS="934" HPOS="255"/>
							<String ID="string_276" HPOS="288" VPOS="933" WIDTH="107" HEIGHT="21" WC="0.90" CONTENT="Utskottet"/><SP WIDTH="22" VPOS="933" HPOS="395"/>
							<String ID="string_277" HPOS="417" VPOS="933" WIDTH="65" HEIGHT="28" WC="0.96" CONTENT="ansåg"/><SP WIDTH="16" VPOS="933" HPOS="482"/>
							<String ID="string_278" HPOS="498" VPOS="934" WIDTH="35" HEIGHT="21" WC="0.95" CONTENT="det"/><SP WIDTH="16" VPOS="934" HPOS="533"/>
							<String ID="string_279" HPOS="549" VPOS="941" WIDTH="49" HEIGHT="14" WC="0.96" CONTENT="vara"/><SP WIDTH="11" VPOS="941" HPOS="598"/>
							<String ID="string_280" HPOS="609" VPOS="941" WIDTH="25" HEIGHT="13" WC="0.96" CONTENT="en"/><SP WIDTH="12" VPOS="941" HPOS="634"/>
							<String ID="string_281" HPOS="646" VPOS="934" WIDTH="65" HEIGHT="21" WC="0.96" CONTENT="fördel"/><SP WIDTH="14" VPOS="934" HPOS="711"/>
							<String ID="string_282" HPOS="725" VPOS="937" WIDTH="29" HEIGHT="18" WC="0.92" CONTENT="att"/><SP WIDTH="11" VPOS="937" HPOS="754"/>
							<String ID="string_283" HPOS="765" VPOS="934" WIDTH="160" HEIGHT="27" WC="0.91" CONTENT="upphäfvandet"/><SP WIDTH="12" VPOS="934" HPOS="925"/>
							<String ID="string_284" HPOS="937" VPOS="934" WIDTH="21" HEIGHT="20" WC="0.96" CONTENT="af"/><SP WIDTH="11" VPOS="934" HPOS="958"/>
							<String ID="string_285" HPOS="969" VPOS="934" WIDTH="80" HEIGHT="20" WC="0.96" CONTENT="skatten"/>
						</TextLine>
						<TextLine ID="line_28" HPOS="221" VPOS="962" WIDTH="831" HEIGHT="27">
							<String ID="string_286" HPOS="221" VPOS="963" WIDTH="46" HEIGHT="20" WC="0.96" CONTENT="icke"/><SP WIDTH="23" VPOS="963" HPOS="267"/>
							<String ID="string_287" HPOS="290" VPOS="962" WIDTH="59" HEIGHT="21" WC="0.96" CONTENT="delas"/><SP WIDTH="22" VPOS="962" HPOS="349"/>
							<String ID="string_288" HPOS="371" VPOS="962" WIDTH="68" HEIGHT="21" WC="0.95" CONTENT="såsom"/><SP WIDTH="20" VPOS="962" HPOS="439"/>
							<String ID="string_289" HPOS="459" VPOS="963" WIDTH="128" HEIGHT="26" WC="0.96" CONTENT="proposition"/><SP WIDTH="17" VPOS="963" HPOS="587"/>
							<String ID="string_290" HPOS="604" VPOS="963" WIDTH="93" HEIGHT="25" WC="0.96" CONTENT="föreslår,"/><SP WIDTH="16" VPOS="963" HPOS="697"/>
							<String ID="string_291" HPOS="713" VPOS="963" WIDTH="90" HEIGHT="20" WC="0.96" CONTENT="emedan"/><SP WIDTH="16" VPOS="963" HPOS="803"/>
							<String ID="string_292" HPOS="819" VPOS="963" WIDTH="66" HEIGHT="20" WC="0.96" CONTENT="redan"/><SP WIDTH="16" VPOS="963" HPOS="885"/>
							<String ID="string_293" HPOS="901" VPOS="963" WIDTH="113" HEIGHT="26" WC="0.96" CONTENT="delningen"/><SP WIDTH="16" VPOS="963" HPOS="1014"/>
							<String ID="string_294" HPOS="1030" VPOS="962" WIDTH="22" HEIGHT="20" WC="0.96" CONTENT="af"/>
						</TextLine>
						<TextLine ID="line_29" HPOS="220" VPOS="991" WIDTH="831" HEIGHT="26">
							<String ID="string_295" HPOS="220" VPOS="991" WIDTH="71" HEIGHT="20" WC="0.92" CONTENT="denna"/><SP WIDTH="24" VPOS="991" HPOS="291"/>
							<String ID="string_296" HPOS="315" VPOS="991" WIDTH="123" HEIGHT="26" WC="0.91" CONTENT="gvarnskatt"/><SP WIDTH="18" VPOS="991" HPOS="438"/>
							<String ID="string_297" HPOS="456" VPOS="991" WIDTH="88" HEIGHT="21" WC="0.96" CONTENT="sålunda"/><SP WIDTH="16" VPOS="991" HPOS="544"/>
							<String ID="string_298" HPOS="560" VPOS="991" WIDTH="68" HEIGHT="21" WC="0.96" CONTENT="skulle"/><SP WIDTH="16" VPOS="991" HPOS="628"/>
							<String ID="string_299" HPOS="644" VPOS="991" WIDTH="108" HEIGHT="21" WC="0.96" CONTENT="förorsaka"/><SP WIDTH="15" VPOS="991" HPOS="752"/>
							<String ID="string_300" HPOS="767" VPOS="991" WIDTH="87" HEIGHT="26" WC="0.96" CONTENT="mycket"/><SP WIDTH="15" VPOS="991" HPOS="854"/>
							<String ID="string_301" HPOS="869" VPOS="991" WIDTH="51" HEIGHT="20" WC="0.96" CONTENT="bråk"/><SP WIDTH="16" VPOS="991" HPOS="920"/>
							<String ID="string_302" HPOS="936" VPOS="991" WIDTH="39" HEIGHT="20" WC="0.93" CONTENT="och"/><SP WIDTH="15" VPOS="991" HPOS="975"/>
							<String ID="string_303" HPOS="990" VPOS="991" WIDTH="61" HEIGHT="20" WC="0.93" CONTENT="skrif-"/>
						</TextLine>
						<TextLine ID="line_30" HPOS="220" VPOS="1019" WIDTH="830" HEIGHT="28">
							<String ID="string_304" HPOS="220" VPOS="1019" WIDTH="74" HEIGHT="26" WC="0.91" CONTENT="verier,"/><SP WIDTH="22" VPOS="1019" HPOS="294"/>
							<String ID="string_305" HPOS="316" VPOS="1026" WIDTH="49" HEIGHT="14" WC="0.96" CONTENT="men"/><SP WIDTH="24" VPOS="1026" HPOS="365"/>
							<String ID="string_306" HPOS="389" VPOS="1020" WIDTH="61" HEIGHT="20" WC="0.96" CONTENT="äfven"/><SP WIDTH="17" VPOS="1020" HPOS="450"/>
							<String ID="string_307" HPOS="467" VPOS="1020" WIDTH="70" HEIGHT="21" WC="0.96" CONTENT="derför"/><SP WIDTH="15" VPOS="1020" HPOS="537"/>
							<String ID="string_308" HPOS="552" VPOS="1020" WIDTH="26" HEIGHT="21" WC="0.93" CONTENT="dä"/><SP WIDTH="16" VPOS="1020" HPOS="578"/>
							<String ID="string_309" HPOS="594" VPOS="1020" WIDTH="159" HEIGHT="27" WC="0.92" CONTENT="tullgvarnarne"/><SP WIDTH="17" VPOS="1020" HPOS="753"/>
							<String ID="string_310" HPOS="770" VPOS="1020" WIDTH="67" HEIGHT="20" WC="0.96" CONTENT="blifva"/><SP WIDTH="15" VPOS="1020" HPOS="837"/>
							<String ID="string_311" HPOS="852" VPOS="1019" WIDTH="93" HEIGHT="21" WC="0.96" CONTENT="befriade"/><SP WIDTH="16" VPOS="1019" HPOS="945"/>
							<String ID="string_312" HPOS="961" VPOS="1019" WIDTH="45" HEIGHT="20" WC="0.93" CONTENT="från"/><SP WIDTH="17" VPOS="1019" HPOS="1006"/>
							<String ID="string_313" HPOS="1023" VPOS="1020" WIDTH="27" HEIGHT="26" WC="0.84" CONTENT="1/;"/>
						</TextLine>
						<TextLine ID="line_31" HPOS="219" VPOS="1047" WIDTH="832" HEIGHT="28">
							<String ID="string_314" HPOS="219" VPOS="1048" WIDTH="22" HEIGHT="20" WC="0.95" CONTENT="af"/><SP WIDTH="22" VPOS="1048" HPOS="241"/>
							<String ID="string_315" HPOS="263" VPOS="1048" WIDTH="90" HEIGHT="26" WC="0.96" CONTENT="skatten,"/><SP WIDTH="16" VPOS="1048" HPOS="353"/>
							<String ID="string_316" HPOS="369" VPOS="1048" WIDTH="24" HEIGHT="21" WC="0.96" CONTENT="så"/><SP WIDTH="14" VPOS="1048" HPOS="393"/>
							<String ID="string_317" HPOS="407" VPOS="1048" WIDTH="65" HEIGHT="21" WC="0.93" CONTENT="borde"/><SP WIDTH="16" VPOS="1048" HPOS="472"/>
							<String ID="string_318" HPOS="488" VPOS="1049" WIDTH="234" HEIGHT="26" WC="0.92" CONTENT="husbehofsqvarnarne"/><SP WIDTH="16" VPOS="1049" HPOS="722"/>
							<String ID="string_319" HPOS="738" VPOS="1055" WIDTH="51" HEIGHT="14" WC="0.96" CONTENT="vara"/><SP WIDTH="17" VPOS="1055" HPOS="789"/>
							<String ID="string_320" HPOS="806" VPOS="1048" WIDTH="129" HEIGHT="27" WC="0.96" CONTENT="berättigade"/><SP WIDTH="16" VPOS="1048" HPOS="935"/>
							<String ID="string_321" HPOS="951" VPOS="1050" WIDTH="29" HEIGHT="19" WC="0.96" CONTENT="att"/><SP WIDTH="15" VPOS="1050" HPOS="980"/>
							<String ID="string_322" HPOS="995" VPOS="1047" WIDTH="56" HEIGHT="21" WC="0.96" CONTENT="mala"/>
						</TextLine>
						<TextLine ID="line_32" HPOS="219" VPOS="1077" WIDTH="832" HEIGHT="27">
							<String ID="string_323" HPOS="219" VPOS="1083" WIDTH="27" HEIGHT="14" WC="0.96" CONTENT="en"/><SP WIDTH="22" VPOS="1083" HPOS="246"/>
							<String ID="string_324" HPOS="268" VPOS="1077" WIDTH="67" HEIGHT="26" WC="0.96" CONTENT="tredje"/><SP WIDTH="23" VPOS="1077" HPOS="335"/>
							<String ID="string_325" HPOS="358" VPOS="1077" WIDTH="34" HEIGHT="20" WC="0.96" CONTENT="del"/><SP WIDTH="21" VPOS="1077" HPOS="392"/>
							<String ID="string_326" HPOS="413" VPOS="1077" WIDTH="27" HEIGHT="27" WC="0.96" CONTENT="på"/><SP WIDTH="22" VPOS="1077" HPOS="440"/>
							<String ID="string_327" HPOS="462" VPOS="1077" WIDTH="44" HEIGHT="20" WC="0.93" CONTENT="sina"/><SP WIDTH="27" VPOS="1077" HPOS="506"/>
							<String ID="string_328" HPOS="533" VPOS="1083" WIDTH="95" HEIGHT="21" WC="0.91" CONTENT="qvarnar."/><SP WIDTH="30" VPOS="1083" HPOS="628"/>
							<String ID="string_329" HPOS="658" VPOS="1077" WIDTH="32" HEIGHT="21" WC="0.96" CONTENT="Då"/><SP WIDTH="23" VPOS="1077" HPOS="690"/>
							<String ID="string_330" HPOS="713" VPOS="1078" WIDTH="35" HEIGHT="20" WC="0.96" CONTENT="det"/><SP WIDTH="15" VPOS="1078" HPOS="748"/>
							<String ID="string_331" HPOS="763" VPOS="1077" WIDTH="67" HEIGHT="20" WC="0.96" CONTENT="likväl"/><SP WIDTH="16" VPOS="1077" HPOS="830"/>
							<String ID="string_332" HPOS="846" VPOS="1083" WIDTH="49" HEIGHT="14" WC="0.96" CONTENT="vore"/><SP WIDTH="16" VPOS="1083" HPOS="895"/>
							<String ID="string_333" HPOS="911" VPOS="1077" WIDTH="95" HEIGHT="26" WC="0.96" CONTENT="omöjligt"/><SP WIDTH="15" VPOS="1077" HPOS="1006"/>
							<String ID="string_334" HPOS="1021" VPOS="1078" WIDTH="30" HEIGHT="19" WC="0.97" CONTENT="att"/>
						</TextLine>
						<TextLine ID="line_33" HPOS="219" VPOS="1105" WIDTH="830" HEIGHT="22">
							<String ID="string_335" HPOS="219" VPOS="1105" WIDTH="130" HEIGHT="21" WC="0.95" CONTENT="kontrollera"/><SP WIDTH="22" VPOS="1105" HPOS="349"/>
							<String ID="string_336" HPOS="371" VPOS="1105" WIDTH="105" HEIGHT="21" WC="0.96" CONTENT="huruvida"/><SP WIDTH="21" VPOS="1105" HPOS="476"/>
							<String ID="string_337" HPOS="497" VPOS="1106" WIDTH="61" HEIGHT="20" WC="0.96" CONTENT="dessa"/><SP WIDTH="21" VPOS="1106" HPOS="558"/>
							<String ID="string_338" HPOS="579" VPOS="1106" WIDTH="47" HEIGHT="21" WC="0.96" CONTENT="icke"/><SP WIDTH="22" VPOS="1106" HPOS="626"/>
							<String ID="string_339" HPOS="648" VPOS="1106" WIDTH="68" HEIGHT="21" WC="0.96" CONTENT="skulle"/><SP WIDTH="16" VPOS="1106" HPOS="716"/>
							<String ID="string_340" HPOS="732" VPOS="1106" WIDTH="87" HEIGHT="21" WC="0.96" CONTENT="komma"/><SP WIDTH="15" VPOS="1106" HPOS="819"/>
							<String ID="string_341" HPOS="834" VPOS="1108" WIDTH="30" HEIGHT="18" WC="0.96" CONTENT="att"/><SP WIDTH="16" VPOS="1108" HPOS="864"/>
							<String ID="string_342" HPOS="880" VPOS="1105" WIDTH="55" HEIGHT="21" WC="0.96" CONTENT="mala"/><SP WIDTH="17" VPOS="1105" HPOS="935"/>
							<String ID="string_343" HPOS="952" VPOS="1112" WIDTH="56" HEIGHT="14" WC="0.95" CONTENT="mera"/><SP WIDTH="15" VPOS="1112" HPOS="1008"/>
							<String ID="string_344" HPOS="1023" VPOS="1107" WIDTH="26" HEIGHT="18" WC="0.96" CONTENT="än"/>
						</TextLine>
						<TextLine ID="line_34" HPOS="220" VPOS="1134" WIDTH="831" HEIGHT="27">
							<String ID="string_345" HPOS="220" VPOS="1135" WIDTH="33" HEIGHT="24" WC="0.74" CONTENT="1/3,"/><SP WIDTH="17" VPOS="1135" HPOS="253"/>
							<String ID="string_346" HPOS="270" VPOS="1134" WIDTH="23" HEIGHT="20" WC="0.96" CONTENT="så"/><SP WIDTH="16" VPOS="1134" HPOS="293"/>
							<String ID="string_347" HPOS="309" VPOS="1141" WIDTH="37" HEIGHT="14" WC="0.96" CONTENT="var"/><SP WIDTH="15" VPOS="1141" HPOS="346"/>
							<String ID="string_348" HPOS="361" VPOS="1134" WIDTH="35" HEIGHT="21" WC="0.96" CONTENT="det"/><SP WIDTH="16" VPOS="1134" HPOS="396"/>
							<String ID="string_349" HPOS="412" VPOS="1134" WIDTH="100" HEIGHT="27" WC="0.96" CONTENT="naturligt"/><SP WIDTH="15" VPOS="1134" HPOS="512"/>
							<String ID="string_350" HPOS="527" VPOS="1137" WIDTH="29" HEIGHT="18" WC="0.96" CONTENT="att"/><SP WIDTH="16" VPOS="1137" HPOS="556"/>
							<String ID="string_351" HPOS="572" VPOS="1141" WIDTH="49" HEIGHT="14" WC="0.96" CONTENT="man"/><SP WIDTH="15" VPOS="1141" HPOS="621"/>
							<String ID="string_352" HPOS="636" VPOS="1135" WIDTH="105" HEIGHT="26" WC="0.96" CONTENT="föredrog,"/><SP WIDTH="16" VPOS="1135" HPOS="741"/>
							<String ID="string_353" HPOS="757" VPOS="1137" WIDTH="31" HEIGHT="18" WC="0.96" CONTENT="att"/><SP WIDTH="16" VPOS="1137" HPOS="788"/>
							<String ID="string_354" HPOS="804" VPOS="1134" WIDTH="26" HEIGHT="21" WC="0.96" CONTENT="dä"/><SP WIDTH="15" VPOS="1134" HPOS="830"/>
							<String ID="string_355" HPOS="845" VPOS="1135" WIDTH="125" HEIGHT="26" WC="0.96" CONTENT="regeringen"/><SP WIDTH="12" VPOS="1135" HPOS="970"/>
							<String ID="string_356" HPOS="982" VPOS="1135" WIDTH="69" HEIGHT="19" WC="0.95" CONTENT="ansett"/>
						</TextLine>
						<TextLine ID="line_35" HPOS="219" VPOS="1163" WIDTH="832" HEIGHT="27">
							<String ID="string_357" HPOS="219" VPOS="1163" WIDTH="32" HEIGHT="26" WC="0.93" CONTENT="sig"/><SP WIDTH="23" VPOS="1163" HPOS="251"/>
							<String ID="string_358" HPOS="274" VPOS="1163" WIDTH="91" HEIGHT="20" WC="0.91" CONTENT="behöfva"/><SP WIDTH="22" VPOS="1163" HPOS="365"/>
							<String ID="string_359" HPOS="387" VPOS="1163" WIDTH="82" HEIGHT="20" WC="0.96" CONTENT="skatten"/><SP WIDTH="16" VPOS="1163" HPOS="469"/>
							<String ID="string_360" HPOS="485" VPOS="1163" WIDTH="68" HEIGHT="20" WC="0.95" CONTENT="under"/><SP WIDTH="15" VPOS="1163" HPOS="553"/>
							<String ID="string_361" HPOS="568" VPOS="1165" WIDTH="30" HEIGHT="19" WC="0.96" CONTENT="ett"/><SP WIDTH="15" VPOS="1165" HPOS="598"/>
							<String ID="string_362" HPOS="613" VPOS="1163" WIDTH="29" HEIGHT="26" WC="0.96" CONTENT="år,"/><SP WIDTH="16" VPOS="1163" HPOS="642"/>
							<String ID="string_363" HPOS="658" VPOS="1163" WIDTH="57" HEIGHT="27" WC="0.96" CONTENT="gifva"/><SP WIDTH="16" VPOS="1163" HPOS="715"/>
							<String ID="string_364" HPOS="731" VPOS="1163" WIDTH="42" HEIGHT="21" WC="0.96" CONTENT="den"/><SP WIDTH="17" VPOS="1163" HPOS="773"/>
							<String ID="string_365" HPOS="790" VPOS="1163" WIDTH="69" HEIGHT="20" WC="0.96" CONTENT="under"/><SP WIDTH="15" VPOS="1163" HPOS="859"/>
							<String ID="string_366" HPOS="874" VPOS="1163" WIDTH="48" HEIGHT="20" WC="0.96" CONTENT="hela"/><SP WIDTH="16" VPOS="1163" HPOS="922"/>
							<String ID="string_367" HPOS="938" VPOS="1163" WIDTH="44" HEIGHT="20" WC="0.95" CONTENT="året"/><SP WIDTH="14" VPOS="1163" HPOS="982"/>
							<String ID="string_368" HPOS="996" VPOS="1163" WIDTH="55" HEIGHT="20" WC="0.96" CONTENT="1883"/>
						</TextLine>
						<TextLine ID="line_36" HPOS="218" VPOS="1191" WIDTH="832" HEIGHT="28">
							<String ID="string_369" HPOS="218" VPOS="1191" WIDTH="40" HEIGHT="20" WC="0.96" CONTENT="och"/><SP WIDTH="16" VPOS="1191" HPOS="258"/>
							<String ID="string_370" HPOS="274" VPOS="1191" WIDTH="46" HEIGHT="20" WC="0.96" CONTENT="från"/><SP WIDTH="18" VPOS="1191" HPOS="320"/>
							<String ID="string_371" HPOS="338" VPOS="1192" WIDTH="55" HEIGHT="20" WC="0.96" CONTENT="1884"/><SP WIDTH="15" VPOS="1192" HPOS="393"/>
							<String ID="string_372" HPOS="408" VPOS="1191" WIDTH="42" HEIGHT="21" WC="0.96" CONTENT="låta"/><SP WIDTH="14" VPOS="1191" HPOS="450"/>
							<String ID="string_373" HPOS="464" VPOS="1191" WIDTH="152" HEIGHT="28" WC="0.96" CONTENT="författningen"/><SP WIDTH="16" VPOS="1191" HPOS="616"/>
							<String ID="string_374" HPOS="632" VPOS="1192" WIDTH="59" HEIGHT="20" WC="0.96" CONTENT="träda"/><SP WIDTH="15" VPOS="1192" HPOS="691"/>
							<String ID="string_375" HPOS="706" VPOS="1192" WIDTH="5" HEIGHT="20" WC="0.96" CONTENT="i"/><SP WIDTH="18" VPOS="1192" HPOS="711"/>
							<String ID="string_376" HPOS="729" VPOS="1192" WIDTH="40" HEIGHT="20" WC="0.96" CONTENT="full"/><SP WIDTH="18" VPOS="1192" HPOS="769"/>
							<String ID="string_377" HPOS="787" VPOS="1192" WIDTH="140" HEIGHT="20" WC="0.87" CONTENT="verksamhet."/><SP WIDTH="24" VPOS="1192" HPOS="927"/>
							<String ID="string_378" HPOS="951" VPOS="1191" WIDTH="63" HEIGHT="21" WC="0.96" CONTENT="Hvad"/><SP WIDTH="11" VPOS="1191" HPOS="1014"/>
							<String ID="string_379" HPOS="1025" VPOS="1191" WIDTH="25" HEIGHT="20" WC="0.96" CONTENT="de"/>
						</TextLine>
						<TextLine ID="line_37" HPOS="218" VPOS="1219" WIDTH="834" HEIGHT="28">
							<String ID="string_380" HPOS="218" VPOS="1219" WIDTH="24" HEIGHT="21" WC="0.96" CONTENT="så"/><SP WIDTH="15" VPOS="1219" HPOS="242"/>
							<String ID="string_381" HPOS="257" VPOS="1219" WIDTH="84" HEIGHT="22" WC="0.96" CONTENT="kallade"/><SP WIDTH="17" VPOS="1219" HPOS="341"/>
							<String ID="string_382" HPOS="358" VPOS="1220" WIDTH="120" HEIGHT="27" WC="0.93" CONTENT="nyanlagda"/><SP WIDTH="18" VPOS="1220" HPOS="478"/>
							<String ID="string_383" HPOS="496" VPOS="1226" WIDTH="119" HEIGHT="21" WC="0.90" CONTENT="qvarnarne"/><SP WIDTH="16" VPOS="1226" HPOS="615"/>
							<String ID="string_384" HPOS="631" VPOS="1220" WIDTH="95" HEIGHT="26" WC="0.91" CONTENT="beträffa,"/><SP WIDTH="15" VPOS="1220" HPOS="726"/>
							<String ID="string_385" HPOS="741" VPOS="1221" WIDTH="40" HEIGHT="20" WC="0.96" CONTENT="har"/><SP WIDTH="15" VPOS="1221" HPOS="781"/>
							<String ID="string_386" HPOS="796" VPOS="1221" WIDTH="103" HEIGHT="20" WC="0.96" CONTENT="utskottet"/><SP WIDTH="16" VPOS="1221" HPOS="899"/>
							<String ID="string_387" HPOS="915" VPOS="1220" WIDTH="70" HEIGHT="20" WC="0.93" CONTENT="derför"/><SP WIDTH="15" VPOS="1220" HPOS="985"/>
							<String ID="string_388" HPOS="1000" VPOS="1225" WIDTH="52" HEIGHT="21" WC="0.91" CONTENT="upp-"/>
						</TextLine>
						<TextLine ID="line_38" HPOS="219" VPOS="1248" WIDTH="833" HEIGHT="28">
							<String ID="string_389" HPOS="219" VPOS="1248" WIDTH="52" HEIGHT="27" WC="0.94" CONTENT="tagit"/><SP WIDTH="23" VPOS="1248" HPOS="271"/>
							<String ID="string_390" HPOS="294" VPOS="1248" WIDTH="47" HEIGHT="21" WC="0.92" CONTENT="dem"/><SP WIDTH="24" VPOS="1248" HPOS="341"/>
							<String ID="string_391" HPOS="365" VPOS="1248" WIDTH="65" HEIGHT="21" WC="0.92" CONTENT="skildt"/><SP WIDTH="21" VPOS="1248" HPOS="430"/>
							<String ID="string_392" HPOS="451" VPOS="1249" WIDTH="6" HEIGHT="20" WC="0.96" CONTENT="i"/><SP WIDTH="15" VPOS="1249" HPOS="457"/>
							<String ID="string_393" HPOS="472" VPOS="1248" WIDTH="160" HEIGHT="28" WC="0.96" CONTENT="lagstiftningen"/><SP WIDTH="17" VPOS="1248" HPOS="632"/>
							<String ID="string_394" HPOS="649" VPOS="1249" WIDTH="39" HEIGHT="21" WC="0.96" CONTENT="och"/><SP WIDTH="16" VPOS="1249" HPOS="688"/>
							<String ID="string_395" HPOS="704" VPOS="1252" WIDTH="70" HEIGHT="18" WC="0.96" CONTENT="ansett"/><SP WIDTH="16" VPOS="1252" HPOS="774"/>
							<String ID="string_396" HPOS="790" VPOS="1249" WIDTH="48" HEIGHT="21" WC="0.97" CONTENT="dem"/><SP WIDTH="17" VPOS="1249" HPOS="838"/>
							<String ID="string_397" HPOS="855" VPOS="1256" WIDTH="50" HEIGHT="14" WC="0.96" CONTENT="vara"/><SP WIDTH="16" VPOS="1256" HPOS="905"/>
							<String ID="string_398" HPOS="921" VPOS="1248" WIDTH="131" HEIGHT="27" WC="0.96" CONTENT="berättigade"/>
						</TextLine>
						<TextLine ID="line_39" HPOS="218" VPOS="1277" WIDTH="834" HEIGHT="27">
							<String ID="string_399" HPOS="218" VPOS="1279" WIDTH="31" HEIGHT="18" WC="0.93" CONTENT="att"/><SP WIDTH="16" VPOS="1279" HPOS="249"/>
							<String ID="string_400" HPOS="265" VPOS="1280" WIDTH="106" HEIGHT="24" WC="0.91" CONTENT="emottaga"/><SP WIDTH="15" VPOS="1280" HPOS="371"/>
							<String ID="string_401" HPOS="386" VPOS="1277" WIDTH="57" HEIGHT="21" WC="0.92" CONTENT="mäld"/><SP WIDTH="16" VPOS="1277" HPOS="443"/>
							<String ID="string_402" HPOS="459" VPOS="1279" WIDTH="50" HEIGHT="19" WC="0.96" CONTENT="utan"/><SP WIDTH="17" VPOS="1279" HPOS="509"/>
							<String ID="string_403" HPOS="526" VPOS="1280" WIDTH="30" HEIGHT="18" WC="0.96" CONTENT="att"/><SP WIDTH="16" VPOS="1280" HPOS="556"/>
							<String ID="string_404" HPOS="572" VPOS="1278" WIDTH="68" HEIGHT="21" WC="0.96" CONTENT="betala"/><SP WIDTH="16" VPOS="1278" HPOS="640"/>
							<String ID="string_405" HPOS="656" VPOS="1278" WIDTH="60" HEIGHT="26" WC="0.96" CONTENT="skatt,"/><SP WIDTH="16" VPOS="1278" HPOS="716"/>
							<String ID="string_406" HPOS="732" VPOS="1278" WIDTH="27" HEIGHT="20" WC="0.96" CONTENT="då"/><SP WIDTH="15" VPOS="1278" HPOS="759"/>
							<String ID="string_407" HPOS="774" VPOS="1278" WIDTH="62" HEIGHT="26" WC="0.96" CONTENT="högst"/><SP WIDTH="11" VPOS="1278" HPOS="836"/>
							<String ID="string_408" HPOS="847" VPOS="1278" WIDTH="20" HEIGHT="20" WC="0.93" CONTENT="få"/><SP WIDTH="12" VPOS="1278" HPOS="867"/>
							<String ID="string_409" HPOS="879" VPOS="1284" WIDTH="91" HEIGHT="20" WC="0.90" CONTENT="qvarnar"/><SP WIDTH="10" VPOS="1284" HPOS="970"/>
							<String ID="string_410" HPOS="980" VPOS="1277" WIDTH="72" HEIGHT="20" WC="0.96" CONTENT="kunna"/>
						</TextLine>
						<TextLine ID="line_40" HPOS="220" VPOS="1305" WIDTH="833" HEIGHT="27">
							<String ID="string_411" HPOS="220" VPOS="1305" WIDTH="102" HEIGHT="27" WC="0.95" CONTENT="anläggas"/><SP WIDTH="15" VPOS="1305" HPOS="322"/>
							<String ID="string_412" HPOS="337" VPOS="1306" WIDTH="68" HEIGHT="21" WC="0.95" CONTENT="under"/><SP WIDTH="15" VPOS="1306" HPOS="405"/>
							<String ID="string_413" HPOS="420" VPOS="1306" WIDTH="42" HEIGHT="20" WC="0.96" CONTENT="den"/><SP WIDTH="16" VPOS="1306" HPOS="462"/>
							<String ID="string_414" HPOS="478" VPOS="1306" WIDTH="131" HEIGHT="21" WC="0.95" CONTENT="återstående"/><SP WIDTH="16" VPOS="1306" HPOS="609"/>
							<String ID="string_415" HPOS="625" VPOS="1306" WIDTH="61" HEIGHT="21" WC="0.96" CONTENT="delen"/><SP WIDTH="17" VPOS="1306" HPOS="686"/>
							<String ID="string_416" HPOS="703" VPOS="1307" WIDTH="21" HEIGHT="20" WC="0.96" CONTENT="af"/><SP WIDTH="14" VPOS="1307" HPOS="724"/>
							<String ID="string_417" HPOS="738" VPOS="1306" WIDTH="24" HEIGHT="21" WC="0.96" CONTENT="år"/><SP WIDTH="17" VPOS="1306" HPOS="762"/>
							<String ID="string_418" HPOS="779" VPOS="1306" WIDTH="55" HEIGHT="21" WC="0.96" CONTENT="1882"/><SP WIDTH="16" VPOS="1306" HPOS="834"/>
							<String ID="string_419" HPOS="850" VPOS="1306" WIDTH="39" HEIGHT="21" WC="0.96" CONTENT="och"/><SP WIDTH="16" VPOS="1306" HPOS="889"/>
							<String ID="string_420" HPOS="905" VPOS="1306" WIDTH="23" HEIGHT="20" WC="0.95" CONTENT="år"/><SP WIDTH="16" VPOS="1306" HPOS="928"/>
							<String ID="string_421" HPOS="944" VPOS="1306" WIDTH="54" HEIGHT="20" WC="0.96" CONTENT="1883"/><SP WIDTH="15" VPOS="1306" HPOS="998"/>
							<String ID="string_422" HPOS="1013" VPOS="1305" WIDTH="40" HEIGHT="21" WC="0.96" CONTENT="och"/>
						</TextLine>
						<TextLine ID="line_41" HPOS="218" VPOS="1334" WIDTH="834" HEIGHT="28">
							<String ID="string_423" HPOS="218" VPOS="1337" WIDTH="31" HEIGHT="17" WC="0.96" CONTENT="att"/><SP WIDTH="22" VPOS="1337" HPOS="249"/>
							<String ID="string_424" HPOS="271" VPOS="1334" WIDTH="46" HEIGHT="21" WC="0.96" CONTENT="åter"/><SP WIDTH="22" VPOS="1334" HPOS="317"/>
							<String ID="string_425" HPOS="339" VPOS="1341" WIDTH="26" HEIGHT="14" WC="0.92" CONTENT="en"/><SP WIDTH="24" VPOS="1341" HPOS="365"/>
							<String ID="string_426" HPOS="389" VPOS="1334" WIDTH="157" HEIGHT="28" WC="0.91" CONTENT="skattläggning"/><SP WIDTH="22" VPOS="1334" HPOS="546"/>
							<String ID="string_427" HPOS="568" VPOS="1335" WIDTH="22" HEIGHT="21" WC="0.96" CONTENT="af"/><SP WIDTH="22" VPOS="1335" HPOS="590"/>
							<String ID="string_428" HPOS="612" VPOS="1336" WIDTH="61" HEIGHT="20" WC="0.93" CONTENT="dessa"/><SP WIDTH="24" VPOS="1336" HPOS="673"/>
							<String ID="string_429" HPOS="697" VPOS="1342" WIDTH="99" HEIGHT="20" WC="0.89" CONTENT="gvarnar,"/><SP WIDTH="24" VPOS="1342" HPOS="796"/>
							<String ID="string_430" HPOS="820" VPOS="1335" WIDTH="25" HEIGHT="20" WC="0.97" CONTENT="då"/><SP WIDTH="16" VPOS="1335" HPOS="845"/>
							<String ID="string_431" HPOS="861" VPOS="1335" WIDTH="83" HEIGHT="20" WC="0.96" CONTENT="skatten"/><SP WIDTH="17" VPOS="1335" HPOS="944"/>
							<String ID="string_432" HPOS="961" VPOS="1334" WIDTH="52" HEIGHT="21" WC="0.96" CONTENT="dock"/><SP WIDTH="17" VPOS="1334" HPOS="1013"/>
							<String ID="string_433" HPOS="1030" VPOS="1334" WIDTH="22" HEIGHT="20" WC="0.96" CONTENT="sä"/>
						</TextLine>
						<TextLine ID="line_42" HPOS="218" VPOS="1362" WIDTH="834" HEIGHT="29">
							<String ID="string_434" HPOS="218" VPOS="1366" WIDTH="59" HEIGHT="18" WC="0.96" CONTENT="snart"/><SP WIDTH="16" VPOS="1366" HPOS="277"/>
							<String ID="string_435" HPOS="293" VPOS="1362" WIDTH="69" HEIGHT="22" WC="0.96" CONTENT="skulle"/><SP WIDTH="15" VPOS="1362" HPOS="362"/>
							<String ID="string_436" HPOS="377" VPOS="1364" WIDTH="95" HEIGHT="26" WC="0.96" CONTENT="upphöra"/><SP WIDTH="16" VPOS="1364" HPOS="472"/>
							<String ID="string_437" HPOS="488" VPOS="1366" WIDTH="30" HEIGHT="18" WC="0.96" CONTENT="att"/><SP WIDTH="15" VPOS="1366" HPOS="518"/>
							<String ID="string_438" HPOS="533" VPOS="1364" WIDTH="55" HEIGHT="27" WC="0.95" CONTENT="utgå,"/><SP WIDTH="16" VPOS="1364" HPOS="588"/>
							<String ID="string_439" HPOS="604" VPOS="1370" WIDTH="50" HEIGHT="14" WC="0.93" CONTENT="vore"/><SP WIDTH="16" VPOS="1370" HPOS="654"/>
							<String ID="string_440" HPOS="670" VPOS="1363" WIDTH="148" HEIGHT="21" WC="0.86" CONTENT="ändamålslös."/><SP WIDTH="29" VPOS="1363" HPOS="818"/>
							<String ID="string_441" HPOS="847" VPOS="1363" WIDTH="41" HEIGHT="27" WC="0.96" CONTENT="Jag"/><SP WIDTH="11" VPOS="1363" HPOS="888"/>
							<String ID="string_442" HPOS="899" VPOS="1369" WIDTH="62" HEIGHT="15" WC="0.96" CONTENT="anser"/><SP WIDTH="10" VPOS="1369" HPOS="961"/>
							<String ID="string_443" HPOS="971" VPOS="1362" WIDTH="81" HEIGHT="21" WC="0.95" CONTENT="således"/>
						</TextLine>
						<TextLine ID="line_43" HPOS="218" VPOS="1391" WIDTH="834" HEIGHT="28">
							<String ID="string_444" HPOS="218" VPOS="1394" WIDTH="31" HEIGHT="18" WC="0.91" CONTENT="att"/><SP WIDTH="20" VPOS="1394" HPOS="249"/>
							<String ID="string_445" HPOS="269" VPOS="1391" WIDTH="88" HEIGHT="21" WC="0.91" CONTENT="Ståndet"/><SP WIDTH="15" VPOS="1391" HPOS="357"/>
							<String ID="string_446" HPOS="372" VPOS="1391" WIDTH="64" HEIGHT="21" WC="0.96" CONTENT="borde"/><SP WIDTH="16" VPOS="1391" HPOS="436"/>
							<String ID="string_447" HPOS="452" VPOS="1392" WIDTH="74" HEIGHT="20" WC="0.96" CONTENT="förena"/><SP WIDTH="15" VPOS="1392" HPOS="526"/>
							<String ID="string_448" HPOS="541" VPOS="1393" WIDTH="32" HEIGHT="26" WC="0.96" CONTENT="sig"/><SP WIDTH="15" VPOS="1393" HPOS="573"/>
							<String ID="string_449" HPOS="588" VPOS="1399" WIDTH="34" HEIGHT="14" WC="0.96" CONTENT="om"/><SP WIDTH="16" VPOS="1399" HPOS="622"/>
							<String ID="string_450" HPOS="638" VPOS="1394" WIDTH="30" HEIGHT="19" WC="0.96" CONTENT="att"/><SP WIDTH="16" VPOS="1394" HPOS="668"/>
							<String ID="string_451" HPOS="684" VPOS="1395" WIDTH="76" HEIGHT="24" WC="0.96" CONTENT="antaga"/><SP WIDTH="17" VPOS="1395" HPOS="760"/>
							<String ID="string_452" HPOS="777" VPOS="1392" WIDTH="41" HEIGHT="20" WC="0.93" CONTENT="den"/><SP WIDTH="17" VPOS="1392" HPOS="818"/>
							<String ID="string_453" HPOS="835" VPOS="1392" WIDTH="108" HEIGHT="26" WC="0.91" CONTENT="förelagda"/><SP WIDTH="15" VPOS="1392" HPOS="943"/>
							<String ID="string_454" HPOS="958" VPOS="1391" WIDTH="94" HEIGHT="27" WC="0.91" CONTENT="proposi-"/>
						</TextLine>
						<TextLine ID="line_44" HPOS="218" VPOS="1420" WIDTH="834" HEIGHT="26">
							<String ID="string_455" HPOS="218" VPOS="1420" WIDTH="44" HEIGHT="20" WC="0.96" CONTENT="tion"/><SP WIDTH="23" VPOS="1420" HPOS="262"/>
							<String ID="string_456" HPOS="285" VPOS="1420" WIDTH="65" HEIGHT="21" WC="0.95" CONTENT="sådan"/><SP WIDTH="23" VPOS="1420" HPOS="350"/>
							<String ID="string_457" HPOS="373" VPOS="1420" WIDTH="40" HEIGHT="20" WC="0.95" CONTENT="den"/><SP WIDTH="17" VPOS="1420" HPOS="413"/>
							<String ID="string_458" HPOS="430" VPOS="1420" WIDTH="21" HEIGHT="21" WC="0.96" CONTENT="af"/><SP WIDTH="15" VPOS="1420" HPOS="451"/>
							<String ID="string_459" HPOS="466" VPOS="1421" WIDTH="154" HEIGHT="21" WC="0.96" CONTENT="statsutskottet"/><SP WIDTH="16" VPOS="1421" HPOS="620"/>
							<String ID="string_460" HPOS="636" VPOS="1421" WIDTH="69" HEIGHT="21" WC="0.96" CONTENT="blifvit"/><SP WIDTH="16" VPOS="1421" HPOS="705"/>
							<String ID="string_461" HPOS="721" VPOS="1420" WIDTH="124" HEIGHT="22" WC="0.95" CONTENT="modifierad"/><SP WIDTH="17" VPOS="1420" HPOS="845"/>
							<String ID="string_462" HPOS="862" VPOS="1421" WIDTH="39" HEIGHT="20" WC="0.96" CONTENT="och"/><SP WIDTH="16" VPOS="1421" HPOS="901"/>
							<String ID="string_463" HPOS="917" VPOS="1420" WIDTH="71" HEIGHT="21" WC="0.96" CONTENT="stöder"/><SP WIDTH="20" VPOS="1420" HPOS="988"/>
							<String ID="string_464" HPOS="1008" VPOS="1420" WIDTH="44" HEIGHT="26" WC="0.96" CONTENT="mig"/>
						</TextLine>
						<TextLine ID="line_45" HPOS="217" VPOS="1448" WIDTH="836" HEIGHT="28">
							<String ID="string_465" HPOS="217" VPOS="1448" WIDTH="75" HEIGHT="21" WC="0.96" CONTENT="härvid"/><SP WIDTH="24" VPOS="1448" HPOS="292"/>
							<String ID="string_466" HPOS="316" VPOS="1449" WIDTH="18" HEIGHT="26" WC="0.95" CONTENT="ej"/><SP WIDTH="25" VPOS="1449" HPOS="334"/>
							<String ID="string_467" HPOS="359" VPOS="1448" WIDTH="52" HEIGHT="21" WC="0.96" CONTENT="blott"/><SP WIDTH="20" VPOS="1448" HPOS="411"/>
							<String ID="string_468" HPOS="431" VPOS="1449" WIDTH="27" HEIGHT="27" WC="0.96" CONTENT="på"/><SP WIDTH="23" VPOS="1449" HPOS="458"/>
							<String ID="string_469" HPOS="481" VPOS="1449" WIDTH="61" HEIGHT="21" WC="0.96" CONTENT="dessa"/><SP WIDTH="22" VPOS="1449" HPOS="542"/>
							<String ID="string_470" HPOS="564" VPOS="1450" WIDTH="65" HEIGHT="20" WC="0.96" CONTENT="redan"/><SP WIDTH="23" VPOS="1450" HPOS="629"/>
							<String ID="string_471" HPOS="652" VPOS="1450" WIDTH="87" HEIGHT="20" WC="0.96" CONTENT="anförda"/><SP WIDTH="24" VPOS="1450" HPOS="739"/>
							<String ID="string_472" HPOS="763" VPOS="1449" WIDTH="52" HEIGHT="27" WC="0.96" CONTENT="skäl,"/><SP WIDTH="24" VPOS="1449" HPOS="815"/>
							<String ID="string_473" HPOS="839" VPOS="1452" WIDTH="51" HEIGHT="18" WC="0.96" CONTENT="utan"/><SP WIDTH="17" VPOS="1452" HPOS="890"/>
							<String ID="string_474" HPOS="907" VPOS="1449" WIDTH="62" HEIGHT="20" WC="0.96" CONTENT="äfven"/><SP WIDTH="16" VPOS="1449" HPOS="969"/>
							<String ID="string_475" HPOS="985" VPOS="1448" WIDTH="26" HEIGHT="28" WC="0.96" CONTENT="på"/><SP WIDTH="15" VPOS="1448" HPOS="1011"/>
							<String ID="string_476" HPOS="1026" VPOS="1448" WIDTH="27" HEIGHT="21" WC="0.96" CONTENT="de"/>
						</TextLine>
						<TextLine ID="line_46" HPOS="218" VPOS="1477" WIDTH="835" HEIGHT="28">
							<String ID="string_477" HPOS="218" VPOS="1477" WIDTH="90" HEIGHT="21" WC="0.92" CONTENT="formela"/><SP WIDTH="23" VPOS="1477" HPOS="308"/>
							<String ID="string_478" HPOS="331" VPOS="1478" WIDTH="44" HEIGHT="20" WC="0.96" CONTENT="skäl"/><SP WIDTH="21" VPOS="1478" HPOS="375"/>
							<String ID="string_479" HPOS="396" VPOS="1484" WIDTH="45" HEIGHT="14" WC="0.95" CONTENT="som"/><SP WIDTH="16" VPOS="1484" HPOS="441"/>
							<String ID="string_480" HPOS="457" VPOS="1478" WIDTH="21" HEIGHT="20" WC="0.95" CONTENT="af"/><SP WIDTH="14" VPOS="1478" HPOS="478"/>
							<String ID="string_481" HPOS="492" VPOS="1478" WIDTH="108" HEIGHT="27" WC="0.96" CONTENT="professor"/><SP WIDTH="14" VPOS="1478" HPOS="600"/>
							<String ID="string_482" HPOS="614" VPOS="1478" WIDTH="110" HEIGHT="21" WC="0.96" CONTENT="Koskinen"/><SP WIDTH="15" VPOS="1478" HPOS="724"/>
							<String ID="string_483" HPOS="739" VPOS="1478" WIDTH="67" HEIGHT="20" WC="0.96" CONTENT="redan"/><SP WIDTH="17" VPOS="1478" HPOS="806"/>
							<String ID="string_484" HPOS="823" VPOS="1478" WIDTH="107" HEIGHT="27" WC="0.95" CONTENT="påpekats,"/><SP WIDTH="16" VPOS="1478" HPOS="930"/>
							<String ID="string_485" HPOS="946" VPOS="1477" WIDTH="107" HEIGHT="27" WC="0.96" CONTENT="nämligen"/>
						</TextLine>
						<TextLine ID="line_47" HPOS="218" VPOS="1505" WIDTH="836" HEIGHT="29">
							<String ID="string_486" HPOS="218" VPOS="1505" WIDTH="27" HEIGHT="27" WC="0.95" CONTENT="på"/><SP WIDTH="15" VPOS="1505" HPOS="245"/>
							<String ID="string_487" HPOS="260" VPOS="1506" WIDTH="42" HEIGHT="20" WC="0.96" CONTENT="den"/><SP WIDTH="17" VPOS="1506" HPOS="302"/>
							<String ID="string_488" HPOS="319" VPOS="1506" WIDTH="129" HEIGHT="28" WC="0.95" CONTENT="behandling"/><SP WIDTH="15" VPOS="1506" HPOS="448"/>
							<String ID="string_489" HPOS="463" VPOS="1506" WIDTH="72" HEIGHT="28" WC="0.96" CONTENT="frågan"/><SP WIDTH="16" VPOS="1506" HPOS="535"/>
							<String ID="string_490" HPOS="551" VPOS="1507" WIDTH="57" HEIGHT="21" WC="0.93" CONTENT="förut"/><SP WIDTH="15" VPOS="1507" HPOS="608"/>
							<String ID="string_491" HPOS="623" VPOS="1507" WIDTH="119" HEIGHT="27" WC="0.92" CONTENT="undergått."/><SP WIDTH="27" VPOS="1507" HPOS="742"/>
							<String ID="string_492" HPOS="769" VPOS="1506" WIDTH="33" HEIGHT="21" WC="0.94" CONTENT="Då"/><SP WIDTH="15" VPOS="1506" HPOS="802"/>
							<String ID="string_493" HPOS="817" VPOS="1506" WIDTH="107" HEIGHT="28" WC="0.93" CONTENT="nämligen"/><SP WIDTH="12" VPOS="1506" HPOS="924"/>
							<String ID="string_494" HPOS="936" VPOS="1506" WIDTH="118" HEIGHT="21" WC="0.91" CONTENT="Ständerna"/>
						</TextLine>
					</TextBlock>
				</ComposedBlock>
			</PrintSpace>
		</Page>
	</Layout>
</alto>
