1117 1781
303 121 161 17 Presteståndet
477 122 56 16 1882.
558 122 14 16 4
584 121 98 17 februari.
851 117 26 19 67

146 191 121 26 Föredrogs
278 190 131 21 densammes
420 189 181 28 petitionsförslag
612 196 34 15 om
658 189 139 27 iakttagande
808 190 23 21 af
839 192 68 19 större

77 219 139 21 skonsamhet
231 219 34 21 vid
281 219 68 21 sälars
364 219 114 26 fångande.

146 275 155 28 Kyrkoherden
326 275 127 22 Törnudd
469 275 127 22 hemställde
613 275 32 21 till
661 275 95 22 ståndets
773 276 134 27 ompröfning

78 304 103 22 huruvida
196 305 53 24 icke,
265 304 27 21 då
305 305 39 20 den
362 304 76 27 nådiga
453 304 160 27 propositionen
630 311 34 14 om
677 304 46 27 jagt
734 304 39 21 och
786 304 121 28 djurfångst

78 335 24 19 är
117 333 102 21 hänvisad
244 333 31 20 till
301 335 154 19 sammansatta
480 333 43 27 lag-
551 333 39 21 och
616 333 213 25 ekonomiutskottet,
844 333 62 22 äfven

78 363 59 20 detta
151 361 182 27 petitionsförslag
349 362 70 21 kunde
434 361 32 22 till
482 368 82 15 samma
578 361 84 21 utskott
677 361 126 22 remitteras.

147 419 154 26 Kyrkoherden
323 419 70 26 Lyra
414 419 81 26 androg
514 418 92 21 derefter
621 419 104 26 följande:
748 419 41 26 Jag
804 421 45 18 tror
865 419 42 26 mig

78 448 71 20 kunna
165 447 56 21 fatta
236 448 26 20 de
277 447 116 26 sälvänliga
409 447 39 22 och
465 447 60 21 äfven
542 447 6 21 i
564 447 42 27 hög
621 447 53 27 grad
686 448 116 25 mänskliga
813 447 94 24 känslor,

78 482 45 15 som
139 476 64 21 hafva
215 476 92 21 dikterat
319 476 39 21 den
369 476 50 26 högt
432 476 78 21 aktade
522 476 153 27 petitionärens
686 483 28 14 nu
727 476 74 27 gjorda
811 476 95 27 petition,

78 511 48 14 men
142 505 34 20 vid
193 505 78 20 tanken
288 505 65 26 derpä
367 504 55 21 huru
445 505 77 26 många
538 504 121 27 petitioner,
676 505 110 26 åsyltande
803 505 104 26 räddning

79 533 22 21 af
116 533 100 27 odödliga
238 533 192 27 människo-själar,
450 534 70 21 såsom
536 533 116 26 petitioner
667 539 34 15 om
717 533 189 21 bränvins-flodens

79 562 132 26 minskande,
226 562 114 27 petitioner
355 568 34 15 om
405 562 168 26 sabbatsdagens
589 562 105 27 helgande
709 569 26 14 m.
751 561 26 26 fl.,
793 561 18 27 ej
828 563 6 20 i
846 562 61 21 deras

79 590 72 21 helhet
166 591 57 21 inom
245 590 89 21 stånden
353 591 82 20 kunnat
455 591 64 20 vinna
538 591 74 26 nödigt
627 591 105 25 afseende,
749 593 45 18 tror
807 591 36 26 jag
859 597 47 14 man

79 619 27 26 på
121 619 89 21 förhand
234 619 42 21 kan
300 621 68 19 motse
384 621 31 18 ett
430 619 100 21 liknande
553 619 39 21 öde
608 619 32 21 för
656 619 70 21 denna
741 619 95 26 petition.
866 619 40 26 Jag

79 647 68 22 skulle
163 647 22 21 af
199 647 68 22 denna
283 647 113 27 anledning
411 648 52 27 yrka
478 648 28 26 på
521 649 32 20 att
568 648 40 21 den
625 648 18 26 ej
660 647 67 22 skulle
744 648 119 21 remitteras
875 647 32 21 till

79 677 65 26 något
167 677 88 20 utskott.
287 676 49 21 Med
357 677 29 20 all
409 676 88 27 aktning
517 676 33 21 för
565 677 141 26 petitionären
731 677 38 20 och
786 677 121 26 petitionen,

80 705 73 26 tycker
166 707 37 25 jag
225 705 32 21 för
280 705 43 21 min
339 705 34 21 del
389 707 32 18 att
436 705 70 21 denna
528 705 72 21 ömhet
616 708 57 18 emot
691 705 80 26 djuren,
787 705 71 26 yttrad
873 711 34 20 ge-

80 739 49 16 nom
145 740 25 15 en
187 733 92 22 särskild
295 733 124 26 författning
434 740 34 15 om
485 733 109 26 sälfångst,
612 734 68 21 skulle
696 733 63 22 blifva
774 733 65 27 något
853 733 54 21 ensi-

80 762 35 27 dig
138 762 40 21 och
201 762 81 27 partisk
305 762 33 21 för
360 763 59 20 detta
442 763 46 26 slag
510 763 23 20 af
547 762 52 27 djur.
631 763 42 20 Det
696 762 66 21 finnes
785 762 22 21 så
823 762 84 27 mycket

80 797 45 15 som
141 793 33 18 tar
190 791 59 25 ondt,
271 791 38 21 och
326 791 68 21 skulle
410 797 24 14 en
451 791 127 26 författning
599 791 72 21 kunna
686 791 101 21 uttänkas
803 797 44 14 som
864 791 41 20 för-

80 819 87 22 hindrar
190 820 39 21 allt
243 825 44 15 som
311 819 70 22 svider
396 819 38 21 och
451 822 33 19 tar
504 820 52 21 ondt
572 820 57 21 inom
646 819 140 27 djurverlden,
803 819 22 22 sä
841 819 66 22 borde

81 849 40 20 den
136 854 51 15 vara
203 848 84 27 mycket
311 855 59 14 mera
385 848 133 21 omfattande
533 850 26 19 än
576 848 58 21 detta
649 847 187 28 petitionsförslag.
867 848 40 26 Jag

81 877 35 20 vill
133 877 54 20 blott
203 877 83 26 påpeka
307 876 133 22 fiskkrokens
458 877 127 26 verkningar
600 877 28 27 på
643 877 73 26 fisken,
733 883 86 14 snarans
835 877 27 26 på
877 877 30 21 få-

80 905 55 26 geln,
151 911 44 15 som
212 905 74 27 fångas
301 907 6 19 i
324 906 85 26 skogen,
426 905 109 22 räfsaxens
551 905 40 22 och
602 912 128 21 vargsaxens
741 905 128 27 verkningar
879 905 28 27 på

80 933 171 22 vederbörandes
267 934 64 21 fötter
351 934 52 21 eller
418 935 68 20 andra
501 934 146 27 kroppsdelar,
663 934 33 21 för
712 936 31 19 att
759 934 52 21 hvar
826 934 39 21 och
881 941 25 14 en

80 962 54 21 skall
150 962 56 21 fisna
219 965 32 19 att
266 963 116 26 petitionen
399 963 72 25 borde,
484 963 32 20 för
532 966 32 17 att
575 963 98 21 ömheten
686 965 56 18 emot
752 963 74 26 djuren
838 963 67 20 skulle

81 991 21 21 få
118 993 23 19 ut
157 991 31 20 sin
206 993 43 20 rätt
264 991 5 20 i
285 991 191 27 lagstiftningsväg,
493 991 89 21 omfatta
596 991 51 21 flere
664 991 46 27 djur
725 993 26 19 än
767 991 89 21 sälarne.
876 991 31 21 På

80 1019 43 21 alla
138 1019 26 22 de
180 1019 46 22 skäl
247 1020 36 27 jag
299 1026 28 15 nu
351 1019 38 22 har
405 1020 76 24 anfört,
504 1019 68 22 skulle
586 1020 36 27 jag
642 1020 112 21 hemställa
769 1020 32 21 till
817 1019 88 28 högvör-

82 1048 48 27 diga
145 1049 92 26 ständet,
254 1048 104 21 huruvida
371 1048 36 21 det
422 1049 53 25 icke,
491 1049 47 20 med
555 1048 37 21 allt
608 1049 136 20 erkännande
760 1048 23 21 af
797 1049 26 20 de
833 1048 72 25 motiv,

81 1083 44 15 som
141 1077 106 21 föranledt
261 1077 211 26 petitionsförslaget,
487 1077 49 21 ville
551 1077 100 26 förklara,
668 1080 32 18 att
716 1077 115 21 detsamma
842 1077 65 21 likväl

81 1105 46 22 icke
143 1105 68 21 skulle
227 1105 109 22 föranleda
352 1106 32 21 till
401 1106 69 27 nägon
486 1105 76 28 ätgärd
578 1105 46 22 frän
640 1106 95 21 ständets
751 1106 52 21 sida.

149 1163 143 26 Domprosten
315 1163 126 21 Renvall:
465 1163 41 26 Jag
528 1165 24 19 är
567 1163 6 20 i
590 1165 38 19 sak
647 1163 23 21 af
683 1169 80 15 samma
784 1163 55 26 äsigt
861 1168 45 15 som

81 1192 39 20 den
143 1193 84 20 senaste
252 1191 88 22 talaren.
371 1191 74 22 Ehuru
468 1191 63 22 äfven
551 1192 37 26 jag
604 1191 79 22 förstår
703 1193 32 20 att
751 1191 114 27 uppskatta
881 1191 26 21 de

80 1220 78 21 vackra
181 1220 72 25 motiv,
277 1226 44 15 som
345 1220 64 21 hafva
431 1221 93 20 bestämt
546 1220 190 27 förslagsställaren
752 1220 32 21 till
800 1219 105 22 framlem-

80 1249 68 21 nande
164 1248 24 22 af
203 1249 58 21 detta
277 1249 110 21 memorial
403 1249 39 21 och
458 1249 26 21 de
500 1248 102 28 exempel,
618 1255 45 15 som
680 1249 36 21 der
732 1249 79 21 anförts
827 1249 27 27 på
865 1250 42 20 sät-

80 1280 30 18 tet
126 1279 33 19 att
174 1277 63 27 fånga
261 1278 62 25 sälar,
347 1278 89 20 framstå
459 1278 69 20 såsom
552 1277 59 21 bevis
627 1278 27 26 på
669 1280 31 18 ett
715 1277 132 27 synnerligen
863 1277 44 21 rått

80 1306 94 26 sinnelag
197 1308 45 19 tror
256 1306 36 27 jag
315 1306 54 21 dock
385 1309 32 18 att
439 1312 49 15 man
504 1307 6 19 i
526 1306 59 21 detta
601 1306 120 21 hänseende
738 1306 66 21 måste
820 1306 86 26 hoppas,

80 1337 31 19 att
127 1335 40 21 den
189 1334 108 22 allmänna
320 1335 118 27 opinionen,
463 1341 45 15 som
524 1335 28 27 på
567 1341 74 15 senare
662 1335 29 21 tid
707 1335 66 21 vändt
789 1334 35 21 sitt
841 1334 67 21 delta-

80 1364 68 26 gande
164 1363 32 21 till
213 1364 85 26 djurens
314 1363 101 21 fredande
431 1366 58 19 emot
505 1364 77 25 onödig
597 1363 103 27 grymhet,
717 1364 40 20 blir
771 1365 30 19 ett
812 1363 95 21 tillräck-

80 1392 39 26 ligt
139 1392 68 27 skydd
230 1392 33 21 för
287 1392 62 21 äfven
371 1398 29 15 nu
415 1392 68 26 ifråga
502 1392 92 21 varande
612 1392 52 26 djur.
695 1392 85 21 Liksom
797 1392 40 20 den
852 1391 54 21 före-

79 1421 81 26 gående
183 1420 81 22 talaren
287 1420 69 22 skulle
379 1420 64 22 också
456 1421 38 26 jag
508 1421 56 21 velat
590 1422 113 20 omnämna
717 1422 65 20 sättet
798 1422 31 19 att
845 1420 62 27 fånga

80 1456 25 14 en
121 1449 77 26 mängd
221 1450 66 20 andra
311 1450 47 26 djur
381 1449 39 21 och
436 1449 85 21 tillreda
544 1449 46 21 dem
608 1449 32 21 för
656 1451 32 19 att
703 1451 62 25 göras
780 1448 127 28 matnyttiga

79 1478 88 21 hvarvid
191 1478 36 21 det
250 1478 19 26 ej
285 1478 89 21 förfares
397 1478 89 21 mildare
510 1480 26 18 än
558 1478 48 20 med
630 1478 89 25 sälarne,
735 1484 48 15 men
799 1484 44 14 som
859 1480 46 23 sagt

80 1512 48 16 man
143 1506 41 21 kan
208 1508 71 25 tryggt
301 1506 70 22 lemna
395 1508 59 20 detta
470 1507 94 27 yrkande
588 1506 27 27 på
630 1506 121 22 hofsamhet
766 1506 32 21 till
813 1506 40 21 den
869 1505 38 22 all-
