<?xml version="1.0" encoding="UTF-8"?>
<alto xmlns="http://www.loc.gov/standards/alto/ns-v3#" xmlns:xlink="http://www.w3.org/1999/xlink" xmlns:xsi="http://www.w3.org/2001/XMLSchema-instance" xsi:schemaLocation="http://www.loc.gov/standards/alto/ns-v3# http://www.loc.gov/alto/v3/alto-3-0.xsd">
	<Description>
		<MeasurementUnit>pixel</MeasurementUnit>
		<sourceImageInformation>
			<fileName>/tmp/tess_wtxjld_9_input.PNG</fileName>
		</sourceImageInformation>
		<OCRProcessing ID="OCR_0">
			<ocrProcessingStep>
				<processingSoftware>
					<softwareName>tesseract 5.3.4</softwareName>
				</processingSoftware>
			</ocrProcessingStep>
		</OCRProcessing>
	</Description>
	<Layout>
		<Page WIDTH="1117" HEIGHT="1781" PHYSICAL_IMG_NR="0" ID="page_0">
			<PrintSpace HPOS="0" VPOS="0" WIDTH="1117" HEIGHT="1781">
				<ComposedBlock ID="cblock_0" HPOS="296" VPOS="120" WIDTH="582" HEIGHT="21">
					<TextBlock ID="block_0" HPOS="296" VPOS="120" WIDTH="582" HEIGHT="21">
						<TextLine ID="line_0" HPOS="296" VPOS="120" WIDTH="582" HEIGHT="21">
							<String ID="string_0" HPOS="296" VPOS="124" WIDTH="162" HEIGHT="17" WC="0.90" CONTENT="Presteståndet"/><SP WIDTH="13" VPOS="124" HPOS="458"/>
							<String ID="string_1" HPOS="471" VPOS="124" WIDTH="56" HEIGHT="17" WC="0.96" CONTENT="1882."/><SP WIDTH="25" VPOS="124" HPOS="527"/>
							<String ID="string_2" HPOS="552" VPOS="125" WIDTH="23" HEIGHT="16" WC="0.96" CONTENT="14"/><SP WIDTH="13" VPOS="125" HPOS="575"/>
							<String ID="string_3" HPOS="588" VPOS="124" WIDTH="98" HEIGHT="17" WC="0.96" CONTENT="februari."/><SP WIDTH="152" VPOS="124" HPOS="686"/>
							<String ID="string_4" HPOS="838" VPOS="120" WIDTH="40" HEIGHT="21" WC="0.94" CONTENT="195"/>
						</TextLine>
					</TextBlock>
				</ComposedBlock>
				<GraphicalElement ID="cblock_1" HPOS="79" VPOS="152" WIDTH="823" HEIGHT="5"></GraphicalElement >
				<ComposedBlock ID="cblock_2" HPOS="75" VPOS="192" WIDTH="831" HEIGHT="164">
					<TextBlock ID="block_1" HPOS="75" VPOS="192" WIDTH="831" HEIGHT="164">
						<TextLine ID="line_1" HPOS="78" VPOS="192" WIDTH="828" HEIGHT="27">
							<String ID="string_5" HPOS="78" VPOS="193" WIDTH="79" HEIGHT="21" WC="0.91" CONTENT="mitään"/><SP WIDTH="22" VPOS="193" HPOS="157"/>
							<String ID="string_6" HPOS="179" VPOS="193" WIDTH="73" HEIGHT="20" WC="0.88" CONTENT="selvää"/><SP WIDTH="19" VPOS="193" HPOS="252"/>
							<String ID="string_7" HPOS="271" VPOS="192" WIDTH="105" HEIGHT="27" WC="0.92" CONTENT="käsitystä"/><SP WIDTH="15" VPOS="192" HPOS="376"/>
							<String ID="string_8" HPOS="391" VPOS="199" WIDTH="83" HEIGHT="14" WC="0.92" CONTENT="maassa"/><SP WIDTH="16" VPOS="199" HPOS="474"/>
							<String ID="string_9" HPOS="490" VPOS="193" WIDTH="136" HEIGHT="21" WC="0.89" CONTENT="valitsevasta"/><SP WIDTH="16" VPOS="193" HPOS="626"/>
							<String ID="string_10" HPOS="642" VPOS="193" WIDTH="193" HEIGHT="26" WC="0.89" CONTENT="ajatussuunnasta,"/><SP WIDTH="16" VPOS="193" HPOS="835"/>
							<String ID="string_11" HPOS="851" VPOS="200" WIDTH="55" HEIGHT="15" WC="0.95" CONTENT="vaan"/>
						</TextLine>
						<TextLine ID="line_2" HPOS="78" VPOS="221" WIDTH="827" HEIGHT="26">
							<String ID="string_12" HPOS="78" VPOS="223" WIDTH="45" HEIGHT="19" WC="0.96" CONTENT="että"/><SP WIDTH="18" VPOS="223" HPOS="123"/>
							<String ID="string_13" HPOS="141" VPOS="227" WIDTH="22" HEIGHT="15" WC="0.96" CONTENT="se"/><SP WIDTH="19" VPOS="227" HPOS="163"/>
							<String ID="string_14" HPOS="182" VPOS="221" WIDTH="93" HEIGHT="21" WC="0.96" CONTENT="saadaan"/><SP WIDTH="23" VPOS="221" HPOS="275"/>
							<String ID="string_15" HPOS="298" VPOS="221" WIDTH="126" HEIGHT="21" WC="0.96" CONTENT="tarkemmin"/><SP WIDTH="22" VPOS="221" HPOS="424"/>
							<String ID="string_16" HPOS="446" VPOS="221" WIDTH="81" HEIGHT="22" WC="0.96" CONTENT="selville"/><SP WIDTH="19" VPOS="221" HPOS="527"/>
							<String ID="string_17" HPOS="546" VPOS="221" WIDTH="57" HEIGHT="21" WC="0.96" CONTENT="esim."/><SP WIDTH="16" VPOS="221" HPOS="603"/>
							<String ID="string_18" HPOS="619" VPOS="223" WIDTH="64" HEIGHT="19" WC="0.96" CONTENT="erään"/><SP WIDTH="15" VPOS="223" HPOS="683"/>
							<String ID="string_19" HPOS="698" VPOS="222" WIDTH="109" HEIGHT="21" WC="0.96" CONTENT="komitean"/><SP WIDTH="17" VPOS="222" HPOS="807"/>
							<String ID="string_20" HPOS="824" VPOS="223" WIDTH="81" HEIGHT="24" WC="0.96" CONTENT="kautta,"/>
						</TextLine>
						<TextLine ID="line_3" HPOS="75" VPOS="249" WIDTH="831" HEIGHT="27">
							<String ID="string_21" HPOS="75" VPOS="249" WIDTH="66" HEIGHT="26" WC="0.96" CONTENT="jonka"/><SP WIDTH="12" VPOS="249" HPOS="141"/>
							<String ID="string_22" HPOS="153" VPOS="249" WIDTH="84" HEIGHT="27" WC="0.96" CONTENT="jäsenet"/><SP WIDTH="20" VPOS="249" HPOS="237"/>
							<String ID="string_23" HPOS="257" VPOS="249" WIDTH="86" HEIGHT="22" WC="0.96" CONTENT="hallitus"/><SP WIDTH="20" VPOS="249" HPOS="343"/>
							<String ID="string_24" HPOS="363" VPOS="251" WIDTH="61" HEIGHT="19" WC="0.96" CONTENT="aivan"/><SP WIDTH="16" VPOS="251" HPOS="424"/>
							<String ID="string_25" HPOS="440" VPOS="251" WIDTH="57" HEIGHT="20" WC="0.96" CONTENT="omin"/><SP WIDTH="17" VPOS="251" HPOS="497"/>
							<String ID="string_26" HPOS="514" VPOS="250" WIDTH="69" HEIGHT="21" WC="0.96" CONTENT="mielin"/><SP WIDTH="17" VPOS="250" HPOS="583"/>
							<String ID="string_27" HPOS="600" VPOS="252" WIDTH="90" HEIGHT="19" WC="0.95" CONTENT="asettaa."/><SP WIDTH="30" VPOS="252" HPOS="690"/>
							<String ID="string_28" HPOS="720" VPOS="250" WIDTH="96" HEIGHT="21" WC="0.96" CONTENT="Muutoin"/><SP WIDTH="17" VPOS="250" HPOS="816"/>
							<String ID="string_29" HPOS="833" VPOS="251" WIDTH="73" HEIGHT="21" WC="0.96" CONTENT="kaikki"/>
						</TextLine>
						<TextLine ID="line_4" HPOS="78" VPOS="278" WIDTH="828" HEIGHT="27">
							<String ID="string_30" HPOS="78" VPOS="278" WIDTH="93" HEIGHT="27" WC="0.96" CONTENT="näkyvät"/><SP WIDTH="15" VPOS="278" HPOS="171"/>
							<String ID="string_31" HPOS="186" VPOS="278" WIDTH="74" HEIGHT="21" WC="0.93" CONTENT="olevan"/><SP WIDTH="15" VPOS="278" HPOS="260"/>
							<String ID="string_32" HPOS="275" VPOS="278" WIDTH="138" HEIGHT="27" WC="0.93" CONTENT="yksimieliset"/><SP WIDTH="15" VPOS="278" HPOS="413"/>
							<String ID="string_33" HPOS="428" VPOS="279" WIDTH="60" HEIGHT="24" WC="0.96" CONTENT="siinä,"/><SP WIDTH="18" VPOS="279" HPOS="488"/>
							<String ID="string_34" HPOS="506" VPOS="280" WIDTH="44" HEIGHT="19" WC="0.93" CONTENT="että"/><SP WIDTH="10" VPOS="280" HPOS="550"/>
							<String ID="string_35" HPOS="560" VPOS="279" WIDTH="155" HEIGHT="26" WC="0.90" CONTENT="puheinaoleva"/><SP WIDTH="10" VPOS="279" HPOS="715"/>
							<String ID="string_36" HPOS="725" VPOS="279" WIDTH="181" HEIGHT="22" WC="0.92" CONTENT="anomusehdotus"/>
						</TextLine>
						<TextLine ID="line_5" HPOS="78" VPOS="307" WIDTH="827" HEIGHT="28">
							<String ID="string_37" HPOS="78" VPOS="313" WIDTH="26" HEIGHT="14" WC="0.95" CONTENT="on"/><SP WIDTH="27" VPOS="313" HPOS="104"/>
							<String ID="string_38" HPOS="131" VPOS="307" WIDTH="129" HEIGHT="21" WC="0.95" CONTENT="lähetettävä"/><SP WIDTH="27" VPOS="307" HPOS="260"/>
							<String ID="string_39" HPOS="287" VPOS="307" WIDTH="166" HEIGHT="20" WC="0.96" CONTENT="asianomaiseen"/><SP WIDTH="30" VPOS="307" HPOS="453"/>
							<String ID="string_40" HPOS="483" VPOS="307" WIDTH="151" HEIGHT="21" WC="0.93" CONTENT="valiokuntaan"/><SP WIDTH="23" VPOS="307" HPOS="634"/>
							<String ID="string_41" HPOS="657" VPOS="307" WIDTH="23" HEIGHT="27" WC="0.96" CONTENT="ja"/><SP WIDTH="23" VPOS="307" HPOS="680"/>
							<String ID="string_42" HPOS="703" VPOS="307" WIDTH="83" HEIGHT="28" WC="0.96" CONTENT="pyydän"/><SP WIDTH="26" VPOS="307" HPOS="786"/>
							<String ID="string_43" HPOS="812" VPOS="309" WIDTH="93" HEIGHT="20" WC="0.96" CONTENT="minäkin"/>
						</TextLine>
						<TextLine ID="line_6" HPOS="77" VPOS="335" WIDTH="336" HEIGHT="21">
							<String ID="string_44" HPOS="77" VPOS="341" WIDTH="73" HEIGHT="15" WC="0.96" CONTENT="samaa"/><SP WIDTH="12" VPOS="341" HPOS="150"/>
							<String ID="string_45" HPOS="162" VPOS="335" WIDTH="114" HEIGHT="21" WC="0.96" CONTENT="ehdotusta"/><SP WIDTH="15" VPOS="335" HPOS="276"/>
							<String ID="string_46" HPOS="291" VPOS="335" WIDTH="122" HEIGHT="21" WC="0.96" CONTENT="kannattaa."/>
						</TextLine>
					</TextBlock>
				</ComposedBlock>
				<ComposedBlock ID="cblock_3" HPOS="74" VPOS="392" WIDTH="831" HEIGHT="1144">
					<TextBlock ID="block_2" HPOS="74" VPOS="392" WIDTH="831" HEIGHT="1144">
						<TextLine ID="line_7" HPOS="145" VPOS="392" WIDTH="759" HEIGHT="27">
							<String ID="string_47" HPOS="145" VPOS="392" WIDTH="112" HEIGHT="21" WC="0.95" CONTENT="Professor"/><SP WIDTH="18" VPOS="392" HPOS="257"/>
							<String ID="string_48" HPOS="275" VPOS="393" WIDTH="148" HEIGHT="21" WC="0.95" CONTENT="Estlander:"/><SP WIDTH="32" VPOS="393" HPOS="423"/>
							<String ID="string_49" HPOS="455" VPOS="393" WIDTH="42" HEIGHT="21" WC="0.96" CONTENT="Det"/><SP WIDTH="19" VPOS="393" HPOS="497"/>
							<String ID="string_50" HPOS="516" VPOS="393" WIDTH="38" HEIGHT="21" WC="0.93" CONTENT="har"/><SP WIDTH="16" VPOS="393" HPOS="554"/>
							<String ID="string_51" HPOS="570" VPOS="393" WIDTH="110" HEIGHT="21" WC="0.92" CONTENT="anmärkts"/><SP WIDTH="15" VPOS="393" HPOS="680"/>
							<String ID="string_52" HPOS="695" VPOS="396" WIDTH="44" HEIGHT="18" WC="0.93" CONTENT="mot"/><SP WIDTH="15" VPOS="396" HPOS="739"/>
							<String ID="string_53" HPOS="754" VPOS="393" WIDTH="150" HEIGHT="26" WC="0.92" CONTENT="gransknings-"/>
						</TextLine>
						<TextLine ID="line_8" HPOS="77" VPOS="421" WIDTH="828" HEIGHT="27">
							<String ID="string_54" HPOS="77" VPOS="421" WIDTH="110" HEIGHT="24" WC="0.91" CONTENT="utskottet,"/><SP WIDTH="16" VPOS="421" HPOS="187"/>
							<String ID="string_55" HPOS="203" VPOS="424" WIDTH="32" HEIGHT="18" WC="0.93" CONTENT="att"/><SP WIDTH="15" VPOS="424" HPOS="235"/>
							<String ID="string_56" HPOS="250" VPOS="425" WIDTH="99" HEIGHT="18" WC="0.92" CONTENT="senatens"/><SP WIDTH="16" VPOS="425" HPOS="349"/>
							<String ID="string_57" HPOS="365" VPOS="421" WIDTH="137" HEIGHT="22" WC="0.93" CONTENT="medlemmar"/><SP WIDTH="15" VPOS="421" HPOS="502"/>
							<String ID="string_58" HPOS="517" VPOS="422" WIDTH="47" HEIGHT="21" WC="0.92" CONTENT="icke"/><SP WIDTH="16" VPOS="422" HPOS="564"/>
							<String ID="string_59" HPOS="580" VPOS="421" WIDTH="108" HEIGHT="22" WC="0.92" CONTENT="lemnades"/><SP WIDTH="13" VPOS="421" HPOS="688"/>
							<String ID="string_60" HPOS="701" VPOS="423" WIDTH="64" HEIGHT="25" WC="0.93" CONTENT="nägot"/><SP WIDTH="14" VPOS="423" HPOS="765"/>
							<String ID="string_61" HPOS="779" VPOS="422" WIDTH="83" HEIGHT="21" WC="0.90" CONTENT="tillfälle"/><SP WIDTH="11" VPOS="422" HPOS="862"/>
							<String ID="string_62" HPOS="873" VPOS="424" WIDTH="32" HEIGHT="19" WC="0.96" CONTENT="att"/>
						</TextLine>
						<TextLine ID="line_9" HPOS="77" VPOS="449" WIDTH="826" HEIGHT="28">
							<String ID="string_63" HPOS="77" VPOS="449" WIDTH="94" HEIGHT="22" WC="0.92" CONTENT="förklara"/><SP WIDTH="23" VPOS="449" HPOS="171"/>
							<String ID="string_64" HPOS="194" VPOS="450" WIDTH="39" HEIGHT="26" WC="0.96" CONTENT="sig,"/><SP WIDTH="15" VPOS="450" HPOS="233"/>
							<String ID="string_65" HPOS="248" VPOS="450" WIDTH="39" HEIGHT="21" WC="0.96" CONTENT="och"/><SP WIDTH="23" VPOS="450" HPOS="287"/>
							<String ID="string_66" HPOS="310" VPOS="450" WIDTH="47" HEIGHT="21" WC="0.93" CONTENT="med"/><SP WIDTH="23" VPOS="450" HPOS="357"/>
							<String ID="string_67" HPOS="380" VPOS="450" WIDTH="114" HEIGHT="27" WC="0.91" CONTENT="anledning"/><SP WIDTH="24" VPOS="450" HPOS="494"/>
							<String ID="string_68" HPOS="518" VPOS="450" WIDTH="61" HEIGHT="21" WC="0.92" CONTENT="deraf"/><SP WIDTH="18" VPOS="450" HPOS="579"/>
							<String ID="string_69" HPOS="597" VPOS="451" WIDTH="39" HEIGHT="20" WC="0.96" CONTENT="har"/><SP WIDTH="20" VPOS="451" HPOS="636"/>
							<String ID="string_70" HPOS="656" VPOS="456" WIDTH="47" HEIGHT="15" WC="0.96" CONTENT="man"/><SP WIDTH="17" VPOS="456" HPOS="703"/>
							<String ID="string_71" HPOS="720" VPOS="451" WIDTH="67" HEIGHT="20" WC="0.93" CONTENT="under"/><SP WIDTH="16" VPOS="451" HPOS="787"/>
							<String ID="string_72" HPOS="803" VPOS="451" WIDTH="100" HEIGHT="20" WC="0.92" CONTENT="debatten"/>
						</TextLine>
						<TextLine ID="line_10" HPOS="76" VPOS="478" WIDTH="829" HEIGHT="27">
							<String ID="string_73" HPOS="76" VPOS="478" WIDTH="80" HEIGHT="21" WC="0.92" CONTENT="erinrat"/><SP WIDTH="15" VPOS="478" HPOS="156"/>
							<String ID="string_74" HPOS="171" VPOS="479" WIDTH="32" HEIGHT="26" WC="0.93" CONTENT="sig"/><SP WIDTH="19" VPOS="479" HPOS="203"/>
							<String ID="string_75" HPOS="222" VPOS="479" WIDTH="98" HEIGHT="21" WC="0.92" CONTENT="tillvaron"/><SP WIDTH="16" VPOS="479" HPOS="320"/>
							<String ID="string_76" HPOS="336" VPOS="479" WIDTH="23" HEIGHT="20" WC="0.96" CONTENT="af"/><SP WIDTH="14" VPOS="479" HPOS="359"/>
							<String ID="string_77" HPOS="373" VPOS="485" WIDTH="26" HEIGHT="15" WC="0.93" CONTENT="en"/><SP WIDTH="16" VPOS="485" HPOS="399"/>
							<String ID="string_78" HPOS="415" VPOS="479" WIDTH="126" HEIGHT="25" WC="0.92" CONTENT="institution,"/><SP WIDTH="16" VPOS="479" HPOS="541"/>
							<String ID="string_79" HPOS="557" VPOS="479" WIDTH="84" HEIGHT="21" WC="0.93" CONTENT="hvilken"/><SP WIDTH="16" VPOS="479" HPOS="641"/>
							<String ID="string_80" HPOS="657" VPOS="480" WIDTH="33" HEIGHT="20" WC="0.93" CONTENT="väl"/><SP WIDTH="16" VPOS="480" HPOS="690"/>
							<String ID="string_81" HPOS="706" VPOS="479" WIDTH="67" HEIGHT="21" WC="0.93" CONTENT="finnes"/><SP WIDTH="15" VPOS="479" HPOS="773"/>
							<String ID="string_82" HPOS="788" VPOS="479" WIDTH="31" HEIGHT="21" WC="0.93" CONTENT="uti"/><SP WIDTH="16" VPOS="479" HPOS="819"/>
							<String ID="string_83" HPOS="835" VPOS="479" WIDTH="70" HEIGHT="21" WC="0.92" CONTENT="landt-"/>
						</TextLine>
						<TextLine ID="line_11" HPOS="77" VPOS="507" WIDTH="827" HEIGHT="28">
							<String ID="string_84" HPOS="77" VPOS="507" WIDTH="176" HEIGHT="27" WC="0.87" CONTENT="dagsordningen,"/><SP WIDTH="18" VPOS="507" HPOS="253"/>
							<String ID="string_85" HPOS="271" VPOS="513" WIDTH="46" HEIGHT="15" WC="0.92" CONTENT="men"/><SP WIDTH="20" VPOS="513" HPOS="317"/>
							<String ID="string_86" HPOS="337" VPOS="507" WIDTH="47" HEIGHT="21" WC="0.91" CONTENT="icke"/><SP WIDTH="19" VPOS="507" HPOS="384"/>
							<String ID="string_87" HPOS="403" VPOS="508" WIDTH="89" HEIGHT="20" WC="0.96" CONTENT="kommit"/><SP WIDTH="17" VPOS="508" HPOS="492"/>
							<String ID="string_88" HPOS="509" VPOS="507" WIDTH="31" HEIGHT="22" WC="0.93" CONTENT="till"/><SP WIDTH="16" VPOS="507" HPOS="540"/>
							<String ID="string_89" HPOS="556" VPOS="507" WIDTH="68" HEIGHT="26" WC="0.92" CONTENT="nägon"/><SP WIDTH="17" VPOS="507" HPOS="624"/>
							<String ID="string_90" HPOS="641" VPOS="508" WIDTH="141" HEIGHT="27" WC="0.93" CONTENT="användning,"/><SP WIDTH="17" VPOS="508" HPOS="782"/>
							<String ID="string_91" HPOS="799" VPOS="508" WIDTH="105" HEIGHT="26" WC="0.92" CONTENT="nemligen"/>
						</TextLine>
						<TextLine ID="line_12" HPOS="77" VPOS="535" WIDTH="827" HEIGHT="28">
							<String ID="string_92" HPOS="77" VPOS="535" WIDTH="83" HEIGHT="26" WC="0.92" CONTENT="plenum"/><SP WIDTH="25" VPOS="535" HPOS="160"/>
							<String ID="string_93" HPOS="185" VPOS="535" WIDTH="115" HEIGHT="28" WC="0.91" CONTENT="plenorum,"/><SP WIDTH="17" VPOS="535" HPOS="300"/>
							<String ID="string_94" HPOS="317" VPOS="536" WIDTH="73" HEIGHT="21" WC="0.92" CONTENT="dervid"/><SP WIDTH="24" VPOS="536" HPOS="390"/>
							<String ID="string_95" HPOS="414" VPOS="536" WIDTH="136" HEIGHT="27" WC="0.96" CONTENT="regeringens"/><SP WIDTH="18" VPOS="536" HPOS="550"/>
							<String ID="string_96" HPOS="568" VPOS="536" WIDTH="137" HEIGHT="21" WC="0.96" CONTENT="medlemmar"/><SP WIDTH="16" VPOS="536" HPOS="705"/>
							<String ID="string_97" HPOS="721" VPOS="536" WIDTH="71" HEIGHT="21" WC="0.93" CONTENT="kunna"/><SP WIDTH="16" VPOS="536" HPOS="792"/>
							<String ID="string_98" HPOS="808" VPOS="539" WIDTH="96" HEIGHT="18" WC="0.92" CONTENT="närvara."/>
						</TextLine>
						<TextLine ID="line_13" HPOS="76" VPOS="564" WIDTH="828" HEIGHT="28">
							<String ID="string_99" HPOS="76" VPOS="564" WIDTH="43" HEIGHT="21" WC="0.96" CONTENT="Det"/><SP WIDTH="15" VPOS="564" HPOS="119"/>
							<String ID="string_100" HPOS="134" VPOS="564" WIDTH="55" HEIGHT="21" WC="0.96" CONTENT="hade"/><SP WIDTH="15" VPOS="564" HPOS="189"/>
							<String ID="string_101" HPOS="204" VPOS="565" WIDTH="54" HEIGHT="20" WC="0.95" CONTENT="dock"/><SP WIDTH="17" VPOS="565" HPOS="258"/>
							<String ID="string_102" HPOS="275" VPOS="565" WIDTH="54" HEIGHT="20" WC="0.93" CONTENT="varit"/><SP WIDTH="15" VPOS="565" HPOS="329"/>
							<String ID="string_103" HPOS="344" VPOS="565" WIDTH="73" HEIGHT="26" WC="0.92" CONTENT="nödigt"/><SP WIDTH="16" VPOS="565" HPOS="417"/>
							<String ID="string_104" HPOS="433" VPOS="567" WIDTH="33" HEIGHT="18" WC="0.93" CONTENT="att"/><SP WIDTH="11" VPOS="567" HPOS="466"/>
							<String ID="string_105" HPOS="477" VPOS="565" WIDTH="141" HEIGHT="26" WC="0.90" CONTENT="petitionären"/><SP WIDTH="12" VPOS="565" HPOS="618"/>
							<String ID="string_106" HPOS="630" VPOS="565" WIDTH="31" HEIGHT="20" WC="0.93" CONTENT="uti"/><SP WIDTH="11" VPOS="565" HPOS="661"/>
							<String ID="string_107" HPOS="672" VPOS="565" WIDTH="37" HEIGHT="20" WC="0.96" CONTENT="sitt"/><SP WIDTH="12" VPOS="565" HPOS="709"/>
							<String ID="string_108" HPOS="721" VPOS="564" WIDTH="79" HEIGHT="27" WC="0.93" CONTENT="förslag"/><SP WIDTH="10" VPOS="564" HPOS="800"/>
							<String ID="string_109" HPOS="810" VPOS="565" WIDTH="94" HEIGHT="27" WC="0.91" CONTENT="uttryck-"/>
						</TextLine>
						<TextLine ID="line_14" HPOS="77" VPOS="593" WIDTH="827" HEIGHT="26">
							<String ID="string_110" HPOS="77" VPOS="593" WIDTH="54" HEIGHT="26" WC="0.93" CONTENT="ligen"/><SP WIDTH="16" VPOS="593" HPOS="131"/>
							<String ID="string_111" HPOS="147" VPOS="593" WIDTH="100" HEIGHT="25" WC="0.92" CONTENT="bestämt,"/><SP WIDTH="16" VPOS="593" HPOS="247"/>
							<String ID="string_112" HPOS="263" VPOS="595" WIDTH="38" HEIGHT="19" WC="0.96" CONTENT="när"/><SP WIDTH="16" VPOS="595" HPOS="301"/>
							<String ID="string_113" HPOS="317" VPOS="593" WIDTH="38" HEIGHT="21" WC="0.93" CONTENT="och"/><SP WIDTH="12" VPOS="593" HPOS="355"/>
							<String ID="string_114" HPOS="367" VPOS="594" WIDTH="6" HEIGHT="20" WC="0.92" CONTENT="i"/><SP WIDTH="12" VPOS="594" HPOS="373"/>
							<String ID="string_115" HPOS="385" VPOS="593" WIDTH="79" HEIGHT="21" WC="0.92" CONTENT="hvilket"/><SP WIDTH="14" VPOS="593" HPOS="464"/>
							<String ID="string_116" HPOS="478" VPOS="593" WIDTH="36" HEIGHT="21" WC="0.92" CONTENT="fall"/><SP WIDTH="12" VPOS="593" HPOS="514"/>
							<String ID="string_117" HPOS="526" VPOS="593" WIDTH="257" HEIGHT="26" WC="0.91" CONTENT="granskningsutskottets"/><SP WIDTH="10" VPOS="593" HPOS="783"/>
							<String ID="string_118" HPOS="793" VPOS="593" WIDTH="111" HEIGHT="22" WC="0.90" CONTENT="utlätande"/>
						</TextLine>
						<TextLine ID="line_15" HPOS="76" VPOS="621" WIDTH="828" HEIGHT="28">
							<String ID="string_119" HPOS="76" VPOS="621" WIDTH="66" HEIGHT="21" WC="0.92" CONTENT="borde"/><SP WIDTH="22" VPOS="621" HPOS="142"/>
							<String ID="string_120" HPOS="164" VPOS="621" WIDTH="27" HEIGHT="26" WC="0.89" CONTENT="gä"/><SP WIDTH="22" VPOS="621" HPOS="191"/>
							<String ID="string_121" HPOS="213" VPOS="621" WIDTH="32" HEIGHT="21" WC="0.92" CONTENT="till"/><SP WIDTH="25" VPOS="621" HPOS="245"/>
							<String ID="string_122" HPOS="270" VPOS="622" WIDTH="84" HEIGHT="26" WC="0.92" CONTENT="plenum"/><SP WIDTH="23" VPOS="622" HPOS="354"/>
							<String ID="string_123" HPOS="377" VPOS="622" WIDTH="118" HEIGHT="27" WC="0.90" CONTENT="plenorum."/><SP WIDTH="31" VPOS="622" HPOS="495"/>
							<String ID="string_124" HPOS="526" VPOS="622" WIDTH="41" HEIGHT="21" WC="0.96" CONTENT="Det"/><SP WIDTH="16" VPOS="622" HPOS="567"/>
							<String ID="string_125" HPOS="583" VPOS="622" WIDTH="38" HEIGHT="21" WC="0.93" CONTENT="har"/><SP WIDTH="16" VPOS="622" HPOS="621"/>
							<String ID="string_126" HPOS="637" VPOS="622" WIDTH="82" HEIGHT="21" WC="0.92" CONTENT="säledes"/><SP WIDTH="16" VPOS="622" HPOS="719"/>
							<String ID="string_127" HPOS="735" VPOS="623" WIDTH="46" HEIGHT="20" WC="0.91" CONTENT="icke"/><SP WIDTH="16" VPOS="623" HPOS="781"/>
							<String ID="string_128" HPOS="797" VPOS="623" WIDTH="26" HEIGHT="26" WC="0.93" CONTENT="pä"/><SP WIDTH="16" VPOS="623" HPOS="823"/>
							<String ID="string_129" HPOS="839" VPOS="622" WIDTH="65" HEIGHT="26" WC="0.91" CONTENT="nägot"/>
						</TextLine>
						<TextLine ID="line_16" HPOS="77" VPOS="650" WIDTH="826" HEIGHT="27">
							<String ID="string_130" HPOS="77" VPOS="651" WIDTH="42" HEIGHT="20" WC="0.93" CONTENT="sätt"/><SP WIDTH="16" VPOS="651" HPOS="119"/>
							<String ID="string_131" HPOS="135" VPOS="650" WIDTH="68" HEIGHT="21" WC="0.91" CONTENT="blifvit"/><SP WIDTH="16" VPOS="650" HPOS="203"/>
							<String ID="string_132" HPOS="219" VPOS="651" WIDTH="114" HEIGHT="20" WC="0.91" CONTENT="ständerna"/><SP WIDTH="15" VPOS="651" HPOS="333"/>
							<String ID="string_133" HPOS="348" VPOS="650" WIDTH="135" HEIGHT="21" WC="0.92" CONTENT="föreskrifvet"/><SP WIDTH="15" VPOS="650" HPOS="483"/>
							<String ID="string_134" HPOS="498" VPOS="653" WIDTH="32" HEIGHT="18" WC="0.93" CONTENT="att"/><SP WIDTH="15" VPOS="653" HPOS="530"/>
							<String ID="string_135" HPOS="545" VPOS="650" WIDTH="55" HEIGHT="21" WC="0.93" CONTENT="inslä"/><SP WIDTH="13" VPOS="650" HPOS="600"/>
							<String ID="string_136" HPOS="613" VPOS="657" WIDTH="25" HEIGHT="14" WC="0.93" CONTENT="en"/><SP WIDTH="12" VPOS="657" HPOS="638"/>
							<String ID="string_137" HPOS="650" VPOS="650" WIDTH="66" HEIGHT="21" WC="0.93" CONTENT="sädan"/><SP WIDTH="11" VPOS="650" HPOS="716"/>
							<String ID="string_138" HPOS="727" VPOS="653" WIDTH="46" HEIGHT="24" WC="0.96" CONTENT="väg,"/><SP WIDTH="12" VPOS="653" HPOS="773"/>
							<String ID="string_139" HPOS="785" VPOS="657" WIDTH="46" HEIGHT="15" WC="0.93" CONTENT="men"/><SP WIDTH="12" VPOS="657" HPOS="831"/>
							<String ID="string_140" HPOS="843" VPOS="651" WIDTH="60" HEIGHT="20" WC="0.92" CONTENT="äfven"/>
						</TextLine>
						<TextLine ID="line_17" HPOS="76" VPOS="679" WIDTH="828" HEIGHT="27">
							<String ID="string_141" HPOS="76" VPOS="685" WIDTH="33" HEIGHT="14" WC="0.96" CONTENT="om"/><SP WIDTH="17" VPOS="685" HPOS="109"/>
							<String ID="string_142" HPOS="126" VPOS="679" WIDTH="59" HEIGHT="21" WC="0.93" CONTENT="detta"/><SP WIDTH="15" VPOS="679" HPOS="185"/>
							<String ID="string_143" HPOS="200" VPOS="679" WIDTH="79" HEIGHT="21" WC="0.92" CONTENT="skedde"/><SP WIDTH="17" VPOS="679" HPOS="279"/>
							<String ID="string_144" HPOS="296" VPOS="679" WIDTH="48" HEIGHT="21" WC="0.96" CONTENT="med"/><SP WIDTH="16" VPOS="679" HPOS="344"/>
							<String ID="string_145" HPOS="360" VPOS="679" WIDTH="25" HEIGHT="21" WC="0.93" CONTENT="de"/><SP WIDTH="16" VPOS="679" HPOS="385"/>
							<String ID="string_146" HPOS="401" VPOS="679" WIDTH="171" HEIGHT="26" WC="0.91" CONTENT="anmärkningar,"/><SP WIDTH="16" VPOS="679" HPOS="572"/>
							<String ID="string_147" HPOS="588" VPOS="685" WIDTH="44" HEIGHT="15" WC="0.93" CONTENT="som"/><SP WIDTH="13" VPOS="685" HPOS="632"/>
							<String ID="string_148" HPOS="645" VPOS="679" WIDTH="121" HEIGHT="25" WC="0.92" CONTENT="ständerna,"/><SP WIDTH="11" VPOS="679" HPOS="766"/>
							<String ID="string_149" HPOS="777" VPOS="681" WIDTH="28" HEIGHT="24" WC="0.93" CONTENT="pä"/><SP WIDTH="10" VPOS="681" HPOS="805"/>
							<String ID="string_150" HPOS="815" VPOS="679" WIDTH="89" HEIGHT="27" WC="0.92" CONTENT="gransk-"/>
						</TextLine>
						<TextLine ID="line_18" HPOS="77" VPOS="707" WIDTH="827" HEIGHT="27">
							<String ID="string_151" HPOS="77" VPOS="707" WIDTH="178" HEIGHT="27" WC="0.92" CONTENT="ningsutskottets"/><SP WIDTH="22" VPOS="707" HPOS="255"/>
							<String ID="string_152" HPOS="277" VPOS="707" WIDTH="85" HEIGHT="26" WC="0.93" CONTENT="förslag,"/><SP WIDTH="17" VPOS="707" HPOS="362"/>
							<String ID="string_153" HPOS="379" VPOS="714" WIDTH="49" HEIGHT="15" WC="0.93" CONTENT="vore"/><SP WIDTH="20" VPOS="714" HPOS="428"/>
							<String ID="string_154" HPOS="448" VPOS="708" WIDTH="88" HEIGHT="21" WC="0.93" CONTENT="sinnade"/><SP WIDTH="16" VPOS="708" HPOS="536"/>
							<String ID="string_155" HPOS="552" VPOS="710" WIDTH="32" HEIGHT="18" WC="0.96" CONTENT="att"/><SP WIDTH="15" VPOS="710" HPOS="584"/>
							<String ID="string_156" HPOS="599" VPOS="710" WIDTH="52" HEIGHT="24" WC="0.96" CONTENT="göra"/><SP WIDTH="15" VPOS="710" HPOS="651"/>
							<String ID="string_157" HPOS="666" VPOS="707" WIDTH="39" HEIGHT="22" WC="0.96" CONTENT="hos"/><SP WIDTH="17" VPOS="707" HPOS="705"/>
							<String ID="string_158" HPOS="722" VPOS="708" WIDTH="58" HEIGHT="21" WC="0.93" CONTENT="Hans"/><SP WIDTH="16" VPOS="708" HPOS="780"/>
							<String ID="string_159" HPOS="796" VPOS="708" WIDTH="108" HEIGHT="26" WC="0.90" CONTENT="Majestät,"/>
						</TextLine>
						<TextLine ID="line_19" HPOS="76" VPOS="735" WIDTH="827" HEIGHT="28">
							<String ID="string_160" HPOS="76" VPOS="736" WIDTH="70" HEIGHT="21" WC="0.96" CONTENT="kunde"/><SP WIDTH="13" VPOS="736" HPOS="146"/>
							<String ID="string_161" HPOS="159" VPOS="736" WIDTH="24" HEIGHT="27" WC="0.93" CONTENT="ju"/><SP WIDTH="16" VPOS="736" HPOS="183"/>
							<String ID="string_162" HPOS="199" VPOS="737" WIDTH="259" HEIGHT="26" WC="0.90" CONTENT="granskningsutskottets"/><SP WIDTH="24" VPOS="737" HPOS="458"/>
							<String ID="string_163" HPOS="482" VPOS="736" WIDTH="116" HEIGHT="26" WC="0.90" CONTENT="utlätande,"/><SP WIDTH="16" VPOS="736" HPOS="598"/>
							<String ID="string_164" HPOS="614" VPOS="739" WIDTH="50" HEIGHT="18" WC="0.96" CONTENT="utan"/><SP WIDTH="26" VPOS="739" HPOS="664"/>
							<String ID="string_165" HPOS="690" VPOS="739" WIDTH="31" HEIGHT="18" WC="0.93" CONTENT="att"/><SP WIDTH="20" VPOS="739" HPOS="721"/>
							<String ID="string_166" HPOS="741" VPOS="737" WIDTH="110" HEIGHT="20" WC="0.92" CONTENT="föranleda"/><SP WIDTH="21" VPOS="737" HPOS="851"/>
							<String ID="string_167" HPOS="872" VPOS="735" WIDTH="31" HEIGHT="22" WC="0.96" CONTENT="till"/>
						</TextLine>
						<TextLine ID="line_20" HPOS="76" VPOS="765" WIDTH="827" HEIGHT="26">
							<String ID="string_168" HPOS="76" VPOS="765" WIDTH="76" HEIGHT="20" WC="0.96" CONTENT="sådant"/><SP WIDTH="16" VPOS="765" HPOS="152"/>
							<String ID="string_169" HPOS="168" VPOS="765" WIDTH="54" HEIGHT="20" WC="0.96" CONTENT="mått"/><SP WIDTH="16" VPOS="765" HPOS="222"/>
							<String ID="string_170" HPOS="238" VPOS="765" WIDTH="39" HEIGHT="21" WC="0.95" CONTENT="och"/><SP WIDTH="20" VPOS="765" HPOS="277"/>
							<String ID="string_171" HPOS="297" VPOS="768" WIDTH="53" HEIGHT="22" WC="0.93" CONTENT="steg,"/><SP WIDTH="16" VPOS="768" HPOS="350"/>
							<String ID="string_172" HPOS="366" VPOS="765" WIDTH="84" HEIGHT="21" WC="0.91" CONTENT="likvisst"/><SP WIDTH="16" VPOS="765" HPOS="450"/>
							<String ID="string_173" HPOS="466" VPOS="765" WIDTH="108" HEIGHT="21" WC="0.95" CONTENT="innehålla"/><SP WIDTH="15" VPOS="765" HPOS="574"/>
							<String ID="string_174" HPOS="589" VPOS="765" WIDTH="81" HEIGHT="26" WC="0.93" CONTENT="ganska"/><SP WIDTH="14" VPOS="765" HPOS="670"/>
							<String ID="string_175" HPOS="684" VPOS="765" WIDTH="131" HEIGHT="26" WC="0.93" CONTENT="graverande"/><SP WIDTH="16" VPOS="765" HPOS="815"/>
							<String ID="string_176" HPOS="831" VPOS="765" WIDTH="72" HEIGHT="21" WC="0.91" CONTENT="ankla-"/>
						</TextLine>
						<TextLine ID="line_21" HPOS="76" VPOS="793" WIDTH="827" HEIGHT="27">
							<String ID="string_177" HPOS="76" VPOS="793" WIDTH="75" HEIGHT="26" WC="0.92" CONTENT="gelser,"/><SP WIDTH="17" VPOS="793" HPOS="151"/>
							<String ID="string_178" HPOS="168" VPOS="793" WIDTH="38" HEIGHT="21" WC="0.95" CONTENT="och"/><SP WIDTH="24" VPOS="793" HPOS="206"/>
							<String ID="string_179" HPOS="230" VPOS="796" WIDTH="57" HEIGHT="18" WC="0.96" CONTENT="emot"/><SP WIDTH="22" VPOS="796" HPOS="287"/>
							<String ID="string_180" HPOS="309" VPOS="793" WIDTH="62" HEIGHT="21" WC="0.96" CONTENT="dessa"/><SP WIDTH="20" VPOS="793" HPOS="371"/>
							<String ID="string_181" HPOS="391" VPOS="793" WIDTH="69" HEIGHT="22" WC="0.93" CONTENT="skulle"/><SP WIDTH="15" VPOS="793" HPOS="460"/>
							<String ID="string_182" HPOS="475" VPOS="794" WIDTH="275" HEIGHT="26" WC="0.92" CONTENT="regeringsmedlemmarne"/><SP WIDTH="15" VPOS="794" HPOS="750"/>
							<String ID="string_183" HPOS="765" VPOS="794" WIDTH="52" HEIGHT="25" WC="0.91" CONTENT="icke,"/><SP WIDTH="17" VPOS="794" HPOS="817"/>
							<String ID="string_184" HPOS="834" VPOS="794" WIDTH="69" HEIGHT="21" WC="0.92" CONTENT="säsom"/>
						</TextLine>
						<TextLine ID="line_22" HPOS="77" VPOS="821" WIDTH="827" HEIGHT="27">
							<String ID="string_185" HPOS="77" VPOS="821" WIDTH="53" HEIGHT="22" WC="0.96" CONTENT="dock"/><SP WIDTH="21" VPOS="821" HPOS="130"/>
							<String ID="string_186" HPOS="151" VPOS="821" WIDTH="106" HEIGHT="22" WC="0.93" CONTENT="allmänna"/><SP WIDTH="19" VPOS="821" HPOS="257"/>
							<String ID="string_187" HPOS="276" VPOS="822" WIDTH="144" HEIGHT="21" WC="0.92" CONTENT="rättskänslan"/><SP WIDTH="17" VPOS="822" HPOS="420"/>
							<String ID="string_188" HPOS="437" VPOS="822" WIDTH="91" HEIGHT="25" WC="0.89" CONTENT="kräfver,"/><SP WIDTH="17" VPOS="822" HPOS="528"/>
							<String ID="string_189" HPOS="545" VPOS="822" WIDTH="21" HEIGHT="21" WC="0.89" CONTENT="fä"/><SP WIDTH="16" VPOS="822" HPOS="566"/>
							<String ID="string_190" HPOS="582" VPOS="822" WIDTH="64" HEIGHT="26" WC="0.92" CONTENT="nägot"/><SP WIDTH="16" VPOS="822" HPOS="646"/>
							<String ID="string_191" HPOS="662" VPOS="822" WIDTH="83" HEIGHT="21" WC="0.92" CONTENT="tillfälle"/><SP WIDTH="16" VPOS="822" HPOS="745"/>
							<String ID="string_192" HPOS="761" VPOS="825" WIDTH="32" HEIGHT="18" WC="0.93" CONTENT="att"/><SP WIDTH="15" VPOS="825" HPOS="793"/>
							<String ID="string_193" HPOS="808" VPOS="822" WIDTH="96" HEIGHT="21" WC="0.91" CONTENT="försvara"/>
						</TextLine>
						<TextLine ID="line_23" HPOS="76" VPOS="850" WIDTH="826" HEIGHT="27">
							<String ID="string_194" HPOS="76" VPOS="850" WIDTH="38" HEIGHT="26" WC="0.96" CONTENT="sig."/><SP WIDTH="31" VPOS="850" HPOS="114"/>
							<String ID="string_195" HPOS="145" VPOS="851" WIDTH="41" HEIGHT="20" WC="0.93" CONTENT="Det"/><SP WIDTH="16" VPOS="851" HPOS="186"/>
							<String ID="string_196" HPOS="202" VPOS="857" WIDTH="49" HEIGHT="14" WC="0.92" CONTENT="vore"/><SP WIDTH="17" VPOS="857" HPOS="251"/>
							<String ID="string_197" HPOS="268" VPOS="852" WIDTH="33" HEIGHT="19" WC="0.93" CONTENT="väl"/><SP WIDTH="16" VPOS="852" HPOS="301"/>
							<String ID="string_198" HPOS="317" VPOS="851" WIDTH="30" HEIGHT="20" WC="0.93" CONTENT="uti"/><SP WIDTH="16" VPOS="851" HPOS="347"/>
							<String ID="string_199" HPOS="363" VPOS="851" WIDTH="73" HEIGHT="26" WC="0.90" CONTENT="sjelfva"/><SP WIDTH="15" VPOS="851" HPOS="436"/>
							<String ID="string_200" HPOS="451" VPOS="851" WIDTH="255" HEIGHT="26" WC="0.91" CONTENT="granskningsutskottet,"/><SP WIDTH="13" VPOS="851" HPOS="706"/>
							<String ID="string_201" HPOS="719" VPOS="857" WIDTH="44" HEIGHT="15" WC="0.92" CONTENT="som"/><SP WIDTH="14" VPOS="857" HPOS="763"/>
							<String ID="string_202" HPOS="777" VPOS="850" WIDTH="83" HEIGHT="22" WC="0.91" CONTENT="tillfälle"/><SP WIDTH="11" VPOS="850" HPOS="860"/>
							<String ID="string_203" HPOS="871" VPOS="850" WIDTH="31" HEIGHT="21" WC="0.96" CONTENT="till"/>
						</TextLine>
						<TextLine ID="line_24" HPOS="76" VPOS="879" WIDTH="828" HEIGHT="27">
							<String ID="string_204" HPOS="76" VPOS="879" WIDTH="62" HEIGHT="21" WC="0.92" CONTENT="dessa"/><SP WIDTH="14" VPOS="879" HPOS="138"/>
							<String ID="string_205" HPOS="152" VPOS="879" WIDTH="142" HEIGHT="26" WC="0.92" CONTENT="förklaringar"/><SP WIDTH="16" VPOS="879" HPOS="294"/>
							<String ID="string_206" HPOS="310" VPOS="879" WIDTH="65" HEIGHT="21" WC="0.93" CONTENT="borde"/><SP WIDTH="16" VPOS="879" HPOS="375"/>
							<String ID="string_207" HPOS="391" VPOS="880" WIDTH="81" HEIGHT="20" WC="0.92" CONTENT="lemnas"/><SP WIDTH="12" VPOS="880" HPOS="472"/>
							<String ID="string_208" HPOS="484" VPOS="880" WIDTH="56" HEIGHT="24" WC="0.96" CONTENT="dem;"/><SP WIDTH="6" VPOS="880" HPOS="540"/>
							<String ID="string_209" HPOS="546" VPOS="875" WIDTH="9" HEIGHT="36" WC="0.96" CONTENT="i"/><SP WIDTH="15" VPOS="875" HPOS="555"/>
							<String ID="string_210" HPOS="570" VPOS="879" WIDTH="41" HEIGHT="21" WC="0.96" CONTENT="alla"/><SP WIDTH="11" VPOS="879" HPOS="611"/>
							<String ID="string_211" HPOS="622" VPOS="879" WIDTH="37" HEIGHT="21" WC="0.94" CONTENT="fall"/><SP WIDTH="11" VPOS="879" HPOS="659"/>
							<String ID="string_212" HPOS="670" VPOS="885" WIDTH="61" HEIGHT="16" WC="0.96" CONTENT="anser"/><SP WIDTH="8" VPOS="885" HPOS="731"/>
							<String ID="string_213" HPOS="739" VPOS="879" WIDTH="44" HEIGHT="27" WC="0.96" CONTENT="jag,"/><SP WIDTH="11" VPOS="879" HPOS="783"/>
							<String ID="string_214" HPOS="794" VPOS="881" WIDTH="32" HEIGHT="19" WC="0.95" CONTENT="att"/><SP WIDTH="8" VPOS="881" HPOS="826"/>
							<String ID="string_215" HPOS="834" VPOS="879" WIDTH="70" HEIGHT="21" WC="0.96" CONTENT="denna"/>
						</TextLine>
						<TextLine ID="line_25" HPOS="76" VPOS="907" WIDTH="827" HEIGHT="28">
							<String ID="string_216" HPOS="76" VPOS="909" WIDTH="71" HEIGHT="24" WC="0.95" CONTENT="utväg,"/><SP WIDTH="15" VPOS="909" HPOS="147"/>
							<String ID="string_217" HPOS="162" VPOS="910" WIDTH="32" HEIGHT="18" WC="0.94" CONTENT="att"/><SP WIDTH="16" VPOS="910" HPOS="194"/>
							<String ID="string_218" HPOS="210" VPOS="909" WIDTH="5" HEIGHT="19" WC="0.94" CONTENT="i"/><SP WIDTH="16" VPOS="909" HPOS="215"/>
							<String ID="string_219" HPOS="231" VPOS="908" WIDTH="55" HEIGHT="21" WC="0.96" CONTENT="vissa"/><SP WIDTH="20" VPOS="908" HPOS="286"/>
							<String ID="string_220" HPOS="306" VPOS="908" WIDTH="36" HEIGHT="21" WC="0.93" CONTENT="fall"/><SP WIDTH="20" VPOS="908" HPOS="342"/>
							<String ID="string_221" HPOS="362" VPOS="908" WIDTH="87" HEIGHT="21" WC="0.93" CONTENT="hänvisa"/><SP WIDTH="15" VPOS="908" HPOS="449"/>
							<String ID="string_222" HPOS="464" VPOS="908" WIDTH="259" HEIGHT="26" WC="0.76" CONTENT="granskningsutskottets"/><SP WIDTH="17" VPOS="908" HPOS="723"/>
							<String ID="string_223" HPOS="740" VPOS="908" WIDTH="114" HEIGHT="27" WC="0.95" CONTENT="påstående"/><SP WIDTH="17" VPOS="908" HPOS="854"/>
							<String ID="string_224" HPOS="871" VPOS="907" WIDTH="32" HEIGHT="21" WC="0.96" CONTENT="till"/>
						</TextLine>
						<TextLine ID="line_26" HPOS="76" VPOS="935" WIDTH="827" HEIGHT="28">
							<String ID="string_225" HPOS="76" VPOS="935" WIDTH="85" HEIGHT="27" WC="0.91" CONTENT="plenum"/><SP WIDTH="23" VPOS="935" HPOS="161"/>
							<String ID="string_226" HPOS="184" VPOS="936" WIDTH="117" HEIGHT="27" WC="0.90" CONTENT="plenorum,"/><SP WIDTH="16" VPOS="936" HPOS="301"/>
							<String ID="string_227" HPOS="317" VPOS="936" WIDTH="18" HEIGHT="27" WC="0.92" CONTENT="ej"/><SP WIDTH="16" VPOS="936" HPOS="335"/>
							<String ID="string_228" HPOS="351" VPOS="937" WIDTH="69" HEIGHT="21" WC="0.92" CONTENT="skulle"/><SP WIDTH="23" VPOS="937" HPOS="420"/>
							<String ID="string_229" HPOS="443" VPOS="937" WIDTH="78" HEIGHT="21" WC="0.92" CONTENT="bereda"/><SP WIDTH="24" VPOS="937" HPOS="521"/>
							<String ID="string_230" HPOS="545" VPOS="937" WIDTH="39" HEIGHT="20" WC="0.93" CONTENT="den"/><SP WIDTH="24" VPOS="937" HPOS="584"/>
							<String ID="string_231" HPOS="608" VPOS="937" WIDTH="105" HEIGHT="26" WC="0.92" CONTENT="trygghet,"/><SP WIDTH="24" VPOS="937" HPOS="713"/>
							<String ID="string_232" HPOS="737" VPOS="943" WIDTH="44" HEIGHT="14" WC="0.96" CONTENT="som"/><SP WIDTH="22" VPOS="943" HPOS="781"/>
							<String ID="string_233" HPOS="803" VPOS="937" WIDTH="24" HEIGHT="26" WC="0.95" CONTENT="ju"/><SP WIDTH="23" VPOS="937" HPOS="827"/>
							<String ID="string_234" HPOS="850" VPOS="936" WIDTH="53" HEIGHT="21" WC="0.95" CONTENT="dock"/>
						</TextLine>
						<TextLine ID="line_27" HPOS="76" VPOS="963" WIDTH="828" HEIGHT="29">
							<String ID="string_235" HPOS="76" VPOS="964" WIDTH="72" HEIGHT="27" WC="0.91" CONTENT="hvarje"/><SP WIDTH="23" VPOS="964" HPOS="148"/>
							<String ID="string_236" HPOS="171" VPOS="965" WIDTH="98" HEIGHT="27" WC="0.91" CONTENT="regering"/><SP WIDTH="23" VPOS="965" HPOS="269"/>
							<String ID="string_237" HPOS="292" VPOS="965" WIDTH="55" HEIGHT="21" WC="0.95" CONTENT="inom"/><SP WIDTH="24" VPOS="965" HPOS="347"/>
							<String ID="string_238" HPOS="371" VPOS="966" WIDTH="32" HEIGHT="20" WC="0.92" CONTENT="sin"/><SP WIDTH="23" VPOS="966" HPOS="403"/>
							<String ID="string_239" HPOS="426" VPOS="965" WIDTH="43" HEIGHT="21" WC="0.92" CONTENT="sfer"/><SP WIDTH="22" VPOS="965" HPOS="469"/>
							<String ID="string_240" HPOS="491" VPOS="965" WIDTH="67" HEIGHT="21" WC="0.92" CONTENT="mäste"/><SP WIDTH="23" VPOS="965" HPOS="558"/>
							<String ID="string_241" HPOS="581" VPOS="971" WIDTH="45" HEIGHT="20" WC="0.87" CONTENT="ega."/><SP WIDTH="31" VPOS="971" HPOS="626"/>
							<String ID="string_242" HPOS="657" VPOS="965" WIDTH="61" HEIGHT="21" WC="0.92" CONTENT="Hvad"/><SP WIDTH="19" VPOS="965" HPOS="718"/>
							<String ID="string_243" HPOS="737" VPOS="965" WIDTH="46" HEIGHT="21" WC="0.92" CONTENT="äter"/><SP WIDTH="20" VPOS="965" HPOS="783"/>
							<String ID="string_244" HPOS="803" VPOS="963" WIDTH="101" HEIGHT="22" WC="0.96" CONTENT="beträffar"/>
						</TextLine>
						<TextLine ID="line_28" HPOS="76" VPOS="993" WIDTH="828" HEIGHT="27">
							<String ID="string_245" HPOS="76" VPOS="993" WIDTH="167" HEIGHT="27" WC="0.89" CONTENT="anmärkningen"/><SP WIDTH="26" VPOS="993" HPOS="243"/>
							<String ID="string_246" HPOS="269" VPOS="994" WIDTH="79" HEIGHT="26" WC="0.89" CONTENT="derom,"/><SP WIDTH="17" VPOS="994" HPOS="348"/>
							<String ID="string_247" HPOS="365" VPOS="996" WIDTH="32" HEIGHT="19" WC="0.96" CONTENT="att"/><SP WIDTH="23" VPOS="996" HPOS="397"/>
							<String ID="string_248" HPOS="420" VPOS="994" WIDTH="25" HEIGHT="21" WC="0.93" CONTENT="de"/><SP WIDTH="19" VPOS="994" HPOS="445"/>
							<String ID="string_249" HPOS="464" VPOS="993" WIDTH="115" HEIGHT="27" WC="0.92" CONTENT="protokoll,"/><SP WIDTH="16" VPOS="993" HPOS="579"/>
							<String ID="string_250" HPOS="595" VPOS="1000" WIDTH="45" HEIGHT="15" WC="0.93" CONTENT="som"/><SP WIDTH="22" VPOS="1000" HPOS="640"/>
							<String ID="string_251" HPOS="662" VPOS="994" WIDTH="45" HEIGHT="21" WC="0.93" CONTENT="frän"/><SP WIDTH="23" VPOS="994" HPOS="707"/>
							<String ID="string_252" HPOS="730" VPOS="995" WIDTH="86" HEIGHT="20" WC="0.92" CONTENT="senaten"/><SP WIDTH="16" VPOS="995" HPOS="816"/>
							<String ID="string_253" HPOS="832" VPOS="993" WIDTH="72" HEIGHT="21" WC="0.96" CONTENT="kunna"/>
						</TextLine>
						<TextLine ID="line_29" HPOS="76" VPOS="1022" WIDTH="827" HEIGHT="27">
							<String ID="string_254" HPOS="76" VPOS="1022" WIDTH="135" HEIGHT="21" WC="0.91" CONTENT="framlemnas"/><SP WIDTH="24" VPOS="1022" HPOS="211"/>
							<String ID="string_255" HPOS="235" VPOS="1022" WIDTH="31" HEIGHT="21" WC="0.93" CONTENT="till"/><SP WIDTH="23" VPOS="1022" HPOS="266"/>
							<String ID="string_256" HPOS="289" VPOS="1023" WIDTH="252" HEIGHT="26" WC="0.92" CONTENT="granskningsutskottet,"/><SP WIDTH="16" VPOS="1023" HPOS="541"/>
							<String ID="string_257" HPOS="557" VPOS="1022" WIDTH="107" HEIGHT="21" WC="0.91" CONTENT="innehälla"/><SP WIDTH="18" VPOS="1022" HPOS="664"/>
							<String ID="string_258" HPOS="682" VPOS="1023" WIDTH="54" HEIGHT="20" WC="0.91" CONTENT="blott"/><SP WIDTH="17" VPOS="1023" HPOS="736"/>
							<String ID="string_259" HPOS="753" VPOS="1022" WIDTH="150" HEIGHT="26" WC="0.92" CONTENT="ofullständiga"/>
						</TextLine>
						<TextLine ID="line_30" HPOS="76" VPOS="1050" WIDTH="827" HEIGHT="27">
							<String ID="string_260" HPOS="76" VPOS="1050" WIDTH="153" HEIGHT="27" WC="0.92" CONTENT="uppiysningar"/><SP WIDTH="18" VPOS="1050" HPOS="229"/>
							<String ID="string_261" HPOS="247" VPOS="1057" WIDTH="34" HEIGHT="15" WC="0.96" CONTENT="om"/><SP WIDTH="17" VPOS="1057" HPOS="281"/>
							<String ID="string_262" HPOS="298" VPOS="1051" WIDTH="134" HEIGHT="26" WC="0.93" CONTENT="regeringens"/><SP WIDTH="16" VPOS="1051" HPOS="432"/>
							<String ID="string_263" HPOS="448" VPOS="1051" WIDTH="127" HEIGHT="26" WC="0.92" CONTENT="handlingar"/><SP WIDTH="15" VPOS="1051" HPOS="575"/>
							<String ID="string_264" HPOS="590" VPOS="1051" WIDTH="40" HEIGHT="21" WC="0.96" CONTENT="och"/><SP WIDTH="17" VPOS="1051" HPOS="630"/>
							<String ID="string_265" HPOS="647" VPOS="1051" WIDTH="48" HEIGHT="21" WC="0.93" CONTENT="dess"/><SP WIDTH="15" VPOS="1051" HPOS="695"/>
							<String ID="string_266" HPOS="710" VPOS="1051" WIDTH="93" HEIGHT="26" WC="0.92" CONTENT="afsigter,"/><SP WIDTH="13" VPOS="1051" HPOS="803"/>
							<String ID="string_267" HPOS="816" VPOS="1052" WIDTH="50" HEIGHT="19" WC="0.93" CONTENT="enär"/><SP WIDTH="13" VPOS="1052" HPOS="866"/>
							<String ID="string_268" HPOS="879" VPOS="1051" WIDTH="24" HEIGHT="25" WC="0.97" CONTENT="ju"/>
						</TextLine>
						<TextLine ID="line_31" HPOS="76" VPOS="1078" WIDTH="827" HEIGHT="29">
							<String ID="string_269" HPOS="76" VPOS="1085" WIDTH="25" HEIGHT="14" WC="0.93" CONTENT="en"/><SP WIDTH="17" VPOS="1085" HPOS="101"/>
							<String ID="string_270" HPOS="118" VPOS="1079" WIDTH="93" HEIGHT="26" WC="0.91" CONTENT="betydlig"/><SP WIDTH="17" VPOS="1079" HPOS="211"/>
							<String ID="string_271" HPOS="228" VPOS="1079" WIDTH="33" HEIGHT="22" WC="0.96" CONTENT="del"/><SP WIDTH="16" VPOS="1079" HPOS="261"/>
							<String ID="string_272" HPOS="277" VPOS="1079" WIDTH="22" HEIGHT="21" WC="0.93" CONTENT="af"/><SP WIDTH="14" VPOS="1079" HPOS="299"/>
							<String ID="string_273" HPOS="313" VPOS="1080" WIDTH="198" HEIGHT="27" WC="0.92" CONTENT="regeringsmakten"/><SP WIDTH="17" VPOS="1080" HPOS="511"/>
							<String ID="string_274" HPOS="528" VPOS="1081" WIDTH="23" HEIGHT="19" WC="0.93" CONTENT="är"/><SP WIDTH="15" VPOS="1081" HPOS="551"/>
							<String ID="string_275" HPOS="566" VPOS="1079" WIDTH="81" HEIGHT="26" WC="0.92" CONTENT="förlagd"/><SP WIDTH="17" VPOS="1079" HPOS="647"/>
							<String ID="string_276" HPOS="664" VPOS="1080" WIDTH="5" HEIGHT="20" WC="0.96" CONTENT="i"/><SP WIDTH="17" VPOS="1080" HPOS="669"/>
							<String ID="string_277" HPOS="686" VPOS="1079" WIDTH="31" HEIGHT="22" WC="0.96" CONTENT="S:t"/><SP WIDTH="16" VPOS="1079" HPOS="717"/>
							<String ID="string_278" HPOS="733" VPOS="1079" WIDTH="134" HEIGHT="26" WC="0.96" CONTENT="Petersburg,"/><SP WIDTH="12" VPOS="1079" HPOS="867"/>
							<String ID="string_279" HPOS="879" VPOS="1078" WIDTH="24" HEIGHT="21" WC="0.96" CONTENT="sä"/>
						</TextLine>
						<TextLine ID="line_32" HPOS="76" VPOS="1107" WIDTH="827" HEIGHT="28">
							<String ID="string_280" HPOS="76" VPOS="1107" WIDTH="39" HEIGHT="21" WC="0.96" CONTENT="har"/><SP WIDTH="13" VPOS="1107" HPOS="115"/>
							<String ID="string_281" HPOS="128" VPOS="1107" WIDTH="37" HEIGHT="26" WC="0.92" CONTENT="jag"/><SP WIDTH="15" VPOS="1107" HPOS="165"/>
							<String ID="string_282" HPOS="180" VPOS="1108" WIDTH="18" HEIGHT="27" WC="0.96" CONTENT="ej"/><SP WIDTH="17" VPOS="1108" HPOS="198"/>
							<String ID="string_283" HPOS="215" VPOS="1108" WIDTH="70" HEIGHT="21" WC="0.96" CONTENT="funnit"/><SP WIDTH="14" VPOS="1108" HPOS="285"/>
							<String ID="string_284" HPOS="299" VPOS="1110" WIDTH="33" HEIGHT="19" WC="0.96" CONTENT="att"/><SP WIDTH="16" VPOS="1110" HPOS="332"/>
							<String ID="string_285" HPOS="348" VPOS="1109" WIDTH="68" HEIGHT="20" WC="0.93" CONTENT="denna"/><SP WIDTH="15" VPOS="1109" HPOS="416"/>
							<String ID="string_286" HPOS="431" VPOS="1109" WIDTH="141" HEIGHT="26" WC="0.96" CONTENT="anmärkning"/><SP WIDTH="16" VPOS="1109" HPOS="572"/>
							<String ID="string_287" HPOS="588" VPOS="1108" WIDTH="68" HEIGHT="21" WC="0.96" CONTENT="blifvit"/><SP WIDTH="16" VPOS="1108" HPOS="656"/>
							<String ID="string_288" HPOS="672" VPOS="1108" WIDTH="27" HEIGHT="27" WC="0.96" CONTENT="pä"/><SP WIDTH="16" VPOS="1108" HPOS="699"/>
							<String ID="string_289" HPOS="715" VPOS="1110" WIDTH="31" HEIGHT="19" WC="0.93" CONTENT="ett"/><SP WIDTH="15" VPOS="1110" HPOS="746"/>
							<String ID="string_290" HPOS="761" VPOS="1107" WIDTH="142" HEIGHT="22" WC="0.44" CONTENT="tilliredsstäl-"/>
						</TextLine>
						<TextLine ID="line_33" HPOS="76" VPOS="1135" WIDTH="827" HEIGHT="28">
							<String ID="string_291" HPOS="76" VPOS="1135" WIDTH="62" HEIGHT="22" WC="0.91" CONTENT="lande"/><SP WIDTH="16" VPOS="1135" HPOS="138"/>
							<String ID="string_292" HPOS="154" VPOS="1138" WIDTH="43" HEIGHT="19" WC="0.93" CONTENT="sätt"/><SP WIDTH="20" VPOS="1138" HPOS="197"/>
							<String ID="string_293" HPOS="217" VPOS="1137" WIDTH="88" HEIGHT="21" WC="0.92" CONTENT="bemött."/><SP WIDTH="30" VPOS="1137" HPOS="305"/>
							<String ID="string_294" HPOS="335" VPOS="1137" WIDTH="41" HEIGHT="21" WC="0.96" CONTENT="Det"/><SP WIDTH="17" VPOS="1137" HPOS="376"/>
							<String ID="string_295" HPOS="393" VPOS="1139" WIDTH="24" HEIGHT="18" WC="0.93" CONTENT="är"/><SP WIDTH="15" VPOS="1139" HPOS="417"/>
							<String ID="string_296" HPOS="432" VPOS="1137" WIDTH="106" HEIGHT="26" WC="0.92" CONTENT="nemligen"/><SP WIDTH="17" VPOS="1137" HPOS="538"/>
							<String ID="string_297" HPOS="555" VPOS="1137" WIDTH="17" HEIGHT="26" WC="0.92" CONTENT="ej"/><SP WIDTH="18" VPOS="1137" HPOS="572"/>
							<String ID="string_298" HPOS="590" VPOS="1137" WIDTH="55" HEIGHT="21" WC="0.92" CONTENT="blott"/><SP WIDTH="15" VPOS="1137" HPOS="645"/>
							<String ID="string_299" HPOS="660" VPOS="1137" WIDTH="59" HEIGHT="26" WC="0.92" CONTENT="fräga"/><SP WIDTH="16" VPOS="1137" HPOS="719"/>
							<String ID="string_300" HPOS="735" VPOS="1143" WIDTH="32" HEIGHT="15" WC="0.96" CONTENT="om"/><SP WIDTH="17" VPOS="1143" HPOS="767"/>
							<String ID="string_301" HPOS="784" VPOS="1139" WIDTH="32" HEIGHT="18" WC="0.96" CONTENT="att"/><SP WIDTH="15" VPOS="1139" HPOS="816"/>
							<String ID="string_302" HPOS="831" VPOS="1137" WIDTH="72" HEIGHT="20" WC="0.96" CONTENT="kunna"/>
						</TextLine>
						<TextLine ID="line_34" HPOS="75" VPOS="1165" WIDTH="828" HEIGHT="26">
							<String ID="string_303" HPOS="75" VPOS="1165" WIDTH="83" HEIGHT="26" WC="0.93" CONTENT="utreda,"/><SP WIDTH="16" VPOS="1165" HPOS="158"/>
							<String ID="string_304" HPOS="174" VPOS="1165" WIDTH="61" HEIGHT="21" WC="0.92" CONTENT="hvem"/><SP WIDTH="19" VPOS="1165" HPOS="235"/>
							<String ID="string_305" HPOS="254" VPOS="1171" WIDTH="45" HEIGHT="15" WC="0.92" CONTENT="som"/><SP WIDTH="17" VPOS="1171" HPOS="299"/>
							<String ID="string_306" HPOS="316" VPOS="1165" WIDTH="38" HEIGHT="21" WC="0.92" CONTENT="bär"/><SP WIDTH="15" VPOS="1165" HPOS="354"/>
							<String ID="string_307" HPOS="369" VPOS="1168" WIDTH="98" HEIGHT="19" WC="0.92" CONTENT="ansvaret"/><SP WIDTH="17" VPOS="1168" HPOS="467"/>
							<String ID="string_308" HPOS="484" VPOS="1165" WIDTH="32" HEIGHT="21" WC="0.93" CONTENT="för"/><SP WIDTH="16" VPOS="1165" HPOS="516"/>
							<String ID="string_309" HPOS="532" VPOS="1165" WIDTH="134" HEIGHT="26" WC="0.92" CONTENT="ätgärderna,"/><SP WIDTH="15" VPOS="1165" HPOS="666"/>
							<String ID="string_310" HPOS="681" VPOS="1168" WIDTH="52" HEIGHT="18" WC="0.96" CONTENT="utan"/><SP WIDTH="16" VPOS="1168" HPOS="733"/>
							<String ID="string_311" HPOS="749" VPOS="1166" WIDTH="36" HEIGHT="20" WC="0.96" CONTENT="det"/><SP WIDTH="15" VPOS="1166" HPOS="785"/>
							<String ID="string_312" HPOS="800" VPOS="1167" WIDTH="24" HEIGHT="18" WC="0.93" CONTENT="är"/><SP WIDTH="15" VPOS="1167" HPOS="824"/>
							<String ID="string_313" HPOS="839" VPOS="1165" WIDTH="64" HEIGHT="21" WC="0.91" CONTENT="ocksä"/>
						</TextLine>
						<TextLine ID="line_35" HPOS="76" VPOS="1193" WIDTH="827" HEIGHT="28">
							<String ID="string_314" HPOS="76" VPOS="1193" WIDTH="60" HEIGHT="26" WC="0.93" CONTENT="fräga"/><SP WIDTH="15" VPOS="1193" HPOS="136"/>
							<String ID="string_315" HPOS="151" VPOS="1199" WIDTH="34" HEIGHT="15" WC="0.93" CONTENT="om"/><SP WIDTH="17" VPOS="1199" HPOS="185"/>
							<String ID="string_316" HPOS="202" VPOS="1194" WIDTH="163" HEIGHT="21" WC="0.92" CONTENT="bedömmandet"/><SP WIDTH="13" VPOS="1194" HPOS="365"/>
							<String ID="string_317" HPOS="378" VPOS="1194" WIDTH="23" HEIGHT="21" WC="0.93" CONTENT="af"/><SP WIDTH="13" VPOS="1194" HPOS="401"/>
							<String ID="string_318" HPOS="414" VPOS="1200" WIDTH="112" HEIGHT="21" WC="0.92" CONTENT="personers"/><SP WIDTH="10" VPOS="1200" HPOS="526"/>
							<String ID="string_319" HPOS="536" VPOS="1194" WIDTH="114" HEIGHT="27" WC="0.92" CONTENT="kapacitet,"/><SP WIDTH="12" VPOS="1194" HPOS="650"/>
							<String ID="string_320" HPOS="662" VPOS="1193" WIDTH="61" HEIGHT="22" WC="0.93" CONTENT="deras"/><SP WIDTH="11" VPOS="1193" HPOS="723"/>
							<String ID="string_321" HPOS="734" VPOS="1193" WIDTH="93" HEIGHT="28" WC="0.93" CONTENT="afsigter,"/><SP WIDTH="12" VPOS="1193" HPOS="827"/>
							<String ID="string_322" HPOS="839" VPOS="1194" WIDTH="64" HEIGHT="20" WC="0.96" CONTENT="deras"/>
						</TextLine>
						<TextLine ID="line_36" HPOS="77" VPOS="1221" WIDTH="826" HEIGHT="28">
							<String ID="string_323" HPOS="77" VPOS="1221" WIDTH="123" HEIGHT="27" WC="0.96" CONTENT="lämplighet"/><SP WIDTH="16" VPOS="1221" HPOS="200"/>
							<String ID="string_324" HPOS="216" VPOS="1225" WIDTH="32" HEIGHT="18" WC="0.93" CONTENT="att"/><SP WIDTH="15" VPOS="1225" HPOS="248"/>
							<String ID="string_325" HPOS="263" VPOS="1222" WIDTH="131" HEIGHT="21" WC="0.93" CONTENT="fortfarande"/><SP WIDTH="17" VPOS="1222" HPOS="394"/>
							<String ID="string_326" HPOS="411" VPOS="1223" WIDTH="122" HEIGHT="20" WC="0.91" CONTENT="handhafva"/><SP WIDTH="15" VPOS="1223" HPOS="533"/>
							<String ID="string_327" HPOS="548" VPOS="1223" WIDTH="207" HEIGHT="26" WC="0.92" CONTENT="regeringsärenden."/><SP WIDTH="23" VPOS="1223" HPOS="755"/>
							<String ID="string_328" HPOS="778" VPOS="1223" WIDTH="10" HEIGHT="20" WC="0.96" CONTENT="I"/><SP WIDTH="11" VPOS="1223" HPOS="788"/>
							<String ID="string_329" HPOS="799" VPOS="1222" WIDTH="104" HEIGHT="21" WC="0.96" CONTENT="hvardera"/>
						</TextLine>
						<TextLine ID="line_37" HPOS="75" VPOS="1250" WIDTH="828" HEIGHT="28">
							<String ID="string_330" HPOS="75" VPOS="1250" WIDTH="130" HEIGHT="22" WC="0.96" CONTENT="hänseendet"/><SP WIDTH="22" VPOS="1250" HPOS="205"/>
							<String ID="string_331" HPOS="227" VPOS="1252" WIDTH="68" HEIGHT="20" WC="0.96" CONTENT="måste"/><SP WIDTH="23" VPOS="1252" HPOS="295"/>
							<String ID="string_332" HPOS="318" VPOS="1252" WIDTH="35" HEIGHT="20" WC="0.96" CONTENT="det"/><SP WIDTH="17" VPOS="1252" HPOS="353"/>
							<String ID="string_333" HPOS="370" VPOS="1252" WIDTH="25" HEIGHT="26" WC="0.96" CONTENT="ju"/><SP WIDTH="19" VPOS="1252" HPOS="395"/>
							<String ID="string_334" HPOS="414" VPOS="1252" WIDTH="82" HEIGHT="26" WC="0.96" CONTENT="ganska"/><SP WIDTH="16" VPOS="1252" HPOS="496"/>
							<String ID="string_335" HPOS="512" VPOS="1252" WIDTH="44" HEIGHT="20" WC="0.96" CONTENT="ofta"/><SP WIDTH="15" VPOS="1252" HPOS="556"/>
							<String ID="string_336" HPOS="571" VPOS="1250" WIDTH="86" HEIGHT="22" WC="0.96" CONTENT="inträffa"/><SP WIDTH="15" VPOS="1250" HPOS="657"/>
							<String ID="string_337" HPOS="672" VPOS="1253" WIDTH="37" HEIGHT="24" WC="0.96" CONTENT="att,"/><SP WIDTH="17" VPOS="1253" HPOS="709"/>
							<String ID="string_338" HPOS="726" VPOS="1251" WIDTH="33" HEIGHT="21" WC="0.96" CONTENT="vid"/><SP WIDTH="17" VPOS="1251" HPOS="759"/>
							<String ID="string_339" HPOS="776" VPOS="1250" WIDTH="127" HEIGHT="27" WC="0.95" CONTENT="behandling"/>
						</TextLine>
						<TextLine ID="line_38" HPOS="75" VPOS="1279" WIDTH="827" HEIGHT="27">
							<String ID="string_340" HPOS="75" VPOS="1280" WIDTH="22" HEIGHT="20" WC="0.96" CONTENT="af"/><SP WIDTH="15" VPOS="1280" HPOS="97"/>
							<String ID="string_341" HPOS="112" VPOS="1285" WIDTH="25" HEIGHT="15" WC="0.96" CONTENT="en"/><SP WIDTH="15" VPOS="1285" HPOS="137"/>
							<String ID="string_342" HPOS="152" VPOS="1280" WIDTH="59" HEIGHT="26" WC="0.96" CONTENT="fråga"/><SP WIDTH="16" VPOS="1280" HPOS="211"/>
							<String ID="string_343" HPOS="227" VPOS="1280" WIDTH="6" HEIGHT="21" WC="0.96" CONTENT="i"/><SP WIDTH="17" VPOS="1280" HPOS="233"/>
							<String ID="string_344" HPOS="250" VPOS="1282" WIDTH="94" HEIGHT="24" WC="0.96" CONTENT="senaten,"/><SP WIDTH="17" VPOS="1282" HPOS="344"/>
							<String ID="string_345" HPOS="361" VPOS="1280" WIDTH="135" HEIGHT="26" WC="0.96" CONTENT="regeringens"/><SP WIDTH="22" VPOS="1280" HPOS="496"/>
							<String ID="string_346" HPOS="518" VPOS="1280" WIDTH="137" HEIGHT="21" WC="0.95" CONTENT="medlemmar"/><SP WIDTH="19" VPOS="1280" HPOS="655"/>
							<String ID="string_347" HPOS="674" VPOS="1280" WIDTH="67" HEIGHT="21" WC="0.96" CONTENT="måste"/><SP WIDTH="16" VPOS="1280" HPOS="741"/>
							<String ID="string_348" HPOS="757" VPOS="1282" WIDTH="50" HEIGHT="24" WC="0.96" CONTENT="taga"/><SP WIDTH="14" VPOS="1282" HPOS="807"/>
							<String ID="string_349" HPOS="821" VPOS="1279" WIDTH="81" HEIGHT="26" WC="0.96" CONTENT="hänsyn"/>
						</TextLine>
						<TextLine ID="line_39" HPOS="75" VPOS="1308" WIDTH="827" HEIGHT="27">
							<String ID="string_350" HPOS="75" VPOS="1308" WIDTH="33" HEIGHT="21" WC="0.96" CONTENT="till"/><SP WIDTH="16" VPOS="1308" HPOS="108"/>
							<String ID="string_351" HPOS="124" VPOS="1308" WIDTH="101" HEIGHT="26" WC="0.96" CONTENT="faktorer,"/><SP WIDTH="16" VPOS="1308" HPOS="225"/>
							<String ID="string_352" HPOS="241" VPOS="1308" WIDTH="48" HEIGHT="22" WC="0.96" CONTENT="utaf"/><SP WIDTH="20" VPOS="1308" HPOS="289"/>
							<String ID="string_353" HPOS="309" VPOS="1309" WIDTH="70" HEIGHT="21" WC="0.96" CONTENT="hvilka"/><SP WIDTH="16" VPOS="1309" HPOS="379"/>
							<String ID="string_354" HPOS="395" VPOS="1308" WIDTH="131" HEIGHT="27" WC="0.96" CONTENT="protokollet"/><SP WIDTH="17" VPOS="1308" HPOS="526"/>
							<String ID="string_355" HPOS="543" VPOS="1309" WIDTH="17" HEIGHT="26" WC="0.96" CONTENT="ej"/><SP WIDTH="17" VPOS="1309" HPOS="560"/>
							<String ID="string_356" HPOS="577" VPOS="1309" WIDTH="39" HEIGHT="20" WC="0.96" CONTENT="bär"/><SP WIDTH="15" VPOS="1309" HPOS="616"/>
							<String ID="string_357" HPOS="631" VPOS="1309" WIDTH="65" HEIGHT="25" WC="0.96" CONTENT="något"/><SP WIDTH="15" VPOS="1309" HPOS="696"/>
							<String ID="string_358" HPOS="711" VPOS="1309" WIDTH="55" HEIGHT="26" WC="0.96" CONTENT="spår."/><SP WIDTH="32" VPOS="1309" HPOS="766"/>
							<String ID="string_359" HPOS="798" VPOS="1308" WIDTH="48" HEIGHT="21" WC="0.96" CONTENT="Men"/><SP WIDTH="15" VPOS="1308" HPOS="846"/>
							<String ID="string_360" HPOS="861" VPOS="1308" WIDTH="41" HEIGHT="20" WC="0.95" CONTENT="den"/>
						</TextLine>
						<TextLine ID="line_40" HPOS="75" VPOS="1337" WIDTH="828" HEIGHT="27">
							<String ID="string_361" HPOS="75" VPOS="1338" WIDTH="190" HEIGHT="26" WC="0.95" CONTENT="sammansättning"/><SP WIDTH="23" VPOS="1338" HPOS="265"/>
							<String ID="string_362" HPOS="288" VPOS="1338" WIDTH="124" HEIGHT="26" WC="0.94" CONTENT="regeringen"/><SP WIDTH="22" VPOS="1338" HPOS="412"/>
							<String ID="string_363" HPOS="434" VPOS="1344" WIDTH="52" HEIGHT="20" WC="0.96" CONTENT="eger"/><SP WIDTH="22" VPOS="1344" HPOS="486"/>
							<String ID="string_364" HPOS="508" VPOS="1338" WIDTH="38" HEIGHT="20" WC="0.96" CONTENT="hos"/><SP WIDTH="21" VPOS="1338" HPOS="546"/>
							<String ID="string_365" HPOS="567" VPOS="1344" WIDTH="40" HEIGHT="18" WC="0.96" CONTENT="oss,"/><SP WIDTH="17" VPOS="1344" HPOS="607"/>
							<String ID="string_366" HPOS="624" VPOS="1338" WIDTH="42" HEIGHT="20" WC="0.96" CONTENT="kan"/><SP WIDTH="18" VPOS="1338" HPOS="666"/>
							<String ID="string_367" HPOS="684" VPOS="1344" WIDTH="51" HEIGHT="14" WC="0.93" CONTENT="vara"/><SP WIDTH="14" VPOS="1344" HPOS="735"/>
							<String ID="string_368" HPOS="749" VPOS="1338" WIDTH="13" HEIGHT="20" WC="0.88" CONTENT="å"/><SP WIDTH="16" VPOS="1338" HPOS="762"/>
							<String ID="string_369" HPOS="778" VPOS="1337" WIDTH="75" HEIGHT="25" WC="0.96" CONTENT="högsta"/><SP WIDTH="16" VPOS="1337" HPOS="853"/>
							<String ID="string_370" HPOS="869" VPOS="1339" WIDTH="34" HEIGHT="17" WC="0.96" CONTENT="ort"/>
						</TextLine>
						<TextLine ID="line_41" HPOS="75" VPOS="1364" WIDTH="827" HEIGHT="29">
							<String ID="string_371" HPOS="75" VPOS="1365" WIDTH="24" HEIGHT="21" WC="0.96" CONTENT="så"/><SP WIDTH="16" VPOS="1365" HPOS="99"/>
							<String ID="string_372" HPOS="115" VPOS="1365" WIDTH="121" HEIGHT="26" WC="0.96" CONTENT="förberedd,"/><SP WIDTH="17" VPOS="1365" HPOS="236"/>
							<String ID="string_373" HPOS="253" VPOS="1368" WIDTH="32" HEIGHT="19" WC="0.96" CONTENT="att"/><SP WIDTH="16" VPOS="1368" HPOS="285"/>
							<String ID="string_374" HPOS="301" VPOS="1368" WIDTH="30" HEIGHT="19" WC="0.96" CONTENT="ett"/><SP WIDTH="16" VPOS="1368" HPOS="331"/>
							<String ID="string_375" HPOS="347" VPOS="1366" WIDTH="34" HEIGHT="21" WC="0.96" CONTENT="val"/><SP WIDTH="16" VPOS="1366" HPOS="381"/>
							<String ID="string_376" HPOS="397" VPOS="1366" WIDTH="45" HEIGHT="21" WC="0.96" CONTENT="icke"/><SP WIDTH="16" VPOS="1366" HPOS="442"/>
							<String ID="string_377" HPOS="458" VPOS="1372" WIDTH="60" HEIGHT="15" WC="0.96" CONTENT="mera"/><SP WIDTH="10" VPOS="1372" HPOS="518"/>
							<String ID="string_378" HPOS="528" VPOS="1368" WIDTH="24" HEIGHT="18" WC="0.96" CONTENT="är"/><SP WIDTH="11" VPOS="1368" HPOS="552"/>
							<String ID="string_379" HPOS="563" VPOS="1366" WIDTH="87" HEIGHT="27" WC="0.96" CONTENT="möjligt,"/><SP WIDTH="12" VPOS="1366" HPOS="650"/>
							<String ID="string_380" HPOS="662" VPOS="1368" WIDTH="51" HEIGHT="19" WC="0.96" CONTENT="utan"/><SP WIDTH="12" VPOS="1368" HPOS="713"/>
							<String ID="string_381" HPOS="725" VPOS="1368" WIDTH="32" HEIGHT="18" WC="0.96" CONTENT="att"/><SP WIDTH="11" VPOS="1368" HPOS="757"/>
							<String ID="string_382" HPOS="768" VPOS="1364" WIDTH="134" HEIGHT="28" WC="0.95" CONTENT="protokollen"/>
						</TextLine>
						<TextLine ID="line_42" HPOS="74" VPOS="1394" WIDTH="828" HEIGHT="26">
							<String ID="string_383" HPOS="74" VPOS="1394" WIDTH="69" HEIGHT="21" WC="0.96" CONTENT="utvisa"/><SP WIDTH="16" VPOS="1394" HPOS="143"/>
							<String ID="string_384" HPOS="159" VPOS="1394" WIDTH="52" HEIGHT="21" WC="0.96" CONTENT="hvar"/><SP WIDTH="15" VPOS="1394" HPOS="211"/>
							<String ID="string_385" HPOS="226" VPOS="1394" WIDTH="113" HEIGHT="22" WC="0.96" CONTENT="initiativet"/><SP WIDTH="16" VPOS="1394" HPOS="339"/>
							<String ID="string_386" HPOS="355" VPOS="1394" WIDTH="52" HEIGHT="21" WC="0.96" CONTENT="eller"/><SP WIDTH="15" VPOS="1394" HPOS="407"/>
							<String ID="string_387" HPOS="422" VPOS="1397" WIDTH="100" HEIGHT="18" WC="0.96" CONTENT="ansvaret"/><SP WIDTH="15" VPOS="1397" HPOS="522"/>
							<String ID="string_388" HPOS="537" VPOS="1394" WIDTH="71" HEIGHT="26" WC="0.94" CONTENT="ligger."/><SP WIDTH="32" VPOS="1394" HPOS="608"/>
							<String ID="string_389" HPOS="640" VPOS="1394" WIDTH="39" HEIGHT="22" WC="0.96" CONTENT="Om"/><SP WIDTH="17" VPOS="1394" HPOS="679"/>
							<String ID="string_390" HPOS="696" VPOS="1400" WIDTH="48" HEIGHT="15" WC="0.96" CONTENT="man"/><SP WIDTH="17" VPOS="1400" HPOS="744"/>
							<String ID="string_391" HPOS="761" VPOS="1394" WIDTH="26" HEIGHT="21" WC="0.95" CONTENT="då"/><SP WIDTH="16" VPOS="1394" HPOS="787"/>
							<String ID="string_392" HPOS="803" VPOS="1394" WIDTH="47" HEIGHT="20" WC="0.93" CONTENT="ville"/><SP WIDTH="16" VPOS="1394" HPOS="850"/>
							<String ID="string_393" HPOS="866" VPOS="1394" WIDTH="36" HEIGHT="20" WC="0.91" CONTENT="be-"/>
						</TextLine>
						<TextLine ID="line_43" HPOS="75" VPOS="1422" WIDTH="828" HEIGHT="28">
							<String ID="string_394" HPOS="75" VPOS="1423" WIDTH="63" HEIGHT="21" WC="0.95" CONTENT="döma"/><SP WIDTH="20" VPOS="1423" HPOS="138"/>
							<String ID="string_395" HPOS="158" VPOS="1423" WIDTH="62" HEIGHT="21" WC="0.95" CONTENT="deras"/><SP WIDTH="19" VPOS="1423" HPOS="220"/>
							<String ID="string_396" HPOS="239" VPOS="1423" WIDTH="46" HEIGHT="21" WC="0.96" CONTENT="icke"/><SP WIDTH="15" VPOS="1423" HPOS="285"/>
							<String ID="string_397" HPOS="300" VPOS="1423" WIDTH="55" HEIGHT="21" WC="0.96" CONTENT="blott"/><SP WIDTH="16" VPOS="1423" HPOS="355"/>
							<String ID="string_398" HPOS="371" VPOS="1424" WIDTH="107" HEIGHT="26" WC="0.95" CONTENT="åtgärder,"/><SP WIDTH="17" VPOS="1424" HPOS="478"/>
							<String ID="string_399" HPOS="495" VPOS="1430" WIDTH="47" HEIGHT="14" WC="0.97" CONTENT="men"/><SP WIDTH="16" VPOS="1430" HPOS="542"/>
							<String ID="string_400" HPOS="558" VPOS="1423" WIDTH="60" HEIGHT="21" WC="0.92" CONTENT="äfven"/><SP WIDTH="14" VPOS="1423" HPOS="618"/>
							<String ID="string_401" HPOS="632" VPOS="1423" WIDTH="87" HEIGHT="27" WC="0.91" CONTENT="afsigter"/><SP WIDTH="16" VPOS="1423" HPOS="719"/>
							<String ID="string_402" HPOS="735" VPOS="1422" WIDTH="39" HEIGHT="22" WC="0.96" CONTENT="och"/><SP WIDTH="16" VPOS="1422" HPOS="774"/>
							<String ID="string_403" HPOS="790" VPOS="1422" WIDTH="113" HEIGHT="26" WC="0.96" CONTENT="kapacitet,"/>
						</TextLine>
						<TextLine ID="line_44" HPOS="74" VPOS="1450" WIDTH="828" HEIGHT="28">
							<String ID="string_404" HPOS="74" VPOS="1453" WIDTH="52" HEIGHT="19" WC="0.95" CONTENT="utan"/><SP WIDTH="23" VPOS="1453" HPOS="126"/>
							<String ID="string_405" HPOS="149" VPOS="1453" WIDTH="32" HEIGHT="19" WC="0.96" CONTENT="att"/><SP WIDTH="19" VPOS="1453" HPOS="181"/>
							<String ID="string_406" HPOS="200" VPOS="1451" WIDTH="63" HEIGHT="21" WC="0.96" CONTENT="hafva"/><SP WIDTH="18" VPOS="1451" HPOS="263"/>
							<String ID="string_407" HPOS="281" VPOS="1451" WIDTH="77" HEIGHT="22" WC="0.96" CONTENT="skaffat"/><SP WIDTH="15" VPOS="1451" HPOS="358"/>
							<String ID="string_408" HPOS="373" VPOS="1452" WIDTH="116" HEIGHT="26" WC="0.96" CONTENT="utredning"/><SP WIDTH="15" VPOS="1452" HPOS="489"/>
							<String ID="string_409" HPOS="504" VPOS="1458" WIDTH="34" HEIGHT="15" WC="0.94" CONTENT="om"/><SP WIDTH="17" VPOS="1458" HPOS="538"/>
							<String ID="string_410" HPOS="555" VPOS="1452" WIDTH="25" HEIGHT="20" WC="0.93" CONTENT="de"/><SP WIDTH="16" VPOS="1452" HPOS="580"/>
							<String ID="string_411" HPOS="596" VPOS="1451" WIDTH="115" HEIGHT="27" WC="0.92" CONTENT="inflytelser"/><SP WIDTH="15" VPOS="1451" HPOS="711"/>
							<String ID="string_412" HPOS="726" VPOS="1458" WIDTH="44" HEIGHT="14" WC="0.96" CONTENT="som"/><SP WIDTH="17" VPOS="1458" HPOS="770"/>
							<String ID="string_413" HPOS="787" VPOS="1452" WIDTH="27" HEIGHT="25" WC="0.96" CONTENT="på"/><SP WIDTH="15" VPOS="1452" HPOS="814"/>
							<String ID="string_414" HPOS="829" VPOS="1450" WIDTH="73" HEIGHT="26" WC="0.96" CONTENT="frågan"/>
						</TextLine>
						<TextLine ID="line_45" HPOS="74" VPOS="1480" WIDTH="829" HEIGHT="27">
							<String ID="string_415" HPOS="74" VPOS="1480" WIDTH="75" HEIGHT="20" WC="0.96" CONTENT="verkat"/><SP WIDTH="16" VPOS="1480" HPOS="149"/>
							<String ID="string_416" HPOS="165" VPOS="1480" WIDTH="46" HEIGHT="21" WC="0.96" CONTENT="från"/><SP WIDTH="16" VPOS="1480" HPOS="211"/>
							<String ID="string_417" HPOS="227" VPOS="1481" WIDTH="67" HEIGHT="20" WC="0.96" CONTENT="andra"/><SP WIDTH="15" VPOS="1481" HPOS="294"/>
							<String ID="string_418" HPOS="309" VPOS="1480" WIDTH="50" HEIGHT="26" WC="0.96" CONTENT="håll,"/><SP WIDTH="18" VPOS="1480" HPOS="359"/>
							<String ID="string_419" HPOS="377" VPOS="1480" WIDTH="23" HEIGHT="21" WC="0.96" CONTENT="så"/><SP WIDTH="16" VPOS="1480" HPOS="400"/>
							<String ID="string_420" HPOS="416" VPOS="1480" WIDTH="74" HEIGHT="27" WC="0.96" CONTENT="tyckes"/><SP WIDTH="15" VPOS="1480" HPOS="490"/>
							<String ID="string_421" HPOS="505" VPOS="1480" WIDTH="35" HEIGHT="21" WC="0.96" CONTENT="det"/><SP WIDTH="16" VPOS="1480" HPOS="540"/>
							<String ID="string_422" HPOS="556" VPOS="1480" WIDTH="42" HEIGHT="26" WC="0.96" CONTENT="mig"/><SP WIDTH="10" VPOS="1480" HPOS="598"/>
							<String ID="string_423" HPOS="608" VPOS="1483" WIDTH="32" HEIGHT="18" WC="0.96" CONTENT="att"/><SP WIDTH="11" VPOS="1483" HPOS="640"/>
							<String ID="string_424" HPOS="651" VPOS="1486" WIDTH="47" HEIGHT="15" WC="0.96" CONTENT="man"/><SP WIDTH="13" VPOS="1486" HPOS="698"/>
							<String ID="string_425" HPOS="711" VPOS="1480" WIDTH="18" HEIGHT="26" WC="0.96" CONTENT="ej"/><SP WIDTH="10" VPOS="1480" HPOS="729"/>
							<String ID="string_426" HPOS="739" VPOS="1480" WIDTH="68" HEIGHT="21" WC="0.96" CONTENT="skulle"/><SP WIDTH="11" VPOS="1480" HPOS="807"/>
							<String ID="string_427" HPOS="818" VPOS="1480" WIDTH="85" HEIGHT="20" WC="0.96" CONTENT="komma"/>
						</TextLine>
						<TextLine ID="line_46" HPOS="74" VPOS="1507" WIDTH="828" HEIGHT="29">
							<String ID="string_428" HPOS="74" VPOS="1508" WIDTH="32" HEIGHT="22" WC="0.96" CONTENT="till"/><SP WIDTH="16" VPOS="1508" HPOS="106"/>
							<String ID="string_429" HPOS="122" VPOS="1510" WIDTH="31" HEIGHT="19" WC="0.96" CONTENT="ett"/><SP WIDTH="15" VPOS="1510" HPOS="153"/>
							<String ID="string_430" HPOS="168" VPOS="1509" WIDTH="78" HEIGHT="25" WC="0.96" CONTENT="säkert,"/><SP WIDTH="15" VPOS="1509" HPOS="246"/>
							<String ID="string_431" HPOS="261" VPOS="1508" WIDTH="69" HEIGHT="28" WC="0.96" CONTENT="billigt"/><SP WIDTH="15" VPOS="1508" HPOS="330"/>
							<String ID="string_432" HPOS="345" VPOS="1509" WIDTH="40" HEIGHT="21" WC="0.96" CONTENT="och"/><SP WIDTH="11" VPOS="1509" HPOS="385"/>
							<String ID="string_433" HPOS="396" VPOS="1510" WIDTH="88" HEIGHT="20" WC="0.96" CONTENT="rättvist"/><SP WIDTH="12" VPOS="1510" HPOS="484"/>
							<String ID="string_434" HPOS="496" VPOS="1508" WIDTH="136" HEIGHT="22" WC="0.95" CONTENT="bedömande."/><SP WIDTH="24" VPOS="1508" HPOS="632"/>
							<String ID="string_435" HPOS="656" VPOS="1508" WIDTH="37" HEIGHT="22" WC="0.92" CONTENT="Uti"/><SP WIDTH="11" VPOS="1508" HPOS="693"/>
							<String ID="string_436" HPOS="704" VPOS="1508" WIDTH="92" HEIGHT="27" WC="0.93" CONTENT="Sverige,"/><SP WIDTH="13" VPOS="1508" HPOS="796"/>
							<String ID="string_437" HPOS="809" VPOS="1507" WIDTH="93" HEIGHT="22" WC="0.91" CONTENT="derifrån"/>
						</TextLine>
					</TextBlock>
				</ComposedBlock>
				<GraphicalElement ID="cblock_4" HPOS="1113" VPOS="762" WIDTH="4" HEIGHT="431"></GraphicalElement >
			</PrintSpace>
		</Page>
	</Layout>
</alto>
