1117 1781
306 139 162 17 Presteständet
481 139 57 17 1882.
563 139 23 17 21
600 138 97 18 februari.
848 134 39 20 257

835 169 3 1 |
914 169 13 21 .

88 209 83 20 liuksen
188 208 131 21 ehdotuksen
338 208 103 27 johdosta.
472 208 44 20 Sitä
531 214 25 15 en
574 207 62 21 tahdo
653 210 112 20 vastustaa,
781 210 67 19 mutta
864 215 53 20 pyy-

87 238 49 25 dän,
152 236 55 21 ett'ei
224 236 62 27 Sääty
309 237 53 20 vielä
379 237 59 20 tekisi
456 236 107 27 lopullista
580 238 93 25 päätöstä
688 236 81 21 asiasta.
799 236 38 21 Jos
853 237 64 26 Sääty

89 268 49 19 näet
161 268 37 23 nyt
215 265 109 26 hyväksyy
341 265 77 27 pastori
434 265 110 20 Liliuksen
561 265 131 20 ehdotuksen
709 265 146 26 sellaisenaan,
872 265 43 21 niin

87 300 24 14 se
134 300 26 14 on
180 295 70 19 tämän
267 294 137 26 päätöksensä
420 293 73 21 kautta
509 293 69 21 osaksi
595 295 76 24 estetty
687 293 60 20 aivan
765 295 91 25 vapaasti
874 301 43 14 me-

89 322 146 21 nettelemästä
256 322 124 21 saadessaan
394 322 77 21 asiasta
487 321 209 22 valtiovaliokunnan
713 322 103 21 vastaisen
834 323 83 20 mietin-

88 353 49 18 nön.
161 350 57 21 Minä
234 351 35 20 siis
285 351 127 25 ehdottelen,
428 353 42 18 että
486 349 65 28 Sääty
568 352 38 25 nyt
620 357 51 14 vaan
684 350 89 21 lähettää
784 351 132 20 keskustelu-

88 379 133 28 pöytäkirjan
245 379 222 25 valtiovaliokuntaan,
488 379 49 27 joka
560 379 49 20 saisi
634 379 162 20 mietinnössään
821 379 94 21 luvattua

87 408 113 21 ehdotusta
225 407 124 21 tehdessään
374 410 55 18 ottaa
455 407 178 28 Pappissäädyssä
656 408 143 26 kysymyksen
819 408 97 26 johdosta

89 436 116 27 lausuttuja
221 436 130 27 mielipiteitä
366 437 146 24 huomioonsa,
528 436 72 20 mikäli
617 442 26 15 ne
659 436 39 20 sitä
713 437 134 20 ansaitsevat.

159 482 87 21 Prosten
262 482 85 27 Hjelt:
365 481 48 22 Som
430 483 36 26 jag
481 482 47 21 icke
544 482 54 21 varit
612 482 130 20 närvarande
753 482 46 21 frän
810 489 106 14 samman-

88 511 79 20 trädets
191 511 80 26 början,
287 511 68 20 kände
377 511 35 26 jag
434 511 48 20 icke
505 513 31 18 att
557 511 22 20 sä
600 510 76 27 mänga
693 511 71 26 begärt
780 511 65 20 ordet.
875 511 42 28 Jag

90 539 90 27 begärde
201 539 35 21 det
258 539 33 20 för
313 542 30 17 att
363 541 54 24 yttra
434 539 36 21 det
484 540 36 26 jag
536 546 62 13 anser
613 539 159 27 ifrägavarande
789 539 127 22 utskottsbe-

88 568 107 20 tänkande
212 575 48 13 vara
277 567 32 21 väl
325 568 39 20 och
380 568 47 21 med
444 568 66 20 sädan
527 568 132 27 försigtighet
674 567 99 26 affattadt,
784 570 29 19 att
824 568 35 21 det
869 569 46 20 icke

89 596 64 21 borde
175 597 57 26 gifva
252 596 115 27 anledning
383 597 31 20 till
430 597 70 26 någon
517 596 127 21 diskussion.
673 597 38 20 Att
727 597 65 20 väcka
807 597 58 27 fråga
881 603 33 14 om

88 625 105 20 huruvida
216 625 55 20 lånet
295 625 37 20 bör
355 625 64 20 blifva
442 625 108 20 inhemskt
572 625 52 20 eller
642 625 108 21 utländskt
765 625 40 20 kan
821 625 53 22 först
889 625 26 21 då

88 654 85 20 komma
189 654 4 19 i
211 653 64 27 fråga,
290 653 63 21 sedan
371 654 155 20 statsutskottet
541 653 39 21 fått
596 653 118 21 kännedom
731 660 33 14 om
780 654 41 21 alla
837 654 26 21 de
879 661 36 14 an-

86 682 52 27 slag,
153 689 44 14 som
216 682 33 20 vid
266 682 69 21 denna
351 682 102 27 landtdag
468 685 36 18 äro
520 682 22 21 af
557 682 99 21 behofvet
672 682 114 27 påkallade.
815 683 38 20 Att
869 683 46 20 der-

87 711 45 20 före
155 717 28 14 nu
207 711 71 20 skicka
302 710 192 27 protokollsutdrag
517 711 31 20 till
567 711 64 26 sagda
648 711 79 20 utskott
743 711 47 20 med
807 711 108 21 uttalande

86 742 32 18 att
133 739 158 21 Presteståndet
312 745 62 15 anser
389 741 29 19 ett
433 739 107 21 inhemskt
556 739 33 20 lån
607 739 50 21 böra
674 742 105 24 upptagas,
796 739 35 21 det
845 739 70 22 skulle

87 768 19 27 ej
131 775 49 13 vara
204 767 126 21 välbetänkt.
361 767 48 21 Man
434 768 69 21 skulle
527 768 121 25 derigenom
669 768 99 27 möjligen
785 768 63 20 binda
864 769 51 20 hän-

87 797 65 20 derna
177 796 25 27 på
222 797 159 25 statsutskottet,
397 797 26 20 då
439 797 36 20 det
490 797 22 26 ju
529 797 99 26 möjligen
646 797 40 20 kan
703 797 86 20 uttänka
805 803 25 14 en
848 797 66 20 bättre

88 827 65 24 utväg
168 827 25 18 än
211 825 87 21 Ståndet
315 831 26 14 nu
359 825 52 20 efter
426 831 26 14 en
470 825 46 20 kort
532 825 119 20 diskussion
669 825 39 20 kan
724 825 82 20 föreslå.

157 915 79 21 Härvid
257 916 79 20 afbröts
351 916 189 27 förhandlingarna
555 923 76 20 genom
648 917 132 20 inträdandet
795 917 21 20 af
831 919 85 18 senator

88 945 146 26 Björkstén
251 951 44 14 som
313 944 30 21 till
360 944 88 21 Ståndet
463 945 169 20 öfverlämnade:

159 991 20 26 1)
209 991 60 20 Hans
290 991 118 26 Kejserliga
424 991 109 27 Majestäts
549 991 76 27 nådiga
641 992 127 26 proposition
784 991 40 21 N:o
841 992 26 20 38
884 992 30 20 till

88 1018 102 21 Finlands
206 1019 89 21 Ständer
311 1019 109 27 angående
436 1020 181 27 stämpelpappers
634 1020 121 27 bevillning.

158 1065 19 25 2)
208 1065 59 20 Hans
288 1065 116 27 Kejserliga
425 1065 108 27 Majestäts
548 1065 77 27 nädiga
642 1066 126 27 proposition
785 1066 39 21 N:o
841 1066 26 21 39
884 1066 31 21 till

89 1093 101 20 Finlands
213 1093 90 21 Ständer
323 1094 109 26 angående
450 1094 81 20 inlösen
548 1094 22 20 af
585 1094 191 26 donationsgodsen
796 1095 2 19 i
816 1094 99 27 Wiborgs

88 1122 39 20 och
144 1121 29 21 S:t
189 1121 88 21 Michels
293 1122 40 20 län.

157 1167 69 21 Sedan
243 1168 48 21 herr
306 1168 163 21 Talmannen
487 1169 11 20 ä
514 1168 98 21 Ständets
627 1171 78 24 vägnar
717 1169 69 20 tackat
797 1169 47 20 herr
855 1175 61 14 sena-

89 1198 53 24 torn,
158 1196 95 21 afträdde
269 1197 75 20 denne.

158 1287 32 21 Dä
207 1288 33 20 vid
257 1288 179 27 äterupptagande
449 1289 22 20 af
487 1288 156 27 behandlingen
657 1289 21 20 af
688 1289 163 21 statsutskottets
861 1288 54 21 före-

89 1316 99 27 liggande
212 1316 132 21 betänkande
365 1317 63 27 ingen
449 1317 67 21 talare
533 1317 71 21 vidare
620 1317 93 21 önskade
729 1320 54 23 yttra
799 1318 37 26 sig,
852 1317 64 21 fram-

88 1345 76 21 ställde
180 1345 49 21 herr
243 1345 164 21 Talmannen
424 1346 31 20 till
469 1345 99 21 Ständets
582 1346 129 20 besvarande
723 1346 92 27 följande
828 1348 88 19 omröst-

89 1373 202 27 ningsproposition:

161 1419 132 21 Godkänner
305 1419 92 21 Ständet
411 1420 171 20 statsutskottets
597 1420 172 27 ifrågavarande
783 1420 133 20 betänkande

89 1447 41 21 N:o
146 1448 11 20 1
171 1448 10 20 %
195 1448 48 20 dess
258 1448 71 21 helhet
343 1448 52 21 eller
410 1448 60 21 icke?
487 1448 41 21 den
544 1449 34 20 det
592 1451 40 25 gör
646 1455 78 14 svarar
733 1448 39 28 ja;

158 1494 81 20 vinner
253 1494 37 27 nej
304 1494 120 27 uppställes
436 1494 36 21 till
483 1494 133 21 besvarande
627 1501 27 14 en
664 1494 97 28 följande
769 1494 146 28 proposition.

827 1564 20 16 17
