1117 1781
321 121 162 17 Presteståndet
495 122 58 16 1882.
578 122 12 17 7
601 126 63 12 mars.
840 116 41 20 313

84 191 112 21 utskottets
219 191 128 26 behandling
368 191 117 26 hänskjutit
508 191 76 26 nådiga
608 190 155 27 propositionen
781 197 34 14 n:o
832 191 27 20 34
874 197 34 14 om

86 219 253 27 kommunalförvaltning
355 219 5 20 i
377 219 45 20 stad
446 219 38 20 och
507 219 76 26 nådiga
607 219 156 26 propositionen
781 225 34 14 n:o
832 219 26 20 35
874 225 33 14 om

86 247 253 28 kommunalförvaltning
362 247 26 27 på
404 247 76 25 landet,
497 253 47 15 men
562 247 153 27 Ridderskapet
730 247 39 20 och
791 247 61 21 adeln
869 247 39 21 och

84 276 158 21 Bondeståndet
257 276 30 21 till
303 276 215 21 ekonomiutskottets
540 276 157 27 handläggning
717 275 141 22 öfverlemnat
873 276 36 21 be-

84 305 61 20 rörda
162 305 157 27 propositioner,
335 305 36 20 det
387 305 127 27 högvördige
531 304 158 21 Presteståndet
704 304 49 21 ville
762 304 88 27 inbjuda
859 304 49 21 Rid-

84 333 111 27 derskapet
210 335 38 19 och
264 333 70 21 Adeln
351 336 54 18 samt
420 333 159 21 Bondeståndet
594 335 30 18 att
638 333 73 21 förena
722 333 32 26 sig
767 339 33 14 om
813 333 96 25 beslutet,

84 364 29 18 att
135 361 30 21 till
188 364 149 19 sammansatta
361 362 45 27 lag-
422 362 39 21 och
477 361 215 21 ekonomieutskottet
707 361 113 28 hänskjuta
836 362 72 20 ofvan-

85 390 91 21 nämnde
191 391 158 27 propositioner.

152 533 137 28 Föredrogos,
312 534 106 27 upplästes
442 534 38 20 och
504 533 67 21 såsom
594 533 153 21 föranledande
767 533 31 20 till
813 533 50 26 inga
879 533 30 20 vi-

84 561 50 21 dare
157 562 96 26 åtgärder
277 562 56 21 lades
357 562 31 21 till
411 562 154 27 handlingarna
586 562 105 27 åtskilliga
707 562 45 20 från
769 561 138 21 medstånden

84 590 100 21 inkomna
200 591 196 26 protokollsutdrag,
413 591 117 26 nämligen
520 586 13 35 :

152 648 44 20 frän
214 648 153 27 Ridderskapet
383 649 38 20 och
438 648 63 21 adeln
518 649 47 20 med
583 648 153 21 underrättelse

151 707 30 19 att
195 705 83 21 ständet
293 705 31 20 till
346 705 231 21 ständerhusutskottet
592 705 116 21 remitterat
723 704 184 21 ständerhusdele-

83 733 109 27 gationens
216 734 110 21 berättelse
350 741 33 14 om
407 734 31 21 sin
464 734 138 25 verksamhet,
625 735 65 26 jemte
705 733 202 27 diskussionsproto-

83 762 73 26 kollet;

153 822 29 17 att
205 819 75 26 nädiga
303 819 157 27 propositionen
484 826 34 14 n:o
542 820 26 20 39
584 819 109 27 angäende
709 819 80 20 inlösen
806 819 21 20 af
843 819 64 20 dona-

84 847 133 27 tionsgodsen
234 848 6 19 i
257 847 90 28 Viborgs
363 848 38 21 och
418 847 30 22 S:t
466 847 86 22 Michels
569 848 33 20 län
619 848 21 20 af
655 848 82 20 ständet
753 848 68 21 blifvit
837 847 70 21 remit-

84 876 70 20 terade
170 876 31 20 till
217 877 163 25 statsutskottet;

153 935 29 18 att
197 932 60 21 Hans
272 933 120 27 Kejserliga
409 933 108 27 Majestäts
534 933 76 27 nädiga
626 933 127 28 proposition
770 940 34 13 n:o
821 934 26 20 38
871 940 36 13 an-

84 961 81 27 gäende
188 962 179 27 stämpelpappers
391 962 116 27 bevillning
529 963 64 26 jemte
612 961 260 28 diskussionsprotokollet
887 962 21 20 af

84 990 83 21 ständet
191 990 68 21 blifvit
274 991 133 20 remitterade
427 991 31 20 till
474 991 154 20 statsutskottet
644 991 6 20 i
666 991 100 20 afseende
782 991 11 20 ä
809 991 98 26 yttrande

84 1019 88 20 rörande
189 1019 25 20 de
231 1019 5 20 i
253 1019 155 27 propositionen
425 1019 78 20 äskade
519 1019 100 27 anslagen
636 1022 54 17 samt
706 1025 32 14 om
756 1019 100 20 behofvet
868 1019 39 20 och

85 1047 148 27 lämpligheten
257 1048 20 19 af
299 1048 40 20 den
365 1048 118 27 föreslagna
507 1048 142 26 bevillningen
667 1048 37 20 och
723 1047 31 21 till
771 1047 137 27 bevillnings-

84 1076 99 20 utskottet
208 1076 31 20 för
262 1076 129 27 afgifvandet
407 1077 20 20 af
442 1077 109 20 utlätande
568 1076 128 21 beträffande
712 1078 61 19 sättet
789 1077 38 20 och
844 1075 64 22 detal-

84 1105 59 26 jerna
159 1104 32 21 för
208 1105 154 27 bevillningens
377 1105 123 27 utgörande.

153 1161 53 20 Frän
223 1161 178 28 Borgareständet
417 1162 47 21 med
482 1162 100 21 förmälan

153 1221 29 18 att
205 1219 82 20 ståndet
311 1219 32 20 vid
368 1219 150 27 föredragning
534 1219 20 20 af
569 1219 246 27 expeditionsutskottets
831 1218 78 27 förslag

85 1247 31 21 till
132 1247 132 27 underdänig
279 1247 111 21 skrifvelse
405 1248 6 20 i
428 1247 115 27 anledning
558 1247 23 21 af
595 1248 58 20 inom
669 1247 88 21 stånden
774 1247 74 21 väckta
857 1247 51 27 peti-

84 1276 67 20 tioner
174 1282 33 14 om
224 1283 25 14 en
266 1276 123 21 ständernas
412 1276 98 21 anhällan
527 1279 29 17 att
573 1283 88 20 uppresa
677 1283 25 13 en
719 1279 54 23 staty
789 1276 31 21 till
837 1276 71 20 minne

85 1304 21 20 af
129 1304 74 28 Kejsar
226 1305 123 21 Alexander
372 1305 21 20 II
412 1308 54 18 samt
482 1312 25 14 en
524 1306 85 19 dermed
626 1305 87 21 förenad
729 1306 71 20 adress
817 1305 29 21 till
864 1305 44 20 lan-

85 1333 45 21 dets
146 1340 29 13 nu
191 1334 114 26 regerande
321 1334 116 25 storfurste,
454 1334 86 20 beslutit
556 1334 151 20 äterremittera
722 1334 87 20 ärendet
825 1333 30 21 till
872 1340 37 14 ex-

85 1362 206 26 peditionsutskottet
306 1362 32 20 för
353 1362 136 27 afhjelpande
505 1362 21 20 af
542 1363 54 19 vissa
612 1362 89 20 formela
717 1362 75 21 brister
800 1362 39 21 och
847 1362 62 20 skrif-

86 1390 82 20 velsens
191 1390 113 21 affattande
320 1391 5 20 i
343 1391 93 27 enlighet
457 1391 48 20 med
529 1390 187 27 Borgareständets
736 1391 68 21 beslut
819 1391 7 20 i
843 1391 66 20 saken

84 1421 55 18 samt
154 1419 47 20 dess
218 1419 119 27 redigering
353 1420 5 20 i
375 1420 52 20 form
445 1420 21 20 af
482 1426 24 14 en
524 1420 86 26 petition
627 1420 48 20 med
691 1419 104 27 ingäende
803 1419 106 25 slutkläm,

84 1447 86 21 hvarvid
195 1448 35 20 det
253 1448 48 20 sista
325 1448 84 26 stycket
431 1448 102 26 börjande
554 1448 48 20 med
618 1448 64 20 orden
700 1448 76 26 ,mätte
792 1448 61 20 Gud'
869 1448 39 20 och

84 1476 97 20 slutande
204 1476 48 21 med
273 1476 64 21 orden
361 1476 87 27 ,kallets
464 1476 77 21 börda"
557 1477 5 19 i
579 1476 144 27 föreliggande
740 1476 169 26 utskottsförslag

85 1504 31 21 till
132 1504 109 22 skrifvelse
257 1505 67 21 skulle
341 1505 55 26 utgä,
412 1506 38 20 och
467 1505 54 21 hade
536 1505 84 21 ständet
634 1505 78 27 jemväl
728 1507 68 19 ansett
811 1508 30 18 att
849 1504 60 22 ordet
