1117 1781
241 111 40 21 112
438 117 162 18 Presteståndet
613 118 59 17 1882.
696 118 11 17 7
719 118 98 17 februari.

210 185 152 27 öfverklagade
383 186 207 25 missförhållanden,
612 187 71 21 hvilka
699 187 72 21 säkert
787 187 48 21 med
850 187 42 26 god
908 186 51 27 vilja
974 185 66 22 borde

211 214 72 21 kunna
298 214 128 22 åtminstone
443 215 66 21 delvis
524 215 110 26 afhjelpas.

281 243 42 26 Jag
339 243 79 22 tillåter
434 244 43 25 mig
492 243 74 22 härvid
582 246 32 19 att
630 243 69 22 erinra
715 251 34 14 om
765 243 77 26 Kongl.
858 243 111 27 Majestäts
985 243 55 24 ,för-

211 271 68 27 nyade
295 272 96 25 stadga",
409 272 87 21 daterad
513 273 39 20 den
571 274 25 19 17
608 271 96 22 Oktober
716 273 61 20 1687.
801 272 74 21 Ehuru
887 273 68 20 denna
965 272 75 26 stadga

211 299 77 21 liksom
303 299 52 22 flera
370 301 67 20 andra
453 300 152 27 författningar
623 301 3 20 i
642 307 80 15 samma
738 303 63 19 ämne
816 301 33 20 väl
866 301 61 21 torde
942 301 6 20 i
964 301 76 26 många

210 327 115 22 afseenden
342 329 43 21 tåla
401 329 34 21 vid
452 335 26 15 en
494 329 99 26 grundlig
615 330 91 21 revision
722 342 27 3 —
766 330 87 20 hvarom
867 329 36 26 jag
919 329 54 21 hade
988 331 51 18 äran

210 357 93 21 inlemna
325 364 26 14 en
374 358 90 27 petition
486 358 34 21 vid
543 360 84 19 senaste
644 358 101 27 landtdag
761 371 27 2 —
805 358 143 21 förekommer
963 357 53 22 dock
1032 357 7 21 i

210 387 93 20 nämnda
326 387 76 26 stadga
425 386 109 27 åtskilligt,
558 393 45 14 som
620 387 18 20 vi
655 387 68 21 såsom
741 387 138 21 medlemmar
894 387 6 20 i
917 393 26 14 en
959 386 80 21 kristen

210 415 44 20 stat
270 415 47 20 med
333 415 67 20 allvar
416 415 66 21 borde
499 415 102 26 behjärta.
625 415 67 21 Bland
709 418 64 18 annat
787 415 61 21 heter
865 415 35 21 det
912 415 48 20 här:
978 431 10 8 ,,
992 414 47 21 Alla

210 442 113 26 föräldrar,
346 443 123 21 husbönder
490 443 38 21 och
552 444 132 21 matmödrar
706 444 61 21 skola
789 443 48 22 icke
859 443 90 22 allenast
964 443 75 26 sjelfva

210 477 52 14 vara
285 471 135 28 törpligtade,
437 474 31 19 att
484 472 149 27 oförsumligen
650 473 39 20 och
705 473 47 20 med
775 472 81 21 andakt
872 472 90 21 förrätta
978 472 60 21 deras

209 500 122 27 gudstjenst
346 501 27 26 pä
389 501 163 26 sabbatsdagen,
569 513 27 3 —
613 514 26 2 —
655 514 27 2 —
698 503 51 19 utan
772 501 40 21 ock
833 501 47 20 med
901 501 26 20 all
948 499 32 22 flit
995 500 43 21 till-

210 528 58 21 hålla
290 529 45 20 sina
357 529 159 27 underlydande
538 531 32 19 att
593 531 53 25 göra
668 530 125 25 detsamma,
813 529 39 21 och
869 529 114 27 ingalunda
999 528 39 21 till-

209 557 71 27 städja
296 558 47 20 dem
359 560 33 19 att
408 561 49 23 taga
474 558 30 26 sig
520 559 64 24 nägot
600 558 50 27 före,
666 564 45 15 som
727 560 24 19 är
767 558 124 27 förargeligt
902 557 52 22 eller
965 557 73 21 länder

210 585 31 21 till
257 585 159 27 gudstjenstens
438 586 81 25 hinder,
543 587 71 20 förakt
637 587 40 21 och
700 587 155 25 försummelse,
871 586 34 21 vid
921 586 43 21 lika
978 585 62 22 straff

210 614 128 26 tillgörande
361 615 32 20 för
415 615 46 26 den,
476 621 45 15 som
537 615 68 21 häller
624 615 50 21 eller
691 615 87 21 hindrar
794 615 67 21 andra
878 615 98 26 derifrän,
992 620 45 15 som

209 643 33 20 för
258 643 47 24 den,
321 649 45 15 som
382 643 48 27 sjelf
445 643 132 21 uteblifver.'
602 643 45 22 Och
664 643 26 27 pä
707 646 30 19 ett
752 646 66 19 annat
834 643 61 21 ställe
911 643 56 21 läser
979 649 57 14 man:

210 673 52 22 wär
279 672 82 26 sysslän
377 674 24 19 är
417 673 71 24 sådan,
504 675 31 18 att
552 673 41 20 hon
610 673 107 26 ingaledes
734 672 81 22 tillåter
831 672 98 27 uppskof,
945 671 92 21 särdeles

209 699 34 21 vid
259 699 126 27 bergsbruk,
408 701 84 21 hvarest
510 701 67 20 under
600 701 57 21 tiden
674 707 25 15 en
715 701 108 26 stundelig
839 701 42 23 akt,
898 701 84 26 uppsigt
998 699 39 21 och

210 734 86 21 omsorg
311 729 89 26 fordras,
417 730 67 21 mäste
500 729 30 27 de,
546 735 45 16 som
608 729 63 21 hafva
686 731 32 19 att
734 730 65 25 bjuda
815 729 38 21 och
869 729 58 26 räda,
944 728 58 21 alltid
1014 727 23 22 sä

210 756 55 27 laga,
281 759 32 19 att
331 758 24 20 de
372 757 93 27 betjente
480 759 71 20 vexlas
567 765 41 19 om,
625 758 23 21 sä
664 760 32 19 att
711 759 47 24 den,
770 765 46 14 som
832 758 7 20 i
855 757 39 21 slik
910 756 128 27 beställning

209 787 25 18 är
250 791 39 16 ena
305 787 107 25 söndagen
427 787 69 24 borta,
513 787 40 20 kan
570 787 40 20 den
626 786 91 27 följande
733 787 6 20 i
755 786 61 22 Guds
831 786 40 21 hus
886 786 32 27 sig
930 785 106 22 inställa."

209 813 41 21 Vid
267 814 160 27 tillämpningen
443 815 60 20 häraf
518 815 27 26 pä
561 815 51 21 vära
628 815 147 21 förhällanden
792 815 69 21 mäste
876 815 36 20 det
927 814 34 21 väl
976 819 61 16 anses

209 848 45 15 som
272 849 25 14 cn
313 843 126 28 skyldighet,
456 846 32 18 att
503 844 159 21 vederbörande
678 845 27 25 pä
720 843 48 22 fullt
789 843 67 22 allvar
871 843 55 21 vaka
941 842 97 22 deröfver

209 873 33 18 att
258 871 177 27 sabbatslagarna
450 871 68 22 blefve
533 872 71 21 hållna
620 879 58 14 mera
692 873 7 20 i
715 872 70 27 helgd,
801 873 25 20 sä
842 874 32 19 att
889 872 111 21 arbetaren
1010 883 27 2 -—

209 905 50 15 vare
275 900 32 27 sig
323 901 5 20 i
344 903 81 19 statens
441 900 51 22 eller
508 901 39 21 den
567 901 106 21 enskildes
689 901 64 26 tjenst
775 913 28 3 —
820 901 45 20 icke
882 901 65 20 mätte
962 905 75 20 genom

209 928 137 27 oupphörligt.
362 930 164 25 söndagsarbete
542 929 99 22 beröfvas
654 929 84 21 tillfälle
755 932 32 18 att
803 929 61 21 äfven
880 935 75 20 genom
971 929 66 20 delta-

209 957 70 26 gande
295 957 5 21 i
317 957 40 21 den
373 957 107 27 offentliga
499 958 146 27 gudstjensten
667 957 157 22 tillfredsställa
839 958 46 21 sina
901 957 85 26 andliga
1001 957 36 20 be-

209 985 44 21 hof.
284 985 106 22 Särskildt
407 987 66 20 skulle
487 987 37 26 jag
539 987 75 21 härvid
631 987 49 26 vilja
696 987 113 20 framhålla
824 986 99 21 behofvet
936 985 21 21 af
969 985 67 26 någon

209 1013 124 28 förändring
349 1015 6 20 i
371 1015 97 21 afseende
484 1016 12 20 &
512 1015 176 27 söndagsarbetet
704 1015 27 26 pä
747 1016 50 21 vära
811 1015 120 26 jernvägar,
952 1014 85 21 hvarest

209 1043 90 21 trafiken
323 1049 34 15 om
381 1044 107 26 söndagen
511 1046 23 19 är
549 1044 43 21 lika
608 1050 44 15 som
669 1043 27 28 pä
712 1044 73 27 hvarje
803 1049 68 15 annan
887 1043 48 27 dag,
951 1049 25 14 en
992 1043 44 24 sak,

208 1077 46 15 som
271 1071 45 22 helt
331 1073 103 26 naturligt
454 1072 121 21 framkallat
596 1073 107 26 klagomäl
719 1073 38 20 och
779 1072 62 21 äfven
857 1071 98 28 utgjorde
971 1073 30 19 ett
1016 1071 22 20 af

209 1099 207 22 diskussionsämnen
432 1101 34 20 vid
482 1103 83 19 senaste
581 1101 156 27 synodalmötet
753 1101 5 21 i
775 1095 54 27 Åbo.
851 1100 45 21 Och
907 1099 129 27 klagomälet

208 1129 25 20 är
254 1129 34 20 väl
312 1129 138 26 berättigadt;
473 1132 21 22 ty
516 1130 62 26 ingen
594 1130 123 26 myndighet
735 1129 27 27 pä
775 1129 77 27 jorden
869 1135 49 20 eger
933 1128 103 27 rättighet

208 1159 32 18 att
256 1159 101 24 uppsätta
373 1158 80 21 sådana
468 1158 74 21 hinder
558 1158 33 21 för
606 1159 119 23 arbetaren,
737 1160 32 19 att
786 1158 41 21 han
844 1157 63 22 råkar
917 1157 6 21 i
935 1159 101 18 samvets-

208 1185 43 21 nöd
266 1186 36 21 vid
318 1186 136 21 försakandet
470 1187 20 20 af
505 1187 36 21 det
557 1193 39 15 ena
612 1187 139 26 nödvändiga.
784 1187 42 20 Det
844 1186 65 21 borde
929 1186 107 21 dessutom

209 1213 56 27 ligga
281 1215 5 20 i
303 1216 81 20 statens
399 1215 95 26 intresse,
511 1217 33 20 att
559 1216 6 20 i
582 1215 119 27 möjligaste
721 1215 68 22 måtto
812 1215 52 21 söka
881 1214 103 27 befrämja
1001 1214 36 21 det

208 1242 99 28 kristliga
322 1243 70 27 lifvet;
412 1245 21 25 ty
450 1244 34 21 det
501 1244 37 21 har
552 1244 24 27 ju
592 1244 53 22 visat
665 1244 38 27 sig,
719 1247 32 18 att
767 1244 28 21 de
811 1243 118 27 dugligaste
945 1243 39 21 och
1000 1243 37 26 på-

208 1271 102 27 litligaste
331 1272 82 26 tjenare
428 1275 36 19 äro
479 1273 43 26 just
538 1273 32 27 de,
585 1273 72 21 hvilka
678 1273 63 21 ställa
755 1273 98 21 Herrans
868 1272 39 21 ord
922 1271 33 22 till
970 1273 67 19 rätte-

207 1302 64 19 snöre
287 1301 34 21 vid
338 1301 132 27 fullgörande
485 1301 22 21 af
521 1302 47 20 sina
580 1302 97 26 jordiska
692 1302 85 26 pligter.

279 1328 46 22 Ifall
351 1330 131 27 högvördiga
506 1330 85 21 ståndet
607 1330 6 21 i
629 1330 119 21 hufvudsak
775 1330 126 26 godkänner
923 1328 54 22 hvad
1000 1329 38 26 jag

209 1356 121 27 framställt,
348 1358 68 21 skulle
429 1359 37 26 jag
480 1359 109 21 vördsamt
604 1359 85 24 föreslå,
705 1360 32 20 att
752 1358 88 22 ståndet
855 1358 67 21 måtte
935 1357 31 21 till
978 1357 59 21 Hans

208 1385 120 28 Kejserliga
344 1386 100 28 Majestät
459 1388 48 26 ingå
522 1388 47 20 med
592 1394 25 14 en
632 1388 91 26 petition
738 1387 7 21 i
761 1387 39 21 det
815 1387 60 27 syfte,
891 1388 32 20 att
939 1398 27 3 —
982 1386 55 20 intill

209 1414 49 21 dess
274 1421 25 15 en
315 1415 91 27 lagenlig
428 1416 89 20 revision
534 1416 22 20 af
569 1417 51 20 våra
641 1416 61 21 civila
723 1416 150 27 sabbatslagar
892 1415 69 21 blifvit
976 1414 62 22 verk-

209 1443 72 26 ställd,
296 1444 128 22 åtminstone
441 1444 39 21 den
496 1444 90 27 ändring
596 1445 7 21 i
612 1444 193 28 jernvägstrafiken
817 1444 68 21 skulle
895 1444 143 26 genomföras,

208 1473 33 19 att
265 1478 33 16 om
322 1473 134 27 söndagarna
478 1473 116 27 godstågen
617 1473 110 21 inställdes
750 1472 47 22 helt
819 1473 39 21 och
873 1472 66 22 hållet
955 1472 39 22 och
1010 1472 27 26 på
