1117 1781
299 114 161 18 Presteständet
473 114 57 17 1882.
554 114 27 17 24
592 114 90 21 januari.
853 108 25 21 19

149 184 60 21 Efter
225 183 36 21 det
275 183 60 22 Hans
351 183 111 22 Excellens
478 182 227 28 Generalguvernören
721 182 58 25 derå,
796 182 75 27 åtföljd
886 182 25 21 af

80 213 32 20 sin
128 213 41 21 svit
183 212 40 21 och
238 211 104 22 Senatens
357 212 118 21 ledamöter
490 211 108 22 äfvensom
615 211 69 27 öfriga
698 211 66 27 högre
775 212 132 21 embetsmän

80 241 39 21 och
141 241 198 26 militärspersoner,
363 240 103 27 aflägsnat
480 240 32 27 sig
528 240 46 21 från
598 240 111 27 rikssalen,
733 240 98 27 aftågade
847 240 60 21 äfven

80 269 96 27 samtlige
199 269 95 22 Stånden
316 269 29 21 kl.
361 270 13 19 3
390 269 34 21 eft.
440 269 72 25 midd.,
528 269 80 26 hvarpå
626 269 161 21 Presteståndet
802 268 106 22 samlades

80 299 6 20 i
102 299 45 20 sitt”
164 299 139 20 sessionsrum
326 297 40 22 och
381 297 69 22 beslöt
473 300 32 18 att
520 299 61 20 nästa
601 297 158 22 sammanträde
782 297 69 22 skulle
869 303 39 21 ega

81 333 47 15 rum
143 326 122 27 Torsdagen
281 327 39 20 den
337 327 27 20 26
380 327 32 20 d:s
427 326 28 21 kl.
473 327 23 20 11
514 326 12 21 f.
543 333 26 14 m.

632 423 20 18 In
665 423 61 18 fidem:

567 469 51 21 Carl
634 469 50 21 Joh.
701 469 134 28 Lindegvist.

137 744 162 35 Torsdagen
318 745 56 26 den
393 744 37 27 26
448 744 123 27 Januari
590 744 72 27 1882
681 744 39 26 kl.
738 745 27 25 11
783 745 17 25 f.
818 752 35 18 m.

151 814 46 21 Bön
212 815 28 26 pä
255 813 90 22 svenska
361 814 87 27 spräket
464 813 129 22 förrättades
609 815 23 20 af
645 814 89 21 Prosten
751 813 66 28 Hjelt.

151 871 41 22 Vid
208 871 51 22 derä
275 871 118 22 verkstäldt
416 877 82 21 upprop
514 871 88 22 befanns
618 871 83 22 Doktor
716 871 127 22 Nordström
859 877 51 16 vara

82 900 147 21 fränvarande.

151 957 153 27 Kyrkoherden
321 956 94 26 Oller,
432 963 45 15 som
493 957 27 26 pä
536 957 93 26 begäran
645 956 67 21 erhöll
728 957 68 26 ordet,
812 957 50 21 sade
877 957 33 26 sig

83 985 56 22 finna
163 986 35 21 det
221 985 87 27 onödigt
331 985 40 21 och
394 985 127 22 tidsödande
544 988 38 24 att,
598 985 26 22 dä
641 985 55 21 Herr
711 985 131 22 Talmannen
858 985 54 22 eller

83 1013 146 22 sekreteraren
253 1014 123 27 uppropade
393 1020 25 15 en
438 1013 180 22 ständsledamots
634 1020 70 19 namn,
720 1013 88 22 framför
823 1016 87 19 namnet

83 1043 72 26 hvarje
170 1043 56 26 gäng
241 1043 102 20 nämndes
359 1043 40 21 den
411 1043 135 27 uppropades
557 1042 53 26 titel,
620 1043 70 20 säsom
701 1043 208 26 ,Kontraktsprost*,

82 1071 99 26 »Prost*,
197 1071 100 24 ,Pastor*
313 1077 28 15 m.
357 1071 28 26 fl.,
402 1071 72 21 hvilka
490 1071 58 22 titlar
563 1071 36 21 tal.
617 1071 83 22 derföre
715 1071 92 27 föreslog
822 1073 33 19 att
864 1073 46 19 ute-

83 1100 80 21 lemnas
186 1100 100 27 antingen
307 1102 52 19 utan
375 1100 29 21 all
426 1101 119 25 ersättning
566 1099 52 22 eller
634 1100 47 21 med
704 1100 119 26 ersättning
837 1099 24 22 af
875 1100 36 21 det

83 1128 30 22 uti
130 1129 25 20 de
171 1129 66 27 öfrige
253 1128 94 22 Ständen
363 1129 65 21 redan
444 1128 122 22 häfdvunna
582 1128 136 22 tilltalsordet
733 1128 93 27 ,herre".

151 1186 10 21 I
177 1186 112 26 anledning
305 1185 63 22 häraf
382 1186 39 21 och
437 1186 27 27 pä
480 1185 156 27 framställning
652 1185 20 28 af
682 1185 56 22 Herr
748 1185 163 27 Talmannen,

82 1214 95 21 uttalade
193 1215 32 27 sig
241 1214 90 22 Ständet
346 1214 87 26 derhän,
448 1217 33 18 att
497 1215 35 20 det
548 1214 23 21 af
584 1214 49 21 herr
648 1214 59 21 Öller
722 1215 77 20 väckta
809 1214 103 27 förslaget

83 1249 50 16 vore
148 1243 21 21 af
184 1243 24 21 sä
223 1243 100 27 likgiltigt
342 1243 100 25 innehäll,
457 1245 32 20 att
504 1243 66 27 nägra
590 1243 133 21 föreskrifter
738 1242 51 22 eller
805 1243 105 21 öfverens-

83 1272 127 22 kommelser
225 1272 6 21 i
247 1272 94 27 antydda
356 1272 100 22 afseende
472 1272 46 21 icke
534 1272 90 21 behöfde
639 1272 161 27 ifrägakomma.

151 1330 56 20 Herr
217 1329 155 21 Talmannen
384 1329 93 21 anmälte
488 1332 33 18 att
532 1329 41 21 han
585 1329 100 27 mottagit
696 1331 75 19 tvenne
782 1329 130 26 skrifvelser,

84 1358 40 21 den
139 1364 40 15 ena
201 1358 46 21 från
263 1358 105 21 Senatorn
392 1364 40 15 von
448 1358 88 21 Hellens
552 1358 48 21 med
618 1358 97 26 bifogadt
730 1358 107 26 protokoll
853 1357 58 21 öfver

83 1386 109 22 verkstäld
207 1386 130 27 granskning
352 1386 21 22 af
388 1386 149 22 fullmakterne
554 1386 32 21 för
602 1386 26 21 de
644 1386 76 22 ofrälse
733 1386 106 22 Ständens
849 1386 63 21 valde

83 1417 177 25 representanter,
277 1416 39 20 den
337 1415 68 21 andra
419 1416 47 21 frän
483 1415 59 21 Hans
561 1414 111 22 Excellens
687 1414 224 28 Generalguvernören

83 1444 49 21 med
147 1444 26 21 de
188 1444 7 20 i
209 1444 124 21 thronsalen
355 1444 141 26 uppräknade
511 1445 27 20 32
553 1444 78 26 nädiga
651 1444 190 26 propositionerna,
866 1449 45 15 som

83 1473 84 21 komme
189 1474 33 20 att
243 1472 120 27 föreläggas
386 1472 121 22 Ständerna
529 1472 34 22 vid
587 1472 143 22 innevarande
751 1472 102 26 landtdag
872 1471 39 21 och

83 1501 72 22 hvilka
170 1507 28 15 nu
213 1502 6 20 i
236 1501 124 27 tillräckligt
376 1502 59 20 antal
451 1502 108 26 exemplar
574 1501 28 27 pä
617 1501 90 21 svenska
723 1501 39 22 och
775 1500 67 22 finska
852 1500 59 26 sprä-
