1117 1781
300 133 162 17 Presteståndet
475 134 57 16 1882.
557 133 23 17 21
593 133 97 17 februari.
843 127 41 20 269

86 202 88 21 förande
189 201 105 21 tilltänkta
311 201 131 26 delegations
452 201 191 26 sammansättning
654 201 38 20 och
704 201 127 20 instruktion
843 201 68 20 remit-

85 233 54 18 terat
154 237 81 14 samma
250 230 77 21 ärende
344 230 30 20 till
391 230 106 21 allmänna
514 230 197 24 besvärsutskottet;

155 287 108 20 äfvensom
280 289 29 18 att
325 293 25 14 en
367 286 45 21 från
429 286 159 21 Bondeståndet
603 287 122 20 inkommen
742 286 128 27 inbjudning
885 288 30 19 att

86 315 178 27 Borgareståndet
288 315 47 20 ville
358 315 72 20 förena
453 316 32 26 sig
509 315 45 20 med
580 315 83 21 Preste-
686 315 39 20 och
749 315 164 20 Bondestånden

87 344 109 26 angående
213 350 79 15 samma
308 344 89 20 ärendes
414 345 73 19 remiss
503 344 30 20 till
550 343 239 28 expeditionsutskottet
804 343 25 27 på
845 343 68 26 grund

86 372 22 21 af
130 372 143 27 nyssnämnde
296 372 74 24 beslut,
393 372 20 21 af
436 372 88 21 Ståndet
545 374 79 19 ansetts
647 372 50 21 böra
716 372 30 20 till
763 373 63 26 ingen
844 371 70 21 vidare

87 401 72 26 åtgärd
176 401 117 21 föranleda:

156 458 46 20 från
219 457 159 21 Bondeståndet
393 457 47 20 med
457 457 159 26 underrättelse,

157 489 30 18 att
209 486 87 21 Ståndet
317 486 31 21 till
364 486 107 20 allmänna
488 486 188 20 besvärsutskottet
691 485 116 21 remitterat
822 485 92 27 följande

88 515 120 27 petitioner:
232 515 18 25 1)
274 515 21 20 af
317 514 205 27 landtdagsmannen
545 514 165 27 Rosenberg
726 514 109 27 angående
851 515 64 20 inrät-

88 543 63 21 tande
167 543 21 20 af
201 546 29 17 ett
238 543 119 26 treklassigt
366 543 94 20 läroverk
475 544 1 19 i
486 543 147 25 Mariehamn
625 539 12 34 ;
650 543 20 25 2)
680 543 20 20 af
710 543 204 26 landtdagsmannen

88 572 170 20 Kommonen
282 572 110 26 angående
416 571 134 26 förvandling
573 572 21 20 af
616 571 127 26 tvåklassiga
767 571 118 21 realskolan
908 571 6 20 i

88 600 105 21 Kexholm
219 600 31 21 till
273 603 30 18 ett
324 600 123 27 fyrklassigt
470 601 85 26 lyceum
571 600 52 21 eller
638 602 36 24 att,
692 599 37 21 där
743 600 18 27 ej
779 600 136 21 statsverkets

88 629 112 27 tillgångar
215 629 75 20 sådant
305 629 112 26 medgifva,
432 629 73 20 skolan
524 629 68 20 blefve
608 629 44 20 helt
667 629 38 20 och
722 628 64 21 hållet
801 628 113 27 indragen;

88 658 22 25 3)
134 657 21 21 af
177 657 203 26 landtdagsmannen
397 657 135 21 Jaatinen
549 659 38 19 och
604 657 41 21 alla
661 657 66 26 öfriga
743 657 56 20 inom
817 657 98 26 Wiborgs

89 686 34 20 län
147 686 88 21 utsedde
258 685 216 22 Ståndsmedlemmar
497 693 33 13 om
553 686 119 20 inrättande
689 686 24 26 på
729 686 135 20 statsverkets
880 685 35 21 be-

89 715 88 20 kostnad
205 715 20 20 af
249 717 28 18 ett
300 714 125 27 fullständig
449 715 65 20 finskt
538 715 82 26 lyceum
646 715 5 19 i
670 714 97 27 Wiborgs
783 715 56 25 stad;
857 714 22 27 4)
895 714 21 21 af

89 743 204 27 landtdagsmannen
310 743 100 20 Luoma
428 749 34 14 om
478 743 119 20 inrättande
614 743 21 20 af
649 745 29 18 ett
694 743 121 26 fyrklassigt
831 743 83 26 lyceum

89 772 6 20 i
113 771 64 22 Kemi
194 772 59 25 stad;
270 773 20 23 5)
306 772 21 20 af
342 771 205 27 landtdagsmannen
560 771 106 21 Hoikka
678 771 105 27 angående
797 772 118 20 inrättande

91 801 21 19 af
132 801 111 20 enahanda
258 800 94 21 läroverk
369 801 6 19 i
391 800 81 21 Torneå
480 800 64 28 stad;
560 800 22 27 6)
598 800 21 21 af
635 800 203 27 landtdagsmännen
855 799 60 21 Bru-

89 829 54 20 sila
166 829 39 20 och
228 829 85 20 Wärri
335 835 34 14 om
393 829 35 21 det
450 829 6 20 i
473 829 47 20 Åbo
537 829 103 20 inrättade
657 828 80 27 privata
752 828 68 21 finska
836 828 79 27 lyceets

89 857 151 27 öfvertagande
263 858 20 19 af
299 860 76 23 staten;
394 859 19 24 7)
428 857 22 21 af
465 857 206 27 landtdagsmännen
687 857 174 21 Hannuksela
877 857 37 20 och

89 885 161 28 Lagerstedt
265 888 30 19 att
310 886 64 21 Wasa
389 886 68 21 finska
474 886 152 27 privatlyceum
644 885 63 21 mätte
723 886 21 20 af
754 885 106 21 allmänna
873 892 43 14 me-

90 914 32 21 del
158 914 91 21 tilldelas
284 917 29 18 ett
347 915 114 20 understöd
496 915 20 20 af
550 915 62 26 4,000
651 915 57 19 mark
745 913 33 22 för
795 915 70 26 hvarje
896 914 21 21 af

89 943 58 26 lägre
175 946 54 17 samt
252 943 61 25 5,000
339 944 58 19 mark
426 944 32 20 för
484 944 51 19 hvar
561 943 38 20 och
623 949 25 14 en
674 943 21 20 af
710 943 47 20 dess
774 943 63 26 högre
862 943 54 20 klas-

90 978 33 14 ser
155 974 54 18 samt
243 974 30 18 att
308 972 118 20 läroverket
461 972 65 20 sedan
562 972 35 20 det
627 971 101 21 utbildats
757 971 30 21 till
819 971 97 21 fullstän-

91 1000 44 27 digt
157 1000 122 27 sjuklassigt
301 1000 83 27 lyceum
407 1000 119 27 öfvertoges
542 1001 20 19 af
577 1002 81 23 staten;
674 1001 21 24 8)
711 1000 21 20 af
747 1000 170 27 landtdagsman-

92 1035 39 14 nen
155 1028 130 21 Heikura
308 1031 46 18 med
378 1029 50 20 flere
448 1035 33 14 om
504 1029 124 26 utvidgning
644 1029 20 20 af
679 1028 96 21 Joensuu
791 1029 126 26 fyrklassiga

90 1057 84 26 lyceum
191 1057 31 20 till
237 1057 133 27 fullständigt
385 1057 105 26 läroverk;
515 1058 19 24 9)
546 1058 20 19 af
576 1057 204 27 landtdagsmannen
792 1058 19 19 A
821 1057 95 20 vellan

91 1088 30 18 att
143 1086 6 19 i
170 1085 69 21 stället
255 1086 32 20 för
302 1086 21 20 af
338 1086 118 21 Ständerna
473 1086 33 20 vid
524 1089 83 18 senaste
623 1085 102 26 landtdag
739 1086 119 26 föreslagna
874 1085 43 26 fyr-

91 1113 91 27 klassiga
206 1114 82 26 lyceum
313 1115 6 19 i
340 1115 132 26 Björneborg
495 1117 29 18 ett
546 1114 134 27 fullständigt
702 1114 83 25 lyceum
809 1114 108 21 därstädes

92 1142 68 21 blefve
183 1143 110 26 inrättadt;
316 1143 33 26 10)
373 1143 20 20 af
417 1143 205 24 landtdagsmännen
638 1143 116 20 Brusila
769 1143 38 20 och
824 1142 93 21 Wärri

90 1171 110 26 angäende
223 1177 25 14 en
270 1171 123 28 fullständig
408 1171 54 21 finsk
482 1171 217 21 fruntimmersskolas
713 1171 120 21 inrättande
848 1171 5 20 i
869 1165 48 27 Äbo

91 1199 55 26 stad;
172 1201 33 24 11)
235 1200 21 20 af
279 1200 204 27 landtdagsmannen
508 1200 122 21 Foudila
653 1200 109 26 angående
785 1202 79 19 statens
887 1200 30 20 öf-

93 1228 126 26 vertagande
243 1229 20 20 af
286 1229 80 27 privata
388 1229 68 20 finska
480 1229 218 20 fruntimmersskolan
720 1229 5 19 i
742 1228 107 27 Uleäborg
863 1230 55 19 samt

92 1257 47 20 dess
163 1258 126 26 utvidgning
313 1258 29 20 till
359 1260 30 18 ett
403 1258 134 26 fullständigt
553 1258 63 26 högre
632 1258 105 25 läroverk;
763 1257 34 25 12)
813 1258 22 20 af
849 1257 68 21 landt-

92 1285 143 27 dagsmännen
259 1286 91 25 Häkli,
369 1286 131 21 Junnola
522 1286 48 20 med
591 1286 51 21 flere
664 1293 33 13 om
714 1292 26 14 en
757 1286 52 26 ärlig
824 1285 92 21 subven-

92 1314 42 20 tion
142 1314 21 20 af
171 1314 62 26 2,500
241 1315 34 20 mk
285 1321 36 20 per
329 1314 55 21 klass
395 1315 32 20 för
438 1315 82 26 privata
528 1314 219 21 fruntimmersskolan
758 1314 3 20 i
770 1314 88 27 Wiborg
867 1314 51 21 eller

92 1344 30 19 att
143 1345 67 18 staten
233 1343 44 21 helt
292 1344 37 20 och
347 1344 64 20 hället
426 1344 109 25 öfvertoge
551 1344 133 24 densamma;
710 1344 34 25 13)
761 1343 20 20 af
796 1343 121 26 landtdags-

92 1377 91 14 mannen
207 1372 124 20 Avellan
348 1372 110 27 angående
474 1372 124 20 tilldelande
617 1372 21 20 af
653 1372 120 26 tillräckligt
788 1372 130 20 statsunder-

91 1400 46 20 stöd
148 1399 21 21 ät
179 1399 68 21 finska
256 1400 218 21 fruntimmersskolan
485 1402 5 19 i
500 1400 138 27 Björneborg;
648 1401 33 24 14)
692 1400 17 20 af
714 1400 203 27 landtdagsmannen

92 1428 131 21 Laitinen
240 1429 109 26 angående
366 1429 120 21 inrättande
502 1430 22 20 af
534 1436 25 14 en
571 1429 113 27 sjuklassig
696 1429 54 20 finsk
764 1429 154 20 fruntimmers-

92 1456 58 21 skola
173 1457 5 19 i
201 1456 84 28 Kuopio
301 1458 38 20 och
356 1458 131 26 indragande
504 1458 20 20 af
540 1457 94 27 anslaget
650 1458 32 20 för
697 1458 40 20 den
754 1458 90 20 svenska
860 1457 58 20 frun-

92 1486 169 20 timmersskolan
292 1486 117 26 —derstädes;
440 1486 35 26 15)
502 1487 20 19 af
546 1486 202 26 landtdagsmännen
772 1486 146 25 Svedberg

92 1514 38 20 och
153 1514 68 20 Keto
245 1521 33 14 om
302 1515 119 20 inrättande
442 1515 20 20 af
478 1522 26 13 en
523 1512 185 23 landtbruksskola
725 1514 46 21 med
787 1514 82 21 finskan
886 1514 31 20 till
