1117 1781
291 124 163 18 Presteståndet
467 126 59 16 1882.
552 126 23 16 14
588 125 98 17 februari.
832 120 41 20 207

76 195 74 25 funnit,
167 195 100 20 hurusom
283 200 76 20 genom
374 194 144 25 judendomen
534 193 60 22 såväl
610 194 26 21 de
651 194 116 21 nationella
776 195 38 20 och
823 194 80 21 sociala

76 229 44 16 som
140 223 25 20 de
182 222 75 21 idéella
276 222 119 22 intressena
410 223 53 20 stått
479 223 27 26 på
522 223 51 26 spel.
605 222 106 22 Särskildt
727 223 38 20 har
781 229 47 14 man
845 223 5 21 i
867 223 36 21 det

76 251 56 26 land,
154 251 108 20 hvarifrån
285 251 33 21 för
340 252 25 20 10
381 251 24 21 år
420 251 65 21 sedan
502 251 39 21 den
557 251 101 27 politiska
674 251 142 21 liberalismen
833 252 6 20 i
855 251 48 21 vårt

76 280 49 21 land
141 280 126 20 härutinnan
284 282 37 23 tog
335 280 38 20 sitt
390 279 114 26 föredöme,
522 280 67 21 under
604 280 26 21 de
646 280 51 21 sista
713 280 50 21 åren
779 280 89 21 skördat
876 285 26 16 en

75 309 65 20 bitter
156 308 57 21 frukt
221 308 22 21 af
251 308 24 21 de
290 308 53 24 frön,
362 314 45 15 som
422 308 26 21 dä
464 309 150 20 obetänksamt
629 309 84 20 såddes.
744 309 34 20 Nu
793 311 24 18 är
832 309 69 21 deten

75 337 22 21 af
112 337 25 21 de
152 339 54 18 mest
221 336 104 22 svårlösta
341 337 40 21 och
397 337 123 21 brännande
536 337 100 26 frågorna
651 349 17 3 —
679 337 132 26 judefrågan.
827 337 76 21 Denna

76 366 39 21 har
137 366 52 25 icke,
212 365 69 22 såsom
304 366 166 25 petitionärerne
494 366 112 25 förmenat,
629 366 133 26 uppkommit
784 372 75 19 genom
876 365 27 21 de

76 394 93 21 kristnas
184 394 113 21 inhumana
313 394 183 26 ofördragsamhet
512 397 57 18 emot
582 394 98 26 judarne,
696 396 21 25 ty
735 394 83 21 hvarför
833 393 68 22 skulle

77 423 26 21 de
126 429 26 14 nu
177 422 67 21 blifvit
267 423 24 21 så
307 422 189 27 ofördragsamma,
517 423 26 20 då
559 423 26 20 de
601 423 33 20 för
651 424 25 19 15
693 423 24 20 år
731 423 65 20 sedan
812 429 51 15 voro
879 423 24 20 så

76 451 145 26 undfallande,
235 454 32 18 att
283 451 26 20 de
324 451 61 26 gåfvo
403 451 45 21 dem
466 451 170 26 medborgerliga
647 451 133 26 rättigheter,
796 453 51 20 utan
861 452 41 20 den

77 481 39 20 har
131 480 132 27 uppkommit
280 480 128 26 derigenom,
425 482 32 19 att
470 480 91 27 judarne
577 486 27 15 nu
622 481 95 26 begagna
725 480 32 21 sin
767 486 68 15 vunna
843 479 58 22 ställ-

77 509 56 26 ning,
157 509 46 20 icke
219 508 23 21 så
258 510 32 19 att
305 509 26 20 de
348 509 104 20 tacksamt
468 509 68 20 skulle
552 509 95 20 erkänna
667 509 25 20 de
708 508 92 21 fördelar
816 509 25 21 de
856 509 47 26 fått,

76 540 51 18 utan
151 537 24 21 så
197 539 32 18 att
253 537 32 24 de,
301 537 61 21 ledda
381 537 22 20 af
418 537 31 21 sin
467 541 44 17 mot
527 537 159 22 kristendomen
702 537 201 27 grundväsendtliga

77 566 117 26 fiendskap,
217 566 52 21 söka
293 566 48 20 med
366 565 41 21 alla
431 566 26 21 de
476 566 75 24 medel,
568 572 44 15 som
629 566 34 21 stå
679 566 47 21 dem
742 565 33 21 till
791 566 60 24 buds,
867 566 35 20 be-

77 595 88 20 herrska
188 594 57 21 såväl
261 595 39 20 den
323 594 100 27 politiska
438 594 128 22 situationen
582 601 45 14 som
644 594 60 21 äfven
720 595 39 20 den
776 594 125 27 borgerliga.

78 623 80 22 Genom
175 623 25 21 de
216 623 127 25 rikedomar,
361 623 26 20 de
403 623 66 26 hopat
485 623 22 21 åt
522 623 38 26 sig,
576 623 74 21 kunna
666 623 25 21 de
702 623 64 22 också
774 624 81 21 erhålla
863 623 39 21 och

77 652 63 21 hafva
165 652 64 20 redan
252 651 85 22 erhållit
358 652 40 20 den
422 652 137 26 tongifvande
580 653 106 20 stämman
709 653 31 20 uti
763 654 75 19 nästan
854 652 47 21 hela

75 680 162 27 journalistiken
253 681 6 20 i
276 680 113 27 Tyskland,
413 681 23 20 så
459 682 33 20 att
507 681 36 20 det
558 680 68 21 finnes
642 681 20 20 få
679 680 48 22 blad
743 687 44 14 som
804 681 45 20 icke
865 682 37 19 äro

78 709 113 22 besoldade
215 709 22 21 af
256 709 68 26 judar,
347 709 39 21 och
402 709 6 20 i
425 709 40 20 den
484 709 143 27 kulturkamp,
644 715 45 16 som
705 710 6 20 i
727 709 106 27 Tyskland
849 709 54 21 före-

78 738 94 25 kommit,
189 737 38 21 har
243 738 40 21 den
296 737 86 27 judiska
397 743 87 21 pressen
500 738 39 21 och
556 738 40 21 den
612 737 22 22 af
646 738 63 27 judar
719 738 113 21 besoldade
845 743 56 21 pres-

78 773 37 15 sen
130 767 30 20 uti
176 766 163 27 hänsynslöshet
354 766 45 27 gått
415 767 24 20 så
456 767 59 26 långt
531 767 6 20 i
553 767 46 20 sina
612 766 64 21 anfall
693 767 37 20 och
741 767 32 20 sin
784 766 53 21 ilska
845 768 58 19 emot

78 795 165 25 kristendomen,
267 797 31 18 att
321 795 36 20 det
378 794 126 27 öfverstiger
528 795 38 21 allt
589 795 100 26 begrepp.
719 795 41 27 Jag
782 795 39 21 har
836 794 22 21 af
872 795 31 20 in-

78 827 67 18 tresse
160 823 32 21 för
208 824 25 21 de
251 823 52 24 inre,
319 823 101 21 särskildt
437 823 26 21 de
484 823 96 28 kyrkliga
597 823 161 22 förhållandena
773 823 6 21 i
795 823 107 27 Tyskland

78 852 54 27 tagit
147 854 98 19 närmare
260 852 118 21 kännedom
395 858 33 15 om
445 853 69 20 denna
536 852 52 21 strid
605 852 40 21 och
661 853 38 20 har
715 852 71 21 derför
802 851 44 22 dels
862 852 41 21 läst

78 881 52 22 eller
152 880 128 21 åtminstone
304 881 29 20 uti
350 881 67 20 andra
435 881 87 21 skrifter
537 883 42 19 sett
596 881 77 26 utdrag
689 887 24 15 ur
729 881 25 20 de
771 883 53 19 mest
840 880 63 21 fram-

78 909 87 22 stående
189 909 61 26 tyska
265 909 114 26 tidningar,
397 909 21 26 ja
434 909 63 21 äfven
513 909 87 24 sådana,
615 915 45 16 som
676 909 100 22 särskildt
791 908 112 22 framhålla

79 941 33 18 att
134 938 25 21 de
183 937 95 22 försvara
294 938 35 21 det
345 937 88 22 liberala
449 938 203 21 framåtskridandet
668 938 39 21 och
724 939 5 20 i
745 938 96 26 förening
856 938 47 20 der-

79 967 48 21 med
140 967 150 26 judendomen.
321 967 148 20 Judendomen
486 966 48 27 sjelf
548 967 65 21 andas
624 967 147 25 segervissbet.
802 966 27 21 Sä
841 965 62 22 skrif-

78 1002 37 15 ver
130 1001 26 15 en
172 995 21 20 af
208 995 25 21 de
249 994 116 22 förnämsta
381 994 99 22 rabbiner
496 995 6 21 i
518 995 107 27 Tyskland
641 996 30 20 uti
682 995 32 21 sin
725 995 103 21 tidskrift:
845 1011 10 8 ,,
858 994 45 21 Allt

79 1025 36 20 det
137 1029 44 16 som
199 1025 24 19 är
243 1023 90 26 verkligt
356 1023 83 21 bildadt
462 1023 64 22 bland
550 1024 26 21 de
599 1024 80 21 kristne
696 1026 23 19 är
735 1030 48 15 ense
798 1023 48 21 med
861 1029 42 15 oss.

78 1053 32 21 De
127 1053 70 20 kunna
213 1051 44 22 lika
272 1052 33 21 väl
321 1058 44 15 som
382 1052 21 21 vi
418 1052 90 21 umbära
525 1052 90 25 Kristus,
632 1053 47 20 Han
694 1052 99 21 behöfves
802 1053 45 20 icke
859 1057 45 15 mer

79 1081 32 22 för
127 1081 46 21 dem
190 1083 27 19 än
233 1081 32 20 för
281 1087 33 15 oss
330 1081 73 21 heller.
432 1081 124 21 Framtiden
573 1081 74 21 tillhör
662 1081 71 21 derför
749 1087 39 20 oss,
797 1081 19 20 vi
832 1085 71 22 repre-

79 1112 84 19 sentera
178 1109 151 27 intelligensen,
346 1109 19 21 vi
381 1109 117 22 beherrska
518 1110 149 27 vetenskapen,
684 1110 19 20 vi
719 1109 61 22 hafva
795 1114 86 22 pressen
897 1108 6 21 i

80 1139 50 20 våra
145 1138 80 21 händer
241 1138 39 21 och
297 1138 70 21 derför
382 1138 97 21 kommer
495 1139 36 20 vår
547 1139 99 26 religiösa
656 1138 134 27 uppfattning
799 1140 31 19 att
839 1137 65 21 blifva

79 1167 39 21 den
143 1167 114 21 rådande".
289 1167 41 20 Det
353 1169 24 18 är
399 1167 18 26 ej
434 1173 59 14 mera
509 1167 68 26 någon
594 1167 115 26 hemlighet
725 1169 31 19 att
771 1167 54 21 både
840 1166 7 21 i
863 1165 40 22 den

78 1196 62 27 tyska
155 1201 86 21 pressen
257 1195 39 21 och
312 1195 133 22 litteraturen
459 1195 93 26 judarne
567 1196 27 26 gå
607 1197 99 25 ispetsen
715 1195 32 21 för
754 1195 150 21 kristendoms-

78 1223 185 27 fiendtligheterna
279 1224 38 21 och
334 1226 31 19 att
381 1224 38 21 der
431 1226 60 19 stora
502 1225 183 26 vetenskapsmän,
696 1224 60 21 äfven
766 1224 80 21 sådana
857 1229 46 14 som

78 1253 38 21 allt
132 1255 55 19 ännu
203 1253 50 26 vilja
269 1252 84 22 behålla
369 1253 36 21 det
420 1253 84 21 kristna
515 1256 92 23 namnet,
619 1253 86 27 springa
715 1252 53 22 efter
781 1253 61 21 deras
853 1252 50 20 lina.

147 1282 42 20 Det
212 1282 67 21 måste
303 1282 71 20 derför
397 1281 90 21 förvåna
508 1284 32 18 att
562 1282 26 21 de
604 1282 65 20 ärade
684 1282 170 26 petitionärerne,
871 1279 33 21 för

78 1310 81 21 hvilkas
176 1310 55 21 både
253 1310 88 26 insigter
364 1310 39 21 och
424 1310 84 21 lärdom
522 1310 37 27 jag
574 1311 39 21 har
629 1316 24 15 en
670 1312 45 19 stor
731 1310 92 26 aktning,
839 1308 65 22 likväl

77 1339 74 27 tyckas
166 1339 24 21 så
205 1339 63 27 ytligt
283 1339 63 21 hafva
361 1339 55 26 tagit
431 1339 121 21 kännedom
568 1346 33 14 om
619 1340 40 20 den
676 1339 69 27 frågas
761 1338 93 22 innersta
868 1337 36 21 be-

78 1367 87 27 tydelse,
189 1373 45 15 som
255 1368 36 21 det
307 1368 38 20 här
360 1367 120 27 egentligen
497 1367 73 27 gäller.
600 1368 32 20 De
648 1368 54 20 fatta
718 1368 67 20 denna
801 1366 54 22 blott
870 1366 33 21 så-

78 1402 44 15 som
147 1402 25 15 en
195 1396 169 22 humanitetssak
385 1396 39 21 och
448 1396 75 27 tyckas
541 1398 84 25 antaga,
648 1398 33 19 att
701 1396 84 26 frågans
800 1394 104 27 lösning
892 1390 15 37 i

78 1425 40 21 den
141 1424 99 27 riktning,
265 1431 45 15 som
334 1425 25 21 de
380 1425 73 25 önska,
469 1425 70 21 skulle
554 1425 102 21 innebära
671 1425 48 26 inga
735 1424 169 26 betänkligheter

77 1454 33 20 för
124 1454 47 20 vårt
187 1453 56 21 land.
274 1454 31 20 De
321 1453 57 21 finna
393 1454 46 21 icke
455 1456 33 18 att
504 1454 6 20 i
525 1453 107 28 Tyskland
648 1454 40 20 den
704 1453 154 21 antisemitiska
868 1453 35 20 rö-

76 1482 76 26 relsen,
177 1488 33 14 om
235 1482 40 21 den
298 1482 64 21 också
384 1482 38 21 här
442 1482 40 21 och
500 1482 37 21 der
552 1482 54 21 visat
621 1482 111 21 tadelvärd
747 1480 156 25 lidelsefullhet,

77 1510 64 22 likväl
164 1512 24 19 är
210 1517 25 15 en
252 1511 6 20 i
273 1511 161 21 förhållandena
457 1510 99 27 liggande
572 1510 120 27 nödvändig
707 1510 97 21 reaktion
820 1510 33 21 till
868 1510 36 20 det
