1117 1781
215 120 42 20 518
420 123 162 18 Presteståndet
594 124 56 17 1882.
675 124 24 16 18
711 128 62 12 mars.

326 283 112 27 Samma
456 284 56 33 dag
529 283 39 27 kl.
587 284 17 26 5
622 284 74 26 efter
713 284 162 33 middagen.

243 346 41 21 Vid
301 347 80 21 anstält
391 353 81 21 upprop
485 347 105 22 befunnos
601 347 42 22 alla
653 347 218 22 Ståndsmedlemmar
881 347 132 21 närvarande

186 375 49 21 med
251 375 108 27 undantag
375 376 22 20 af
411 376 137 26 domprosten
564 376 118 21 Renvall
698 376 39 21 och
753 376 119 26 vicepastor
887 375 125 21 Wester-

187 404 78 25 lund,
285 404 72 27 hvilka
373 405 47 20 med
436 405 101 21 Ståndets
552 405 95 21 tillstånd
663 411 50 14 voro
729 404 148 26 frånvarande,
894 407 55 18 samt
965 404 49 27 kyr-

186 432 109 22 koherden
311 433 84 21 Öller
410 433 38 21 och
460 433 119 27 vicepastor
616 433 170 24 Schroderus,
802 433 73 21 hvilka
884 433 24 21 af
916 433 97 27 sjukdom

187 461 110 22 anmäldes
314 468 51 14 vara
381 461 138 22 förhindrade
534 464 32 19 att
581 462 79 21 infinna
676 463 37 25 sig.

256 593 40 21 Till
309 593 91 21 Ståndet
415 593 53 22 hade
484 593 118 25 inkommit,
613 593 124 27 föredrogos
753 593 40 22 och
803 594 59 21 lades
873 593 32 21 till
917 592 97 22 handlin-

187 628 66 19 garna
269 621 198 28 protokollsutdrag
482 622 47 21 från
544 622 161 21 Bondeståndet
721 623 47 20 med
784 621 156 22 underrättelse

257 681 32 18 att
305 679 90 21 Ståndet
410 679 103 26 enhälligt
528 679 94 27 godkänt
638 679 107 21 allmänna
760 679 204 21 besvärsutskottets
980 678 34 21 be-

187 707 108 21 tänkande
311 707 40 21 N:o
367 710 13 18 4
395 707 110 28 angående
518 710 29 19 ett
563 708 6 20 i
585 708 161 21 Presteständet
761 708 63 21 väckt
835 706 179 28 petitionsförslas

188 743 34 14 om
247 736 89 26 ändring
351 736 23 21 af
387 736 11 26 $
416 738 24 19 14
456 736 7 21 i
478 736 78 27 nådiga
570 736 149 27 förordningen
735 737 22 20 af
772 737 40 20 den
830 737 55 20 11:te
901 735 40 27 maj
960 735 53 21 1866

188 765 92 20 rörande
297 765 143 26 organisation
456 765 22 21 af
493 765 208 21 folkskoleväsöndet
715 765 7 20 i
737 765 104 26 Finland
831 761 13 35 ;

257 824 33 19 att
306 821 89 22 Ständet
410 822 95 26 godkänt
518 822 151 26 lagutskottets
685 822 136 21 betänkande
837 821 40 22 N:o
892 823 13 19 4
921 821 6 20 i
943 821 70 21 anled-

187 850 51 27 ning
261 850 24 21 af
306 851 60 20 Hans
387 850 118 27 Kejserliga
527 850 112 27 Majestäts
660 851 77 26 nädiga
755 851 134 26 proposition
906 849 108 27 angäende

187 879 151 26 upphäfvande
353 879 22 21 af
389 879 55 21 vissa
456 879 131 26 stadganden
603 880 90 20 rörande
708 879 124 26 skatteköp;

259 938 33 19 att
307 936 90 21 Ständet
413 937 33 20 vid
462 936 150 27 föredragning
628 937 22 20 af
664 937 153 26 lagutskottets
829 936 134 21 betänkande
974 935 39 21 N:o

188 966 12 19 2
217 965 6 21 i
240 965 114 26 anledning
369 965 23 21 af
406 965 59 21 Hans
480 965 118 26 Kejserliga
613 965 111 26 Majestäts
740 965 77 27 nådiga
831 964 130 27 proposition
977 970 37 14 an-

187 993 84 26 gäende
294 993 121 27 inteckning
435 993 6 21 i
465 994 124 21 mekaniska
611 994 39 21 och
669 993 126 22 industriela
810 993 52 22 verk
877 995 56 19 samt
947 993 67 20 andra

188 1022 49 21 med
261 1023 47 20 dem
331 1021 105 22 likartade
456 1022 148 27 inrättningar,
621 1022 86 21 beslutit
722 1025 33 18 att
769 1023 50 20 med
834 1021 180 22 underkännande

188 1050 23 21 af
224 1050 240 22 utskottsbetänkandet
480 1051 61 26 lägga
556 1051 40 21 den
611 1051 77 26 nädiga
703 1051 132 27 proposition
851 1050 32 21 till
898 1050 67 27 grund
982 1050 32 21 för

188 1079 154 24 diskussionen,
359 1079 105 22 hvarefter
480 1079 90 22 Ständet
584 1080 63 21 skred
664 1079 32 21 till
710 1079 131 27 granskning
857 1079 21 21 af
887 1079 126 26 propositio-

189 1114 52 15 nens
257 1107 217 28 författningsförslag
489 1108 138 27 paragrafvis,
643 1108 88 21 hvarvid

260 1166 53 20 1:sta
335 1171 62 14 mom.
421 1165 22 21 af
464 1167 52 18 1:sta
538 1165 127 27 paragrafen
689 1167 74 24 antogs
780 1165 47 20 med
843 1164 110 21 obestridd
967 1164 47 27 plu-

188 1193 85 26 ralitet
265 1189 13 35 ;

257 1251 61 21 2:dra
340 1257 63 15 mom.
426 1253 32 19 att
480 1257 80 15 samma
576 1251 101 26 paragraf
690 1250 158 22 utmönstrades
865 1256 75 20 genom
957 1252 57 18 vote-

188 1286 48 19 ring
252 1279 49 21 med
317 1280 26 20 28
360 1280 68 20 röster
442 1282 45 18 mot
505 1280 37 25 17;

259 1338 11 19 2
295 1338 12 25 $
330 1336 53 22 efter
406 1343 24 15 en
454 1336 84 22 kortare
562 1337 119 21 diskussion
700 1339 55 19 samt
771 1338 20 24 3,
807 1337 12 19 4
835 1336 40 21 och
890 1336 12 20 5
919 1336 26 26 $$
963 1338 50 18 utan

188 1365 121 21 diskussion
325 1365 132 27 godkändes;

259 1422 39 22 och
323 1422 68 21 skulle
407 1422 87 22 ärendet
508 1422 168 22 äterremitteras
692 1422 32 22 till
739 1422 147 26 lagutskottet,
901 1427 45 15 som
962 1420 52 28 egde

188 1450 81 27 afgifva
287 1450 80 27 förslag
383 1451 18 27 ej
417 1451 81 21 mindre
514 1451 32 21 till
562 1451 88 27 lämplig
665 1451 81 27 ingress
761 1451 35 21 till
811 1450 160 26 författningen,
987 1450 27 20 än

188 1479 33 21 till
244 1480 77 21 sådant
343 1479 119 27 siluttillägg
477 1482 33 18 att
524 1480 120 21 Ständerna
659 1479 130 22 öfverlemna
804 1479 23 21 ät
842 1478 125 27 regeringen
983 1480 31 18 att

189 1507 126 27 bestämma,
331 1510 38 19 när
385 1508 149 27 förordningen
550 1508 54 21 skall
620 1508 63 22 träda
697 1508 4 20 i
713 1508 99 26 gällande
823 1507 64 26 kraft,
899 1507 116 26 hvarjemte
