1117 1781
225 116 41 20 206
413 120 163 18 Presteståndet
590 121 58 17 1882.
674 122 23 17 14
710 122 99 17 februari.

195 199 27 18 än
247 196 81 21 hälften
352 195 22 22 af
393 195 99 28 Europas
514 195 99 28 samtliga
632 196 70 27 judar,
720 196 140 27 förekomma,
877 198 73 25 tyckas
965 196 61 22 äfven

195 225 169 27 petitionärerne
379 231 47 19 ana,
442 227 51 18 utan
510 227 31 18 att
557 225 54 21 dock
627 225 43 21 deri
688 232 33 14 ses
737 225 71 27 någon
824 225 51 21 fara.
904 225 73 21 Ehuru
994 225 32 21 så-

196 254 59 21 ledes
278 253 206 27 petitionsförslaget
506 253 75 21 endast
600 259 62 22 synes
678 253 68 28 åsyfta
762 254 27 21 de
804 260 102 20 personer
921 253 22 22 af
955 253 71 27 judisk

195 285 62 22 stam,
275 288 44 15 som
335 282 67 21 redan
418 281 68 22 finnas
501 281 7 21 i
524 281 79 25 landet,
620 282 76 21 blifver
712 283 41 20 den
769 281 112 28 sjelffallna
897 283 129 26 konseqven-

195 317 44 19 sen,
255 312 31 19 att
302 310 61 21 äfven
381 310 25 21 de
421 310 121 21 sedermera
559 311 129 21 invandrade
705 311 73 21 fordra
793 311 40 21 och
850 311 81 21 erhålla
945 317 81 14 samma

195 339 129 26 rättigheter
339 345 45 15 som
401 339 62 21 deras
478 339 180 22 stamförvandter
674 339 93 25 erhållit,
785 340 24 21 så
825 339 84 27 mycket
925 345 44 15 mer
980 345 44 16 som

196 368 37 21 det
249 367 18 28 ej
283 369 24 20 är
323 370 32 19 att
371 367 101 26 förmoda,
489 369 32 19 att
534 369 23 25 ju
574 368 46 21 icke
636 369 26 20 de
679 375 75 14 senare
770 368 130 21 invandrade
916 368 68 21 skulle
992 370 33 19 ut-

196 397 75 21 märka
294 396 32 27 sig
349 402 75 21 genom
447 402 81 15 samma
552 397 83 26 husliga
658 397 81 27 dygder
763 403 44 14 som
833 397 26 20 de
874 396 54 21 ifrån
945 403 80 14 samma

195 425 180 22 mönstertrakter
398 425 56 20 förut
477 425 31 20 hit
531 425 107 21 inkomna.
669 426 28 21 Så
719 425 44 22 helt
779 425 62 21 torde
857 425 36 21 det
909 425 53 21 dock
977 425 47 20 icke

196 461 51 14 vara
269 454 48 21 med
341 454 40 20 den
403 453 131 22 härvarande
555 453 85 27 judiska
660 454 162 27 befolkningens
837 453 140 26 föredömliga
993 453 31 26 lif,

196 489 45 15 som
264 482 166 27 petitionärerne
453 482 50 26 vilja
522 482 43 21 låta
580 482 90 27 päskina.
707 483 69 21 Afven
789 483 37 26 jag
843 483 80 20 känner
939 484 31 19 ett
985 482 39 21 och

197 515 66 17 annat
278 511 6 21 i
300 512 36 20 det
359 511 109 20 afseendet
483 511 53 20 ifrån
554 511 39 20 den
610 514 40 23 ort,
668 511 37 22 der
718 511 37 26 jag
771 511 39 21 har
826 511 41 20 min
885 510 139 21 verksamhet.

196 540 50 21 Med
262 539 82 27 hänsyn
360 539 101 27 derjemte
478 539 31 21 till
525 539 35 21 det
577 540 60 21 lands
653 540 39 21 och
709 540 34 21 det
761 539 55 22 folks
833 539 93 26 framtid,
944 539 80 21 hvilket

193 570 38 25 jag
255 569 18 26 ej
297 568 55 21 blott
374 567 126 27 lekamligen
522 570 51 19 utan
597 569 47 20 med
668 568 47 21 hela
736 569 42 20 min
795 567 50 27 själs
861 568 74 21 kärlek
951 567 73 22 tillhör

196 597 81 26 nödgas
291 597 37 26 jag
344 599 100 18 motsätta
459 597 42 26 mig
516 597 36 21 det
566 596 109 28 förelagda
690 596 248 27 petitionsmemorialets
949 595 74 22 remiss

197 625 31 22 till
245 625 84 22 utskott
345 625 40 21 och
401 625 95 21 anhåller
511 628 31 18 att
559 626 35 21 det
610 625 31 21 till
657 626 62 25 ingen
735 625 78 26 åtgärd
829 625 65 21 måtte
907 625 114 21 föranleda.

196 655 43 20 Det
255 655 23 20 är
294 654 104 26 nemligen
415 653 58 22 fallet
489 654 46 20 med
552 654 40 21 den
606 654 85 26 judiska
707 654 150 25 befolkningen
872 656 31 19 att
915 653 39 22 den
965 654 59 26 inga-

195 683 66 21 lunda
284 682 131 22 fortfarande
438 683 56 20 visar
516 683 32 26 sig
570 683 23 20 så
609 683 88 20 alldeles
713 683 103 26 oskyldig,
833 683 38 20 der
886 683 40 20 den
935 688 25 15 en
969 682 55 26 gång

196 711 83 28 lyckats
301 711 94 21 innästla
417 711 31 26 sig
464 711 6 20 i
486 713 30 18 ett
533 711 55 21 land.
619 711 40 21 Det
675 712 116 26 genomgår
807 711 36 20 det
856 711 85 26 judiska
957 710 67 21 folket

197 740 117 26 någonting
330 746 45 14 som
391 741 38 24 gör
445 739 35 21 det
502 739 87 21 alldeles
605 740 96 27 omöjligt
717 743 32 18 att
765 739 107 22 införlifva
888 740 31 25 sig
935 739 47 20 med
998 745 25 14 en

197 775 71 16 annan
292 769 79 20 nation.
401 767 103 22 Judarnes
527 768 49 21 hela
591 768 195 27 verldsåskådning,
803 768 48 21 hela
867 768 61 21 deras
944 767 80 26 sedliga

196 797 137 28 uppfattning
355 799 23 18 är
402 796 44 21 helt
468 803 68 14 annan
560 799 25 18 än
603 798 39 20 den
659 803 44 15 som
720 799 24 19 är
761 797 52 21 eller
829 796 75 21 hittills
920 796 55 20 varit
991 796 32 20 rå-

197 827 69 20 dande
283 826 56 21 inom
356 825 25 21 de
397 825 125 26 europeiska
537 828 96 19 staterna
649 826 39 21 och
704 832 45 15 som
765 825 161 21 kristendomen
943 824 79 27 bjuder.

196 855 33 21 De
245 855 62 20 hafva
323 854 46 21 icke
385 853 35 21 det
437 854 105 21 allmänna
557 854 159 25 kärleksbudet,
733 857 32 18 att
782 860 48 15 man
847 854 54 20 skall
917 853 60 21 älska
992 853 32 20 sin

197 885 61 20 nästa
274 886 70 18 säsom
360 883 31 26 sig
406 882 53 27 sjeif,
476 891 32 12 vw
525 889 48 14 inan
590 883 104 26 nemligen
711 883 48 21 med
776 883 31 20 sin
824 884 61 19 nästa
896 881 77 21 förstår
982 881 41 21 alla

197 912 128 21 menniskor.
349 911 50 21 Med
415 927 4 8 ,
421 912 81 23 nästa"
520 911 67 21 förstå
603 912 25 20 de
638 911 74 21 endast
721 912 46 20 sina
777 917 54 20 egna
841 910 182 21 stamförvandter.

265 941 44 20 Det
332 940 60 20 heter
415 941 56 19 ännu
494 939 38 22 hos
556 940 46 21 dem
627 957 4 9 ,
635 940 34 25 du
692 940 53 21 skall
762 939 60 22 älska
841 940 35 20 din
893 941 66 24 nästa,
976 944 47 15 men

196 969 51 21 hata
271 970 47 24 den,
335 974 44 15 som
396 968 45 21 icke
458 970 23 18 är
497 969 33 20 din
548 971 68 22 nästa,
633 969 27 20 du
676 969 39 21 har
731 971 43 18 rätt
790 971 32 18 att
838 968 52 21 söka
906 967 35 22 din
957 967 66 21 fördel

196 998 27 26 på
247 997 118 22 bekostnad
388 997 21 20 af
431 997 46 25 den,
500 1003 45 15 som
561 997 47 21 icke
624 999 22 19 är
663 998 35 20 din
714 998 77 20 nästa".
831 997 31 20 De
878 997 98 20 nedsätta
992 995 32 26 sig

197 1026 64 21 alltså
277 1027 5 20 i
299 1028 31 19 ett
353 1025 48 21 land
425 1025 47 21 med
490 1025 51 22 fulla
557 1026 78 21 tanken
652 1027 33 26 på,
702 1028 32 19 att
750 1027 26 20 de
793 1027 76 24 utgöra
885 1031 24 14 en
926 1023 96 26 särskild,

197 1055 59 21 öfver
279 1055 43 20 alla
344 1055 67 20 andra
432 1054 87 21 stäende
542 1055 134 21 nationalitet
699 1055 39 20 och
763 1055 52 20 böra
831 1054 68 21 säsom
917 1059 25 14 en
957 1053 66 21 sädan

197 1083 106 28 bibehälla
317 1083 37 26 sig.
379 1083 32 20 De
422 1082 54 21 lefva
484 1083 29 20 uti
524 1083 45 20 sina
577 1084 71 25 gamla
657 1083 132 25 traditioner,
797 1083 28 26 ja,
834 1083 5 20 i
849 1085 57 18 stora
916 1081 107 21 framtids-

196 1112 175 27 förhoppningar,
394 1117 44 14 som
462 1111 41 21 alla
528 1111 27 28 gå
571 1114 23 19 ut
610 1112 27 27 pä
654 1112 107 21 materielt
778 1111 86 26 förvärf,
881 1111 32 20 för
929 1113 31 18 att
976 1111 48 20 der-

197 1143 83 25 igenom
304 1147 26 14 en
353 1140 54 27 gång
430 1140 20 21 få
472 1139 134 22 herraväldet
630 1141 58 20 öfver
710 1141 94 20 verlden.
836 1140 46 21 Den
906 1138 118 21 materiella

195 1169 217 24 verldsåskådningen
428 1170 24 19 är
467 1168 38 21 och
521 1170 45 20 står
582 1169 60 21 äfven
658 1169 7 20 i
681 1171 107 19 närmaste
805 1168 103 21 samband
925 1167 47 21 med
988 1167 36 20 de-

195 1205 35 14 ras
253 1198 27 27 på
297 1199 36 20 det
348 1199 57 25 yttre
421 1197 82 21 riktade
519 1198 274 27 messias-förhoppningar.
824 1197 147 21 Judendomen
987 1201 37 21 ge-

195 1227 92 27 nomgås
308 1226 21 21 af
350 1232 25 14 en
395 1225 109 27 principiel
521 1226 117 28 oförsonlig
654 1227 110 26 fiendskap
782 1228 57 19 emot
854 1225 170 21 kristendomens

195 1255 223 27 grundåskådningar;
440 1254 68 21 denna
531 1256 132 26 principiella
686 1255 111 27 fiendskap
814 1256 23 19 är
853 1256 52 19 nära
922 1254 62 24 2,000
1000 1252 24 21 år

194 1285 100 26 gammal,
319 1284 39 20 den
382 1283 87 26 började
491 1284 65 20 redan
572 1284 70 21 såsom
659 1290 25 14 en
700 1284 153 26 förvrängning
869 1283 23 20 af
906 1282 39 21 den
961 1281 63 21 enkla

195 1313 134 24 mosaismen,
353 1312 70 26 gamla
445 1313 147 20 testamentets
612 1313 124 26 judendom,
759 1318 46 15 som
826 1318 37 15 var
879 1310 97 22 bestämd
992 1312 32 19 att

195 1348 51 14 vara
269 1348 26 14 en
317 1340 96 22 förskola
433 1340 32 20 till
484 1341 164 21 kristendomen.
680 1341 41 21 Det
740 1347 39 15 var
795 1341 26 21 de
834 1340 79 22 äldstes
930 1338 92 26 stadgar,

195 1371 36 20 det
255 1376 38 15 var
307 1376 82 15 samma
407 1369 126 27 förvrängda
540 1371 115 24 ”mosaism,
672 1376 44 15 som
733 1369 87 22 Kristus
836 1368 132 26 bekämpade
984 1367 39 21 och

194 1399 64 21 hvars
274 1398 110 26 fiendskap
400 1397 74 26 bragte
490 1398 76 21 honom
584 1400 26 25 på
626 1399 77 21 korset.
735 1399 67 21 Detta
818 1400 23 18 är
857 1396 38 22 allt
911 1398 56 19 ännu
982 1395 41 21 den

193 1428 97 20 rådande
305 1427 133 23 mosaismen,
454 1432 44 15 som
514 1427 46 21 icke
576 1429 24 19 är
615 1427 70 27 gamla
701 1429 156 23 testamentets,
873 1428 52 18 utun
941 1430 25 15 en
975 1424 48 20 kar-

194 1456 83 27 rikatyr
299 1455 22 21 af
344 1456 77 24 denna;
446 1454 34 21 det
495 1457 25 19 är
535 1456 39 20 den
591 1456 23 21 så
629 1456 84 20 kallade
729 1455 131 21 talmudiska
872 1454 150 27 judendomen,

193 1491 46 15 som
256 1485 38 21 vår
309 1484 41 21 tids
363 1483 63 27 judar
442 1483 56 27 hylla
514 1484 40 21 och
570 1484 52 21 söka
638 1486 52 24 göra
705 1484 107 27 gällande.
835 1483 78 21 Derför
928 1482 39 20 har
975 1487 48 15 man

194 1513 39 21 ock
251 1514 6 20 i
273 1512 42 22 alla
331 1512 25 21 de
373 1512 79 26 länder,
473 1512 32 21 till
522 1512 71 22 hvilka
609 1513 26 21 de
650 1513 6 20 i
672 1515 70 19 större
759 1512 76 26 mängd
853 1511 96 25 kommit,
965 1512 59 22 snart
