<?xml version="1.0" encoding="UTF-8"?>
<alto xmlns="http://www.loc.gov/standards/alto/ns-v3#" xmlns:xlink="http://www.w3.org/1999/xlink" xmlns:xsi="http://www.w3.org/2001/XMLSchema-instance" xsi:schemaLocation="http://www.loc.gov/standards/alto/ns-v3# http://www.loc.gov/alto/v3/alto-3-0.xsd">
	<Description>
		<MeasurementUnit>pixel</MeasurementUnit>
		<sourceImageInformation>
			<fileName>/tmp/tess_g_9i7yjb_input.PNG</fileName>
		</sourceImageInformation>
		<OCRProcessing ID="OCR_0">
			<ocrProcessingStep>
				<processingSoftware>
					<softwareName>tesseract 5.3.4</softwareName>
				</processingSoftware>
			</ocrProcessingStep>
		</OCRProcessing>
	</Description>
	<Layout>
		<Page WIDTH="1117" HEIGHT="1781" PHYSICAL_IMG_NR="0" ID="page_0">
			<PrintSpace HPOS="0" VPOS="0" WIDTH="1117" HEIGHT="1781">
				<ComposedBlock ID="cblock_0" HPOS="331" VPOS="111" WIDTH="559" HEIGHT="23">
					<TextBlock ID="block_0" HPOS="331" VPOS="111" WIDTH="559" HEIGHT="23">
						<TextLine ID="line_0" HPOS="331" VPOS="111" WIDTH="559" HEIGHT="23">
							<String ID="string_0" HPOS="331" VPOS="116" WIDTH="162" HEIGHT="18" WC="0.91" CONTENT="Presteståndet"/><SP WIDTH="13" VPOS="116" HPOS="493"/>
							<String ID="string_1" HPOS="506" VPOS="118" WIDTH="56" HEIGHT="16" WC="0.96" CONTENT="1882."/><SP WIDTH="25" VPOS="118" HPOS="562"/>
							<String ID="string_2" HPOS="587" VPOS="117" WIDTH="11" HEIGHT="17" WC="0.95" CONTENT="7"/><SP WIDTH="12" VPOS="117" HPOS="598"/>
							<String ID="string_3" HPOS="610" VPOS="121" WIDTH="62" HEIGHT="13" WC="0.89" CONTENT="mars."/><SP WIDTH="177" VPOS="121" HPOS="672"/>
							<String ID="string_4" HPOS="849" VPOS="111" WIDTH="41" HEIGHT="21" WC="0.96" CONTENT="359"/>
						</TextLine>
					</TextBlock>
				</ComposedBlock>
				<GraphicalElement ID="cblock_1" HPOS="95" VPOS="144" WIDTH="824" HEIGHT="7"></GraphicalElement >
				<ComposedBlock ID="cblock_2" HPOS="89" VPOS="181" WIDTH="830" HEIGHT="1320">
					<TextBlock ID="block_1" HPOS="89" VPOS="181" WIDTH="830" HEIGHT="1320">
						<TextLine ID="line_1" HPOS="160" VPOS="181" WIDTH="759" HEIGHT="32">
							<String ID="string_5" HPOS="160" VPOS="181" WIDTH="147" HEIGHT="26" WC="0.91" CONTENT="Öfverläraren"/><SP WIDTH="25" VPOS="181" HPOS="307"/>
							<String ID="string_6" HPOS="332" VPOS="185" WIDTH="136" HEIGHT="22" WC="0.96" CONTENT="Kihlman:"/><SP WIDTH="24" VPOS="185" HPOS="468"/>
							<String ID="string_7" HPOS="492" VPOS="186" WIDTH="42" HEIGHT="27" WC="0.97" CONTENT="Jag"/><SP WIDTH="22" VPOS="186" HPOS="534"/>
							<String ID="string_8" HPOS="556" VPOS="186" WIDTH="93" HEIGHT="26" WC="0.96" CONTENT="begärde"/><SP WIDTH="21" VPOS="186" HPOS="649"/>
							<String ID="string_9" HPOS="670" VPOS="185" WIDTH="61" HEIGHT="21" WC="0.96" CONTENT="ordet"/><SP WIDTH="16" VPOS="185" HPOS="731"/>
							<String ID="string_10" HPOS="747" VPOS="185" WIDTH="76" HEIGHT="21" WC="0.96" CONTENT="endast"/><SP WIDTH="15" VPOS="185" HPOS="823"/>
							<String ID="string_11" HPOS="838" VPOS="185" WIDTH="33" HEIGHT="21" WC="0.96" CONTENT="för"/><SP WIDTH="15" VPOS="185" HPOS="871"/>
							<String ID="string_12" HPOS="886" VPOS="186" WIDTH="33" HEIGHT="20" WC="0.96" CONTENT="att"/>
						</TextLine>
						<TextLine ID="line_2" HPOS="94" VPOS="213" WIDTH="824" HEIGHT="28">
							<String ID="string_13" HPOS="94" VPOS="214" WIDTH="83" HEIGHT="21" WC="0.96" CONTENT="bemöta"/><SP WIDTH="22" VPOS="214" HPOS="177"/>
							<String ID="string_14" HPOS="199" VPOS="215" WIDTH="26" HEIGHT="20" WC="0.93" CONTENT="de"/><SP WIDTH="16" VPOS="215" HPOS="225"/>
							<String ID="string_15" HPOS="241" VPOS="214" WIDTH="84" HEIGHT="27" WC="0.92" CONTENT="åsigter,"/><SP WIDTH="17" VPOS="214" HPOS="325"/>
							<String ID="string_16" HPOS="342" VPOS="220" WIDTH="45" HEIGHT="15" WC="0.96" CONTENT="som"/><SP WIDTH="16" VPOS="220" HPOS="387"/>
							<String ID="string_17" HPOS="403" VPOS="214" WIDTH="30" HEIGHT="21" WC="0.96" CONTENT="uti"/><SP WIDTH="17" VPOS="214" HPOS="433"/>
							<String ID="string_18" HPOS="450" VPOS="214" WIDTH="157" HEIGHT="21" WC="0.96" CONTENT="reservationen"/><SP WIDTH="17" VPOS="214" HPOS="607"/>
							<String ID="string_19" HPOS="624" VPOS="213" WIDTH="68" HEIGHT="22" WC="0.96" CONTENT="blifvit"/><SP WIDTH="15" VPOS="213" HPOS="692"/>
							<String ID="string_20" HPOS="707" VPOS="214" WIDTH="102" HEIGHT="21" WC="0.93" CONTENT="uttalade."/><SP WIDTH="31" VPOS="214" HPOS="809"/>
							<String ID="string_21" HPOS="840" VPOS="215" WIDTH="78" HEIGHT="26" WC="0.88" CONTENT="Repre-"/>
						</TextLine>
						<TextLine ID="line_3" HPOS="94" VPOS="241" WIDTH="824" HEIGHT="28">
							<String ID="string_22" HPOS="94" VPOS="245" WIDTH="109" HEIGHT="19" WC="0.92" CONTENT="sentanten"/><SP WIDTH="16" VPOS="245" HPOS="203"/>
							<String ID="string_23" HPOS="219" VPOS="243" WIDTH="117" HEIGHT="26" WC="0.92" CONTENT="Malmgrén"/><SP WIDTH="16" VPOS="243" HPOS="336"/>
							<String ID="string_24" HPOS="352" VPOS="245" WIDTH="70" HEIGHT="24" WC="0.93" CONTENT="säger:"/><SP WIDTH="16" VPOS="245" HPOS="422"/>
							<String ID="string_25" HPOS="438" VPOS="258" WIDTH="11" HEIGHT="10" WC="0.72" CONTENT=",,"/><SP WIDTH="3" VPOS="258" HPOS="449"/>
							<String ID="string_26" HPOS="452" VPOS="243" WIDTH="38" HEIGHT="21" WC="0.96" CONTENT="Att"/><SP WIDTH="10" VPOS="243" HPOS="490"/>
							<String ID="string_27" HPOS="500" VPOS="243" WIDTH="160" HEIGHT="26" WC="0.93" CONTENT="ifrågavarande"/><SP WIDTH="12" VPOS="243" HPOS="660"/>
							<String ID="string_28" HPOS="672" VPOS="243" WIDTH="113" HEIGHT="20" WC="0.92" CONTENT="anstalters"/><SP WIDTH="14" VPOS="243" HPOS="785"/>
							<String ID="string_29" HPOS="799" VPOS="241" WIDTH="119" HEIGHT="23" WC="0.95" CONTENT="inrättande"/>
						</TextLine>
						<TextLine ID="line_4" HPOS="93" VPOS="271" WIDTH="826" HEIGHT="26">
							<String ID="string_30" HPOS="93" VPOS="271" WIDTH="46" HEIGHT="21" WC="0.96" CONTENT="icke"/><SP WIDTH="23" VPOS="271" HPOS="139"/>
							<String ID="string_31" HPOS="162" VPOS="271" WIDTH="40" HEIGHT="21" WC="0.96" CONTENT="kan"/><SP WIDTH="24" VPOS="271" HPOS="202"/>
							<String ID="string_32" HPOS="226" VPOS="277" WIDTH="61" HEIGHT="16" WC="0.96" CONTENT="anses"/><SP WIDTH="22" VPOS="277" HPOS="287"/>
							<String ID="string_33" HPOS="309" VPOS="271" WIDTH="70" HEIGHT="26" WC="0.96" CONTENT="åligga"/><SP WIDTH="15" VPOS="271" HPOS="379"/>
							<String ID="string_34" HPOS="394" VPOS="274" WIDTH="69" HEIGHT="18" WC="0.96" CONTENT="staten"/><SP WIDTH="17" VPOS="274" HPOS="463"/>
							<String ID="string_35" HPOS="480" VPOS="271" WIDTH="68" HEIGHT="22" WC="0.96" CONTENT="såsom"/><SP WIDTH="17" VPOS="271" HPOS="548"/>
							<String ID="string_36" HPOS="565" VPOS="271" WIDTH="72" HEIGHT="25" WC="0.96" CONTENT="sådan,"/><SP WIDTH="15" VPOS="271" HPOS="637"/>
							<String ID="string_37" HPOS="652" VPOS="273" WIDTH="51" HEIGHT="19" WC="0.96" CONTENT="utan"/><SP WIDTH="16" VPOS="273" HPOS="703"/>
							<String ID="string_38" HPOS="719" VPOS="271" WIDTH="113" HEIGHT="26" WC="0.96" CONTENT="rätteligen"/><SP WIDTH="16" VPOS="271" HPOS="832"/>
							<String ID="string_39" HPOS="848" VPOS="273" WIDTH="23" HEIGHT="19" WC="0.96" CONTENT="är"/><SP WIDTH="16" VPOS="273" HPOS="871"/>
							<String ID="string_40" HPOS="887" VPOS="273" WIDTH="32" HEIGHT="19" WC="0.96" CONTENT="att"/>
						</TextLine>
						<TextLine ID="line_5" HPOS="94" VPOS="299" WIDTH="824" HEIGHT="28">
							<String ID="string_41" HPOS="94" VPOS="299" WIDTH="98" HEIGHT="22" WC="0.96" CONTENT="hänföras"/><SP WIDTH="23" VPOS="299" HPOS="192"/>
							<String ID="string_42" HPOS="215" VPOS="300" WIDTH="32" HEIGHT="21" WC="0.96" CONTENT="till"/><SP WIDTH="24" VPOS="300" HPOS="247"/>
							<String ID="string_43" HPOS="271" VPOS="300" WIDTH="79" HEIGHT="21" WC="0.96" CONTENT="sådana"/><SP WIDTH="16" VPOS="300" HPOS="350"/>
							<String ID="string_44" HPOS="366" VPOS="299" WIDTH="112" HEIGHT="28" WC="0.96" CONTENT="uppgifter,"/><SP WIDTH="16" VPOS="299" HPOS="478"/>
							<String ID="string_45" HPOS="494" VPOS="300" WIDTH="72" HEIGHT="21" WC="0.96" CONTENT="hvilka"/><SP WIDTH="16" VPOS="300" HPOS="566"/>
							<String ID="string_46" HPOS="582" VPOS="300" WIDTH="40" HEIGHT="21" WC="0.96" CONTENT="den"/><SP WIDTH="16" VPOS="300" HPOS="622"/>
							<String ID="string_47" HPOS="638" VPOS="299" WIDTH="97" HEIGHT="28" WC="0.92" CONTENT="kristliga"/><SP WIDTH="16" VPOS="299" HPOS="735"/>
							<String ID="string_48" HPOS="751" VPOS="299" WIDTH="167" HEIGHT="27" WC="0.91" CONTENT="barmhertighe-"/>
						</TextLine>
						<TextLine ID="line_6" HPOS="94" VPOS="328" WIDTH="824" HEIGHT="27">
							<String ID="string_49" HPOS="94" VPOS="331" WIDTH="36" HEIGHT="18" WC="0.96" CONTENT="ten"/><SP WIDTH="23" VPOS="331" HPOS="130"/>
							<String ID="string_50" HPOS="153" VPOS="329" WIDTH="36" HEIGHT="20" WC="0.96" CONTENT="och"/><SP WIDTH="23" VPOS="329" HPOS="189"/>
							<String ID="string_51" HPOS="212" VPOS="329" WIDTH="39" HEIGHT="21" WC="0.96" CONTENT="den"/><SP WIDTH="24" VPOS="329" HPOS="251"/>
							<String ID="string_52" HPOS="275" VPOS="329" WIDTH="96" HEIGHT="20" WC="0.93" CONTENT="enskilda"/><SP WIDTH="22" VPOS="329" HPOS="371"/>
							<String ID="string_53" HPOS="393" VPOS="329" WIDTH="164" HEIGHT="26" WC="0.92" CONTENT="välgörenheten"/><SP WIDTH="23" VPOS="329" HPOS="557"/>
							<String ID="string_54" HPOS="580" VPOS="328" WIDTH="64" HEIGHT="21" WC="0.96" CONTENT="hafva"/><SP WIDTH="22" VPOS="328" HPOS="644"/>
							<String ID="string_55" HPOS="666" VPOS="330" WIDTH="32" HEIGHT="19" WC="0.96" CONTENT="att"/><SP WIDTH="15" VPOS="330" HPOS="698"/>
							<String ID="string_56" HPOS="713" VPOS="330" WIDTH="78" HEIGHT="24" WC="0.96" CONTENT="antaga"/><SP WIDTH="14" VPOS="330" HPOS="791"/>
							<String ID="string_57" HPOS="805" VPOS="328" WIDTH="57" HEIGHT="27" WC="0.86" CONTENT="sig&quot;;"/><SP WIDTH="17" VPOS="328" HPOS="862"/>
							<String ID="string_58" HPOS="879" VPOS="328" WIDTH="39" HEIGHT="21" WC="0.96" CONTENT="och"/>
						</TextLine>
						<TextLine ID="line_7" HPOS="95" VPOS="356" WIDTH="824" HEIGHT="27">
							<String ID="string_59" HPOS="95" VPOS="356" WIDTH="97" HEIGHT="27" WC="0.90" CONTENT="samtlige"/><SP WIDTH="20" VPOS="356" HPOS="192"/>
							<String ID="string_60" HPOS="212" VPOS="357" WIDTH="167" HEIGHT="22" WC="0.91" CONTENT="bondeståndets"/><SP WIDTH="16" VPOS="357" HPOS="379"/>
							<String ID="string_61" HPOS="395" VPOS="357" WIDTH="137" HEIGHT="21" WC="0.96" CONTENT="medlemmar"/><SP WIDTH="16" VPOS="357" HPOS="532"/>
							<String ID="string_62" HPOS="548" VPOS="357" WIDTH="5" HEIGHT="20" WC="0.96" CONTENT="i"/><SP WIDTH="17" VPOS="357" HPOS="553"/>
							<String ID="string_63" HPOS="570" VPOS="357" WIDTH="106" HEIGHT="21" WC="0.96" CONTENT="utskottet"/><SP WIDTH="14" VPOS="357" HPOS="676"/>
							<String ID="string_64" HPOS="690" VPOS="357" WIDTH="52" HEIGHT="26" WC="0.96" CONTENT="yrka"/><SP WIDTH="16" VPOS="357" HPOS="742"/>
							<String ID="string_65" HPOS="758" VPOS="357" WIDTH="27" HEIGHT="26" WC="0.96" CONTENT="på"/><SP WIDTH="15" VPOS="357" HPOS="785"/>
							<String ID="string_66" HPOS="800" VPOS="359" WIDTH="32" HEIGHT="18" WC="0.96" CONTENT="att"/><SP WIDTH="15" VPOS="359" HPOS="832"/>
							<String ID="string_67" HPOS="847" VPOS="356" WIDTH="72" HEIGHT="21" WC="0.96" CONTENT="skolor"/>
						</TextLine>
						<TextLine ID="line_8" HPOS="96" VPOS="385" WIDTH="823" HEIGHT="26">
							<String ID="string_68" HPOS="96" VPOS="385" WIDTH="32" HEIGHT="21" WC="0.96" CONTENT="för"/><SP WIDTH="14" VPOS="385" HPOS="128"/>
							<String ID="string_69" HPOS="142" VPOS="385" WIDTH="115" HEIGHT="22" WC="0.96" CONTENT="sinnesslöa"/><SP WIDTH="15" VPOS="385" HPOS="257"/>
							<String ID="string_70" HPOS="272" VPOS="386" WIDTH="52" HEIGHT="21" WC="0.96" CONTENT="barn"/><SP WIDTH="17" VPOS="386" HPOS="324"/>
							<String ID="string_71" HPOS="341" VPOS="385" WIDTH="66" HEIGHT="22" WC="0.96" CONTENT="borde"/><SP WIDTH="16" VPOS="385" HPOS="407"/>
							<String ID="string_72" HPOS="423" VPOS="385" WIDTH="53" HEIGHT="22" WC="0.96" CONTENT="höra"/><SP WIDTH="16" VPOS="385" HPOS="476"/>
							<String ID="string_73" HPOS="492" VPOS="386" WIDTH="31" HEIGHT="21" WC="0.95" CONTENT="till"/><SP WIDTH="17" VPOS="386" HPOS="523"/>
							<String ID="string_74" HPOS="540" VPOS="386" WIDTH="36" HEIGHT="20" WC="0.96" CONTENT="det"/><SP WIDTH="15" VPOS="386" HPOS="576"/>
							<String ID="string_75" HPOS="591" VPOS="385" WIDTH="94" HEIGHT="26" WC="0.96" CONTENT="område,"/><SP WIDTH="15" VPOS="385" HPOS="685"/>
							<String ID="string_76" HPOS="700" VPOS="391" WIDTH="45" HEIGHT="15" WC="0.96" CONTENT="som"/><SP WIDTH="16" VPOS="391" HPOS="745"/>
							<String ID="string_77" HPOS="761" VPOS="385" WIDTH="118" HEIGHT="26" WC="0.95" CONTENT="egentligen"/><SP WIDTH="16" VPOS="385" HPOS="879"/>
							<String ID="string_78" HPOS="895" VPOS="387" WIDTH="24" HEIGHT="19" WC="0.96" CONTENT="är"/>
						</TextLine>
						<TextLine ID="line_9" HPOS="95" VPOS="413" WIDTH="823" HEIGHT="26">
							<String ID="string_79" HPOS="95" VPOS="413" WIDTH="32" HEIGHT="22" WC="0.96" CONTENT="för"/><SP WIDTH="25" VPOS="413" HPOS="127"/>
							<String ID="string_80" HPOS="152" VPOS="416" WIDTH="68" HEIGHT="19" WC="0.93" CONTENT="staten"/><SP WIDTH="22" VPOS="416" HPOS="220"/>
							<String ID="string_81" HPOS="242" VPOS="415" WIDTH="137" HEIGHT="24" WC="0.91" CONTENT="fremmande,"/><SP WIDTH="24" VPOS="415" HPOS="379"/>
							<String ID="string_82" HPOS="403" VPOS="417" WIDTH="55" HEIGHT="18" WC="0.96" CONTENT="samt"/><SP WIDTH="21" VPOS="417" HPOS="458"/>
							<String ID="string_83" HPOS="479" VPOS="417" WIDTH="32" HEIGHT="19" WC="0.96" CONTENT="att"/><SP WIDTH="23" VPOS="417" HPOS="511"/>
							<String ID="string_84" HPOS="534" VPOS="415" WIDTH="62" HEIGHT="20" WC="0.96" CONTENT="dessa"/><SP WIDTH="22" VPOS="415" HPOS="596"/>
							<String ID="string_85" HPOS="618" VPOS="413" WIDTH="73" HEIGHT="22" WC="0.95" CONTENT="skolor"/><SP WIDTH="21" VPOS="413" HPOS="691"/>
							<String ID="string_86" HPOS="712" VPOS="420" WIDTH="44" HEIGHT="15" WC="0.96" CONTENT="mer"/><SP WIDTH="21" VPOS="420" HPOS="756"/>
							<String ID="string_87" HPOS="777" VPOS="413" WIDTH="86" HEIGHT="22" WC="0.95" CONTENT="tillhöra"/><SP WIDTH="16" VPOS="413" HPOS="863"/>
							<String ID="string_88" HPOS="879" VPOS="413" WIDTH="39" HEIGHT="21" WC="0.96" CONTENT="den"/>
						</TextLine>
						<TextLine ID="line_10" HPOS="95" VPOS="442" WIDTH="824" HEIGHT="28">
							<String ID="string_89" HPOS="95" VPOS="442" WIDTH="96" HEIGHT="27" WC="0.93" CONTENT="kristliga"/><SP WIDTH="23" VPOS="442" HPOS="191"/>
							<String ID="string_90" HPOS="214" VPOS="443" WIDTH="202" HEIGHT="27" WC="0.91" CONTENT="barmhertigheten,"/><SP WIDTH="24" VPOS="443" HPOS="416"/>
							<String ID="string_91" HPOS="440" VPOS="445" WIDTH="26" HEIGHT="19" WC="0.96" CONTENT="än"/><SP WIDTH="24" VPOS="445" HPOS="466"/>
							<String ID="string_92" HPOS="490" VPOS="443" WIDTH="39" HEIGHT="21" WC="0.96" CONTENT="den"/><SP WIDTH="17" VPOS="443" HPOS="529"/>
							<String ID="string_93" HPOS="546" VPOS="442" WIDTH="109" HEIGHT="27" WC="0.96" CONTENT="offentliga"/><SP WIDTH="16" VPOS="442" HPOS="655"/>
							<String ID="string_94" HPOS="671" VPOS="442" WIDTH="188" HEIGHT="27" WC="0.93" CONTENT="undervisningens"/><SP WIDTH="16" VPOS="442" HPOS="859"/>
							<String ID="string_95" HPOS="875" VPOS="448" WIDTH="44" HEIGHT="15" WC="0.93" CONTENT="om-"/>
						</TextLine>
						<TextLine ID="line_11" HPOS="96" VPOS="471" WIDTH="823" HEIGHT="28">
							<String ID="string_96" HPOS="96" VPOS="471" WIDTH="57" HEIGHT="21" WC="0.95" CONTENT="råde."/><SP WIDTH="30" VPOS="471" HPOS="153"/>
							<String ID="string_97" HPOS="183" VPOS="471" WIDTH="42" HEIGHT="21" WC="0.92" CONTENT="Det"/><SP WIDTH="15" VPOS="471" HPOS="225"/>
							<String ID="string_98" HPOS="240" VPOS="474" WIDTH="23" HEIGHT="19" WC="0.95" CONTENT="är"/><SP WIDTH="16" VPOS="474" HPOS="263"/>
							<String ID="string_99" HPOS="279" VPOS="472" WIDTH="70" HEIGHT="21" WC="0.96" CONTENT="denna"/><SP WIDTH="15" VPOS="472" HPOS="349"/>
							<String ID="string_100" HPOS="364" VPOS="471" WIDTH="135" HEIGHT="28" WC="0.96" CONTENT="uppfattning"/><SP WIDTH="16" VPOS="471" HPOS="499"/>
							<String ID="string_101" HPOS="515" VPOS="471" WIDTH="23" HEIGHT="22" WC="0.96" CONTENT="af"/><SP WIDTH="14" VPOS="471" HPOS="538"/>
							<String ID="string_102" HPOS="552" VPOS="471" WIDTH="40" HEIGHT="21" WC="0.93" CONTENT="fem"/><SP WIDTH="17" VPOS="471" HPOS="592"/>
							<String ID="string_103" HPOS="609" VPOS="473" WIDTH="134" HEIGHT="19" WC="0.91" CONTENT="reservanter"/><SP WIDTH="8" VPOS="473" HPOS="743"/>
							<String ID="string_104" HPOS="751" VPOS="471" WIDTH="37" HEIGHT="26" WC="0.96" CONTENT="jag"/><SP WIDTH="9" VPOS="471" HPOS="788"/>
							<String ID="string_105" HPOS="797" VPOS="477" WIDTH="60" HEIGHT="15" WC="0.95" CONTENT="anser"/><SP WIDTH="11" VPOS="477" HPOS="857"/>
							<String ID="string_106" HPOS="868" VPOS="477" WIDTH="51" HEIGHT="15" WC="0.96" CONTENT="vara"/>
						</TextLine>
						<TextLine ID="line_12" HPOS="94" VPOS="499" WIDTH="823" HEIGHT="28">
							<String ID="string_107" HPOS="94" VPOS="499" WIDTH="84" HEIGHT="27" WC="0.95" CONTENT="oriktig."/><SP WIDTH="31" VPOS="499" HPOS="178"/>
							<String ID="string_108" HPOS="209" VPOS="500" WIDTH="41" HEIGHT="21" WC="0.95" CONTENT="Det"/><SP WIDTH="17" VPOS="500" HPOS="250"/>
							<String ID="string_109" HPOS="267" VPOS="502" WIDTH="24" HEIGHT="19" WC="0.97" CONTENT="är"/><SP WIDTH="16" VPOS="502" HPOS="291"/>
							<String ID="string_110" HPOS="307" VPOS="507" WIDTH="24" HEIGHT="14" WC="0.97" CONTENT="en"/><SP WIDTH="17" VPOS="507" HPOS="331"/>
							<String ID="string_111" HPOS="348" VPOS="500" WIDTH="88" HEIGHT="21" WC="0.96" CONTENT="hednisk"/><SP WIDTH="17" VPOS="500" HPOS="436"/>
							<String ID="string_112" HPOS="453" VPOS="501" WIDTH="135" HEIGHT="26" WC="0.96" CONTENT="uppfattning"/><SP WIDTH="15" VPOS="501" HPOS="588"/>
							<String ID="string_113" HPOS="603" VPOS="500" WIDTH="23" HEIGHT="21" WC="0.96" CONTENT="af"/><SP WIDTH="14" VPOS="500" HPOS="626"/>
							<String ID="string_114" HPOS="640" VPOS="502" WIDTH="81" HEIGHT="19" WC="0.96" CONTENT="statens"/><SP WIDTH="14" VPOS="502" HPOS="721"/>
							<String ID="string_115" HPOS="735" VPOS="499" WIDTH="106" HEIGHT="22" WC="0.95" CONTENT="ändamål."/><SP WIDTH="32" VPOS="499" HPOS="841"/>
							<String ID="string_116" HPOS="873" VPOS="499" WIDTH="44" HEIGHT="22" WC="0.92" CONTENT="Den"/>
						</TextLine>
						<TextLine ID="line_13" HPOS="95" VPOS="528" WIDTH="824" HEIGHT="27">
							<String ID="string_117" HPOS="95" VPOS="528" WIDTH="154" HEIGHT="21" WC="0.93" CONTENT="humanistiska"/><SP WIDTH="22" VPOS="528" HPOS="249"/>
							<String ID="string_118" HPOS="271" VPOS="531" WIDTH="69" HEIGHT="19" WC="0.96" CONTENT="staten"/><SP WIDTH="24" VPOS="531" HPOS="340"/>
							<String ID="string_119" HPOS="364" VPOS="529" WIDTH="41" HEIGHT="21" WC="0.95" CONTENT="kan"/><SP WIDTH="24" VPOS="529" HPOS="405"/>
							<String ID="string_120" HPOS="429" VPOS="529" WIDTH="46" HEIGHT="21" WC="0.92" CONTENT="icke"/><SP WIDTH="22" VPOS="529" HPOS="475"/>
							<String ID="string_121" HPOS="497" VPOS="529" WIDTH="95" HEIGHT="21" WC="0.91" CONTENT="bortvisa"/><SP WIDTH="24" VPOS="529" HPOS="592"/>
							<String ID="string_122" HPOS="616" VPOS="529" WIDTH="46" HEIGHT="21" WC="0.96" CONTENT="från"/><SP WIDTH="16" VPOS="529" HPOS="662"/>
							<String ID="string_123" HPOS="678" VPOS="529" WIDTH="31" HEIGHT="26" WC="0.96" CONTENT="sig"/><SP WIDTH="16" VPOS="529" HPOS="709"/>
							<String ID="string_124" HPOS="725" VPOS="528" WIDTH="146" HEIGHT="27" WC="0.95" CONTENT="skyldigheten"/><SP WIDTH="16" VPOS="528" HPOS="871"/>
							<String ID="string_125" HPOS="887" VPOS="530" WIDTH="32" HEIGHT="19" WC="0.95" CONTENT="att"/>
						</TextLine>
						<TextLine ID="line_14" HPOS="93" VPOS="557" WIDTH="826" HEIGHT="27">
							<String ID="string_126" HPOS="93" VPOS="559" WIDTH="50" HEIGHT="24" WC="0.96" CONTENT="taga"/><SP WIDTH="24" VPOS="559" HPOS="143"/>
							<String ID="string_127" HPOS="167" VPOS="557" WIDTH="78" HEIGHT="27" WC="0.96" CONTENT="hänsyn"/><SP WIDTH="24" VPOS="557" HPOS="245"/>
							<String ID="string_128" HPOS="269" VPOS="558" WIDTH="29" HEIGHT="21" WC="0.96" CONTENT="till"/><SP WIDTH="25" VPOS="558" HPOS="298"/>
							<String ID="string_129" HPOS="323" VPOS="558" WIDTH="72" HEIGHT="26" WC="0.95" CONTENT="dylika"/><SP WIDTH="22" VPOS="558" HPOS="395"/>
							<String ID="string_130" HPOS="417" VPOS="557" WIDTH="152" HEIGHT="26" WC="0.95" CONTENT="förhållanden,"/><SP WIDTH="16" VPOS="557" HPOS="569"/>
							<String ID="string_131" HPOS="585" VPOS="563" WIDTH="45" HEIGHT="15" WC="0.96" CONTENT="som"/><SP WIDTH="16" VPOS="563" HPOS="630"/>
							<String ID="string_132" HPOS="646" VPOS="557" WIDTH="105" HEIGHT="27" WC="0.96" CONTENT="uppträda"/><SP WIDTH="15" VPOS="557" HPOS="751"/>
							<String ID="string_133" HPOS="766" VPOS="557" WIDTH="56" HEIGHT="21" WC="0.96" CONTENT="inom"/><SP WIDTH="16" VPOS="557" HPOS="822"/>
							<String ID="string_134" HPOS="838" VPOS="559" WIDTH="81" HEIGHT="19" WC="0.96" CONTENT="statens"/>
						</TextLine>
						<TextLine ID="line_15" HPOS="95" VPOS="585" WIDTH="823" HEIGHT="28">
							<String ID="string_135" HPOS="95" VPOS="585" WIDTH="98" HEIGHT="26" WC="0.86" CONTENT="område"/><SP WIDTH="-6" VPOS="585" HPOS="193"/>
							<String ID="string_136" HPOS="187" VPOS="581" WIDTH="12" HEIGHT="36" WC="0.86" CONTENT=";"/><SP WIDTH="15" VPOS="581" HPOS="199"/>
							<String ID="string_137" HPOS="214" VPOS="586" WIDTH="45" HEIGHT="27" WC="0.96" CONTENT="just"/><SP WIDTH="21" VPOS="586" HPOS="259"/>
							<String ID="string_138" HPOS="280" VPOS="587" WIDTH="88" HEIGHT="20" WC="0.96" CONTENT="emedan"/><SP WIDTH="21" VPOS="587" HPOS="368"/>
							<String ID="string_139" HPOS="389" VPOS="589" WIDTH="69" HEIGHT="18" WC="0.96" CONTENT="staten"/><SP WIDTH="22" VPOS="589" HPOS="458"/>
							<String ID="string_140" HPOS="480" VPOS="588" WIDTH="24" HEIGHT="19" WC="0.96" CONTENT="är"/><SP WIDTH="23" VPOS="588" HPOS="504"/>
							<String ID="string_141" HPOS="527" VPOS="593" WIDTH="24" HEIGHT="14" WC="0.96" CONTENT="en"/><SP WIDTH="24" VPOS="593" HPOS="551"/>
							<String ID="string_142" HPOS="575" VPOS="586" WIDTH="140" HEIGHT="21" WC="0.96" CONTENT="humanistisk"/><SP WIDTH="15" VPOS="586" HPOS="715"/>
							<String ID="string_143" HPOS="730" VPOS="588" WIDTH="49" HEIGHT="22" WC="0.96" CONTENT="stat,"/><SP WIDTH="17" VPOS="588" HPOS="779"/>
							<String ID="string_144" HPOS="796" VPOS="586" WIDTH="67" HEIGHT="21" WC="0.96" CONTENT="måste"/><SP WIDTH="15" VPOS="586" HPOS="863"/>
							<String ID="string_145" HPOS="878" VPOS="586" WIDTH="40" HEIGHT="20" WC="0.96" CONTENT="den"/>
						</TextLine>
						<TextLine ID="line_16" HPOS="96" VPOS="613" WIDTH="823" HEIGHT="28">
							<String ID="string_146" HPOS="96" VPOS="615" WIDTH="64" HEIGHT="20" WC="0.96" CONTENT="vårda"/><SP WIDTH="23" VPOS="615" HPOS="160"/>
							<String ID="string_147" HPOS="183" VPOS="614" WIDTH="32" HEIGHT="27" WC="0.96" CONTENT="sig"/><SP WIDTH="23" VPOS="614" HPOS="215"/>
							<String ID="string_148" HPOS="238" VPOS="621" WIDTH="33" HEIGHT="14" WC="0.96" CONTENT="om"/><SP WIDTH="17" VPOS="621" HPOS="271"/>
							<String ID="string_149" HPOS="288" VPOS="615" WIDTH="45" HEIGHT="25" WC="0.96" CONTENT="allt,"/><SP WIDTH="16" VPOS="615" HPOS="333"/>
							<String ID="string_150" HPOS="349" VPOS="621" WIDTH="45" HEIGHT="15" WC="0.96" CONTENT="som"/><SP WIDTH="17" VPOS="621" HPOS="394"/>
							<String ID="string_151" HPOS="411" VPOS="615" WIDTH="31" HEIGHT="21" WC="0.96" CONTENT="till"/><SP WIDTH="17" VPOS="615" HPOS="442"/>
							<String ID="string_152" HPOS="459" VPOS="615" WIDTH="35" HEIGHT="21" WC="0.93" CONTENT="det"/><SP WIDTH="16" VPOS="615" HPOS="494"/>
							<String ID="string_153" HPOS="510" VPOS="615" WIDTH="91" HEIGHT="20" WC="0.96" CONTENT="humana"/><SP WIDTH="16" VPOS="615" HPOS="601"/>
							<String ID="string_154" HPOS="617" VPOS="614" WIDTH="45" HEIGHT="21" WC="0.96" CONTENT="hör."/><SP WIDTH="31" VPOS="614" HPOS="662"/>
							<String ID="string_155" HPOS="693" VPOS="615" WIDTH="41" HEIGHT="20" WC="0.96" CONTENT="Det"/><SP WIDTH="15" VPOS="615" HPOS="734"/>
							<String ID="string_156" HPOS="749" VPOS="614" WIDTH="39" HEIGHT="21" WC="0.96" CONTENT="har"/><SP WIDTH="15" VPOS="614" HPOS="788"/>
							<String ID="string_157" HPOS="803" VPOS="613" WIDTH="63" HEIGHT="22" WC="0.96" CONTENT="äfven"/><SP WIDTH="15" VPOS="613" HPOS="866"/>
							<String ID="string_158" HPOS="881" VPOS="614" WIDTH="38" HEIGHT="21" WC="0.96" CONTENT="vår"/>
						</TextLine>
						<TextLine ID="line_17" HPOS="95" VPOS="642" WIDTH="824" HEIGHT="28">
							<String ID="string_159" HPOS="95" VPOS="642" WIDTH="68" HEIGHT="21" WC="0.96" CONTENT="finska"/><SP WIDTH="15" VPOS="642" HPOS="163"/>
							<String ID="string_160" HPOS="178" VPOS="645" WIDTH="43" HEIGHT="19" WC="0.96" CONTENT="stat"/><SP WIDTH="14" VPOS="645" HPOS="221"/>
							<String ID="string_161" HPOS="235" VPOS="644" WIDTH="82" HEIGHT="24" WC="0.96" CONTENT="erkänt,"/><SP WIDTH="16" VPOS="644" HPOS="317"/>
							<String ID="string_162" HPOS="333" VPOS="646" WIDTH="21" HEIGHT="24" WC="0.96" CONTENT="ty"/><SP WIDTH="17" VPOS="646" HPOS="354"/>
							<String ID="string_163" HPOS="371" VPOS="650" WIDTH="32" HEIGHT="15" WC="0.97" CONTENT="om"/><SP WIDTH="17" VPOS="650" HPOS="403"/>
							<String ID="string_164" HPOS="420" VPOS="644" WIDTH="48" HEIGHT="21" WC="0.96" CONTENT="mån"/><SP WIDTH="16" VPOS="644" HPOS="468"/>
							<String ID="string_165" HPOS="484" VPOS="644" WIDTH="43" HEIGHT="21" WC="0.96" CONTENT="slår"/><SP WIDTH="15" VPOS="644" HPOS="527"/>
							<String ID="string_166" HPOS="542" VPOS="649" WIDTH="43" HEIGHT="21" WC="0.96" CONTENT="upp"/><SP WIDTH="15" VPOS="649" HPOS="585"/>
							<String ID="string_167" HPOS="600" VPOS="643" WIDTH="118" HEIGHT="21" WC="0.96" CONTENT="relationen"/><SP WIDTH="15" VPOS="643" HPOS="718"/>
							<String ID="string_168" HPOS="733" VPOS="643" WIDTH="32" HEIGHT="21" WC="0.93" CONTENT="för"/><SP WIDTH="15" VPOS="643" HPOS="765"/>
							<String ID="string_169" HPOS="780" VPOS="642" WIDTH="139" HEIGHT="22" WC="0.92" CONTENT="statsverkets"/>
						</TextLine>
						<TextLine ID="line_18" HPOS="96" VPOS="671" WIDTH="822" HEIGHT="27">
							<String ID="string_170" HPOS="96" VPOS="671" WIDTH="101" HEIGHT="26" WC="0.96" CONTENT="tillstånd,"/><SP WIDTH="23" VPOS="671" HPOS="197"/>
							<String ID="string_171" HPOS="220" VPOS="678" WIDTH="45" HEIGHT="15" WC="0.93" CONTENT="som"/><SP WIDTH="23" VPOS="678" HPOS="265"/>
							<String ID="string_172" HPOS="288" VPOS="672" WIDTH="69" HEIGHT="21" WC="0.62" CONTENT="blifvit"/><SP WIDTH="22" VPOS="672" HPOS="357"/>
							<String ID="string_173" HPOS="379" VPOS="678" WIDTH="34" HEIGHT="15" WC="0.96" CONTENT="oss"/><SP WIDTH="23" VPOS="678" HPOS="413"/>
							<String ID="string_174" HPOS="436" VPOS="673" WIDTH="34" HEIGHT="20" WC="0.96" CONTENT="vid"/><SP WIDTH="24" VPOS="673" HPOS="470"/>
							<String ID="string_175" HPOS="494" VPOS="673" WIDTH="68" HEIGHT="20" WC="0.93" CONTENT="denna"/><SP WIDTH="15" VPOS="673" HPOS="562"/>
							<String ID="string_176" HPOS="577" VPOS="672" WIDTH="101" HEIGHT="26" WC="0.93" CONTENT="landtdag"/><SP WIDTH="16" VPOS="672" HPOS="678"/>
							<String ID="string_177" HPOS="694" VPOS="671" WIDTH="117" HEIGHT="26" WC="0.96" CONTENT="meddelad,"/><SP WIDTH="16" VPOS="671" HPOS="811"/>
							<String ID="string_178" HPOS="827" VPOS="672" WIDTH="23" HEIGHT="21" WC="0.93" CONTENT="så"/><SP WIDTH="15" VPOS="672" HPOS="850"/>
							<String ID="string_179" HPOS="865" VPOS="671" WIDTH="53" HEIGHT="22" WC="0.93" CONTENT="före-"/>
						</TextLine>
						<TextLine ID="line_19" HPOS="95" VPOS="699" WIDTH="822" HEIGHT="27">
							<String ID="string_180" HPOS="95" VPOS="699" WIDTH="95" HEIGHT="22" WC="0.95" CONTENT="kommer"/><SP WIDTH="22" VPOS="699" HPOS="190"/>
							<String ID="string_181" HPOS="212" VPOS="701" WIDTH="31" HEIGHT="20" WC="0.96" CONTENT="uti"/><SP WIDTH="17" VPOS="701" HPOS="243"/>
							<String ID="string_182" HPOS="260" VPOS="701" WIDTH="128" HEIGHT="25" WC="0.92" CONTENT="densamma,"/><SP WIDTH="17" VPOS="701" HPOS="388"/>
							<String ID="string_183" HPOS="405" VPOS="701" WIDTH="66" HEIGHT="21" WC="0.93" CONTENT="under"/><SP WIDTH="16" VPOS="701" HPOS="471"/>
							<String ID="string_184" HPOS="487" VPOS="703" WIDTH="41" HEIGHT="19" WC="0.93" CONTENT="6:te"/><SP WIDTH="16" VPOS="703" HPOS="528"/>
							<String ID="string_185" HPOS="544" VPOS="701" WIDTH="142" HEIGHT="21" WC="0.87" CONTENT="hufvudtiteln"/><SP WIDTH="16" VPOS="701" HPOS="686"/>
							<String ID="string_186" HPOS="702" VPOS="717" WIDTH="12" HEIGHT="9" WC="0.83" CONTENT=",,"/><SP WIDTH="2" VPOS="717" HPOS="714"/>
							<String ID="string_187" HPOS="716" VPOS="700" WIDTH="65" HEIGHT="21" WC="0.96" CONTENT="milda"/><SP WIDTH="15" VPOS="700" HPOS="781"/>
							<String ID="string_188" HPOS="796" VPOS="700" WIDTH="121" HEIGHT="21" WC="0.46" CONTENT="stiftelser**."/>
						</TextLine>
						<TextLine ID="line_20" HPOS="95" VPOS="729" WIDTH="823" HEIGHT="27">
							<String ID="string_189" HPOS="95" VPOS="729" WIDTH="73" HEIGHT="21" WC="0.96" CONTENT="Under"/><SP WIDTH="22" VPOS="729" HPOS="168"/>
							<String ID="string_190" HPOS="190" VPOS="729" WIDTH="69" HEIGHT="22" WC="0.96" CONTENT="denna"/><SP WIDTH="22" VPOS="729" HPOS="259"/>
							<String ID="string_191" HPOS="281" VPOS="729" WIDTH="74" HEIGHT="21" WC="0.96" CONTENT="rubrik"/><SP WIDTH="16" VPOS="729" HPOS="355"/>
							<String ID="string_192" HPOS="371" VPOS="731" WIDTH="87" HEIGHT="20" WC="0.96" CONTENT="nämnes"/><SP WIDTH="15" VPOS="731" HPOS="458"/>
							<String ID="string_193" HPOS="473" VPOS="729" WIDTH="115" HEIGHT="22" WC="0.95" CONTENT="understöd"/><SP WIDTH="16" VPOS="729" HPOS="588"/>
							<String ID="string_194" HPOS="604" VPOS="729" WIDTH="22" HEIGHT="21" WC="0.92" CONTENT="åt"/><SP WIDTH="16" VPOS="729" HPOS="626"/>
							<String ID="string_195" HPOS="642" VPOS="729" WIDTH="123" HEIGHT="27" WC="0.87" CONTENT="hospitaler,"/><SP WIDTH="15" VPOS="729" HPOS="765"/>
							<String ID="string_196" HPOS="780" VPOS="729" WIDTH="138" HEIGHT="21" WC="0.90" CONTENT="dårvårdsan-"/>
						</TextLine>
						<TextLine ID="line_21" HPOS="93" VPOS="757" WIDTH="825" HEIGHT="28">
							<String ID="string_197" HPOS="93" VPOS="757" WIDTH="81" HEIGHT="25" WC="0.92" CONTENT="stalter,"/><SP WIDTH="17" VPOS="757" HPOS="174"/>
							<String ID="string_198" HPOS="191" VPOS="758" WIDTH="202" HEIGHT="27" WC="0.91" CONTENT="uppfostringshjelp"/><SP WIDTH="15" VPOS="758" HPOS="393"/>
							<String ID="string_199" HPOS="408" VPOS="758" WIDTH="33" HEIGHT="21" WC="0.96" CONTENT="för"/><SP WIDTH="16" VPOS="758" HPOS="441"/>
							<String ID="string_200" HPOS="457" VPOS="758" WIDTH="75" HEIGHT="27" WC="0.96" CONTENT="fattiga"/><SP WIDTH="16" VPOS="758" HPOS="532"/>
							<String ID="string_201" HPOS="548" VPOS="758" WIDTH="52" HEIGHT="21" WC="0.95" CONTENT="barn"/><SP WIDTH="17" VPOS="758" HPOS="600"/>
							<String ID="string_202" HPOS="617" VPOS="761" WIDTH="55" HEIGHT="18" WC="0.96" CONTENT="samt"/><SP WIDTH="16" VPOS="761" HPOS="672"/>
							<String ID="string_203" HPOS="688" VPOS="757" WIDTH="114" HEIGHT="22" WC="0.96" CONTENT="understöd"/><SP WIDTH="17" VPOS="757" HPOS="802"/>
							<String ID="string_204" HPOS="819" VPOS="757" WIDTH="33" HEIGHT="21" WC="0.93" CONTENT="för"/><SP WIDTH="15" VPOS="757" HPOS="852"/>
							<String ID="string_205" HPOS="867" VPOS="757" WIDTH="51" HEIGHT="21" WC="0.91" CONTENT="nöd-"/>
						</TextLine>
						<TextLine ID="line_22" HPOS="95" VPOS="785" WIDTH="823" HEIGHT="28">
							<String ID="string_206" HPOS="95" VPOS="786" WIDTH="68" HEIGHT="21" WC="0.92" CONTENT="stälda"/><SP WIDTH="30" VPOS="786" HPOS="163"/>
							<String ID="string_207" HPOS="193" VPOS="787" WIDTH="170" HEIGHT="20" WC="0.49" CONTENT="barnföderskor."/><SP WIDTH="36" VPOS="787" HPOS="363"/>
							<String ID="string_208" HPOS="399" VPOS="787" WIDTH="33" HEIGHT="21" WC="0.92" CONTENT="Då"/><SP WIDTH="23" VPOS="787" HPOS="432"/>
							<String ID="string_209" HPOS="455" VPOS="787" WIDTH="81" HEIGHT="21" WC="0.96" CONTENT="således"/><SP WIDTH="24" VPOS="787" HPOS="536"/>
							<String ID="string_210" HPOS="560" VPOS="787" WIDTH="46" HEIGHT="20" WC="0.96" CONTENT="från"/><SP WIDTH="26" VPOS="787" HPOS="606"/>
							<String ID="string_211" HPOS="632" VPOS="787" WIDTH="103" HEIGHT="20" WC="0.96" CONTENT="teoretisk"/><SP WIDTH="23" VPOS="787" HPOS="735"/>
							<String ID="string_212" HPOS="758" VPOS="786" WIDTH="40" HEIGHT="21" WC="0.96" CONTENT="och"/><SP WIDTH="24" VPOS="786" HPOS="798"/>
							<String ID="string_213" HPOS="822" VPOS="785" WIDTH="96" HEIGHT="28" WC="0.94" CONTENT="praktisk"/>
						</TextLine>
						<TextLine ID="line_23" HPOS="95" VPOS="815" WIDTH="824" HEIGHT="26">
							<String ID="string_214" HPOS="95" VPOS="815" WIDTH="106" HEIGHT="26" WC="0.96" CONTENT="synpunkt"/><SP WIDTH="30" VPOS="815" HPOS="201"/>
							<String ID="string_215" HPOS="231" VPOS="815" WIDTH="45" HEIGHT="21" WC="0.96" CONTENT="icke"/><SP WIDTH="31" VPOS="815" HPOS="276"/>
							<String ID="string_216" HPOS="307" VPOS="815" WIDTH="66" HEIGHT="22" WC="0.95" CONTENT="finnes"/><SP WIDTH="37" VPOS="815" HPOS="373"/>
							<String ID="string_217" HPOS="410" VPOS="816" WIDTH="65" HEIGHT="25" WC="0.95" CONTENT="något"/><SP WIDTH="29" VPOS="816" HPOS="475"/>
							<String ID="string_218" HPOS="504" VPOS="815" WIDTH="54" HEIGHT="26" WC="0.93" CONTENT="skäl,"/><SP WIDTH="31" VPOS="815" HPOS="558"/>
							<String ID="string_219" HPOS="589" VPOS="815" WIDTH="79" HEIGHT="26" WC="0.91" CONTENT="hvarpå"/><SP WIDTH="30" VPOS="815" HPOS="668"/>
							<String ID="string_220" HPOS="698" VPOS="815" WIDTH="59" HEIGHT="21" WC="0.92" CONTENT="desse"/><SP WIDTH="30" VPOS="815" HPOS="757"/>
							<String ID="string_221" HPOS="787" VPOS="817" WIDTH="132" HEIGHT="18" WC="0.88" CONTENT="reservanter"/>
						</TextLine>
						<TextLine ID="line_24" HPOS="94" VPOS="843" WIDTH="824" HEIGHT="28">
							<String ID="string_222" HPOS="94" VPOS="843" WIDTH="71" HEIGHT="22" WC="0.96" CONTENT="kunna"/><SP WIDTH="22" VPOS="843" HPOS="165"/>
							<String ID="string_223" HPOS="187" VPOS="844" WIDTH="62" HEIGHT="21" WC="0.96" CONTENT="stöda"/><SP WIDTH="22" VPOS="844" HPOS="249"/>
							<String ID="string_224" HPOS="271" VPOS="845" WIDTH="37" HEIGHT="25" WC="0.96" CONTENT="sig,"/><SP WIDTH="23" VPOS="845" HPOS="308"/>
							<String ID="string_225" HPOS="331" VPOS="844" WIDTH="32" HEIGHT="21" WC="0.96" CONTENT="får"/><SP WIDTH="20" VPOS="844" HPOS="363"/>
							<String ID="string_226" HPOS="383" VPOS="844" WIDTH="37" HEIGHT="27" WC="0.96" CONTENT="jag"/><SP WIDTH="20" VPOS="844" HPOS="420"/>
							<String ID="string_227" HPOS="440" VPOS="845" WIDTH="28" HEIGHT="26" WC="0.96" CONTENT="på"/><SP WIDTH="15" VPOS="845" HPOS="468"/>
							<String ID="string_228" HPOS="483" VPOS="844" WIDTH="69" HEIGHT="21" WC="0.96" CONTENT="denna"/><SP WIDTH="15" VPOS="844" HPOS="552"/>
							<String ID="string_229" HPOS="567" VPOS="844" WIDTH="68" HEIGHT="27" WC="0.96" CONTENT="grund"/><SP WIDTH="15" VPOS="844" HPOS="635"/>
							<String ID="string_230" HPOS="650" VPOS="844" WIDTH="137" HEIGHT="27" WC="0.96" CONTENT="understödja"/><SP WIDTH="16" VPOS="844" HPOS="787"/>
							<String ID="string_231" HPOS="803" VPOS="843" WIDTH="115" HEIGHT="22" WC="0.96" CONTENT="utskottets"/>
						</TextLine>
						<TextLine ID="line_25" HPOS="94" VPOS="871" WIDTH="824" HEIGHT="28">
							<String ID="string_232" HPOS="94" VPOS="871" WIDTH="141" HEIGHT="22" WC="0.95" CONTENT="betänkande."/><SP WIDTH="30" VPOS="871" HPOS="235"/>
							<String ID="string_233" HPOS="265" VPOS="873" WIDTH="48" HEIGHT="20" WC="0.96" CONTENT="Men"/><SP WIDTH="22" VPOS="873" HPOS="313"/>
							<String ID="string_234" HPOS="335" VPOS="873" WIDTH="6" HEIGHT="20" WC="0.96" CONTENT="i"/><SP WIDTH="16" VPOS="873" HPOS="341"/>
							<String ID="string_235" HPOS="357" VPOS="873" WIDTH="100" HEIGHT="20" WC="0.93" CONTENT="afseende"/><SP WIDTH="15" VPOS="873" HPOS="457"/>
							<String ID="string_236" HPOS="472" VPOS="873" WIDTH="53" HEIGHT="20" WC="0.93" CONTENT="härå"/><SP WIDTH="16" VPOS="873" HPOS="525"/>
							<String ID="string_237" HPOS="541" VPOS="873" WIDTH="39" HEIGHT="21" WC="0.96" CONTENT="har"/><SP WIDTH="14" VPOS="873" HPOS="580"/>
							<String ID="string_238" HPOS="594" VPOS="873" WIDTH="35" HEIGHT="26" WC="0.96" CONTENT="jag"/><SP WIDTH="15" VPOS="873" HPOS="629"/>
							<String ID="string_239" HPOS="644" VPOS="872" WIDTH="64" HEIGHT="21" WC="0.95" CONTENT="likväl"/><SP WIDTH="16" VPOS="872" HPOS="708"/>
							<String ID="string_240" HPOS="724" VPOS="875" WIDTH="70" HEIGHT="18" WC="0.96" CONTENT="ansett"/><SP WIDTH="15" VPOS="875" HPOS="794"/>
							<String ID="string_241" HPOS="809" VPOS="872" WIDTH="42" HEIGHT="26" WC="0.95" CONTENT="mig"/><SP WIDTH="15" VPOS="872" HPOS="851"/>
							<String ID="string_242" HPOS="866" VPOS="872" WIDTH="52" HEIGHT="21" WC="0.96" CONTENT="böra"/>
						</TextLine>
						<TextLine ID="line_26" HPOS="93" VPOS="900" WIDTH="826" HEIGHT="27">
							<String ID="string_243" HPOS="93" VPOS="902" WIDTH="51" HEIGHT="24" WC="0.96" CONTENT="göra"/><SP WIDTH="23" VPOS="902" HPOS="144"/>
							<String ID="string_244" HPOS="167" VPOS="907" WIDTH="25" HEIGHT="14" WC="0.96" CONTENT="en"/><SP WIDTH="23" VPOS="907" HPOS="192"/>
							<String ID="string_245" HPOS="215" VPOS="901" WIDTH="140" HEIGHT="26" WC="0.96" CONTENT="anmärkning"/><SP WIDTH="22" VPOS="901" HPOS="355"/>
							<String ID="string_246" HPOS="377" VPOS="902" WIDTH="109" HEIGHT="25" WC="0.96" CONTENT="angående"/><SP WIDTH="22" VPOS="902" HPOS="486"/>
							<String ID="string_247" HPOS="508" VPOS="904" WIDTH="116" HEIGHT="19" WC="0.93" CONTENT="momentet"/><SP WIDTH="24" VPOS="904" HPOS="624"/>
							<String ID="string_248" HPOS="648" VPOS="901" WIDTH="18" HEIGHT="20" WC="0.90" CONTENT="b."/><SP WIDTH="31" VPOS="901" HPOS="666"/>
							<String ID="string_249" HPOS="697" VPOS="901" WIDTH="110" HEIGHT="21" WC="0.94" CONTENT="Utskottet"/><SP WIDTH="22" VPOS="901" HPOS="807"/>
							<String ID="string_250" HPOS="829" VPOS="900" WIDTH="90" HEIGHT="21" WC="0.96" CONTENT="föreslår"/>
						</TextLine>
						<TextLine ID="line_27" HPOS="94" VPOS="929" WIDTH="824" HEIGHT="28">
							<String ID="string_251" HPOS="94" VPOS="929" WIDTH="112" HEIGHT="26" WC="0.96" CONTENT="nämligen,"/><SP WIDTH="29" VPOS="929" HPOS="206"/>
							<String ID="string_252" HPOS="235" VPOS="932" WIDTH="32" HEIGHT="19" WC="0.95" CONTENT="att"/><SP WIDTH="27" VPOS="932" HPOS="267"/>
							<String ID="string_253" HPOS="294" VPOS="930" WIDTH="159" HEIGHT="26" WC="0.96" CONTENT="propositionen"/><SP WIDTH="23" VPOS="930" HPOS="453"/>
							<String ID="string_254" HPOS="476" VPOS="930" WIDTH="109" HEIGHT="27" WC="0.96" CONTENT="angående"/><SP WIDTH="22" VPOS="930" HPOS="585"/>
							<String ID="string_255" HPOS="607" VPOS="930" WIDTH="121" HEIGHT="21" WC="0.96" CONTENT="inrättande"/><SP WIDTH="22" VPOS="930" HPOS="728"/>
							<String ID="string_256" HPOS="750" VPOS="929" WIDTH="22" HEIGHT="21" WC="0.89" CONTENT="af"/><SP WIDTH="21" VPOS="929" HPOS="772"/>
							<String ID="string_257" HPOS="793" VPOS="929" WIDTH="125" HEIGHT="22" WC="0.89" CONTENT="idiotskolor"/>
						</TextLine>
						<TextLine ID="line_28" HPOS="94" VPOS="957" WIDTH="824" HEIGHT="28">
							<String ID="string_258" HPOS="94" VPOS="957" WIDTH="67" HEIGHT="22" WC="0.91" CONTENT="skulle"/><SP WIDTH="23" VPOS="957" HPOS="161"/>
							<String ID="string_259" HPOS="184" VPOS="958" WIDTH="118" HEIGHT="27" WC="0.91" CONTENT="föreläggas"/><SP WIDTH="16" VPOS="958" HPOS="302"/>
							<String ID="string_260" HPOS="318" VPOS="961" WIDTH="48" HEIGHT="18" WC="0.93" CONTENT="näst"/><SP WIDTH="15" VPOS="961" HPOS="366"/>
							<String ID="string_261" HPOS="381" VPOS="959" WIDTH="199" HEIGHT="21" WC="0.88" CONTENT="sammanträdande"/><SP WIDTH="16" VPOS="959" HPOS="580"/>
							<String ID="string_262" HPOS="596" VPOS="959" WIDTH="92" HEIGHT="20" WC="0.96" CONTENT="ständer."/><SP WIDTH="31" VPOS="959" HPOS="688"/>
							<String ID="string_263" HPOS="719" VPOS="958" WIDTH="65" HEIGHT="21" WC="0.91" CONTENT="Detta"/><SP WIDTH="15" VPOS="958" HPOS="784"/>
							<String ID="string_264" HPOS="799" VPOS="964" WIDTH="61" HEIGHT="21" WC="0.96" CONTENT="synes"/><SP WIDTH="16" VPOS="964" HPOS="860"/>
							<String ID="string_265" HPOS="876" VPOS="958" WIDTH="42" HEIGHT="26" WC="0.96" CONTENT="mig"/>
						</TextLine>
						<TextLine ID="line_29" HPOS="94" VPOS="986" WIDTH="824" HEIGHT="28">
							<String ID="string_266" HPOS="94" VPOS="986" WIDTH="46" HEIGHT="21" WC="0.96" CONTENT="icke"/><SP WIDTH="23" VPOS="986" HPOS="140"/>
							<String ID="string_267" HPOS="163" VPOS="993" WIDTH="50" HEIGHT="14" WC="0.96" CONTENT="vara"/><SP WIDTH="19" VPOS="993" HPOS="213"/>
							<String ID="string_268" HPOS="232" VPOS="987" WIDTH="84" HEIGHT="21" WC="0.96" CONTENT="absolut"/><SP WIDTH="16" VPOS="987" HPOS="316"/>
							<String ID="string_269" HPOS="332" VPOS="987" WIDTH="138" HEIGHT="27" WC="0.94" CONTENT="nödvändigt."/><SP WIDTH="30" VPOS="987" HPOS="470"/>
							<String ID="string_270" HPOS="500" VPOS="987" WIDTH="32" HEIGHT="21" WC="0.95" CONTENT="En"/><SP WIDTH="16" VPOS="987" HPOS="532"/>
							<String ID="string_271" HPOS="548" VPOS="987" WIDTH="78" HEIGHT="22" WC="0.96" CONTENT="statisk"/><SP WIDTH="16" VPOS="987" HPOS="626"/>
							<String ID="string_272" HPOS="642" VPOS="987" WIDTH="112" HEIGHT="26" WC="0.96" CONTENT="utredning"/><SP WIDTH="15" VPOS="987" HPOS="754"/>
							<String ID="string_273" HPOS="769" VPOS="987" WIDTH="22" HEIGHT="20" WC="0.96" CONTENT="af"/><SP WIDTH="14" VPOS="987" HPOS="791"/>
							<String ID="string_274" HPOS="805" VPOS="986" WIDTH="73" HEIGHT="27" WC="0.96" CONTENT="frågan"/><SP WIDTH="16" VPOS="986" HPOS="878"/>
							<String ID="string_275" HPOS="894" VPOS="988" WIDTH="24" HEIGHT="19" WC="0.96" CONTENT="är"/>
						</TextLine>
						<TextLine ID="line_30" HPOS="92" VPOS="1015" WIDTH="825" HEIGHT="27">
							<String ID="string_276" HPOS="92" VPOS="1015" WIDTH="135" HEIGHT="26" WC="0.93" CONTENT="naturligtvis"/><SP WIDTH="17" VPOS="1015" HPOS="227"/>
							<String ID="string_277" HPOS="244" VPOS="1015" WIDTH="91" HEIGHT="27" WC="0.91" CONTENT="behöflig"/><SP WIDTH="14" VPOS="1015" HPOS="335"/>
							<String ID="string_278" HPOS="349" VPOS="1016" WIDTH="110" HEIGHT="26" WC="0.96" CONTENT="angående"/><SP WIDTH="17" VPOS="1016" HPOS="459"/>
							<String ID="string_279" HPOS="476" VPOS="1016" WIDTH="80" HEIGHT="21" WC="0.96" CONTENT="antalet"/><SP WIDTH="16" VPOS="1016" HPOS="556"/>
							<String ID="string_280" HPOS="572" VPOS="1016" WIDTH="21" HEIGHT="21" WC="0.96" CONTENT="af"/><SP WIDTH="15" VPOS="1016" HPOS="593"/>
							<String ID="string_281" HPOS="608" VPOS="1015" WIDTH="115" HEIGHT="22" WC="0.95" CONTENT="sinnesslöa"/><SP WIDTH="17" VPOS="1015" HPOS="723"/>
							<String ID="string_282" HPOS="740" VPOS="1016" WIDTH="6" HEIGHT="20" WC="0.96" CONTENT="i"/><SP WIDTH="16" VPOS="1016" HPOS="746"/>
							<String ID="string_283" HPOS="762" VPOS="1015" WIDTH="78" HEIGHT="21" WC="0.95" CONTENT="landet."/><SP WIDTH="28" VPOS="1015" HPOS="840"/>
							<String ID="string_284" HPOS="868" VPOS="1015" WIDTH="49" HEIGHT="21" WC="0.96" CONTENT="Men"/>
						</TextLine>
						<TextLine ID="line_31" HPOS="94" VPOS="1043" WIDTH="823" HEIGHT="28">
							<String ID="string_285" HPOS="94" VPOS="1043" WIDTH="63" HEIGHT="21" WC="0.95" CONTENT="sedan"/><SP WIDTH="17" VPOS="1043" HPOS="157"/>
							<String ID="string_286" HPOS="174" VPOS="1050" WIDTH="25" HEIGHT="14" WC="0.96" CONTENT="en"/><SP WIDTH="16" VPOS="1050" HPOS="199"/>
							<String ID="string_287" HPOS="215" VPOS="1044" WIDTH="64" HEIGHT="21" WC="0.96" CONTENT="sådan"/><SP WIDTH="17" VPOS="1044" HPOS="279"/>
							<String ID="string_288" HPOS="296" VPOS="1045" WIDTH="113" HEIGHT="26" WC="0.96" CONTENT="utredning"/><SP WIDTH="15" VPOS="1045" HPOS="409"/>
							<String ID="string_289" HPOS="424" VPOS="1045" WIDTH="90" HEIGHT="25" WC="0.96" CONTENT="vunnits,"/><SP WIDTH="17" VPOS="1045" HPOS="514"/>
							<String ID="string_290" HPOS="531" VPOS="1051" WIDTH="35" HEIGHT="14" WC="0.96" CONTENT="ser"/><SP WIDTH="12" VPOS="1051" HPOS="566"/>
							<String ID="string_291" HPOS="578" VPOS="1044" WIDTH="37" HEIGHT="27" WC="0.96" CONTENT="jag"/><SP WIDTH="15" VPOS="1044" HPOS="615"/>
							<String ID="string_292" HPOS="630" VPOS="1044" WIDTH="19" HEIGHT="27" WC="0.96" CONTENT="ej"/><SP WIDTH="16" VPOS="1044" HPOS="649"/>
							<String ID="string_293" HPOS="665" VPOS="1044" WIDTH="65" HEIGHT="27" WC="0.95" CONTENT="något"/><SP WIDTH="15" VPOS="1044" HPOS="730"/>
							<String ID="string_294" HPOS="745" VPOS="1044" WIDTH="74" HEIGHT="21" WC="0.96" CONTENT="hinder"/><SP WIDTH="11" VPOS="1044" HPOS="819"/>
							<String ID="string_295" HPOS="830" VPOS="1043" WIDTH="32" HEIGHT="21" WC="0.93" CONTENT="för"/><SP WIDTH="12" VPOS="1043" HPOS="862"/>
							<String ID="string_296" HPOS="874" VPOS="1043" WIDTH="43" HEIGHT="22" WC="0.90" CONTENT="lan-"/>
						</TextLine>
						<TextLine ID="line_32" HPOS="94" VPOS="1072" WIDTH="823" HEIGHT="28">
							<String ID="string_297" HPOS="94" VPOS="1072" WIDTH="45" HEIGHT="21" WC="0.96" CONTENT="dets"/><SP WIDTH="20" VPOS="1072" HPOS="139"/>
							<String ID="string_298" HPOS="159" VPOS="1073" WIDTH="89" HEIGHT="26" WC="0.96" CONTENT="styrelse"/><SP WIDTH="15" VPOS="1073" HPOS="248"/>
							<String ID="string_299" HPOS="263" VPOS="1075" WIDTH="32" HEIGHT="18" WC="0.96" CONTENT="att"/><SP WIDTH="14" VPOS="1075" HPOS="295"/>
							<String ID="string_300" HPOS="309" VPOS="1076" WIDTH="75" HEIGHT="23" WC="0.96" CONTENT="genast"/><SP WIDTH="16" VPOS="1076" HPOS="384"/>
							<String ID="string_301" HPOS="400" VPOS="1073" WIDTH="86" HEIGHT="27" WC="0.96" CONTENT="vidtaga"/><SP WIDTH="16" VPOS="1073" HPOS="486"/>
							<String ID="string_302" HPOS="502" VPOS="1073" WIDTH="25" HEIGHT="21" WC="0.96" CONTENT="de"/><SP WIDTH="16" VPOS="1073" HPOS="527"/>
							<String ID="string_303" HPOS="543" VPOS="1073" WIDTH="105" HEIGHT="26" WC="0.96" CONTENT="åtgärder,"/><SP WIDTH="17" VPOS="1073" HPOS="648"/>
							<String ID="string_304" HPOS="665" VPOS="1079" WIDTH="43" HEIGHT="15" WC="0.96" CONTENT="som"/><SP WIDTH="18" VPOS="1079" HPOS="708"/>
							<String ID="string_305" HPOS="726" VPOS="1074" WIDTH="69" HEIGHT="19" WC="0.96" CONTENT="kunna"/><SP WIDTH="16" VPOS="1074" HPOS="795"/>
							<String ID="string_306" HPOS="811" VPOS="1072" WIDTH="106" HEIGHT="21" WC="0.96" CONTENT="erfordras"/>
						</TextLine>
						<TextLine ID="line_33" HPOS="91" VPOS="1100" WIDTH="826" HEIGHT="28">
							<String ID="string_307" HPOS="91" VPOS="1101" WIDTH="35" HEIGHT="20" WC="0.96" CONTENT="för"/><SP WIDTH="14" VPOS="1101" HPOS="126"/>
							<String ID="string_308" HPOS="140" VPOS="1100" WIDTH="119" HEIGHT="22" WC="0.96" CONTENT="beredande"/><SP WIDTH="16" VPOS="1100" HPOS="259"/>
							<String ID="string_309" HPOS="275" VPOS="1101" WIDTH="21" HEIGHT="21" WC="0.96" CONTENT="af"/><SP WIDTH="14" VPOS="1101" HPOS="296"/>
							<String ID="string_310" HPOS="310" VPOS="1102" WIDTH="82" HEIGHT="21" WC="0.96" CONTENT="tillfälle"/><SP WIDTH="16" VPOS="1102" HPOS="392"/>
							<String ID="string_311" HPOS="408" VPOS="1102" WIDTH="32" HEIGHT="21" WC="0.95" CONTENT="till"/><SP WIDTH="16" VPOS="1102" HPOS="440"/>
							<String ID="string_312" HPOS="456" VPOS="1102" WIDTH="51" HEIGHT="21" WC="0.96" CONTENT="vård"/><SP WIDTH="17" VPOS="1102" HPOS="507"/>
							<String ID="string_313" HPOS="524" VPOS="1102" WIDTH="39" HEIGHT="21" WC="0.96" CONTENT="och"/><SP WIDTH="11" VPOS="1102" HPOS="563"/>
							<String ID="string_314" HPOS="574" VPOS="1101" WIDTH="151" HEIGHT="27" WC="0.96" CONTENT="undervisning"/><SP WIDTH="8" VPOS="1101" HPOS="725"/>
							<String ID="string_315" HPOS="733" VPOS="1101" WIDTH="32" HEIGHT="22" WC="0.93" CONTENT="för"/><SP WIDTH="11" VPOS="1101" HPOS="765"/>
							<String ID="string_316" HPOS="776" VPOS="1101" WIDTH="60" HEIGHT="21" WC="0.93" CONTENT="desse"/><SP WIDTH="11" VPOS="1101" HPOS="836"/>
							<String ID="string_317" HPOS="847" VPOS="1101" WIDTH="70" HEIGHT="26" WC="0.93" CONTENT="olyck-"/>
						</TextLine>
						<TextLine ID="line_34" HPOS="92" VPOS="1129" WIDTH="825" HEIGHT="28">
							<String ID="string_318" HPOS="92" VPOS="1129" WIDTH="50" HEIGHT="26" WC="0.96" CONTENT="lige,"/><SP WIDTH="15" VPOS="1129" HPOS="142"/>
							<String ID="string_319" HPOS="157" VPOS="1132" WIDTH="51" HEIGHT="18" WC="0.96" CONTENT="utan"/><SP WIDTH="17" VPOS="1132" HPOS="208"/>
							<String ID="string_320" HPOS="225" VPOS="1132" WIDTH="32" HEIGHT="19" WC="0.96" CONTENT="att"/><SP WIDTH="16" VPOS="1132" HPOS="257"/>
							<String ID="string_321" HPOS="273" VPOS="1131" WIDTH="123" HEIGHT="26" WC="0.96" CONTENT="regeringen"/><SP WIDTH="17" VPOS="1131" HPOS="396"/>
							<String ID="string_322" HPOS="413" VPOS="1130" WIDTH="68" HEIGHT="21" WC="0.92" CONTENT="skulle"/><SP WIDTH="16" VPOS="1130" HPOS="481"/>
							<String ID="string_323" HPOS="497" VPOS="1130" WIDTH="91" HEIGHT="21" WC="0.92" CONTENT="behöfva"/><SP WIDTH="9" VPOS="1130" HPOS="588"/>
							<String ID="string_324" HPOS="597" VPOS="1130" WIDTH="87" HEIGHT="21" WC="0.92" CONTENT="afvakta"/><SP WIDTH="12" VPOS="1130" HPOS="684"/>
							<String ID="string_325" HPOS="696" VPOS="1132" WIDTH="60" HEIGHT="19" WC="0.93" CONTENT="nästa"/><SP WIDTH="11" VPOS="1132" HPOS="756"/>
							<String ID="string_326" HPOS="767" VPOS="1130" WIDTH="150" HEIGHT="21" WC="0.90" CONTENT="ständermöte."/>
						</TextLine>
						<TextLine ID="line_35" HPOS="89" VPOS="1157" WIDTH="828" HEIGHT="27">
							<String ID="string_327" HPOS="89" VPOS="1157" WIDTH="43" HEIGHT="27" WC="0.96" CONTENT="Jag"/><SP WIDTH="15" VPOS="1157" HPOS="132"/>
							<String ID="string_328" HPOS="147" VPOS="1157" WIDTH="68" HEIGHT="22" WC="0.96" CONTENT="skulle"/><SP WIDTH="17" VPOS="1157" HPOS="215"/>
							<String ID="string_329" HPOS="232" VPOS="1159" WIDTH="69" HEIGHT="20" WC="0.96" CONTENT="derför"/><SP WIDTH="16" VPOS="1159" HPOS="301"/>
							<String ID="string_330" HPOS="317" VPOS="1159" WIDTH="78" HEIGHT="21" WC="0.96" CONTENT="föreslå"/><SP WIDTH="16" VPOS="1159" HPOS="395"/>
							<String ID="string_331" HPOS="411" VPOS="1161" WIDTH="32" HEIGHT="19" WC="0.96" CONTENT="att"/><SP WIDTH="16" VPOS="1161" HPOS="443"/>
							<String ID="string_332" HPOS="459" VPOS="1159" WIDTH="40" HEIGHT="20" WC="0.96" CONTENT="den"/><SP WIDTH="15" VPOS="1159" HPOS="499"/>
							<String ID="string_333" HPOS="514" VPOS="1165" WIDTH="76" HEIGHT="15" WC="0.93" CONTENT="senare"/><SP WIDTH="15" VPOS="1165" HPOS="590"/>
							<String ID="string_334" HPOS="605" VPOS="1159" WIDTH="105" HEIGHT="21" WC="0.92" CONTENT="klämmen"/><SP WIDTH="16" VPOS="1159" HPOS="710"/>
							<String ID="string_335" HPOS="726" VPOS="1159" WIDTH="68" HEIGHT="21" WC="0.96" CONTENT="skulle"/><SP WIDTH="15" VPOS="1159" HPOS="794"/>
							<String ID="string_336" HPOS="809" VPOS="1158" WIDTH="21" HEIGHT="21" WC="0.96" CONTENT="få"/><SP WIDTH="15" VPOS="1158" HPOS="830"/>
							<String ID="string_337" HPOS="845" VPOS="1165" WIDTH="25" HEIGHT="14" WC="0.93" CONTENT="en"/><SP WIDTH="13" VPOS="1165" HPOS="870"/>
							<String ID="string_338" HPOS="883" VPOS="1161" WIDTH="34" HEIGHT="18" WC="0.93" CONTENT="ut-"/>
						</TextLine>
						<TextLine ID="line_36" HPOS="91" VPOS="1187" WIDTH="827" HEIGHT="26">
							<String ID="string_339" HPOS="91" VPOS="1187" WIDTH="77" HEIGHT="26" WC="0.96" CONTENT="vidgad"/><SP WIDTH="24" VPOS="1187" HPOS="168"/>
							<String ID="string_340" HPOS="192" VPOS="1187" WIDTH="118" HEIGHT="24" WC="0.95" CONTENT="redaktion,"/><SP WIDTH="26" VPOS="1187" HPOS="310"/>
							<String ID="string_341" HPOS="336" VPOS="1187" WIDTH="89" HEIGHT="22" WC="0.96" CONTENT="sålunda"/><SP WIDTH="15" VPOS="1187" HPOS="425"/>
							<String ID="string_342" HPOS="440" VPOS="1190" WIDTH="32" HEIGHT="19" WC="0.96" CONTENT="att"/><SP WIDTH="17" VPOS="1190" HPOS="472"/>
							<String ID="string_343" HPOS="489" VPOS="1187" WIDTH="35" HEIGHT="22" WC="0.96" CONTENT="det"/><SP WIDTH="16" VPOS="1187" HPOS="524"/>
							<String ID="string_344" HPOS="540" VPOS="1187" WIDTH="68" HEIGHT="22" WC="0.96" CONTENT="skulle"/><SP WIDTH="20" VPOS="1187" HPOS="608"/>
							<String ID="string_345" HPOS="628" VPOS="1188" WIDTH="57" HEIGHT="25" WC="0.93" CONTENT="heta,"/><SP WIDTH="16" VPOS="1188" HPOS="685"/>
							<String ID="string_346" HPOS="701" VPOS="1190" WIDTH="44" HEIGHT="23" WC="0.92" CONTENT=",att"/><SP WIDTH="16" VPOS="1190" HPOS="745"/>
							<String ID="string_347" HPOS="761" VPOS="1187" WIDTH="53" HEIGHT="21" WC="0.96" CONTENT="efter"/><SP WIDTH="15" VPOS="1187" HPOS="814"/>
							<String ID="string_348" HPOS="829" VPOS="1187" WIDTH="89" HEIGHT="21" WC="0.96" CONTENT="sålunda"/>
						</TextLine>
						<TextLine ID="line_37" HPOS="93" VPOS="1215" WIDTH="824" HEIGHT="28">
							<String ID="string_349" HPOS="93" VPOS="1221" WIDTH="83" HEIGHT="15" WC="0.94" CONTENT="vunnen"/><SP WIDTH="24" VPOS="1221" HPOS="176"/>
							<String ID="string_350" HPOS="200" VPOS="1216" WIDTH="113" HEIGHT="25" WC="0.94" CONTENT="utredning"/><SP WIDTH="23" VPOS="1216" HPOS="313"/>
							<String ID="string_351" HPOS="336" VPOS="1216" WIDTH="140" HEIGHT="27" WC="0.92" CONTENT="erforderliga"/><SP WIDTH="22" VPOS="1216" HPOS="476"/>
							<String ID="string_352" HPOS="498" VPOS="1217" WIDTH="101" HEIGHT="25" WC="0.96" CONTENT="åtgärder"/><SP WIDTH="15" VPOS="1217" HPOS="599"/>
							<String ID="string_353" HPOS="614" VPOS="1216" WIDTH="33" HEIGHT="21" WC="0.96" CONTENT="för"/><SP WIDTH="15" VPOS="1216" HPOS="647"/>
							<String ID="string_354" HPOS="662" VPOS="1216" WIDTH="120" HEIGHT="21" WC="0.95" CONTENT="beredande"/><SP WIDTH="15" VPOS="1216" HPOS="782"/>
							<String ID="string_355" HPOS="797" VPOS="1215" WIDTH="24" HEIGHT="21" WC="0.92" CONTENT="af"/><SP WIDTH="14" VPOS="1215" HPOS="821"/>
							<String ID="string_356" HPOS="835" VPOS="1215" WIDTH="82" HEIGHT="21" WC="0.92" CONTENT="tillfälle"/>
						</TextLine>
						<TextLine ID="line_38" HPOS="90" VPOS="1243" WIDTH="826" HEIGHT="29">
							<String ID="string_357" HPOS="90" VPOS="1243" WIDTH="33" HEIGHT="22" WC="0.94" CONTENT="till"/><SP WIDTH="24" VPOS="1243" HPOS="123"/>
							<String ID="string_358" HPOS="147" VPOS="1244" WIDTH="51" HEIGHT="21" WC="0.94" CONTENT="vård"/><SP WIDTH="17" VPOS="1244" HPOS="198"/>
							<String ID="string_359" HPOS="215" VPOS="1244" WIDTH="39" HEIGHT="22" WC="0.96" CONTENT="och"/><SP WIDTH="17" VPOS="1244" HPOS="254"/>
							<String ID="string_360" HPOS="271" VPOS="1245" WIDTH="149" HEIGHT="27" WC="0.96" CONTENT="undervisning"/><SP WIDTH="16" VPOS="1245" HPOS="420"/>
							<String ID="string_361" HPOS="436" VPOS="1245" WIDTH="34" HEIGHT="21" WC="0.93" CONTENT="för"/><SP WIDTH="16" VPOS="1245" HPOS="470"/>
							<String ID="string_362" HPOS="486" VPOS="1245" WIDTH="59" HEIGHT="21" WC="0.92" CONTENT="desse"/><SP WIDTH="17" VPOS="1245" HPOS="545"/>
							<String ID="string_363" HPOS="562" VPOS="1245" WIDTH="102" HEIGHT="27" WC="0.92" CONTENT="olycklige"/><SP WIDTH="16" VPOS="1245" HPOS="664"/>
							<String ID="string_364" HPOS="680" VPOS="1245" WIDTH="65" HEIGHT="21" WC="0.96" CONTENT="måtte"/><SP WIDTH="15" VPOS="1245" HPOS="745"/>
							<String ID="string_365" HPOS="760" VPOS="1245" WIDTH="23" HEIGHT="21" WC="0.96" CONTENT="så"/><SP WIDTH="16" VPOS="1245" HPOS="783"/>
							<String ID="string_366" HPOS="799" VPOS="1247" WIDTH="58" HEIGHT="18" WC="0.83" CONTENT="snart"/><SP WIDTH="15" VPOS="1247" HPOS="857"/>
							<String ID="string_367" HPOS="872" VPOS="1250" WIDTH="44" HEIGHT="15" WC="0.95" CONTENT="som"/>
						</TextLine>
						<TextLine ID="line_39" HPOS="92" VPOS="1272" WIDTH="824" HEIGHT="28">
							<String ID="string_368" HPOS="92" VPOS="1272" WIDTH="81" HEIGHT="27" WC="0.95" CONTENT="möjligt"/><SP WIDTH="23" VPOS="1272" HPOS="173"/>
							<String ID="string_369" HPOS="196" VPOS="1273" WIDTH="117" HEIGHT="27" WC="0.74" CONTENT="vidtagas.&quot;"/><SP WIDTH="25" VPOS="1273" HPOS="313"/>
							<String ID="string_370" HPOS="338" VPOS="1274" WIDTH="33" HEIGHT="21" WC="0.95" CONTENT="Då"/><SP WIDTH="23" VPOS="1274" HPOS="371"/>
							<String ID="string_371" HPOS="394" VPOS="1274" WIDTH="40" HEIGHT="20" WC="0.96" CONTENT="kan"/><SP WIDTH="25" VPOS="1274" HPOS="434"/>
							<String ID="string_372" HPOS="459" VPOS="1274" WIDTH="125" HEIGHT="26" WC="0.95" CONTENT="regeringen"/><SP WIDTH="16" VPOS="1274" HPOS="584"/>
							<String ID="string_373" HPOS="600" VPOS="1274" WIDTH="85" HEIGHT="26" WC="0.96" CONTENT="vidtaga"/><SP WIDTH="16" VPOS="1274" HPOS="685"/>
							<String ID="string_374" HPOS="701" VPOS="1274" WIDTH="69" HEIGHT="20" WC="0.96" CONTENT="denna"/><SP WIDTH="14" VPOS="1274" HPOS="770"/>
							<String ID="string_375" HPOS="784" VPOS="1273" WIDTH="83" HEIGHT="27" WC="0.95" CONTENT="åtgärd,"/><SP WIDTH="16" VPOS="1273" HPOS="867"/>
							<String ID="string_376" HPOS="883" VPOS="1279" WIDTH="33" HEIGHT="15" WC="0.96" CONTENT="om"/>
						</TextLine>
						<TextLine ID="line_40" HPOS="90" VPOS="1301" WIDTH="827" HEIGHT="28">
							<String ID="string_377" HPOS="90" VPOS="1301" WIDTH="40" HEIGHT="21" WC="0.96" CONTENT="den"/><SP WIDTH="23" VPOS="1301" HPOS="130"/>
							<String ID="string_378" HPOS="153" VPOS="1302" WIDTH="23" HEIGHT="20" WC="0.96" CONTENT="så"/><SP WIDTH="19" VPOS="1302" HPOS="176"/>
							<String ID="string_379" HPOS="195" VPOS="1301" WIDTH="67" HEIGHT="22" WC="0.96" CONTENT="finner"/><SP WIDTH="15" VPOS="1301" HPOS="262"/>
							<String ID="string_380" HPOS="277" VPOS="1302" WIDTH="32" HEIGHT="21" WC="0.96" CONTENT="för"/><SP WIDTH="15" VPOS="1302" HPOS="309"/>
							<String ID="string_381" HPOS="324" VPOS="1302" WIDTH="57" HEIGHT="27" WC="0.96" CONTENT="godt,"/><SP WIDTH="16" VPOS="1302" HPOS="381"/>
							<String ID="string_382" HPOS="397" VPOS="1302" WIDTH="65" HEIGHT="21" WC="0.96" CONTENT="redan"/><SP WIDTH="17" VPOS="1302" HPOS="462"/>
							<String ID="string_383" HPOS="479" VPOS="1302" WIDTH="45" HEIGHT="21" WC="0.96" CONTENT="före"/><SP WIDTH="16" VPOS="1302" HPOS="524"/>
							<String ID="string_384" HPOS="540" VPOS="1305" WIDTH="62" HEIGHT="19" WC="0.93" CONTENT="nästa"/><SP WIDTH="15" VPOS="1305" HPOS="602"/>
							<String ID="string_385" HPOS="617" VPOS="1302" WIDTH="108" HEIGHT="27" WC="0.92" CONTENT="landtdag,"/><SP WIDTH="16" VPOS="1302" HPOS="725"/>
							<String ID="string_386" HPOS="741" VPOS="1302" WIDTH="51" HEIGHT="21" WC="0.95" CONTENT="eller"/><SP WIDTH="15" VPOS="1302" HPOS="792"/>
							<String ID="string_387" HPOS="807" VPOS="1302" WIDTH="65" HEIGHT="21" WC="0.93" CONTENT="också"/><SP WIDTH="15" VPOS="1302" HPOS="872"/>
							<String ID="string_388" HPOS="887" VPOS="1301" WIDTH="30" HEIGHT="21" WC="0.92" CONTENT="fö-"/>
						</TextLine>
						<TextLine ID="line_41" HPOS="92" VPOS="1330" WIDTH="825" HEIGHT="27">
							<String ID="string_389" HPOS="92" VPOS="1330" WIDTH="85" HEIGHT="26" WC="0.92" CONTENT="relägga"/><SP WIDTH="20" VPOS="1330" HPOS="177"/>
							<String ID="string_390" HPOS="197" VPOS="1331" WIDTH="114" HEIGHT="21" WC="0.96" CONTENT="ständerna"/><SP WIDTH="15" VPOS="1331" HPOS="311"/>
							<String ID="string_391" HPOS="326" VPOS="1331" WIDTH="133" HEIGHT="26" WC="0.96" CONTENT="proposition"/><SP WIDTH="18" VPOS="1331" HPOS="459"/>
							<String ID="string_392" HPOS="477" VPOS="1331" WIDTH="78" HEIGHT="21" WC="0.96" CONTENT="derom."/><SP WIDTH="31" VPOS="1331" HPOS="555"/>
							<String ID="string_393" HPOS="586" VPOS="1331" WIDTH="48" HEIGHT="21" WC="0.96" CONTENT="Men"/><SP WIDTH="16" VPOS="1331" HPOS="634"/>
							<String ID="string_394" HPOS="650" VPOS="1337" WIDTH="26" HEIGHT="15" WC="0.96" CONTENT="en"/><SP WIDTH="16" VPOS="1337" HPOS="676"/>
							<String ID="string_395" HPOS="692" VPOS="1332" WIDTH="37" HEIGHT="20" WC="0.95" CONTENT="sak"/><SP WIDTH="16" VPOS="1332" HPOS="729"/>
							<String ID="string_396" HPOS="745" VPOS="1333" WIDTH="23" HEIGHT="19" WC="0.95" CONTENT="är"/><SP WIDTH="16" VPOS="1333" HPOS="768"/>
							<String ID="string_397" HPOS="784" VPOS="1330" WIDTH="53" HEIGHT="22" WC="0.96" CONTENT="dock"/><SP WIDTH="15" VPOS="1330" HPOS="837"/>
							<String ID="string_398" HPOS="852" VPOS="1330" WIDTH="65" HEIGHT="22" WC="0.95" CONTENT="redan"/>
						</TextLine>
						<TextLine ID="line_42" HPOS="91" VPOS="1358" WIDTH="826" HEIGHT="27">
							<String ID="string_399" HPOS="91" VPOS="1358" WIDTH="83" HEIGHT="25" WC="0.93" CONTENT="utredd,"/><SP WIDTH="21" VPOS="1358" HPOS="174"/>
							<String ID="string_400" HPOS="195" VPOS="1359" WIDTH="103" HEIGHT="26" WC="0.65" CONTENT="pemligen"/><SP WIDTH="25" VPOS="1359" HPOS="298"/>
							<String ID="string_401" HPOS="323" VPOS="1360" WIDTH="46" HEIGHT="23" WC="0.95" CONTENT="den,"/><SP WIDTH="16" VPOS="1360" HPOS="369"/>
							<String ID="string_402" HPOS="385" VPOS="1362" WIDTH="33" HEIGHT="18" WC="0.93" CONTENT="att"/><SP WIDTH="18" VPOS="1362" HPOS="418"/>
							<String ID="string_403" HPOS="436" VPOS="1360" WIDTH="182" HEIGHT="24" WC="0.92" CONTENT="abnorm-skolan,"/><SP WIDTH="17" VPOS="1360" HPOS="618"/>
							<String ID="string_404" HPOS="635" VPOS="1366" WIDTH="44" HEIGHT="15" WC="0.96" CONTENT="som"/><SP WIDTH="17" VPOS="1366" HPOS="679"/>
							<String ID="string_405" HPOS="696" VPOS="1359" WIDTH="65" HEIGHT="22" WC="0.96" CONTENT="finnes"/><SP WIDTH="16" VPOS="1359" HPOS="761"/>
							<String ID="string_406" HPOS="777" VPOS="1359" WIDTH="5" HEIGHT="21" WC="0.96" CONTENT="i"/><SP WIDTH="17" VPOS="1359" HPOS="782"/>
							<String ID="string_407" HPOS="799" VPOS="1358" WIDTH="118" HEIGHT="22" WC="0.96" CONTENT="Jakobstad"/>
						</TextLine>
						<TextLine ID="line_43" HPOS="90" VPOS="1387" WIDTH="827" HEIGHT="28">
							<String ID="string_408" HPOS="90" VPOS="1387" WIDTH="99" HEIGHT="27" WC="0.96" CONTENT="fungerar"/><SP WIDTH="16" VPOS="1387" HPOS="189"/>
							<String ID="string_409" HPOS="205" VPOS="1388" WIDTH="38" HEIGHT="20" WC="0.92" CONTENT="väl."/><SP WIDTH="31" VPOS="1388" HPOS="243"/>
							<String ID="string_410" HPOS="274" VPOS="1388" WIDTH="65" HEIGHT="21" WC="0.96" CONTENT="Detta"/><SP WIDTH="16" VPOS="1388" HPOS="339"/>
							<String ID="string_411" HPOS="355" VPOS="1388" WIDTH="40" HEIGHT="20" WC="0.93" CONTENT="har"/><SP WIDTH="16" VPOS="1388" HPOS="395"/>
							<String ID="string_412" HPOS="411" VPOS="1388" WIDTH="68" HEIGHT="21" WC="0.92" CONTENT="blifvit"/><SP WIDTH="15" VPOS="1388" HPOS="479"/>
							<String ID="string_413" HPOS="494" VPOS="1394" WIDTH="34" HEIGHT="15" WC="0.93" CONTENT="oss"/><SP WIDTH="16" VPOS="1394" HPOS="528"/>
							<String ID="string_414" HPOS="544" VPOS="1388" WIDTH="121" HEIGHT="22" WC="0.90" CONTENT="meddeladt"/><SP WIDTH="15" VPOS="1388" HPOS="665"/>
							<String ID="string_415" HPOS="680" VPOS="1394" WIDTH="74" HEIGHT="20" WC="0.93" CONTENT="genom"/><SP WIDTH="16" VPOS="1394" HPOS="754"/>
							<String ID="string_416" HPOS="770" VPOS="1388" WIDTH="147" HEIGHT="27" WC="0.91" CONTENT="kyrkoherden"/>
						</TextLine>
						<TextLine ID="line_44" HPOS="90" VPOS="1415" WIDTH="828" HEIGHT="28">
							<String ID="string_417" HPOS="90" VPOS="1415" WIDTH="5" HEIGHT="21" WC="0.96" CONTENT="i"/><SP WIDTH="24" VPOS="1415" HPOS="95"/>
							<String ID="string_418" HPOS="119" VPOS="1415" WIDTH="156" HEIGHT="27" WC="0.87" CONTENT="församlingen."/><SP WIDTH="29" VPOS="1415" HPOS="275"/>
							<String ID="string_419" HPOS="304" VPOS="1416" WIDTH="33" HEIGHT="22" WC="0.92" CONTENT="Dä"/><SP WIDTH="24" VPOS="1416" HPOS="337"/>
							<String ID="string_420" HPOS="361" VPOS="1423" WIDTH="24" HEIGHT="15" WC="0.93" CONTENT="en"/><SP WIDTH="25" VPOS="1423" HPOS="385"/>
							<String ID="string_421" HPOS="410" VPOS="1417" WIDTH="67" HEIGHT="21" WC="0.92" CONTENT="sädan"/><SP WIDTH="23" VPOS="1417" HPOS="477"/>
							<String ID="string_422" HPOS="500" VPOS="1418" WIDTH="114" HEIGHT="25" WC="0.96" CONTENT="utredning"/><SP WIDTH="15" VPOS="1418" HPOS="614"/>
							<String ID="string_423" HPOS="629" VPOS="1417" WIDTH="65" HEIGHT="21" WC="0.93" CONTENT="redan"/><SP WIDTH="15" VPOS="1417" HPOS="694"/>
							<String ID="string_424" HPOS="709" VPOS="1417" WIDTH="91" HEIGHT="25" WC="0.91" CONTENT="vunnits,"/><SP WIDTH="16" VPOS="1417" HPOS="800"/>
							<String ID="string_425" HPOS="816" VPOS="1422" WIDTH="50" HEIGHT="15" WC="0.92" CONTENT="vore"/><SP WIDTH="16" VPOS="1422" HPOS="866"/>
							<String ID="string_426" HPOS="882" VPOS="1416" WIDTH="36" HEIGHT="21" WC="0.96" CONTENT="det"/>
						</TextLine>
						<TextLine ID="line_45" HPOS="90" VPOS="1444" WIDTH="827" HEIGHT="28">
							<String ID="string_427" HPOS="90" VPOS="1444" WIDTH="46" HEIGHT="22" WC="0.94" CONTENT="skäl"/><SP WIDTH="23" VPOS="1444" HPOS="136"/>
							<String ID="string_428" HPOS="159" VPOS="1447" WIDTH="32" HEIGHT="19" WC="0.93" CONTENT="att"/><SP WIDTH="21" VPOS="1447" HPOS="191"/>
							<String ID="string_429" HPOS="212" VPOS="1445" WIDTH="188" HEIGHT="27" WC="0.92" CONTENT="kontraktprosten"/><SP WIDTH="25" VPOS="1445" HPOS="400"/>
							<String ID="string_430" HPOS="425" VPOS="1446" WIDTH="119" HEIGHT="21" WC="0.92" CONTENT="Helanders"/><SP WIDTH="15" VPOS="1446" HPOS="544"/>
							<String ID="string_431" HPOS="559" VPOS="1446" WIDTH="80" HEIGHT="25" WC="0.96" CONTENT="förslag"/><SP WIDTH="15" VPOS="1446" HPOS="639"/>
							<String ID="string_432" HPOS="654" VPOS="1445" WIDTH="68" HEIGHT="22" WC="0.93" CONTENT="skulle"/><SP WIDTH="15" VPOS="1445" HPOS="722"/>
							<String ID="string_433" HPOS="737" VPOS="1446" WIDTH="64" HEIGHT="20" WC="0.93" CONTENT="vinna"/><SP WIDTH="14" VPOS="1446" HPOS="801"/>
							<String ID="string_434" HPOS="815" VPOS="1444" WIDTH="102" HEIGHT="23" WC="0.92" CONTENT="Ständets"/>
						</TextLine>
						<TextLine ID="line_46" HPOS="89" VPOS="1473" WIDTH="830" HEIGHT="28">
							<String ID="string_435" HPOS="89" VPOS="1473" WIDTH="117" HEIGHT="21" WC="0.85" CONTENT="understöd"/><SP WIDTH="23" VPOS="1473" HPOS="206"/>
							<String ID="string_436" HPOS="229" VPOS="1474" WIDTH="38" HEIGHT="21" WC="0.95" CONTENT="och"/><SP WIDTH="24" VPOS="1474" HPOS="267"/>
							<String ID="string_437" HPOS="291" VPOS="1476" WIDTH="32" HEIGHT="19" WC="0.96" CONTENT="att"/><SP WIDTH="22" VPOS="1476" HPOS="323"/>
							<String ID="string_438" HPOS="345" VPOS="1474" WIDTH="7" HEIGHT="20" WC="0.93" CONTENT="i"/><SP WIDTH="17" VPOS="1474" HPOS="352"/>
							<String ID="string_439" HPOS="369" VPOS="1474" WIDTH="39" HEIGHT="21" WC="0.93" CONTENT="den"/><SP WIDTH="17" VPOS="1474" HPOS="408"/>
							<String ID="string_440" HPOS="425" VPOS="1474" WIDTH="69" HEIGHT="27" WC="0.93" CONTENT="tredje"/><SP WIDTH="15" VPOS="1474" HPOS="494"/>
							<String ID="string_441" HPOS="509" VPOS="1474" WIDTH="106" HEIGHT="22" WC="0.92" CONTENT="klämmen"/><SP WIDTH="16" VPOS="1474" HPOS="615"/>
							<String ID="string_442" HPOS="631" VPOS="1474" WIDTH="69" HEIGHT="22" WC="0.93" CONTENT="skulle"/><SP WIDTH="15" VPOS="1474" HPOS="700"/>
							<String ID="string_443" HPOS="715" VPOS="1474" WIDTH="105" HEIGHT="27" WC="0.93" CONTENT="tillfogas:"/><SP WIDTH="14" VPOS="1474" HPOS="820"/>
							<String ID="string_444" HPOS="834" VPOS="1475" WIDTH="47" HEIGHT="25" WC="0.84" CONTENT=",att"/><SP WIDTH="14" VPOS="1475" HPOS="881"/>
							<String ID="string_445" HPOS="895" VPOS="1473" WIDTH="24" HEIGHT="22" WC="0.96" CONTENT="ät"/>
						</TextLine>
					</TextBlock>
				</ComposedBlock>
				<GraphicalElement ID="cblock_3" HPOS="1106" VPOS="754" WIDTH="11" HEIGHT="786"></GraphicalElement >
			</PrintSpace>
		</Page>
	</Layout>
</alto>
