1117 1781
234 110 29 21 20
430 116 163 18 Presteståndet
606 117 58 17 1882.
688 117 25 17 26
724 116 90 22 januari.

205 185 41 22 ken
270 185 89 22 anländt
381 185 32 21 till
428 185 91 22 Ståndet
534 185 40 22 och
590 185 66 22 bland
672 186 48 21 dess
738 185 138 22 medlemmar
892 186 100 21 utdelats.
1008 199 27 2 —

205 213 157 22 Skrifvelserna
376 214 69 21 skulle
461 215 27 20 ad
500 215 98 21 notitiam
608 215 7 20 i
627 215 131 26 protokollet
770 214 117 22 antecknas
900 215 39 20 och
951 214 84 22 införda

205 242 7 21 i
229 242 104 27 Diarium,
349 243 72 27 läggas
437 243 31 21 till
485 243 161 27 handlingarne.

276 299 59 22 Härå
357 299 111 28 föredrogs
484 306 26 15 en
526 299 45 22 från
595 300 159 27 Stenografiska
775 300 135 27 Föreningen
926 300 6 21 i
949 301 40 26 dag
1004 300 29 21 in-

205 328 101 21 kommen
321 328 117 26 skrifvelse,
454 329 24 21 så
494 329 101 26 lydande:

432 414 41 21 Till
490 415 136 26 Högvördiga
641 415 168 21 Presteståndet.

277 477 44 21 Hos
346 477 137 27 Högvördiga
499 477 163 22 Presteståndet
681 477 32 22 får
729 477 161 27 Stenografiska
912 477 122 27 föreningen

206 505 132 21 härmedelst
362 506 91 26 anmäla,
477 508 32 19 att
531 506 92 27 löjtnant
645 506 115 24 Fabritius,
784 507 40 20 den
841 506 118 21 förnämsta
973 506 23 21 af
1010 506 26 21 de

205 533 141 28 stenografer,
369 534 81 21 hvilkas
474 534 82 21 biträde
580 535 56 21 varit
651 535 120 27 påräknadt
789 535 34 21 för
837 534 198 27 förhandlingarnas

206 563 163 26 upptecknande
385 563 67 21 under
467 563 142 21 innevarande
625 563 108 27 landtdag,
750 564 6 20 i
773 564 61 21 dessa
850 564 65 26 dagar
928 563 108 27 insjuknat

206 591 7 20 i
229 591 57 27 tyfus
301 593 55 20 samt
372 591 134 27 följaktligen
519 591 33 22 för
562 598 26 15 en
600 592 110 21 obestämd
722 592 31 21 tid
763 592 79 21 framåt
850 592 46 21 icke
909 591 41 22 kan
961 591 74 27 tjenst-

205 621 60 26 göra,
281 620 60 21 äfven
357 626 45 15 som
418 622 32 19 att
470 621 41 20 den
527 620 24 21 af
568 621 125 26 föreningen
708 621 33 20 för
756 621 162 21 Presteståndet
933 620 103 27 påtänkta

206 648 185 27 stenografchefen
407 649 101 26 magister
523 649 67 22 Lilius
605 649 77 22 i'strid
697 651 45 19 mot
757 650 38 21 sitt
810 649 91 28 tidigare
916 649 57 27 gifna
983 649 53 21 löfte

206 677 47 21 icke
277 677 34 21 vid
334 679 67 20 utsatt
419 678 31 21 tid
473 677 93 22 infunnit
588 678 34 27 sig
644 678 33 21 till
700 678 148 27 tjenstgöring,
872 684 48 15 men
941 677 95 22 deremot

206 711 77 21 genom
300 705 49 22 bref
361 706 107 21 framstält
490 706 92 27 anspräk
599 707 46 21 icke
664 707 230 21 öfverensstämmande
909 707 48 20 med
973 706 25 21 de
1014 706 24 21 af

207 734 156 27 stenografiska
387 734 121 27 föreningen
532 735 129 27 föreslagna.
691 735 32 22 Dä
739 735 58 21 tiden
812 735 47 21 icke
875 741 88 15 numera
978 735 56 21 med-

206 763 64 27 gifvit
285 762 123 27 föreningen
424 765 32 19 att
471 763 62 22 träda
548 764 6 20 i
570 765 99 20 närmare
684 763 194 28 underhandlingar
893 763 49 22 med
957 763 79 27 magis-

207 794 33 18 ter
256 791 67 22 Lilius
339 792 39 21 och
401 792 89 21 sälunda
510 792 46 21 icke
573 793 83 20 mindre
671 794 26 19 än
721 794 76 20 tvenne
820 792 123 27 päräknade
966 794 70 19 steno-

205 819 122 27 grafchefer
350 820 116 22 tillsvidare
489 821 48 21 icke
552 823 37 19 äro
605 823 33 19 att
653 821 101 27 päräkna,
772 821 41 21 har
827 821 130 26 föreningen,
970 821 65 26 jemte

207 849 37 21 det
260 855 25 15 en
309 849 65 21 delvis
398 855 28 22 ny
440 849 120 27 fördelning
575 850 23 21 af
611 850 27 21 de
653 849 32 22 till
707 850 55 21 buds
777 850 88 21 stäende
881 849 155 27 stenografiska

207 877 112 22 krafterna
333 877 68 22 blifvit
417 878 130 27 oundviklig,
562 880 43 19 sett
620 879 32 26 sig
667 878 33 21 för
715 879 132 20 närvarande
860 878 133 21 urständsatt
1003 881 33 18 att

205 905 113 28 öfvertaga
341 906 217 27 protokollsföringen
573 907 6 20 i
595 907 160 21 Presteständet
779 907 66 26 enligt
861 907 26 21 de
905 906 70 22 vilkor
990 913 45 15 som

206 934 125 27 föreningen
353 935 90 26 tidigare
466 935 91 27 erbjudit
580 935 40 22 och
635 942 45 15 som
702 936 48 21 med
774 935 176 22 modifikationen
966 935 70 21 blifvit

206 963 79 27 gillade
301 963 22 21 af
337 963 170 22 Presteständets
522 964 92 21 utsedda
629 965 217 26 beredningsutskott.

278 1020 131 27 Helsingfors
424 1021 41 21 den
482 1022 25 21 25
521 1021 84 27 januari
624 1022 61 21 1882.

528 1107 27 20 E.
573 1107 26 20 G.
617 1107 98 21 Palmén.

786 1166 18 15 J.
817 1164 21 17 P.
852 1163 115 18 Sohlstrand.

277 1245 10 21 I
303 1245 151 27 sammanhang
470 1245 86 21 härmed
580 1245 125 27 föredrogos
721 1245 54 28 änyo
791 1246 26 21 de
833 1245 48 21 frän
897 1246 139 20 sammanträ-

206 1274 38 20 det
270 1274 40 20 den
331 1274 27 21 23
383 1274 78 21 dennes
486 1274 155 26 bordliggande
666 1274 106 27 förslagen
799 1274 109 26 angäende
934 1274 102 21 kansliets

206 1302 153 26 organisation.

278 1359 67 21 Ordet
361 1360 107 21 lemnades
483 1359 54 22 först
553 1360 22 21 ät

277 1416 83 22 Doktor
381 1416 123 26 Geitlin,
524 1423 44 15 som
584 1418 86 26 yttrade
685 1419 32 19 att
732 1417 49 26 han,
798 1417 67 21 ehuru
880 1417 96 21 tacksam
992 1419 45 19 mot

205 1445 28 21 de
250 1445 164 21 kommitterade
430 1446 62 20 deras
507 1446 7 20 i
530 1445 144 27 kanslifrägan
690 1445 77 27 afgifna
783 1445 86 27 förslag,
889 1445 65 21 likväl
969 1446 67 21 mäste

207 1475 98 25 motsäga
320 1474 40 20 den
376 1474 68 26 punkt
459 1474 7 21 i
482 1474 124 25 detsamma,
630 1475 37 21 der
682 1474 22 22 ät
719 1474 163 27 stenograferna
897 1474 81 21 lemnas
993 1476 44 19 rät-

206 1502 71 26 tighet
292 1504 31 20 att
347 1502 95 22 förkasta
458 1502 38 22 och
520 1505 173 25 sammantränga
713 1503 106 21 talarenes
835 1503 158 26 andraganden,
1009 1516 28 2 —
