1117 1781
214 111 42 21 578
426 115 161 18 Presteständet
600 116 58 17 1882.
682 117 23 16 21
717 120 63 13 mars.

185 185 41 21 den
243 185 40 21 ock
299 185 94 21 fördelar
411 185 40 21 den
465 185 55 27 jord,
536 191 45 15 som
598 185 40 21 den
654 185 52 27 köpt
721 185 91 21 emellan
829 185 31 21 sin
876 185 45 22 lösa
937 185 82 22 befolk-

184 214 57 26 ning.
273 213 47 21 Den
337 213 45 22 lösa
397 213 150 28 befolkningen
563 213 41 21 kan
620 214 46 21 icke
683 214 64 21 blifva
762 214 70 21 säsom
849 220 62 20 egare
926 214 7 21 i
945 215 73 26 jorde-

183 242 72 21 boken
274 242 127 21 antecknad.
424 243 41 26 Jag
480 245 46 18 tror
536 244 32 19 att
579 244 31 19 ett
621 243 118 26 stadgande
750 243 5 20 i
767 244 36 19 det
817 242 53 27 syfte
881 249 45 15 som
938 243 79 26 profes-

185 276 35 15 sor
236 271 105 20 Forsman
357 270 115 27 föreslagit,
488 271 69 21 skulle
572 273 54 24 göra
641 271 49 21 hela
705 271 69 22 denna
785 271 127 28 författning
925 272 92 27 omöjlig.

255 327 111 22 Professor
385 328 173 27 Runeberg:
582 328 112 21 Professor
709 329 109 20 Koskinen
834 328 39 21 har
889 331 70 19 ansett
975 330 42 20 min

185 357 148 25 anmärkning.
357 359 32 19 att
413 357 89 20 Ständet
521 357 105 26 svårligen
649 357 42 21 kan
706 360 58 24 yttra
783 357 32 26 sig
831 357 92 22 bestämt
939 358 31 20 uti
986 360 31 19 ett

185 386 24 21 så
225 385 77 26 vigtigt
317 385 78 27 förslag
411 388 51 18 utan
478 388 32 18 att
526 386 68 25 någon
611 385 155 22 förberedande
779 386 130 26 behandling
919 386 99 27 föregått,

184 421 54 14 vara
255 414 142 27 betydelselös
413 414 69 21 derför
498 416 32 19 att
546 414 102 27 förslaget
663 414 68 21 skulle
746 415 27 26 gå
790 414 32 21 till
838 415 106 21 utskottet
959 415 5 20 i
980 415 37 20 fall

186 443 38 20 det
239 443 25 20 af
278 443 86 20 ståndet
385 443 130 26 godkännes.
546 443 78 21 Såvida
637 443 37 27 jag
689 443 108 26 uppfattat
820 443 107 27 professor
942 443 76 21 Koski-

185 477 53 15 nens
254 471 80 26 förslag
349 473 49 24 rätt,
414 472 48 26 gick
478 471 36 21 det
529 473 23 19 ut
568 472 27 26 på
610 474 33 18 att
659 471 89 22 Ståndet
758 471 69 22 skulle
838 472 113 26 godkänna
963 472 54 21 vissa

185 500 76 27 tillägg
277 500 31 21 till
327 501 67 20 denna
410 499 102 28 paragraf
531 500 39 21 och
586 500 73 21 skicka
675 501 126 26 paragrafen
818 501 31 20 till
866 501 105 21 utskottet
986 501 32 20 för

185 531 33 19 att
234 529 6 20 i
257 528 217 22 öfverensstämmelse
495 529 47 20 med
562 529 62 21 dessa
639 529 89 21 sålunda
744 529 98 22 beslutna
861 529 74 27 tillägg
950 529 23 21 af
986 532 32 18 ut-

185 558 83 21 skottet
283 557 114 26 redigeras.
429 557 41 21 Det
485 557 23 21 af
522 558 41 25 mig
579 558 112 20 anmärkta
702 557 200 26 missförhållandet,
914 560 31 19 att
956 558 62 21 Stån-

185 587 36 20 det
238 586 69 21 skulle
330 586 54 21 fatta
400 586 69 21 beslut
493 588 50 19 utan
563 586 114 27 tillräcklig
701 586 144 21 förberedelse
863 587 31 20 uti
910 593 25 14 en
951 587 66 26 fråga,

186 615 85 20 hvilken
295 617 24 18 är
334 615 23 20 af
371 615 24 20 så
416 615 132 20 omfattande
571 617 69 21 natur,
664 615 67 20 skulle
755 615 83 21 således
854 616 92 26 gvarstä.
977 615 39 21 Om

185 644 37 21 det
245 643 68 22 finnes
334 643 69 27 någon
426 643 54 21 form
497 643 33 21 för
546 645 32 19 att
593 643 74 22 skicka
689 643 80 27 frågan,
786 644 28 26 på
830 644 39 20 den
885 644 132 27 ståndpunkt

185 672 42 21 den
243 678 29 15 nu
288 671 94 22 befinner
398 672 38 27 sig,
453 672 32 21 till
501 672 105 21 utskottet
622 674 50 19 utan
689 675 31 18 att
736 673 54 20 fatta
806 672 65 27 något
884 673 69 20 beslut
965 673 51 25 deri,

185 700 40 21 har
238 701 38 26 jag
292 701 18 26 ej
327 702 64 25 något
410 701 101 20 deremot.
541 701 41 26 Jag
599 701 38 20 har
654 701 73 21 endast
744 703 89 19 motsatt
849 701 42 26 mig
906 704 31 18 att
953 701 63 21 Stån-

186 729 36 21 det
239 736 28 14 nu
283 730 68 20 skulle
373 729 103 22 definitivt
497 729 82 21 besluta
597 729 31 21 uti
645 736 26 14 en
695 730 60 26 fråga
770 730 22 21 af
807 730 70 20 denna
899 730 50 26 vigt,
965 733 51 18 utan

184 760 35 19 att
235 759 40 20 den
292 758 57 21 förut
364 758 39 21 har
418 757 67 22 blifvit
501 758 123 21 diskuterad
640 758 23 21 af
678 759 63 25 något
757 758 90 21 utskott.

255 815 111 22 Professor
382 815 100 22 Cleve:
506 815 48 21 Med
571 815 98 21 afseende
686 815 11 21 å
713 815 36 21 det
765 815 86 27 förslag,
863 822 44 15 som
920 816 38 21 här
969 815 46 22 blif-

184 844 31 21 vit
237 844 116 26 framlagdt
367 844 22 21 af
403 844 107 26 professor
532 844 117 26 Koskinen,
666 844 38 21 har
720 845 35 20 det
777 845 110 20 anmärkts
909 847 32 18 att
957 845 57 20 detta

183 873 72 21 kunde
271 873 49 21 leda
335 873 87 26 derhän,
438 875 32 18 att
485 873 186 26 församlingarnes
688 873 126 26 välmening,
831 873 27 20 då
875 873 24 21 de
915 873 99 27 uppköpa

184 902 40 21 och
240 902 74 21 utdela
327 902 49 27 jord
393 901 32 21 för
440 904 32 18 att
482 902 48 20 med
542 901 129 27 själfegande
683 903 43 20 rätt
737 902 89 21 besittas
839 901 22 21 af
871 902 39 20 den
922 902 45 21 lösa
978 902 37 21 be-

183 930 131 26 folkningen,
337 930 69 21 skulle
428 931 71 20 kunna
522 930 47 21 leda
590 930 80 21 derhän
688 932 31 19 att
738 931 36 20 det
795 930 68 21 skulle
885 931 129 26 uppkomma

183 960 284 26 sammangyttringsnästen,
493 959 71 21 hvilka
589 965 25 14 ur
640 959 123 21 ekonomisk
780 959 40 21 öch
836 959 5 20 i
859 959 114 26 synnerhet
989 966 25 14 ur

183 988 68 26 sedlig
275 988 106 27 synpunkt
404 987 68 21 skulle
494 987 62 21 hafva
579 988 45 20 sina
640 990 59 19 stora
717 987 178 26 betänkligheter.
925 987 40 27 Jag
981 988 33 21 för

183 1017 41 20 min
249 1017 34 20 del
307 1019 44 18 tror
374 1018 33 19 att
422 1023 24 14 en
463 1016 66 21 sådan
552 1016 56 26 åsigt
624 1016 17 26 ej
659 1017 38 20 har
713 1016 46 21 skäl
783 1017 32 20 för
831 1016 38 27 sig,
885 1016 39 21 och
941 1016 35 21 det
990 1017 26 20 af

181 1045 95 27 följande
293 1045 70 22 orsak.
394 1045 73 21 Såsom
484 1045 106 26 professor
606 1045 23 21 G.
646 1045 22 20 Z.
684 1045 103 21 Forsman
805 1045 124 25 framhållit,
945 1044 68 22 finnas

182 1074 72 27 dylika
269 1073 214 28 sammangyttringar
497 1073 7 21 i
520 1073 128 27 kyrkobyar,
668 1073 39 22 och
724 1074 62 21 dessa
802 1075 37 19 äro
855 1073 121 27 visserligen
993 1074 19 27 ej

181 1103 118 26 prisvärda.
331 1103 48 20 Men
402 1103 35 20 det
453 1102 102 21 förhåller
571 1103 31 25 sig
621 1102 87 21 härmed
725 1102 89 21 alldeles
830 1103 27 25 på
873 1108 82 15 samma
970 1104 42 19 sätt

181 1137 46 15 som
244 1133 5 19 i
265 1131 106 26 städerna,
389 1131 36 21 der
441 1131 39 20 den
497 1131 68 26 lägsta
582 1131 147 26 befolkningen
745 1131 166 26 sammanhopar
922 1131 31 26 sig
964 1131 49 26 själf

180 1160 71 21 såsom
267 1163 15 18 t.
298 1166 31 15 ex.
354 1160 31 21 uti
401 1159 71 22 H:fors
487 1160 6 20 i
509 1160 35 20 det
567 1159 129 27 antipoffska
711 1160 117 23 stenhuset,
845 1159 81 21 hvilket
941 1161 24 19 är
980 1162 32 19 ett

180 1188 79 22 tillhåll
281 1188 32 21 för
329 1189 38 20 allt
391 1189 53 20 hvad
468 1189 52 20 ondt
543 1190 29 19 är.
604 1188 39 21 Om
660 1195 47 14 man
731 1189 120 20 emellertid
868 1188 61 21 deraf
943 1188 68 21 skulle

180 1218 67 26 draga
264 1217 40 21 den
320 1217 120 25 slutsatsen,
457 1219 32 19 att
505 1217 56 26 dylik
578 1218 191 25 sammangyttring
785 1217 22 21 af
818 1217 43 20 folk
872 1217 60 20 alltid
943 1217 67 21 skulle

180 1253 53 14 vara
249 1246 116 26 betänklig,
387 1245 65 22 borde
468 1252 49 15 man
532 1246 22 26 ju
569 1245 90 27 kraftigt
675 1246 52 21 söka
743 1246 111 21 motverka
870 1245 140 27 uppkomsten

179 1275 24 21 af
218 1275 210 25 arbetarebostäder;
452 1281 48 15 men
516 1275 47 20 med
580 1274 62 21 dessa
657 1274 102 22 förhåller
775 1275 36 20 det
827 1275 31 26 sig
873 1274 88 21 alldeles
974 1281 35 14 an-

179 1304 113 24 norlunda,
318 1303 39 21 här
380 1304 61 20 råder
462 1303 109 27 snygghet,
598 1304 97 26 ordning,
711 1303 85 21 trefnad
812 1303 67 21 ehuru
900 1309 48 15 man
972 1303 39 21 bor

177 1332 84 26 ganska
287 1332 72 26 trångt
383 1332 145 21 tillsammans.
559 1332 42 20 Det
616 1334 25 18 är
656 1332 87 21 alldeles
767 1338 82 14 samma
871 1332 139 26 förhållande,

177 1367 46 15 som
239 1361 70 21 skulle
325 1361 84 21 komma
424 1363 32 19 att
470 1368 39 20 ega
520 1367 46 14 rum
580 1360 27 26 pä
618 1361 78 21 landet.
725 1360 32 22 De
770 1360 122 21 nuvarande
903 1366 106 15 samman-

177 1390 150 26 gyttringarne
350 1392 36 18 äro
409 1392 31 18 att
463 1389 91 21 förlikna
576 1390 34 20 vid
628 1390 35 20 det
686 1389 117 27 beryktade
825 1391 110 19 stenhuset
950 1389 6 20 i
973 1389 38 21 vär

177 1418 54 26 stad,
249 1419 36 20 det
307 1418 22 21 af
343 1418 107 26 professor
472 1418 102 21 Forsman
591 1418 120 26 föreslagna
726 1418 124 26 komplexet
866 1418 23 20 af
902 1424 106 14 samman-

177 1447 90 26 boende,
290 1453 45 15 som
352 1446 68 22 skulle
441 1453 39 20 ega
495 1453 46 15 rum
557 1446 67 22 under
640 1447 165 21 kommunernas
821 1452 52 20 egen
890 1446 78 27 tillsyn,
984 1448 25 19 är

176 1478 34 18 att
225 1476 92 20 förlikna
341 1476 34 20 vid
391 1475 235 21 arbetarebostäderna.
656 1475 40 26 Jag
711 1478 46 18 tror
781 1475 82 21 säledes
879 1476 18 26 ej
913 1476 32 20 att
960 1474 48 22 här-

176 1504 71 27 vidlag
263 1507 24 19 är
309 1504 69 27 någon
397 1504 51 26 fara,
464 1506 51 19 utan
531 1506 31 19 att
586 1506 91 19 tvärtom
694 1504 84 27 mycket
794 1504 51 26 godt
861 1504 89 21 härmed
965 1504 42 21 kan
