1117 1781
288 120 160 17 Presteständet
460 120 58 17 1882.
542 120 28 17 30
581 120 88 21 januari.
837 114 26 21 37

136 189 59 21 Hans
219 189 118 26 Kejserliga
361 189 111 26 Majestäts
488 188 78 27 nådiga
581 188 131 27 proposition
728 189 40 20 N:o
788 190 24 20 15
828 188 63 27 angå-

68 217 53 22 ende
143 217 120 27 antagande
279 217 23 21 af
316 223 26 16 en
357 217 138 27 inmutnings-
518 217 39 21 och
579 217 157 26 grufvestadga,
758 217 85 22 hvilken
865 217 27 27 på

67 246 50 21 herr
132 246 181 21 Talmannens
329 245 79 28 förslag
422 246 148 21 remitterades
586 245 33 22 till
634 246 211 21 ekonomiutskottet.

136 389 59 22 Hans
209 389 119 27 Kejserliga
343 389 110 27 Majestäts
469 389 77 27 nådiga
562 389 130 27 proposition
709 389 39 22 N:o
764 390 28 20 24
803 395 34 16 om
849 389 42 22 för-

67 418 45 27 slag
127 418 109 26 angående
259 418 73 21 vidare
352 418 224 27 järnvägsbyggnader
591 418 7 21 i
613 418 78 26 landet,
712 418 85 21 hvilken
814 424 77 21 propo-

67 447 63 21 sition
146 447 147 21 remitterades
309 447 33 21 till
355 447 99 26 jernvägs
468 447 110 21 utskottet.

135 590 59 21 Hans
216 590 119 27 Kejserliga
359 590 110 27 Majestäts
488 591 76 26 nådiga
580 590 130 27 proposition
726 590 40 21 N:o
784 590 26 21 26
825 589 66 27 angå-

67 618 53 22 ende
135 619 108 21 införande
259 618 22 22 af
296 619 220 27 länsrepresentation.

135 675 110 22 Professor
261 677 116 20 Donner
392 676 71 21 anhöll
479 683 34 15 om
530 676 60 22 ordet
605 676 39 22 och
660 676 95 27 yttrade:

135 733 58 25 »Den
216 733 85 28 gestalt,
324 740 45 15 som
391 733 145 28 föreliggande
559 733 75 27 nådiga
650 733 132 28 proposition
798 733 93 25 erhållit,

65 762 93 27 grundar
172 762 33 27 sig
220 763 26 26 på
262 769 25 14 en
311 762 138 28 formulering
467 763 23 20 af
501 763 125 20 ständernas
650 763 69 20 beslut
734 762 7 21 i
757 762 74 27 frågan
855 762 35 21 vid

66 793 83 18 senaste
164 791 103 27 landtdag
283 791 40 21 och
337 791 39 22 har
392 791 68 21 blifvit
475 791 6 21 i
497 791 217 21 öfverensstämmelse
732 791 47 20 med
797 791 39 20 den
853 791 37 20 ko-

65 819 63 21 mités
143 819 116 24 utlåtande,
275 819 85 22 hvilken
376 819 45 22 haft
437 823 31 18 att
484 820 98 21 deröfver
597 820 99 21 utarbeta
711 819 86 27 förslag,
814 821 75 19 nästan

65 848 115 26 ordagrant
206 848 95 21 affattad.
332 848 49 21 Men
397 855 34 14 om
454 855 49 14 man
522 849 104 26 granskar
648 848 25 21 de
690 848 51 25 skäl,
758 854 45 15 som
820 847 70 22 blifvit

65 876 95 21 uttalade
175 877 24 21 af
213 880 71 18 senast
306 877 127 21 församlade
456 877 92 25 ständer,
572 877 68 21 finner
656 883 47 15 man
719 877 46 25 lätt,
781 879 32 18 att
829 877 26 20 de
871 877 18 26 ej

65 905 100 26 framgått
180 911 25 15 ur
220 906 68 26 någon
305 905 77 22 allmän
399 905 139 28 öfvertygelse
553 905 6 21 i
575 906 79 24 landet,
670 907 49 20 utan
737 908 30 18 att
778 911 49 15 man
838 907 51 19 utan

65 933 70 22 tvifvel
151 933 7 21 i
173 933 117 22 allmänhet
305 934 56 21 blott
375 934 61 21 hållit
451 935 31 26 sig
498 935 31 20 till
546 934 40 21 den
601 934 127 27 utbildning,
740 934 40 21 den
792 934 98 21 liknande

65 962 147 21 institutionen
232 963 73 20 vunnit
321 963 6 20 i
343 963 92 26 Sverige.
464 963 118 26 Ingalunda
600 963 64 21 hafva
678 963 114 21 ständerna
808 963 34 20 vid
858 969 31 14 se-

64 993 60 19 naste
140 991 101 27 landtdag
256 997 75 21 genom
348 991 38 21 sitt
401 991 135 27 preliminära
557 992 70 21 beslut
641 992 78 27 afgjort
734 991 109 21 förbundit
858 991 32 27 sig

64 1021 32 19 att
112 1019 34 21 vid
162 1020 69 21 denna
247 1020 102 27 landtdag
364 1019 56 28 gifva
435 1021 91 20 nämnda
542 1020 120 21 institution
673 1026 25 15 en
711 1019 129 27 fullkomligt
851 1019 38 21 lik-

65 1047 67 22 nande
154 1048 78 26 gestalt
255 1049 48 20 med
320 1049 39 20 den
376 1049 5 20 i
398 1048 92 27 Sverige.
521 1049 51 21 Man
593 1049 42 21 kan
650 1051 71 24 tryggt
736 1049 67 26 påstå,
820 1050 32 19 att
868 1048 22 21 få

64 1083 101 20 personer
179 1077 6 21 i
201 1077 48 21 vårt
264 1077 49 21 land
329 1077 56 27 gjort
401 1077 31 27 sig
452 1079 98 20 närmare
566 1077 110 28 förtrogna
692 1078 47 21 med
755 1077 26 21 de
797 1080 93 18 motsva-

64 1105 65 21 rande
145 1105 174 22 institutionerna
334 1106 7 21 i
355 1106 26 21 de
396 1108 71 19 vestra
482 1105 180 26 kulturländerna,
679 1106 39 21 och
733 1106 63 26 ingen
807 1105 83 22 diskus-

64 1134 45 22 sion
133 1133 39 22 har
187 1134 73 21 härom
275 1134 7 21 i
298 1141 86 20 pressen
406 1134 142 26 förekommit,
564 1135 19 26 ej
599 1134 67 22 heller
688 1134 60 21 hafva
763 1134 66 26 några
845 1136 44 19 sär-

64 1163 69 20 skilda
147 1162 88 22 arbeten
251 1163 5 20 i
273 1165 72 19 ämnet
360 1163 39 21 hos
415 1169 33 15 oss
464 1166 42 18 sett
522 1163 74 27 dagen.
626 1163 33 21 Då
674 1163 69 21 denna
754 1163 60 26 fråga
825 1163 64 20 emel-

64 1191 62 21 lertid
142 1192 23 20 så
178 1191 61 27 djupt
261 1192 93 26 ingriper
369 1192 6 21 i
391 1191 47 22 hela
461 1192 47 21 vårt
530 1191 137 22 samhällslifs
691 1192 120 26 utveckling
827 1198 62 20 synes

64 1219 35 22 det
114 1219 93 27 önskligt
223 1223 31 18 att
271 1220 122 21 densamma
409 1221 18 26 ej
444 1221 34 20 vid
490 1221 69 20 denna
570 1221 102 26 landtdag
683 1220 104 21 definitivt
797 1220 92 26 afgöres.

62 1248 41 28 Jag
126 1252 45 18 tror
193 1248 114 28 nämligen,
331 1251 32 19 att
378 1255 48 15 man
441 1249 39 21 hos
503 1256 34 14 oss
553 1249 18 26 ej
588 1249 57 28 gjort
660 1249 32 27 sig
707 1249 61 25 klart,
786 1249 105 21 huruvida

63 1283 25 15 en
114 1277 215 27 länsrepresentation
355 1278 52 21 eller
431 1278 255 27 häradsrepresentation,
709 1278 52 21 eller
784 1278 107 21 måhända

62 1305 67 27 begge
151 1306 76 24 tillika,
242 1312 50 16 vore
309 1306 26 21 de
350 1306 134 27 lämpligaste
499 1313 119 21 organerna
633 1307 33 21 för
680 1306 162 28 sjelfstyrelsens
857 1309 32 18 ut-

63 1334 96 27 veckling
174 1334 6 21 i
196 1335 79 26 landet,
299 1335 38 21 och
353 1337 33 19 att
407 1341 28 15 nu
451 1335 27 26 på
494 1342 25 14 en
534 1335 56 27 gång
609 1338 50 24 taga
676 1336 58 20 detta
749 1335 79 27 vigtiga
843 1338 47 24 steg

62 1363 40 21 och
117 1362 55 28 välja
187 1363 47 21 dem
251 1363 91 21 emellan
357 1364 69 20 skulle
441 1366 52 19 utan
508 1364 74 21 tvifvel
593 1364 49 21 leda
654 1364 33 20 till
700 1370 80 15 samma
791 1363 98 27 resultat,

62 1398 44 15 som
123 1392 27 20 då
165 1391 34 21 vid
221 1394 84 20 senaste
325 1392 101 26 landtdag
442 1398 25 15 en
483 1399 27 20 ny
526 1392 64 24 skatt,
614 1392 149 26 hundskatten,
788 1392 101 24 infördes,

62 1423 50 19 utan
128 1422 32 19 att
175 1420 101 27 förslaget
291 1421 72 21 derom
380 1420 54 22 hade
450 1422 56 20 varit
522 1421 36 21 det
572 1421 55 21 allra
641 1422 94 26 ringaste
746 1421 57 21 inom
815 1421 73 21 landet

62 1449 132 21 diskuteradt
217 1449 40 22 och
273 1455 48 15 man
343 1452 61 18 snart
419 1449 93 22 derefter
532 1456 34 15 ser
581 1450 31 27 sig
627 1452 92 24 tvungen
735 1452 32 18 att
781 1449 108 28 upphäfva

62 1477 127 21 densamma.
220 1478 41 26 Jag
275 1480 61 24 tager
358 1478 43 26 mig
417 1478 71 21 derför
511 1478 91 22 friheten
625 1478 76 22 föreslå
722 1478 32 21 till
771 1478 117 22 utskottets

61 1507 97 20 närmare
181 1506 141 27 ompröfning,
345 1506 104 22 huruvida
464 1507 19 27 ej
499 1507 47 21 skäl
569 1513 50 15 vore
634 1507 34 21 för
687 1506 83 22 handen
786 1509 33 19 att
834 1513 54 21 upp-
