1117 1781
222 95 41 21 136
420 100 162 18 Presteståndet
595 102 57 16 1882.
678 102 11 17 7
701 101 98 18 februari.

193 169 65 27 bolag
273 169 31 22 uti
320 175 26 15 en
362 169 23 22 af
399 169 101 22 Finlands
522 170 73 21 städer
610 170 6 21 i
633 169 128 28 besvärsväg
785 170 82 27 lyckats
884 170 63 21 vinna
961 169 63 22 befri-

193 197 44 22 else
253 197 46 22 från
315 197 98 28 kyrkliga
436 205 72 18 onera,
524 198 86 21 hvilken
631 199 92 21 anomali
738 198 68 22 vållar
821 200 32 19 att
869 199 48 21 dess
932 198 92 28 skyldig-

195 227 60 20 heter
271 226 110 22 åhvälfvas
395 227 153 26 jemförelsevis
559 227 83 21 mindre
656 227 123 22 bemedlade
791 227 118 21 stadsboar.
941 227 33 21 Då
985 226 39 21 lik-

194 255 34 21 väl
244 254 87 27 bolaget
346 255 6 21 i
368 255 60 27 fråga
450 255 135 28 sysselsätter
607 256 97 26 omkring
720 258 95 19 tretusen
831 261 107 21 personer,
953 255 72 21 hvilka

195 283 42 21 alla
262 283 91 22 behöfva
377 283 53 22 både
453 284 67 27 kyrka
543 284 39 21 och
602 287 65 24 prest,
684 290 62 21 synes
761 285 44 26 mig
820 284 144 27 prejudikatet
979 284 46 21 icke

195 311 189 22 öfverensstämma
400 313 46 21 med
463 313 89 21 rättvisa
567 313 41 21 och
624 313 97 26 billighet
735 315 56 19 samt
802 313 85 21 derföre
900 313 71 21 kunna
983 312 41 21 för-

195 340 78 22 anleda
289 341 91 26 menliga
396 341 82 27 följder,
494 341 47 21 dem
558 347 26 16 en
600 343 55 20 sund
671 341 134 27 lagskipning
815 341 67 22 hellre
893 341 66 22 borde
969 341 56 21 före-

195 369 70 28 bygga
281 371 26 19 än
324 369 108 28 befrämja.
465 370 39 21 Väl
519 372 25 19 är
559 370 112 26 förvirring
687 371 5 20 i
708 370 176 27 rättsbegreppen
900 370 46 21 icke
961 376 64 15 ovan-

195 398 36 27 lig.
262 398 51 21 Man
329 398 39 21 har
384 399 31 20 uti
430 398 100 22 liknande
545 398 37 21 fall
599 399 49 20 hört
662 399 130 25 framhållas,
803 401 33 18 att
843 398 25 27 ju
878 398 147 27 fabriksbygg-

195 427 68 20 nader
278 427 48 21 med
350 427 61 22 deras
426 427 125 21 mekaniska
573 427 101 22 tillbehör
696 427 46 22 icke
765 427 70 22 tarfva
848 427 94 21 hvarken
957 426 69 28 kyrka

196 455 53 22 eller
272 458 65 24 prest,
361 455 69 22 fastän
446 455 142 22 förhållandet
608 457 23 20 är
647 456 118 21 detsamma
781 456 48 21 med
845 455 181 22 handtverkarens

197 484 38 21 bo-
252 484 40 21 och
318 485 99 20 verkstad
440 487 55 18 samt
517 484 95 21 bondens
636 484 52 27 gård
705 485 38 20 och
765 485 74 25 grund,
856 485 57 24 åker,
929 486 42 25 äng
986 483 38 22 och

197 512 62 27 skog,
275 512 39 21 och
331 513 168 21 handtverkaren
516 513 39 21 och
572 513 84 21 bonden
673 513 64 21 likväl
752 513 73 21 skatta
841 513 54 21 både
910 513 33 21 till
958 512 69 27 kyrka

197 541 40 21 och
253 541 143 27 presterskap.
427 541 49 22 Men
490 541 55 22 inför
564 541 34 27 lag
614 541 66 22 borde
696 541 55 22 dock
766 542 43 21 alla
824 541 202 22 samhällsmedlem-

198 576 46 15 mar
259 576 51 15 vara
326 570 108 21 likställda
450 570 52 21 både
519 570 6 21 i
541 570 107 21 anseende
663 570 32 21 till
711 570 128 27 rättigheter
855 570 38 21 och
907 569 119 28 skyldighe-

198 601 39 23 ter,
255 599 76 20 endast
347 599 47 21 med
418 599 39 20 den
474 598 106 21 åtskilnad
604 601 32 18 att
652 601 68 19 större
736 599 97 26 förmåga
850 599 96 26 betingar
961 598 65 27 högre

198 633 77 20 onera;
299 627 5 20 i
322 627 53 27 följd
399 627 75 21 hvaraf
493 627 60 21 äfven
570 627 152 26 fabriksegare,
738 634 51 15 vare
805 628 32 26 sig
852 627 82 22 enskild
950 633 75 21 person

198 655 52 21 eller
265 655 71 27 bolag,
353 656 52 21 böra
420 655 166 28 skyldigkännas
602 658 32 19 att
650 656 96 27 kyrkliga
762 656 96 27 afgälder
871 655 102 28 erlägga
961 651 10 36 i
985 655 41 21 för-

198 683 101 22 hållande
315 685 31 20 till
356 684 68 29 deras
439 685 85 20 rörelse.
556 684 10 22 I
582 685 76 20 sådant
674 685 99 21 afseende
784 684 96 21 anhåller
888 685 37 26 jag
937 683 89 23 derföre,

199 713 37 20 det
251 713 50 20 ville
321 713 137 26 Högvördiga
480 713 160 22 Presteståndet
664 713 71 21 förena
759 713 33 27 sig
807 713 31 21 uti
854 719 25 15 en
895 713 131 25 underdånig

199 741 92 27 petition
307 741 31 22 till
360 742 58 21 Hans
439 741 117 27 Kejserliga
579 741 106 27 Majestät,
709 743 36 20 vår
761 741 150 27 allernådigste
935 741 92 22 Storfur-

199 772 32 19 ste
260 776 34 15 om
320 770 75 21 sådant
424 770 74 27 tillägg
523 771 31 20 till
581 777 27 14 nu
634 770 97 27 gällande
758 770 127 27 näringslag,
911 772 32 19 att
967 769 60 21 indu-

199 799 82 21 striella
297 799 147 26 inrättningar,
461 799 144 26 fabriksegare
622 799 38 21 och
677 799 68 26 bolag,
762 799 23 21 af
800 799 54 21 hvad
865 805 62 14 namn
940 799 25 20 de
976 804 52 15 vara

200 828 41 25 må,
271 827 152 28 uttryckeligen
450 828 65 21 måtte
542 827 118 27 förpligtas,
684 830 32 19 att
739 827 53 22 efter
815 828 62 21 deras
899 827 129 21 årsinkomst

200 856 73 21 skatta
288 856 32 21 till
336 856 40 21 den
392 856 133 27 församlings
546 857 68 26 kyrka
630 857 37 20 och
684 857 131 26 presteskap,
832 856 57 21 inom
905 856 62 21 hvars
984 861 43 15 om-

200 885 51 21 råde
268 885 93 21 rörelsen
378 885 83 20 drifves.

270 941 140 27 Helsingfors,
426 943 39 20 den
482 943 13 20 4
510 942 93 21 februari
623 943 59 21 1882.

776 999 47 21 Jos.
841 999 118 27 Grönberg.

271 1143 204 27 Kontraktsprosten
492 1143 153 21 Stenbäcks
661 1142 190 27 petitionsförslag:

416 1228 209 21 Korkea-arvoisalle
641 1228 178 28 pappissäädylle.

271 1286 100 28 Säätyjen
387 1286 116 27 päätöksen
519 1286 91 21 mukaan
628 1287 61 20 viime
705 1285 154 27 valtiopäivillä
869 1285 75 21 tehtiin
956 1285 74 21 koulu-

201 1315 81 21 asiassa
307 1314 119 22 alamainen
451 1316 78 26 pyyntö
556 1314 74 22 Hänen
657 1314 160 22 Keisarilliselle
843 1313 187 27 Majesteetillensa

201 1349 65 15 muun
283 1350 84 14 muassa
383 1343 53 26 siitä,
453 1345 43 19 että
512 1343 185 21 Suomenkielinen
714 1343 51 27 lysei
783 1342 85 25 neljällä
879 1342 94 21 luokalla
984 1342 46 21 olisi

201 1372 81 21 valtion
303 1372 172 21 kustannuksella
496 1372 90 21 toimeen
603 1375 88 18 saatava
704 1372 64 21 Porin
785 1371 149 27 kaupungissa.
964 1370 67 21 Tämä

201 1402 77 26 päätös
294 1400 79 22 herätti
388 1400 76 27 yleistä
479 1400 105 21 ihastusta
600 1400 42 21 niin
659 1401 62 26 hyvin
739 1400 64 21 Porin
819 1400 144 26 kaupungissa
980 1399 50 21 kuin

201 1435 37 15 sen
254 1430 113 26 ympärillä
389 1429 95 21 olevassa
500 1429 162 21 maakunnassa.
695 1429 151 21 Länsisuomen
861 1428 104 21 asukkaat
981 1434 48 14 van-

201 1458 64 22 hassa
281 1458 159 22 Satakunnassa
456 1458 86 20 näkivät
557 1459 59 19 tässä
631 1458 140 26 päätöksessä
787 1457 83 21 vankan
886 1458 78 20 tukeen
980 1456 50 20 har-

201 1487 103 27 taimpain
321 1486 134 22 toiveittensa
471 1486 185 22 toteuttamiseksi.
