1117 1781
338 114 161 18 Presteständet
512 115 56 17 1882.
593 116 12 16 7
616 119 62 13 mars.
855 109 42 21 365

169 184 56 21 Frän
249 184 160 21 Bondeständet
424 183 54 22 hade
494 183 120 24 inkommit,
630 183 109 27 föredrogs
754 190 28 14 nu
798 183 39 22 och
853 183 71 21 säsom

99 213 151 20 föranledande
273 213 32 20 till
328 213 61 26 ingen
413 212 73 21 vidare
504 213 83 26 ätgärd,
603 212 58 21 lades
677 212 32 21 till
725 212 154 27 handlingarna
894 214 32 19 ett

98 241 202 27 protokollsutdrag,
323 241 48 21 med
394 241 155 21 underrättelse
571 243 33 19 att
620 241 89 20 Ständet
724 241 33 20 vid
774 241 151 27 föredragning

99 270 23 20 af
152 269 107 21 allmänna
285 269 201 22 besvärsutskottets
521 270 141 25 betänkande,
696 269 40 21 N:o
763 271 8 19 1
800 276 33 15 om
859 270 66 21 inrät-

99 297 74 22 tandet
202 297 22 22 af
251 304 26 15 en
306 298 165 27 meteorologisk
494 298 227 21 observationsanstalt
745 298 6 20 i
776 298 75 21 Kittilä
874 298 51 21 eller

100 327 127 26 Sodankylä,
249 327 48 20 med
319 327 137 20 förkastande
472 327 22 20 af
508 327 117 21 utskottets
640 327 40 20 och
696 329 171 18 reservanternas
883 327 42 20 för-

99 355 52 27 slag,
175 355 84 21 förenat
281 355 33 27 sig
329 362 34 14 om
377 355 93 26 följande
486 355 21 21 af
522 355 205 27 landtdagsmannen
744 355 110 21 Meurman
871 355 60 25 före-,

98 383 73 28 slagna
195 384 109 21 uttalande
320 385 6 20 i
342 385 75 20 saken:
448 384 25 26 I
488 383 114 22 förlitande
617 385 27 26 pä
660 386 32 19 att
707 384 122 26 regeringen
845 383 80 22 förmår

99 412 89 21 bedöma
217 413 54 20 hvad
302 412 116 22 förhanden
448 413 93 21 varande
571 413 159 26 vetenskapliga
760 412 82 27 frägors
867 413 57 26 afgö-

98 441 64 21 rande
189 441 39 21 och
253 441 47 21 värt
325 441 61 22 lands
407 441 66 21 heder
497 441 82 26 kräfva,
606 441 82 27 hoppas
709 441 165 26 Bondeständet,
891 443 33 19 att

98 469 123 28 regeringen
244 470 47 21 med
312 470 136 21 undvikande
469 470 24 21 af
514 470 91 27 onödiga
627 469 94 28 utgifter,
745 476 47 15 men
815 472 51 19 utan
883 470 40 21 den

97 498 193 27 hushällsaktighet
309 505 45 15 som
377 499 94 21 riskerar
492 499 26 21 de
535 499 90 21 väntade
642 499 121 26 resultaten,
779 499 96 26 vidtager
891 499 33 20 sä-

97 528 56 19 dana
168 527 99 26 åtgärder
283 533 44 16 som
345 527 211 26 omständigheterna
571 528 96 21 fordra.'*

165 681 33 22 Då
220 682 43 21 alla
285 682 91 21 ärender
396 682 26 27 på
446 683 79 26 dagens
541 682 211 27 föredragningslista
767 682 88 21 härmed
871 688 50 15 voro

96 710 183 26 slutbehandlade,
296 711 98 26 upplöste
410 711 48 21 herr
474 711 165 21 Talmannen
655 711 166 21 sammanträdet
831 711 90 21 klockan

96 740 13 19 9
125 739 38 21 och
180 740 12 19 5
209 739 92 22 minuter
315 740 28 27 på
359 739 91 22 aftonen.

679 837 20 18 In
712 837 59 18 fidem:

582 883 52 22 Carl
649 883 50 21 Joh.
716 883 131 28 Lindeqvist.
