1117 1781
225 119 42 21 560
432 123 163 18 Presteståndet
608 125 56 16 1882.
690 125 24 17 18
727 129 62 13 mars.

195 193 90 26 uttalad,
309 199 47 14 men
378 193 68 21 skulle
469 193 65 21 hellre
558 195 52 24 göra
629 193 55 21 det
679 189 14 36 i
701 194 40 21 den
765 193 54 22 form
843 199 45 16 som
905 193 23 22 af
942 193 84 28 lagman

196 221 150 26 Weissenberg
362 221 67 22 blifvit
444 222 90 21 använd.

265 278 111 21 Professor
397 278 98 22 Cleve:
519 279 130 26 Visserligen
673 279 66 22 borde
760 280 38 26 jag
813 279 49 26 böja
877 279 44 27 mig
935 279 32 21 för
982 279 44 26 lag-

195 313 48 15 man
260 307 160 26 Weissenbergs
434 307 137 26 reservation,
587 307 39 22 och
639 308 38 26 jag
696 308 116 26 medgifver
828 307 32 22 till
876 308 39 21 och
931 308 48 21 med
994 311 32 18 att

194 337 37 26 jag
246 336 57 27 gjort
320 336 36 21 det
375 338 22 25 ty
411 336 36 27 jag
462 336 39 21 har
524 336 38 21 hos
578 337 42 26 mig
636 337 136 24 antecknadt,
789 339 32 18 att
834 336 37 27 jag
886 336 83 22 förenat
984 337 43 26 mig

197 365 93 24 dermed,
307 371 47 14 men
370 365 34 20 vid
420 367 98 18 närmare
535 365 120 21 eftertanke
671 365 38 21 har
719 365 37 27 jag
771 365 69 21 funnit
854 365 42 27 mig
907 365 119 21 föranlåten

196 396 33 18 att
244 393 51 27 själf
316 394 87 21 försöka
422 393 148 21 åstadkomma
591 394 122 27 någonting.
745 394 42 21 Det
802 396 24 18 är
846 394 106 26 nämligen
967 393 59 22 fallet

197 425 32 18 att
245 422 40 21 den
301 423 110 25 procedur,
427 428 45 15 som
488 421 21 22 af
524 422 84 26 lagman
625 422 148 27 Weissenberg
787 422 104 26 förordas,
903 424 23 19 är
937 422 38 21 bra
985 429 42 20 nog

196 450 97 27 vidlyftig
309 451 39 21 och
364 451 41 21 kan
422 450 110 21 föranleda
547 451 129 21 åtminstone
692 451 32 21 till
741 451 129 26 tidsutdrägt
885 451 24 20 af
923 451 103 27 betydligt

197 479 92 26 omfång,
306 479 27 22 då
348 479 41 21 han
406 481 60 25 säger
481 481 33 19 att
528 481 133 24 guvernören
677 479 61 26 skall,
754 479 55 21 efter
824 481 32 19 att
870 479 63 21 hafva
944 480 6 21 i
961 480 65 20 saken

197 508 50 21 hört
262 508 99 26 samtliga
380 508 164 25 vederbörande,
560 509 7 20 i
583 511 87 18 senaten
686 508 86 21 anhålla
789 514 34 15 om
840 507 108 22 föreskrift
964 508 62 26 angå-

198 537 53 20 ende
274 537 62 20 hvem
359 543 45 14 som
428 536 38 21 bör
482 537 5 20 i
504 537 65 20 saken
593 537 86 26 vidtaga
694 539 98 19 närmare
809 537 81 25 åtgärd.
922 537 37 20 Att
975 537 52 21 höra

198 565 99 26 samtliga
319 565 158 21 vederbörande
493 567 23 19 är
534 571 25 15 en
575 566 45 23 sak,
636 572 46 15 som
697 566 42 20 kan
758 568 95 24 upptaga
868 565 112 21 kanhända
996 567 31 19 ett

198 594 45 21 helt
258 594 29 27 år,
304 596 59 19 utom
379 596 32 19 att
427 594 35 21 det
477 594 46 21 icke
539 595 23 20 är
578 595 23 20 så
617 594 40 21 lätt
672 596 32 19 att
720 596 54 23 veta,
792 593 71 22 hvilka
879 599 44 16 som
939 596 37 19 äro
992 600 25 15 ve

197 623 140 20 derbörande.
367 623 41 26 Jag
429 623 72 26 tycker
523 622 35 21 det
581 625 23 18 är
620 629 25 14 en
662 623 61 20 enkel
739 623 45 25 sak,
806 622 55 21 efter
879 623 35 20 det
933 629 28 14 nu
980 623 46 20 icke

196 651 68 26 gäller
287 653 66 19 annat
368 653 26 19 än
411 653 31 19 att
457 651 20 21 få
493 653 54 25 veta,
570 651 86 21 hvilken
672 653 106 24 guvernör
798 657 45 15 som
859 651 55 21 skall
930 653 49 24 taga
994 651 33 26 sig

196 680 66 21 saken
289 686 35 19 an,
348 682 31 19 att
402 686 47 15 man
474 680 128 21 bestämmer
624 682 32 19 att
672 680 35 21 det
723 682 24 19 är
762 681 133 25 guvernören
911 680 6 20 i
934 679 35 22 det
984 679 42 26 län,

197 709 57 20 inom
271 708 62 21 hvars
349 708 87 21 område
456 710 77 19 största
550 709 61 20 delen
627 709 72 26 ligger.
731 709 41 20 Det
789 711 24 18 är
826 708 46 21 icke
883 709 24 20 så
922 709 57 20 svårt
994 711 32 18 att

196 737 76 26 afgöra
295 737 39 21 den
358 737 72 24 saken,
453 739 31 19 att
501 743 47 15 man
572 737 46 21 icke
634 737 67 21 skulle
721 739 72 19 kunna
808 736 20 21 få
844 737 51 20 reda
911 737 65 26 derpå
988 737 39 20 och

197 768 60 23 tager
272 772 49 15 man
337 766 62 21 miste
415 766 51 26 deri,
482 765 24 22 så
521 766 42 20 kan
578 767 133 25 guvernören
725 767 57 20 rätta
794 766 117 26 misstaget,
924 765 27 21 då
962 765 66 21 hand-

197 794 98 26 lingarna
311 794 32 21 till
359 794 77 21 honom
451 795 113 20 inkomma.

267 852 90 20 Prosten
373 851 95 26 Hjelt:
492 851 40 26 Jag
548 851 69 21 skulle
633 851 33 21 för
682 851 43 21 min
743 851 32 21 del
793 852 102 19 motsätta
911 851 42 26 mig
968 853 60 19 anta-

197 880 80 26 gandet
292 880 22 21 af
325 881 107 26 professor
454 879 74 22 Cleves
547 880 137 21 reservation.
714 879 41 28 Jag
771 882 46 19 tror
833 879 40 21 den
890 879 75 21 blifver
980 880 48 21 svår

197 911 32 18 att
251 909 72 20 utföra
338 909 5 20 i
360 909 118 26 praktiken.
508 909 50 20 Icke
578 909 67 20 heller
661 909 39 20 har
721 910 133 25 guvernören
871 908 6 21 i
894 910 31 19 ett
945 909 34 20 län
996 911 32 18 att

198 937 119 21 bestämma
339 943 34 15 om
397 937 161 21 förhållandena
574 938 6 20 i
596 940 32 18 ett
648 940 65 19 annat
735 938 40 20 län.
809 937 58 20 Skall
883 937 64 20 saken
965 937 63 21 blifva

198 968 44 19 rätt
257 965 127 28 behandlad,
400 966 67 21 måste
480 967 36 20 det
526 966 37 21 ske
575 967 69 20 såsom
656 965 85 28 lagman
752 965 150 26 Weissenberg
913 965 114 27 föreslagit,

200 994 105 27 nämligen
327 994 90 21 sålunda
438 996 33 19 att
489 995 65 20 saken
577 994 94 21 anmäles
687 995 33 20 för
736 1001 25 14 en
777 996 106 25 guvernör
905 994 39 21 och
961 995 67 20 denne

200 1023 39 21 hör
254 1023 72 26 sedan,
342 1024 5 20 i
363 1023 37 21 fall
419 1023 24 21 af
456 1023 70 26 behof,
542 1023 66 27 öfrige
629 1025 137 25 guvernörer.
797 1022 96 22 Sälunda
908 1023 39 20 blir
963 1023 65 21 saken

200 1052 59 26 redig
283 1051 39 22 och
345 1051 46 22 klar
413 1051 46 22 frän
480 1051 67 22 första
570 1052 80 26 början,
668 1058 46 15 men
731 1052 40 21 den
788 1051 41 21 blir
845 1051 55 21 blott
915 1051 112 22 intrasslad

200 1087 34 14 om
250 1082 132 25 guvernören
397 1081 8 20 i
420 1083 30 19 ett
466 1081 34 20 län
515 1083 52 18 utan
582 1081 73 21 vidare
672 1081 71 26 börjar
758 1079 84 22 befatta
857 1080 31 26 sig
901 1080 44 21 med
957 1081 71 26 lägen-

200 1109 68 26 heter,
281 1115 45 16 som
342 1109 56 27 ligga
413 1109 57 21 inom
486 1111 31 20 ett
532 1112 65 19 annat
612 1110 42 20 län.

270 1167 110 20 Professor
403 1166 101 22 Cleve:
528 1167 66 26 ansäg
616 1167 66 21 saken
698 1167 6 21 i
721 1167 106 21 hvardera
846 1166 59 21 fallet
920 1173 51 14 vara
985 1167 44 20 lika

200 1195 53 26 klar,
277 1201 34 15 om
332 1201 48 15 man
403 1195 74 21 tänkte
497 1195 37 27 sig,
557 1197 32 20 att
604 1197 131 24 guvernören
753 1195 78 26 drager
852 1195 83 26 försorg
951 1201 33 15 om
998 1197 32 19 ett

201 1224 78 21 ärende
300 1223 33 22 till
355 1223 50 28 följd
421 1223 23 22 af
458 1226 97 19 senatens
576 1224 70 21 beslut
661 1224 51 22 eller
728 1224 33 21 till
777 1223 51 27 följe
844 1223 21 22 af
879 1230 26 14 en
921 1223 109 22 föreskrift

200 1253 6 20 i
223 1254 68 26 lagen.

271 1310 70 21 Sedan
357 1310 146 21 diskussionen
518 1310 88 21 härmed
622 1310 114 26 afstannat,
753 1309 134 22 framställde
902 1309 49 21 herr
965 1309 65 21 Tal-

201 1344 104 16 mannen
342 1338 33 22 för
390 1338 102 22 vinnande
508 1338 21 22 af
543 1338 210 27 kontraproposition
769 1338 95 27 följande
877 1338 153 26 omröstnings-

201 1367 143 27 proposition:

270 1425 98 27 Antager
390 1424 91 22 Ständet
504 1424 35 21 till
558 1424 216 28 kontraproposition
799 1426 46 19 mot
859 1424 169 20 utskottsbetän-

201 1453 79 21 kandet
292 1453 113 28 professor
422 1452 72 22 Cleves
508 1454 146 25 reservalion;
678 1454 41 20 den
735 1454 35 20 det
783 1455 42 25 gör
839 1459 79 15 svarar
930 1452 37 27 ja;
