1117 1781
341 128 162 18 Presteståndet
516 129 58 16 1882.
600 129 19 15 11
633 132 61 12 mars.
866 123 41 20 423

110 204 47 15 men
181 196 97 23 förbisett
298 197 79 27 vigtiga
399 197 91 27 punkter
512 197 31 21 uti
568 197 36 21 det
626 197 52 22 sista
700 197 180 22 ständerbeslutet
902 203 34 14 om

109 226 69 21 finska
193 225 82 22 skolors
291 226 127 21 inrättande.
449 226 43 21 Det
506 232 34 15 ser
556 228 24 19 ut
595 232 45 15 som
656 232 34 15 om
706 225 96 22 enskilda
817 226 120 21 besvärsut-

109 255 82 21 skottet
206 254 87 21 alldeles
309 254 68 21 skulle
392 254 63 21 hafva
471 254 89 27 förgätit
575 256 33 19 att
623 254 5 21 i
645 254 72 21 landet
733 254 67 21 finnas
815 256 78 20 tvänne
908 254 29 21 le-

110 283 117 26 galiserade
243 283 63 27 spräk
322 284 47 20 med
385 282 42 22 lika
443 283 133 26 rättigheter,
592 283 108 21 äfvensom
716 285 32 19 att
764 283 54 21 1877
829 283 36 22 ärs
875 283 62 22 Stän-

110 312 37 21 der
170 311 65 22 ocksä
257 312 93 26 uttryckt
373 312 40 21 den
437 312 88 25 önskan,
549 313 33 19 att
597 311 56 21 bäda
668 311 62 22 dessa
745 311 75 27 spräks
836 311 101 27 rättighe-

111 345 32 16 ter
158 340 67 21 skulle
242 341 139 26 respekteras,
397 342 55 19 samt
468 342 32 19 att
511 340 105 21 hvardera
629 340 90 27 spräken
730 340 7 21 i
748 340 26 21 de
785 346 42 21 nya
837 340 100 21 skolorna

110 369 69 20 skulle
195 367 113 28 behörigen
324 369 85 21 inläras.
440 369 50 20 Man
507 368 39 21 har
561 368 73 27 klagat
646 368 59 21 öfver
716 369 35 21 det
762 368 98 27 ovanliga
871 368 66 25 dröjs-

111 397 64 22 mälet
197 397 48 21 med
269 398 24 20 de
310 404 40 21 nya
365 398 112 21 skolornas
492 397 129 26 inrättande,
637 399 51 19 utan
704 399 32 19 att
751 403 49 15 man
815 397 55 26 tagit
886 396 51 21 hän-

110 432 38 21 syn
172 425 77 27 dertill,
272 429 32 18 att
326 433 48 14 man
397 427 6 20 i
420 426 47 21 värt
483 425 49 22 land
548 426 46 21 icke
610 425 102 22 behöfver
727 425 55 22 blott
798 425 71 22 skolor
885 427 52 19 utan

110 455 61 21 äfven
187 455 33 20 väl
236 455 149 26 organiserade
400 455 87 21 sädana.
517 455 50 20 Man
584 455 38 20 har
638 455 64 21 redan
719 454 123 27 tillräckligt
855 453 82 28 experi-

110 485 105 20 menterat
236 484 28 26 pä
285 484 58 21 detta
367 483 85 21 område
473 483 6 21 i
495 483 36 21 det
547 485 33 19 att
595 489 48 15 man
659 485 51 19 utan
726 485 32 19 att
773 485 98 19 närmare
887 485 49 23 taga

110 512 119 21 kännedom
245 518 33 15 om
295 512 105 26 behofvet,
418 512 46 20 med
481 514 58 19 stora
550 512 117 21 kostnader
678 512 89 21 inrättat
777 512 77 24 skolor,
866 511 71 21 hvilka

110 541 63 26 högst
196 541 46 20 litet
266 540 68 21 blifvit
356 541 168 26 fregventerade.
556 541 46 20 Den
626 540 37 27 tid,
687 546 44 15 som
747 547 29 14 nu
789 539 94 27 förflutit,
898 539 39 21 har

110 569 53 21 visat
180 575 41 18 oss,
237 569 52 20 hvar
304 571 31 19 ett
351 569 91 26 verkligt
460 569 64 21 behof
539 569 23 20 af
576 569 72 21 skolor
665 569 132 25 förefunnits,
805 569 38 21 och
853 569 38 21 der
899 568 39 21 har

110 604 48 15 man
183 598 64 21 redan
271 598 88 26 vidtagit
383 598 101 27 ätgärder
499 600 33 18 att
547 597 47 22 med
610 597 85 27 privata
710 597 68 22 medel
793 599 52 24 göra
861 597 76 26 början

110 626 32 21 till
163 626 131 21 inrättandet
309 627 22 20 af
345 627 72 26 dylika
429 626 110 21 anstalter.
570 626 31 21 Pä
616 626 68 21 andra
699 629 58 18 orter
772 627 47 20 äter
834 626 39 21 har
888 632 49 15 man

108 661 77 20 genom
208 655 143 26 hvarjehanda
373 655 169 21 machinationer
564 655 41 21 fätt
628 655 70 20 skolor
721 655 5 20 i
749 655 62 26 gäng,
826 661 45 15 som
888 654 49 27 föga

110 683 69 22 blifvit
202 684 93 21 besökta.
327 683 54 27 (Sorl
405 683 21 21 af
446 683 122 27 ogillande).
600 684 38 21 Att
654 684 36 20 det
705 683 68 22 skulle
788 690 51 14 vara
853 684 84 21 Preste-

109 713 97 21 ständets
228 712 134 21 uteslutande
385 712 132 27 privilegium
533 715 33 18 att
581 712 106 27 uppträda
702 712 69 21 säsom
788 713 101 20 mälsmän
905 711 32 21 för

110 742 36 20 det
169 741 66 21 finska
260 741 77 21 folkets
360 741 147 26 skolväsende,
532 741 72 21 derom
628 742 39 20 har
690 741 18 25 ej
732 743 85 24 prosten
830 740 107 22 Johnsson

110 771 81 20 kunnat
214 770 107 26 öfvertyga
345 771 48 26 mig,
415 772 21 24 ty
458 769 36 27 jag
517 772 45 19 tror
584 771 33 19 att
640 769 26 22 de
682 769 67 21 andra
764 769 94 22 Ständen
874 768 63 22 hafva

110 805 81 15 samma
213 799 52 26 dyra
287 799 54 26 pligt
363 801 32 18 att
418 797 70 22 uttala
503 798 47 21 sina
565 798 80 27 äsigter
660 798 7 21 i
683 798 59 21 detta
757 797 107 22 afseende.
895 797 42 26 Jag

110 827 69 21 skulle
203 826 70 21 derför
295 827 131 21 fortfarande
442 827 34 20 stä
491 827 35 21 vid
542 827 49 20 mitt
606 826 101 27 yrkande,
723 828 33 19 att
771 827 53 20 intet
839 825 98 22 afseende

109 855 67 22 skulle
193 855 66 21 fästas
274 855 35 21 vid
325 856 69 21 denna
409 855 97 26 petition,
522 855 52 21 eller
590 858 37 22 att,
642 855 7 21 i
665 855 35 22 fall
716 855 159 21 Presteständet
885 855 52 26 god-

110 884 81 21 känner
213 884 122 27 petitionen,
357 885 123 20 densamma
503 884 69 21 skulle
596 883 142 22 öfverlemnas
753 883 32 22 till
801 884 88 21 allmänt
904 887 33 17 ut-

109 913 69 21 skotts
194 912 133 27 behandling.

177 970 143 26 Domprosten
342 969 124 22 Renvall:
498 969 69 21 Sedan
590 971 86 25 prosten
699 969 106 22 Johnsson
828 969 65 21 redan
914 969 23 21 sä

110 998 140 27 omständligt
273 998 39 21 och
332 998 108 27 grundligt
463 998 111 26 vederlagt
596 998 41 21 den
652 997 126 27 föregäende
793 998 93 21 talarens
901 1004 36 15 an-

112 1027 141 26 märkningar,
275 1033 62 15 anser
349 1027 38 26 jag
402 1027 36 20 det
453 1033 52 14 vara
521 1026 54 21 bäde
592 1026 87 27 onödigt
695 1026 38 21 och
750 1026 141 27 otillständigt
905 1029 33 18 att

110 1058 95 24 upptaga
228 1055 100 22 Ständets
345 1055 30 21 tid
393 1055 49 21 med
458 1057 33 19 att
506 1061 95 21 upprepa
618 1055 35 21 det
668 1061 88 20 samma,
772 1061 45 15 som
833 1055 41 20 han
889 1056 49 25 sagt

110 1085 53 20 eller
185 1084 65 21 också
269 1086 30 19 att
316 1084 66 21 inläta
397 1085 45 25 mig
452 1083 28 27 pä
496 1086 31 18 ett
542 1083 87 22 område
642 1089 52 20 som,
709 1083 53 22 efter
777 1083 56 21 hvad
847 1083 43 26 mig
905 1089 32 21 sy-

111 1119 43 20 nes,
176 1113 47 20 icke
246 1112 73 21 tillhör
341 1115 72 18 ämnet
428 1112 33 21 för
477 1112 69 21 denna
562 1112 100 27 petition;
679 1112 39 21 och
735 1112 70 21 derför
820 1112 68 21 skulle
901 1111 37 27 jag

110 1141 33 21 för
158 1141 42 21 min
217 1141 34 21 del
267 1141 67 21 önska
349 1144 32 18 att
397 1140 145 22 betänkandet
553 1141 69 21 skulle
637 1143 89 25 antagas
742 1143 55 18 samt
813 1143 32 19 att
859 1147 79 20 propo-

108 1169 64 22 sition
187 1169 68 22 skulle
271 1169 22 22 af
307 1170 48 21 herr
370 1169 162 22 Talmannen
547 1169 7 21 i
569 1169 66 22 saken
651 1169 134 22 framställas.

180 1227 70 22 Sedan
267 1227 146 22 diskussionen
429 1227 95 21 härefter
539 1227 133 20 förklarades
688 1225 98 27 afslutad,
799 1225 67 22 beslöt
877 1225 61 22 Stän-

110 1257 37 21 det
167 1256 48 21 med
235 1256 156 27 öfvervägande
406 1256 116 26 pluralitet,
539 1257 51 19 utan
605 1256 103 26 votering,
723 1255 112 27 godkänna
850 1254 37 22 sitt
902 1261 35 15 en-

110 1285 71 21 skilda
196 1284 181 22 besvärsutskotts
392 1284 142 26 betänkande,
551 1284 39 21 och
606 1284 70 21 skulle
691 1284 68 26 nägon
771 1283 125 27 inbjudning
905 1283 33 21 till

113 1313 26 22 de
165 1313 68 27 öfriga
249 1313 100 27 Ständen,
373 1315 31 20 att
420 1313 6 20 i
442 1313 61 21 detta
518 1312 71 22 beslut
604 1312 73 22 förena
692 1312 38 27 sig,
745 1312 47 22 icke
806 1312 85 21 komma
906 1314 32 19 att

109 1342 53 27 afgå.

179 1399 46 21 Mot
248 1399 59 21 detta
323 1399 69 21 beslut
408 1398 109 22 anmäldes
532 1398 131 22 reservation
679 1398 22 22 af
717 1398 77 22 doktor
809 1397 129 22 Nordström

110 1428 40 21 och
165 1428 107 26 professor
287 1428 118 21 Estlander.
