1117 1781
306 117 160 17 Presteståndet
479 118 59 16 1882.
564 119 22 15 14
599 118 97 16 februari.
845 112 40 21 201

87 186 33 21 för
136 186 18 26 ej
170 186 67 21 skulle
260 186 71 21 kunna
354 186 66 21 blifva
443 187 69 20 såsom
533 187 25 20 de
579 186 66 21 borde
661 193 57 20 vara,
735 193 46 14 men
795 187 37 25 jag
847 182 78 25 håller

88 215 52 24 före,
157 217 32 18 att
205 214 59 21 äfven
281 215 38 20 här
335 217 24 18 är
374 215 129 26 nödvändigt
518 217 32 19 att
566 215 18 27 ej
602 215 43 21 låta
658 215 69 21 denna
737 215 82 26 princip
829 215 21 21 få
861 222 53 18 rum,

88 246 32 18 att
136 243 36 20 det
189 243 60 21 bästa
264 243 42 21 blir
322 243 36 21 det
373 244 65 26 godas
455 245 71 20 värsta
541 244 75 20 fiende.
638 243 50 21 Man
704 244 67 20 måste
787 243 86 22 försöka
883 246 32 19 att

88 271 147 22 åstadkomma
258 272 55 21 hvad
337 278 47 15 man
407 272 41 21 kan
469 273 43 20 tills
533 273 72 20 vidare
622 272 40 21 och
678 271 105 22 förbättra
798 272 54 21 hvad
869 279 45 15 som

89 299 104 27 behöfves,
211 303 38 18 när
272 300 68 21 medel
363 301 69 20 därtill
456 300 73 21 finnas.
560 301 41 26 Jag
620 303 45 18 tror
681 301 64 20 också
760 303 31 18 att
807 301 26 20 de
849 301 65 25 löner,

89 335 44 14 som
155 329 83 21 lärarne
255 329 5 20 i
277 330 61 20 dessa
361 329 203 21 handtverksskolor
588 329 68 21 skulle
679 329 85 21 komma
780 331 31 18 att
827 329 87 26 erhålla,

88 357 46 20 icke
155 359 37 20 äro
215 358 22 21 så
259 358 114 26 betydliga,
391 360 31 19 att
443 364 47 15 man
507 358 40 21 kan
565 359 67 20 räkna
647 358 27 26 på
691 360 31 18 att
737 364 102 20 personer
854 358 61 21 skola

88 385 71 22 kunna
182 386 54 21 lefva
259 386 136 21 uteslutande
411 387 23 20 af
448 387 54 20 dem.
532 387 40 26 Jag
589 387 75 20 tänker
680 386 43 27 mig
738 387 128 20 åtminstone
882 386 32 21 till

88 416 32 19 att
137 415 58 26 börja
211 415 53 24 med,
281 417 32 18 att
328 421 26 15 en
369 421 77 20 person
461 416 69 20 kunde
544 422 51 14 vara
608 415 68 21 lärare
692 415 5 20 i
709 415 204 21 handtverksskolan

86 446 65 25 jemte
169 445 35 19 det
220 446 32 19 att
267 444 42 20 han
326 443 39 21 har
381 444 68 26 någon
466 451 70 14 annan
552 444 169 26 sysselsättning.
752 444 109 21 Huruvida
869 444 46 26 just

89 475 39 20 den
145 473 22 20 af
181 472 229 27 konstflitsföreningen
426 472 122 21 handledda
560 473 74 20 skolan
646 474 24 19 är
681 473 39 20 den
732 478 43 15 som
789 472 47 21 bäst
847 472 67 21 skulle

88 503 70 24 lämpa
174 501 31 26 sig
221 501 31 21 till
268 507 25 14 en
311 501 57 26 dylik
384 501 160 21 centralanstalt
560 502 80 20 tilltror
648 501 36 27 jag
696 501 41 26 mig
747 501 46 21 icke
804 501 110 26 förmågan

88 533 32 19 att
136 530 96 25 bedöma,
248 536 47 15 men
319 536 33 15 om
377 530 67 21 denna
466 530 60 21 skola
541 530 69 21 skulle
626 536 62 15 anses
704 529 52 21 böra
772 529 20 22 få
807 536 26 14 en
849 530 65 21 sådan

88 559 125 26 utbildning,
229 559 68 20 skulle
310 559 37 26 jag
363 559 66 20 önska
445 561 31 18 att
492 559 21 20 af
527 559 142 26 petitionären
686 558 81 21 erhålla
783 559 64 25 några
863 565 51 20 upp-

89 588 112 27 lysningar.
232 587 145 21 Petitionären
401 587 65 26 begär
488 587 105 26 nemligen
616 590 32 18 att
664 587 22 20 åt
701 587 68 21 denna
785 587 60 22 skola
861 586 54 23 skall

89 617 78 26 byggas
190 616 53 21 först
265 616 39 21 och
329 615 72 22 främst
422 618 32 19 ett
470 619 46 23 eget
532 616 45 25 hus,
593 616 39 21 och
648 615 33 21 för
694 615 35 21 det
745 616 66 21 andra
827 618 32 19 att
875 616 39 21 den

89 645 68 21 skulle
179 644 67 21 förses
267 645 49 20 med
331 644 123 27 tillräckligt
470 645 80 26 anslag.
580 645 41 26 Jag
638 646 34 19 vet
688 645 53 20 dock
756 644 18 26 ej
791 651 33 14 om
841 645 35 20 det
891 646 24 19 är

88 674 153 26 petitionärens
265 673 84 26 mening
373 675 30 19 att
422 673 82 27 skolan,
520 673 64 21 sedan
601 673 39 21 den
658 673 84 20 erhällit
757 676 48 23 eget
820 673 39 21 hus
875 672 39 22 och

89 703 39 20 fått
144 703 73 25 anslag
233 702 31 21 till
285 701 122 22 aflönandet
425 701 23 22 af
462 702 75 24 lärare,
554 701 130 22 fortfarande
700 701 69 21 skulle
785 708 49 15 vara
849 701 65 27 slöjd-

88 731 135 26 föreningens
244 730 126 21 läroanstalt
391 731 51 20 eller
464 737 34 14 om
521 731 47 26 den,
584 731 27 20 dä
634 731 40 20 den
697 731 89 20 sälunda
809 730 44 21 hell
875 730 39 21 och

88 759 67 22 hället
172 759 126 21 bekostades
314 759 21 21 af
349 761 77 22 staten,
442 759 69 21 skulle
527 759 63 21 blifva
606 765 25 14 en
644 761 81 19 statens
736 759 122 26 inrättning.
875 758 39 21 Om

89 795 25 14 en
130 789 85 21 anstalt,
232 788 65 21 sådan
314 794 44 14 som
376 788 73 26 denna,
466 788 67 21 skulle
550 787 82 21 erhålla
647 789 23 20 sä
687 789 54 19 stort
751 788 79 26 anslag,
842 788 23 21 sä
876 787 39 20 bör

89 823 47 15 man
153 816 64 24 ocksä
233 817 76 22 känna,
326 816 67 21 under
409 817 71 20 hvilka
496 816 145 21 förhällanden
659 817 39 20 den
709 816 67 21 skulle
788 817 84 20 komma
883 818 32 19 att

89 846 70 26 verka,
175 845 39 21 och
230 845 36 21 det
281 845 72 26 tyckes
368 845 41 26 mig
424 847 32 18 att
473 851 47 14 man
538 845 17 26 ej
572 845 39 20 här
627 845 63 20 berör
703 845 39 20 den
759 845 80 24 frägan,
852 846 63 19 huru-

89 874 47 21 vida
159 874 69 21 denna
251 874 60 21 skola
329 873 68 21 skulle
412 874 70 20 lemna
498 874 150 26 undervisning
664 873 17 26 ej
699 873 55 21 blott
769 875 22 19 ät
807 874 46 20 dem
869 879 45 15 som

89 905 36 18 äro
142 902 95 27 mäktiga
253 903 35 20 det
304 902 89 21 svenska
409 902 93 27 språket,
519 905 50 18 utan
585 902 65 21 också
666 902 22 21 ät
703 902 26 21 de
745 902 66 21 finska
822 902 92 21 talande.

88 931 40 26 Jag
144 931 81 26 hoppas
241 934 32 17 att
288 931 141 26 petitionären
445 931 54 20 skall
516 931 72 20 kunna
604 931 95 20 meddela
716 931 61 20 dessa
792 930 123 27 upplysnin-

88 966 44 20 gar,
149 966 44 14 som
210 960 17 26 ej
245 959 54 21 blott
315 959 32 21 för
359 959 88 22 Ständet
458 961 38 19 äro
508 959 20 21 af
538 960 49 25 vigt,
600 962 50 18 utan
662 959 65 21 också
738 959 31 21 för
781 960 35 20 det
826 959 89 25 utskott,

89 988 31 21 till
137 988 82 21 hvilket
231 988 38 27 jag
284 988 82 27 boppas
382 991 31 18 att
429 988 117 27 petitionen
564 989 66 20 måtte
646 989 125 20 remitteras.

158 1045 89 21 Prosten
264 1045 164 26 Rosengren:
453 1045 45 26 Mig
514 1051 61 21 synes
590 1048 33 18 att
634 1045 161 26 ifrägavarande
805 1044 110 27 petitions-

89 1074 78 26 förslag
191 1074 17 25 ej
232 1080 65 20 gerna
320 1074 41 21 kan
377 1074 22 21 af
413 1074 130 26 högvördiga
567 1074 160 21 Presteständet
748 1074 119 21 remitteras
883 1072 32 21 till

88 1102 65 26 något
168 1103 89 24 utskott,
275 1103 38 20 och
329 1103 36 20 det
380 1102 22 21 af
416 1103 92 26 följande
524 1103 51 20 skäl.
608 1102 74 21 Sävidt
695 1103 36 26 jag
745 1102 106 27 uppfattat
862 1101 53 26 peti-

89 1131 78 25 tionen,
184 1131 117 21 innehåller
325 1131 40 21 den
389 1135 77 17 tvenne
489 1131 105 21 särskilda
616 1131 100 26 ärenden,
740 1137 47 14 men
804 1131 5 20 i
852 1131 25 20 51
895 1129 22 21 af

89 1159 230 27 landtdagsordningen
341 1160 5 20 i
363 1160 47 20 dess
433 1166 75 14 senare
531 1162 94 19 moment
648 1161 51 25 står,
715 1162 32 18 att
769 1159 31 27 ,ej
818 1159 33 20 mä
867 1159 5 20 i
889 1164 26 15 en

89 1188 61 21 skrift
165 1187 50 22 flere
231 1190 90 19 ärender
337 1188 22 21 af
374 1188 56 21 olika
446 1188 145 21 beskaffenhet
606 1189 173 20 sammanföras*.
803 1187 39 26 Jag
859 1187 56 20 före-

88 1217 73 20 ställer
177 1217 42 26 mig
236 1219 31 18 att
283 1223 33 15 om
333 1217 18 26 ej
369 1217 67 21 denna
452 1218 139 25 anmärkning
606 1217 69 21 skulle
690 1219 63 24 göras
768 1217 5 20 i
785 1216 95 25 Ständet,
892 1216 23 20 sä

88 1245 68 21 skulle
171 1252 81 15 samma
268 1245 139 27 anmärkning
422 1246 86 21 komma
524 1248 32 19 att
571 1248 63 24 göras
650 1246 6 20 i
668 1245 111 26 utskottet,
791 1245 39 21 och
841 1244 74 21 remiss

88 1274 68 20 skulle
172 1274 89 21 sälunda
276 1275 6 20 i
299 1275 40 21 alla
363 1274 135 21 hänseenden
519 1281 49 15 vara
584 1277 50 19 utan
651 1275 68 26 nägon
735 1274 97 27 praktisk
848 1276 66 24 nytta,

88 1302 40 21 hur
150 1303 65 27 vigtig
239 1304 63 20 också
324 1304 39 20 den
383 1303 59 27 fråga
459 1304 35 20 mä
509 1310 57 18 vara,
582 1303 88 21 hvarom
686 1304 117 25 petitionen
818 1301 95 22 handlar.

88 1331 48 21 Men
160 1332 40 20 den
225 1332 62 20 kani
303 1332 43 20 alla
369 1332 36 20 fall
428 1332 32 20 till
483 1332 49 26 följe
554 1332 22 20 af
591 1332 59 21 detta
666 1332 96 20 formella
777 1331 34 24 fel,
827 1330 88 22 hvarom

85 1360 37 26 jag
145 1366 27 14 nu
195 1360 39 21 har
254 1360 103 26 anmärkt,
375 1361 18 26 ej
409 1360 6 20 i
431 1360 71 26 nägon
520 1360 102 21 händelse
638 1361 121 21 remitteras
774 1360 32 21 till
822 1360 93 20 utskotts

88 1388 121 27 beredning,
227 1389 39 21 och
290 1389 70 21 derför
381 1395 61 15 anser
455 1389 39 27 jag
509 1392 32 18 att
556 1390 74 26 frägan
647 1389 32 21 för
695 1389 68 21 denna
778 1389 55 27 gäng
849 1388 66 21 borde

87 1417 81 21 lemnas
184 1420 51 18 utan
252 1417 104 21 afseende.

157 1474 110 22 Professor
284 1475 158 21 Estlander:
473 1475 46 21 Mot
535 1474 55 22 hvad
607 1477 71 19 senast
694 1474 38 21 har
747 1474 68 22 blifvit
831 1474 85 21 anfördt

88 1502 131 22 beträffande
242 1504 48 20 mitt
314 1503 220 27 petitionsmemorial,
551 1504 23 20 sä
598 1503 37 21 ber
656 1503 36 27 jag
715 1503 21 21 få
753 1504 68 20 erinra
837 1503 78 26 derom,
