1117 1781
217 118 41 22 336
467 124 163 18 Presteståndet
641 126 59 17 1882.
713 126 12 16 7
737 130 64 13 mars.

335 263 114 26 Samma
467 262 56 34 dag
540 262 39 27 kl.
598 263 18 26 5
634 263 237 34 eftermiddagen.

258 331 42 21 Vid
331 332 93 21 anstäldt
446 338 82 21 upprop
555 332 103 21 befunnos
681 332 98 27 samtlige
802 332 216 21 Ständsmedlemmar

189 360 138 21 närvarande.

260 457 119 26 Föredrogs
401 457 94 21 härefter
516 459 154 20 sammansatta
686 457 43 26 lag-
746 457 39 21 och
802 457 216 22 ekonomiutskottets

190 485 135 22 betänkande
340 486 40 21 N:o
399 488 8 19 1
425 487 6 19 i
448 486 113 26 anledning
577 486 23 21 af
614 486 59 21 Hans
688 486 119 27 Kejserliga
818 485 112 27 Majestäts
941 486 77 26 nädiga

190 514 132 27 proposition
338 515 110 26 angäende
464 514 122 21 lösdrifvare
603 515 39 20 och
659 515 60 20 deras
736 515 135 26 behandling.

259 571 125 27 Vicepastor
407 572 71 21 Böök
501 571 70 21 anhöll
596 577 33 15 om
646 571 155 21 betänkandets
817 571 123 27 ytterligare
956 571 62 20 bord-

190 599 101 28 läggning
307 599 31 22 till
355 602 60 19 nästa
430 600 91 27 plenum.

261 656 110 22 Professor
386 657 76 21 Cleve
479 657 118 20 hemstälde
613 657 32 20 till
656 657 96 24 Ständet,
765 657 104 20 huruvida
880 657 46 20 icke
938 656 81 21 utskot-

191 686 42 20 tets
249 685 144 27 föreliggande
409 685 133 22 betänkande
557 686 70 20 kunde
643 685 23 21 af
680 685 89 22 Ständet
785 687 90 24 antagas
885 687 50 19 utan
947 685 71 20 vidare

191 713 129 24 diskussion,
337 714 26 21 dä
380 715 117 20 detsamma
512 715 47 20 med
576 715 108 26 undantag
695 714 23 21 af
727 715 67 26 nägra
808 714 81 21 mindre
900 713 118 27 betydande

191 742 178 27 inskränkningar
391 745 24 18 är
437 743 43 20 lika
502 742 89 27 lydande
614 744 47 20 med
686 743 35 21 det
744 749 45 15 som
814 743 22 20 af
850 742 119 23 Ständerna
984 742 34 21 vid

193 772 141 21 1877—1878
350 772 34 20 års
400 772 102 26 landtdag
517 774 81 23 antogs.

261 829 88 20 Prosten
365 829 156 27 Rosengren
538 829 142 20 understödde
696 828 102 27 förslaget
814 834 33 15 om
864 828 154 21 betänkandets

193 857 158 28 bordläggning.

261 915 40 21 Till
326 915 51 26 följä
400 915 22 21 af
443 915 25 20 de
490 914 109 27 yrkanden
621 921 44 14 som
682 915 67 26 gjorts
764 914 28 27 pä
808 916 151 19 sammansatta
975 914 42 27 lag-

191 943 40 21 och
247 943 214 22 ekonomiutskottets
476 943 145 21 betänkandes
636 943 124 27 ytterligare
777 943 161 26 bordläggning,
955 943 63 21 bord-

192 972 59 21 lades
267 972 118 21 detsamma
401 972 31 21 till
448 974 61 19 nästa
524 972 164 21 sammanträde.

259 1109 104 27 Företogs
386 1116 27 15 nu
436 1109 32 21 till
485 1109 128 26 behandling
628 1109 154 26 lagutskottets
798 1109 134 21 betänkande
948 1109 39 21 N:o
1005 1110 10 19 1

190 1138 6 21 i
220 1138 114 27 anledning
357 1138 23 21 af
401 1138 59 21 Hans
480 1138 118 27 Kejserliga
614 1138 111 27 Majestäts
741 1138 78 26 nädiga
834 1137 130 27 proposition
981 1144 36 14 an-

190 1167 82 26 gäende
294 1169 61 18 ränta
377 1167 33 20 vid
434 1167 154 26 försträckning
608 1167 27 26 pä
657 1167 41 21 viss
717 1167 50 21 kort
783 1167 32 20 tid
831 1169 49 18 utan
897 1166 119 21 säkerhet
1005 1162 15 36 i

190 1195 42 22 fast
248 1196 109 26 egendom.

260 1253 67 21 Ordet
343 1253 108 21 lämnades
467 1253 73 21 härvid
556 1253 27 27 pä
598 1252 92 27 begäran
706 1253 23 21 ät
739 1252 94 27 följande
844 1252 173 21 ständsmedlem-

190 1288 52 20 mar,
259 1282 71 21 hvilka
346 1282 52 20 hvar
413 1282 53 20 efter
481 1288 68 14 annan
564 1282 96 26 yttrade:

260 1338 90 22 Prosten
372 1338 83 27 Hjelt:
477 1338 83 21 Mindre
576 1340 26 19 än
618 1338 31 21 uti
665 1338 25 21 de
705 1338 62 21 flesta
783 1339 67 20 andra
866 1338 74 20 länder
955 1337 62 21 hafva

190 1367 149 27 förändringar
353 1368 6 20 i
375 1367 220 27 räntelagstiftningen
612 1369 35 24 egt
660 1373 46 15 rum
720 1367 39 21 hos
775 1372 41 16 oss.
841 1366 74 22 Redan
927 1366 24 21 är
963 1366 54 21 1898

190 1396 115 26 stadgades
329 1396 35 21 det
387 1399 32 17 att
442 1398 61 18 ränta
526 1396 54 26 finge
602 1398 61 24 tagas
686 1396 12 20 6
723 1396 32 20 för
771 1395 89 21 hundra.
892 1396 74 20 Denna
981 1395 37 20 be-

190 1425 107 26 stämning
319 1424 75 22 fortfor
417 1425 55 20 ända
494 1424 31 21 till
551 1425 59 23 1666,
634 1424 27 21 dä
683 1424 122 21 räntefoten
829 1424 73 26 höjdes
923 1424 31 20 till
970 1423 48 27 8%,

189 1460 48 14 men
261 1456 51 18 enär
333 1454 68 20 denna
423 1453 93 21 räntefot
538 1453 76 27 ansägs
636 1452 32 22 för
691 1453 46 27 hög,
762 1453 110 21 nedsattes
888 1452 39 21 den
944 1452 35 21 tvä
994 1452 24 20 är

190 1482 93 21 derefter
305 1482 38 21 och
367 1482 26 21 de
417 1482 156 26 bestämningar
596 1482 94 20 infördes
710 1484 38 22 att,
765 1488 35 14 om
817 1481 53 27 ärlig
885 1483 62 19 ränta
961 1481 57 21 före-

190 1510 75 27 skrefs,
281 1517 37 15 var
333 1511 12 21 6
355 1511 27 26 %/,
399 1510 34 22 det
449 1511 81 26 högsta,
546 1517 45 15 som
607 1510 56 27 finge
678 1510 89 26 betalas,
785 1516 48 14 men
845 1509 114 22 föreskrefs
971 1509 47 21 icke
