1117 1781
294 114 162 20 Presteständet
469 114 55 17 1882.
549 115 14 15 4
575 114 98 17 februari.
842 108 27 21 63

71 182 99 27 teckning
185 182 13 21 å
213 183 26 21 de
260 182 56 22 inom
339 182 86 22 ståndet
448 182 126 26 delegerade
593 182 240 23 utskottsledamöterne
858 182 40 22 och

72 211 167 28 suppleanterne.

140 271 33 18 att
185 268 75 27 nådiga
276 268 184 27 propositionerna
475 269 58 20 N:ris
551 269 24 20 16
592 269 39 20 och
647 269 27 20 25
690 268 71 21 blifvit
776 269 23 21 af
813 269 86 22 ståndet

71 297 138 22 remitterade
223 297 33 21 till
272 297 279 22 ekonomiutskottet.

139 356 32 19 att
187 353 84 22 ståndet
293 354 120 21 remitterat
436 354 40 21 den
492 354 77 27 nådiga
590 354 161 27 propositionen
766 353 40 22 N:o
823 355 27 20 24
865 354 33 21 till

68 382 281 27 jernvägsutskottet.

141 441 32 20 att
189 439 84 22 ståndet
288 439 32 21 till
335 439 188 27 lagutskottet
539 440 121 21 remitterat
675 440 40 21 den
731 439 78 28 nådiga
822 445 77 21 propo-

72 468 90 21 sitionen
185 468 41 21 N:o
242 469 13 20 6
271 467 74 28 åtföljd
369 467 22 22 af
405 468 197 27 protokollsutdrag
624 469 60 21 öfver
707 468 39 21 den
762 468 34 21 vid
812 468 86 27 frågans

72 496 149 28 föredragning
236 496 111 22 förefallna
362 496 156 23 diskussionen.

141 557 32 18 att
197 554 86 21 ståndet
307 553 32 22 till
363 556 197 19 sammansatta
584 553 51 28 lag-
662 553 47 22 och
732 554 166 21 ekonomiut-

72 583 107 21 skottet
202 583 118 21 remitterat
342 583 78 26 nådiga
442 583 185 26 propositionerna
649 583 58 21 N:ris
729 583 19 25 9,
769 583 32 25 10,
818 583 25 20 14
859 582 39 21 och

73 612 26 20 29
125 611 39 22 och
187 611 66 22 tillika
276 611 93 22 beslutat
391 613 33 19 att
439 611 55 22 båda
510 611 109 22 utskotten
636 611 48 22 med
699 611 98 22 afseende
818 611 13 21 &
850 611 49 21 sist-

72 640 91 21 nämnda
179 640 131 27 proposition
325 640 39 21 och
381 641 38 20 när
434 640 13 21 å
462 640 49 21 dess
526 640 78 27 pagina
618 641 14 20 4
648 641 94 26 antydes,
758 642 33 19 att
803 639 95 28 proposi-

72 669 90 21 tionen
155 664 12 36 i
178 668 191 27 hufvudprincipen
392 668 81 22 afviker
496 669 46 21 från
566 669 40 21 den
628 669 34 21 för
684 668 83 27 frågans
786 669 113 26 utredning

72 697 90 22 tillsatta
177 697 105 22 komiténs
301 697 142 25 betänkande,
465 697 69 22 skulle
557 697 80 22 erinras
659 703 34 16 om
715 697 70 21 vikten
801 699 32 20 att
848 699 50 25 taga

73 726 58 21 detta
146 726 135 21 betänkande
296 726 7 21 i
319 725 160 28 öfvervägande.

141 858 55 21 Herr
207 857 165 22 Talmannen
383 857 99 28 föredrog
493 865 27 14 nu
532 858 32 21 till
575 857 157 28 handläggning
742 858 55 21 inom
809 857 90 22 Ståndet

74 886 36 21 det
124 887 23 20 af
160 886 159 27 professorerne
341 886 152 22 Estlander
508 887 40 22 och
564 887 145 27 Runeberg
724 886 119 22 inlemnade
859 886 39 21 och

73 915 34 20 vid
123 917 83 19 senaste
227 915 157 22 sammanträde
402 915 118 27 bordlagda
536 915 181 28 petitionsförslag
731 922 34 15 om
781 915 66 22 ökadt
862 921 36 15 an-

72 944 45 26 slag
132 944 32 21 till
179 943 267 27 universitetsbiblioteket,
461 944 81 22 hvilket
563 944 180 27 petitionsförslag
758 944 89 21 Ståndet
862 944 36 21 be-

73 972 42 21 slöt
131 973 110 21 remittera
255 972 32 21 till
302 972 107 22 allmänna
425 973 198 21 besvärsutskottet.

142 1104 118 27 Föredrogs
276 1104 32 21 till
329 1104 128 27 behandling
473 1105 35 21 det
524 1105 34 21 vid
574 1107 84 19 senaste
674 1104 85 27 plenum
775 1103 123 27 bordlagda,

74 1133 22 21 af
112 1133 147 26 kyrkoherden
286 1133 103 21 Hirvinen
412 1133 120 22 inlemnade
555 1133 210 27 petitionsförslaget,
790 1132 109 27 angående

72 1161 140 22 afskaffandet
237 1161 21 22 af
277 1161 121 28 värjemåls-
424 1162 40 21 och
488 1162 160 27 vrångoederna
663 1163 7 20 i
686 1162 37 21 vår
747 1168 27 15 nu
799 1160 100 28 gällande

72 1189 142 28 lagstiftning:

141 1247 80 21 Härvid
236 1247 85 27 yttrade
335 1247 33 27 sig
384 1246 94 28 följande
494 1247 79 22 talare:

140 1304 111 22 Professor
265 1304 137 26 Forsman,
417 1305 20 21 J.
460 1304 58 22 Minä
533 1305 118 27 puolestani
668 1304 138 28 täydellisesti
821 1304 78 21 tahtoi-

72 1332 31 22 sin
118 1333 99 27 yhdistyä
239 1333 66 21 niihin
326 1333 158 27 mielipiteisiin,
502 1334 54 26 joita
578 1333 63 21 herra
656 1333 102 22 Hirvinen
773 1332 125 22 anomuseh-

72 1361 152 22 dotuksessaan
241 1368 26 15 on
283 1362 106 20 lausunut.
420 1362 72 21 Mutta
514 1362 130 22 kuitenkaan
664 1368 25 15 en
707 1362 34 21 voi
756 1361 79 22 kieltää
849 1361 49 26 sitä,

72 1392 45 19 että
141 1392 58 19 tämä
224 1390 182 22 anomusehdotus
430 1396 100 16 suuressa
552 1392 108 20 määrässä
683 1391 70 21 minua
776 1390 123 27 epäilyttää.

71 1418 27 22 Se
114 1421 91 24 muutos,
226 1419 109 21 varsinkin
358 1418 176 28 puhdistusvalan
549 1419 148 27 poistaminen,
710 1419 46 27 jota
771 1418 63 22 herra
849 1418 49 21 Hir-

72 1447 61 21 vinen
157 1448 126 27 ehdottelee,
303 1447 80 22 koskee
405 1448 80 26 syvästi
500 1448 66 21 niihin
584 1448 160 26 periaatteisiin,
757 1447 68 27 joihin
841 1447 56 21 koko

71 1476 83 21 meidän
177 1476 117 27 lainkäynti
314 1476 193 27 järjestyksemme,
526 1476 108 22 varsinkin
649 1476 154 26 rikosasioissa,
824 1481 74 22 perus-

71 1508 43 18 tuu.
146 1504 137 22 Tämmöinen
299 1507 85 19 muutos
400 1504 116 28 edellyttää
534 1505 127 27 jokseenkin
677 1505 149 27 laajaperäistä
838 1510 59 16 muu-
