1117 1781
315 134 163 18 Presteståndet
492 135 56 17 1882.
575 135 21 17 17
609 134 98 17 februari.
858 129 47 37 235

105 203 55 22 finsk
176 203 180 26 medborgarrätt;
379 203 71 21 derför
466 203 66 21 finnes
551 203 122 27 visserligen
690 203 121 27 uppställda
826 203 56 21 vissa
897 202 38 21 vil-

106 233 46 24 kor,
169 238 47 15 men
233 231 62 22 bland
319 232 62 21 dessa
396 232 69 21 vilkor
481 232 61 25 ingår
557 231 47 22 icke
620 231 36 22 det
672 234 31 19 att
719 231 62 22 hafva
796 231 28 27 på
839 234 30 19 ett
885 237 49 21 syn-

106 261 77 26 nerligt
205 260 141 21 framstående
362 262 42 19 sätt
420 260 58 27 gjort
494 261 30 25 sig
540 260 88 27 förtjent
643 260 23 21 af
680 261 78 24 landet,
779 261 71 20 derom
868 260 66 21 borde

106 289 37 21 det
158 295 51 15 vara
225 289 39 21 lätt
279 291 32 19 att
327 289 109 26 öfvertyga
451 289 37 26 sig.
512 289 42 20 Det
570 291 24 18 är
610 289 6 20 i
632 289 74 26 sjelfva
717 289 73 21 verket
801 289 23 20 så
835 291 32 19 att
878 289 56 21 med-

107 317 122 27 borgarrätt
243 317 7 21 i
266 319 31 20 ett
313 317 49 21 land
378 318 46 21 icke
440 319 24 19 är
480 323 26 15 en
522 317 91 21 särskild
637 317 72 27 heder,
726 323 44 15 som
787 317 91 21 tilldelas
894 317 40 21 den

107 353 39 14 ena
162 347 51 20 eller
235 346 67 21 andra
325 349 51 18 utan
402 347 36 20 det
453 348 24 19 är
494 352 26 15 en
535 346 93 27 naturlig
651 346 106 27 egenskap
773 346 38 21 hos
827 345 39 22 den
883 346 5 20 i
905 347 30 19 ett

107 375 50 20 land
172 374 63 21 födda
251 375 141 21 innevånaren
409 375 38 20 och
464 375 40 20 den
521 375 39 20 bör
575 375 25 26 ej,
613 375 69 20 denna
692 375 177 26 medborgarrätt,
879 374 56 21 från-

106 405 61 24 tagas
183 403 69 26 någon
269 403 22 21 af
305 403 83 22 landets
405 403 52 21 barn
474 409 33 15 om
524 403 35 21 det
574 403 47 21 icke
637 403 67 22 finnes
716 403 104 21 särskilda
831 403 46 21 skäl
889 403 46 20 der-

107 431 38 22 för.
175 432 38 21 Ett
235 431 64 22 bland
323 433 79 20 sådana
424 432 46 21 skäl
494 438 50 15 vore
561 432 24 27 ju
602 432 41 26 det,
660 438 33 15 om
709 432 69 26 någon
795 432 56 21 klass
867 431 68 22 skulle

107 461 99 20 utmärka
221 461 32 26 sig
267 461 34 20 för
315 460 134 27 synnerligen
466 460 57 27 dålig
538 461 102 20 moralisk
653 461 82 25 vandel,
752 461 39 21 och
805 461 36 20 det
852 462 24 19 är
888 459 46 22 från

107 489 69 21 denna
191 489 106 26 synpunkt
319 489 35 27 jag
370 489 48 21 sökt
434 489 44 21 visa
494 491 32 19 att
548 489 195 26 ordningsmakten,
759 495 44 15 som
820 489 54 21 dock
889 488 46 21 står

106 518 7 21 i
130 517 38 22 den
185 519 106 20 närmaste
304 518 99 26 beröring
419 518 48 21 med
488 517 61 22 dessa
563 517 70 27 judar,
650 518 39 21 alls
705 518 46 21 icke
767 517 42 22 lärt
821 517 32 27 sig
863 517 70 21 känna

107 546 47 21 dem
170 546 46 21 från
232 546 69 21 denna
317 547 50 21 sida.

176 575 142 26 Domprosten
341 575 89 21 Renvall
447 575 38 21 har
501 577 53 19 trott
570 575 31 26 sig
617 575 34 20 vid
668 575 59 21 detta
742 575 84 26 plenum
843 573 90 22 behöfva

106 609 95 21 upprepa
217 604 116 21 detsamma
349 603 42 21 han
407 603 35 22 vid
458 605 84 19 senaste
558 604 85 26 plenum
660 604 93 21 anförde.
778 604 41 25 Jag
835 607 45 17 tror
891 603 42 26 mig

106 632 47 21 icke
169 632 62 21 hafva
246 633 45 20 skäl
308 634 32 19 att
355 633 12 20 å
384 633 41 20 min
442 632 46 21 sida
504 639 95 20 upprepa
615 632 54 21 hvad
684 633 36 26 jag
736 632 27 21 då
778 632 87 21 anförde
877 634 56 19 emot

106 661 53 21 hans
182 661 141 26 andragande.
355 661 143 26 Domprosten
521 661 87 20 Renvall
632 661 40 21 har
692 661 94 26 återigen
803 661 7 21 i
826 661 41 26 dag
886 660 47 21 med

106 691 45 19 stor
167 690 99 21 säkerhet
281 689 104 22 förklarat
400 692 32 18 att
447 690 19 20 vi
484 689 74 21 endast
574 689 62 28 ytligt
652 691 44 26 lagt
712 695 34 16 oss
761 690 20 20 in
798 690 6 20 i
820 689 112 21 förhållan-

106 718 54 21 dena
176 718 38 21 och
231 725 33 14 om
281 719 47 20 dem
345 719 18 26 ej
381 718 61 21 hafva
458 718 69 27 någon
543 718 127 21 kännedom.
692 719 41 26 Jag
749 718 79 21 tillåter
844 718 42 25 mig
901 719 32 19 att

106 747 63 21 ställa
191 747 35 21 det
248 747 7 20 i
278 747 65 26 något
366 747 78 21 tvifvel.
474 747 42 26 Jag
539 749 46 19 tror
608 747 51 20 visst
676 749 31 19 att
723 747 40 20 den
779 746 154 26 framställning

106 775 137 27 domprosten
267 775 88 22 Renvall
378 775 55 28 gjort
455 781 33 15 om
512 776 162 26 ifrågavarande
691 775 132 22 förhållande
839 775 94 26 grundar

106 805 32 24 sig
152 804 27 27 på
195 810 24 15 en
237 804 60 27 djupt
318 805 104 25 ingående
445 803 119 28 forskning;
588 804 41 21 ban
652 805 40 20 har
714 804 64 21 också
797 803 88 22 kommit
901 803 32 21 till

106 832 128 27 fullkomligt
257 839 80 15 samma
361 833 89 21 resultat
466 839 44 15 som
528 833 24 20 de
570 833 96 24 artiklar,
683 833 70 21 hvilka
768 833 72 20 kunna
855 833 56 20 läsas
927 832 6 20 i

107 861 115 21 Germania
238 861 51 21 eller
305 861 64 26 något
385 863 66 19 annat
468 861 144 21 framstående
628 861 151 22 antisemitiskt
795 867 71 20 organ.
894 860 37 27 Ty-

106 891 48 19 värr
177 890 70 21 kunde
260 890 37 26 jag
313 890 46 21 icke
375 890 6 21 i
398 890 51 27 följd
466 890 24 21 af
504 890 42 21 min
562 890 153 27 ofullständiga
738 890 131 25 bekantskap
885 888 48 22 med

106 919 36 20 det
167 918 68 21 finska
257 919 86 26 språket
367 919 75 26 riktigt
465 918 67 21 förstå
555 919 39 20 och
610 919 52 27 följa
685 919 47 20 med
748 919 105 26 professor
879 917 54 22 Kos-

106 947 73 21 kinens
202 947 141 26 andragande.
374 947 41 26 Jag
438 947 54 21 fäste
518 947 42 26 mig
584 947 53 22 dock
661 947 102 21 särskildt
785 947 34 21 vid
843 948 30 19 ett
896 952 37 21 par

106 975 181 27 omständigheter
312 976 51 21 deri.
401 976 111 21 Professor
537 975 109 22 Koskinen
672 976 61 21 sökte
759 975 118 22 framställa
901 976 32 19 att

106 1003 102 28 styrelsen
230 1005 45 20 icke
297 1004 69 21 skulle
384 1004 63 21 hafva
463 1005 68 26 någon
557 1006 43 19 rätt
626 1007 32 18 att
685 1005 76 26 bevilja
785 1004 90 27 judarne
891 1005 43 19 rätt

107 1035 32 18 att
161 1033 65 21 vistas
249 1033 39 21 och
311 1033 115 26 uppehålla
452 1034 31 25 sig
505 1033 6 20 i
535 1033 78 21 landet.
651 1033 42 21 Det
715 1035 24 19 är
761 1033 58 21 svårt
841 1034 32 19 att
895 1032 39 20 här

107 1061 86 21 försöka
215 1068 25 15 en
261 1063 98 20 närmare
383 1061 114 27 utredning
512 1061 23 21 af
550 1062 61 21 dessa
634 1061 123 22 invecklade
780 1060 152 22 förhållanden.

106 1090 40 26 Jag
161 1089 36 21 vill
213 1090 76 21 endast
309 1090 75 21 anföra
399 1092 32 19 att
447 1090 39 21 den
508 1090 86 25 komité,
611 1097 45 14 som
672 1097 28 14 nu
715 1092 24 19 är
754 1090 85 21 nedsatt
854 1089 32 21 för
901 1091 32 19 att

106 1118 100 21 utarheta
229 1119 78 26 förslag
323 1119 30 20 till
370 1119 124 26 förordning
510 1119 110 26 angående
634 1119 102 26 judarnas
751 1118 100 26 ställning
867 1118 5 20 i
889 1119 44 20 lan-

107 1147 42 26 det,
173 1147 89 21 kommit
285 1148 32 20 till
343 1147 39 21 den
406 1147 154 27 öfvertygelsen
583 1150 33 18 att
638 1147 103 27 styrelsen
761 1149 50 24 äger
827 1153 25 14 en
868 1147 65 20 sådan

107 1177 43 19 rätt
165 1175 39 21 och
221 1176 36 21 det
280 1176 53 21 efter
349 1182 109 20 noggrann
481 1176 98 27 pröfoing
595 1175 24 22 af
632 1176 43 21 alla
692 1176 25 21 de
733 1176 132 27 aktstycken,
881 1181 52 19 som,

106 1204 91 21 rörande
213 1204 68 21 denna
297 1205 44 25 sak,
360 1204 120 21 förefinnas.
510 1204 110 22 Professor
636 1205 108 21 Koskinen
761 1205 38 20 har
815 1203 118 21 emellertid

106 1232 89 22 kommit
210 1233 31 21 till
258 1239 25 15 en
299 1239 69 15 annan
390 1233 56 27 åsigt
462 1233 39 21 och
518 1239 61 15 anser
595 1233 73 21 derför
682 1235 32 19 att
730 1233 48 21 hela
794 1233 39 21 den
847 1232 86 27 judiska

107 1261 122 27 befolkning
252 1268 43 15 som
321 1262 38 21 här
381 1261 67 22 finnes
472 1262 46 21 icke
534 1262 38 20 har
592 1262 68 27 någon
677 1264 43 19 rätt
735 1264 32 19 att
783 1262 38 20 här
837 1261 96 21 existera.

106 1290 56 21 Vare
185 1290 86 21 dermed
294 1290 55 22 huru
364 1296 45 16 som
428 1290 62 26 helst,
507 1292 23 20 så
545 1290 68 22 finnas
620 1279 70 33 dessa
703 1291 63 32 judar
782 1290 38 21 här
836 1290 37 20 och
891 1289 43 21 frå-

106 1324 41 21 gan
169 1320 24 19 är
216 1319 54 21 hvad
294 1319 19 21 vi
337 1319 60 21 skola
419 1321 53 25 göra
486 1307 49 33 med
551 1320 57 25 dem;
625 1320 63 20 skola
703 1320 18 20 vi
737 1322 50 18 utan
804 1318 71 21 vidare
892 1318 42 21 för-

107 1346 68 22 drifva
197 1348 61 20 dem?
288 1348 66 20 Detta
369 1348 41 20 kan
432 1348 123 26 visserligen
571 1348 94 26 föreslås,
682 1354 46 14 men
743 1348 36 26 jag
795 1350 44 18 tror
855 1349 32 18 att
903 1349 30 19 ett

106 1376 76 20 sädant
197 1376 80 26 förslag
292 1376 64 21 likväl
372 1376 46 21 icke
433 1360 97 46 kommer
540 1372 32 34 att
584 1361 116 46 tillämpas;
713 1376 26 21 dä
750 1376 87 27 uppstär
848 1376 85 25 frägan:

106 1404 66 28 pyhuru
193 1404 60 22 skola
269 1404 21 21 vi
307 1404 106 22 behandla
433 1404 61 22 dem?
510 1405 60 21 skola
586 1406 20 20 vi
622 1405 58 21 hålla
695 1405 46 21 dem
757 1404 133 22 fortfarande
906 1404 27 26 pä

106 1439 81 15 samma
202 1432 48 28 läga
273 1433 138 27 ständpunkt,
427 1434 28 26 pä
471 1434 85 20 hvilken
573 1434 26 20 de
615 1440 28 14 nu
658 1434 39 25 stä,
715 1433 50 21 eller
781 1433 59 21 skola
857 1433 18 20 vi
891 1432 42 21 för-

106 1462 53 20 söka
174 1463 33 19 att
222 1462 49 26 höja
287 1462 75 21 dem?*
394 1462 41 21 Det
451 1464 24 18 är
490 1462 46 21 från
552 1462 70 21 denna
638 1462 105 27 synpunkt
759 1462 19 20 vi
794 1462 45 26 gått
855 1464 24 18 ut
894 1461 39 21 och

106 1490 69 21 denna
190 1490 107 27 synpunkt
313 1491 67 26 ligger
396 1490 32 21 till
443 1490 69 27 grund
528 1490 33 22 för
576 1491 38 21 vär
629 1490 96 27 petition.
