1117 1781
211 130 42 20 572
430 135 163 17 Presteståndet
604 136 60 17 1882.
688 136 23 17 21
723 140 63 12 mars.

185 204 122 21 arbetsföra
329 210 107 20 personer,
460 204 93 21 derifrån
575 205 6 20 i
598 203 84 28 vanliga
698 205 23 20 år
736 205 42 20 kan
795 204 94 26 påräkna
905 204 62 21 säker
983 206 31 19 ut-

185 233 73 20 komst
273 232 40 21 och
329 233 123 27 bergning.*
483 233 81 21 Härvid
580 236 60 23 tages
656 233 81 21 således
753 233 7 20 i
772 233 117 26 beräkning
902 233 47 21 icke
959 233 55 20 blott

185 261 150 26 afkastningen
352 261 46 21 från
415 263 68 25 öppen
498 261 59 25 åker,
574 263 47 25 äng,
636 261 53 27 skog
705 261 38 22 och
760 261 53 21 fiske
829 261 38 21 och
884 261 69 27 öfriga
972 261 43 21 för-

185 295 81 20 moner,
289 292 51 18 utan
363 290 64 21 också
450 290 42 21 alla
508 290 63 21 säkra
587 290 168 21 inkomstkällor.
787 289 34 22 Nu
837 289 41 21 kan
895 290 36 21 det
946 290 33 21 väl
996 290 18 26 ej

185 320 69 19 sättas
277 317 6 21 i
308 317 65 28 fråga,
397 321 32 18 att
450 319 19 26 ej
485 325 25 14 en
527 319 78 26 parcell
622 325 44 14 som
683 321 23 19 är
721 319 115 21 afsöndrad
852 318 39 21 och
907 318 63 21 hvars
985 319 29 20 af-

185 347 49 27 gäld
258 346 39 22 har
324 347 68 21 blifvit
415 347 102 26 bestämd,
541 347 47 21 icke
604 353 76 20 genom
696 350 31 18 ett
742 347 133 27 godtyckligt
890 347 59 26 aftal,
964 349 50 19 utan

185 381 78 21 genom
287 377 32 19 ett
341 376 52 21 aftal
409 382 44 15 som
470 375 68 22 blifvit
554 376 110 21 faststäldt
680 376 21 21 af
715 377 139 26 guvernören,
870 376 68 21 måste
954 382 61 15 anses

185 405 71 20 såsom
273 404 63 21 säker
351 405 159 20 inkomstkälla.
541 404 39 21 Om
596 405 83 21 således
695 411 25 14 en
734 405 114 26 jordägare
864 405 5 20 i
886 405 51 20 våra
952 405 62 20 nord-

186 433 44 26 liga
246 433 89 25 trakter,
353 433 37 21 der
405 433 151 26 lägenheterna
572 435 37 19 äro
625 433 85 27 mycket
725 433 130 21 vidsträckta
871 433 38 21 och
927 433 37 20 der
975 433 39 21 den

185 461 47 21 lösa
248 461 150 27 befolkningen
414 463 23 19 är
450 461 155 26 jemförelsevis
621 463 84 25 mycket
720 465 51 22 stor,
788 461 68 22 skulle
868 462 50 26 vilja
929 463 86 20 sönder-

187 489 47 22 dela
257 491 32 20 sin
308 490 49 27 jord
373 491 24 20 så
412 493 32 18 att
459 491 41 20 han
516 490 49 27 själf
580 491 85 20 komme
681 493 32 18 att
729 497 39 20 ega
783 493 32 18 ett
830 490 130 26 boningshus
976 490 38 21 och

185 525 26 14 en
235 519 185 27 trädgårdstäppa,
443 525 47 14 men
514 519 40 21 den
578 519 70 27 öfriga
668 519 75 27 jorden
766 519 69 21 skulle
859 519 114 21 öfverlåtas
992 518 23 21 åt

185 547 54 21 hans
263 547 155 28 skattskyldige
441 547 97 26 vasaller,
554 548 46 21 står
614 548 110 27 ingenting
739 548 6 21 i
761 549 67 26 vägen
845 547 32 21 för
893 550 31 18 ett
939 548 76 21 sådant

187 575 129 22 förfarande.
346 576 39 21 Ett
401 576 75 21 sådant
492 576 122 21 förfarande
631 577 40 20 kan
689 577 18 26 ej
723 583 62 15 anses
801 576 66 21 strida
879 578 56 19 emot
947 577 69 20 denna

186 605 42 26 lag.
258 604 41 27 Jag
315 607 44 18 tror
375 605 81 20 således
472 607 32 18 att
520 605 39 21 den
576 605 166 26 bestämningen,
758 608 33 18 att
807 605 136 26 lägenhetens
959 604 56 27 själf-

188 633 90 21 bestånd
303 633 18 26 ej
337 633 54 22 skall
407 639 76 20 genom
499 633 141 27 parcellering
655 633 127 28 äfventyras,
799 634 18 25 ej
833 634 32 20 för
881 633 133 26 parcellerin-

186 667 41 20 gen
251 661 73 27 lägger
345 662 70 26 någon
437 664 69 25 gräns,
522 668 44 15 som
584 663 68 20 skulle
668 669 51 14 vara
735 663 22 21 af
771 662 69 27 någon
856 661 107 28 synnerlig
978 662 38 20 be-

187 690 109 26 tydenhet.
327 691 42 20 Det
385 691 88 20 oaktadt
488 697 62 14 anser
562 691 38 26 jag
614 691 107 26 professor
737 691 25 21 G.
779 691 22 21 Z.
811 691 115 20 Forsmans
937 690 79 26 förslag

187 718 22 21 af
230 719 47 21 icke
293 719 60 27 ringa
367 719 50 26 vigt,
434 722 22 24 ty
472 719 58 22 detta
545 720 89 20 innebär
649 720 46 21 icke
711 720 55 21 blott
782 722 32 18 att
830 719 128 21 kommunen
974 719 41 21 kan

187 747 118 26 parcellera
329 747 47 22 hela
400 748 124 27 lägenheten
548 749 120 20 oberoende
684 749 23 20 af
720 749 28 20 all
765 751 61 22 stom,
842 751 51 18 utan
909 750 32 19 att
957 748 59 20 detta

189 775 65 22 också
277 776 41 21 kan
341 776 37 21 ske
402 776 119 21 oberoende
544 777 23 20 af
582 777 81 26 afgälds
679 777 137 21 beräknande
832 776 39 21 och
887 779 32 18 att
934 777 82 21 således

188 805 128 20 kommunen
337 805 41 20 kan
394 805 79 21 förfara
488 805 128 26 fullkomligt
632 805 46 21 fritt
693 807 47 20 med
757 806 40 21 den
811 805 149 27 jordlägenhet
976 805 40 21 den

187 833 95 20 innehar.
307 833 61 21 Hvad
389 833 93 28 äterigen
506 834 100 21 beträffar
626 834 107 27 professor
749 835 98 20 Donners
863 834 100 26 yttrande
978 840 37 14 an-

187 862 82 25 gäende
285 862 183 27 nödvändigheten
484 865 32 18 att
531 863 43 21 läta
590 869 25 14 en
629 863 112 26 jordegare
757 863 118 26 parcellera
889 862 47 27 jord
953 862 63 21 ocksä

187 891 22 20 ät
229 891 32 26 sig
278 891 54 26 själf,
349 891 36 20 vill
399 891 36 26 jag
450 891 114 26 ingalunda
580 893 56 19 sätta
652 893 5 19 i
674 891 59 28 fräga
749 891 120 22 fördelarne
885 891 67 26 deraf,
968 897 47 14 men

189 919 35 20 det
247 919 62 21 torde
325 919 63 21 hafva
403 921 47 19 sina
465 920 133 27 svärigheter
612 923 33 18 att
661 920 94 27 lagstifta
771 921 82 24 härom,
870 921 22 26 ty
908 926 25 14 en
950 920 65 21 sädan

188 947 191 28 sönderstyckning
399 948 51 21 eller
462 948 174 28 jordafsöndring
653 949 31 21 för
700 955 89 20 egarens
805 949 90 26 räkning
911 948 105 21 förefaller

187 976 70 21 säsom
282 983 25 14 en
332 977 92 24 barnlek,
440 977 39 21 och
494 977 66 26 nägot
581 977 99 22 ändamäl
696 978 66 21 mäste
779 978 55 21 dock
849 977 167 26 parcelleringen

188 1005 68 20 hafva.
287 1005 42 26 Jag
349 1008 45 18 tror
410 1005 32 21 för
457 1006 42 21 min
516 1007 33 20 del
566 1008 32 19 att
614 1007 69 20 denna
697 1007 102 26 paragraf
813 1006 68 21 skulle
898 1005 71 22 kunna
985 1005 31 21 bi-

188 1033 97 22 behällas
303 1033 65 22 sädan
385 1035 38 20 den
440 1036 30 24 är,
487 1035 89 20 emedan
591 1035 61 21 alltid
668 1041 25 14 en
710 1041 63 21 egare
785 1035 42 21 kan
837 1034 53 27 sälja
901 1037 31 18 ett
943 1034 73 27 stycke

185 1062 50 26 jord
255 1063 33 20 till
305 1069 25 14 en
346 1063 75 26 fabrik,
438 1063 59 21 äfven
514 1069 34 15 om
565 1064 41 20 han
622 1065 24 19 är
662 1063 50 28 själf
726 1069 64 21 egare
807 1063 64 21 deraf.
903 1063 113 26 Jordstyk-

188 1091 37 20 ket
247 1090 75 22 blifver
336 1091 8 21 i
359 1097 80 15 annans
454 1098 44 20 ego,
515 1094 22 25 ty
553 1092 42 21 han
612 1092 109 21 afsöndrar
737 1092 39 21 och
792 1092 64 27 säljer
872 1092 36 21 det
923 1092 55 21 ändä
993 1092 23 20 ät

187 1125 26 15 en
237 1119 77 22 fabrik.
345 1120 32 21 En
401 1121 142 20 ändamälslös
562 1121 141 26 parcellering
718 1121 69 21 skulle
800 1121 37 26 jag
853 1120 18 27 ej
887 1126 51 15 anse
953 1120 63 21 hafva

188 1148 66 26 nägot
277 1149 65 20 motiv
364 1149 31 20 för
417 1149 37 26 sig,
478 1155 46 15 men
548 1149 35 21 vill
606 1149 18 26 ej
645 1151 57 20 sätta
718 1150 42 26 mig
776 1153 57 18 emot
849 1152 32 18 att
897 1149 36 21 det
948 1149 67 21 skulle

190 1177 59 21 heta:
266 1177 7 20 i
290 1183 80 15 annans
387 1184 37 20 ego
440 1177 52 22 eller
507 1177 32 22 för
555 1178 108 21 bestämdt
679 1178 98 21 ändamål
793 1178 88 27 upplåta
898 1177 66 21 mark.

256 1233 113 22 Professor
411 1235 136 27 Runeberg:
572 1235 32 21 De
620 1235 67 28 bägge
698 1235 128 27 föregäende
837 1235 94 21 talarene
943 1235 73 27 tyckas

189 1262 64 22 hafva
277 1265 70 19 ansett
361 1265 32 19 att
409 1263 72 27 frågan
498 1270 32 15 om
548 1264 123 27 afsöndring
687 1264 44 22 från
748 1264 79 27 parcell
843 1264 46 20 icke
905 1264 68 21 skulle
988 1263 28 27 pä

188 1291 67 27 något
279 1294 42 18 sätt
339 1292 86 21 inverka
441 1292 27 26 pä
483 1292 14 27 &
513 1293 19 21 8.
562 1293 78 21 Första
655 1294 65 20 raden
736 1294 6 20 i
758 1293 11 27 $
786 1295 13 19 8
815 1293 59 27 lyder
890 1292 63 22 dock:
969 1292 47 27 ,vill

188 1326 63 20 egare
274 1320 24 21 af
311 1320 64 21 sädan
389 1320 57 27 jord,
461 1327 45 15 som
522 1321 6 21 i
550 1322 6 26 $
574 1322 9 20 1
601 1324 129 24 omnämnes,
746 1322 49 27 (och
810 1322 7 20 i
833 1322 69 20 denna
917 1320 101 28 paragraf

187 1350 126 20 omnämnes
329 1349 74 21 endast
418 1349 6 21 i
441 1350 78 20 manta]
536 1352 43 19 satt
592 1350 55 27 jord)
664 1350 45 22 frän
725 1351 32 21 sin
773 1350 101 27 lägenhet
890 1350 32 20 till
935 1355 81 16 annans

188 1382 39 21 ego
251 1377 105 21 öfverläta
379 1377 79 22 mark."
489 1378 42 22 Det
553 1385 62 21 synes
637 1379 83 21 således
736 1382 37 23 att,
791 1385 34 15 om
842 1378 90 22 Ständet
947 1378 69 22 skulle

189 1406 85 21 besluta
297 1406 31 26 sig
350 1406 33 21 för
405 1408 32 20 att
460 1407 103 27 tillstyrka
587 1407 104 27 rättighet
706 1408 32 20 till
754 1407 125 26 afsöndring
894 1407 21 21 af
929 1407 87 27 parcell,

187 1434 62 21 detta
272 1434 68 22 skulle
361 1434 101 22 innebära
486 1442 25 14 en
527 1436 158 27 nödvändighet
699 1439 33 18 att
748 1436 69 22 denna
832 1436 102 27 paragraf
947 1435 68 22 skulle

186 1463 152 27 omredigeras.
368 1463 27 22 Sä
416 1464 74 26 tyckes
508 1464 60 22 äfven
583 1465 105 21 utskottet
704 1465 62 21 hafva
782 1465 110 26 uppfattat
907 1465 66 21 saken
989 1463 27 22 dä

187 1491 38 21 det
247 1492 28 26 pä
297 1492 38 21 sid.
352 1494 12 19 3
380 1494 70 25 säger:
466 1493 46 26 ,vid
526 1494 155 25 genomseende
697 1494 22 21 af
733 1494 149 26 lagförslagets
897 1493 67 21 första
978 1500 38 20 pa-

187 1520 78 27 ragraf
287 1520 39 22 har
342 1521 104 21 utskottet
462 1522 80 21 befarat
558 1524 32 19 att
606 1522 36 21 det
658 1522 45 22 deri
719 1522 174 22 förekommande
909 1522 107 27 uttrycket
