1117 1781
216 116 42 20 494
422 120 162 18 Presteståndet
597 122 57 16 1882.
680 122 25 17 18
718 126 62 12 mars.

187 190 148 21 betänkandet
351 190 32 21 till
400 190 105 22 utskottet
520 191 6 20 i
542 190 40 21 och
599 190 33 21 för
644 191 175 26 omformulering
833 191 8 20 i
857 191 159 21 öfverensstäm-

188 219 65 20 melse
283 218 47 21 med
357 219 55 20 hvad
435 219 85 21 ståndet
543 219 99 21 beslutat.
681 219 167 21 Medlemmarne
871 220 23 20 af
913 220 104 21 utskottet

187 247 65 21 hafva
268 247 39 20 här
323 247 122 25 framhållit,
465 247 55 21 huru
535 254 46 14 som
597 248 36 21 det
648 248 34 21 för
697 248 106 21 utskottet
819 248 40 21 blir
875 248 95 27 omöjligt
985 250 32 19 att

187 276 100 26 redigera
311 276 60 21 detta
394 276 84 26 förslag,
500 276 63 21 sedan
579 277 117 20 utskottets
712 277 81 26 princip
809 276 72 21 blifvit
896 277 120 24 förkastad:

187 311 48 14 men
259 306 57 19 ännu
339 311 44 14 mer
407 305 95 26 omöjligt
525 305 40 20 blir
581 305 35 21 det
632 305 33 21 för
680 305 91 21 ståndet.
803 305 49 21 Med
868 305 112 27 anledning
996 305 23 21 af

187 333 57 20 hvad
268 333 78 21 doktor
369 333 95 22 Granfelt
485 333 94 26 anförde,
599 333 105 27 nämligen
717 336 32 19 att
766 335 35 20 det
817 334 32 21 för
865 334 152 21 kommunerna

188 367 50 16 vore
254 361 97 27 omöjligt
367 364 31 19 att
413 362 68 21 införa
498 369 24 14 en
534 362 70 21 bättre
616 363 140 24 vaccination,
767 363 70 21 såvidt
849 363 47 20 dem
907 363 18 26 ej
937 363 79 20 lemnas

188 390 105 26 rättighet
308 390 33 21 till
357 391 215 26 vaccinationstvång,
588 391 36 20 vill
635 391 38 27 jag
689 391 102 21 anmärka
807 393 32 19 att
854 392 66 20 redan
931 397 27 15 nu
969 397 48 15 vac-

188 419 123 21 cinationen
334 419 21 21 af
377 420 47 20 vårt
448 419 43 21 folk
510 426 41 19 nog
566 420 86 27 mycket
667 421 83 24 anlitas,
764 420 29 27 ja,
809 419 69 22 såsom
896 420 121 21 kontrakts-

187 450 88 24 prosten
292 447 107 22 Stenbäck
415 448 59 26 visat,
492 448 23 21 så
530 449 84 26 mycket
626 450 33 19 att
678 449 2 20 i
697 449 75 26 många
783 449 80 24 länder,
875 449 38 20 der
924 448 92 21 vaccina-

188 476 73 21 tionen
277 478 24 19 är
317 476 145 27 obligatorisk,
479 477 40 20 den
535 477 45 21 icke
596 477 45 21 står
656 478 28 25 på
699 477 71 21 bättre
785 477 38 21 fot.
855 477 42 21 Det
907 479 24 19 är
942 477 75 21 visser-

187 504 57 28 ligen
261 505 105 27 vanskligt
382 508 31 18 att
428 505 93 27 åberopa
537 505 39 21 den
594 506 96 21 enskilda
706 506 155 26 erfarenheten,
878 505 27 22 då
921 506 40 21 den
977 511 40 16 ena

188 533 42 22 kan
246 533 63 22 hafva
325 540 25 15 en
367 534 121 21 erfarenhet
503 533 38 22 och
558 535 40 20 den
614 534 66 21 andra
696 541 25 14 en
738 541 76 19 annan,
825 541 48 14 men
884 535 27 26 på
923 535 25 20 de
959 536 58 19 orter

186 562 37 27 jag
245 562 66 21 lefvat
334 565 23 18 är
380 563 157 20 vaccinationen
560 564 24 20 så
606 563 86 26 allmän,
715 566 32 18 att
762 564 107 26 knappast
884 564 65 25 något
964 563 52 20 barn

188 590 74 25 finnes,
279 597 46 15 som
341 591 46 21 icke
403 591 67 21 blifvit
486 591 141 22 vaccineradt.
656 592 41 26 Jag
713 595 45 18 tror
774 591 84 22 derföre
874 594 31 19 att
921 591 95 22 vaccina-

189 619 83 22 tionens
295 620 137 21 anordnande
451 620 27 27 på
499 621 52 20 intet
566 622 44 19 sätt
626 619 102 22 behöfver
743 621 51 20 bero
811 620 22 21 af
847 620 47 21 dess
910 619 106 28 egenskap

189 650 32 19 att
245 654 51 15 vara
319 649 145 26 obligatorisk.
494 649 37 20 Att
553 649 35 21 det
604 649 33 20 för
653 649 64 26 öfrigt
732 655 50 15 vore
799 649 40 21 lätt
855 651 31 19 att
902 649 39 21 här
955 655 61 20 para-

189 677 50 26 graf
260 677 33 20 för
316 677 102 26 paragraf
438 677 86 27 vidtaga
540 683 24 15 en
581 677 112 21 redaktion
709 677 23 21 af
746 677 102 26 förslaget
863 678 41 20 kan
918 678 37 26 jag
970 677 46 21 icke

188 705 64 26 finna,
277 707 50 20 utan
350 709 45 18 tror
417 706 35 21 det
467 713 49 14 vara
533 706 129 27 lämpligast,
678 708 31 19 att
725 707 106 20 utskottet
847 706 66 21 skulle
930 705 86 22 omhän-

190 734 89 24 dertaga
295 735 129 20 densamma.
455 735 39 20 Att
509 735 35 20 det
560 734 70 21 tillika
644 741 50 15 vore
711 741 24 15 en
748 735 99 21 tidsvinst
858 735 38 21 har
904 735 36 26 jag
951 734 65 21 redan

189 762 82 21 försökt
287 763 88 26 påpeka.
406 763 24 22 Vi
446 763 62 21 hafva
523 763 65 21 redan
604 766 48 23 sett,
670 763 54 21 huru
740 763 50 26 lång
806 763 30 21 tid
852 763 69 26 åtgått
937 763 32 21 till
984 765 33 18 att

189 791 22 22 få
227 791 58 21 klart
301 791 33 22 för
349 798 42 20 oss,
407 792 104 21 huruvida
534 792 146 21 diskussionen
699 793 55 20 skall
771 792 111 21 fortsättas
899 791 50 22 eller
965 791 52 22 icke.

189 819 49 22 Med
255 821 114 26 anledning
385 821 24 20 af
423 821 55 20 hvad
490 820 38 27 jag
543 827 28 14 nu
587 820 122 25 framhållit,
725 821 65 26 yrkar
801 821 36 26 jag
848 821 27 26 på
886 820 131 27 omröstning

189 849 111 26 angående
316 849 69 21 denna
400 849 65 27 fråga,
482 851 22 24 ty
520 849 60 26 eljest
596 849 82 21 händer
694 851 31 19 att
741 849 75 22 härom
832 849 88 27 uppstår
931 855 26 15 en
968 848 49 27 lång

188 877 127 22 diskussion.

259 935 111 21 Professor
386 935 96 21 Cleve:
513 935 40 26 Jag
568 935 63 21 utber
647 935 43 26 mig
706 937 31 19 att
754 935 155 21 vördsammast
925 935 32 20 till
968 934 49 21 herr

189 963 156 22 Talmannen
369 963 39 22 och
432 963 35 22 det
490 963 131 27 högvördiga
640 963 85 22 ståndet
741 963 20 22 få
778 963 120 25 hemställa,
913 963 104 21 huruvida

190 992 149 21 diskussionen
358 992 47 21 utaf
418 993 40 20 den
475 999 27 14 nu
518 993 76 20 väckta
611 992 75 27 frågan
703 993 39 20 alls
758 994 24 19 är
799 991 98 28 befogad.
928 991 90 22 Ständet

189 1021 40 21 har
244 1021 83 26 engång
342 1021 88 21 beslutit
444 1023 33 19 att
492 1021 91 26 granska
599 1021 137 26 lagförslaget
751 1021 103 27 paragraf
868 1020 33 21 för
911 1020 106 27 paragraf,

189 1052 56 19 samt
265 1049 72 27 börjat
358 1049 69 21 denna
442 1049 134 27 granskning,
593 1049 39 22 och
649 1050 108 26 ingenting
773 1049 40 21 har
828 1049 120 21 sedermera
963 1049 55 21 före-

189 1078 90 21 kommit
303 1084 45 15 som
371 1078 68 21 skulle
460 1078 108 21 föranleda
589 1085 24 14 en
634 1078 123 27 förändring
773 1079 6 20 i
797 1077 58 22 detta
871 1078 75 21 beslut.
976 1078 42 26 Jag

190 1109 46 19 tror
258 1109 33 18 att
311 1113 76 20 genom
409 1107 68 21 denna
498 1107 120 21 diskussion
636 1107 111 27 ingenting
762 1109 66 18 annat
844 1107 73 20 vinnes
933 1108 26 19 än
975 1106 42 21 tid-

189 1135 84 27 spillan.

260 1193 205 26 Kontraktsprosten
491 1193 147 20 Stenbäck
663 1193 145 20 understödde
824 1193 6 20 i
847 1192 40 21 allo
911 1192 106 26 professor

191 1221 75 21 Cleves
282 1221 79 27 förslag
377 1221 38 21 och
432 1222 78 23 tillade,
526 1224 32 18 att
573 1228 33 14 om
624 1221 25 21 de
666 1222 67 25 öfriga
749 1221 89 21 stånden
852 1223 79 24 antaga
941 1221 76 25 ifråga-

190 1252 93 19 varande
305 1250 119 26 lagförslag,
446 1250 38 21 har
506 1252 30 19 ett
551 1250 158 21 ständerbeslut
724 1249 91 22 kommit
831 1249 31 21 till
878 1249 69 21 stånd.
977 1249 39 21 Om

191 1279 158 25 presteståndet
365 1279 81 21 således
462 1285 27 15 nu
504 1279 46 21 icke
560 1279 106 27 granskar
676 1278 145 28 föreliggande
834 1278 113 26 lagförslag
957 1284 61 20 para-

189 1307 47 26 graf
251 1307 33 21 för
300 1308 105 26 paragraf,
421 1308 23 20 så
460 1308 38 20 har
514 1308 36 20 det
565 1307 89 21 sålunda
676 1308 45 26 gått
737 1307 110 25 förlustigt
862 1307 31 20 sin
910 1307 57 21 talan
983 1306 34 21 vid

189 1336 104 21 beslutets
310 1336 101 21 fattande.

259 1393 50 21 Med
325 1393 113 27 arledning
454 1394 22 20 af
490 1393 52 27 prof.
560 1393 74 21 Cleves
649 1393 95 27 yrkande
761 1392 96 21 uttalade
873 1393 32 26 sig

260 1450 56 21 Herr
331 1450 181 21 Talmannen:
544 1450 45 20 Här
605 1450 38 20 har
659 1449 68 21 blifvit
741 1450 80 26 yrkadt
837 1452 32 18 att
879 1450 39 21 den
931 1450 22 20 af
961 1450 56 20 stån-

189 1478 36 22 det
248 1479 65 21 redan
338 1478 97 21 beslutna
456 1478 221 27 detaljgranskningen
693 1478 68 22 skulle
778 1477 96 25 afslutas,
891 1478 26 22 då
933 1478 85 21 ståndet

189 1508 92 20 rörande
297 1508 11 26 8
324 1508 12 20 4
352 1507 6 21 i
375 1507 115 21 utskottets
505 1507 135 21 betänkande
655 1507 63 21 fattat
734 1508 32 20 ett
781 1506 69 22 beslut
863 1513 45 15 som
920 1506 19 27 ej
951 1506 67 22 öfver-
