1117 1781
212 110 41 20 238
397 115 163 17 Presteständet
572 116 57 16 1882.
654 116 21 16 17
689 116 98 17 februari.

182 184 174 27 medborgarrätt
371 185 69 20 såsom
456 185 23 20 åt
494 186 65 19 annat
575 184 49 21 folk.
656 185 48 20 Med
721 185 29 21 all
766 185 89 26 aktning
871 185 33 20 för
919 185 54 20 hvad
986 184 27 21 de

183 213 64 21 ärade
269 213 95 21 talarene
387 215 67 25 yttrat
474 213 42 21 kan
530 213 35 27 jag
582 213 119 21 emellertid
717 213 46 21 icke
779 213 52 27 hysa
847 219 80 15 samma
942 213 70 21 farhå-

182 248 39 21 gor
244 247 45 15 som
307 242 25 20 de
348 242 84 25 uttalat,
455 243 51 19 utan
530 248 62 15 anser
615 242 32 21 för
670 242 43 21 min
730 242 60 26 ringa
807 241 32 22 del
856 242 42 27 mig
914 241 52 21 böra
981 241 31 21 bi-

184 270 61 21 träda
268 269 159 28 professorerne
449 271 123 20 Estlanders
588 271 39 20 och
643 270 125 27 Runebergs
783 270 182 27 petitionsförslag
980 270 32 21 så-

182 305 45 15 som
245 298 87 27 förtjent
347 301 32 18 att
395 299 6 20 i
417 299 131 21 närvarande
565 299 29 20 tid
611 299 85 21 komma
717 299 32 21 till
765 301 97 19 närmare
879 299 133 26 ompröfning

182 328 6 20 i
205 327 90 21 utskott.
325 327 41 26 Jag
389 327 54 21 skall
466 327 84 22 försöka
573 328 53 20 fatta
648 327 43 26 mig
713 328 56 21 kort.
786 340 27 2 —
827 327 130 26 Judefrågan
974 327 38 21 bör

183 356 68 26 enligt
272 356 43 21 min
331 356 55 27 åsigt
403 356 16 27 ej
436 356 90 21 allenast
548 356 110 21 betraktas
674 362 24 15 ur
715 356 164 26 social-politisk
895 355 38 22 och
950 356 62 27 prak-

183 385 42 20 tisk
241 384 114 27 synpunkt,
370 385 68 20 såsom
456 385 25 20 de
496 384 61 22 flesta
571 385 67 20 talare
654 385 97 26 påyrkat.
774 385 50 21 Man
840 385 31 20 får
887 385 19 26 ej
922 384 90 21 allenast

183 413 115 26 öfverväga
314 413 39 21 och
369 415 49 24 taga
434 413 80 27 hänsyn
531 413 32 21 till
579 413 55 21 hvad
650 413 115 22 klokheten
782 413 81 26 bjuder,
881 415 49 19 utan
947 413 65 21 fram-

183 441 74 22 förallt
279 442 38 21 bör
339 442 69 21 denna
423 442 61 26 fråga
505 441 128 22 skärskådas
648 442 7 20 i
671 442 63 27 ljuset
749 442 23 21 af
786 442 94 21 Herrens
896 442 44 25 ord,
957 441 56 22 efter

183 470 83 21 hvilket
289 470 42 21 alla
354 471 51 20 våra
420 471 38 20 ord
474 471 39 21 och
530 471 126 26 handlingar
672 471 53 21 böra
740 471 85 26 pröfvas
841 470 24 21 så
881 473 31 18 att
927 471 28 26 på
971 470 40 21 den

183 499 98 26 kristliga
306 499 101 21 kärleken
431 499 39 21 och
493 499 119 22 toleransen
636 499 19 27 ej
671 499 64 21 fästes
759 499 100 21 afseende
882 498 55 21 blott
952 499 6 20 i
974 498 38 22 ord

183 530 52 19 utan
251 528 40 21 ock
307 528 6 21 i
329 527 150 27 verkligheten.
510 528 42 21 Det
572 527 142 22 förekommer
730 528 42 26 mig
789 527 32 26 då,
838 527 70 21 såsom
924 527 88 21 alldeles

184 557 114 26 oförenligt
321 557 47 20 med
391 557 39 20 den
454 557 96 25 kristliga
573 556 108 27 kärleken,
705 559 32 19 att
756 557 39 20 här
810 557 5 20 i
832 556 72 21 landet
928 556 84 21 bosatta

181 585 65 26 judar
268 585 61 21 skola
352 585 80 21 lemnas
455 585 38 21 allt
512 585 131 21 fortfarande
660 585 6 20 i
682 585 30 21 sin
730 585 111 27 betryckta
856 584 101 27 ställning
973 585 39 20 och

184 616 32 19 att
232 619 48 15 man
302 614 110 26 förvägrar
433 615 46 20 dem
503 613 171 27 medborgarrätt
698 614 75 21 endast
796 613 71 21 derför
886 615 31 18 att
933 613 26 21 de
975 615 37 19 äro

182 642 70 27 judar.
270 653 1 2 -
283 642 51 21 Man
349 642 38 21 har
403 642 120 27 visserligen
539 642 78 26 anfört,
634 644 32 19 att
682 649 33 14 om
729 642 91 27 judarne
836 641 83 28 engång
932 641 81 22 erhålla

183 671 174 26 medborgarrätt
379 671 6 20 i
409 673 30 19 ett
462 671 49 21 land
532 671 69 20 skulle
622 671 25 20 de
669 671 58 21 bilda
749 677 25 15 en
796 670 81 27 mäktig
899 671 112 25 penninge-

184 699 131 26 aristokrati,
331 705 44 16 som
391 705 75 20 genom
483 700 44 21 sina
538 699 102 27 omätliga
650 699 221 27 penningetillgångar
881 698 68 21 skulle
962 705 51 14 vara

185 728 32 21 till
239 727 82 27 förfång
342 729 33 20 för
397 729 82 20 landets
504 734 53 21 egna
573 727 53 22 barn
642 730 55 19 samt
713 728 62 27 lägga
791 727 67 21 under
873 727 32 26 sig
921 727 91 20 handeln

185 756 39 22 och
240 757 111 23 industrin,
368 757 86 20 hvarvid
471 757 58 20 äfven
546 757 148 26 tryckpressen
708 757 69 20 skulle
788 755 128 22 beherrskas
927 755 22 21 af
958 755 54 22 dem.

184 785 87 22 Sådana
286 785 59 21 fakta
361 785 59 21 torde
437 786 17 27 ej
471 785 71 21 kunna
557 785 113 26 bestridas,
693 785 66 21 ehuru
773 785 37 26 jag
826 786 18 25 ej
861 784 40 21 har
915 786 97 19 närmare

184 814 121 21 kännedom
327 820 32 15 om
384 814 52 21 dem.
464 815 40 25 Jag
525 814 41 21 kan
589 813 53 22 dock
666 813 105 27 svårligen
793 813 55 21 fatta
864 815 32 18 att
912 813 35 20 det
962 819 50 14 vore

185 843 69 26 någon
271 843 106 26 synnerlig
393 843 88 24 skilnad,
496 848 33 15 om
541 845 31 18 ett
582 843 77 20 sådant
670 842 167 27 penningevälde
849 841 68 21 skulle
927 841 86 21 komma

185 871 6 20 i
208 871 109 21 händerna
341 871 26 26 på
390 871 41 21 Per
446 871 51 21 eller
513 871 44 26 Pål,
573 871 63 26 judar
651 871 52 21 eller
718 871 83 26 greker,
817 870 129 21 reformerta
961 869 53 22 eller

185 899 130 26 lutheraner,
331 899 26 21 då
373 900 26 21 de
413 899 23 27 ju
451 900 6 20 i
474 899 139 22 förevarande
634 899 37 21 fall
694 899 139 22 allesamman
857 898 115 21 beherskas
992 899 22 20 af

185 928 183 27 vinningslystnad
384 929 39 20 och
439 928 175 27 penningebegär,
631 930 23 25 ty
670 935 24 14 en
711 927 222 28 penningearistokrat
948 929 24 18 är
987 933 26 15 en

185 957 146 26 penningevän
348 957 39 21 och
403 957 76 21 liksom
495 958 60 26 ingen
572 959 24 18 är
612 957 116 21 förändrad
744 957 6 20 i
765 957 38 20 sitt
819 957 60 20 sinne
895 955 54 21 blott
965 955 47 21 der-

185 985 39 26 för,
249 988 32 18 att
304 985 41 21 han
367 986 59 21 heter
449 986 86 24 kristen,
559 986 23 21 så
605 985 42 21 kan
670 992 25 14 en
708 985 51 27 jude
775 991 52 15 vara
842 987 98 18 närmare
955 983 59 22 Guds

185 1014 46 21 rike
254 1016 26 19 än
304 1015 77 26 många
404 1014 86 22 kristna.
520 1015 43 20 Det
579 1014 38 21 har
634 1014 67 21 blifvit
717 1013 68 27 sagdt,
802 1015 33 19 att
848 1013 91 26 judarne
955 1013 58 20 ledas

185 1043 21 20 af
221 1049 25 14 en
264 1043 57 26 dålig
343 1043 76 25 moral;
444 1043 57 21 detta
524 1043 34 21 må
578 1049 65 20 gerna
659 1042 125 27 medgifvas;
801 1048 48 15 men
865 1042 6 20 i
887 1041 75 22 sådant
978 1041 35 21 fall

185 1073 24 19 är
225 1073 62 20 deras
309 1071 67 22 moral
399 1071 127 22 åtminstone
542 1071 18 27 ej
576 1073 69 19 sämre
662 1073 26 19 än
705 1071 25 21 de
746 1071 124 26 oräkneliga
885 1069 128 22 namnkrist-

185 1106 44 19 nas,
252 1100 72 21 hvilka
346 1100 118 27 uppenbart
486 1100 53 21 blott
558 1100 52 21 söka
626 1100 31 21 sin
674 1106 51 21 egen
739 1102 40 20 ära
796 1099 39 21 och
851 1099 46 20 sina
913 1105 54 20 egna
982 1099 31 20 in-

185 1132 88 18 tressen.
304 1128 44 22 Och
370 1129 68 21 skulle
461 1129 35 21 det
518 1135 28 14 nu
568 1129 72 26 läggas
658 1129 90 26 judarne
772 1128 32 21 till
828 1128 47 25 last,
897 1129 33 19 att
946 1127 25 21 de
986 1127 28 26 på

185 1157 69 27 grund
277 1157 23 21 af
325 1157 46 21 sina
393 1157 79 26 åsigter
494 1164 34 15 om
550 1157 152 21 kärleksbudet
718 1163 51 15 anse
785 1157 32 25 sig
834 1156 131 26 berättigade
982 1157 32 19 att

185 1186 50 21 hata
259 1186 40 21 och
323 1185 82 22 förakta
429 1187 25 20 de
477 1186 89 26 kristna,
582 1186 23 21 så
622 1186 65 21 borde
704 1187 32 20 väl
753 1186 26 20 de
796 1185 81 21 kristna
893 1184 12 21 å
921 1185 31 20 sin
968 1184 46 21 sida

183 1214 96 21 undvika
301 1215 77 20 bruket
393 1215 22 20 af
428 1215 155 24 talionsrätten,
606 1215 38 20 och
668 1221 86 14 snarare
778 1214 46 21 visa
842 1215 32 19 att
890 1213 25 20 de
931 1212 22 21 af
966 1213 47 20 kär-

185 1243 113 22 leksbudet
314 1249 38 21 ega
368 1249 25 15 en
409 1243 83 27 mycket
508 1243 64 27 högre
588 1243 142 27 uppfattning,
747 1243 24 21 sä
787 1244 33 19 att
835 1242 26 21 de
877 1241 72 21 kunna
960 1241 54 21 efter

185 1272 68 21 Kristi
273 1272 95 26 exempel
383 1272 95 26 välsigna
494 1272 46 21 dem
564 1272 23 20 af
608 1272 70 20 hvilka
697 1272 26 21 de
738 1271 67 21 blifva
827 1270 131 22 förbannade
975 1270 39 21 och

184 1301 87 21 hatade.
301 1300 105 22 Kärleken
430 1301 88 26 utöfvar,
539 1301 70 21 säsom
632 1301 20 20 vi
675 1300 41 21 alla
739 1300 62 21 torde
824 1302 87 19 vetaen
927 1298 87 26 ofantlig

185 1329 68 26 makt;
271 1330 36 20 det
323 1330 38 20 har
376 1330 60 20 äfven
452 1330 44 20 förr
510 1330 82 20 bevisat
608 1330 32 26 sig
656 1330 32 20 att
703 1329 26 21 då
743 1329 93 27 judarna
851 1327 70 22 blifvit
936 1326 78 22 omfat-

185 1358 50 21 tade
251 1358 49 21 med
315 1357 85 27 välvilja
421 1358 39 21 och
477 1358 81 25 kärlek,
575 1358 61 20 hafva
652 1358 25 20 de
693 1358 12 20 å
721 1358 31 20 sin
769 1357 47 21 sida
832 1356 18 27 ej
867 1356 61 27 gifvit
943 1356 71 20 anled-

185 1387 56 26 ning,
258 1386 129 22 ätminstone
403 1387 46 21 icke
464 1386 120 24 allestädes,
601 1386 31 21 till
649 1386 79 21 sädana
749 1386 96 26 sorgliga
860 1384 154 25 förhällanden,

185 1421 44 15 som
255 1422 47 14 man
326 1421 28 15 nu
378 1416 23 20 sä
422 1416 88 20 allmänt
531 1415 108 27 beklagar.
671 1414 147 27 Märkvärdigt
833 1416 24 18 är
874 1413 69 25 ocksä,
959 1412 55 22 hvad

184 1444 86 20 Kristus
286 1444 72 26 lägger
374 1444 45 20 sina
435 1444 106 26 lärjungar
557 1444 27 26 pä
600 1444 85 26 hjertat,
701 1443 27 21 dä
744 1443 42 21 han
803 1444 70 25 säger:
895 1448 48 19 ,om
950 1437 14 37 I
984 1441 30 21 äl-

184 1472 52 21 sken
253 1472 47 21 dem
317 1478 45 15 som
379 1472 49 21 eder
444 1472 65 25 älska,
526 1472 54 21 hvad
596 1472 36 21 fån
648 1472 9 21 I
674 1472 26 21 dä
716 1472 33 20 för
762 1477 26 15 en
799 1471 47 25 lön;
858 1472 52 26 göra
921 1470 18 27 ej
951 1470 64 21 också

184 1500 117 22 fariseerna
325 1500 145 22 detsamma?"
500 1501 38 21 Att
561 1500 82 22 Herren
667 1500 85 22 Kristus
769 1500 79 21 uttalat
864 1500 36 21 sitt
917 1505 24 15 ve
957 1498 58 22 öfver
