1117 1781
237 114 41 20 170
428 119 162 18 Presteståndet
602 120 59 17 1882.
687 120 24 17 10
723 119 100 19 februari.

205 189 102 26 klassiga,
329 195 48 14 men
393 188 7 21 i
415 188 76 21 sådant
507 187 35 22 fall
558 189 70 21 skulle
644 189 62 21 dessa
722 189 73 21 skolor
811 188 65 21 blifva
892 189 89 26 ungefär
996 189 39 20 lik-

206 217 80 21 ställda
309 217 48 21 med
379 216 160 27 polyteknikum
555 217 7 21 i
579 217 140 27 Helsingfors,
735 224 45 15 som
795 217 24 26 ju
835 217 38 21 ock
889 219 25 20 är
929 217 106 27 grundadt

205 246 29 26 på
249 245 127 27 fyrklassiga
398 245 124 22 realskolor.
552 246 39 21 Att
611 246 69 27 bygga
695 245 194 22 industriskolorna
904 246 28 26 på
947 246 26 21 de
988 246 46 21 två-

205 274 94 25 klassiga
321 274 47 21 åter
389 276 24 19 är
434 274 112 27 vanskligt,
569 275 88 20 emedan
674 275 61 21 dessa
751 274 130 27 tvåklassiga
897 274 117 21 realskolor
1030 275 4 20 i

205 303 74 20 landet
294 302 19 27 ej
329 303 74 20 vunnit
419 303 75 20 kredit.
524 303 74 21 Under
613 303 79 21 sådana
708 303 148 21 förhållanden
873 303 44 20 blef
930 303 33 21 för
975 303 59 21 indu-

204 331 128 21 striskolans
355 333 79 19 vänner
456 337 26 15 en
505 331 165 27 framtidsutsigt
690 332 84 27 öppnad
789 337 77 20 genom
882 331 152 22 skolkomiténs

205 359 82 26 förslag
309 366 34 14 om
360 360 40 21 den
421 360 126 26 treklassiga
571 359 156 27 bottenskolan,
744 362 22 25 ty
783 360 48 26 alla,
847 366 45 15 som
909 362 42 19 satt
967 361 31 26 sig
1014 361 19 20 in

205 389 6 20 i
227 389 73 24 saken,
317 390 36 19 äro
369 394 49 15 ense
434 394 34 15 om
489 391 32 18 att
537 389 31 20 uti
585 389 68 20 denna
669 389 128 26 treklassiga
813 388 138 22 bottenskola
966 389 68 21 skulle

205 416 168 22 industriskolan
397 417 81 21 erhålla
502 417 39 21 den
565 417 61 21 bästa
643 417 155 22 förberedande
813 417 102 25 grunden.
946 417 34 21 Nu
996 417 38 22 har

205 447 73 25 tyvärr
301 445 101 27 förslaget
424 445 72 22 derom
519 445 61 26 fallit,
604 446 39 21 och
665 447 35 20 det
716 452 36 15 var
768 445 84 22 derföre
867 451 46 16 som
926 446 37 27 jag
978 446 56 21 tillät

205 475 44 26 mig
264 474 31 21 uti
311 474 235 26 petitionsmemorialet
561 477 57 24 säga,
636 476 32 19 att
683 475 32 20 för
725 475 133 20 närvarande
873 475 160 20 industriskole-

205 503 74 26 frägan
296 503 19 26 ej
331 503 39 20 har
386 503 67 26 nägon
471 503 85 26 lämplig
571 503 69 26 grund
656 505 32 19 att
704 503 69 27 bygga
788 503 34 26 pä.

275 531 62 22 Hvad
360 531 38 21 sist
414 531 37 21 och
468 531 99 27 slutligen
584 532 40 20 den
640 532 169 26 anmärkningen
826 531 107 27 beträffar,
949 537 44 16 som
1010 533 23 19 är

204 559 63 28 gjord
289 562 46 19 mot
357 559 74 27 sjelfva
446 560 176 27 slutpästäendet,
637 561 23 20 sä
677 561 37 20 ber
726 560 37 27 jag
779 561 38 20 det
833 560 130 26 högvördiga
977 560 56 21 stän-

207 589 36 20 det
266 588 19 27 ej
309 588 55 21 fästa
387 589 72 20 alltför
482 591 44 18 stor
542 589 188 26 uppmärksamhet
747 589 80 25 dervid,
844 589 39 20 och
900 589 35 20 det
951 589 26 26 pä
993 589 39 20 den

206 617 69 26 grund
297 619 33 18 att
349 617 38 26 jag
409 617 21 26 ju
451 617 143 27 uttryckligen
609 617 63 27 yrkat
688 620 31 19 att
734 617 166 21 industriskolor
916 617 47 21 med
979 617 54 21 bäde

205 645 67 21 finskt
295 645 39 21 och
355 645 85 22 svenskt
461 646 226 26 undervisningsspräk
703 646 68 21 skulle
787 646 96 26 inrättas,
899 646 39 21 och
954 652 57 15 mera
1027 646 6 20 i

207 674 65 27 detalj
298 674 65 26 ansåg
383 674 37 27 jag
442 674 42 26 mig
506 675 46 20 icke
568 674 90 21 behöfva
674 675 31 25 gå,
723 676 52 19 enär
790 674 153 21 skolkomitens
959 675 74 20 äbero-

206 702 56 27 pade
278 702 145 21 modifikation
439 709 65 20 anger
519 705 103 24 närmare,
640 703 26 26 pä
682 703 72 21 hvilka
769 705 59 19 orter
843 703 26 21 de
885 703 32 20 till
931 705 32 19 att
975 703 58 26 börja

206 731 49 21 med
271 731 66 21 borde
353 731 105 26 anläggas.
490 731 10 21 I
516 731 66 21 likhet
599 732 47 21 med
660 731 154 22 skolkomitens
825 732 99 27 yttrande
935 733 24 19 är
971 731 62 21 äfven

206 760 43 21 min
266 759 97 22 enskilda
377 760 91 26 mening,
484 762 32 19 att
532 760 75 21 endast
623 761 35 20 tvä
673 760 165 21 industriskolor
853 760 32 21 för
901 760 132 21 närvarande

206 789 73 20 kunna
300 788 107 27 anläggas,
427 789 105 26 nemligen
548 795 25 14 en
589 789 48 20 med
654 789 85 21 svenskt
755 789 39 21 och
812 795 25 14 en
853 789 47 20 med
917 788 63 21 finskt
996 795 38 14 un-

206 817 204 26 dervisningsspräk.
440 817 42 20 Det
505 819 23 18 är
544 817 18 27 ej
579 817 40 21 lätt
634 819 32 20 att
682 817 91 27 anlägga
789 823 37 15 ens
842 823 25 15 en
882 817 77 21 svensk
974 817 58 21 indu-

206 845 101 22 striskola
322 845 23 21 af
359 845 53 22 brist
426 845 28 27 pä
470 845 152 22 lärarekrafter
638 846 39 21 och
693 848 32 19 att
741 846 50 21 med
802 852 37 15 ens
849 846 90 26 anlägga
950 846 13 20 2
973 851 59 16 sven-

205 874 39 21 ska
256 873 163 22 industriskolor
429 874 67 21 skulle
508 875 120 26 antagligen
640 874 109 19 föranleda
759 874 136 27 främlingars
905 874 127 21 inkallande.

205 903 68 20 Desto
289 903 86 20 svårare
390 903 68 20 blefve
475 903 35 21 det
525 905 32 19 att
572 903 91 26 anlägga
674 909 44 15 mer
733 905 27 19 än
772 909 25 15 en
810 903 53 21 finsk
875 903 157 26 industriskola,

206 931 28 21 dä
249 932 37 20 det
301 931 19 26 ej
336 931 39 21 fins
392 931 98 22 läroboks
506 931 109 22 litteratur
630 931 119 27 förberedd,
766 932 47 21 icke
830 931 66 21 heller
907 932 74 24 lärare,
994 931 39 21 och

206 961 92 25 utvägen
315 962 32 19 att
362 960 80 21 inkalla
452 960 123 26 främlingar
586 960 46 21 icke
643 967 49 14 vore
704 961 38 20 här
755 961 131 24 användbar,
898 963 57 18 utom
968 961 65 20 andra

206 988 183 27 förutsättningar,
411 995 44 14 som
479 989 106 20 erfordras
601 989 33 21 för
650 989 61 21 dessa
726 989 83 26 ganska
825 989 110 26 vidlyftiga
950 989 82 20 läroan-

206 1017 81 21 stalter.
319 1017 150 21 Hufvudsaken
492 1023 50 15 vore
564 1018 42 25 väl,
628 1019 32 19 att
675 1017 73 27 frågan
765 1018 85 21 komme
865 1017 7 21 i
887 1017 56 27 gång
958 1023 74 21 genom

205 1047 33 20 att
253 1045 96 27 lösgöras
365 1045 45 21 från
426 1046 40 21 den
482 1046 110 26 oafgjorda
608 1046 106 21 allmänna
730 1046 130 27 skolfrågan.

276 1102 110 21 Professor
409 1103 122 21 Donner:
562 1103 41 21 Det
626 1105 24 18 är
673 1103 88 21 emedan
784 1103 37 26 jag
846 1103 33 21 för
902 1103 42 20 min
961 1103 33 20 del
1010 1104 24 19 är

206 1131 63 26 lifligt
284 1131 129 21 intresserad
428 1131 22 21 af
464 1133 31 19 att
511 1132 25 20 de
552 1132 65 21 sedan
634 1131 61 28 länge
710 1132 121 25 föreslagna
842 1131 190 22 industriskolorna

205 1160 6 20 i
228 1160 47 20 vårt
299 1159 50 21 land
371 1159 84 22 komme
478 1160 31 21 till
525 1159 69 26 stånd,
610 1167 45 14 som
671 1161 60 20 äfven
745 1160 38 27 jag
800 1160 47 27 hyst
863 1161 66 26 några
944 1160 88 21 betänk-

204 1188 93 26 ligheter
319 1188 47 21 med
390 1188 98 21 afseende
506 1189 13 20 å
534 1189 75 26 själfva
624 1189 36 20 det
676 1189 85 27 förslag,
779 1195 46 14 som
841 1188 113 27 föreligger
971 1189 5 20 i
993 1189 39 20 den

205 1216 120 21 inlemnade
348 1217 122 26 petitionen.
502 1217 44 21 Den
570 1217 67 21 första
653 1217 174 28 betänkligheten
843 1219 36 19 rör
895 1217 73 26 sjelfva
984 1217 49 20 obe-

205 1245 136 21 stämdheten
357 1245 6 21 i
379 1245 99 22 afseende
493 1246 13 21 &
521 1245 111 22 skolornas
648 1246 57 21 antal
721 1247 39 21 och
772 1246 115 27 placering.
918 1245 116 22 Petitionä-

205 1280 37 15 ren
267 1274 38 21 har
328 1280 27 15 nu
375 1274 77 21 efterät
474 1274 117 21 framhällit
606 1276 70 20 säsom
692 1275 31 21 sin
740 1275 63 25 äsigt,
820 1277 32 19 att
868 1276 75 20 endast
958 1276 75 19 tvenne

205 1302 166 22 industriskolor
386 1302 32 21 till
433 1310 24 14 en
475 1303 73 26 början
566 1303 66 21 borde
647 1304 85 20 komma
747 1304 33 20 till
796 1303 69 21 stånd.
895 1303 41 26 Jag
947 1303 32 21 för
990 1303 43 20 min

205 1331 33 21 del
256 1330 67 22 finner
347 1331 26 21 de
394 1331 53 27 skäl,
471 1338 44 14 som
532 1332 41 20 han
590 1332 70 21 derför
675 1333 60 20 anför
751 1338 53 15 vara
819 1332 81 27 ganska
915 1331 117 27 antagliga;

205 1366 49 14 man
278 1360 71 20 kunde
370 1360 86 26 tillägga
472 1362 55 19 ännu
542 1360 60 26 flere;
617 1360 37 27 jag
668 1361 50 21 fann
733 1361 58 21 blott
807 1360 174 22 obestämdheten
997 1360 36 21 nä-

204 1392 37 23 got
258 1388 101 27 olämplig
375 1390 32 19 att
423 1388 106 22 bibehålla
544 1389 48 21 med
608 1389 99 21 afseende
723 1390 13 20 &
751 1389 133 21 Ständernas
899 1388 35 21 vid
950 1390 83 19 senaste

204 1417 104 26 landtdag
331 1417 110 21 bestämda
464 1417 91 26 begäran
579 1420 33 18 att
627 1420 77 18 tvänne
720 1417 70 21 finska
807 1416 164 22 industriskolor
986 1417 47 21 med

205 1445 36 21 det
257 1445 67 21 första
339 1446 68 20 mätte
421 1446 95 24 inrättas,
532 1446 40 20 den
589 1452 39 15 ena
644 1446 6 21 i
665 1446 92 26 Kuopio,
774 1446 43 21 den
833 1446 66 20 andra
910 1446 6 20 i
927 1445 107 21 Tammer-

204 1473 43 21 fors
264 1474 40 21 och
327 1476 32 19 att
381 1474 89 26 säledes,
486 1480 33 15 om
535 1480 49 15 man
600 1474 53 27 änyo
670 1475 140 26 petitionerar
825 1474 6 21 i
847 1480 82 15 samma
944 1474 44 24 sak,
1003 1476 31 18 ett

204 1502 112 22 uttalande
334 1502 66 22 borde
421 1503 37 21 ske
480 1502 103 22 huruvida
598 1503 120 21 Ständerna
734 1503 95 21 vidhålla
844 1508 81 16 samma
941 1502 94 27 uppfatt-
