1117 1781
224 107 41 21 602
432 113 162 18 Presteståndet
605 115 59 16 1882.
688 115 23 17 21
725 120 62 12 mars.

919 141 103 9 mmm

267 182 132 21 Godkänner
421 182 91 21 Ständet
527 183 55 21 sista
598 190 64 14 mom.
680 184 29 27 af
719 185 16 26 $
749 185 29 20 10
792 184 10 21 i
817 184 112 21 utskottets
945 184 75 21 betän-

194 211 84 20 kande?
310 211 49 20 Den
374 211 35 21 det
423 214 44 25 gör,
484 219 79 14 svarar
572 212 40 27 ja;

264 273 80 21 vinner
366 275 42 26 nej,
428 275 42 20 har
486 274 92 21 Ständet
592 275 90 28 antagit
696 276 40 21 den
753 276 148 27 formulering
917 283 46 14 som
978 276 43 27 fin-

194 309 38 13 nes
248 309 7 13 i
272 303 51 20 herr
338 303 98 20 Fabritii
450 304 141 20 reservation.

264 365 33 20 Då
312 365 70 21 denna
398 367 126 26 proposition
543 366 125 22 besvarades
684 367 48 21 med
748 367 156 27 öfvervägande
916 368 39 26 nej,
968 367 52 20 hade

195 393 82 22 säledes
293 394 88 21 Ständet
397 395 85 20 beslutit
498 395 129 21 beträffande
642 396 51 20 sista
709 403 62 14 mom.
789 396 21 20 af
825 396 12 27 &
854 397 25 20 10
895 396 83 21 ansluta
989 396 32 27 sig

194 422 32 21 till
243 423 48 20 herr
306 423 85 20 Fabritii
408 423 136 21 reservation.

578 499 11 25 S
606 499 23 20 11

263 561 123 26 godkändes
402 561 131 21 oförändrad.

580 637 12 26 s
609 636 31 20 12.

263 698 134 21 Beträffande
414 699 69 20 denna
499 699 97 27 paragraf
611 698 83 27 yttrade
709 699 33 27 sig
757 699 94 27 följande
867 699 77 20 talare:

263 755 202 28 Kontraktsprosten
482 756 152 21 Stenbäck:
655 756 106 21 Tahtoisin
779 757 143 24 huomauttaa,
938 757 41 20 että
995 762 25 14 ne

193 787 56 24 syyt,
271 784 71 27 joiden
368 784 76 27 nojalla
468 785 121 20 valiokunta
612 791 26 14 on
662 787 56 18 tässä
737 785 84 20 kohden
838 785 117 27 poikennut
970 791 50 14 arm.

194 812 133 27 esityksestä,
349 813 55 20 eivät
426 813 93 21 minusta
542 813 32 21 ole
598 813 66 26 kyllin
688 814 96 20 riittäviä.
821 814 57 20 Arm.
894 813 127 26 esityksessä

194 844 109 22 sanotaan,
325 844 42 18 että
391 848 58 14 maan
473 842 111 27 omistajan
608 843 113 20 oikeutena
744 849 25 14 on
794 849 61 14 maan
873 841 147 21 huudatuksen

194 870 123 21 hakemisen
337 871 87 20 suhteen
442 873 85 24 näyttää
542 871 107 20 saantinsa
664 873 76 18 toteen.
771 870 69 21 Mutta
857 870 120 21 valiokunta
994 877 26 14 on

194 900 72 19 tämän
289 899 104 20 oikeuden
418 902 122 18 muuttanut
559 899 186 21 velvollisuudeksi
760 900 21 26 ja
797 899 66 21 koska
879 901 55 18 tämä
947 899 73 20 minun

194 927 119 20 mielestäni
339 934 53 13 vaan
418 930 89 19 enentää
532 928 122 21 vaikeuksia
677 935 61 14 maan
763 928 193 27 palstottamisessa,
977 928 43 19 niin

194 956 59 20 minä
269 956 141 24 ehdottelisin,
425 958 42 19 että
483 958 69 19 tämän
569 957 91 26 pykälän
676 957 88 20 suhteen
783 957 171 20 noudatettaisiin
971 963 49 13 arm.

193 985 94 26 esitystä.

264 1041 154 27 Kyrkoherden
434 1042 144 21 Törnudd:
615 1042 49 21 Kun
688 1044 12 19 $
724 1042 112 27 pykälässä
851 1043 20 26 jo
888 1049 25 14 on
926 1042 95 26 säädetty

195 1071 81 26 ostajan
295 1070 185 21 velvollisuudeksi
497 1071 56 20 talon
570 1071 94 20 laillinen
681 1071 114 25 huudatus,
813 1071 42 20 niin
870 1071 91 20 minusta
974 1077 47 14 vaa-

194 1099 23 21 tii
239 1099 213 27 johdonmukaisuus,
475 1102 41 18 että
540 1100 91 20 tässäkin
652 1100 110 27 pykälässä
787 1106 26 14 on
837 1099 112 21 tehtävänä
963 1106 59 14 sama

194 1134 103 20 määräys.

265 1185 124 27 Vicepastor
408 1185 90 21 Lilius:
529 1185 10 21 1
555 1185 64 21 slutet
634 1186 21 19 af
670 1186 123 27 paragrafen
811 1185 37 21 har
863 1185 101 21 utskottet
980 1185 42 21 helt

195 1213 40 21 och
251 1213 66 21 hället
332 1214 103 20 utlemnat
451 1214 77 20 orden:
547 1220 60 14 »men
625 1221 33 13 om
674 1215 74 26 jorden
763 1217 50 18 utan
827 1214 195 27 utmätningstväng

195 1242 70 27 säljes,
288 1242 74 21 stände
385 1243 192 26 stomlägenhetens
600 1249 62 21 egare
685 1243 44 21 fritt
749 1246 30 18 att
795 1243 122 21 densamma
933 1243 89 20 äterlösa

195 1271 58 20 inom
271 1272 12 19 3
300 1272 100 20 månader
415 1272 53 20 efter
484 1272 35 20 det
534 1272 40 20 han
592 1272 67 20 blifvit
675 1278 33 14 om
725 1272 64 26 köpet
804 1272 155 20 underrättad».
982 1271 41 27 Jag

196 1299 49 21 ville
261 1300 34 20 för
315 1300 42 20 min
375 1300 33 20 del
424 1300 83 20 förorda
523 1300 157 21 bibehällandet
695 1300 20 21 af
728 1300 71 21 denna
815 1300 134 27 bestämning
965 1300 5 20 i
986 1306 36 14 an-

195 1328 79 21 seende
298 1328 76 25 dertill,
396 1331 29 18 att
448 1335 77 20 egaren
541 1329 21 20 af
577 1335 25 14 en
620 1329 64 20 sädan
701 1329 29 20 till
748 1329 47 21 salu
811 1328 87 21 stäende
913 1328 47 27 jord
976 1328 46 21 icke

195 1356 70 21 skulle
284 1357 85 20 komma
385 1360 29 18 att
429 1357 78 21 förlora
523 1358 63 26 nägot
601 1357 70 27 derpä,
687 1360 30 18 att
732 1358 139 26 lägenhetens
886 1357 136 21 innehafvare

195 1385 33 21 fär
250 1385 68 21 inlösa
342 1386 39 20 den
405 1386 31 20 för
458 1392 80 14 samma
558 1386 48 27 pris,
628 1392 45 14 som
695 1392 26 14 en
737 1392 71 14 annan
825 1386 77 27 köpare
918 1385 104 27 erbjuder.

195 1413 46 21 Och
257 1414 90 20 sälunda
363 1414 5 20 i
385 1414 100 21 händelse
501 1421 25 14 en
542 1414 127 27 föregäende
685 1421 62 20 egare
763 1414 22 21 af
800 1414 125 27 lägenheten
943 1414 37 20 har
993 1414 30 20 af-

196 1442 65 20 händt
283 1442 144 27 jordstycken,
450 1450 45 14 som
516 1449 25 14 en
559 1449 74 15 senare
649 1450 62 20 egare
727 1450 62 14 anser
806 1450 49 14 vara
871 1442 104 27 behöfliga
990 1442 33 21 för

195 1470 140 28 lägenhetens
357 1472 119 26 ordentliga
500 1472 102 20 skötande
626 1472 39 20 och
688 1472 95 26 heständ,
809 1471 64 21 borde
896 1471 66 27 enligt
978 1471 45 21 mitt

195 1499 140 21 förmenande
359 1500 69 20 denna
451 1500 99 27 rättighet
573 1503 29 17 att
625 1500 67 20 inlösa
713 1506 26 15 en
755 1500 66 20 sädan
838 1500 85 27 parcell,
940 1500 27 20 dä
982 1500 42 20 den
