<?xml version="1.0" encoding="UTF-8"?>
<alto xmlns="http://www.loc.gov/standards/alto/ns-v3#" xmlns:xlink="http://www.w3.org/1999/xlink" xmlns:xsi="http://www.w3.org/2001/XMLSchema-instance" xsi:schemaLocation="http://www.loc.gov/standards/alto/ns-v3# http://www.loc.gov/alto/v3/alto-3-0.xsd">
	<Description>
		<MeasurementUnit>pixel</MeasurementUnit>
		<sourceImageInformation>
			<fileName>/tmp/tess_f_28xl6u_input.PNG</fileName>
		</sourceImageInformation>
		<OCRProcessing ID="OCR_0">
			<ocrProcessingStep>
				<processingSoftware>
					<softwareName>tesseract 5.3.4</softwareName>
				</processingSoftware>
			</ocrProcessingStep>
		</OCRProcessing>
	</Description>
	<Layout>
		<Page WIDTH="1117" HEIGHT="1781" PHYSICAL_IMG_NR="0" ID="page_0">
			<PrintSpace HPOS="0" VPOS="0" WIDTH="1117" HEIGHT="1781">
				<ComposedBlock ID="cblock_0" HPOS="224" VPOS="114" WIDTH="566" HEIGHT="23">
					<TextBlock ID="block_0" HPOS="224" VPOS="114" WIDTH="566" HEIGHT="23">
						<TextLine ID="line_0" HPOS="224" VPOS="114" WIDTH="566" HEIGHT="23">
							<String ID="string_0" HPOS="224" VPOS="114" WIDTH="42" HEIGHT="21" WC="0.95" CONTENT="466"/><SP WIDTH="171" VPOS="114" HPOS="266"/>
							<String ID="string_1" HPOS="437" VPOS="119" WIDTH="161" HEIGHT="18" WC="0.92" CONTENT="Presteståndet"/><SP WIDTH="13" VPOS="119" HPOS="598"/>
							<String ID="string_2" HPOS="611" VPOS="121" WIDTH="58" HEIGHT="16" WC="0.96" CONTENT="1882."/><SP WIDTH="26" VPOS="121" HPOS="669"/>
							<String ID="string_3" HPOS="695" VPOS="121" WIDTH="22" HEIGHT="16" WC="0.96" CONTENT="15"/><SP WIDTH="12" VPOS="121" HPOS="717"/>
							<String ID="string_4" HPOS="729" VPOS="124" WIDTH="61" HEIGHT="13" WC="0.96" CONTENT="mars."/>
						</TextLine>
					</TextBlock>
				</ComposedBlock>
				<ComposedBlock ID="cblock_1" HPOS="193" VPOS="188" WIDTH="831" HEIGHT="50">
					<TextBlock ID="block_1" HPOS="193" VPOS="188" WIDTH="831" HEIGHT="50">
						<TextLine ID="line_1" HPOS="193" VPOS="188" WIDTH="831" HEIGHT="28">
							<String ID="string_5" HPOS="193" VPOS="189" WIDTH="38" HEIGHT="20" WC="0.96" CONTENT="het"/><SP WIDTH="22" VPOS="189" HPOS="231"/>
							<String ID="string_6" HPOS="253" VPOS="188" WIDTH="59" HEIGHT="21" WC="0.96" CONTENT="leder"/><SP WIDTH="21" VPOS="188" HPOS="312"/>
							<String ID="string_7" HPOS="333" VPOS="188" WIDTH="31" HEIGHT="21" WC="0.96" CONTENT="sin"/><SP WIDTH="25" VPOS="188" HPOS="364"/>
							<String ID="string_8" HPOS="389" VPOS="188" WIDTH="57" HEIGHT="22" WC="0.96" CONTENT="källa"/><SP WIDTH="15" VPOS="188" HPOS="446"/>
							<String ID="string_9" HPOS="461" VPOS="189" WIDTH="47" HEIGHT="20" WC="0.96" CONTENT="från"/><SP WIDTH="16" VPOS="189" HPOS="508"/>
							<String ID="string_10" HPOS="524" VPOS="188" WIDTH="40" HEIGHT="21" WC="0.96" CONTENT="den"/><SP WIDTH="16" VPOS="188" HPOS="564"/>
							<String ID="string_11" HPOS="580" VPOS="189" WIDTH="72" HEIGHT="25" WC="0.95" CONTENT="stund,"/><SP WIDTH="17" VPOS="189" HPOS="652"/>
							<String ID="string_12" HPOS="669" VPOS="189" WIDTH="27" HEIGHT="20" WC="0.93" CONTENT="då"/><SP WIDTH="16" VPOS="189" HPOS="696"/>
							<String ID="string_13" HPOS="712" VPOS="189" WIDTH="99" HEIGHT="21" WC="0.91" CONTENT="vaccinen"/><SP WIDTH="17" VPOS="189" HPOS="811"/>
							<String ID="string_14" HPOS="828" VPOS="189" WIDTH="123" HEIGHT="27" WC="0.91" CONTENT="inympades"/><SP WIDTH="16" VPOS="189" HPOS="951"/>
							<String ID="string_15" HPOS="967" VPOS="189" WIDTH="6" HEIGHT="20" WC="0.96" CONTENT="i"/><SP WIDTH="15" VPOS="189" HPOS="973"/>
							<String ID="string_16" HPOS="988" VPOS="189" WIDTH="36" HEIGHT="21" WC="0.96" CONTENT="det"/>
						</TextLine>
						<TextLine ID="line_2" HPOS="193" VPOS="217" WIDTH="241" HEIGHT="21">
							<String ID="string_17" HPOS="193" VPOS="217" WIDTH="46" HEIGHT="21" WC="0.96" CONTENT="lilla"/><SP WIDTH="16" VPOS="217" HPOS="239"/>
							<String ID="string_18" HPOS="255" VPOS="217" WIDTH="88" HEIGHT="21" WC="0.95" CONTENT="barnets"/><SP WIDTH="14" VPOS="217" HPOS="343"/>
							<String ID="string_19" HPOS="357" VPOS="223" WIDTH="77" HEIGHT="15" WC="0.96" CONTENT="armar."/>
						</TextLine>
					</TextBlock>
				</ComposedBlock>
				<ComposedBlock ID="cblock_2" HPOS="191" VPOS="273" WIDTH="831" HEIGHT="622">
					<TextBlock ID="block_2" HPOS="191" VPOS="273" WIDTH="831" HEIGHT="622">
						<TextLine ID="line_3" HPOS="263" VPOS="273" WIDTH="759" HEIGHT="27">
							<String ID="string_20" HPOS="263" VPOS="273" WIDTH="111" HEIGHT="22" WC="0.96" CONTENT="Professor"/><SP WIDTH="30" VPOS="273" HPOS="374"/>
							<String ID="string_21" HPOS="404" VPOS="273" WIDTH="94" HEIGHT="22" WC="0.91" CONTENT="Cleve:"/><SP WIDTH="46" VPOS="273" HPOS="498"/>
							<String ID="string_22" HPOS="544" VPOS="273" WIDTH="73" HEIGHT="22" WC="0.88" CONTENT="Straxt"/><SP WIDTH="23" VPOS="273" HPOS="617"/>
							<String ID="string_23" HPOS="640" VPOS="274" WIDTH="6" HEIGHT="21" WC="0.96" CONTENT="i"/><SP WIDTH="24" VPOS="274" HPOS="646"/>
							<String ID="string_24" HPOS="670" VPOS="274" WIDTH="73" HEIGHT="26" WC="0.96" CONTENT="början"/><SP WIDTH="24" VPOS="274" HPOS="743"/>
							<String ID="string_25" HPOS="767" VPOS="274" WIDTH="22" HEIGHT="21" WC="0.96" CONTENT="af"/><SP WIDTH="21" VPOS="274" HPOS="789"/>
							<String ID="string_26" HPOS="810" VPOS="275" WIDTH="69" HEIGHT="20" WC="0.95" CONTENT="denna"/><SP WIDTH="23" VPOS="275" HPOS="879"/>
							<String ID="string_27" HPOS="902" VPOS="274" WIDTH="120" HEIGHT="21" WC="0.96" CONTENT="diskussion"/>
						</TextLine>
						<TextLine ID="line_4" HPOS="194" VPOS="301" WIDTH="828" HEIGHT="28">
							<String ID="string_28" HPOS="194" VPOS="301" WIDTH="72" HEIGHT="22" WC="0.96" CONTENT="visade"/><SP WIDTH="16" VPOS="301" HPOS="266"/>
							<String ID="string_29" HPOS="282" VPOS="302" WIDTH="107" HEIGHT="27" WC="0.96" CONTENT="professor"/><SP WIDTH="15" VPOS="302" HPOS="389"/>
							<String ID="string_30" HPOS="404" VPOS="303" WIDTH="113" HEIGHT="26" WC="0.96" CONTENT="Runeberg"/><SP WIDTH="16" VPOS="303" HPOS="517"/>
							<String ID="string_31" HPOS="533" VPOS="309" WIDTH="45" HEIGHT="14" WC="0.96" CONTENT="mer"/><SP WIDTH="16" VPOS="309" HPOS="578"/>
							<String ID="string_32" HPOS="594" VPOS="304" WIDTH="25" HEIGHT="19" WC="0.96" CONTENT="än"/><SP WIDTH="17" VPOS="304" HPOS="619"/>
							<String ID="string_33" HPOS="636" VPOS="302" WIDTH="130" HEIGHT="26" WC="0.95" CONTENT="tillräckligt,"/><SP WIDTH="17" VPOS="302" HPOS="766"/>
							<String ID="string_34" HPOS="783" VPOS="305" WIDTH="32" HEIGHT="18" WC="0.96" CONTENT="att"/><SP WIDTH="15" VPOS="305" HPOS="815"/>
							<String ID="string_35" HPOS="830" VPOS="303" WIDTH="58" HEIGHT="21" WC="0.96" CONTENT="tiden"/><SP WIDTH="16" VPOS="303" HPOS="888"/>
							<String ID="string_36" HPOS="904" VPOS="305" WIDTH="56" HEIGHT="18" WC="0.96" CONTENT="ännu"/><SP WIDTH="16" VPOS="305" HPOS="960"/>
							<String ID="string_37" HPOS="976" VPOS="303" WIDTH="46" HEIGHT="21" WC="0.96" CONTENT="icke"/>
						</TextLine>
						<TextLine ID="line_5" HPOS="193" VPOS="331" WIDTH="827" HEIGHT="28">
							<String ID="string_38" HPOS="193" VPOS="331" WIDTH="72" HEIGHT="21" WC="0.96" CONTENT="kunde"/><SP WIDTH="15" VPOS="331" HPOS="265"/>
							<String ID="string_39" HPOS="280" VPOS="337" WIDTH="62" HEIGHT="15" WC="0.96" CONTENT="anses"/><SP WIDTH="15" VPOS="337" HPOS="342"/>
							<String ID="string_40" HPOS="357" VPOS="331" WIDTH="48" HEIGHT="21" WC="0.95" CONTENT="inne"/><SP WIDTH="15" VPOS="331" HPOS="405"/>
							<String ID="string_41" HPOS="420" VPOS="333" WIDTH="32" HEIGHT="19" WC="0.95" CONTENT="att"/><SP WIDTH="15" VPOS="333" HPOS="452"/>
							<String ID="string_42" HPOS="467" VPOS="332" WIDTH="7" HEIGHT="20" WC="0.93" CONTENT="i"/><SP WIDTH="15" VPOS="332" HPOS="474"/>
							<String ID="string_43" HPOS="489" VPOS="331" WIDTH="150" HEIGHT="21" WC="0.92" CONTENT="landsorterna"/><SP WIDTH="11" VPOS="331" HPOS="639"/>
							<String ID="string_44" HPOS="650" VPOS="331" WIDTH="69" HEIGHT="21" WC="0.96" CONTENT="införa"/><SP WIDTH="12" VPOS="331" HPOS="719"/>
							<String ID="string_45" HPOS="731" VPOS="331" WIDTH="139" HEIGHT="28" WC="0.96" CONTENT="obligatorisk"/><SP WIDTH="12" VPOS="331" HPOS="870"/>
							<String ID="string_46" HPOS="882" VPOS="331" WIDTH="138" HEIGHT="21" WC="0.96" CONTENT="vaccination."/>
						</TextLine>
						<TextLine ID="line_6" HPOS="193" VPOS="359" WIDTH="828" HEIGHT="28">
							<String ID="string_47" HPOS="193" VPOS="360" WIDTH="128" HEIGHT="21" WC="0.96" CONTENT="Sedermera"/><SP WIDTH="21" VPOS="360" HPOS="321"/>
							<String ID="string_48" HPOS="342" VPOS="366" WIDTH="61" HEIGHT="21" WC="0.96" CONTENT="synes"/><SP WIDTH="23" VPOS="366" HPOS="403"/>
							<String ID="string_49" HPOS="426" VPOS="360" WIDTH="36" HEIGHT="21" WC="0.96" CONTENT="det"/><SP WIDTH="22" VPOS="360" HPOS="462"/>
							<String ID="string_50" HPOS="484" VPOS="360" WIDTH="42" HEIGHT="26" WC="0.96" CONTENT="mig"/><SP WIDTH="22" VPOS="360" HPOS="526"/>
							<String ID="string_51" HPOS="548" VPOS="359" WIDTH="64" HEIGHT="22" WC="0.96" CONTENT="också"/><SP WIDTH="22" VPOS="359" HPOS="612"/>
							<String ID="string_52" HPOS="634" VPOS="360" WIDTH="63" HEIGHT="21" WC="0.96" CONTENT="hafva"/><SP WIDTH="16" VPOS="360" HPOS="697"/>
							<String ID="string_53" HPOS="713" VPOS="359" WIDTH="69" HEIGHT="22" WC="0.93" CONTENT="blifvit"/><SP WIDTH="15" VPOS="359" HPOS="782"/>
							<String ID="string_54" HPOS="797" VPOS="359" WIDTH="136" HEIGHT="28" WC="0.91" CONTENT="ådagalagdt,"/><SP WIDTH="14" VPOS="359" HPOS="933"/>
							<String ID="string_55" HPOS="947" VPOS="362" WIDTH="33" HEIGHT="19" WC="0.96" CONTENT="att"/><SP WIDTH="15" VPOS="362" HPOS="980"/>
							<String ID="string_56" HPOS="995" VPOS="366" WIDTH="26" HEIGHT="15" WC="0.96" CONTENT="en"/>
						</TextLine>
						<TextLine ID="line_7" HPOS="194" VPOS="388" WIDTH="826" HEIGHT="27">
							<String ID="string_57" HPOS="194" VPOS="389" WIDTH="58" HEIGHT="26" WC="0.95" CONTENT="dylik"/><SP WIDTH="24" VPOS="389" HPOS="252"/>
							<String ID="string_58" HPOS="276" VPOS="388" WIDTH="141" HEIGHT="27" WC="0.95" CONTENT="obligatorisk"/><SP WIDTH="22" VPOS="388" HPOS="417"/>
							<String ID="string_59" HPOS="439" VPOS="389" WIDTH="132" HEIGHT="20" WC="0.94" CONTENT="vaccination"/><SP WIDTH="24" VPOS="389" HPOS="571"/>
							<String ID="string_60" HPOS="595" VPOS="388" WIDTH="114" HEIGHT="27" WC="0.95" CONTENT="ingalunda"/><SP WIDTH="16" VPOS="388" HPOS="709"/>
							<String ID="string_61" HPOS="725" VPOS="391" WIDTH="51" HEIGHT="18" WC="0.96" CONTENT="utan"/><SP WIDTH="17" VPOS="391" HPOS="776"/>
							<String ID="string_62" HPOS="793" VPOS="389" WIDTH="171" HEIGHT="26" WC="0.96" CONTENT="betänkligheter"/><SP WIDTH="14" VPOS="389" HPOS="964"/>
							<String ID="string_63" HPOS="978" VPOS="388" WIDTH="42" HEIGHT="21" WC="0.96" CONTENT="kan"/>
						</TextLine>
						<TextLine ID="line_8" HPOS="194" VPOS="417" WIDTH="828" HEIGHT="26">
							<String ID="string_64" HPOS="194" VPOS="417" WIDTH="81" HEIGHT="21" WC="0.96" CONTENT="införas"/><SP WIDTH="30" VPOS="417" HPOS="275"/>
							<String ID="string_65" HPOS="305" VPOS="423" WIDTH="36" HEIGHT="15" WC="0.95" CONTENT="ens"/><SP WIDTH="32" VPOS="423" HPOS="341"/>
							<String ID="string_66" HPOS="373" VPOS="417" WIDTH="6" HEIGHT="20" WC="0.96" CONTENT="i"/><SP WIDTH="30" VPOS="417" HPOS="379"/>
							<String ID="string_67" HPOS="409" VPOS="417" WIDTH="105" HEIGHT="21" WC="0.94" CONTENT="städerna."/><SP WIDTH="37" VPOS="417" HPOS="514"/>
							<String ID="string_68" HPOS="551" VPOS="417" WIDTH="42" HEIGHT="26" WC="0.96" CONTENT="Jag"/><SP WIDTH="22" VPOS="417" HPOS="593"/>
							<String ID="string_69" HPOS="615" VPOS="417" WIDTH="71" HEIGHT="20" WC="0.96" CONTENT="kunde"/><SP WIDTH="23" VPOS="417" HPOS="686"/>
							<String ID="string_70" HPOS="709" VPOS="417" WIDTH="71" HEIGHT="21" WC="0.96" CONTENT="derför"/><SP WIDTH="23" VPOS="417" HPOS="780"/>
							<String ID="string_71" HPOS="803" VPOS="417" WIDTH="48" HEIGHT="26" WC="0.93" CONTENT="nöja"/><SP WIDTH="17" VPOS="417" HPOS="851"/>
							<String ID="string_72" HPOS="868" VPOS="417" WIDTH="42" HEIGHT="26" WC="0.96" CONTENT="mig"/><SP WIDTH="15" VPOS="417" HPOS="910"/>
							<String ID="string_73" HPOS="925" VPOS="417" WIDTH="48" HEIGHT="21" WC="0.95" CONTENT="med"/><SP WIDTH="15" VPOS="417" HPOS="973"/>
							<String ID="string_74" HPOS="988" VPOS="419" WIDTH="34" HEIGHT="19" WC="0.95" CONTENT="att"/>
						</TextLine>
						<TextLine ID="line_9" HPOS="193" VPOS="445" WIDTH="828" HEIGHT="27">
							<String ID="string_75" HPOS="193" VPOS="446" WIDTH="114" HEIGHT="21" WC="0.96" CONTENT="instämma"/><SP WIDTH="23" VPOS="446" HPOS="307"/>
							<String ID="string_76" HPOS="330" VPOS="445" WIDTH="6" HEIGHT="21" WC="0.96" CONTENT="i"/><SP WIDTH="22" VPOS="445" HPOS="336"/>
							<String ID="string_77" HPOS="358" VPOS="446" WIDTH="61" HEIGHT="21" WC="0.95" CONTENT="dessa"/><SP WIDTH="22" VPOS="446" HPOS="419"/>
							<String ID="string_78" HPOS="441" VPOS="447" WIDTH="75" HEIGHT="20" WC="0.95" CONTENT="tvenne"/><SP WIDTH="23" VPOS="447" HPOS="516"/>
							<String ID="string_79" HPOS="539" VPOS="446" WIDTH="133" HEIGHT="25" WC="0.96" CONTENT="uttalanden,"/><SP WIDTH="23" VPOS="446" HPOS="672"/>
							<String ID="string_80" HPOS="695" VPOS="452" WIDTH="32" HEIGHT="15" WC="0.95" CONTENT="om"/><SP WIDTH="15" VPOS="452" HPOS="727"/>
							<String ID="string_81" HPOS="742" VPOS="446" WIDTH="37" HEIGHT="26" WC="0.95" CONTENT="jag"/><SP WIDTH="16" VPOS="446" HPOS="779"/>
							<String ID="string_82" HPOS="795" VPOS="446" WIDTH="46" HEIGHT="21" WC="0.96" CONTENT="icke"/><SP WIDTH="15" VPOS="446" HPOS="841"/>
							<String ID="string_83" HPOS="856" VPOS="445" WIDTH="69" HEIGHT="22" WC="0.95" CONTENT="skulle"/><SP WIDTH="16" VPOS="445" HPOS="925"/>
							<String ID="string_84" HPOS="941" VPOS="451" WIDTH="22" HEIGHT="15" WC="0.96" CONTENT="se"/><SP WIDTH="15" VPOS="451" HPOS="963"/>
							<String ID="string_85" HPOS="978" VPOS="446" WIDTH="43" HEIGHT="26" WC="0.96" CONTENT="mig"/>
						</TextLine>
						<TextLine ID="line_10" HPOS="193" VPOS="474" WIDTH="827" HEIGHT="26">
							<String ID="string_86" HPOS="193" VPOS="476" WIDTH="94" HEIGHT="24" WC="0.96" CONTENT="tvungen"/><SP WIDTH="24" VPOS="476" HPOS="287"/>
							<String ID="string_87" HPOS="311" VPOS="476" WIDTH="32" HEIGHT="19" WC="0.96" CONTENT="att"/><SP WIDTH="22" VPOS="476" HPOS="343"/>
							<String ID="string_88" HPOS="365" VPOS="474" WIDTH="27" HEIGHT="26" WC="0.96" CONTENT="gå"/><SP WIDTH="22" VPOS="474" HPOS="392"/>
							<String ID="string_89" HPOS="414" VPOS="474" WIDTH="6" HEIGHT="21" WC="0.96" CONTENT="i"/><SP WIDTH="22" VPOS="474" HPOS="420"/>
							<String ID="string_90" HPOS="442" VPOS="474" WIDTH="48" HEIGHT="21" WC="0.96" CONTENT="mitt"/><SP WIDTH="23" VPOS="474" HPOS="490"/>
							<String ID="string_91" HPOS="513" VPOS="474" WIDTH="95" HEIGHT="26" WC="0.95" CONTENT="yrkande"/><SP WIDTH="18" VPOS="474" HPOS="608"/>
							<String ID="string_92" HPOS="626" VPOS="476" WIDTH="57" HEIGHT="19" WC="0.96" CONTENT="ännu"/><SP WIDTH="16" VPOS="476" HPOS="683"/>
							<String ID="string_93" HPOS="699" VPOS="474" WIDTH="72" HEIGHT="26" WC="0.96" CONTENT="längre"/><SP WIDTH="16" VPOS="474" HPOS="771"/>
							<String ID="string_94" HPOS="787" VPOS="476" WIDTH="26" HEIGHT="19" WC="0.96" CONTENT="än"/><SP WIDTH="18" VPOS="476" HPOS="813"/>
							<String ID="string_95" HPOS="831" VPOS="474" WIDTH="24" HEIGHT="21" WC="0.96" CONTENT="de"/><SP WIDTH="17" VPOS="474" HPOS="855"/>
							<String ID="string_96" HPOS="872" VPOS="475" WIDTH="65" HEIGHT="20" WC="0.96" CONTENT="värda"/><SP WIDTH="16" VPOS="475" HPOS="937"/>
							<String ID="string_97" HPOS="953" VPOS="474" WIDTH="67" HEIGHT="21" WC="0.96" CONTENT="talare"/>
						</TextLine>
						<TextLine ID="line_11" HPOS="193" VPOS="502" WIDTH="827" HEIGHT="27">
							<String ID="string_98" HPOS="193" VPOS="509" WIDTH="46" HEIGHT="15" WC="0.96" CONTENT="som"/><SP WIDTH="24" VPOS="509" HPOS="239"/>
							<String ID="string_99" HPOS="263" VPOS="503" WIDTH="39" HEIGHT="20" WC="0.96" CONTENT="här"/><SP WIDTH="21" VPOS="503" HPOS="302"/>
							<String ID="string_100" HPOS="323" VPOS="503" WIDTH="78" HEIGHT="20" WC="0.96" CONTENT="uttalat"/><SP WIDTH="22" VPOS="503" HPOS="401"/>
							<String ID="string_101" HPOS="423" VPOS="503" WIDTH="39" HEIGHT="26" WC="0.93" CONTENT="sig."/><SP WIDTH="36" VPOS="503" HPOS="462"/>
							<String ID="string_102" HPOS="498" VPOS="502" WIDTH="74" HEIGHT="21" WC="0.91" CONTENT="Sävidt"/><SP WIDTH="19" VPOS="502" HPOS="572"/>
							<String ID="string_103" HPOS="591" VPOS="502" WIDTH="37" HEIGHT="27" WC="0.96" CONTENT="jag"/><SP WIDTH="16" VPOS="502" HPOS="628"/>
							<String ID="string_104" HPOS="644" VPOS="503" WIDTH="108" HEIGHT="26" WC="0.96" CONTENT="uppfattat"/><SP WIDTH="16" VPOS="503" HPOS="752"/>
							<String ID="string_105" HPOS="768" VPOS="504" WIDTH="54" HEIGHT="23" WC="0.96" CONTENT="dem,"/><SP WIDTH="18" VPOS="504" HPOS="822"/>
							<String ID="string_106" HPOS="840" VPOS="503" WIDTH="61" HEIGHT="20" WC="0.95" CONTENT="hafva"/><SP WIDTH="16" VPOS="503" HPOS="901"/>
							<String ID="string_107" HPOS="917" VPOS="503" WIDTH="42" HEIGHT="20" WC="0.95" CONTENT="alla"/><SP WIDTH="14" VPOS="503" HPOS="959"/>
							<String ID="string_108" HPOS="973" VPOS="503" WIDTH="47" HEIGHT="26" WC="0.95" CONTENT="gått"/>
						</TextLine>
						<TextLine ID="line_12" HPOS="193" VPOS="531" WIDTH="826" HEIGHT="26">
							<String ID="string_109" HPOS="193" VPOS="533" WIDTH="24" HEIGHT="19" WC="0.96" CONTENT="ut"/><SP WIDTH="15" VPOS="533" HPOS="217"/>
							<String ID="string_110" HPOS="232" VPOS="531" WIDTH="46" HEIGHT="21" WC="0.96" CONTENT="från"/><SP WIDTH="17" VPOS="531" HPOS="278"/>
							<String ID="string_111" HPOS="295" VPOS="531" WIDTH="40" HEIGHT="21" WC="0.92" CONTENT="den"/><SP WIDTH="16" VPOS="531" HPOS="335"/>
							<String ID="string_112" HPOS="351" VPOS="531" WIDTH="89" HEIGHT="26" WC="0.90" CONTENT="åsigten,"/><SP WIDTH="15" VPOS="531" HPOS="440"/>
							<String ID="string_113" HPOS="455" VPOS="533" WIDTH="33" HEIGHT="19" WC="0.96" CONTENT="att"/><SP WIDTH="15" VPOS="533" HPOS="488"/>
							<String ID="string_114" HPOS="503" VPOS="531" WIDTH="36" HEIGHT="21" WC="0.93" CONTENT="det"/><SP WIDTH="15" VPOS="531" HPOS="539"/>
							<String ID="string_115" HPOS="554" VPOS="531" WIDTH="61" HEIGHT="21" WC="0.92" CONTENT="stode"/><SP WIDTH="16" VPOS="531" HPOS="615"/>
							<String ID="string_116" HPOS="631" VPOS="531" WIDTH="112" HEIGHT="21" WC="0.95" CONTENT="samhället"/><SP WIDTH="17" VPOS="531" HPOS="743"/>
							<String ID="string_117" HPOS="760" VPOS="531" WIDTH="46" HEIGHT="21" WC="0.96" CONTENT="fritt"/><SP WIDTH="15" VPOS="531" HPOS="806"/>
							<String ID="string_118" HPOS="821" VPOS="534" WIDTH="32" HEIGHT="18" WC="0.93" CONTENT="att"/><SP WIDTH="13" VPOS="534" HPOS="853"/>
							<String ID="string_119" HPOS="866" VPOS="531" WIDTH="92" HEIGHT="26" WC="0.92" CONTENT="påbjuda"/><SP WIDTH="9" VPOS="531" HPOS="958"/>
							<String ID="string_120" HPOS="967" VPOS="531" WIDTH="52" HEIGHT="21" WC="0.92" CONTENT="obli-"/>
						</TextLine>
						<TextLine ID="line_13" HPOS="193" VPOS="559" WIDTH="827" HEIGHT="28">
							<String ID="string_121" HPOS="193" VPOS="560" WIDTH="97" HEIGHT="27" WC="0.92" CONTENT="gatorisk"/><SP WIDTH="22" VPOS="560" HPOS="290"/>
							<String ID="string_122" HPOS="312" VPOS="560" WIDTH="136" HEIGHT="21" WC="0.94" CONTENT="vaccination."/><SP WIDTH="30" VPOS="560" HPOS="448"/>
							<String ID="string_123" HPOS="478" VPOS="560" WIDTH="43" HEIGHT="21" WC="0.93" CONTENT="För"/><SP WIDTH="24" VPOS="560" HPOS="521"/>
							<String ID="string_124" HPOS="545" VPOS="560" WIDTH="42" HEIGHT="20" WC="0.96" CONTENT="min"/><SP WIDTH="24" VPOS="560" HPOS="587"/>
							<String ID="string_125" HPOS="611" VPOS="559" WIDTH="34" HEIGHT="22" WC="0.96" CONTENT="del"/><SP WIDTH="17" VPOS="559" HPOS="645"/>
							<String ID="string_126" HPOS="662" VPOS="561" WIDTH="66" HEIGHT="20" WC="0.96" CONTENT="måste"/><SP WIDTH="21" VPOS="561" HPOS="728"/>
							<String ID="string_127" HPOS="749" VPOS="560" WIDTH="37" HEIGHT="27" WC="0.95" CONTENT="jag"/><SP WIDTH="22" VPOS="560" HPOS="786"/>
							<String ID="string_128" HPOS="808" VPOS="561" WIDTH="129" HEIGHT="20" WC="0.96" CONTENT="åtminstone"/><SP WIDTH="15" VPOS="561" HPOS="937"/>
							<String ID="string_129" HPOS="952" VPOS="561" WIDTH="68" HEIGHT="20" WC="0.96" CONTENT="under"/>
						</TextLine>
						<TextLine ID="line_14" HPOS="193" VPOS="588" WIDTH="826" HEIGHT="27">
							<String ID="string_130" HPOS="193" VPOS="589" WIDTH="122" HEIGHT="23" WC="0.96" CONTENT="nuvarande"/><SP WIDTH="22" VPOS="589" HPOS="315"/>
							<String ID="string_131" HPOS="337" VPOS="588" WIDTH="146" HEIGHT="21" WC="0.96" CONTENT="förhållanden"/><SP WIDTH="17" VPOS="588" HPOS="483"/>
							<String ID="string_132" HPOS="500" VPOS="589" WIDTH="64" HEIGHT="26" WC="0.96" CONTENT="draga"/><SP WIDTH="17" VPOS="589" HPOS="564"/>
							<String ID="string_133" HPOS="581" VPOS="588" WIDTH="58" HEIGHT="21" WC="0.96" CONTENT="detta"/><SP WIDTH="16" VPOS="588" HPOS="639"/>
							<String ID="string_134" HPOS="655" VPOS="588" WIDTH="110" HEIGHT="27" WC="0.96" CONTENT="högeligen"/><SP WIDTH="17" VPOS="588" HPOS="765"/>
							<String ID="string_135" HPOS="782" VPOS="589" WIDTH="7" HEIGHT="20" WC="0.93" CONTENT="i"/><SP WIDTH="16" VPOS="589" HPOS="789"/>
							<String ID="string_136" HPOS="805" VPOS="589" WIDTH="78" HEIGHT="20" WC="0.87" CONTENT="tvifvel."/><SP WIDTH="31" VPOS="589" HPOS="883"/>
							<String ID="string_137" HPOS="914" VPOS="589" WIDTH="37" HEIGHT="20" WC="0.93" CONTENT="Ett"/><SP WIDTH="15" VPOS="589" HPOS="951"/>
							<String ID="string_138" HPOS="966" VPOS="589" WIDTH="53" HEIGHT="20" WC="0.93" CONTENT="indi-"/>
						</TextLine>
						<TextLine ID="line_15" HPOS="192" VPOS="617" WIDTH="827" HEIGHT="26">
							<String ID="string_139" HPOS="192" VPOS="617" WIDTH="51" HEIGHT="21" WC="0.92" CONTENT="rekt"/><SP WIDTH="24" VPOS="617" HPOS="243"/>
							<String ID="string_140" HPOS="267" VPOS="617" WIDTH="71" HEIGHT="26" WC="0.96" CONTENT="tvång,"/><SP WIDTH="22" VPOS="617" HPOS="338"/>
							<String ID="string_141" HPOS="360" VPOS="617" WIDTH="76" HEIGHT="21" WC="0.96" CONTENT="sådant"/><SP WIDTH="21" VPOS="617" HPOS="436"/>
							<String ID="string_142" HPOS="457" VPOS="623" WIDTH="45" HEIGHT="15" WC="0.93" CONTENT="som"/><SP WIDTH="24" VPOS="623" HPOS="502"/>
							<String ID="string_143" HPOS="526" VPOS="617" WIDTH="84" HEIGHT="20" WC="0.87" CONTENT="härtills"/><SP WIDTH="16" VPOS="617" HPOS="610"/>
							<String ID="string_144" HPOS="626" VPOS="617" WIDTH="108" HEIGHT="25" WC="0.96" CONTENT="existerat,"/><SP WIDTH="18" VPOS="617" HPOS="734"/>
							<String ID="string_145" HPOS="752" VPOS="618" WIDTH="41" HEIGHT="20" WC="0.96" CONTENT="kan"/><SP WIDTH="17" VPOS="618" HPOS="793"/>
							<String ID="string_146" HPOS="810" VPOS="617" WIDTH="63" HEIGHT="21" WC="0.95" CONTENT="också"/><SP WIDTH="17" VPOS="617" HPOS="873"/>
							<String ID="string_147" HPOS="890" VPOS="617" WIDTH="129" HEIGHT="21" WC="0.96" CONTENT="fortfarande"/>
						</TextLine>
						<TextLine ID="line_16" HPOS="193" VPOS="645" WIDTH="826" HEIGHT="27">
							<String ID="string_148" HPOS="193" VPOS="651" WIDTH="40" HEIGHT="20" WC="0.91" CONTENT="ega"/><SP WIDTH="24" VPOS="651" HPOS="233"/>
							<String ID="string_149" HPOS="257" VPOS="651" WIDTH="46" HEIGHT="15" WC="0.95" CONTENT="rum"/><SP WIDTH="25" VPOS="651" HPOS="303"/>
							<String ID="string_150" HPOS="328" VPOS="647" WIDTH="51" HEIGHT="20" WC="0.95" CONTENT="utan"/><SP WIDTH="24" VPOS="647" HPOS="379"/>
							<String ID="string_151" HPOS="403" VPOS="646" WIDTH="65" HEIGHT="26" WC="0.96" CONTENT="några"/><SP WIDTH="15" VPOS="646" HPOS="468"/>
							<String ID="string_152" HPOS="483" VPOS="645" WIDTH="183" HEIGHT="27" WC="0.96" CONTENT="betänkligheter;"/><SP WIDTH="18" VPOS="645" HPOS="666"/>
							<String ID="string_153" HPOS="684" VPOS="646" WIDTH="35" HEIGHT="21" WC="0.96" CONTENT="det"/><SP WIDTH="15" VPOS="646" HPOS="719"/>
							<String ID="string_154" HPOS="734" VPOS="646" WIDTH="45" HEIGHT="21" WC="0.95" CONTENT="står"/><SP WIDTH="16" VPOS="646" HPOS="779"/>
							<String ID="string_155" HPOS="795" VPOS="645" WIDTH="51" HEIGHT="21" WC="0.96" CONTENT="hvar"/><SP WIDTH="17" VPOS="645" HPOS="846"/>
							<String ID="string_156" HPOS="863" VPOS="646" WIDTH="39" HEIGHT="21" WC="0.96" CONTENT="och"/><SP WIDTH="16" VPOS="646" HPOS="902"/>
							<String ID="string_157" HPOS="918" VPOS="652" WIDTH="24" HEIGHT="15" WC="0.96" CONTENT="en"/><SP WIDTH="17" VPOS="652" HPOS="942"/>
							<String ID="string_158" HPOS="959" VPOS="645" WIDTH="60" HEIGHT="22" WC="0.96" CONTENT="fader"/>
						</TextLine>
						<TextLine ID="line_17" HPOS="192" VPOS="674" WIDTH="826" HEIGHT="25">
							<String ID="string_159" HPOS="192" VPOS="674" WIDTH="53" HEIGHT="21" WC="0.95" CONTENT="eller"/><SP WIDTH="22" VPOS="674" HPOS="245"/>
							<String ID="string_160" HPOS="267" VPOS="675" WIDTH="74" HEIGHT="20" WC="0.95" CONTENT="moder"/><SP WIDTH="24" VPOS="675" HPOS="341"/>
							<String ID="string_161" HPOS="365" VPOS="674" WIDTH="46" HEIGHT="21" WC="0.96" CONTENT="fritt"/><SP WIDTH="22" VPOS="674" HPOS="411"/>
							<String ID="string_162" HPOS="433" VPOS="676" WIDTH="33" HEIGHT="19" WC="0.96" CONTENT="att"/><SP WIDTH="22" VPOS="676" HPOS="466"/>
							<String ID="string_163" HPOS="488" VPOS="676" WIDTH="56" HEIGHT="19" WC="0.96" CONTENT="sätta"/><SP WIDTH="24" VPOS="676" HPOS="544"/>
							<String ID="string_164" HPOS="568" VPOS="675" WIDTH="36" HEIGHT="20" WC="0.96" CONTENT="sitt"/><SP WIDTH="24" VPOS="675" HPOS="604"/>
							<String ID="string_165" HPOS="628" VPOS="675" WIDTH="52" HEIGHT="20" WC="0.96" CONTENT="barn"/><SP WIDTH="16" VPOS="675" HPOS="680"/>
							<String ID="string_166" HPOS="696" VPOS="675" WIDTH="5" HEIGHT="20" WC="0.96" CONTENT="i"/><SP WIDTH="17" VPOS="675" HPOS="701"/>
							<String ID="string_167" HPOS="718" VPOS="675" WIDTH="61" HEIGHT="20" WC="0.96" CONTENT="skola"/><SP WIDTH="17" VPOS="675" HPOS="779"/>
							<String ID="string_168" HPOS="796" VPOS="674" WIDTH="51" HEIGHT="21" WC="0.96" CONTENT="eller"/><SP WIDTH="17" VPOS="674" HPOS="847"/>
							<String ID="string_169" HPOS="864" VPOS="674" WIDTH="51" HEIGHT="25" WC="0.96" CONTENT="icke,"/><SP WIDTH="14" VPOS="674" HPOS="915"/>
							<String ID="string_170" HPOS="929" VPOS="675" WIDTH="28" HEIGHT="20" WC="0.93" CONTENT="då"/><SP WIDTH="14" VPOS="675" HPOS="957"/>
							<String ID="string_171" HPOS="971" VPOS="675" WIDTH="47" HEIGHT="20" WC="0.92" CONTENT="sko-"/>
						</TextLine>
						<TextLine ID="line_18" HPOS="192" VPOS="702" WIDTH="826" HEIGHT="28">
							<String ID="string_172" HPOS="192" VPOS="703" WIDTH="35" HEIGHT="20" WC="0.95" CONTENT="lan"/><SP WIDTH="22" VPOS="703" HPOS="227"/>
							<String ID="string_173" HPOS="249" VPOS="702" WIDTH="84" HEIGHT="22" WC="0.96" CONTENT="fordrar"/><SP WIDTH="22" VPOS="702" HPOS="333"/>
							<String ID="string_174" HPOS="355" VPOS="703" WIDTH="60" HEIGHT="27" WC="0.96" CONTENT="intyg"/><SP WIDTH="21" VPOS="703" HPOS="415"/>
							<String ID="string_175" HPOS="436" VPOS="705" WIDTH="32" HEIGHT="18" WC="0.96" CONTENT="att"/><SP WIDTH="23" VPOS="705" HPOS="468"/>
							<String ID="string_176" HPOS="491" VPOS="703" WIDTH="75" HEIGHT="21" WC="0.96" CONTENT="barnet"/><SP WIDTH="16" VPOS="703" HPOS="566"/>
							<String ID="string_177" HPOS="582" VPOS="705" WIDTH="24" HEIGHT="18" WC="0.93" CONTENT="är"/><SP WIDTH="17" VPOS="705" HPOS="606"/>
							<String ID="string_178" HPOS="623" VPOS="703" WIDTH="138" HEIGHT="21" WC="0.89" CONTENT="vaccineradt."/><SP WIDTH="24" VPOS="703" HPOS="761"/>
							<String ID="string_179" HPOS="785" VPOS="703" WIDTH="48" HEIGHT="21" WC="0.96" CONTENT="Men"/><SP WIDTH="17" VPOS="703" HPOS="833"/>
							<String ID="string_180" HPOS="850" VPOS="703" WIDTH="113" HEIGHT="21" WC="0.95" CONTENT="samhället"/><SP WIDTH="13" VPOS="703" HPOS="963"/>
							<String ID="string_181" HPOS="976" VPOS="703" WIDTH="42" HEIGHT="21" WC="0.96" CONTENT="kan"/>
						</TextLine>
						<TextLine ID="line_19" HPOS="192" VPOS="731" WIDTH="826" HEIGHT="22">
							<String ID="string_182" HPOS="192" VPOS="731" WIDTH="46" HEIGHT="21" WC="0.96" CONTENT="icke"/><SP WIDTH="23" VPOS="731" HPOS="238"/>
							<String ID="string_183" HPOS="261" VPOS="731" WIDTH="63" HEIGHT="21" WC="0.96" CONTENT="hafva"/><SP WIDTH="23" VPOS="731" HPOS="324"/>
							<String ID="string_184" HPOS="347" VPOS="733" WIDTH="44" HEIGHT="19" WC="0.96" CONTENT="rätt"/><SP WIDTH="22" VPOS="733" HPOS="391"/>
							<String ID="string_185" HPOS="413" VPOS="733" WIDTH="31" HEIGHT="20" WC="0.96" CONTENT="att"/><SP WIDTH="20" VPOS="733" HPOS="444"/>
							<String ID="string_186" HPOS="464" VPOS="731" WIDTH="82" HEIGHT="21" WC="0.93" CONTENT="absolut"/><SP WIDTH="17" VPOS="731" HPOS="546"/>
							<String ID="string_187" HPOS="563" VPOS="731" WIDTH="77" HEIGHT="21" WC="0.91" CONTENT="befalla"/><SP WIDTH="16" VPOS="731" HPOS="640"/>
							<String ID="string_188" HPOS="656" VPOS="738" WIDTH="26" HEIGHT="15" WC="0.96" CONTENT="en"/><SP WIDTH="15" VPOS="738" HPOS="682"/>
							<String ID="string_189" HPOS="697" VPOS="732" WIDTH="32" HEIGHT="20" WC="0.95" CONTENT="far"/><SP WIDTH="16" VPOS="732" HPOS="729"/>
							<String ID="string_190" HPOS="745" VPOS="731" WIDTH="52" HEIGHT="21" WC="0.96" CONTENT="eller"/><SP WIDTH="16" VPOS="731" HPOS="797"/>
							<String ID="string_191" HPOS="813" VPOS="738" WIDTH="46" HEIGHT="14" WC="0.96" CONTENT="mor"/><SP WIDTH="16" VPOS="738" HPOS="859"/>
							<String ID="string_192" HPOS="875" VPOS="733" WIDTH="32" HEIGHT="19" WC="0.96" CONTENT="att"/><SP WIDTH="15" VPOS="733" HPOS="907"/>
							<String ID="string_193" HPOS="922" VPOS="731" WIDTH="43" HEIGHT="22" WC="0.96" CONTENT="låta"/><SP WIDTH="15" VPOS="731" HPOS="965"/>
							<String ID="string_194" HPOS="980" VPOS="731" WIDTH="38" HEIGHT="22" WC="0.95" CONTENT="sitt"/>
						</TextLine>
						<TextLine ID="line_20" HPOS="191" VPOS="759" WIDTH="828" HEIGHT="28">
							<String ID="string_195" HPOS="191" VPOS="759" WIDTH="53" HEIGHT="22" WC="0.96" CONTENT="barn"/><SP WIDTH="23" VPOS="759" HPOS="244"/>
							<String ID="string_196" HPOS="267" VPOS="760" WIDTH="95" HEIGHT="26" WC="0.96" CONTENT="undergå"/><SP WIDTH="21" VPOS="760" HPOS="362"/>
							<String ID="string_197" HPOS="383" VPOS="766" WIDTH="25" HEIGHT="15" WC="0.96" CONTENT="en"/><SP WIDTH="24" VPOS="766" HPOS="408"/>
							<String ID="string_198" HPOS="432" VPOS="760" WIDTH="117" HEIGHT="27" WC="0.95" CONTENT="operation,"/><SP WIDTH="24" VPOS="760" HPOS="549"/>
							<String ID="string_199" HPOS="573" VPOS="761" WIDTH="48" HEIGHT="20" WC="0.95" CONTENT="med"/><SP WIDTH="22" VPOS="761" HPOS="621"/>
							<String ID="string_200" HPOS="643" VPOS="760" WIDTH="97" HEIGHT="21" WC="0.92" CONTENT="afseende"/><SP WIDTH="24" VPOS="760" HPOS="740"/>
							<String ID="string_201" HPOS="764" VPOS="760" WIDTH="12" HEIGHT="21" WC="0.91" CONTENT="å"/><SP WIDTH="23" VPOS="760" HPOS="776"/>
							<String ID="string_202" HPOS="799" VPOS="760" WIDTH="85" HEIGHT="21" WC="0.96" CONTENT="hvilken"/><SP WIDTH="24" VPOS="760" HPOS="884"/>
							<String ID="string_203" HPOS="908" VPOS="766" WIDTH="48" HEIGHT="15" WC="0.95" CONTENT="man"/><SP WIDTH="16" VPOS="766" HPOS="956"/>
							<String ID="string_204" HPOS="972" VPOS="761" WIDTH="47" HEIGHT="20" WC="0.95" CONTENT="icke"/>
						</TextLine>
						<TextLine ID="line_21" HPOS="192" VPOS="788" WIDTH="827" HEIGHT="27">
							<String ID="string_205" HPOS="192" VPOS="788" WIDTH="41" HEIGHT="21" WC="0.95" CONTENT="kan"/><SP WIDTH="17" VPOS="788" HPOS="233"/>
							<String ID="string_206" HPOS="250" VPOS="795" WIDTH="51" HEIGHT="14" WC="0.95" CONTENT="vara"/><SP WIDTH="15" VPOS="795" HPOS="301"/>
							<String ID="string_207" HPOS="316" VPOS="789" WIDTH="128" HEIGHT="25" WC="0.95" CONTENT="fullkomligt"/><SP WIDTH="15" VPOS="789" HPOS="444"/>
							<String ID="string_208" HPOS="459" VPOS="789" WIDTH="62" HEIGHT="20" WC="0.96" CONTENT="säker"/><SP WIDTH="15" VPOS="789" HPOS="521"/>
							<String ID="string_209" HPOS="536" VPOS="789" WIDTH="27" HEIGHT="26" WC="0.96" CONTENT="på"/><SP WIDTH="16" VPOS="789" HPOS="563"/>
							<String ID="string_210" HPOS="579" VPOS="792" WIDTH="31" HEIGHT="17" WC="0.96" CONTENT="att"/><SP WIDTH="17" VPOS="792" HPOS="610"/>
							<String ID="string_211" HPOS="627" VPOS="789" WIDTH="39" HEIGHT="20" WC="0.96" CONTENT="den"/><SP WIDTH="16" VPOS="789" HPOS="666"/>
							<String ID="string_212" HPOS="682" VPOS="789" WIDTH="45" HEIGHT="21" WC="0.96" CONTENT="icke"/><SP WIDTH="17" VPOS="789" HPOS="727"/>
							<String ID="string_213" HPOS="744" VPOS="789" WIDTH="84" HEIGHT="20" WC="0.93" CONTENT="medför"/><SP WIDTH="16" VPOS="789" HPOS="828"/>
							<String ID="string_214" HPOS="844" VPOS="788" WIDTH="90" HEIGHT="27" WC="0.92" CONTENT="menliga"/><SP WIDTH="8" VPOS="788" HPOS="934"/>
							<String ID="string_215" HPOS="942" VPOS="789" WIDTH="77" HEIGHT="26" WC="0.96" CONTENT="följder"/>
						</TextLine>
						<TextLine ID="line_22" HPOS="191" VPOS="816" WIDTH="827" HEIGHT="27">
							<String ID="string_216" HPOS="191" VPOS="816" WIDTH="33" HEIGHT="21" WC="0.96" CONTENT="för"/><SP WIDTH="24" VPOS="816" HPOS="224"/>
							<String ID="string_217" HPOS="248" VPOS="817" WIDTH="49" HEIGHT="21" WC="0.96" CONTENT="hela"/><SP WIDTH="23" VPOS="817" HPOS="297"/>
							<String ID="string_218" HPOS="320" VPOS="817" WIDTH="64" HEIGHT="21" WC="0.95" CONTENT="lifvet."/><SP WIDTH="30" VPOS="817" HPOS="384"/>
							<String ID="string_219" HPOS="414" VPOS="817" WIDTH="39" HEIGHT="26" WC="0.96" CONTENT="Jag"/><SP WIDTH="23" VPOS="817" HPOS="453"/>
							<String ID="string_220" HPOS="476" VPOS="817" WIDTH="68" HEIGHT="21" WC="0.96" CONTENT="skulle"/><SP WIDTH="24" VPOS="817" HPOS="544"/>
							<String ID="string_221" HPOS="568" VPOS="817" WIDTH="78" HEIGHT="26" WC="0.96" CONTENT="derför,"/><SP WIDTH="24" VPOS="817" HPOS="646"/>
							<String ID="string_222" HPOS="670" VPOS="817" WIDTH="67" HEIGHT="21" WC="0.96" CONTENT="ehuru"/><SP WIDTH="21" VPOS="817" HPOS="737"/>
							<String ID="string_223" HPOS="758" VPOS="817" WIDTH="21" HEIGHT="22" WC="0.96" CONTENT="af"/><SP WIDTH="15" VPOS="817" HPOS="779"/>
							<String ID="string_224" HPOS="794" VPOS="817" WIDTH="67" HEIGHT="21" WC="0.96" CONTENT="andra"/><SP WIDTH="15" VPOS="817" HPOS="861"/>
							<String ID="string_225" HPOS="876" VPOS="817" WIDTH="53" HEIGHT="26" WC="0.96" CONTENT="skäl,"/><SP WIDTH="16" VPOS="817" HPOS="929"/>
							<String ID="string_226" HPOS="945" VPOS="818" WIDTH="73" HEIGHT="21" WC="0.96" CONTENT="förena"/>
						</TextLine>
						<TextLine ID="line_23" HPOS="191" VPOS="845" WIDTH="828" HEIGHT="28">
							<String ID="string_227" HPOS="191" VPOS="845" WIDTH="44" HEIGHT="28" WC="0.96" CONTENT="mig"/><SP WIDTH="23" VPOS="845" HPOS="235"/>
							<String ID="string_228" HPOS="258" VPOS="846" WIDTH="48" HEIGHT="21" WC="0.96" CONTENT="med"/><SP WIDTH="24" VPOS="846" HPOS="306"/>
							<String ID="string_229" HPOS="330" VPOS="846" WIDTH="42" HEIGHT="21" WC="0.91" CONTENT="alla"/><SP WIDTH="21" VPOS="846" HPOS="372"/>
							<String ID="string_230" HPOS="393" VPOS="846" WIDTH="25" HEIGHT="21" WC="0.96" CONTENT="de"/><SP WIDTH="16" VPOS="846" HPOS="418"/>
							<String ID="string_231" HPOS="434" VPOS="846" WIDTH="62" HEIGHT="21" WC="0.96" CONTENT="värde"/><SP WIDTH="17" VPOS="846" HPOS="496"/>
							<String ID="string_232" HPOS="513" VPOS="845" WIDTH="73" HEIGHT="27" WC="0.96" CONTENT="talare,"/><SP WIDTH="17" VPOS="845" HPOS="586"/>
							<String ID="string_233" HPOS="603" VPOS="852" WIDTH="45" HEIGHT="15" WC="0.96" CONTENT="som"/><SP WIDTH="18" VPOS="852" HPOS="648"/>
							<String ID="string_234" HPOS="666" VPOS="846" WIDTH="53" HEIGHT="21" WC="0.96" CONTENT="talat"/><SP WIDTH="15" VPOS="846" HPOS="719"/>
							<String ID="string_235" HPOS="734" VPOS="848" WIDTH="58" HEIGHT="19" WC="0.96" CONTENT="emot"/><SP WIDTH="16" VPOS="848" HPOS="792"/>
							<String ID="string_236" HPOS="808" VPOS="846" WIDTH="39" HEIGHT="21" WC="0.96" CONTENT="den"/><SP WIDTH="17" VPOS="846" HPOS="847"/>
							<String ID="string_237" HPOS="864" VPOS="845" WIDTH="155" HEIGHT="27" WC="0.96" CONTENT="obligatoriska"/>
						</TextLine>
						<TextLine ID="line_24" HPOS="191" VPOS="874" WIDTH="166" HEIGHT="21">
							<String ID="string_238" HPOS="191" VPOS="874" WIDTH="166" HEIGHT="21" WC="0.96" CONTENT="vaccinationen."/>
						</TextLine>
					</TextBlock>
				</ComposedBlock>
				<ComposedBlock ID="cblock_3" HPOS="184" VPOS="931" WIDTH="834" HEIGHT="600">
					<TextBlock ID="block_3" HPOS="184" VPOS="931" WIDTH="834" HEIGHT="600">
						<TextLine ID="line_25" HPOS="260" VPOS="931" WIDTH="757" HEIGHT="27">
							<String ID="string_239" HPOS="260" VPOS="931" WIDTH="111" HEIGHT="21" WC="0.96" CONTENT="Professor"/><SP WIDTH="15" VPOS="931" HPOS="371"/>
							<String ID="string_240" HPOS="386" VPOS="931" WIDTH="153" HEIGHT="27" WC="0.96" CONTENT="Runeberg:"/><SP WIDTH="24" VPOS="931" HPOS="539"/>
							<String ID="string_241" HPOS="563" VPOS="931" WIDTH="40" HEIGHT="26" WC="0.96" CONTENT="Jag"/><SP WIDTH="17" VPOS="931" HPOS="603"/>
							<String ID="string_242" HPOS="620" VPOS="931" WIDTH="32" HEIGHT="21" WC="0.96" CONTENT="för"/><SP WIDTH="16" VPOS="931" HPOS="652"/>
							<String ID="string_243" HPOS="668" VPOS="932" WIDTH="42" HEIGHT="20" WC="0.96" CONTENT="min"/><SP WIDTH="17" VPOS="932" HPOS="710"/>
							<String ID="string_244" HPOS="727" VPOS="932" WIDTH="33" HEIGHT="20" WC="0.96" CONTENT="del"/><SP WIDTH="17" VPOS="932" HPOS="760"/>
							<String ID="string_245" HPOS="777" VPOS="934" WIDTH="45" HEIGHT="18" WC="0.96" CONTENT="tror"/><SP WIDTH="16" VPOS="934" HPOS="822"/>
							<String ID="string_246" HPOS="838" VPOS="931" WIDTH="131" HEIGHT="22" WC="0.96" CONTENT="fortfarande"/><SP WIDTH="11" VPOS="931" HPOS="969"/>
							<String ID="string_247" HPOS="980" VPOS="932" WIDTH="37" HEIGHT="21" WC="0.96" CONTENT="det"/>
						</TextLine>
						<TextLine ID="line_26" HPOS="189" VPOS="959" WIDTH="827" HEIGHT="28">
							<String ID="string_248" HPOS="189" VPOS="959" WIDTH="46" HEIGHT="22" WC="0.96" CONTENT="icke"/><SP WIDTH="24" VPOS="959" HPOS="235"/>
							<String ID="string_249" HPOS="259" VPOS="966" WIDTH="50" HEIGHT="15" WC="0.96" CONTENT="vara"/><SP WIDTH="22" VPOS="966" HPOS="309"/>
							<String ID="string_250" HPOS="331" VPOS="960" WIDTH="97" HEIGHT="26" WC="0.96" CONTENT="lämpligt"/><SP WIDTH="15" VPOS="960" HPOS="428"/>
							<String ID="string_251" HPOS="443" VPOS="963" WIDTH="32" HEIGHT="18" WC="0.91" CONTENT="att"/><SP WIDTH="12" VPOS="963" HPOS="475"/>
							<String ID="string_252" HPOS="487" VPOS="959" WIDTH="89" HEIGHT="22" WC="0.91" CONTENT="Ståndet"/><SP WIDTH="17" VPOS="959" HPOS="576"/>
							<String ID="string_253" HPOS="593" VPOS="960" WIDTH="120" HEIGHT="21" WC="0.96" CONTENT="diskuterar"/><SP WIDTH="16" VPOS="960" HPOS="713"/>
							<String ID="string_254" HPOS="729" VPOS="961" WIDTH="74" HEIGHT="25" WC="0.96" CONTENT="frågan"/><SP WIDTH="16" VPOS="961" HPOS="803"/>
							<String ID="string_255" HPOS="819" VPOS="960" WIDTH="101" HEIGHT="26" WC="0.96" CONTENT="paragraf"/><SP WIDTH="14" VPOS="960" HPOS="920"/>
							<String ID="string_256" HPOS="934" VPOS="961" WIDTH="31" HEIGHT="20" WC="0.92" CONTENT="för"/><SP WIDTH="16" VPOS="961" HPOS="965"/>
							<String ID="string_257" HPOS="981" VPOS="967" WIDTH="35" HEIGHT="20" WC="0.91" CONTENT="pa-"/>
						</TextLine>
						<TextLine ID="line_27" HPOS="189" VPOS="988" WIDTH="827" HEIGHT="27">
							<String ID="string_258" HPOS="189" VPOS="988" WIDTH="74" HEIGHT="27" WC="0.92" CONTENT="ragraf"/><SP WIDTH="21" VPOS="988" HPOS="263"/>
							<String ID="string_259" HPOS="284" VPOS="989" WIDTH="71" HEIGHT="20" WC="0.91" CONTENT="förrän"/><SP WIDTH="22" VPOS="989" HPOS="355"/>
							<String ID="string_260" HPOS="377" VPOS="989" WIDTH="88" HEIGHT="20" WC="0.90" CONTENT="Ståndet"/><SP WIDTH="23" VPOS="989" HPOS="465"/>
							<String ID="string_261" HPOS="488" VPOS="988" WIDTH="78" HEIGHT="27" WC="0.92" CONTENT="afgjort"/><SP WIDTH="23" VPOS="988" HPOS="566"/>
							<String ID="string_262" HPOS="589" VPOS="989" WIDTH="40" HEIGHT="20" WC="0.96" CONTENT="den"/><SP WIDTH="17" VPOS="989" HPOS="629"/>
							<String ID="string_263" HPOS="646" VPOS="989" WIDTH="38" HEIGHT="20" WC="0.96" CONTENT="här"/><SP WIDTH="15" VPOS="989" HPOS="684"/>
							<String ID="string_264" HPOS="699" VPOS="989" WIDTH="145" HEIGHT="26" WC="0.93" CONTENT="föreliggande"/><SP WIDTH="16" VPOS="989" HPOS="844"/>
							<String ID="string_265" HPOS="860" VPOS="989" WIDTH="156" HEIGHT="26" WC="0.92" CONTENT="principfrågan"/>
						</TextLine>
						<TextLine ID="line_28" HPOS="189" VPOS="1017" WIDTH="827" HEIGHT="27">
							<String ID="string_266" HPOS="189" VPOS="1017" WIDTH="46" HEIGHT="26" WC="0.96" CONTENT="och,"/><SP WIDTH="24" VPOS="1017" HPOS="235"/>
							<String ID="string_267" HPOS="259" VPOS="1017" WIDTH="34" HEIGHT="20" WC="0.96" CONTENT="för"/><SP WIDTH="16" VPOS="1017" HPOS="293"/>
							<String ID="string_268" HPOS="309" VPOS="1017" WIDTH="39" HEIGHT="21" WC="0.96" CONTENT="den"/><SP WIDTH="16" VPOS="1017" HPOS="348"/>
							<String ID="string_269" HPOS="364" VPOS="1017" WIDTH="101" HEIGHT="21" WC="0.96" CONTENT="händelse"/><SP WIDTH="15" VPOS="1017" HPOS="465"/>
							<String ID="string_270" HPOS="480" VPOS="1020" WIDTH="32" HEIGHT="18" WC="0.93" CONTENT="att"/><SP WIDTH="16" VPOS="1020" HPOS="512"/>
							<String ID="string_271" HPOS="528" VPOS="1017" WIDTH="90" HEIGHT="22" WC="0.91" CONTENT="Ståndet"/><SP WIDTH="15" VPOS="1017" HPOS="618"/>
							<String ID="string_272" HPOS="633" VPOS="1020" WIDTH="87" HEIGHT="19" WC="0.96" CONTENT="stannar"/><SP WIDTH="16" VPOS="1020" HPOS="720"/>
							<String ID="string_273" HPOS="736" VPOS="1018" WIDTH="33" HEIGHT="20" WC="0.96" CONTENT="vid"/><SP WIDTH="17" VPOS="1018" HPOS="769"/>
							<String ID="string_274" HPOS="786" VPOS="1023" WIDTH="69" HEIGHT="15" WC="0.93" CONTENT="annan"/><SP WIDTH="17" VPOS="1023" HPOS="855"/>
							<String ID="string_275" HPOS="872" VPOS="1017" WIDTH="55" HEIGHT="27" WC="0.91" CONTENT="åsigt"/><SP WIDTH="16" VPOS="1017" HPOS="927"/>
							<String ID="string_276" HPOS="943" VPOS="1019" WIDTH="26" HEIGHT="19" WC="0.93" CONTENT="än"/><SP WIDTH="16" VPOS="1019" HPOS="969"/>
							<String ID="string_277" HPOS="985" VPOS="1021" WIDTH="31" HEIGHT="18" WC="0.92" CONTENT="ut-"/>
						</TextLine>
						<TextLine ID="line_29" HPOS="189" VPOS="1045" WIDTH="827" HEIGHT="28">
							<String ID="string_278" HPOS="189" VPOS="1045" WIDTH="88" HEIGHT="26" WC="0.96" CONTENT="skottet,"/><SP WIDTH="15" VPOS="1045" HPOS="277"/>
							<String ID="string_279" HPOS="292" VPOS="1045" WIDTH="101" HEIGHT="28" WC="0.96" CONTENT="förslaget"/><SP WIDTH="16" VPOS="1045" HPOS="393"/>
							<String ID="string_280" HPOS="409" VPOS="1046" WIDTH="52" HEIGHT="21" WC="0.95" CONTENT="först"/><SP WIDTH="15" VPOS="1046" HPOS="461"/>
							<String ID="string_281" HPOS="476" VPOS="1046" WIDTH="69" HEIGHT="21" WC="0.95" CONTENT="blifvit"/><SP WIDTH="14" VPOS="1046" HPOS="545"/>
							<String ID="string_282" HPOS="559" VPOS="1046" WIDTH="24" HEIGHT="21" WC="0.96" CONTENT="af"/><SP WIDTH="11" VPOS="1046" HPOS="583"/>
							<String ID="string_283" HPOS="594" VPOS="1046" WIDTH="105" HEIGHT="21" WC="0.93" CONTENT="utskottet"/><SP WIDTH="12" VPOS="1046" HPOS="699"/>
							<String ID="string_284" HPOS="711" VPOS="1046" WIDTH="135" HEIGHT="21" WC="0.91" CONTENT="omarbetadt"/><SP WIDTH="12" VPOS="1046" HPOS="846"/>
							<String ID="string_285" HPOS="858" VPOS="1046" WIDTH="6" HEIGHT="20" WC="0.96" CONTENT="i"/><SP WIDTH="14" VPOS="1046" HPOS="864"/>
							<String ID="string_286" HPOS="878" VPOS="1046" WIDTH="35" HEIGHT="21" WC="0.97" CONTENT="det"/><SP WIDTH="14" VPOS="1046" HPOS="913"/>
							<String ID="string_287" HPOS="927" VPOS="1046" WIDTH="89" HEIGHT="22" WC="0.95" CONTENT="sålunda"/>
						</TextLine>
						<TextLine ID="line_30" HPOS="189" VPOS="1074" WIDTH="827" HEIGHT="27">
							<String ID="string_288" HPOS="189" VPOS="1074" WIDTH="86" HEIGHT="26" WC="0.91" CONTENT="angifna"/><SP WIDTH="16" VPOS="1074" HPOS="275"/>
							<String ID="string_289" HPOS="291" VPOS="1074" WIDTH="68" HEIGHT="27" WC="0.91" CONTENT="syftet."/><SP WIDTH="29" VPOS="1074" HPOS="359"/>
							<String ID="string_290" HPOS="388" VPOS="1074" WIDTH="31" HEIGHT="21" WC="0.96" CONTENT="De"/><SP WIDTH="16" VPOS="1074" HPOS="419"/>
							<String ID="string_291" HPOS="435" VPOS="1075" WIDTH="123" HEIGHT="26" WC="0.96" CONTENT="paragrafer"/><SP WIDTH="16" VPOS="1075" HPOS="558"/>
							<String ID="string_292" HPOS="574" VPOS="1081" WIDTH="46" HEIGHT="14" WC="0.96" CONTENT="som"/><SP WIDTH="16" VPOS="1081" HPOS="620"/>
							<String ID="string_293" HPOS="636" VPOS="1075" WIDTH="67" HEIGHT="20" WC="0.93" CONTENT="skulle"/><SP WIDTH="18" VPOS="1075" HPOS="703"/>
							<String ID="string_294" HPOS="721" VPOS="1074" WIDTH="90" HEIGHT="21" WC="0.91" CONTENT="behöfva"/><SP WIDTH="16" VPOS="1074" HPOS="811"/>
							<String ID="string_295" HPOS="827" VPOS="1081" WIDTH="25" HEIGHT="14" WC="0.96" CONTENT="en"/><SP WIDTH="16" VPOS="1081" HPOS="852"/>
							<String ID="string_296" HPOS="868" VPOS="1075" WIDTH="148" HEIGHT="26" WC="0.96" CONTENT="omarbetning"/>
						</TextLine>
						<TextLine ID="line_31" HPOS="188" VPOS="1102" WIDTH="827" HEIGHT="28">
							<String ID="string_297" HPOS="188" VPOS="1102" WIDTH="69" HEIGHT="21" WC="0.96" CONTENT="finnas"/><SP WIDTH="23" VPOS="1102" HPOS="257"/>
							<String ID="string_298" HPOS="280" VPOS="1103" WIDTH="87" HEIGHT="26" WC="0.96" CONTENT="spridda"/><SP WIDTH="23" VPOS="1103" HPOS="367"/>
							<String ID="string_299" HPOS="390" VPOS="1103" WIDTH="37" HEIGHT="20" WC="0.96" CONTENT="här"/><SP WIDTH="23" VPOS="1103" HPOS="427"/>
							<String ID="string_300" HPOS="450" VPOS="1103" WIDTH="38" HEIGHT="21" WC="0.94" CONTENT="och"/><SP WIDTH="24" VPOS="1103" HPOS="488"/>
							<String ID="string_301" HPOS="512" VPOS="1103" WIDTH="37" HEIGHT="21" WC="0.94" CONTENT="der"/><SP WIDTH="15" VPOS="1103" HPOS="549"/>
							<String ID="string_302" HPOS="564" VPOS="1104" WIDTH="6" HEIGHT="20" WC="0.95" CONTENT="i"/><SP WIDTH="17" VPOS="1104" HPOS="570"/>
							<String ID="string_303" HPOS="587" VPOS="1103" WIDTH="102" HEIGHT="26" WC="0.96" CONTENT="förslaget"/><SP WIDTH="16" VPOS="1103" HPOS="689"/>
							<String ID="string_304" HPOS="705" VPOS="1103" WIDTH="38" HEIGHT="21" WC="0.96" CONTENT="och"/><SP WIDTH="17" VPOS="1103" HPOS="743"/>
							<String ID="string_305" HPOS="760" VPOS="1103" WIDTH="37" HEIGHT="21" WC="0.96" CONTENT="det"/><SP WIDTH="16" VPOS="1103" HPOS="797"/>
							<String ID="string_306" HPOS="813" VPOS="1105" WIDTH="23" HEIGHT="18" WC="0.96" CONTENT="är"/><SP WIDTH="15" VPOS="1105" HPOS="836"/>
							<String ID="string_307" HPOS="851" VPOS="1109" WIDTH="26" HEIGHT="15" WC="0.96" CONTENT="en"/><SP WIDTH="16" VPOS="1109" HPOS="877"/>
							<String ID="string_308" HPOS="893" VPOS="1103" WIDTH="122" HEIGHT="27" WC="0.96" CONTENT="omöjlighet"/>
						</TextLine>
						<TextLine ID="line_32" HPOS="189" VPOS="1131" WIDTH="826" HEIGHT="28">
							<String ID="string_309" HPOS="189" VPOS="1133" WIDTH="32" HEIGHT="19" WC="0.95" CONTENT="att"/><SP WIDTH="24" VPOS="1133" HPOS="221"/>
							<String ID="string_310" HPOS="245" VPOS="1132" WIDTH="27" HEIGHT="26" WC="0.95" CONTENT="på"/><SP WIDTH="23" VPOS="1132" HPOS="272"/>
							<String ID="string_311" HPOS="295" VPOS="1131" WIDTH="175" HEIGHT="27" WC="0.96" CONTENT="ändamålsenligt"/><SP WIDTH="15" VPOS="1131" HPOS="470"/>
							<String ID="string_312" HPOS="485" VPOS="1133" WIDTH="43" HEIGHT="20" WC="0.96" CONTENT="sätt"/><SP WIDTH="16" VPOS="1133" HPOS="528"/>
							<String ID="string_313" HPOS="544" VPOS="1132" WIDTH="91" HEIGHT="26" WC="0.96" CONTENT="granska"/><SP WIDTH="17" VPOS="1132" HPOS="635"/>
							<String ID="string_314" HPOS="652" VPOS="1133" WIDTH="25" HEIGHT="20" WC="0.96" CONTENT="de"/><SP WIDTH="15" VPOS="1133" HPOS="677"/>
							<String ID="string_315" HPOS="692" VPOS="1131" WIDTH="69" HEIGHT="22" WC="0.96" CONTENT="skilda"/><SP WIDTH="16" VPOS="1131" HPOS="761"/>
							<String ID="string_316" HPOS="777" VPOS="1132" WIDTH="26" HEIGHT="27" WC="0.94" CONTENT="$$"/><SP WIDTH="17" VPOS="1132" HPOS="803"/>
							<String ID="string_317" HPOS="820" VPOS="1131" WIDTH="44" HEIGHT="21" WC="0.96" CONTENT="förr"/><SP WIDTH="16" VPOS="1131" HPOS="864"/>
							<String ID="string_318" HPOS="880" VPOS="1133" WIDTH="26" HEIGHT="19" WC="0.96" CONTENT="än"/><SP WIDTH="17" VPOS="1133" HPOS="906"/>
							<String ID="string_319" HPOS="923" VPOS="1133" WIDTH="39" HEIGHT="20" WC="0.93" CONTENT="den"/><SP WIDTH="16" VPOS="1133" HPOS="962"/>
							<String ID="string_320" HPOS="978" VPOS="1139" WIDTH="37" HEIGHT="18" WC="0.92" CONTENT="ge-"/>
						</TextLine>
						<TextLine ID="line_33" HPOS="188" VPOS="1160" WIDTH="828" HEIGHT="27">
							<String ID="string_321" HPOS="188" VPOS="1160" WIDTH="133" HEIGHT="26" WC="0.92" CONTENT="nomgående"/><SP WIDTH="16" VPOS="1160" HPOS="321"/>
							<String ID="string_322" HPOS="337" VPOS="1160" WIDTH="107" HEIGHT="27" WC="0.96" CONTENT="principen"/><SP WIDTH="18" VPOS="1160" HPOS="444"/>
							<String ID="string_323" HPOS="462" VPOS="1163" WIDTH="23" HEIGHT="18" WC="0.93" CONTENT="är"/><SP WIDTH="15" VPOS="1163" HPOS="485"/>
							<String ID="string_324" HPOS="500" VPOS="1160" WIDTH="90" HEIGHT="27" WC="0.88" CONTENT="afgjord."/><SP WIDTH="26" VPOS="1160" HPOS="590"/>
							<String ID="string_325" HPOS="616" VPOS="1161" WIDTH="61" HEIGHT="20" WC="0.92" CONTENT="Hvad"/><SP WIDTH="16" VPOS="1161" HPOS="677"/>
							<String ID="string_326" HPOS="693" VPOS="1161" WIDTH="75" HEIGHT="26" WC="0.91" CONTENT="själfva"/><SP WIDTH="16" VPOS="1161" HPOS="768"/>
							<String ID="string_327" HPOS="784" VPOS="1161" WIDTH="66" HEIGHT="20" WC="0.96" CONTENT="saken"/><SP WIDTH="12" VPOS="1161" HPOS="850"/>
							<String ID="string_328" HPOS="862" VPOS="1161" WIDTH="106" HEIGHT="24" WC="0.96" CONTENT="beträffar,"/><SP WIDTH="10" VPOS="1161" HPOS="968"/>
							<String ID="string_329" HPOS="978" VPOS="1161" WIDTH="38" HEIGHT="21" WC="0.96" CONTENT="ber"/>
						</TextLine>
						<TextLine ID="line_34" HPOS="185" VPOS="1188" WIDTH="830" HEIGHT="28">
							<String ID="string_330" HPOS="185" VPOS="1188" WIDTH="37" HEIGHT="27" WC="0.95" CONTENT="jag"/><SP WIDTH="24" VPOS="1188" HPOS="222"/>
							<String ID="string_331" HPOS="246" VPOS="1189" WIDTH="21" HEIGHT="20" WC="0.95" CONTENT="få"/><SP WIDTH="23" VPOS="1189" HPOS="267"/>
							<String ID="string_332" HPOS="290" VPOS="1189" WIDTH="88" HEIGHT="26" WC="0.95" CONTENT="tillägga"/><SP WIDTH="15" VPOS="1189" HPOS="378"/>
							<String ID="string_333" HPOS="393" VPOS="1189" WIDTH="66" HEIGHT="26" WC="0.96" CONTENT="några"/><SP WIDTH="15" VPOS="1189" HPOS="459"/>
							<String ID="string_334" HPOS="474" VPOS="1189" WIDTH="43" HEIGHT="21" WC="0.96" CONTENT="ord."/><SP WIDTH="31" VPOS="1189" HPOS="517"/>
							<String ID="string_335" HPOS="548" VPOS="1189" WIDTH="74" HEIGHT="21" WC="0.83" CONTENT="Såsom"/><SP WIDTH="14" VPOS="1189" HPOS="622"/>
							<String ID="string_336" HPOS="636" VPOS="1189" WIDTH="38" HEIGHT="26" WC="0.96" CONTENT="jag"/><SP WIDTH="15" VPOS="1189" HPOS="674"/>
							<String ID="string_337" HPOS="689" VPOS="1189" WIDTH="64" HEIGHT="21" WC="0.93" CONTENT="redan"/><SP WIDTH="17" VPOS="1189" HPOS="753"/>
							<String ID="string_338" HPOS="770" VPOS="1189" WIDTH="77" HEIGHT="27" WC="0.92" CONTENT="antydt"/><SP WIDTH="14" VPOS="1189" HPOS="847"/>
							<String ID="string_339" HPOS="861" VPOS="1195" WIDTH="62" HEIGHT="15" WC="0.96" CONTENT="anser"/><SP WIDTH="13" VPOS="1195" HPOS="923"/>
							<String ID="string_340" HPOS="936" VPOS="1189" WIDTH="37" HEIGHT="27" WC="0.96" CONTENT="jag"/><SP WIDTH="15" VPOS="1189" HPOS="973"/>
							<String ID="string_341" HPOS="988" VPOS="1190" WIDTH="27" HEIGHT="21" WC="0.96" CONTENT="de"/>
						</TextLine>
						<TextLine ID="line_35" HPOS="187" VPOS="1217" WIDTH="828" HEIGHT="27">
							<String ID="string_342" HPOS="187" VPOS="1217" WIDTH="128" HEIGHT="26" WC="0.91" CONTENT="principiela"/><SP WIDTH="24" VPOS="1217" HPOS="315"/>
							<String ID="string_343" HPOS="339" VPOS="1217" WIDTH="158" HEIGHT="27" WC="0.96" CONTENT="invändningar,"/><SP WIDTH="23" VPOS="1217" HPOS="497"/>
							<String ID="string_344" HPOS="520" VPOS="1224" WIDTH="45" HEIGHT="15" WC="0.96" CONTENT="som"/><SP WIDTH="24" VPOS="1224" HPOS="565"/>
							<String ID="string_345" HPOS="589" VPOS="1217" WIDTH="39" HEIGHT="21" WC="0.96" CONTENT="här"/><SP WIDTH="16" VPOS="1217" HPOS="628"/>
							<String ID="string_346" HPOS="644" VPOS="1218" WIDTH="39" HEIGHT="21" WC="0.96" CONTENT="och"/><SP WIDTH="16" VPOS="1218" HPOS="683"/>
							<String ID="string_347" HPOS="699" VPOS="1218" WIDTH="141" HEIGHT="21" WC="0.96" CONTENT="annorstädes"/><SP WIDTH="16" VPOS="1218" HPOS="840"/>
							<String ID="string_348" HPOS="856" VPOS="1217" WIDTH="69" HEIGHT="22" WC="0.95" CONTENT="blifvit"/><SP WIDTH="15" VPOS="1217" HPOS="925"/>
							<String ID="string_349" HPOS="940" VPOS="1218" WIDTH="75" HEIGHT="26" WC="0.95" CONTENT="gjorda"/>
						</TextLine>
						<TextLine ID="line_36" HPOS="187" VPOS="1245" WIDTH="827" HEIGHT="28">
							<String ID="string_350" HPOS="187" VPOS="1247" WIDTH="46" HEIGHT="20" WC="0.96" CONTENT="mot"/><SP WIDTH="22" VPOS="1247" HPOS="233"/>
							<String ID="string_351" HPOS="255" VPOS="1245" WIDTH="137" HEIGHT="27" WC="0.92" CONTENT="obligatorisk"/><SP WIDTH="25" VPOS="1245" HPOS="392"/>
							<String ID="string_352" HPOS="417" VPOS="1246" WIDTH="136" HEIGHT="24" WC="0.96" CONTENT="vaccination,"/><SP WIDTH="17" VPOS="1246" HPOS="553"/>
							<String ID="string_353" HPOS="570" VPOS="1246" WIDTH="34" HEIGHT="21" WC="0.96" CONTENT="för"/><SP WIDTH="15" VPOS="1246" HPOS="604"/>
							<String ID="string_354" HPOS="619" VPOS="1246" WIDTH="46" HEIGHT="22" WC="0.96" CONTENT="icke"/><SP WIDTH="16" VPOS="1246" HPOS="665"/>
							<String ID="string_355" HPOS="681" VPOS="1246" WIDTH="103" HEIGHT="22" WC="0.95" CONTENT="hållbara."/><SP WIDTH="31" VPOS="1246" HPOS="784"/>
							<String ID="string_356" HPOS="815" VPOS="1246" WIDTH="82" HEIGHT="27" WC="0.95" CONTENT="Nyttan"/><SP WIDTH="16" VPOS="1246" HPOS="897"/>
							<String ID="string_357" HPOS="913" VPOS="1247" WIDTH="22" HEIGHT="21" WC="0.93" CONTENT="af"/><SP WIDTH="13" VPOS="1247" HPOS="935"/>
							<String ID="string_358" HPOS="948" VPOS="1247" WIDTH="66" HEIGHT="21" WC="0.88" CONTENT="vacci-"/>
						</TextLine>
						<TextLine ID="line_37" HPOS="187" VPOS="1274" WIDTH="831" HEIGHT="28">
							<String ID="string_359" HPOS="187" VPOS="1274" WIDTH="101" HEIGHT="21" WC="0.96" CONTENT="nationen"/><SP WIDTH="23" VPOS="1274" HPOS="288"/>
							<String ID="string_360" HPOS="311" VPOS="1276" WIDTH="24" HEIGHT="19" WC="0.96" CONTENT="är"/><SP WIDTH="20" VPOS="1276" HPOS="335"/>
							<String ID="string_361" HPOS="355" VPOS="1274" WIDTH="22" HEIGHT="21" WC="0.96" CONTENT="af"/><SP WIDTH="22" VPOS="1274" HPOS="377"/>
							<String ID="string_362" HPOS="399" VPOS="1275" WIDTH="71" HEIGHT="26" WC="0.96" CONTENT="hvarje"/><SP WIDTH="21" VPOS="1275" HPOS="470"/>
							<String ID="string_363" HPOS="491" VPOS="1275" WIDTH="97" HEIGHT="21" WC="0.96" CONTENT="fackman"/><SP WIDTH="18" VPOS="1275" HPOS="588"/>
							<String ID="string_364" HPOS="606" VPOS="1275" WIDTH="80" HEIGHT="21" WC="0.51" CONTENT="erkänd"/><SP WIDTH="15" VPOS="1275" HPOS="686"/>
							<String ID="string_365" HPOS="701" VPOS="1282" WIDTH="44" HEIGHT="14" WC="0.96" CONTENT="som"/><SP WIDTH="18" VPOS="1282" HPOS="745"/>
							<String ID="string_366" HPOS="763" VPOS="1275" WIDTH="138" HEIGHT="27" WC="0.96" CONTENT="obestridlig;"/><SP WIDTH="18" VPOS="1275" HPOS="901"/>
							<String ID="string_367" HPOS="919" VPOS="1275" WIDTH="57" HEIGHT="21" WC="0.95" CONTENT="faran"/><SP WIDTH="16" VPOS="1275" HPOS="976"/>
							<String ID="string_368" HPOS="992" VPOS="1276" WIDTH="26" HEIGHT="20" WC="0.96" CONTENT="af"/>
						</TextLine>
						<TextLine ID="line_38" HPOS="187" VPOS="1303" WIDTH="829" HEIGHT="27">
							<String ID="string_369" HPOS="187" VPOS="1303" WIDTH="159" HEIGHT="21" WC="0.96" CONTENT="vaccinationen"/><SP WIDTH="17" VPOS="1303" HPOS="346"/>
							<String ID="string_370" HPOS="363" VPOS="1305" WIDTH="24" HEIGHT="19" WC="0.96" CONTENT="är"/><SP WIDTH="15" VPOS="1305" HPOS="387"/>
							<String ID="string_371" HPOS="402" VPOS="1305" WIDTH="76" HEIGHT="25" WC="0.96" CONTENT="ytterst"/><SP WIDTH="15" VPOS="1305" HPOS="478"/>
							<String ID="string_372" HPOS="493" VPOS="1304" WIDTH="65" HEIGHT="26" WC="0.95" CONTENT="ringa."/><SP WIDTH="22" VPOS="1304" HPOS="558"/>
							<String ID="string_373" HPOS="580" VPOS="1304" WIDTH="42" HEIGHT="26" WC="0.96" CONTENT="Jag"/><SP WIDTH="16" VPOS="1304" HPOS="622"/>
							<String ID="string_374" HPOS="638" VPOS="1304" WIDTH="41" HEIGHT="20" WC="0.97" CONTENT="kan"/><SP WIDTH="17" VPOS="1304" HPOS="679"/>
							<String ID="string_375" HPOS="696" VPOS="1304" WIDTH="135" HEIGHT="26" WC="0.95" CONTENT="naturligtvis"/><SP WIDTH="16" VPOS="1304" HPOS="831"/>
							<String ID="string_376" HPOS="847" VPOS="1304" WIDTH="46" HEIGHT="20" WC="0.96" CONTENT="icke"/><SP WIDTH="10" VPOS="1304" HPOS="893"/>
							<String ID="string_377" HPOS="903" VPOS="1304" WIDTH="56" HEIGHT="26" WC="0.95" CONTENT="gifva"/><SP WIDTH="14" VPOS="1304" HPOS="959"/>
							<String ID="string_378" HPOS="973" VPOS="1305" WIDTH="43" HEIGHT="25" WC="0.96" CONTENT="mig"/>
						</TextLine>
						<TextLine ID="line_39" HPOS="185" VPOS="1332" WIDTH="830" HEIGHT="26">
							<String ID="string_379" HPOS="185" VPOS="1332" WIDTH="22" HEIGHT="20" WC="0.96" CONTENT="in"/><SP WIDTH="16" VPOS="1332" HPOS="207"/>
							<String ID="string_380" HPOS="223" VPOS="1332" WIDTH="28" HEIGHT="26" WC="0.96" CONTENT="på"/><SP WIDTH="16" VPOS="1332" HPOS="251"/>
							<String ID="string_381" HPOS="267" VPOS="1338" WIDTH="25" HEIGHT="14" WC="0.96" CONTENT="en"/><SP WIDTH="16" VPOS="1338" HPOS="292"/>
							<String ID="string_382" HPOS="308" VPOS="1332" WIDTH="124" HEIGHT="26" WC="0.96" CONTENT="utförligare"/><SP WIDTH="17" VPOS="1332" HPOS="432"/>
							<String ID="string_383" HPOS="449" VPOS="1332" WIDTH="117" HEIGHT="21" WC="0.96" CONTENT="diskussion"/><SP WIDTH="17" VPOS="1332" HPOS="566"/>
							<String ID="string_384" HPOS="583" VPOS="1332" WIDTH="27" HEIGHT="26" WC="0.96" CONTENT="på"/><SP WIDTH="17" VPOS="1332" HPOS="610"/>
							<String ID="string_385" HPOS="627" VPOS="1332" WIDTH="25" HEIGHT="21" WC="0.96" CONTENT="de"/><SP WIDTH="12" VPOS="1332" HPOS="652"/>
							<String ID="string_386" HPOS="664" VPOS="1332" WIDTH="129" HEIGHT="22" WC="0.96" CONTENT="medicinska"/><SP WIDTH="12" VPOS="1332" HPOS="793"/>
							<String ID="string_387" HPOS="805" VPOS="1333" WIDTH="101" HEIGHT="21" WC="0.96" CONTENT="områden"/><SP WIDTH="14" VPOS="1333" HPOS="906"/>
							<String ID="string_388" HPOS="920" VPOS="1338" WIDTH="44" HEIGHT="15" WC="0.96" CONTENT="som"/><SP WIDTH="11" VPOS="1338" HPOS="964"/>
							<String ID="string_389" HPOS="975" VPOS="1332" WIDTH="40" HEIGHT="22" WC="0.96" CONTENT="här"/>
						</TextLine>
						<TextLine ID="line_40" HPOS="185" VPOS="1360" WIDTH="830" HEIGHT="28">
							<String ID="string_390" HPOS="185" VPOS="1360" WIDTH="22" HEIGHT="21" WC="0.96" CONTENT="af"/><SP WIDTH="23" VPOS="1360" HPOS="207"/>
							<String ID="string_391" HPOS="230" VPOS="1366" WIDTH="26" HEIGHT="15" WC="0.96" CONTENT="en"/><SP WIDTH="24" VPOS="1366" HPOS="256"/>
							<String ID="string_392" HPOS="280" VPOS="1360" WIDTH="33" HEIGHT="21" WC="0.96" CONTENT="del"/><SP WIDTH="16" VPOS="1360" HPOS="313"/>
							<String ID="string_393" HPOS="329" VPOS="1360" WIDTH="68" HEIGHT="22" WC="0.96" CONTENT="talare"/><SP WIDTH="16" VPOS="1360" HPOS="397"/>
							<String ID="string_394" HPOS="413" VPOS="1360" WIDTH="67" HEIGHT="22" WC="0.96" CONTENT="blifvit"/><SP WIDTH="15" VPOS="1360" HPOS="480"/>
							<String ID="string_395" HPOS="495" VPOS="1361" WIDTH="97" HEIGHT="27" WC="0.96" CONTENT="berörda,"/><SP WIDTH="16" VPOS="1361" HPOS="592"/>
							<String ID="string_396" HPOS="608" VPOS="1361" WIDTH="69" HEIGHT="21" WC="0.96" CONTENT="såsom"/><SP WIDTH="17" VPOS="1361" HPOS="677"/>
							<String ID="string_397" HPOS="694" VPOS="1367" WIDTH="33" HEIGHT="15" WC="0.90" CONTENT="om"/><SP WIDTH="16" VPOS="1367" HPOS="727"/>
							<String ID="string_398" HPOS="743" VPOS="1360" WIDTH="122" HEIGHT="22" WC="0.90" CONTENT="skrofulösa"/><SP WIDTH="15" VPOS="1360" HPOS="865"/>
							<String ID="string_399" HPOS="880" VPOS="1360" WIDTH="135" HEIGHT="28" WC="0.96" CONTENT="sjukdomars"/>
						</TextLine>
						<TextLine ID="line_41" HPOS="185" VPOS="1388" WIDTH="828" HEIGHT="28">
							<String ID="string_400" HPOS="185" VPOS="1388" WIDTH="155" HEIGHT="28" WC="0.96" CONTENT="fortplantning"/><SP WIDTH="32" VPOS="1388" HPOS="340"/>
							<String ID="string_401" HPOS="372" VPOS="1396" WIDTH="75" HEIGHT="20" WC="0.95" CONTENT="genom"/><SP WIDTH="27" VPOS="1396" HPOS="447"/>
							<String ID="string_402" HPOS="474" VPOS="1390" WIDTH="131" HEIGHT="20" WC="0.35" CONTENT="vaccination"/><SP WIDTH="27" VPOS="1390" HPOS="605"/>
							<String ID="string_403" HPOS="632" VPOS="1396" WIDTH="34" HEIGHT="14" WC="0.92" CONTENT="om"/><SP WIDTH="23" VPOS="1396" HPOS="666"/>
							<String ID="string_404" HPOS="689" VPOS="1390" WIDTH="95" HEIGHT="20" WC="0.92" CONTENT="vilkoren"/><SP WIDTH="24" VPOS="1390" HPOS="784"/>
							<String ID="string_405" HPOS="808" VPOS="1390" WIDTH="32" HEIGHT="20" WC="0.96" CONTENT="för"/><SP WIDTH="25" VPOS="1390" HPOS="840"/>
							<String ID="string_406" HPOS="865" VPOS="1390" WIDTH="148" HEIGHT="26" WC="0.94" CONTENT="diagnostiken"/>
						</TextLine>
						<TextLine ID="line_42" HPOS="185" VPOS="1418" WIDTH="828" HEIGHT="27">
							<String ID="string_407" HPOS="185" VPOS="1424" WIDTH="18" HEIGHT="14" WC="0.88" CONTENT="0."/><SP WIDTH="16" VPOS="1424" HPOS="203"/>
							<String ID="string_408" HPOS="219" VPOS="1424" WIDTH="17" HEIGHT="14" WC="0.96" CONTENT="s."/><SP WIDTH="17" VPOS="1424" HPOS="236"/>
							<String ID="string_409" HPOS="253" VPOS="1424" WIDTH="19" HEIGHT="15" WC="0.70" CONTENT="v."/><SP WIDTH="31" VPOS="1424" HPOS="272"/>
							<String ID="string_410" HPOS="303" VPOS="1418" WIDTH="42" HEIGHT="20" WC="0.96" CONTENT="Det"/><SP WIDTH="15" VPOS="1418" HPOS="345"/>
							<String ID="string_411" HPOS="360" VPOS="1420" WIDTH="24" HEIGHT="18" WC="0.96" CONTENT="är"/><SP WIDTH="15" VPOS="1420" HPOS="384"/>
							<String ID="string_412" HPOS="399" VPOS="1424" WIDTH="25" HEIGHT="14" WC="0.96" CONTENT="en"/><SP WIDTH="17" VPOS="1424" HPOS="424"/>
							<String ID="string_413" HPOS="441" VPOS="1418" WIDTH="27" HEIGHT="27" WC="0.92" CONTENT="pä"/><SP WIDTH="14" VPOS="1418" HPOS="468"/>
							<String ID="string_414" HPOS="482" VPOS="1418" WIDTH="138" HEIGHT="27" WC="0.91" CONTENT="obestridliga"/><SP WIDTH="15" VPOS="1418" HPOS="620"/>
							<String ID="string_415" HPOS="635" VPOS="1419" WIDTH="59" HEIGHT="21" WC="0.97" CONTENT="fakta"/><SP WIDTH="10" VPOS="1419" HPOS="694"/>
							<String ID="string_416" HPOS="704" VPOS="1418" WIDTH="98" HEIGHT="26" WC="0.96" CONTENT="grundad"/><SP WIDTH="11" VPOS="1418" HPOS="802"/>
							<String ID="string_417" HPOS="813" VPOS="1418" WIDTH="122" HEIGHT="22" WC="0.96" CONTENT="erfarenhet"/><SP WIDTH="11" VPOS="1418" HPOS="935"/>
							<String ID="string_418" HPOS="946" VPOS="1420" WIDTH="30" HEIGHT="19" WC="0.97" CONTENT="att"/><SP WIDTH="12" VPOS="1420" HPOS="976"/>
							<String ID="string_419" HPOS="988" VPOS="1425" WIDTH="25" HEIGHT="14" WC="0.96" CONTENT="en"/>
						</TextLine>
						<TextLine ID="line_43" HPOS="185" VPOS="1446" WIDTH="829" HEIGHT="27">
							<String ID="string_420" HPOS="185" VPOS="1446" WIDTH="146" HEIGHT="26" WC="0.96" CONTENT="omsorgsfullt"/><SP WIDTH="20" VPOS="1446" HPOS="331"/>
							<String ID="string_421" HPOS="351" VPOS="1446" WIDTH="72" HEIGHT="22" WC="0.96" CONTENT="utförd"/><SP WIDTH="17" VPOS="1446" HPOS="423"/>
							<String ID="string_422" HPOS="440" VPOS="1447" WIDTH="129" HEIGHT="21" WC="0.96" CONTENT="vaccination"/><SP WIDTH="17" VPOS="1447" HPOS="569"/>
							<String ID="string_423" HPOS="586" VPOS="1447" WIDTH="18" HEIGHT="26" WC="0.96" CONTENT="ej"/><SP WIDTH="15" VPOS="1447" HPOS="604"/>
							<String ID="string_424" HPOS="619" VPOS="1447" WIDTH="81" HEIGHT="21" WC="0.96" CONTENT="medför"/><SP WIDTH="16" VPOS="1447" HPOS="700"/>
							<String ID="string_425" HPOS="716" VPOS="1448" WIDTH="69" HEIGHT="25" WC="0.96" CONTENT="någon"/><SP WIDTH="17" VPOS="1448" HPOS="785"/>
							<String ID="string_426" HPOS="802" VPOS="1453" WIDTH="69" HEIGHT="15" WC="0.96" CONTENT="annan"/><SP WIDTH="17" VPOS="1453" HPOS="871"/>
							<String ID="string_427" HPOS="888" VPOS="1449" WIDTH="26" HEIGHT="19" WC="0.96" CONTENT="än"/><SP WIDTH="17" VPOS="1449" HPOS="914"/>
							<String ID="string_428" HPOS="931" VPOS="1453" WIDTH="24" HEIGHT="15" WC="0.92" CONTENT="en"/><SP WIDTH="18" VPOS="1453" HPOS="955"/>
							<String ID="string_429" HPOS="973" VPOS="1447" WIDTH="41" HEIGHT="21" WC="0.92" CONTENT="för-"/>
						</TextLine>
						<TextLine ID="line_44" HPOS="185" VPOS="1474" WIDTH="827" HEIGHT="28">
							<String ID="string_430" HPOS="185" VPOS="1475" WIDTH="117" HEIGHT="21" WC="0.92" CONTENT="svinnande"/><SP WIDTH="16" VPOS="1475" HPOS="302"/>
							<String ID="string_431" HPOS="318" VPOS="1474" WIDTH="51" HEIGHT="22" WC="0.96" CONTENT="liten"/><SP WIDTH="16" VPOS="1474" HPOS="369"/>
							<String ID="string_432" HPOS="385" VPOS="1475" WIDTH="51" HEIGHT="27" WC="0.96" CONTENT="fara,"/><SP WIDTH="16" VPOS="1475" HPOS="436"/>
							<String ID="string_433" HPOS="452" VPOS="1478" WIDTH="32" HEIGHT="18" WC="0.96" CONTENT="att"/><SP WIDTH="16" VPOS="1478" HPOS="484"/>
							<String ID="string_434" HPOS="500" VPOS="1476" WIDTH="39" HEIGHT="20" WC="0.96" CONTENT="den"/><SP WIDTH="16" VPOS="1476" HPOS="539"/>
							<String ID="string_435" HPOS="555" VPOS="1476" WIDTH="47" HEIGHT="20" WC="0.96" CONTENT="icke"/><SP WIDTH="16" VPOS="1476" HPOS="602"/>
							<String ID="string_436" HPOS="618" VPOS="1476" WIDTH="81" HEIGHT="20" WC="0.96" CONTENT="medför"/><SP WIDTH="16" VPOS="1476" HPOS="699"/>
							<String ID="string_437" HPOS="715" VPOS="1482" WIDTH="36" HEIGHT="15" WC="0.96" CONTENT="ens"/><SP WIDTH="16" VPOS="1482" HPOS="751"/>
							<String ID="string_438" HPOS="767" VPOS="1476" WIDTH="24" HEIGHT="21" WC="0.96" CONTENT="så"/><SP WIDTH="16" VPOS="1476" HPOS="791"/>
							<String ID="string_439" HPOS="807" VPOS="1476" WIDTH="89" HEIGHT="26" WC="0.96" CONTENT="mycken"/><SP WIDTH="14" VPOS="1476" HPOS="896"/>
							<String ID="string_440" HPOS="910" VPOS="1476" WIDTH="46" HEIGHT="20" WC="0.96" CONTENT="fara"/><SP WIDTH="11" VPOS="1476" HPOS="956"/>
							<String ID="string_441" HPOS="967" VPOS="1482" WIDTH="45" HEIGHT="15" WC="0.96" CONTENT="som"/>
						</TextLine>
						<TextLine ID="line_45" HPOS="184" VPOS="1503" WIDTH="828" HEIGHT="28">
							<String ID="string_442" HPOS="184" VPOS="1504" WIDTH="160" HEIGHT="26" WC="0.92" CONTENT="applicerandet"/><SP WIDTH="23" VPOS="1504" HPOS="344"/>
							<String ID="string_443" HPOS="367" VPOS="1503" WIDTH="22" HEIGHT="21" WC="0.96" CONTENT="af"/><SP WIDTH="14" VPOS="1503" HPOS="389"/>
							<String ID="string_444" HPOS="403" VPOS="1506" WIDTH="30" HEIGHT="19" WC="0.93" CONTENT="ett"/><SP WIDTH="16" VPOS="1506" HPOS="433"/>
							<String ID="string_445" HPOS="449" VPOS="1504" WIDTH="117" HEIGHT="26" WC="0.92" CONTENT="kopphorn."/><SP WIDTH="30" VPOS="1504" HPOS="566"/>
							<String ID="string_446" HPOS="596" VPOS="1504" WIDTH="42" HEIGHT="27" WC="0.96" CONTENT="Jag"/><SP WIDTH="15" VPOS="1504" HPOS="638"/>
							<String ID="string_447" HPOS="653" VPOS="1510" WIDTH="62" HEIGHT="16" WC="0.96" CONTENT="anser"/><SP WIDTH="15" VPOS="1510" HPOS="715"/>
							<String ID="string_448" HPOS="730" VPOS="1504" WIDTH="47" HEIGHT="21" WC="0.96" CONTENT="icke"/><SP WIDTH="15" VPOS="1504" HPOS="777"/>
							<String ID="string_449" HPOS="792" VPOS="1504" WIDTH="67" HEIGHT="21" WC="0.96" CONTENT="heller"/><SP WIDTH="16" VPOS="1504" HPOS="859"/>
							<String ID="string_450" HPOS="875" VPOS="1504" WIDTH="40" HEIGHT="21" WC="0.93" CONTENT="den"/><SP WIDTH="15" VPOS="1504" HPOS="915"/>
							<String ID="string_451" HPOS="930" VPOS="1504" WIDTH="82" HEIGHT="26" WC="0.91" CONTENT="åsigten"/>
						</TextLine>
					</TextBlock>
				</ComposedBlock>
			</PrintSpace>
		</Page>
	</Layout>
</alto>
