1117 1781
233 127 42 21 272
420 132 162 18 Presteständet
594 133 58 16 1882.
678 132 27 17 24
717 132 98 18 februari.

242 269 146 34 Fredagen
408 269 54 26 den
482 269 38 26 24
538 269 127 26 februari
684 269 41 27 kl.
747 269 26 26 11
791 269 203 34 förmiddagen.

273 355 169 21 Sammanträdet
457 355 107 27 öppnades
581 355 47 20 med
641 355 21 20 af
673 355 194 26 kontraktsprosten
885 354 148 28 Wegelius

202 383 27 28 på
245 384 91 20 svenska
352 384 84 27 språket
452 383 68 21 hållen
538 383 46 21 bön.

274 503 41 21 Vid
339 503 50 21 derå
412 503 91 21 anstäldt
526 510 80 20 upprop
624 503 104 21 befunnos
744 503 97 27 samtlige
857 503 176 20 ståndsmedlem-

204 539 46 14 mar
266 532 131 21 närvarande
420 532 47 20 med
488 531 110 27 undantag
613 532 21 20 af
650 531 105 28 professor
771 531 25 21 Y.
812 531 157 26 Koskinen,
986 537 46 14 som

203 560 22 21 af
241 561 98 26 sjukdom
356 560 108 21 anmäldes
481 567 47 14 vara
544 561 122 20 förhindrad
684 563 29 18 att
728 560 81 21 infinna
825 561 38 26 sig.

276 692 112 27 Upplästes
410 692 29 21 till
455 692 104 27 justering
574 693 39 20 och
629 692 122 25 godkändes
767 691 192 28 protokollsutdrag
974 691 59 20 öfver

205 720 96 21 ståndets
317 721 34 20 vid
367 723 82 18 senaste
465 720 85 27 plenum
567 721 79 20 fattade
663 721 73 20 beslut.

276 851 56 21 Herr
347 851 173 22 Talmannen
537 852 97 20 anmälde
651 854 29 18 att
696 853 4 19 i
718 851 231 22 talmanskonferensen
964 851 69 20 beslu-

207 880 44 24 tits,
267 880 36 21 det
318 880 68 21 under
402 880 139 27 nästföljande
557 881 65 20 vecka
639 881 84 20 komme
738 883 30 18 att
784 880 66 20 hållas
865 879 74 21 endast
951 881 28 19 ett
990 879 42 27 ple-

206 914 59 19 num,
289 908 105 27 nämligen
418 915 33 14 om
475 909 95 27 tisdagen
591 909 26 20 kl.
634 909 24 20 11
676 909 12 20 f.
705 915 32 16 m.,
753 909 26 27 på
795 909 35 20 det
847 908 104 21 utskotten
968 908 64 20 måtte

207 937 89 20 beredas
312 937 91 27 behöflig
418 937 28 21 tid
463 937 32 21 för
510 938 46 20 sina
572 937 92 21 arbeten.

277 1069 55 20 Herr
348 1069 167 21 Talmannen
538 1069 140 27 tillkännagaf
694 1069 77 25 vidare,
787 1071 29 18 att
832 1068 201 26 diskussionsproto-

206 1097 72 20 kollen
295 1097 30 21 till
342 1097 39 21 och
397 1097 46 21 med
460 1097 40 22 den
518 1099 27 19 14
560 1097 92 21 februari
670 1104 48 14 vore
737 1097 80 27 färdiga
833 1099 55 18 samt
903 1095 130 28 tillgängliga

206 1125 6 20 i
228 1125 39 21 och
285 1126 32 20 för
331 1126 103 27 justering
450 1127 30 20 uti
496 1126 94 21 ståndets
606 1126 74 21 kansli.

277 1262 116 28 Föredrogs
416 1263 90 21 härefter
526 1263 60 21 Hans
605 1263 118 27 Kejserliga
743 1263 109 27 Majestäts
868 1262 76 27 nådiga
961 1268 73 21 propo-

206 1291 64 21 sition
287 1291 40 21 N:o
344 1292 26 20 38
387 1292 107 26 angående
510 1292 180 26 stämpelpappers
705 1291 122 27 bevillning.

277 1348 56 21 Herr
347 1348 169 21 Talmannen
534 1348 130 25 meddelade,
680 1351 29 19 att
722 1348 234 21 talmanskonferensen
967 1349 68 19 ansett

206 1376 73 21 denna
294 1377 134 27 proposition,
445 1377 24 27 på
485 1379 40 19 sätt
541 1377 34 20 vid
592 1377 125 27 föregående
732 1376 102 27 landtdag
845 1376 53 21 varit
907 1376 66 26 fallet,
985 1376 49 20 böra

206 1406 120 20 remitteras
341 1405 32 21 till
389 1406 56 20 såväl
460 1408 60 18 stats-
536 1412 45 14 som
599 1406 236 26 bevillningsutskottet.

278 1462 109 21 Professor
411 1462 83 21 Cleve
520 1463 109 20 anmärkte
649 1464 35 25 att,
705 1462 27 21 då
747 1462 71 20 denna
834 1462 128 27 proposition
978 1463 57 19 ännu

207 1491 18 26 ej
244 1490 64 21 bland
325 1491 239 21 ståndsmedlemmarne
581 1498 37 13 var
633 1491 91 26 utdelad,
741 1491 36 20 det
793 1490 58 21 torde
867 1497 50 14 vara
933 1489 57 21 svårt
1006 1492 30 18 att

207 1519 73 21 skrida
296 1520 31 20 till
344 1519 133 21 densammas
492 1520 74 20 remiss
582 1519 32 21 till
631 1520 84 20 utskott.
