1117 1781
303 126 161 18 Presteståndet
478 127 56 16 1882.
559 126 23 17 21
596 126 97 17 februari.
837 121 40 20 267

148 195 117 27 Föredrogs
289 195 92 21 härefter
403 195 117 28 bordlagda
536 195 77 26 nådiga
629 195 156 27 propositionen
817 195 40 20 N:o
874 195 33 24 37,

78 224 110 27 angående
204 224 73 27 anslag
293 224 20 20 af
330 224 198 26 bevillningsmedel
544 224 33 21 för
592 223 155 21 folkskolornas
763 223 5 20 i
785 223 72 21 landet
868 229 39 14 un-

80 253 79 20 derhåll
175 255 55 18 samt
245 252 32 21 för
292 253 150 26 pensionering
458 253 21 20 af
494 253 40 20 den
552 253 34 19 vid
603 252 61 21 dessa
680 252 71 21 skolor
766 252 96 20 anstälda
878 251 29 21 lä-

80 281 150 26 rarepersonal.
261 281 54 20 Herr
331 281 155 21 Talmannen
503 281 125 20 meddelade
644 281 102 26 derjemte
761 282 30 19 att
807 280 99 21 talmans-

81 309 140 21 konferensen
245 312 68 18 ansett
337 309 160 27 ifrågavarande
514 309 110 27 kejserliga
642 309 128 27 proposition
787 309 120 27 lämpligast

81 337 50 21 böra
147 338 117 20 remitteras
280 338 30 20 till
327 338 159 21 statsutskottet.

149 395 88 20 Ståndet
253 395 67 20 beslöt
335 395 72 20 bifalla
424 395 248 21 talmanskonferensens
687 395 78 26 förslag
781 395 38 20 och
836 394 71 21 remit-

80 425 44 18 tera
141 423 76 28 nådiga
233 423 156 27 propositionen
405 423 40 21 N:o
462 425 26 19 37
505 424 30 20 till
552 424 160 20 statsutskottet.

150 567 56 21 Herr
227 567 161 21 Talmannen
413 567 99 21 anmälde
535 569 29 18 att
587 567 30 20 till
643 567 87 20 Ståndet
745 565 67 28 ingått
827 568 29 19 ett
873 565 34 22 be-

81 595 112 27 tänkande,
209 596 87 27 afgifvet
311 596 21 20 af
349 596 90 21 komitén
452 596 32 21 för
497 595 137 28 uppgörande
648 595 21 20 af
681 595 77 26 förslag
769 594 31 21 till
813 594 93 21 ändrade

80 624 129 27 stadganden
227 624 109 27 angående
351 625 185 27 jordaförändring
551 624 39 21 och
610 624 66 21 beslöt
692 623 87 22 Ståndet
798 625 29 19 att
843 623 63 27 sagde

81 653 132 20 betänkande
240 653 68 20 skulle
327 653 68 20 såsom
420 653 152 21 föranledande
596 652 28 21 till
649 653 62 26 ingen
735 652 71 20 vidare
829 651 78 28 åtgärd,

81 681 72 27 läggas
168 681 30 21 till
216 681 159 26 handlingarne.

149 813 118 28 Föredrogs
283 814 76 26 nådiga
374 814 158 27 propositionen
549 813 39 21 N:o
606 814 26 19 38
648 812 109 27 angående
768 812 140 27 stämpelpap-

82 849 48 20 pers
145 842 150 27 bevillningen.

150 899 116 21 Bordlades
282 899 30 20 till
330 901 58 19 nästa
406 899 92 27 plenum.

151 1043 100 26 Företogs
267 1043 30 20 till
314 1043 128 26 behandling
458 1043 76 27 nådiga
549 1043 154 27 propositionen
713 1043 40 20 N:o
763 1043 26 20 39
799 1041 109 28 angående

81 1071 81 21 inlösen
179 1071 22 21 af
217 1071 191 27 donationsgodsen
424 1072 6 20 i
448 1071 98 28 Wiborgs
563 1072 38 20 och
618 1071 30 21 S:t
664 1071 87 21 Michels
768 1071 45 21 län:

150 1128 117 21 Bordlades
283 1129 30 20 till
330 1131 58 18 nästa
405 1129 92 26 plenum.

151 1272 124 26 Föredrogs,
292 1272 106 27 upplästes
414 1272 37 20 och
469 1272 69 20 såsom
555 1271 152 21 föranledande
718 1271 31 20 till
761 1272 63 25 ingen
838 1270 71 20 vidare

82 1300 72 27 åtgärd
176 1300 59 20 lades
258 1300 31 21 till
310 1301 152 26 handlingarne
483 1300 93 27 följande
593 1300 45 20 från
656 1300 135 20 medständen
809 1299 100 20 inkompa

82 1329 201 27 protokollsutdrag:

151 1386 44 20 från
213 1386 153 27 Ridderskapet
381 1386 38 20 och
436 1386 62 20 adeln
517 1386 46 20 med
581 1385 162 21 underrättelse:

151 1445 30 19 att
206 1442 87 22 Ständet
317 1444 115 20 remitterat
455 1443 42 21 den
514 1443 21 20 af
550 1449 25 14 en
592 1443 32 20 för
640 1442 158 26 undersökning
813 1442 21 20 af
849 1444 61 18 stats-

81 1472 151 26 jernvägarnes
255 1471 123 27 trafikering
401 1472 44 20 från
462 1472 66 20 affärs
544 1472 40 20 och
600 1471 83 20 teknisk
700 1471 107 26 synpunkt
823 1470 87 20 tillsatta

82 1500 85 26 komité,
183 1500 92 27 afgifven
291 1500 133 27 redogörelse
441 1500 30 20 till
488 1500 160 20 statsutskottet.
