1117 1781
325 119 161 18 Presteståndet
498 120 58 17 1882.
582 120 23 16 18
617 124 63 12 mars.
853 114 36 21 521

95 189 91 26 dyrbara
207 188 43 21 kall
267 189 60 21 alltid
344 188 128 21 inskränkas
487 195 75 20 genom
578 195 26 14 en
620 195 70 14 massa
706 188 22 21 af
742 189 155 26 författningar,
914 188 6 20 i

94 217 72 21 hvilka
187 217 93 26 ständigt
299 217 50 26 ingå
365 217 74 21 orden:
456 217 160 22 vederbörande
631 220 59 23 prest
705 217 81 27 åligger
801 220 33 19 att
849 220 27 23 a),
892 217 28 26 b),

94 246 26 25 €),
144 246 29 26 d),
195 246 39 21 och
258 248 32 19 att
313 245 39 22 och
368 247 33 20 att
416 246 39 21 och
471 249 37 18 att.
540 246 66 21 Detta
621 247 24 19 är
661 247 31 20 ett
707 245 65 27 något
788 246 75 21 bittert
878 248 42 19 sätt

93 277 33 18 att
148 275 5 20 i
172 274 33 21 sin
220 276 35 19 tur
270 275 45 20 lära
331 275 36 20 det
383 273 69 22 finska
467 274 159 27 presterskapet
642 274 46 24 abc,
704 274 81 21 hvilket
800 275 36 21 det
851 274 70 21 finska

94 302 66 21 folket
179 303 24 20 af
224 303 159 26 presterskapet
406 303 40 21 fått
462 304 46 21 lära
520 304 38 25 sig.
590 303 28 21 Så
632 303 62 26 länge
709 303 67 21 folket
792 305 55 19 ännu
863 303 57 26 själft

94 332 18 26 ej
135 331 70 22 kunde
227 332 44 20 läsa
291 331 40 22 och
347 331 84 25 skrifva,
448 332 42 21 kan
506 338 48 15 man
570 331 57 21 finna
643 331 36 21 det
694 331 118 27 förklarligt
827 334 32 19 att
875 338 45 20 pre-

94 360 118 27 sterskapet
227 360 40 21 fått
283 359 46 22 föra
344 360 139 27 civilregister
498 361 59 20 öfver
572 360 41 21 den
630 360 75 26 mängd
721 360 23 21 af
755 360 163 26 förteckningar,

94 395 44 14 som
155 389 65 26 derpå
235 389 83 27 grunda
333 389 38 26 sig.
402 389 39 25 Då,
458 389 49 21 tack
523 395 49 14 vare
588 389 169 26 presterskapets
768 389 81 25 arbete,
861 392 58 18 snart

94 417 62 26 sagdt
171 417 52 22 hvar
239 423 47 15 man
302 417 71 21 kunde
389 417 55 22 både
459 417 45 22 läsa
520 417 39 22 och
575 417 85 26 skrifva,
676 419 24 20 är
712 417 35 22 det
760 417 37 22 det
807 420 54 19 mest
871 417 48 22 skä-

94 446 65 21 rande
181 446 84 27 intrång
288 446 27 26 på
338 448 122 24 presternas
484 447 51 26 dyra
558 446 40 21 och
612 446 71 26 heliga
698 445 43 22 kall
756 448 33 19 att
804 448 27 19 än
847 446 72 21 vidare

95 475 45 20 med
157 475 76 20 sådant
247 475 90 20 besvära
353 474 85 21 honom.

163 532 206 27 Kontraktsprosten
388 532 156 27 Grönberg:
576 533 42 20 Det
633 532 61 22 heter
712 533 2 20 i
731 539 62 15 mom.
809 533 27 26 c):
853 535 73 25 ,prest

93 561 81 27 åligger
189 563 32 19 att
235 561 32 21 uti
282 561 125 21 utfärdande
422 561 118 26 prestbevis
554 561 102 21 särskildt
670 561 74 24 införa,
760 561 104 21 huruvida
898 567 25 15 en

94 596 83 20 person,
199 590 34 21 för
255 589 84 22 hvilken
364 590 80 21 beviset
466 590 68 27 gäller
549 590 115 26 undergätt
679 591 141 20 vaccination”
837 597 18 14 o.
870 597 16 14 s.
903 596 17 13 v.

94 618 82 21 Hittills
199 619 40 20 har
262 621 85 24 presten
370 619 78 20 endast
470 619 30 21 uti
524 618 203 28 flyttningsattester
742 618 40 21 och
797 619 124 26 prestbetyg

93 647 32 20 för
141 647 112 26 intagande
273 647 6 20 i
295 647 100 21 skolorna
411 647 79 22 brukat
505 648 106 21 anteckna
627 647 65 21 detta.
724 647 41 21 Det
779 653 64 21 synes
857 653 64 20 unge-

94 676 32 20 fär
147 681 45 16 som
216 682 33 15 om
265 675 76 26 hvarje
357 675 125 28 frejdebevis
498 676 6 21 i
520 676 89 21 främsta
625 678 92 19 rummet
734 676 65 21 borde
815 676 108 21 innehålla

94 704 128 26 anteckning
245 711 32 14 om
302 704 105 21 förrättad
431 705 139 21 vaccination.
602 705 41 26 Jag
659 705 68 20 skulle
743 707 119 24 protestera
878 707 43 18 mot

96 733 72 21 vidare
190 733 125 26 åligganden
336 733 33 21 för
384 736 110 23 presterne
509 736 26 19 än
552 735 32 19 att
600 734 72 26 intaga
688 733 68 21 denna
771 733 129 26 anteckning
915 733 6 20 i

95 761 199 27 flyttningsattester
309 761 39 22 och
364 762 118 27 skolbetyg.

165 818 152 27 Kyrkoherden
334 819 146 21 Hirvinen:
513 819 51 21 Utaf
579 819 25 21 de
620 818 48 22 skäl
682 825 45 15 som
743 819 22 20 af
773 818 148 27 kyrkoherden

96 847 56 27 Lyra
167 847 65 21 redan
249 847 134 23 framhällits,
399 850 32 19 att
448 848 36 21 det
500 854 49 15 vore
564 848 34 21 för
613 854 25 15 en
655 850 59 24 prest
729 848 92 26 ogörligt
837 849 32 19 att
885 853 37 15 un-

97 876 37 20 der
149 876 40 21 den
205 876 30 21 tid
253 876 23 21 af
291 876 53 23 året,
361 877 26 20 då
403 876 41 21 han
461 877 6 20 i
484 876 26 21 de
525 876 62 21 flesta
602 875 149 28 församlingar
766 876 27 27 på
808 876 113 27 landsbyg-

97 905 39 20 den
158 906 57 20 ännu
237 906 24 19 är
284 907 106 24 upptagen
406 905 48 21 med
471 905 111 26 läsförhör,
599 905 64 20 hinna
679 907 95 24 uppgöra
789 911 25 14 en
831 905 91 21 förteck-

97 933 48 26 ning
161 933 60 21 öfver
236 933 139 22 vaccinerade
391 933 59 26 barn,
466 934 68 21 skulle
548 934 38 27 jag
600 933 34 22 för
650 934 42 21 min
708 933 34 21 del
757 939 50 16 anse
823 934 36 20 det
871 934 50 20 nöd-

96 962 86 26 vändigt
197 964 31 19 att
243 962 146 27 uppgörandet
407 962 22 21 af
444 963 69 20 denna
529 962 133 27 förteckning
686 962 67 21 skulle
776 963 38 20 ske
842 968 83 19 senare,

98 993 14 18 t.
129 997 30 14 ex.
176 991 5 20 i
198 991 74 26 början
287 991 22 20 af
320 991 47 26 juni
383 991 77 21 månad
476 991 52 21 eller
543 991 128 21 åtminstone
687 991 32 20 till
734 991 41 26 maj
791 991 87 25 månad;
895 991 27 21 då

96 1019 71 21 kunde
183 1022 84 24 presten
283 1019 65 21 redan
364 1019 63 21 hafva
443 1019 71 22 bättre
529 1019 30 22 tid
576 1021 26 19 än
619 1020 5 20 i
641 1025 62 15 mars.

164 1076 205 27 Kontraktsprosten
391 1077 143 21 Stenbäck:
572 1076 76 21 Niiden
665 1077 135 21 vaikeuksien
816 1076 105 21 välttämi-

96 1105 63 23 seksi,
172 1105 67 26 joihin
255 1105 141 21 kirkkoherra
411 1105 57 27 Lyra
483 1107 58 20 tässä
556 1111 27 15 on
600 1105 111 26 viitannut,
727 1105 57 21 minä
794 1105 128 24 ehdottelen,

96 1135 44 19 että
163 1134 152 21 määrättäisiin
338 1134 99 26 papiston
461 1134 187 21 velvollisuudeksi
673 1135 58 25 pitää
746 1134 175 21 kunnallisiauta-

96 1163 85 20 kunnan
204 1162 117 21 saatavissa
344 1162 71 21 kaikki
433 1169 26 14 ne
475 1163 71 26 kirjat,
560 1162 55 27 joita
634 1169 23 14 se
677 1163 98 21 tarvitsee
791 1162 130 21 laatiakseen

96 1192 58 19 tässä
176 1191 112 26 pykälässä
310 1191 120 27 säädettyjä
446 1191 117 27 luetteloja.
594 1191 27 21 Se
637 1197 26 15 on
680 1191 66 27 tietty,
763 1193 45 19 että
823 1191 98 26 papiston

97 1219 56 21 tulee
168 1221 58 19 tässä
241 1219 79 22 asiassa
335 1219 43 21 olla
393 1220 119 21 avullisena
527 1219 95 21 valtiolle
630 1220 23 26 ja
666 1219 256 25 kunnallishallitukselle,

97 1248 65 21 koska
185 1248 107 27 yksistään
308 1248 114 27 papistolla
437 1255 28 15 on
482 1248 159 22 siviililuettelo.
671 1249 27 21 Ja
711 1248 34 27 jos
760 1255 25 15 ne
802 1248 119 25 vaikeudet,

94 1277 55 26 joita
163 1277 139 21 kirkkoherra
317 1277 56 27 Lyra
389 1279 58 19 tässä
462 1284 28 14 on
506 1277 124 24 maininnut,
647 1277 47 21 sillä
708 1277 156 27 poistettaisiin,
879 1277 41 21 niin

97 1306 18 20 ei
138 1306 114 26 myöskään
269 1305 123 27 poikettaisi
408 1306 66 21 niistä
489 1306 153 27 periaatteista,
655 1306 56 26 joita
726 1306 85 21 hallitus
827 1312 26 15 on
870 1312 51 14 nou-

97 1334 99 21 dattanut
212 1334 127 22 laatiessaan
356 1336 72 19 tämän
444 1335 108 27 esityksen
571 1336 25 19 13
612 1336 19 25 $.

164 1391 90 21 Prosten
276 1392 180 26 Rosengren:
496 1392 71 21 Kuten
586 1394 106 22 tunnettu,
708 1392 77 26 käyvät
801 1392 43 20 niin
859 1397 62 15 sano-

96 1422 34 19 tut
149 1420 142 24 kirkonkirjat
313 1422 60 25 myös
394 1420 202 22 siviililuetteloista.
633 1420 27 22 Ja
675 1420 42 21 niin
733 1420 69 22 kauan
817 1420 51 21 kuin
884 1426 36 20 pa-

96 1449 69 26 piston
170 1444 8 36 '
186 1448 175 22 velvollisuutena
373 1454 28 16 on
416 1449 109 21 tällaisten
541 1449 186 27 siviililuettelojen
743 1448 176 25 valmistaminen,

96 1478 43 20 niin
154 1478 70 20 kauan
241 1477 117 21 kaiketikin
374 1477 132 22 luterilaisen
521 1478 149 21 seurakunnan
686 1478 91 26 pappien
793 1477 56 21 tulee
865 1479 56 25 täyt-

96 1507 36 19 tää
154 1512 27 14 ne
202 1506 168 26 velvollisuudet,
392 1506 53 26 joita
462 1506 66 21 heiltä
543 1506 77 22 näiden
636 1506 122 26 luettelojen
773 1506 88 21 suhteen
878 1506 43 20 voi-
