1117 1781
233 114 40 20 382
444 119 162 17 Presteständet
619 120 56 16 1882.
701 120 19 16 11
733 124 62 12 mars.

203 191 59 18 snart
283 195 28 14 nu
327 195 24 14 en
369 188 65 21 sådan
450 194 76 21 person
542 187 40 22 har
597 188 55 21 visat
665 190 31 19 ett
712 188 91 26 osedligt
819 188 39 21 och
874 189 106 24 vanartigt
995 187 37 22 lef-

203 217 104 20 nadssätt.
332 218 23 20 så
378 217 69 21 måste
463 217 33 20 väl
513 217 159 21 vederbörande
688 223 51 14 vara
755 217 134 26 berättigade
905 219 32 19 att
951 216 81 27 skydda

203 245 39 21 och
258 245 97 21 afskicka
370 252 26 14 en
409 245 65 22 sådan
491 251 84 21 person.
606 245 10 21 I
632 245 40 21 den
689 245 67 21 andra
772 246 11 26 $
799 245 68 26 gäller
883 246 36 20 det
930 245 39 21 den
978 251 54 20 egna

202 274 136 26 kommunen,
362 280 45 15 som
431 276 23 18 är
477 274 83 27 skyldig
583 276 33 18 att
639 276 50 24 taga
708 274 51 21 vård
775 280 34 14 om
825 274 47 21 sina
888 274 142 23 medlemmar,

202 302 40 21 och
259 303 92 26 tydligen
369 303 69 20 derför
453 302 39 21 har
509 309 46 14 man
572 302 45 27 här,
633 303 69 20 såvidt
719 303 36 20 det
769 302 68 26 gäller
847 303 140 26 anledningen
1000 301 31 22 till

201 331 126 26 ingripande
343 331 46 21 från
407 331 25 21 de
447 331 136 21 kommunala
598 331 187 27 myndigheternas
795 331 52 26 sida,
859 332 56 25 gjort
927 337 25 15 en
963 333 67 19 större

201 360 162 27 inskränkning.
393 360 107 21 Personen
516 359 54 22 skall
588 366 52 15 vara
655 359 108 28 sysslolös.
780 366 46 14 men
843 360 46 21 icke
900 360 55 21 blott
967 360 63 25 detta,

202 388 165 27 sysslolösheten
389 389 53 20 skall
458 388 61 21 äfven
535 388 63 21 hafva
614 388 106 27 öfvergått
735 388 32 21 till
784 394 59 20 vana,
860 395 25 14 en
901 395 54 14 vana
970 388 61 21 hvar-

202 417 48 21 med
266 417 128 21 kommunen
411 417 45 21 icke
473 417 67 24 råder,
556 418 24 20 så
596 420 32 18 att
644 417 35 21 det
695 417 5 21 i
716 417 149 21 lefnadssättet
875 417 157 21 klandervärda

201 445 47 21 icke
265 447 24 19 är
305 445 55 21 blott
376 445 116 27 någonting
507 445 109 27 tillfälligt.
648 446 65 21 Detta
728 446 89 20 innebär
827 446 82 21 således
921 448 30 19 ett
961 447 68 20 större

201 474 69 27 skydd
286 474 33 21 för
335 475 26 20 de
376 480 107 20 personer,
498 481 45 14 som
560 481 48 14 man
625 474 39 21 här
680 475 5 20 i
701 474 117 21 allmänhet
834 477 71 18 ansett
915 475 52 20 böra
980 476 50 25 taga

201 503 6 20 i
223 503 88 20 försvar.
341 503 41 26 Jag
397 505 45 18 tror
458 505 32 18 att
505 503 35 21 det
556 503 34 20 väl
606 505 23 18 är
645 503 46 21 skäl
707 505 32 19 att
754 505 53 24 göra
821 509 26 14 en
863 503 66 21 sådan
945 503 83 20 skilnad

201 531 91 21 emellan
316 531 138 21 lösdrifvaren
474 531 66 21 sådan
564 531 41 22 han
628 531 142 22 förekommer
793 533 58 19 utom
877 532 32 20 sin
929 532 99 20 kommun

201 560 40 21 och
257 560 66 21 sådan
339 560 43 21 han
399 560 53 21 visat
468 560 31 26 sig
514 560 57 21 inom
588 560 152 21 kommunerne
764 560 48 21 med
831 560 100 21 afseende
953 560 13 21 å
988 560 40 21 den

201 591 50 21 rätt,
282 595 45 14 som
353 589 7 20 i
389 589 104 20 hvardera
513 589 59 20 fallet
594 589 39 20 bör
656 589 139 21 tillerkännas
818 589 157 21 vederbörande
998 591 31 18 att

201 617 86 22 anhålla
308 617 78 21 honom
403 617 39 21 och
457 617 88 21 insända
561 617 78 21 honom
655 617 32 21 till
703 619 138 25 guvernören.

271 673 100 22 Härefter
394 674 46 21 blef
460 676 10 24 $
488 676 10 19 2
522 674 66 27 enligt
604 675 117 20 utskottets
736 675 79 25 förslag
831 674 24 21 af
869 674 90 21 Ständet
975 674 53 21 oför-

201 703 82 21 ändrad
299 705 98 24 antagen.

271 759 26 29 $8
313 761 56 20 3-—5
385 760 121 27 godkändes
523 763 50 18 utan
590 760 125 22 diskussion.

270 817 41 21 Vid
327 817 150 28 föredragning
492 818 22 21 af
528 818 11 27 $
556 819 12 20 6
584 818 104 26 begärdes
703 818 62 21 ordet
781 817 24 21 af
818 817 92 26 följande
926 817 79 21 talare:

271 875 148 21 Öfverläraren
442 874 137 22 Kihlman:
610 875 69 20 Sedan
702 875 30 20 uti
757 875 25 20 de
802 874 125 27 föregående
945 874 24 27 $$
985 874 42 26 lag-

201 903 124 26 stiftningen
349 903 109 27 sysselsatt
480 903 32 26 sig
535 903 47 21 med
604 903 158 26 bestämningar
785 903 109 25 angående
909 902 119 21 arbetsföra

201 938 107 20 personer,
331 932 96 26 öfvergår
442 931 151 27 författningen
610 933 119 20 sedermera
745 931 32 22 till
792 931 158 27 bestämningar
965 931 63 27 angå-

201 961 54 20 ende
278 961 46 20 icke
347 960 119 21 arbetsföra
488 967 100 20 personer
612 961 39 20 och
672 961 6 20 i
701 961 68 20 denna
794 960 12 21 6
823 961 12 24 $
857 959 127 22 bestämmes
1000 966 27 14 nu

200 989 56 21 huru
279 996 25 14 en
327 989 66 21 sådan
416 989 45 21 icke
485 989 106 21 arbetsför
612 995 76 21 person
705 989 53 21 skall
775 989 123 25 behandlas,
914 988 39 21 och
969 988 58 21 detta

201 1018 128 21 bestämmes
351 1018 19 26 ej
387 1017 55 22 blott
457 1018 86 26 positivt
559 1019 50 20 utan
626 1018 64 21 också
705 1017 101 26 negativt.
837 1017 42 21 Det
894 1017 61 21 heter
970 1019 58 18 näm-

200 1047 57 25 ligen
278 1047 5 20 i
307 1047 74 25 början
405 1046 22 21 af
441 1046 32 27 &n
488 1046 60 25 ,icke
564 1047 106 20 arbetsför
687 1052 74 21 person
778 1045 35 22 må
828 1046 19 27 ej
863 1045 32 21 för
911 1045 116 22 lösdrifveri

201 1075 31 20 till
253 1075 89 21 allmänt
362 1075 72 21 arbete
450 1075 116 21 dömmas.**
597 1075 41 26 Jag
653 1077 24 19 är
692 1075 65 20 altför
773 1075 48 20 litet
837 1075 122 20 bevandrad
975 1075 6 20 i
998 1074 30 20 la-

200 1110 40 20 gen
265 1103 32 21 för
320 1106 32 19 att
376 1104 70 20 kunna
462 1103 47 21 med
524 1103 102 22 säkerhet
642 1104 69 21 uttala
727 1104 43 26 mig
786 1103 7 20 i
809 1103 159 26 ifrägavarande
983 1103 45 24 sak,

201 1138 48 15 men
258 1133 37 26 jag
305 1132 123 21 hemställer
436 1132 32 21 till
477 1132 53 24 dem,
540 1138 45 15 som
594 1134 37 19 äro
640 1139 59 14 mera
708 1132 85 21 hemma
801 1131 7 21 i
817 1132 59 20 detta
884 1133 67 24 ämne,
963 1132 65 20 huru-

200 1161 49 20 vida
270 1167 47 14 man
341 1161 46 20 icke
403 1161 106 26 vanligen,
525 1161 6 20 i
547 1161 164 26 kriminallagen
727 1161 36 20 vid
780 1160 159 21 bestämmande
955 1160 23 21 af
992 1166 36 15 an-

200 1195 49 15 svar
265 1189 32 21 för
313 1195 26 15 en
355 1195 83 22 person,
454 1189 82 26 ätnöjer
552 1189 32 27 sig
600 1190 48 21 med
663 1191 33 20 att
711 1191 58 26 säga,
786 1189 88 21 huruen
885 1195 77 20 person
974 1189 53 20 skall

201 1224 91 15 ansvara
307 1218 51 21 eller
373 1224 34 15 om
422 1224 48 15 man
486 1218 64 21 också
568 1218 78 21 brukar
661 1218 119 21 bestämma
797 1217 52 21 huru
865 1217 41 21 han
917 1217 46 21 icke
974 1217 54 21 skall

201 1253 97 15 ansvara.
328 1246 41 27 Jag
389 1247 42 21 kan
447 1247 18 26 ej
482 1248 32 20 tro
530 1249 72 23 annat,
618 1249 27 19 än
661 1249 33 19 att
709 1247 36 21 det
760 1246 69 22 skulle
846 1246 48 21 leda
909 1246 32 21 till
957 1245 71 22 alltför

200 1277 45 19 stor
271 1275 135 27 vidlyftighet
428 1278 32 18 att
475 1276 111 26 uppräkna
602 1276 38 20 allt
656 1276 65 25 detta,
738 1276 39 20 och
794 1275 101 21 särskildt
910 1275 68 21 skulle
992 1274 36 27 jag

201 1310 58 19 anse,
283 1306 32 18 att
337 1303 39 21 här
391 1310 26 15 en
432 1304 65 21 sädan
513 1304 135 27 uppräkning
664 1306 23 19 är
703 1304 87 22 alldeles
806 1304 108 25 obehörig,
930 1310 34 14 om
980 1309 48 15 man

201 1332 47 21 icke
269 1332 127 21 förutsätter
418 1335 32 19 att
472 1335 134 23 guvernören
629 1333 74 25 skulle,
723 1339 35 15 om
775 1332 18 26 ej
811 1333 68 20 denna
895 1331 134 27 bestämning

200 1361 39 21 här
263 1360 80 26 funnes,
358 1361 72 21 kunna
445 1361 50 21 falla
510 1361 27 27 pä
553 1362 36 20 det
605 1362 75 20 orädet
695 1363 32 19 att
743 1362 84 20 dömma
843 1367 26 15 en
885 1360 46 22 icke
947 1360 82 21 arbets-

200 1389 34 21 för
257 1396 77 20 person
359 1390 31 20 till
413 1390 79 25 arbete,
516 1390 40 21 och
579 1390 36 21 det
638 1390 66 21 borde
720 1396 49 15 man
786 1389 18 27 ej
820 1390 72 20 kunna
908 1389 120 21 förutsätta.

201 1418 76 21 Denna
300 1418 134 27 bestämning
456 1418 6 21 i
486 1420 11 19 6
514 1418 10 27 $
540 1419 61 27 lyder
617 1419 120 27 nämligen:
753 1418 62 26 ,,icke
831 1418 105 21 arbetsför
951 1423 77 21 person

201 1447 34 21 mä
258 1447 19 27 ej
303 1447 32 21 för
350 1446 119 22 lösdrifveri
485 1446 32 21 till
533 1447 89 21 allmänt
638 1447 73 21 arbete
727 1447 116 24 dömmas'',
859 1453 47 14 men
924 1446 104 21 dömmas:

200 1481 35 15 om
251 1475 43 21 han
309 1476 57 25 gjort
381 1476 32 26 sig
428 1475 83 27 skyldig
526 1476 32 21 till
574 1476 66 21 sådan
656 1478 82 24 vanart,
754 1482 46 15 som
817 1476 6 20 i
844 1475 6 27 $
867 1476 10 18 1
895 1475 133 21 omförmäles

201 1510 18 14 0.
236 1510 16 15 5.
267 1510 31 19 V.;
315 1504 39 21 och
370 1504 69 22 denna
454 1506 75 20 vanart
545 1506 23 20 är
581 1504 45 27 just
641 1504 128 22 lösdrifveri.
799 1504 41 26 Jag
856 1504 42 21 kan
914 1503 18 27 ej
943 1504 85 20 komma
