1117 1781
290 123 163 18 Presteståndet
466 124 56 17 1882.
546 125 12 16 7
571 124 98 17 februari.
838 119 27 20 99

67 194 70 20 bättre
151 193 69 26 valdt;
236 193 65 21 bland
317 195 65 18 annat
397 194 31 19 ett
443 192 47 22 frän
506 192 87 21 franska
608 192 157 22 revolutionens
776 193 61 26 tider,
849 199 45 14 som

66 221 68 22 blifvit
149 221 121 27 tillämpadt
285 221 28 27 pä
328 221 51 21 våra
393 221 155 21 förhållanden.
575 221 42 21 Det
632 227 38 15 var
685 222 30 19 ett
731 221 84 26 mycket
824 223 72 25 grymt

66 250 91 27 uttryck,
174 256 46 15 men
237 249 78 27 frägas,
331 256 35 15 om
381 250 32 21 uti
429 250 35 21 det
480 249 154 27 sammanhang
646 249 36 21 det
695 249 37 21 här
745 249 148 26 förekommer,

66 279 33 20 för
114 281 33 18 att
162 279 158 21 karaktärisera
335 278 141 27 socialismen,
487 279 36 20 det
533 278 55 21 hade
599 278 57 21 varit
666 278 101 21 tänkbart
783 277 32 22 för
825 279 69 26 nägon

67 313 74 15 censor
157 310 32 18 att
205 307 74 27 stryka
294 307 42 26 det,
353 307 39 21 och
408 307 86 21 hvarför
509 307 99 20 anfördes
624 307 36 20 det
676 307 27 21 dä
718 306 21 21 af
753 307 97 21 talaren?

68 335 66 22 andra
157 336 59 21 sidan
241 336 38 20 har
297 336 82 20 talaren
394 335 124 26 visserligen
534 335 119 21 underlåtit
668 337 32 19 att
715 335 118 27 framlägga
848 336 49 25 prof

67 365 27 26 på
110 364 25 21 de
151 364 46 21 utaf
215 370 101 15 censuren
337 364 88 21 strukna
443 365 97 26 ställena,
555 363 73 22 hvilka
642 363 136 21 förekommit
793 364 6 20 i
815 363 40 22 den
871 364 24 21 så

67 393 84 21 kallade
166 393 107 21 nationela
288 399 94 20 pressen.
413 393 33 25 Ja,
464 393 40 20 han
522 393 62 20 anför
599 399 25 14 en
640 392 46 25 rad,
697 398 45 15 som
753 392 68 21 skulle
832 391 63 22 hafva

66 421 136 21 förekommit
217 421 6 21 i
239 427 25 16 en
280 421 55 21 finsk
351 421 83 26 tidning
450 421 38 21 här
503 421 7 21 i
526 421 155 21 hufvudstaden
697 421 39 20 och
752 421 84 20 hvilken
853 421 42 20 för-

68 450 71 21 anledt
153 450 84 21 bladets
252 449 133 28 indragning,
400 456 55 20 men,
472 451 69 20 såsom
557 449 65 22 också
633 449 109 28 antyddes,
753 449 62 26 gälde
826 449 69 21 denna

67 479 38 20 rad
122 479 79 21 sådana
217 478 154 26 förhållanden,
387 484 45 15 som
449 479 32 20 väl
498 484 103 15 censuren
616 478 7 21 i
640 478 66 21 första
721 481 90 18 rummet
827 478 68 21 måste

67 509 70 19 ansett
159 507 33 21 för
215 507 128 27 förgripliga.
374 507 43 20 Får
439 513 49 15 man
512 507 96 21 deremot
631 507 63 20 döma
713 506 22 21 af
749 507 25 20 de
791 506 105 21 oerhörda

68 542 93 21 angrepp
177 538 45 19 mot
237 536 98 21 enskilda
350 541 109 20 personer,
470 542 45 15 som
533 535 69 21 blifvit
618 535 88 27 synliga,
722 535 41 20 kan
779 541 48 15 man
839 535 56 20 sluta

68 564 31 21 till
115 565 173 20 beskaffenheten
304 564 23 21 af
341 564 36 21 det
393 571 45 14 som
454 564 157 27 undertryckts.
634 564 41 26 Jag
690 563 41 21 kan
742 563 18 27 cj
773 570 51 14 anse
835 564 60 20 detta

68 593 78 26 försök,
162 595 33 19 att
209 593 120 22 framställa
344 599 26 14 en
386 593 33 21 del
435 593 23 20 af
473 593 39 21 den
528 593 68 20 finska
612 599 86 20 pressen
713 592 70 21 såsom
799 592 96 27 skyddad

68 621 23 22 af
109 627 102 16 censuren
230 621 37 22 och
288 628 25 15 en
329 627 70 15 annan
415 621 35 21 del
466 622 69 21 såsom
551 621 93 27 förföljd,
660 621 132 21 annorlunda
807 623 28 19 än
850 627 45 15 som

67 656 38 15 ren
120 651 124 26 advokatyr.

136 679 39 21 Att
190 685 48 15 man
255 679 107 20 använder
377 678 61 22 äfven
454 679 153 26 indragningar
622 678 70 22 såsom
708 684 25 15 en
748 680 101 19 manöver
862 678 35 21 för

68 710 32 19 att
122 707 46 22 visa
191 708 32 26 sig
245 713 51 15 vara
317 707 93 26 förföljd,
426 709 24 19 är
470 708 72 26 något,
558 713 46 16 som
620 707 74 21 tillhör
709 707 24 20 de
748 706 147 27 publicistiska

68 736 169 26 hemligheterna
259 738 7 19 i
289 736 168 21 hufvudstadens
480 736 98 21 litterära
599 736 84 21 kretsar
706 735 38 21 och
767 741 45 15 som
834 735 62 22 torde

68 765 71 21 kunna
161 765 58 26 tjena
241 765 31 20 till
296 767 33 19 att
351 764 99 27 förklara,
472 765 88 20 hvarför
581 764 166 21 understundom
769 764 24 21 så
812 765 84 26 mycket

68 793 211 27 pressindragningar
295 793 141 21 förekommit.
459 793 65 22 Detta
539 793 40 21 hör
594 793 49 27 föga
658 798 42 21 nog
715 793 31 20 till
757 792 140 22 förevarande

68 822 59 27 fråga
146 828 34 15 om
200 822 99 21 behofvet
315 821 22 22 af
351 821 178 28 tryckfrihetslag.
560 821 39 22 Om
612 822 38 26 jag
665 821 39 21 har
720 823 52 19 trott
788 821 41 26 mig
845 827 51 14 vara

68 850 120 27 berättigad
204 852 33 19 att
252 851 85 21 bemöta
353 851 65 26 några
434 851 158 26 andraganden,
605 857 47 14 som
662 850 47 26 gått
719 852 22 19 ut
751 849 28 27 på
789 851 33 20 att
832 849 65 22 ställa

69 885 25 15 en
110 879 34 21 del
159 879 25 21 af
198 879 82 22 landets
296 885 59 20 press
371 879 6 20 i
393 885 25 15 en
435 879 55 21 falsk
506 879 70 26 dager,
593 879 23 21 så
632 879 40 20 har
688 879 35 20 det
737 878 46 21 icke
794 878 57 21 skett
863 878 34 21 för

68 909 33 20 att
123 907 95 22 försvara
239 907 140 26 censurtvång
394 909 51 19 utan
461 908 33 21 för
510 910 31 19 att
556 908 86 26 antyda,
659 909 33 19 att
707 907 24 21 de
747 907 22 21 af
783 907 113 26 petitionä-

69 943 36 14 ren
120 937 99 20 använda
233 937 115 26 ordalagen
364 936 61 21 äfven
442 936 6 21 i
465 936 69 21 denna
547 936 68 27 punkt
625 942 63 21 synas
699 936 43 26 mig
752 935 144 22 användbara.

68 965 61 21 Hvad
152 965 47 21 åter
218 964 101 22 beträffar
337 965 40 21 den
393 965 68 20 andra
477 965 102 26 punkten,
596 971 44 14 som
658 964 24 21 af
696 964 38 21 den
750 963 64 22 förste
831 964 65 21 ärade

69 993 82 21 talaren
173 999 97 21 angreps,
287 994 40 21 den
350 994 110 26 angående
481 993 91 27 hemliga
593 993 101 26 sällskap,
710 993 23 20 så
752 993 38 21 har
802 993 38 26 jag
855 992 42 21 för-

69 1022 53 21 stått
136 1022 112 27 meningen
263 1022 6 21 i
285 1022 237 26 petitionsmemorialet
537 1022 96 25 sålunda,
650 1024 31 19 att
696 1022 66 21 under
775 1027 25 15 en
811 1027 85 16 censur-

68 1051 85 26 regime,
170 1057 45 15 som
234 1051 18 26 ej
269 1051 80 21 lemnar
365 1050 83 21 tillfälle
464 1051 32 20 för
512 1051 40 20 den
568 1050 115 27 missnöjde
698 1053 32 18 att
745 1052 57 25 yttra
817 1050 32 27 sig
865 1049 30 22 of-

70 1079 88 27 fentligt,
181 1079 58 21 bilda
260 1080 32 26 sig
314 1079 108 26 lätteligen
444 1079 81 21 sådana
545 1079 91 27 hemliga
652 1079 100 26 sällskap,
768 1079 39 20 och
822 1078 74 21 såvida

69 1114 44 15 som
137 1108 58 21 detta
217 1110 24 19 är
261 1108 154 27 petitionärens
438 1109 86 25 mening
545 1108 73 27 tyckes
642 1107 42 27 mig
703 1108 58 20 detta
775 1107 86 26 uttryck
877 1107 18 26 ej

69 1143 51 15 vara
142 1136 111 27 olämpligt
267 1137 7 20 i
290 1136 160 27 motiveringen.
482 1136 63 21 Hvad
567 1137 39 20 sist
626 1136 39 21 och
681 1136 98 27 slutligen
795 1134 102 23 beträffar

69 1165 40 21 den
124 1165 23 21 så
163 1165 85 22 kallade
264 1165 182 26 denunciationen,
464 1171 46 15 som
526 1165 67 21 finnes
604 1165 7 20 i
622 1165 131 21 memorialet
761 1166 56 19 emot
825 1163 71 22 kända

68 1200 107 21 personer,
191 1194 24 21 så
238 1200 61 21 synes
321 1194 42 26 mig
386 1194 110 27 uttrycket
519 1193 150 22 denunciation
691 1199 51 15 vara
761 1193 83 27 mycket
859 1192 37 21 illa

68 1222 65 22 valdt.
163 1222 87 21 Samma
271 1223 37 20 sak
329 1223 40 20 har
391 1223 66 20 redan
474 1223 131 20 diskuterats
621 1221 100 28 temligen
737 1221 159 27 mångfaldigt
885 1217 14 36 i

68 1257 93 21 pressen,
185 1251 39 21 och
245 1252 36 26 jag
304 1252 43 20 kan
365 1251 19 27 ej
401 1254 32 18 tro
450 1253 34 19 att
499 1252 141 26 petitionären
656 1251 40 21 har
708 1251 65 21 afsett
787 1253 32 19 att
835 1250 62 21 dessa

69 1280 53 21 hans
144 1280 39 21 ord
205 1280 68 21 skulle
287 1280 28 26 gå
329 1280 33 21 till
378 1280 76 26 högsta
470 1281 93 20 makten.
595 1280 31 21 De
644 1280 76 20 beröra
735 1279 18 27 ej
769 1279 128 27 petitionens

69 1308 104 28 syftemål,
188 1310 52 20 utan
256 1309 33 21 stå
304 1309 7 20 i
326 1308 138 27 förbigående
480 1308 84 22 införda
574 1309 7 20 i
592 1308 159 26 motiveringen.
771 1307 126 21 Emellertid

69 1337 35 21 vill
118 1337 36 27 jag
171 1337 19 27 ej
212 1338 96 21 försvara
324 1338 57 22 dem;
398 1337 26 21 de
440 1338 38 20 äro
495 1337 79 21 kanske
591 1337 7 21 i
614 1337 38 21 och
668 1337 33 21 för
716 1337 31 26 sig
761 1336 46 22 icke
823 1336 74 21 obefo-

68 1366 60 27 gade,
144 1372 48 15 men
207 1366 39 21 här
262 1366 19 26 ej
297 1366 6 20 i
319 1366 39 22 sitt
373 1368 57 18 rätta
446 1366 161 26 sammanhang,
623 1365 40 21 och
676 1365 54 21 hade
740 1371 65 21 gerna
816 1365 81 21 kunnat

69 1400 51 16 vara
135 1394 68 22 borta.
234 1394 49 22 Men
299 1394 147 22 diskussionen
463 1394 40 21 bör
515 1394 24 27 ju
552 1394 45 22 icke
608 1394 56 27 gälla
675 1394 158 26 motiveringen,
844 1395 52 19 utan

69 1422 74 28 sjelfva
165 1424 73 24 saken,
255 1423 170 21 önskvärdheten
441 1424 33 20 att
490 1423 21 21 få
527 1423 31 21 till
575 1423 62 21 stånd
653 1429 26 15 en
695 1422 22 21 af
730 1422 35 27 lag
779 1422 118 26 begränsad

69 1451 131 27 tryckfrihet.
231 1452 38 21 Att
284 1452 34 21 för
333 1452 66 26 några
415 1451 139 27 öfverflödiga
569 1451 85 27 uttryck
670 1452 5 20 i
692 1451 150 26 motiveringen
854 1450 43 20 för-

69 1480 62 22 kasta
145 1480 103 27 förslaget
266 1486 34 16 om
316 1486 25 16 en
355 1480 101 27 presslag,
474 1481 37 20 det
526 1486 50 15 vore
592 1480 7 21 i
615 1480 88 26 sanning
719 1480 118 20 detsamma
851 1484 46 15 som

69 1511 33 19 att
117 1509 110 21 bortkasta
243 1509 75 21 barnet
334 1509 48 21 med
397 1508 134 27 badvattnet,
548 1508 38 22 och
601 1508 37 27 jag
649 1508 68 22 skulle
728 1508 107 27 verkligen
846 1512 52 16 anse
