1117 1781
200 176 106 26 läroverk,
323 176 89 21 likasom
428 176 39 21 den
484 175 62 22 äfven
562 175 34 22 till
612 175 101 22 öfverflöd
730 176 54 21 visat
799 174 157 28 behöfligheten
967 175 22 22 af
997 177 31 20 ett

200 205 70 27 dylikt
285 205 6 20 i
307 205 137 21 Tavastehus.
474 205 70 26 Fråga
559 205 42 21 kan
618 205 81 21 således
715 205 78 26 uppstå
808 205 74 20 endast
893 211 33 14 om
938 204 90 21 hvilket-

199 234 54 21 dera
269 233 22 21 af
313 233 60 22 dessa
396 233 97 22 läroverk
514 233 67 21 borde
604 239 40 21 ega
666 233 127 21 karakteren
814 233 22 20 af
849 233 178 26 Normallyceum.

200 262 50 21 Men
267 262 5 20 i
289 262 59 21 detta
364 262 119 21 hänseende
498 262 66 21 borde
580 262 48 21 icke
643 261 68 22 heller
722 262 70 25 någon
803 261 78 22 tvekan
893 261 70 22 kunna
973 262 55 20 åter-

200 290 41 22 stå.
271 290 31 27 Ty
318 291 25 21 de
359 291 131 26 svårigheter
506 291 38 20 och
560 291 123 24 kostnader,
699 290 73 21 hvilka
786 290 98 27 möjligen
895 292 37 19 äro
945 290 46 21 med
1002 296 25 15 en

200 318 137 28 omflyttning
352 319 107 27 förenade,
475 319 71 21 kunna
562 319 18 27 ej
597 321 55 24 väga
668 319 83 26 mycket
767 321 57 19 emot
836 319 25 20 de
872 319 99 28 fördelar,
982 325 45 14 som

199 354 78 20 genom
293 355 25 14 en
335 348 65 21 sådan
416 348 75 26 åtgärd
507 348 69 21 kunde
593 348 79 21 vinnas.

270 377 43 21 Det
328 377 39 20 har
389 377 104 26 nemligen
509 376 55 21 visat
578 377 38 26 sig,
633 379 32 18 att
681 376 171 28 Normallyceum
868 377 6 20 i
891 375 137 24 Tavastehus,

201 405 90 21 oaktadt
307 405 42 26 det,
365 405 69 21 såsom
450 405 88 21 allmänt
554 405 92 21 erkändt
661 407 31 24 är,
707 411 49 20 eger
775 406 109 21 utmärkta
900 404 128 21 öfverlärare

201 433 40 22 och
257 433 6 21 i
280 434 42 21 allo
345 434 57 21 ledes
424 434 27 25 på
474 435 32 20 ett
520 435 96 20 utmärkt
638 435 50 20 sätt,
704 434 27 26 på
755 434 58 25 långt
837 436 38 19 när
891 433 46 22 icke
953 433 53 21 varit
1022 433 6 20 i

201 461 85 22 tillfälle
302 464 32 19 att
354 462 106 21 handleda
476 463 41 20 alla
533 463 27 20 de
581 462 204 27 lärarekandidater,
801 463 71 20 hvilka
889 462 45 21 haft
949 461 32 22 för
996 461 31 21 af-

201 491 42 26 sigt
258 493 33 19 att
307 497 52 20 egna
375 491 32 26 sig
423 491 21 21 åt
460 491 40 20 den
516 490 68 21 finska
600 490 87 22 skolans
703 491 70 26 tjenst.
805 491 96 21 Orsaken
916 490 72 21 härtill
1004 492 24 19 är

201 519 41 21 lätt
257 519 85 22 funnen.
372 519 43 22 För
438 522 32 18 att
485 520 52 20 söka
552 519 32 21 sin
603 519 112 28 praktiska
731 519 120 27 utbildning
867 519 6 20 i
889 519 138 22 Tavastehus,

201 550 25 19 är
251 548 199 21 lärarekandidaten
474 548 108 21 nödsakad
605 550 33 19 att
660 548 97 27 uppoffra
782 548 39 21 den
837 548 86 25 ledning
939 548 40 20 han
996 547 32 21 för

201 577 46 20 sina
264 577 142 26 pedagogiska
422 577 38 21 och
476 577 160 27 vetenskapliga
651 577 82 20 studier
747 577 40 21 har
803 579 32 18 att
850 577 34 20 vid
900 576 129 21 Universite-

201 608 32 18 tet
256 605 101 26 påräkna,
383 605 105 22 äfvensom
504 605 42 21 alla
562 605 26 21 de
604 605 46 22 rika
665 605 127 27 hjelpmedel
810 605 118 21 detsamma
944 605 5 20 i
966 604 63 27 öfrigt

200 633 101 28 erbjuder
316 634 84 21 honom.
431 634 73 21 Denna
520 634 121 27 uppoffring
657 636 23 19 är
696 634 5 21 i
718 634 73 27 hvarje
807 634 36 21 fall
860 635 50 24 stor,
929 633 3 21 i
945 633 83 27 många,

202 669 33 14 om
252 663 18 26 ej
287 663 5 20 i
310 663 25 20 de
359 662 59 21 flesta
441 665 69 18 större
526 664 25 19 än
574 665 33 18 att
624 664 39 19 den
680 663 70 20 kande
771 663 70 25 bäras,
857 661 122 28 isynnerhet
994 668 33 15 om

201 691 71 21 dertill
296 691 72 27 lägges
391 693 31 18 att
442 691 40 21 den
505 691 113 21 medellöse
634 692 7 20 i
657 691 168 21 hufvudstadens
847 691 75 25 många
945 690 83 26 privata

202 719 189 27 läroinrättningar
412 720 41 20 kan
470 719 57 21 finna
542 720 54 21 både
613 719 72 27 öfning
701 720 39 21 och
757 719 106 26 förtjenst.
895 719 45 21 Den
957 721 69 18 natur-

201 747 43 28 liga
260 748 40 21 och
317 748 134 26 oundvikliga
472 748 78 27 följden
574 748 38 21 har
629 749 54 20 varit
699 749 40 20 den
756 749 65 20 redan
837 747 101 28 antydda,
954 747 74 21 nemli-

200 783 41 20 gen
263 780 32 18 att
318 777 75 20 endast
416 783 24 14 en
463 777 33 21 del
520 777 22 21 af
564 777 26 21 de
614 777 205 26 lärarekandidater,
841 783 44 14 som
901 776 36 21 det
953 776 76 21 önskat

201 805 40 22 och
267 805 56 26 bort,
350 806 80 20 kunnat
458 805 96 26 begagna
579 806 32 26 sig
632 806 22 21 af
680 806 35 20 det
739 805 70 22 finska
834 805 161 26 normallyceets
1023 805 5 20 i

201 833 133 22 Tavastehus
365 834 89 26 ledning,
479 834 67 21 under
570 835 36 20 det
630 836 32 19 att
688 834 25 21 de
739 834 67 26 öfrige
831 835 138 25 qvarstannat
994 833 33 20 vid

201 863 148 21 universitetet
371 863 38 20 och
432 863 48 20 låtit
502 863 102 21 inskrifva
623 863 31 26 sig
670 863 34 21 vid
721 864 36 20 det
773 863 90 20 svenska
878 861 151 28 normallyceet

201 891 6 20 i
234 891 162 21 hufvudstaden.
426 891 64 21 Detta
516 891 184 22 missförhållande
725 892 56 21 låter
805 891 93 27 tydligen
924 891 46 20 icke
998 889 31 22 af-

201 919 72 27 hjelpa
296 920 32 27 sig
350 926 75 20 genom
448 919 190 28 reglementariska
658 921 149 20 restriktioner
828 919 39 22 och
888 918 140 25 föreskrifter,

200 948 29 21 då
242 949 24 26 ju
282 948 73 27 hvarje
370 949 70 20 försök
456 949 7 20 i
480 949 68 20 denna
563 949 93 26 rigtning
672 949 75 21 endast
762 948 71 21 kunde
849 948 41 21 öka
905 948 40 21 den
961 949 69 19 orätt-

201 977 51 26 visa,
268 977 59 21 hvari
343 977 118 21 detsamma
476 977 39 21 har
530 978 32 21 sin
578 978 74 25 grund.

271 1006 80 21 Härtill
374 1006 94 21 kommer
491 1008 32 19 att
538 1007 26 20 de
580 1009 77 18 tvenne
681 1006 194 26 normallyceernas
890 1004 139 27 förläggande

200 1034 34 21 till
251 1034 70 21 skilda
337 1036 56 19 orter
409 1034 84 21 utöfvar
511 1037 31 19 ett
557 1035 87 26 menligt
665 1034 116 27 inflytande
796 1035 27 26 på
839 1034 114 21 hvarderas
969 1033 60 21 verk-

201 1063 90 25 samhet,
315 1063 69 21 såvidt
405 1063 69 21 denna
496 1064 66 25 angår
577 1063 195 26 lärarebildningen
789 1063 39 20 och
845 1062 111 21 befordran
973 1061 55 21 inom

201 1091 86 21 skolans
304 1091 70 27 tjenst,
390 1093 88 20 emedan
495 1092 62 25 nödig
574 1091 221 22 öfverensstämmelse
811 1091 6 21 i
833 1091 142 21 lärometoder
990 1090 39 21 och

201 1120 94 27 grunder
309 1120 33 21 för
363 1120 131 21 bedömande
510 1120 21 21 af
546 1121 26 20 de
587 1120 110 27 praktiska
713 1120 135 27 läroprofven
864 1119 75 22 endast
953 1125 76 20 genom

201 1150 47 19 täta
270 1149 136 21 konferenser
428 1149 90 21 emellan
542 1149 26 21 de
584 1149 90 21 ledande
697 1155 130 21 personerna
843 1149 42 20 kan
900 1148 75 21 vinnas
990 1147 39 21 och

202 1177 125 22 bibehållas.

272 1205 103 27 Slutligen
398 1206 33 21 får
447 1207 36 20 det
504 1206 47 21 icke
574 1206 68 21 heller
664 1206 88 21 alldeles
775 1205 96 26 förbises,
893 1207 32 19 att
946 1205 35 20 det
997 1204 34 21 för

201 1234 92 27 mången
310 1235 171 21 lärarekandidat
501 1241 50 15 vore
567 1235 67 21 likaså
655 1235 54 26 kärt,
725 1241 46 15 som
788 1234 32 21 för
834 1234 75 22 skolan
925 1233 105 22 fördelak-

200 1263 49 27 tigt,
268 1269 35 15 om
327 1263 82 21 tillfälle
430 1263 34 21 till
487 1263 72 27 öfning
574 1264 7 20 i
596 1264 151 26 undervisning
771 1263 60 21 såväl
854 1264 27 26 på
901 1262 69 22 finska
984 1268 46 15 som

200 1291 93 22 svenska
308 1292 109 26 samtidigt
434 1292 126 22 förefunnes.

271 1320 41 27 Jag
327 1320 64 27 vågar
413 1320 63 22 alltså
497 1321 109 21 vördsamt
625 1320 112 22 hemställa
753 1320 105 22 huruvida
873 1320 46 20 icke
936 1319 93 27 Högvör-

201 1348 50 27 diga
267 1349 157 21 Presteståndet
441 1349 6 21 i
464 1349 140 21 betraktande
620 1349 22 21 af

272 1408 32 19 att
321 1406 130 26 Helsingfors
466 1406 57 21 såväl
539 1412 45 15 som
600 1406 132 21 Tavastehus
748 1406 40 21 har
804 1407 31 19 ett
851 1405 107 27 oafvisligt
968 1404 66 22 behof

200 1434 25 21 af
239 1436 31 19 ett
286 1434 131 27 fullständigt
432 1434 82 28 lyceum
529 1434 48 22 med
593 1434 69 22 finska
677 1434 32 22 till
724 1434 234 26 undervisningsspråk,
