1117 1781
221 122 43 20 512
431 126 163 18 Presteståndet
606 127 56 17 1882.
687 127 25 17 18
724 131 63 13 mars.

264 196 69 21 Sedan
357 195 148 22 diskussionen
530 195 92 22 härefter
646 195 114 22 förklarats
784 195 99 26 afslutad,
899 195 123 27 godkändes

193 224 127 28 paragrafen
337 224 66 27 enligt
418 225 116 20 utskottets
551 224 84 27 förslag.

584 287 11 27 S
605 287 25 27 6.

263 339 73 21 Under
353 339 39 21 den
409 345 33 14 om
459 339 68 20 denna
543 338 101 27 paragraf
655 338 111 22 förefallna
780 338 146 21 diskussionen
937 339 85 26 yttrade

194 368 32 26 sig
242 367 93 27 följande
350 368 77 21 talare:

264 425 205 26 Kontraktsprosten
492 424 144 26 Grönberg
658 424 93 21 önskade
774 426 33 19 att
822 425 32 20 uti
870 424 151 21 vaccinations-

194 454 87 26 betyget
304 453 66 22 borde
393 455 124 19 omnämnas
538 453 61 20 äfven
615 453 36 21 det
667 453 43 22 fall.
727 453 26 21 då
769 453 108 21 individen
893 453 18 27 ej
928 455 24 19 är
968 455 54 19 mot-

194 482 66 26 taglig
283 481 33 22 för
339 482 78 21 vaccin.
454 482 38 21 Att
507 481 41 21 han
564 481 46 22 icke
626 481 38 22 har
680 481 69 22 blifvit
765 482 132 25 vaccinerad,
913 481 39 22 bör
967 483 6 20 i
989 482 32 21 så-

194 511 53 21 dant
269 510 36 21 fall
329 511 19 26 ej
371 510 71 21 kunna
461 510 75 21 hindra
551 510 78 21 honom
645 510 56 21 ifrån
717 512 31 19 att
763 510 22 21 få
801 511 83 21 inträde
899 511 7 20 i
922 511 46 20 med
985 510 37 21 all-

194 541 79 20 männa
288 539 69 22 medel
373 539 116 21 bekostade
506 539 76 21 skolor.

264 596 109 21 Professor
388 596 84 21 Cleve:
502 597 41 25 Jag
559 595 92 27 begärde
664 596 61 21 ordet
741 596 32 21 för
784 597 33 20 att
828 596 118 24 hemställa,
957 596 63 21 huru-

195 625 49 21 vida
267 625 47 21 icke
337 625 69 21 denna
421 625 63 26 sjette
499 625 99 26 paragraf
613 624 66 21 borde
696 625 47 26 ingå
759 625 6 20 i
781 624 74 27 sjelfva
871 624 149 27 förordningen

194 653 110 26 angående
320 653 138 22 vaccination.
488 653 40 28 Jag
543 653 35 21 vill
595 653 17 27 ej
629 653 88 21 härmed
735 653 93 21 bestrida
845 656 31 18 att
892 653 35 21 det
940 654 24 27 ju
980 654 40 20 kan

194 688 62 15 anses
279 688 52 15 vara
345 683 115 26 styrelsens
476 682 38 21 sak
530 685 30 18 att
577 682 73 21 härom
668 682 130 26 bestämma;
815 688 48 15 men
879 682 65 21 saken
960 684 23 19 är
999 682 23 21 af

194 711 24 20 så
241 713 46 18 stor
309 711 51 26 vigt,
380 717 28 14 nu
423 711 23 20 så
462 711 84 26 mycket
561 717 45 14 mer
622 710 26 21 då
664 710 89 21 Ståndet
769 710 105 21 förklarat
890 711 30 20 sin
937 710 83 28 mening

193 745 52 15 vara
261 741 33 19 att
309 739 159 22 vaccinationen
484 739 18 26 ej
520 739 64 21 borde
600 745 51 15 vara
667 739 146 26 obligatorisk,
827 741 32 19 att
869 739 36 21 det
915 739 105 22 måhända

194 774 51 15 vore
268 768 59 27 godt,
351 774 33 15 om
408 768 68 21 denna
498 768 11 27 $
532 767 68 22 skulle
615 768 49 26 ingå
680 768 5 20 i
701 767 76 27 själfva
793 767 157 26 förordningen.
979 767 41 28 Jag

193 796 70 21 skulle
286 797 118 26 hemställa,
428 797 104 20 huruvida
555 797 36 20 det
613 797 18 25 ej
656 803 49 14 vore
731 796 46 21 skäl
794 799 31 18 att
841 796 56 27 gifva
913 803 25 14 en
954 797 66 21 sådan

195 825 56 26 åsigt
273 825 60 21 Hans
356 825 100 27 Majestät
475 825 109 21 tillkänna.
615 825 78 21 Vidare
708 825 64 21 utber
785 825 36 26 jag
837 825 42 26 mig
894 827 33 19 att
942 825 21 22 få
978 825 43 21 till-

194 853 69 28 lägga,
287 856 32 19 att
337 856 30 19 ett
384 853 96 27 behörigt
496 853 206 27 vaccinationsbetyg
719 854 66 21 borde
801 853 113 27 innehålla,
931 854 19 26 ej
967 854 53 21 blott

193 885 33 18 att
241 889 50 14 man
307 883 47 20 med
371 882 111 27 framgång
498 883 68 20 blifvit
582 883 131 25 vaccinerad,
729 885 52 18 utan
798 882 65 21 också
873 883 36 20 det
919 882 60 22 fallet
989 884 32 19 att

194 911 76 21 barnet
285 911 46 21 icke
347 911 54 21 varit
417 911 120 27 mottagligt
553 911 32 21 för
601 911 104 21 vaccinen.

263 968 155 27 Kyrkoherden
435 969 73 26 Lyra:
540 968 90 21 Ständet
646 969 38 20 har
699 969 66 20 redan
783 975 26 14 en
824 969 56 26 gång
895 969 79 20 uttalat
989 968 31 26 sig

193 999 58 19 emot
267 997 235 27 vaccinationstvånget.
533 997 35 21 Nu
584 997 67 21 skulle
667 997 83 21 likvisst
768 997 3 21 i
789 999 11 19 6
817 997 34 28 &:n
867 997 79 21 införas
957 997 64 26 tvång

193 1025 34 22 för
250 1025 49 25 alla,
315 1032 44 15 som
375 1026 52 21 söka
442 1026 83 21 inträde
540 1027 6 20 i
562 1026 69 27 någon
647 1025 60 22 skola
723 1026 52 21 eller
791 1025 230 28 uppfostringsanstalt,

193 1060 46 15 som
255 1055 48 20 med
319 1055 107 20 allmänna
440 1054 68 21 medel
524 1054 129 27 uppehålles.
684 1054 26 21 Vi
727 1055 68 21 måste
812 1054 33 21 väl
860 1054 65 21 tänka
936 1060 34 15 oss
981 1055 39 20 den

193 1083 32 21 tid
249 1083 40 21 allt
311 1085 98 19 närmare
432 1083 27 21 då
474 1083 72 27 hvarje
562 1083 52 21 barn
631 1083 5 20 i
653 1083 90 22 Finland
758 1083 56 21 skall
829 1083 27 27 gå
871 1083 6 20 i
893 1083 128 21 åtminstone

194 1111 107 22 folkskola
323 1111 40 22 och
386 1111 59 22 äfven
468 1112 61 21 dessa
551 1111 137 22 underhållas
710 1111 32 22 till
759 1118 26 15 en
801 1111 33 22 del
852 1112 47 21 med
915 1111 106 22 allmänna

194 1140 77 26 medel,
287 1140 24 21 så
326 1143 33 18 att
374 1147 25 14 en
416 1140 137 21 ovaccinerad
569 1140 45 21 icke
630 1140 67 21 skulle
713 1140 22 21 få
749 1140 96 21 tillträde
860 1140 32 21 till
908 1147 26 14 en
949 1141 71 21 sådan.

194 1169 26 20 Vi
243 1168 70 22 införa
335 1169 82 21 således
440 1169 205 26 vaccinationstvång
666 1170 5 20 i
689 1170 68 20 denna
773 1170 20 25 $,
810 1169 65 21 sedan
891 1169 20 20 vi
927 1175 25 15 en
967 1169 55 27 gång

194 1197 107 22 förkastat
325 1197 41 22 det.
403 1197 40 27 Jag
464 1198 31 21 för
510 1197 42 22 min
569 1197 33 22 del
617 1198 64 27 yrkar
697 1197 86 22 derföre
799 1197 26 28 på
841 1197 147 22 förkastandet
1002 1198 22 21 af

195 1226 70 21 denna
281 1226 19 27 $,
316 1227 23 20 sä
354 1226 53 21 visst
422 1227 34 20 det
472 1226 61 21 äfven
548 1228 24 19 är
588 1228 32 19 att
632 1227 210 27 vaccinationsbetyg
857 1226 56 21 förut
929 1226 38 21 har
980 1227 42 20 for-

195 1254 59 22 drats
271 1255 33 21 för
319 1257 32 19 att
366 1255 63 21 vinna
444 1256 82 20 inträde
542 1256 5 20 i
564 1256 68 26 någon
648 1255 67 26 skola,
732 1262 46 14 som
795 1255 47 21 med
858 1255 107 21 allmänna
980 1262 43 14 me-

195 1283 35 21 del
246 1283 141 21 underhålles.
418 1284 41 27 Jag
474 1290 62 15 anser
551 1284 75 21 skolan
642 1284 32 21 för
690 1284 73 27 hvarje
779 1284 54 21 barn
849 1286 56 19 ännu
920 1284 103 26 vigtigare

195 1313 27 19 än
238 1312 160 21 vaccinationen
415 1313 39 21 och
470 1318 61 16 anser
546 1312 82 22 således
644 1315 31 19 att
690 1312 55 22 intet
760 1313 65 26 tvång
835 1313 7 21 i
854 1312 59 22 detta
925 1312 98 22 afseende

195 1340 40 22 bör
250 1341 87 21 komma
352 1341 7 21 i
377 1341 64 27 fråga.

267 1398 83 21 Doktor
371 1398 101 21 Geitlin
488 1398 48 21 ville
552 1398 55 21 blott
622 1398 70 21 erinra
708 1404 34 15 om
758 1400 33 19 att
807 1398 60 21 detta
881 1404 50 15 vore
947 1400 31 19 ett
992 1398 32 21 in-

196 1426 73 22 direkt
290 1428 69 26 tvång,
376 1427 62 21 hvars
454 1428 60 26 nytta
530 1427 85 21 ståndet
631 1427 46 21 icke
693 1427 93 21 bestridt
801 1427 40 21 och
856 1426 71 22 kunde
942 1426 82 22 således

195 1455 19 26 ej
231 1454 114 23 instämma
361 1455 6 21 i
383 1455 147 27 kyrkoherden
545 1456 67 26 Lyras
628 1456 60 26 åsigt.
