1117 1781
231 120 40 21 126
428 124 163 19 Presteståndet
602 126 59 17 1882.
686 126 12 18 7
710 126 97 18 februari.

201 195 26 20 de
242 194 127 21 industriela
384 195 116 26 företagen.
523 195 135 26 Arkitekten,
675 195 190 28 maskinbyggaren
878 195 39 22 och
929 195 103 22 kemisten

200 223 81 21 erhålla
304 223 38 20 der
365 229 25 15 en
413 223 127 27 utbildning,
562 230 45 15 som
624 224 42 21 kan
682 230 62 15 anses
760 231 51 15 vara
827 224 203 21 tillfredsställande.

200 252 49 21 Men
275 251 32 21 för
323 252 40 21 den
380 252 23 21 så
418 252 77 21 talrika
510 252 40 21 och
565 253 81 26 vigtiga
662 253 84 20 klassen
763 253 22 21 af
799 253 152 25 verkmästare,
967 253 64 27 bygg-

200 282 93 19 mästare
316 280 40 21 och
379 280 65 27 öfrige
468 281 145 21 arbetsledare
633 281 41 21 fins
690 281 61 27 ingen
768 281 100 26 tidsenlig
883 281 151 27 undervisning

200 309 118 21 anordnad.
349 309 31 21 De
403 310 53 21 1847
477 309 109 21 inrättade
602 310 98 21 tekniska
715 310 148 21 realskolorna
878 316 51 15 voro
945 312 31 19 ett
992 310 39 21 för-

199 337 40 22 sök
254 339 33 20 att
302 338 6 20 i
324 343 25 16 en
366 338 80 21 anstalt
461 338 143 21 sammanföra
620 339 39 20 den
676 339 99 21 tekniska
790 339 177 26 undervisningen
983 339 47 20 med

199 367 40 20 den
263 367 64 23 reala,
352 367 38 20 och
415 367 63 21 sedan
496 367 39 20 den
552 373 75 15 senare
643 367 85 21 erhållit
743 367 107 22 särskilda
865 367 103 21 anstalter
982 367 8 20 i
1006 367 26 21 de

199 395 22 20 2-
237 395 39 21 och
293 395 116 27 4-klassiga
425 395 145 22 realskolorna
587 395 39 22 har
641 402 25 15 en
682 396 133 26 ombildning
831 395 23 21 af
868 396 26 21 de
909 396 70 26 gamla
994 401 35 15 an-

199 423 105 22 stalterna
327 423 70 22 blifvit
413 430 24 15 en
454 424 140 27 sjelfskrifven
610 425 83 25 åtgärd.
723 425 33 21 De
772 425 97 21 tekniska
886 424 146 21 realskolorna

199 459 51 14 voro
273 453 40 21 ock
335 455 61 24 svagt
417 453 115 25 utrustade,
549 453 48 21 med
614 453 76 21 endast
705 459 25 15 en
748 453 106 21 ordinarie
870 453 75 25 lärare,
961 453 69 21 såsom

199 482 58 20 ännu
280 483 24 19 är
327 481 60 22 fallet
407 481 47 22 med
471 482 39 20 den
526 482 6 20 i
548 482 143 21 Nikolaistad.
721 481 36 22 Uti
773 482 62 26 ingen
852 481 23 22 af
889 482 47 21 dem
953 483 76 19 använ-

199 509 37 22 des
251 509 84 22 finskan
351 516 44 15 som
412 510 234 27 undervisningsspråk,
662 510 86 21 hvarför
764 511 40 21 ock
820 510 159 21 Bondeståndet
995 509 35 21 vid

201 539 54 20 1872
271 539 35 20 års
322 539 101 26 landtdag
438 539 154 26 petitionerade
608 545 34 15 om
659 545 25 15 en
699 539 66 21 sådan
781 539 72 21 skolas
868 539 128 20 inrättande.

268 567 29 21 Af
315 567 40 21 den
373 567 120 25 berättelse,
508 567 86 22 hvilken
611 568 65 21 andra
692 567 136 28 afdelningen
844 568 6 20 i
866 567 163 26 Finansexpedi-

198 596 72 21 tionen
287 596 84 27 utgifvit
386 595 32 22 för
435 597 141 20 1872—1880
591 596 93 27 framgår
699 598 33 19 att
748 597 61 20 dessa
826 596 147 21 förhållanden
983 595 47 21 icke

198 624 67 21 heller
280 625 91 26 undgått
387 625 133 26 regeringens
536 625 195 26 uppmärksamhet.
762 619 30 27 År
811 626 53 20 1874
880 625 107 20 nedsattes
1003 630 26 14 en

199 653 88 26 komité,
311 653 66 26 enligt
399 653 62 22 hvars
483 653 81 26 förslag
587 653 26 21 de
636 653 99 22 tekniska
751 653 146 22 realskolorna
913 653 65 20 borde
995 659 33 14 er-

197 683 69 20 sättas
288 682 23 21 af
332 682 162 21 industriskolor
516 683 48 20 med
584 682 59 26 lägre
659 682 40 21 och
715 682 66 27 högre
797 682 67 25 linier,
880 681 150 22 motsvarande

199 711 21 20 2-
237 711 39 20 och
293 710 116 27 4-klassiga
425 711 126 25 realskolan,
568 711 28 26 på
611 711 83 20 hvilkas
709 711 75 21 kurser
797 709 167 22 industriskolan
976 709 52 21 såle-

198 739 37 21 des
250 739 67 21 borde
333 739 85 26 byggas.

267 767 49 22 Men
331 767 66 22 sedan
413 768 58 21 detta
487 767 80 27 förslag
583 767 150 22 underkastats
749 774 26 15 en
792 767 133 30 omfattande
939 767 89 26 gransk-

197 797 51 26 ning
263 797 39 20 och
319 797 65 26 derpå
400 797 5 20 i
421 797 68 26 någon
506 797 47 20 mån
570 796 137 25 omarbetats,
723 796 38 21 har
774 796 197 27 reorganisationen
981 795 47 21 icke

200 825 72 21 vidare
296 825 126 25 fortskridit,
446 825 39 21 och
501 831 48 15 man
566 826 68 20 måste
651 825 73 22 befara
740 827 38 24 att,
795 825 76 20 medan
888 825 82 20 landets
986 823 42 21 till-

197 854 81 26 gångar
293 856 60 23 tagas
369 853 27 27 på
411 855 31 20 ett
457 854 23 21 så
495 854 177 26 utomordentligt
688 855 42 20 sätt
746 854 6 20 i
769 853 92 27 anspråk
877 853 32 21 för
923 852 103 21 lärdoms-

197 882 72 21 skolor
285 882 39 21 och
340 882 176 25 militärväsende,
533 882 40 21 den
590 882 150 27 fackbildning,
757 881 76 22 hvaraf
842 882 83 21 landets
936 880 91 28 produk-

196 911 155 26 tionsförmåga
369 913 24 18 är
409 912 4 19 i
430 911 23 20 så
469 911 41 26 hög
524 911 53 26 grad
594 911 111 25 beroende,
721 911 76 21 förblir
813 911 6 20 i
836 910 103 21 afsaknad
954 909 22 21 af
991 909 37 21 det

197 939 174 27 nödvändigaste.
402 939 28 22 På
454 946 44 14 mer
521 941 26 18 än
572 941 31 20 ett
624 941 44 20 sätt
684 940 38 20 har
738 939 226 26 industriskolefrågan
980 938 47 21 lidit

196 967 88 22 afbräck
306 974 75 21 genom
404 968 35 21 det
454 968 120 27 synnerliga
590 968 97 24 intresse,
702 968 103 21 hvarmed
821 968 40 21 den
877 967 59 21 lärda
952 967 74 20 skolan

196 997 27 26 på
247 1003 74 15 senare
344 997 30 20 tid
396 997 114 21 omfattats.
542 997 32 20 Då
596 997 32 21 till
644 997 52 26 följd
713 997 23 21 af
750 997 127 20 ständernas
892 996 34 20 vid
943 998 83 18 senaste

195 1025 104 27 landtdag
321 1025 89 27 petition
428 1031 26 15 en
470 1025 124 28 förändring
610 1025 22 22 af
646 1025 241 22 elementarläroverken
903 1024 44 21 blef
961 1024 65 21 ound-

195 1054 86 27 gänglig
303 1054 40 21 och
366 1060 48 15 man
437 1054 60 21 sökte
520 1056 32 19 att
568 1054 6 20 i
591 1061 25 14 en
638 1054 143 26 bottenskola,
801 1059 119 22 gemensam
937 1053 34 20 för
986 1052 39 21 den

195 1082 106 22 klassiska
317 1082 39 21 och
372 1083 40 20 den
428 1083 56 20 reala
500 1082 71 26 linien,
585 1082 57 21 finna
655 1089 25 15 en
692 1082 188 22 tillfredsställelse
891 1081 32 21 för
934 1081 25 21 de
970 1083 56 18 utta-

196 1111 49 21 lade
263 1111 191 26 önskningsmålen,
469 1111 43 21 blef
526 1111 257 28 industriskoleförslaget
800 1111 105 21 beroende
922 1109 21 22 af
958 1109 69 21 denna

196 1139 39 22 den
252 1140 58 27 lägre
327 1140 304 27 elementarundervisningens
647 1140 176 27 reorganisation.
848 1139 6 21 I
869 1139 73 26 sjelfva
953 1138 73 21 verket

195 1168 69 21 erhöll
284 1169 164 20 industriskolan
464 1169 6 20 i
486 1169 41 20 den
543 1168 23 21 af
580 1169 142 21 skolkomitén
738 1169 122 26 föreslagna
877 1167 148 22 bottenskolan

195 1203 25 15 en
244 1198 40 20 den
308 1197 211 27 ändamålsenligaste
541 1197 166 27 utgångspunkt,
724 1197 27 27 på
775 1203 81 15 samma
879 1197 55 26 gång
957 1195 69 21 denna

194 1225 82 22 komité
298 1225 38 28 gaf
357 1226 67 21 henne
447 1226 38 21 sitt
508 1228 106 19 varmaste
637 1227 79 20 förord.
748 1227 60 24 ,Den
831 1232 45 15 som
891 1225 48 20 med
955 1224 69 25 någon

194 1255 196 27 uppmärksamhet,
405 1258 67 24 yttras
488 1255 36 21 det
541 1262 46 20 pag.
598 1256 42 20 94i
656 1256 154 21 skolkomiténs
826 1254 140 24 betänkande,
979 1252 47 28 följt

195 1284 116 21 industrins
334 1284 120 27 utveckling
469 1284 6 20 i
491 1284 73 20 landet
586 1284 67 21 under
669 1285 26 20 de
711 1287 84 18 senaste
812 1283 145 25 decennierna,
973 1282 53 21 kän-

193 1318 39 15 ner
248 1315 98 23 nogsamt
361 1312 71 22 hvilka
448 1312 130 27 svårigheter
595 1313 36 21 det
646 1313 93 26 erbjudit
755 1312 40 22 och
811 1311 132 22 fortfarande
956 1311 68 26 erbju-

194 1341 38 21 der
247 1343 33 19 att
295 1341 32 21 till
344 1341 39 21 och
399 1342 47 20 med
462 1341 32 21 för
509 1341 83 21 mindre
608 1341 125 22 industriela
748 1342 52 20 verk
817 1340 39 22 och
872 1339 154 27 anläggningar

193 1368 58 22 finna
266 1369 103 27 skickliga
385 1370 142 21 arbetsledare
544 1370 39 20 och
598 1370 156 21 verkmästare"
772 1372 55 19 samt
837 1376 48 20 pag.
895 1369 34 21 95:
938 1374 86 20 ,genom

193 1398 88 26 lämplig
304 1399 142 25 organisation
469 1398 23 21 af
506 1398 26 21 de
548 1399 58 26 lägre
622 1399 193 21 industriskolorna
830 1398 54 22 skall
901 1397 35 21 det
951 1396 73 22 säker-

192 1426 55 26 ligen
263 1426 66 22 blifva
345 1428 81 26 möjligt
442 1429 30 19 att
487 1427 7 21 i
510 1427 105 27 väsentlig
631 1428 48 20 mån
695 1427 94 27 afhjelpa
805 1427 26 21 de
842 1427 95 21 svåraste
948 1425 77 21 brister

192 1455 41 21 och
249 1456 142 26 olägenheter,
407 1462 44 15 som
467 1456 32 21 för
515 1456 133 22 närvarande
664 1456 86 21 hämma
767 1456 41 21 den
824 1454 124 22 industriela
964 1454 59 21 verk-

191 1484 111 22 samheten
318 1485 6 20 i
340 1484 47 21 vårt
402 1485 69 21 land".
