<?xml version="1.0" encoding="UTF-8"?>
<alto xmlns="http://www.loc.gov/standards/alto/ns-v3#" xmlns:xlink="http://www.w3.org/1999/xlink" xmlns:xsi="http://www.w3.org/2001/XMLSchema-instance" xsi:schemaLocation="http://www.loc.gov/standards/alto/ns-v3# http://www.loc.gov/alto/v3/alto-3-0.xsd">
	<Description>
		<MeasurementUnit>pixel</MeasurementUnit>
		<sourceImageInformation>
			<fileName>/tmp/tess_lalx06js_input.PNG</fileName>
		</sourceImageInformation>
		<OCRProcessing ID="OCR_0">
			<ocrProcessingStep>
				<processingSoftware>
					<softwareName>tesseract 5.3.4</softwareName>
				</processingSoftware>
			</ocrProcessingStep>
		</OCRProcessing>
	</Description>
	<Layout>
		<Page WIDTH="1117" HEIGHT="1781" PHYSICAL_IMG_NR="0" ID="page_0">
			<PrintSpace HPOS="0" VPOS="0" WIDTH="1117" HEIGHT="1781">
				<ComposedBlock ID="cblock_0" HPOS="330" VPOS="114" WIDTH="565" HEIGHT="23">
					<TextBlock ID="block_0" HPOS="330" VPOS="114" WIDTH="565" HEIGHT="23">
						<TextLine ID="line_0" HPOS="330" VPOS="114" WIDTH="565" HEIGHT="23">
							<String ID="string_0" HPOS="330" VPOS="119" WIDTH="161" HEIGHT="18" WC="0.91" CONTENT="Presteståndet"/><SP WIDTH="13" VPOS="119" HPOS="491"/>
							<String ID="string_1" HPOS="504" VPOS="120" WIDTH="59" HEIGHT="16" WC="0.95" CONTENT="1882."/><SP WIDTH="25" VPOS="120" HPOS="563"/>
							<String ID="string_2" HPOS="588" VPOS="120" WIDTH="20" HEIGHT="16" WC="0.95" CONTENT="11"/><SP WIDTH="13" VPOS="120" HPOS="608"/>
							<String ID="string_3" HPOS="621" VPOS="123" WIDTH="61" HEIGHT="13" WC="0.95" CONTENT="mars."/><SP WIDTH="173" VPOS="123" HPOS="682"/>
							<String ID="string_4" HPOS="855" VPOS="114" WIDTH="40" HEIGHT="21" WC="0.96" CONTENT="367"/>
						</TextLine>
					</TextBlock>
				</ComposedBlock>
				<GraphicalElement ID="cblock_1" HPOS="98" VPOS="147" WIDTH="827" HEIGHT="5"></GraphicalElement >
				<ComposedBlock ID="cblock_2" HPOS="98" VPOS="188" WIDTH="827" HEIGHT="113">
					<TextBlock ID="block_1" HPOS="98" VPOS="188" WIDTH="827" HEIGHT="113">
						<TextLine ID="line_1" HPOS="167" VPOS="188" WIDTH="758" HEIGHT="27">
							<String ID="string_5" HPOS="167" VPOS="190" WIDTH="32" HEIGHT="20" WC="0.93" CONTENT="att"/><SP WIDTH="14" VPOS="190" HPOS="199"/>
							<String ID="string_6" HPOS="213" VPOS="188" WIDTH="90" HEIGHT="21" WC="0.89" CONTENT="Ståndet"/><SP WIDTH="12" VPOS="188" HPOS="303"/>
							<String ID="string_7" HPOS="315" VPOS="188" WIDTH="139" HEIGHT="21" WC="0.92" CONTENT="oförändradt"/><SP WIDTH="10" VPOS="188" HPOS="454"/>
							<String ID="string_8" HPOS="464" VPOS="188" WIDTH="110" HEIGHT="27" WC="0.92" CONTENT="godkändt"/><SP WIDTH="12" VPOS="188" HPOS="574"/>
							<String ID="string_9" HPOS="586" VPOS="188" WIDTH="248" HEIGHT="27" WC="0.90" CONTENT="expeditionsutskottets"/><SP WIDTH="12" VPOS="188" HPOS="834"/>
							<String ID="string_10" HPOS="846" VPOS="188" WIDTH="79" HEIGHT="27" WC="0.96" CONTENT="förslag"/>
						</TextLine>
						<TextLine ID="line_2" HPOS="99" VPOS="216" WIDTH="826" HEIGHT="28">
							<String ID="string_11" HPOS="99" VPOS="217" WIDTH="32" HEIGHT="22" WC="0.92" CONTENT="till"/><SP WIDTH="24" VPOS="217" HPOS="131"/>
							<String ID="string_12" HPOS="155" VPOS="217" WIDTH="130" HEIGHT="27" WC="0.92" CONTENT="underdånig"/><SP WIDTH="22" VPOS="217" HPOS="285"/>
							<String ID="string_13" HPOS="307" VPOS="216" WIDTH="110" HEIGHT="22" WC="0.96" CONTENT="skrifvelse"/><SP WIDTH="15" VPOS="216" HPOS="417"/>
							<String ID="string_14" HPOS="432" VPOS="216" WIDTH="6" HEIGHT="21" WC="0.96" CONTENT="i"/><SP WIDTH="16" VPOS="216" HPOS="438"/>
							<String ID="string_15" HPOS="454" VPOS="217" WIDTH="114" HEIGHT="26" WC="0.96" CONTENT="anledning"/><SP WIDTH="16" VPOS="217" HPOS="568"/>
							<String ID="string_16" HPOS="584" VPOS="217" WIDTH="23" HEIGHT="20" WC="0.96" CONTENT="af"/><SP WIDTH="15" VPOS="217" HPOS="607"/>
							<String ID="string_17" HPOS="622" VPOS="217" WIDTH="25" HEIGHT="21" WC="0.97" CONTENT="de"/><SP WIDTH="15" VPOS="217" HPOS="647"/>
							<String ID="string_18" HPOS="662" VPOS="217" WIDTH="57" HEIGHT="21" WC="0.93" CONTENT="inom"/><SP WIDTH="16" VPOS="217" HPOS="719"/>
							<String ID="string_19" HPOS="735" VPOS="217" WIDTH="94" HEIGHT="21" WC="0.91" CONTENT="Stånden"/><SP WIDTH="16" VPOS="217" HPOS="829"/>
							<String ID="string_20" HPOS="845" VPOS="217" WIDTH="80" HEIGHT="22" WC="0.95" CONTENT="fattade"/>
						</TextLine>
						<TextLine ID="line_3" HPOS="98" VPOS="245" WIDTH="827" HEIGHT="28">
							<String ID="string_21" HPOS="98" VPOS="246" WIDTH="70" HEIGHT="21" WC="0.96" CONTENT="beslut"/><SP WIDTH="22" VPOS="246" HPOS="168"/>
							<String ID="string_22" HPOS="190" VPOS="252" WIDTH="34" HEIGHT="15" WC="0.96" CONTENT="om"/><SP WIDTH="21" VPOS="252" HPOS="224"/>
							<String ID="string_23" HPOS="245" VPOS="252" WIDTH="26" HEIGHT="15" WC="0.89" CONTENT="en"/><SP WIDTH="22" VPOS="252" HPOS="271"/>
							<String ID="string_24" HPOS="293" VPOS="245" WIDTH="182" HEIGHT="28" WC="0.88" CONTENT="helsningsadress"/><SP WIDTH="16" VPOS="245" HPOS="475"/>
							<String ID="string_25" HPOS="491" VPOS="245" WIDTH="39" HEIGHT="22" WC="0.96" CONTENT="och"/><SP WIDTH="16" VPOS="245" HPOS="530"/>
							<String ID="string_26" HPOS="546" VPOS="245" WIDTH="101" HEIGHT="22" WC="0.96" CONTENT="anhållan"/><SP WIDTH="16" VPOS="245" HPOS="647"/>
							<String ID="string_27" HPOS="663" VPOS="251" WIDTH="33" HEIGHT="15" WC="0.96" CONTENT="om"/><SP WIDTH="17" VPOS="251" HPOS="696"/>
							<String ID="string_28" HPOS="713" VPOS="245" WIDTH="96" HEIGHT="22" WC="0.96" CONTENT="tillstånd"/><SP WIDTH="16" VPOS="245" HPOS="809"/>
							<String ID="string_29" HPOS="825" VPOS="248" WIDTH="32" HEIGHT="20" WC="0.93" CONTENT="att"/><SP WIDTH="15" VPOS="248" HPOS="857"/>
							<String ID="string_30" HPOS="872" VPOS="252" WIDTH="53" HEIGHT="21" WC="0.91" CONTENT="upp-"/>
						</TextLine>
						<TextLine ID="line_4" HPOS="99" VPOS="273" WIDTH="513" HEIGHT="28">
							<String ID="string_31" HPOS="99" VPOS="281" WIDTH="46" HEIGHT="15" WC="0.95" CONTENT="resa"/><SP WIDTH="16" VPOS="281" HPOS="145"/>
							<String ID="string_32" HPOS="161" VPOS="281" WIDTH="25" HEIGHT="15" WC="0.95" CONTENT="en"/><SP WIDTH="16" VPOS="281" HPOS="186"/>
							<String ID="string_33" HPOS="202" VPOS="276" WIDTH="57" HEIGHT="25" WC="0.95" CONTENT="staty"/><SP WIDTH="16" VPOS="276" HPOS="259"/>
							<String ID="string_34" HPOS="275" VPOS="274" WIDTH="32" HEIGHT="21" WC="0.96" CONTENT="till"/><SP WIDTH="16" VPOS="274" HPOS="307"/>
							<String ID="string_35" HPOS="323" VPOS="274" WIDTH="70" HEIGHT="21" WC="0.96" CONTENT="minne"/><SP WIDTH="17" VPOS="274" HPOS="393"/>
							<String ID="string_36" HPOS="410" VPOS="273" WIDTH="22" HEIGHT="22" WC="0.96" CONTENT="af"/><SP WIDTH="14" VPOS="273" HPOS="432"/>
							<String ID="string_37" HPOS="446" VPOS="274" WIDTH="121" HEIGHT="21" WC="0.96" CONTENT="Alexander"/><SP WIDTH="14" VPOS="274" HPOS="567"/>
							<String ID="string_38" HPOS="581" VPOS="274" WIDTH="31" HEIGHT="26" WC="0.85" CONTENT="II;"/>
						</TextLine>
					</TextBlock>
				</ComposedBlock>
				<ComposedBlock ID="cblock_3" HPOS="99" VPOS="331" WIDTH="827" HEIGHT="114">
					<TextBlock ID="block_2" HPOS="99" VPOS="331" WIDTH="827" HEIGHT="114">
						<TextLine ID="line_5" HPOS="167" VPOS="331" WIDTH="758" HEIGHT="27">
							<String ID="string_39" HPOS="167" VPOS="334" WIDTH="32" HEIGHT="19" WC="0.93" CONTENT="att"/><SP WIDTH="22" VPOS="334" HPOS="199"/>
							<String ID="string_40" HPOS="221" VPOS="331" WIDTH="90" HEIGHT="22" WC="0.90" CONTENT="Ståndet"/><SP WIDTH="22" VPOS="331" HPOS="311"/>
							<String ID="string_41" HPOS="333" VPOS="331" WIDTH="34" HEIGHT="21" WC="0.96" CONTENT="vid"/><SP WIDTH="24" VPOS="331" HPOS="367"/>
							<String ID="string_42" HPOS="391" VPOS="331" WIDTH="149" HEIGHT="27" WC="0.96" CONTENT="föredragning"/><SP WIDTH="23" VPOS="331" HPOS="540"/>
							<String ID="string_43" HPOS="563" VPOS="331" WIDTH="23" HEIGHT="21" WC="0.96" CONTENT="af"/><SP WIDTH="14" VPOS="331" HPOS="586"/>
							<String ID="string_44" HPOS="600" VPOS="331" WIDTH="106" HEIGHT="21" WC="0.92" CONTENT="allmänna"/><SP WIDTH="16" VPOS="331" HPOS="706"/>
							<String ID="string_45" HPOS="722" VPOS="331" WIDTH="203" HEIGHT="22" WC="0.92" CONTENT="besvärsutskottets"/>
						</TextLine>
						<TextLine ID="line_6" HPOS="100" VPOS="360" WIDTH="826" HEIGHT="27">
							<String ID="string_46" HPOS="100" VPOS="360" WIDTH="133" HEIGHT="22" WC="0.96" CONTENT="betänkande"/><SP WIDTH="16" VPOS="360" HPOS="233"/>
							<String ID="string_47" HPOS="249" VPOS="360" WIDTH="39" HEIGHT="22" WC="0.96" CONTENT="N:o"/><SP WIDTH="17" VPOS="360" HPOS="288"/>
							<String ID="string_48" HPOS="305" VPOS="361" WIDTH="9" HEIGHT="20" WC="0.96" CONTENT="1"/><SP WIDTH="19" VPOS="361" HPOS="314"/>
							<String ID="string_49" HPOS="333" VPOS="367" WIDTH="33" HEIGHT="14" WC="0.95" CONTENT="om"/><SP WIDTH="16" VPOS="367" HPOS="366"/>
							<String ID="string_50" HPOS="382" VPOS="360" WIDTH="122" HEIGHT="21" WC="0.96" CONTENT="inrättande"/><SP WIDTH="16" VPOS="360" HPOS="504"/>
							<String ID="string_51" HPOS="520" VPOS="360" WIDTH="22" HEIGHT="21" WC="0.96" CONTENT="af"/><SP WIDTH="15" VPOS="360" HPOS="542"/>
							<String ID="string_52" HPOS="557" VPOS="366" WIDTH="25" HEIGHT="15" WC="0.93" CONTENT="en"/><SP WIDTH="12" VPOS="366" HPOS="582"/>
							<String ID="string_53" HPOS="594" VPOS="360" WIDTH="164" HEIGHT="27" WC="0.91" CONTENT="meteorologisk"/><SP WIDTH="11" VPOS="360" HPOS="758"/>
							<String ID="string_54" HPOS="769" VPOS="360" WIDTH="157" HEIGHT="21" WC="0.92" CONTENT="observations-"/>
						</TextLine>
						<TextLine ID="line_7" HPOS="99" VPOS="388" WIDTH="826" HEIGHT="27">
							<String ID="string_55" HPOS="99" VPOS="389" WIDTH="79" HEIGHT="21" WC="0.95" CONTENT="anstalt"/><SP WIDTH="22" VPOS="389" HPOS="178"/>
							<String ID="string_56" HPOS="200" VPOS="389" WIDTH="7" HEIGHT="21" WC="0.96" CONTENT="i"/><SP WIDTH="23" VPOS="389" HPOS="207"/>
							<String ID="string_57" HPOS="230" VPOS="389" WIDTH="76" HEIGHT="21" WC="0.95" CONTENT="Kittilä"/><SP WIDTH="21" VPOS="389" HPOS="306"/>
							<String ID="string_58" HPOS="327" VPOS="389" WIDTH="52" HEIGHT="21" WC="0.96" CONTENT="eller"/><SP WIDTH="22" VPOS="389" HPOS="379"/>
							<String ID="string_59" HPOS="401" VPOS="388" WIDTH="128" HEIGHT="27" WC="0.96" CONTENT="Sodankylä,"/><SP WIDTH="17" VPOS="388" HPOS="529"/>
							<String ID="string_60" HPOS="546" VPOS="389" WIDTH="55" HEIGHT="21" WC="0.93" CONTENT="efter"/><SP WIDTH="15" VPOS="389" HPOS="601"/>
							<String ID="string_61" HPOS="616" VPOS="388" WIDTH="85" HEIGHT="22" WC="0.90" CONTENT="anstäld"/><SP WIDTH="17" VPOS="388" HPOS="701"/>
							<String ID="string_62" HPOS="718" VPOS="389" WIDTH="96" HEIGHT="26" WC="0.96" CONTENT="votering"/><SP WIDTH="15" VPOS="389" HPOS="814"/>
							<String ID="string_63" HPOS="829" VPOS="389" WIDTH="96" HEIGHT="26" WC="0.96" CONTENT="godkänt"/>
						</TextLine>
						<TextLine ID="line_8" HPOS="100" VPOS="417" WIDTH="494" HEIGHT="28">
							<String ID="string_64" HPOS="100" VPOS="418" WIDTH="39" HEIGHT="21" WC="0.95" CONTENT="den"/><SP WIDTH="16" VPOS="418" HPOS="139"/>
							<String ID="string_65" HPOS="155" VPOS="418" WIDTH="143" HEIGHT="21" WC="0.95" CONTENT="betänkandet"/><SP WIDTH="15" VPOS="418" HPOS="298"/>
							<String ID="string_66" HPOS="313" VPOS="417" WIDTH="99" HEIGHT="28" WC="0.96" CONTENT="bifogade"/><SP WIDTH="15" VPOS="417" HPOS="412"/>
							<String ID="string_67" HPOS="427" VPOS="418" WIDTH="167" HEIGHT="21" WC="0.95" CONTENT="reservationen."/>
						</TextLine>
					</TextBlock>
				</ComposedBlock>
				<ComposedBlock ID="cblock_4" HPOS="168" VPOS="474" WIDTH="488" HEIGHT="27">
					<TextBlock ID="block_3" HPOS="168" VPOS="474" WIDTH="488" HEIGHT="27">
						<TextLine ID="line_9" HPOS="168" VPOS="474" WIDTH="488" HEIGHT="27">
							<String ID="string_68" HPOS="168" VPOS="475" WIDTH="55" HEIGHT="21" WC="0.93" CONTENT="Från"/><SP WIDTH="16" VPOS="475" HPOS="223"/>
							<String ID="string_69" HPOS="239" VPOS="474" WIDTH="179" HEIGHT="27" WC="0.89" CONTENT="Borgareståndet"/><SP WIDTH="16" VPOS="474" HPOS="418"/>
							<String ID="string_70" HPOS="434" VPOS="475" WIDTH="48" HEIGHT="21" WC="0.96" CONTENT="med"/><SP WIDTH="16" VPOS="475" HPOS="482"/>
							<String ID="string_71" HPOS="498" VPOS="475" WIDTH="158" HEIGHT="21" WC="0.96" CONTENT="underrättelse"/>
						</TextLine>
					</TextBlock>
				</ComposedBlock>
				<ComposedBlock ID="cblock_5" HPOS="100" VPOS="531" WIDTH="826" HEIGHT="114">
					<TextBlock ID="block_4" HPOS="100" VPOS="531" WIDTH="826" HEIGHT="114">
						<TextLine ID="line_10" HPOS="167" VPOS="531" WIDTH="759" HEIGHT="28">
							<String ID="string_72" HPOS="167" VPOS="534" WIDTH="33" HEIGHT="19" WC="0.93" CONTENT="att"/><SP WIDTH="21" VPOS="534" HPOS="200"/>
							<String ID="string_73" HPOS="221" VPOS="531" WIDTH="89" HEIGHT="22" WC="0.89" CONTENT="Ståndet"/><SP WIDTH="15" VPOS="531" HPOS="310"/>
							<String ID="string_74" HPOS="325" VPOS="531" WIDTH="47" HEIGHT="21" WC="0.96" CONTENT="med"/><SP WIDTH="16" VPOS="531" HPOS="372"/>
							<String ID="string_75" HPOS="388" VPOS="531" WIDTH="60" HEIGHT="21" WC="0.96" CONTENT="bifall"/><SP WIDTH="16" VPOS="531" HPOS="448"/>
							<String ID="string_76" HPOS="464" VPOS="531" WIDTH="32" HEIGHT="22" WC="0.95" CONTENT="till"/><SP WIDTH="15" VPOS="531" HPOS="496"/>
							<String ID="string_77" HPOS="511" VPOS="533" WIDTH="155" HEIGHT="20" WC="0.93" CONTENT="sammansatta"/><SP WIDTH="14" VPOS="533" HPOS="666"/>
							<String ID="string_78" HPOS="680" VPOS="531" WIDTH="43" HEIGHT="28" WC="0.88" CONTENT="lag-"/><SP WIDTH="16" VPOS="531" HPOS="723"/>
							<String ID="string_79" HPOS="739" VPOS="531" WIDTH="39" HEIGHT="22" WC="0.93" CONTENT="och"/><SP WIDTH="16" VPOS="531" HPOS="778"/>
							<String ID="string_80" HPOS="794" VPOS="531" WIDTH="132" HEIGHT="22" WC="0.92" CONTENT="ekonomiut-"/>
						</TextLine>
						<TextLine ID="line_11" HPOS="101" VPOS="559" WIDTH="825" HEIGHT="28">
							<String ID="string_81" HPOS="101" VPOS="560" WIDTH="92" HEIGHT="21" WC="0.91" CONTENT="skottets"/><SP WIDTH="23" VPOS="560" HPOS="193"/>
							<String ID="string_82" HPOS="216" VPOS="560" WIDTH="131" HEIGHT="27" WC="0.92" CONTENT="inbjudning,"/><SP WIDTH="24" VPOS="560" HPOS="347"/>
							<String ID="string_83" HPOS="371" VPOS="560" WIDTH="87" HEIGHT="21" WC="0.92" CONTENT="beslutit"/><SP WIDTH="16" VPOS="560" HPOS="458"/>
							<String ID="string_84" HPOS="474" VPOS="562" WIDTH="32" HEIGHT="19" WC="0.96" CONTENT="att"/><SP WIDTH="15" VPOS="562" HPOS="506"/>
							<String ID="string_85" HPOS="521" VPOS="561" WIDTH="91" HEIGHT="20" WC="0.93" CONTENT="medelst"/><SP WIDTH="16" VPOS="561" HPOS="612"/>
							<String ID="string_86" HPOS="628" VPOS="559" WIDTH="196" HEIGHT="28" WC="0.92" CONTENT="protokollsutdrag"/><SP WIDTH="15" VPOS="559" HPOS="824"/>
							<String ID="string_87" HPOS="839" VPOS="560" WIDTH="87" HEIGHT="27" WC="0.96" CONTENT="inbjuda"/>
						</TextLine>
						<TextLine ID="line_12" HPOS="100" VPOS="589" WIDTH="826" HEIGHT="26">
							<String ID="string_88" HPOS="100" VPOS="589" WIDTH="155" HEIGHT="26" WC="0.92" CONTENT="Ridderskapet"/><SP WIDTH="16" VPOS="589" HPOS="255"/>
							<String ID="string_89" HPOS="271" VPOS="589" WIDTH="38" HEIGHT="21" WC="0.97" CONTENT="och"/><SP WIDTH="15" VPOS="589" HPOS="309"/>
							<String ID="string_90" HPOS="324" VPOS="589" WIDTH="62" HEIGHT="20" WC="0.96" CONTENT="adeln"/><SP WIDTH="19" VPOS="589" HPOS="386"/>
							<String ID="string_91" HPOS="405" VPOS="591" WIDTH="54" HEIGHT="19" WC="0.93" CONTENT="samt"/><SP WIDTH="8" VPOS="591" HPOS="459"/>
							<String ID="string_92" HPOS="467" VPOS="589" WIDTH="160" HEIGHT="21" WC="0.91" CONTENT="Bondeståndet"/><SP WIDTH="11" VPOS="589" HPOS="627"/>
							<String ID="string_93" HPOS="638" VPOS="591" WIDTH="32" HEIGHT="19" WC="0.96" CONTENT="att"/><SP WIDTH="10" VPOS="591" HPOS="670"/>
							<String ID="string_94" HPOS="680" VPOS="589" WIDTH="33" HEIGHT="21" WC="0.93" CONTENT="till"/><SP WIDTH="12" VPOS="589" HPOS="713"/>
							<String ID="string_95" HPOS="725" VPOS="589" WIDTH="97" HEIGHT="21" WC="0.92" CONTENT="bemälde"/><SP WIDTH="10" VPOS="589" HPOS="822"/>
							<String ID="string_96" HPOS="832" VPOS="589" WIDTH="94" HEIGHT="22" WC="0.96" CONTENT="utskotts"/>
						</TextLine>
						<TextLine ID="line_13" HPOS="100" VPOS="617" WIDTH="775" HEIGHT="28">
							<String ID="string_97" HPOS="100" VPOS="617" WIDTH="116" HEIGHT="28" WC="0.93" CONTENT="beredning"/><SP WIDTH="15" VPOS="617" HPOS="216"/>
							<String ID="string_98" HPOS="231" VPOS="617" WIDTH="129" HEIGHT="22" WC="0.91" CONTENT="öfverlämna"/><SP WIDTH="15" VPOS="617" HPOS="360"/>
							<String ID="string_99" HPOS="375" VPOS="617" WIDTH="76" HEIGHT="27" WC="0.93" CONTENT="nådiga"/><SP WIDTH="16" VPOS="617" HPOS="451"/>
							<String ID="string_100" HPOS="467" VPOS="618" WIDTH="186" HEIGHT="27" WC="0.91" CONTENT="propositionerna"/><SP WIDTH="16" VPOS="618" HPOS="653"/>
							<String ID="string_101" HPOS="669" VPOS="617" WIDTH="56" HEIGHT="22" WC="0.91" CONTENT="N:ris"/><SP WIDTH="16" VPOS="617" HPOS="725"/>
							<String ID="string_102" HPOS="741" VPOS="618" WIDTH="27" HEIGHT="21" WC="0.96" CONTENT="34"/><SP WIDTH="16" VPOS="618" HPOS="768"/>
							<String ID="string_103" HPOS="784" VPOS="617" WIDTH="39" HEIGHT="22" WC="0.96" CONTENT="och"/><SP WIDTH="15" VPOS="617" HPOS="823"/>
							<String ID="string_104" HPOS="838" VPOS="618" WIDTH="37" HEIGHT="26" WC="0.96" CONTENT="35;"/>
						</TextLine>
					</TextBlock>
				</ComposedBlock>
				<ComposedBlock ID="cblock_6" HPOS="100" VPOS="674" WIDTH="826" HEIGHT="171">
					<TextBlock ID="block_5" HPOS="100" VPOS="674" WIDTH="826" HEIGHT="171">
						<TextLine ID="line_14" HPOS="169" VPOS="674" WIDTH="756" HEIGHT="27">
							<String ID="string_105" HPOS="169" VPOS="677" WIDTH="31" HEIGHT="18" WC="0.93" CONTENT="att"/><SP WIDTH="23" VPOS="677" HPOS="200"/>
							<String ID="string_106" HPOS="223" VPOS="675" WIDTH="90" HEIGHT="21" WC="0.91" CONTENT="Ständet"/><SP WIDTH="15" VPOS="675" HPOS="313"/>
							<String ID="string_107" HPOS="328" VPOS="674" WIDTH="34" HEIGHT="21" WC="0.96" CONTENT="vid"/><SP WIDTH="15" VPOS="674" HPOS="362"/>
							<String ID="string_108" HPOS="377" VPOS="674" WIDTH="150" HEIGHT="27" WC="0.92" CONTENT="föredragning"/><SP WIDTH="15" VPOS="674" HPOS="527"/>
							<String ID="string_109" HPOS="542" VPOS="675" WIDTH="110" HEIGHT="26" WC="0.93" CONTENT="godkändt"/><SP WIDTH="15" VPOS="675" HPOS="652"/>
							<String ID="string_110" HPOS="667" VPOS="675" WIDTH="170" HEIGHT="21" WC="0.92" CONTENT="statsutskottets"/><SP WIDTH="16" VPOS="675" HPOS="837"/>
							<String ID="string_111" HPOS="853" VPOS="675" WIDTH="72" HEIGHT="22" WC="0.92" CONTENT="betän-"/>
						</TextLine>
						<TextLine ID="line_15" HPOS="100" VPOS="703" WIDTH="825" HEIGHT="28">
							<String ID="string_112" HPOS="100" VPOS="703" WIDTH="69" HEIGHT="21" WC="0.96" CONTENT="kande"/><SP WIDTH="16" VPOS="703" HPOS="169"/>
							<String ID="string_113" HPOS="185" VPOS="703" WIDTH="38" HEIGHT="21" WC="0.95" CONTENT="N:o"/><SP WIDTH="18" VPOS="703" HPOS="223"/>
							<String ID="string_114" HPOS="241" VPOS="705" WIDTH="11" HEIGHT="19" WC="0.95" CONTENT="2"/><SP WIDTH="17" VPOS="705" HPOS="252"/>
							<String ID="string_115" HPOS="269" VPOS="703" WIDTH="6" HEIGHT="21" WC="0.93" CONTENT="i"/><SP WIDTH="15" VPOS="703" HPOS="275"/>
							<String ID="string_116" HPOS="290" VPOS="703" WIDTH="113" HEIGHT="27" WC="0.92" CONTENT="anledning"/><SP WIDTH="15" VPOS="703" HPOS="403"/>
							<String ID="string_117" HPOS="418" VPOS="703" WIDTH="22" HEIGHT="21" WC="0.96" CONTENT="af"/><SP WIDTH="15" VPOS="703" HPOS="440"/>
							<String ID="string_118" HPOS="455" VPOS="703" WIDTH="59" HEIGHT="21" WC="0.93" CONTENT="Hans"/><SP WIDTH="16" VPOS="703" HPOS="514"/>
							<String ID="string_119" HPOS="530" VPOS="703" WIDTH="118" HEIGHT="28" WC="0.93" CONTENT="Kejserliga"/><SP WIDTH="16" VPOS="703" HPOS="648"/>
							<String ID="string_120" HPOS="664" VPOS="703" WIDTH="111" HEIGHT="27" WC="0.93" CONTENT="Majestäts"/><SP WIDTH="16" VPOS="703" HPOS="775"/>
							<String ID="string_121" HPOS="791" VPOS="704" WIDTH="76" HEIGHT="26" WC="0.92" CONTENT="nädiga"/><SP WIDTH="10" VPOS="704" HPOS="867"/>
							<String ID="string_122" HPOS="877" VPOS="710" WIDTH="48" HEIGHT="21" WC="0.91" CONTENT="pro-"/>
						</TextLine>
						<TextLine ID="line_16" HPOS="100" VPOS="731" WIDTH="826" HEIGHT="28">
							<String ID="string_123" HPOS="100" VPOS="731" WIDTH="90" HEIGHT="27" WC="0.95" CONTENT="position"/><SP WIDTH="23" VPOS="731" HPOS="190"/>
							<String ID="string_124" HPOS="213" VPOS="739" WIDTH="34" HEIGHT="14" WC="0.93" CONTENT="om"/><SP WIDTH="16" VPOS="739" HPOS="247"/>
							<String ID="string_125" HPOS="263" VPOS="732" WIDTH="163" HEIGHT="26" WC="0.91" CONTENT="gvarnskattens"/><SP WIDTH="16" VPOS="732" HPOS="426"/>
							<String ID="string_126" HPOS="442" VPOS="732" WIDTH="156" HEIGHT="27" WC="0.92" CONTENT="upphäfvande,"/><SP WIDTH="17" VPOS="732" HPOS="598"/>
							<String ID="string_127" HPOS="615" VPOS="732" WIDTH="116" HEIGHT="27" WC="0.91" CONTENT="hvarjemte"/><SP WIDTH="15" VPOS="732" HPOS="731"/>
							<String ID="string_128" HPOS="746" VPOS="732" WIDTH="180" HEIGHT="27" WC="0.93" CONTENT="Borgareständet"/>
						</TextLine>
						<TextLine ID="line_17" HPOS="101" VPOS="760" WIDTH="824" HEIGHT="27">
							<String ID="string_129" HPOS="101" VPOS="760" WIDTH="47" HEIGHT="21" WC="0.96" CONTENT="ville"/><SP WIDTH="23" VPOS="760" HPOS="148"/>
							<String ID="string_130" HPOS="171" VPOS="761" WIDTH="6" HEIGHT="20" WC="0.93" CONTENT="i"/><SP WIDTH="24" VPOS="761" HPOS="177"/>
							<String ID="string_131" HPOS="201" VPOS="760" WIDTH="130" HEIGHT="22" WC="0.92" CONTENT="Ständernas"/><SP WIDTH="22" VPOS="760" HPOS="331"/>
							<String ID="string_132" HPOS="353" VPOS="761" WIDTH="120" HEIGHT="26" WC="0.92" CONTENT="afgifvande"/><SP WIDTH="16" VPOS="761" HPOS="473"/>
							<String ID="string_133" HPOS="489" VPOS="767" WIDTH="55" HEIGHT="20" WC="0.93" CONTENT="svar,"/><SP WIDTH="16" VPOS="767" HPOS="544"/>
							<String ID="string_134" HPOS="560" VPOS="761" WIDTH="101" HEIGHT="21" WC="0.93" CONTENT="särskildt"/><SP WIDTH="16" VPOS="761" HPOS="661"/>
							<String ID="string_135" HPOS="677" VPOS="761" WIDTH="63" HEIGHT="21" WC="0.92" CONTENT="hafva"/><SP WIDTH="16" VPOS="761" HPOS="740"/>
							<String ID="string_136" HPOS="756" VPOS="761" WIDTH="128" HEIGHT="21" WC="0.91" CONTENT="framhällna"/><SP WIDTH="15" VPOS="761" HPOS="884"/>
							<String ID="string_137" HPOS="899" VPOS="761" WIDTH="26" HEIGHT="21" WC="0.96" CONTENT="de"/>
						</TextLine>
						<TextLine ID="line_18" HPOS="100" VPOS="789" WIDTH="824" HEIGHT="27">
							<String ID="string_138" HPOS="100" VPOS="789" WIDTH="185" HEIGHT="27" WC="0.93" CONTENT="omständigheter,"/><SP WIDTH="16" VPOS="789" HPOS="285"/>
							<String ID="string_139" HPOS="301" VPOS="789" WIDTH="108" HEIGHT="26" WC="0.90" CONTENT="angäende"/><SP WIDTH="15" VPOS="789" HPOS="409"/>
							<String ID="string_140" HPOS="424" VPOS="789" WIDTH="83" HEIGHT="22" WC="0.92" CONTENT="hvilkas"/><SP WIDTH="16" VPOS="789" HPOS="507"/>
							<String ID="string_141" HPOS="523" VPOS="789" WIDTH="155" HEIGHT="22" WC="0.89" CONTENT="omnämnande"/><SP WIDTH="16" VPOS="789" HPOS="678"/>
							<String ID="string_142" HPOS="694" VPOS="790" WIDTH="105" HEIGHT="21" WC="0.91" CONTENT="utskottet"/><SP WIDTH="15" VPOS="790" HPOS="799"/>
							<String ID="string_143" HPOS="814" VPOS="790" WIDTH="7" HEIGHT="21" WC="0.96" CONTENT="i"/><SP WIDTH="16" VPOS="790" HPOS="821"/>
							<String ID="string_144" HPOS="837" VPOS="790" WIDTH="38" HEIGHT="21" WC="0.93" CONTENT="sitt"/><SP WIDTH="14" VPOS="790" HPOS="875"/>
							<String ID="string_145" HPOS="889" VPOS="789" WIDTH="35" HEIGHT="22" WC="0.93" CONTENT="be-"/>
						</TextLine>
						<TextLine ID="line_19" HPOS="100" VPOS="818" WIDTH="511" HEIGHT="27">
							<String ID="string_146" HPOS="100" VPOS="818" WIDTH="107" HEIGHT="21" WC="0.93" CONTENT="tänkande"/><SP WIDTH="15" VPOS="818" HPOS="207"/>
							<String ID="string_147" HPOS="222" VPOS="818" WIDTH="38" HEIGHT="21" WC="0.96" CONTENT="sid."/><SP WIDTH="17" VPOS="818" HPOS="260"/>
							<String ID="string_148" HPOS="277" VPOS="819" WIDTH="12" HEIGHT="20" WC="0.96" CONTENT="6"/><SP WIDTH="16" VPOS="819" HPOS="289"/>
							<String ID="string_149" HPOS="305" VPOS="819" WIDTH="67" HEIGHT="20" WC="0.93" CONTENT="andra"/><SP WIDTH="15" VPOS="819" HPOS="372"/>
							<String ID="string_150" HPOS="387" VPOS="818" WIDTH="83" HEIGHT="27" WC="0.92" CONTENT="stycket"/><SP WIDTH="12" VPOS="818" HPOS="470"/>
							<String ID="string_151" HPOS="482" VPOS="818" WIDTH="129" HEIGHT="21" WC="0.92" CONTENT="hemställer."/>
						</TextLine>
					</TextBlock>
				</ComposedBlock>
				<ComposedBlock ID="cblock_7" HPOS="100" VPOS="875" WIDTH="826" HEIGHT="56">
					<TextBlock ID="block_6" HPOS="100" VPOS="875" WIDTH="826" HEIGHT="56">
						<TextLine ID="line_20" HPOS="169" VPOS="875" WIDTH="757" HEIGHT="28">
							<String ID="string_152" HPOS="169" VPOS="875" WIDTH="67" HEIGHT="21" WC="0.90" CONTENT="Dessa"/><SP WIDTH="22" VPOS="875" HPOS="236"/>
							<String ID="string_153" HPOS="258" VPOS="875" WIDTH="196" HEIGHT="26" WC="0.83" CONTENT="protokollsutdrag"/><SP WIDTH="23" VPOS="875" HPOS="454"/>
							<String ID="string_154" HPOS="477" VPOS="875" WIDTH="68" HEIGHT="22" WC="0.93" CONTENT="skulle"/><SP WIDTH="19" VPOS="875" HPOS="545"/>
							<String ID="string_155" HPOS="564" VPOS="876" WIDTH="68" HEIGHT="21" WC="0.93" CONTENT="såsom"/><SP WIDTH="18" VPOS="876" HPOS="632"/>
							<String ID="string_156" HPOS="650" VPOS="875" WIDTH="150" HEIGHT="22" WC="0.92" CONTENT="föranledande"/><SP WIDTH="15" VPOS="875" HPOS="800"/>
							<String ID="string_157" HPOS="815" VPOS="876" WIDTH="32" HEIGHT="21" WC="0.96" CONTENT="till"/><SP WIDTH="16" VPOS="876" HPOS="847"/>
							<String ID="string_158" HPOS="863" VPOS="876" WIDTH="63" HEIGHT="27" WC="0.96" CONTENT="ingen"/>
						</TextLine>
						<TextLine ID="line_21" HPOS="100" VPOS="903" WIDTH="564" HEIGHT="28">
							<String ID="string_159" HPOS="100" VPOS="903" WIDTH="73" HEIGHT="22" WC="0.93" CONTENT="vidare"/><SP WIDTH="14" VPOS="903" HPOS="173"/>
							<String ID="string_160" HPOS="187" VPOS="904" WIDTH="76" HEIGHT="27" WC="0.93" CONTENT="ätgärd"/><SP WIDTH="16" VPOS="904" HPOS="263"/>
							<String ID="string_161" HPOS="279" VPOS="904" WIDTH="72" HEIGHT="27" WC="0.92" CONTENT="läggas"/><SP WIDTH="15" VPOS="904" HPOS="351"/>
							<String ID="string_162" HPOS="366" VPOS="904" WIDTH="33" HEIGHT="21" WC="0.93" CONTENT="till"/><SP WIDTH="16" VPOS="904" HPOS="399"/>
							<String ID="string_163" HPOS="415" VPOS="904" WIDTH="101" HEIGHT="21" WC="0.92" CONTENT="Ständets"/><SP WIDTH="15" VPOS="904" HPOS="516"/>
							<String ID="string_164" HPOS="531" VPOS="904" WIDTH="133" HEIGHT="27" WC="0.93" CONTENT="handlingar."/>
						</TextLine>
					</TextBlock>
				</ComposedBlock>
				<ComposedBlock ID="cblock_8" HPOS="100" VPOS="1047" WIDTH="827" HEIGHT="84">
					<TextBlock ID="block_7" HPOS="100" VPOS="1047" WIDTH="827" HEIGHT="84">
						<TextLine ID="line_22" HPOS="169" VPOS="1047" WIDTH="758" HEIGHT="27">
							<String ID="string_165" HPOS="169" VPOS="1047" WIDTH="119" HEIGHT="26" WC="0.92" CONTENT="Föredrogs"/><SP WIDTH="20" VPOS="1047" HPOS="288"/>
							<String ID="string_166" HPOS="308" VPOS="1047" WIDTH="93" HEIGHT="22" WC="0.87" CONTENT="härefter"/><SP WIDTH="21" VPOS="1047" HPOS="401"/>
							<String ID="string_167" HPOS="422" VPOS="1050" WIDTH="154" HEIGHT="19" WC="0.87" CONTENT="sammansatta"/><SP WIDTH="23" VPOS="1050" HPOS="576"/>
							<String ID="string_168" HPOS="599" VPOS="1047" WIDTH="42" HEIGHT="27" WC="0.92" CONTENT="lag-"/><SP WIDTH="17" VPOS="1047" HPOS="641"/>
							<String ID="string_169" HPOS="658" VPOS="1047" WIDTH="38" HEIGHT="22" WC="0.93" CONTENT="och"/><SP WIDTH="17" VPOS="1047" HPOS="696"/>
							<String ID="string_170" HPOS="713" VPOS="1047" WIDTH="214" HEIGHT="22" WC="0.92" CONTENT="ekonomiutskottets"/>
						</TextLine>
						<TextLine ID="line_23" HPOS="101" VPOS="1075" WIDTH="826" HEIGHT="29">
							<String ID="string_171" HPOS="101" VPOS="1075" WIDTH="134" HEIGHT="22" WC="0.92" CONTENT="betänkande"/><SP WIDTH="15" VPOS="1075" HPOS="235"/>
							<String ID="string_172" HPOS="250" VPOS="1075" WIDTH="40" HEIGHT="22" WC="0.96" CONTENT="N:o"/><SP WIDTH="19" VPOS="1075" HPOS="290"/>
							<String ID="string_173" HPOS="309" VPOS="1078" WIDTH="7" HEIGHT="19" WC="0.93" CONTENT="1"/><SP WIDTH="18" VPOS="1078" HPOS="316"/>
							<String ID="string_174" HPOS="334" VPOS="1077" WIDTH="6" HEIGHT="20" WC="0.93" CONTENT="i"/><SP WIDTH="16" VPOS="1077" HPOS="340"/>
							<String ID="string_175" HPOS="356" VPOS="1076" WIDTH="113" HEIGHT="27" WC="0.93" CONTENT="anledning"/><SP WIDTH="15" VPOS="1076" HPOS="469"/>
							<String ID="string_176" HPOS="484" VPOS="1076" WIDTH="24" HEIGHT="21" WC="0.96" CONTENT="af"/><SP WIDTH="14" VPOS="1076" HPOS="508"/>
							<String ID="string_177" HPOS="522" VPOS="1077" WIDTH="59" HEIGHT="20" WC="0.93" CONTENT="Hans"/><SP WIDTH="16" VPOS="1077" HPOS="581"/>
							<String ID="string_178" HPOS="597" VPOS="1076" WIDTH="118" HEIGHT="27" WC="0.92" CONTENT="Kejserliga"/><SP WIDTH="11" VPOS="1076" HPOS="715"/>
							<String ID="string_179" HPOS="726" VPOS="1076" WIDTH="111" HEIGHT="27" WC="0.92" CONTENT="Majestäts"/><SP WIDTH="12" VPOS="1076" HPOS="837"/>
							<String ID="string_180" HPOS="849" VPOS="1076" WIDTH="78" HEIGHT="28" WC="0.93" CONTENT="nädiga"/>
						</TextLine>
						<TextLine ID="line_24" HPOS="100" VPOS="1104" WIDTH="681" HEIGHT="27">
							<String ID="string_181" HPOS="100" VPOS="1104" WIDTH="131" HEIGHT="27" WC="0.93" CONTENT="proposition"/><SP WIDTH="16" VPOS="1104" HPOS="231"/>
							<String ID="string_182" HPOS="247" VPOS="1105" WIDTH="109" HEIGHT="26" WC="0.91" CONTENT="angäende"/><SP WIDTH="16" VPOS="1105" HPOS="356"/>
							<String ID="string_183" HPOS="372" VPOS="1105" WIDTH="125" HEIGHT="21" WC="0.93" CONTENT="lösdrifvare"/><SP WIDTH="16" VPOS="1105" HPOS="497"/>
							<String ID="string_184" HPOS="513" VPOS="1105" WIDTH="39" HEIGHT="21" WC="0.96" CONTENT="och"/><SP WIDTH="17" VPOS="1105" HPOS="552"/>
							<String ID="string_185" HPOS="569" VPOS="1105" WIDTH="61" HEIGHT="21" WC="0.96" CONTENT="deras"/><SP WIDTH="17" VPOS="1105" HPOS="630"/>
							<String ID="string_186" HPOS="647" VPOS="1105" WIDTH="134" HEIGHT="26" WC="0.96" CONTENT="behandling."/>
						</TextLine>
					</TextBlock>
				</ComposedBlock>
				<ComposedBlock ID="cblock_9" HPOS="100" VPOS="1161" WIDTH="826" HEIGHT="55">
					<TextBlock ID="block_8" HPOS="100" VPOS="1161" WIDTH="826" HEIGHT="55">
						<TextLine ID="line_25" HPOS="169" VPOS="1161" WIDTH="757" HEIGHT="28">
							<String ID="string_187" HPOS="169" VPOS="1161" WIDTH="40" HEIGHT="21" WC="0.96" CONTENT="Vid"/><SP WIDTH="24" VPOS="1161" HPOS="209"/>
							<String ID="string_188" HPOS="233" VPOS="1161" WIDTH="40" HEIGHT="22" WC="0.93" CONTENT="den"/><SP WIDTH="23" VPOS="1161" HPOS="273"/>
							<String ID="string_189" HPOS="296" VPOS="1161" WIDTH="124" HEIGHT="27" WC="0.92" CONTENT="diskussion,"/><SP WIDTH="22" VPOS="1161" HPOS="420"/>
							<String ID="string_190" HPOS="442" VPOS="1168" WIDTH="46" HEIGHT="15" WC="0.95" CONTENT="som"/><SP WIDTH="19" VPOS="1168" HPOS="488"/>
							<String ID="string_191" HPOS="507" VPOS="1162" WIDTH="7" HEIGHT="21" WC="0.95" CONTENT="i"/><SP WIDTH="21" VPOS="1162" HPOS="514"/>
							<String ID="string_192" HPOS="535" VPOS="1162" WIDTH="53" HEIGHT="27" WC="0.93" CONTENT="följd"/><SP WIDTH="16" VPOS="1162" HPOS="588"/>
							<String ID="string_193" HPOS="604" VPOS="1162" WIDTH="63" HEIGHT="21" WC="0.92" CONTENT="häraf"/><SP WIDTH="14" VPOS="1162" HPOS="667"/>
							<String ID="string_194" HPOS="681" VPOS="1162" WIDTH="98" HEIGHT="27" WC="0.91" CONTENT="uppstod,"/><SP WIDTH="16" VPOS="1162" HPOS="779"/>
							<String ID="string_195" HPOS="795" VPOS="1163" WIDTH="84" HEIGHT="26" WC="0.93" CONTENT="yttrade"/><SP WIDTH="15" VPOS="1163" HPOS="879"/>
							<String ID="string_196" HPOS="894" VPOS="1162" WIDTH="32" HEIGHT="27" WC="0.97" CONTENT="sig"/>
						</TextLine>
						<TextLine ID="line_26" HPOS="100" VPOS="1189" WIDTH="184" HEIGHT="27">
							<String ID="string_197" HPOS="100" VPOS="1189" WIDTH="93" HEIGHT="27" WC="0.93" CONTENT="följande"/><SP WIDTH="16" VPOS="1189" HPOS="193"/>
							<String ID="string_198" HPOS="209" VPOS="1189" WIDTH="75" HEIGHT="22" WC="0.92" CONTENT="talare:"/>
						</TextLine>
					</TextBlock>
				</ComposedBlock>
				<ComposedBlock ID="cblock_10" HPOS="99" VPOS="1247" WIDTH="828" HEIGHT="285">
					<TextBlock ID="block_9" HPOS="99" VPOS="1247" WIDTH="828" HEIGHT="285">
						<TextLine ID="line_27" HPOS="170" VPOS="1247" WIDTH="757" HEIGHT="27">
							<String ID="string_199" HPOS="170" VPOS="1247" WIDTH="51" HEIGHT="21" WC="0.96" CONTENT="Vice"/><SP WIDTH="15" VPOS="1247" HPOS="221"/>
							<String ID="string_200" HPOS="236" VPOS="1250" WIDTH="73" HEIGHT="24" WC="0.96" CONTENT="pastor"/><SP WIDTH="14" VPOS="1250" HPOS="309"/>
							<String ID="string_201" HPOS="323" VPOS="1247" WIDTH="87" HEIGHT="21" WC="0.93" CONTENT="Böök:"/><SP WIDTH="31" VPOS="1247" HPOS="410"/>
							<String ID="string_202" HPOS="441" VPOS="1247" WIDTH="33" HEIGHT="22" WC="0.90" CONTENT="Då"/><SP WIDTH="13" VPOS="1247" HPOS="474"/>
							<String ID="string_203" HPOS="487" VPOS="1247" WIDTH="37" HEIGHT="27" WC="0.96" CONTENT="jag"/><SP WIDTH="15" VPOS="1247" HPOS="524"/>
							<String ID="string_204" HPOS="539" VPOS="1247" WIDTH="36" HEIGHT="21" WC="0.93" CONTENT="vid"/><SP WIDTH="16" VPOS="1247" HPOS="575"/>
							<String ID="string_205" HPOS="591" VPOS="1249" WIDTH="84" HEIGHT="20" WC="0.96" CONTENT="senaste"/><SP WIDTH="15" VPOS="1249" HPOS="675"/>
							<String ID="string_206" HPOS="690" VPOS="1247" WIDTH="85" HEIGHT="27" WC="0.96" CONTENT="plenum"/><SP WIDTH="17" VPOS="1247" HPOS="775"/>
							<String ID="string_207" HPOS="792" VPOS="1247" WIDTH="91" HEIGHT="27" WC="0.93" CONTENT="begärde"/><SP WIDTH="10" VPOS="1247" HPOS="883"/>
							<String ID="string_208" HPOS="893" VPOS="1250" WIDTH="34" HEIGHT="19" WC="0.91" CONTENT="ut-"/>
						</TextLine>
						<TextLine ID="line_28" HPOS="101" VPOS="1275" WIDTH="826" HEIGHT="28">
							<String ID="string_209" HPOS="101" VPOS="1275" WIDTH="92" HEIGHT="22" WC="0.86" CONTENT="skottets"/><SP WIDTH="22" VPOS="1275" HPOS="193"/>
							<String ID="string_210" HPOS="215" VPOS="1276" WIDTH="134" HEIGHT="21" WC="0.96" CONTENT="betänkande"/><SP WIDTH="16" VPOS="1276" HPOS="349"/>
							<String ID="string_211" HPOS="365" VPOS="1276" WIDTH="26" HEIGHT="26" WC="0.93" CONTENT="pä"/><SP WIDTH="16" VPOS="1276" HPOS="391"/>
							<String ID="string_212" HPOS="407" VPOS="1276" WIDTH="82" HEIGHT="26" WC="0.96" CONTENT="bordet,"/><SP WIDTH="15" VPOS="1276" HPOS="489"/>
							<String ID="string_213" HPOS="504" VPOS="1276" WIDTH="86" HEIGHT="27" WC="0.96" CONTENT="yttrade"/><SP WIDTH="13" VPOS="1276" HPOS="590"/>
							<String ID="string_214" HPOS="603" VPOS="1276" WIDTH="43" HEIGHT="26" WC="0.96" CONTENT="jag,"/><SP WIDTH="16" VPOS="1276" HPOS="646"/>
							<String ID="string_215" HPOS="662" VPOS="1279" WIDTH="32" HEIGHT="18" WC="0.93" CONTENT="att"/><SP WIDTH="15" VPOS="1279" HPOS="694"/>
							<String ID="string_216" HPOS="709" VPOS="1276" WIDTH="76" HEIGHT="22" WC="0.96" CONTENT="sådant"/><SP WIDTH="15" VPOS="1276" HPOS="785"/>
							<String ID="string_217" HPOS="800" VPOS="1276" WIDTH="79" HEIGHT="22" WC="0.95" CONTENT="skedde"/><SP WIDTH="15" VPOS="1276" HPOS="879"/>
							<String ID="string_218" HPOS="894" VPOS="1276" WIDTH="33" HEIGHT="22" WC="0.96" CONTENT="till"/>
						</TextLine>
						<TextLine ID="line_29" HPOS="100" VPOS="1304" WIDTH="827" HEIGHT="28">
							<String ID="string_219" HPOS="100" VPOS="1308" WIDTH="45" HEIGHT="17" WC="0.94" CONTENT="stor"/><SP WIDTH="30" VPOS="1308" HPOS="145"/>
							<String ID="string_220" HPOS="175" VPOS="1304" WIDTH="32" HEIGHT="22" WC="0.92" CONTENT="del"/><SP WIDTH="25" VPOS="1304" HPOS="207"/>
							<String ID="string_221" HPOS="232" VPOS="1305" WIDTH="77" HEIGHT="26" WC="0.91" CONTENT="derför,"/><SP WIDTH="23" VPOS="1305" HPOS="309"/>
							<String ID="string_222" HPOS="332" VPOS="1306" WIDTH="33" HEIGHT="20" WC="0.93" CONTENT="att"/><SP WIDTH="22" VPOS="1306" HPOS="365"/>
							<String ID="string_223" HPOS="387" VPOS="1304" WIDTH="73" HEIGHT="27" WC="0.92" CONTENT="frägan"/><SP WIDTH="23" VPOS="1304" HPOS="460"/>
							<String ID="string_224" HPOS="483" VPOS="1305" WIDTH="95" HEIGHT="21" WC="0.92" CONTENT="särdeles"/><SP WIDTH="23" VPOS="1305" HPOS="578"/>
							<String ID="string_225" HPOS="601" VPOS="1305" WIDTH="142" HEIGHT="21" WC="0.90" CONTENT="intresserade"/><SP WIDTH="23" VPOS="1305" HPOS="743"/>
							<String ID="string_226" HPOS="766" VPOS="1305" WIDTH="43" HEIGHT="27" WC="0.96" CONTENT="mig"/><SP WIDTH="23" VPOS="1305" HPOS="809"/>
							<String ID="string_227" HPOS="832" VPOS="1305" WIDTH="39" HEIGHT="21" WC="0.96" CONTENT="och"/><SP WIDTH="24" VPOS="1305" HPOS="871"/>
							<String ID="string_228" HPOS="895" VPOS="1307" WIDTH="32" HEIGHT="19" WC="0.96" CONTENT="att"/>
						</TextLine>
						<TextLine ID="line_30" HPOS="99" VPOS="1333" WIDTH="827" HEIGHT="27">
							<String ID="string_229" HPOS="99" VPOS="1333" WIDTH="37" HEIGHT="27" WC="0.95" CONTENT="jag"/><SP WIDTH="15" VPOS="1333" HPOS="136"/>
							<String ID="string_230" HPOS="151" VPOS="1333" WIDTH="27" HEIGHT="21" WC="0.93" CONTENT="dä"/><SP WIDTH="15" VPOS="1333" HPOS="178"/>
							<String ID="string_231" HPOS="193" VPOS="1333" WIDTH="19" HEIGHT="27" WC="0.96" CONTENT="ej"/><SP WIDTH="15" VPOS="1333" HPOS="212"/>
							<String ID="string_232" HPOS="227" VPOS="1333" WIDTH="82" HEIGHT="26" WC="0.95" CONTENT="hunnit,"/><SP WIDTH="16" VPOS="1333" HPOS="309"/>
							<String ID="string_233" HPOS="325" VPOS="1340" WIDTH="33" HEIGHT="14" WC="0.96" CONTENT="om"/><SP WIDTH="15" VPOS="1340" HPOS="358"/>
							<String ID="string_234" HPOS="373" VPOS="1333" WIDTH="36" HEIGHT="27" WC="0.96" CONTENT="jag"/><SP WIDTH="15" VPOS="1333" HPOS="409"/>
							<String ID="string_235" HPOS="424" VPOS="1333" WIDTH="23" HEIGHT="21" WC="0.93" CONTENT="sä"/><SP WIDTH="15" VPOS="1333" HPOS="447"/>
							<String ID="string_236" HPOS="462" VPOS="1333" WIDTH="32" HEIGHT="21" WC="0.96" CONTENT="får"/><SP WIDTH="16" VPOS="1333" HPOS="494"/>
							<String ID="string_237" HPOS="510" VPOS="1334" WIDTH="98" HEIGHT="26" WC="0.96" CONTENT="uttrycka"/><SP WIDTH="16" VPOS="1334" HPOS="608"/>
							<String ID="string_238" HPOS="624" VPOS="1334" WIDTH="49" HEIGHT="26" WC="0.93" CONTENT="mig,"/><SP WIDTH="16" VPOS="1334" HPOS="673"/>
							<String ID="string_239" HPOS="689" VPOS="1334" WIDTH="66" HEIGHT="21" WC="0.96" CONTENT="ändra"/><SP WIDTH="15" VPOS="1334" HPOS="755"/>
							<String ID="string_240" HPOS="770" VPOS="1340" WIDTH="25" HEIGHT="15" WC="0.93" CONTENT="en"/><SP WIDTH="16" VPOS="1340" HPOS="795"/>
							<String ID="string_241" HPOS="811" VPOS="1334" WIDTH="60" HEIGHT="26" WC="0.92" CONTENT="äsigt,"/><SP WIDTH="10" VPOS="1334" HPOS="871"/>
							<String ID="string_242" HPOS="881" VPOS="1340" WIDTH="45" HEIGHT="15" WC="0.96" CONTENT="som"/>
						</TextLine>
						<TextLine ID="line_31" HPOS="100" VPOS="1361" WIDTH="827" HEIGHT="29">
							<String ID="string_243" HPOS="100" VPOS="1361" WIDTH="36" HEIGHT="27" WC="0.93" CONTENT="jag"/><SP WIDTH="21" VPOS="1361" HPOS="136"/>
							<String ID="string_244" HPOS="157" VPOS="1361" WIDTH="30" HEIGHT="21" WC="0.96" CONTENT="uti"/><SP WIDTH="21" VPOS="1361" HPOS="187"/>
							<String ID="string_245" HPOS="208" VPOS="1362" WIDTH="144" HEIGHT="27" WC="0.95" CONTENT="föreliggande"/><SP WIDTH="21" VPOS="1362" HPOS="352"/>
							<String ID="string_246" HPOS="373" VPOS="1362" WIDTH="58" HEIGHT="26" WC="0.95" CONTENT="fråga"/><SP WIDTH="23" VPOS="1362" HPOS="431"/>
							<String ID="string_247" HPOS="454" VPOS="1362" WIDTH="49" HEIGHT="27" WC="0.96" CONTENT="hyst"/><SP WIDTH="20" VPOS="1362" HPOS="503"/>
							<String ID="string_248" HPOS="523" VPOS="1363" WIDTH="66" HEIGHT="20" WC="0.93" CONTENT="redan"/><SP WIDTH="23" VPOS="1363" HPOS="589"/>
							<String ID="string_249" HPOS="612" VPOS="1362" WIDTH="74" HEIGHT="21" WC="0.94" CONTENT="åratal."/><SP WIDTH="31" VPOS="1362" HPOS="686"/>
							<String ID="string_250" HPOS="717" VPOS="1362" WIDTH="40" HEIGHT="28" WC="0.96" CONTENT="Jag"/><SP WIDTH="21" VPOS="1362" HPOS="757"/>
							<String ID="string_251" HPOS="778" VPOS="1362" WIDTH="67" HEIGHT="22" WC="0.93" CONTENT="skulle"/><SP WIDTH="16" VPOS="1362" HPOS="845"/>
							<String ID="string_252" HPOS="861" VPOS="1368" WIDTH="66" HEIGHT="21" WC="0.96" CONTENT="gerna"/>
						</TextLine>
						<TextLine ID="line_32" HPOS="101" VPOS="1390" WIDTH="826" HEIGHT="27">
							<String ID="string_253" HPOS="101" VPOS="1390" WIDTH="50" HEIGHT="27" WC="0.96" CONTENT="vilja"/><SP WIDTH="20" VPOS="1390" HPOS="151"/>
							<String ID="string_254" HPOS="171" VPOS="1390" WIDTH="49" HEIGHT="27" WC="0.96" CONTENT="böja"/><SP WIDTH="23" VPOS="1390" HPOS="220"/>
							<String ID="string_255" HPOS="243" VPOS="1391" WIDTH="41" HEIGHT="26" WC="0.96" CONTENT="mig"/><SP WIDTH="23" VPOS="1391" HPOS="284"/>
							<String ID="string_256" HPOS="307" VPOS="1390" WIDTH="66" HEIGHT="22" WC="0.96" CONTENT="under"/><SP WIDTH="16" VPOS="1390" HPOS="373"/>
							<String ID="string_257" HPOS="389" VPOS="1391" WIDTH="39" HEIGHT="20" WC="0.97" CONTENT="den"/><SP WIDTH="17" VPOS="1391" HPOS="428"/>
							<String ID="string_258" HPOS="445" VPOS="1390" WIDTH="108" HEIGHT="22" WC="0.96" CONTENT="allmänna"/><SP WIDTH="15" VPOS="1390" HPOS="553"/>
							<String ID="string_259" HPOS="568" VPOS="1390" WIDTH="120" HEIGHT="27" WC="0.96" CONTENT="opinionen,"/><SP WIDTH="15" VPOS="1390" HPOS="688"/>
							<String ID="string_260" HPOS="703" VPOS="1397" WIDTH="48" HEIGHT="15" WC="0.97" CONTENT="men"/><SP WIDTH="15" VPOS="1397" HPOS="751"/>
							<String ID="string_261" HPOS="766" VPOS="1390" WIDTH="39" HEIGHT="22" WC="0.90" CONTENT="har"/><SP WIDTH="16" VPOS="1390" HPOS="805"/>
							<String ID="string_262" HPOS="821" VPOS="1391" WIDTH="58" HEIGHT="21" WC="0.96" CONTENT="svårt"/><SP WIDTH="16" VPOS="1391" HPOS="879"/>
							<String ID="string_263" HPOS="895" VPOS="1392" WIDTH="32" HEIGHT="20" WC="0.96" CONTENT="att"/>
						</TextLine>
						<TextLine ID="line_33" HPOS="100" VPOS="1419" WIDTH="827" HEIGHT="27">
							<String ID="string_264" HPOS="100" VPOS="1420" WIDTH="52" HEIGHT="25" WC="0.95" CONTENT="göra"/><SP WIDTH="23" VPOS="1420" HPOS="152"/>
							<String ID="string_265" HPOS="175" VPOS="1419" WIDTH="40" HEIGHT="21" WC="0.93" CONTENT="det."/><SP WIDTH="30" VPOS="1419" HPOS="215"/>
							<String ID="string_266" HPOS="245" VPOS="1419" WIDTH="72" HEIGHT="26" WC="0.95" CONTENT="Enligt"/><SP WIDTH="23" VPOS="1419" HPOS="317"/>
							<String ID="string_267" HPOS="340" VPOS="1419" WIDTH="43" HEIGHT="21" WC="0.92" CONTENT="min"/><SP WIDTH="23" VPOS="1419" HPOS="383"/>
							<String ID="string_268" HPOS="406" VPOS="1419" WIDTH="55" HEIGHT="27" WC="0.91" CONTENT="åsigt"/><SP WIDTH="21" VPOS="1419" HPOS="461"/>
							<String ID="string_269" HPOS="482" VPOS="1419" WIDTH="66" HEIGHT="21" WC="0.96" CONTENT="borde"/><SP WIDTH="16" VPOS="1419" HPOS="548"/>
							<String ID="string_270" HPOS="564" VPOS="1426" WIDTH="25" HEIGHT="14" WC="0.97" CONTENT="en"/><SP WIDTH="17" VPOS="1426" HPOS="589"/>
							<String ID="string_271" HPOS="606" VPOS="1420" WIDTH="65" HEIGHT="20" WC="0.96" CONTENT="sådan"/><SP WIDTH="15" VPOS="1420" HPOS="671"/>
							<String ID="string_272" HPOS="686" VPOS="1420" WIDTH="123" HEIGHT="26" WC="0.96" CONTENT="förordning"/><SP WIDTH="16" VPOS="1420" HPOS="809"/>
							<String ID="string_273" HPOS="825" VPOS="1425" WIDTH="44" HEIGHT="16" WC="0.96" CONTENT="som"/><SP WIDTH="17" VPOS="1425" HPOS="869"/>
							<String ID="string_274" HPOS="886" VPOS="1419" WIDTH="41" HEIGHT="21" WC="0.96" CONTENT="den"/>
						</TextLine>
						<TextLine ID="line_34" HPOS="101" VPOS="1447" WIDTH="826" HEIGHT="27">
							<String ID="string_275" HPOS="101" VPOS="1447" WIDTH="161" HEIGHT="26" WC="0.96" CONTENT="ifrågavarande"/><SP WIDTH="21" VPOS="1447" HPOS="262"/>
							<String ID="string_276" HPOS="283" VPOS="1447" WIDTH="40" HEIGHT="21" WC="0.95" CONTENT="alls"/><SP WIDTH="23" VPOS="1447" HPOS="323"/>
							<String ID="string_277" HPOS="346" VPOS="1448" WIDTH="47" HEIGHT="21" WC="0.93" CONTENT="icke"/><SP WIDTH="15" VPOS="1448" HPOS="393"/>
							<String ID="string_278" HPOS="408" VPOS="1454" WIDTH="104" HEIGHT="15" WC="0.90" CONTENT="emanera."/><SP WIDTH="32" VPOS="1454" HPOS="512"/>
							<String ID="string_279" HPOS="544" VPOS="1448" WIDTH="42" HEIGHT="21" WC="0.95" CONTENT="Det"/><SP WIDTH="16" VPOS="1448" HPOS="586"/>
							<String ID="string_280" HPOS="602" VPOS="1450" WIDTH="24" HEIGHT="19" WC="0.95" CONTENT="är"/><SP WIDTH="14" VPOS="1450" HPOS="626"/>
							<String ID="string_281" HPOS="640" VPOS="1448" WIDTH="122" HEIGHT="26" WC="0.95" CONTENT="visserligen"/><SP WIDTH="16" VPOS="1448" HPOS="762"/>
							<String ID="string_282" HPOS="778" VPOS="1450" WIDTH="54" HEIGHT="24" WC="0.96" CONTENT="sant,"/><SP WIDTH="16" VPOS="1450" HPOS="832"/>
							<String ID="string_283" HPOS="848" VPOS="1450" WIDTH="33" HEIGHT="19" WC="0.96" CONTENT="att"/><SP WIDTH="14" VPOS="1450" HPOS="881"/>
							<String ID="string_284" HPOS="895" VPOS="1450" WIDTH="32" HEIGHT="19" WC="0.96" CONTENT="ett"/>
						</TextLine>
						<TextLine ID="line_35" HPOS="101" VPOS="1476" WIDTH="826" HEIGHT="26">
							<String ID="string_285" HPOS="101" VPOS="1476" WIDTH="88" HEIGHT="26" WC="0.95" CONTENT="sorgligt"/><SP WIDTH="16" VPOS="1476" HPOS="189"/>
							<String ID="string_286" HPOS="205" VPOS="1476" WIDTH="173" HEIGHT="21" WC="0.96" CONTENT="sakförhållande"/><SP WIDTH="16" VPOS="1476" HPOS="378"/>
							<String ID="string_287" HPOS="394" VPOS="1476" WIDTH="102" HEIGHT="22" WC="0.96" CONTENT="existerar"/><SP WIDTH="15" VPOS="1476" HPOS="496"/>
							<String ID="string_288" HPOS="511" VPOS="1476" WIDTH="59" HEIGHT="22" WC="0.95" CONTENT="såväl"/><SP WIDTH="16" VPOS="1476" HPOS="570"/>
							<String ID="string_289" HPOS="586" VPOS="1477" WIDTH="8" HEIGHT="21" WC="0.96" CONTENT="i"/><SP WIDTH="15" VPOS="1477" HPOS="594"/>
							<String ID="string_290" HPOS="609" VPOS="1477" WIDTH="47" HEIGHT="21" WC="0.95" CONTENT="vårt"/><SP WIDTH="16" VPOS="1477" HPOS="656"/>
							<String ID="string_291" HPOS="672" VPOS="1476" WIDTH="49" HEIGHT="22" WC="0.96" CONTENT="land"/><SP WIDTH="11" VPOS="1476" HPOS="721"/>
							<String ID="string_292" HPOS="732" VPOS="1483" WIDTH="44" HEIGHT="15" WC="0.96" CONTENT="som"/><SP WIDTH="13" VPOS="1483" HPOS="776"/>
							<String ID="string_293" HPOS="789" VPOS="1477" WIDTH="6" HEIGHT="21" WC="0.96" CONTENT="i"/><SP WIDTH="12" VPOS="1477" HPOS="795"/>
							<String ID="string_294" HPOS="807" VPOS="1476" WIDTH="42" HEIGHT="22" WC="0.96" CONTENT="alla"/><SP WIDTH="11" VPOS="1476" HPOS="849"/>
							<String ID="string_295" HPOS="860" VPOS="1477" WIDTH="67" HEIGHT="21" WC="0.96" CONTENT="andra"/>
						</TextLine>
						<TextLine ID="line_36" HPOS="101" VPOS="1504" WIDTH="825" HEIGHT="28">
							<String ID="string_296" HPOS="101" VPOS="1504" WIDTH="79" HEIGHT="26" WC="0.96" CONTENT="länder,"/><SP WIDTH="32" VPOS="1504" HPOS="180"/>
							<String ID="string_297" HPOS="212" VPOS="1504" WIDTH="79" HEIGHT="22" WC="0.94" CONTENT="hvilket"/><SP WIDTH="15" VPOS="1504" HPOS="291"/>
							<String ID="string_298" HPOS="306" VPOS="1507" WIDTH="39" HEIGHT="24" WC="0.93" CONTENT="gör"/><SP WIDTH="11" VPOS="1507" HPOS="345"/>
							<String ID="string_299" HPOS="356" VPOS="1504" WIDTH="100" HEIGHT="22" WC="0.91" CONTENT="behofvet"/><SP WIDTH="15" VPOS="1504" HPOS="456"/>
							<String ID="string_300" HPOS="471" VPOS="1504" WIDTH="23" HEIGHT="22" WC="0.96" CONTENT="af"/><SP WIDTH="13" VPOS="1504" HPOS="494"/>
							<String ID="string_301" HPOS="507" VPOS="1511" WIDTH="26" HEIGHT="15" WC="0.96" CONTENT="en"/><SP WIDTH="15" VPOS="1511" HPOS="533"/>
							<String ID="string_302" HPOS="548" VPOS="1506" WIDTH="66" HEIGHT="21" WC="0.96" CONTENT="sådan"/><SP WIDTH="17" VPOS="1506" HPOS="614"/>
							<String ID="string_303" HPOS="631" VPOS="1505" WIDTH="123" HEIGHT="27" WC="0.95" CONTENT="författning"/><SP WIDTH="14" VPOS="1505" HPOS="754"/>
							<String ID="string_304" HPOS="768" VPOS="1506" WIDTH="81" HEIGHT="26" WC="0.92" CONTENT="ganska"/><SP WIDTH="12" VPOS="1506" HPOS="849"/>
							<String ID="string_305" HPOS="861" VPOS="1506" WIDTH="65" HEIGHT="21" WC="0.92" CONTENT="känn-"/>
						</TextLine>
					</TextBlock>
				</ComposedBlock>
				<GraphicalElement ID="cblock_11" HPOS="1108" VPOS="814" WIDTH="9" HEIGHT="523"></GraphicalElement >
			</PrintSpace>
		</Page>
	</Layout>
</alto>
