1117 1781
245 110 27 20 18
439 115 162 18 Presteståndet
614 116 57 17 1882.
696 117 26 16 24
733 115 89 22 januari.

214 186 33 19 att
263 183 76 22 utföra.
370 183 106 22 Predikan
498 184 56 21 hölls
569 184 53 21 först
636 185 29 26 på
680 185 89 21 svenska
792 185 39 21 och
847 185 64 22 sedan
935 185 27 26 på
977 185 68 22 finska

215 212 89 27 språket
319 212 22 21 af
355 212 155 27 Kyrkoherden
527 213 6 20 i
549 213 133 27 Helsingfors
698 214 25 20 A.
739 213 32 21 W.
788 213 61 27 Lyra,
865 219 46 16 som
927 214 32 21 till
975 215 69 26 predi-

215 241 75 21 kotext
306 241 45 21 valt
367 243 53 19 1:sta
435 241 188 27 Konungabokens
639 242 47 21 8:de
701 242 49 27 kap.
763 249 31 14 vv.
806 243 91 25 56—58,
908 243 24 20 så
943 242 99 28 lydande:

286 303 95 25 »Lofvad
404 311 49 14 vare
469 304 90 25 Herren,
583 311 44 14 som
644 305 37 20 sitt
696 305 43 20 folk
755 305 66 21 Israel
843 311 23 15 ro
883 305 60 26 gifvit
958 305 85 26 hafver;

214 332 48 21 icke
278 334 31 19 ett
324 334 25 19 är
365 332 92 22 förfallet
473 333 21 21 af
508 333 60 21 Hans
582 333 56 26 goda
654 333 45 26 ord,
715 339 44 16 som
773 333 48 22 Han
832 340 75 21 genom
919 334 31 21 sin
962 334 82 26 tjenare

213 361 72 21 Moses
300 361 55 21 talat
369 361 91 22 hafver.*

284 418 94 27 »Herren
401 418 38 22 vår
462 418 48 22 Gud
534 425 49 15 vare
607 419 49 21 med
679 425 34 16 oss
728 420 69 21 såsom
821 419 48 22 Han
893 419 54 22 varit
970 419 74 22 hafver

214 447 49 20 med
285 447 51 21 våra
358 447 70 25 fäder;
453 447 47 22 Han
523 447 115 27 öfvergifve
660 454 34 15 oss
709 448 48 21 icke
772 448 39 21 och
833 450 48 25 tage
896 449 47 20 icke
959 448 83 21 handen

212 475 56 22 ifrån
284 475 55 22 oss!*

284 533 55 24 »Till
355 535 31 19 att
402 533 48 27 böja
466 533 50 21 våra
532 533 84 27 hjertan
632 533 33 21 till
680 533 38 27 sig,
735 535 32 19 att
782 534 20 20 vi
819 533 61 26 måga
891 534 97 21 vandra
977 529 12 36 i
999 534 44 21 alla

213 561 61 21 Hans
290 563 65 25 vägar
370 561 38 22 och
425 561 57 22 hålla
497 562 59 21 Hans
577 562 49 24 bud,
643 562 61 21 seder
720 562 39 21 och
776 563 73 24 rätter,
865 568 46 15 som
926 563 48 20 Han
991 563 52 20 våra

213 590 60 21 fäder
289 589 70 28 bjudit
373 590 91 21 hafver.*

284 653 59 21 Efter
359 653 102 26 predikan
478 653 92 26 afsjöngs
586 653 131 27 ,Halleluja*
733 653 38 21 och
788 653 31 21 till
835 653 45 26 sist,
895 654 46 21 med
956 654 85 21 ackom-

212 684 128 23 pagnement
355 681 22 22 af
391 682 70 27 orgel-
478 682 38 21 och
533 681 125 22 hornmusik
673 683 55 20 samt
743 682 67 21 under
825 682 90 27 pukslag
926 682 39 21 och
974 685 67 18 trum-

212 711 93 26 petskall
327 711 95 26 psalmen
447 710 30 28 ,O
492 710 54 27 Gud,
562 711 20 20 vi
599 711 55 20 lofve
679 711 60 26 Dig*,
755 711 91 21 vexelvis
862 711 70 20 utförd
950 711 22 21 af
986 711 55 21 före-

213 739 93 21 nämnda
328 739 40 21 kör
383 739 37 21 och
438 745 25 15 en
479 739 73 21 utvald
574 739 82 22 mindre
676 739 38 21 kör
736 739 27 27 pä
778 739 163 27 orgelläktaren.
971 739 69 22 Guds-

213 767 92 26 tjensten
322 773 37 16 var
374 767 86 22 härmed
477 767 98 22 afslutad.

283 830 70 22 Sedan
381 830 223 27 Generalguvernören
632 831 79 21 lemnat
738 830 88 27 kyrkan,
854 831 99 26 aftägade
978 831 61 22 äfven

213 858 120 22 Ständerna
357 859 89 21 derifrän
470 859 6 21 i
499 860 122 26 procession
645 859 32 22 till
700 859 119 27 Kejserliga
842 859 92 26 palatset
954 860 5 20 i
976 859 64 22 hvars

211 887 98 22 thronsal
333 887 25 22 de
374 888 72 26 intogo
472 888 22 21 ät
510 888 46 21 dem
573 888 65 26 enligt
662 888 149 21 ceremonielet
827 887 110 22 bestämda
953 888 86 27 platser.

211 916 61 21 Hans
295 916 112 22 Excellens
429 917 233 26 Generalguvernören,
678 923 44 14 som
747 916 50 21 derä
813 916 97 21 inträdde
926 917 6 20 i
948 917 92 21 nämnde

211 945 38 27 sal,
271 945 110 21 företrädd
404 945 21 21 af
443 945 57 27 Kejs.
524 945 104 22 Senatens
653 945 180 21 Viceordförande
856 945 39 21 och
920 945 118 22 ledamöten

211 977 56 18 samt
289 973 75 27 åtföljd
379 974 24 21 af
417 974 32 21 sin
464 975 41 20 svit
526 974 39 21 och
581 973 190 27 hofkavaljererna,
795 973 76 22 ställde
887 974 32 25 sig
934 974 104 21 nedanom

211 1003 91 21 thronen
318 1003 39 20 och
379 1002 63 21 sedan
459 1002 113 21 Allmänna
592 1002 299 21 Referendariesekreteraren
907 1002 38 21 Th.
960 1003 78 26 Berge-

209 1031 58 26 lund,
284 1037 44 15 som
345 1031 120 21 förordnats
481 1033 32 19 att
526 1031 45 21 föra
581 1031 130 27 protokollet
721 1031 35 21 vid
767 1031 141 26 landtdagens
919 1031 119 26 öppnande,

209 1060 56 26 tagit
280 1059 106 28 plats-vid
403 1063 29 18 ett
448 1060 54 21 bord
517 1062 52 19 nära
585 1060 97 24 thronen,
697 1059 97 27 uppläste
809 1059 60 22 Hans
884 1059 111 22 Excellens
1010 1061 28 25 pä

209 1089 64 26 ryska
290 1088 87 27 spräket
392 1089 122 25 throntalet,
532 1088 80 21 hvilket
628 1088 126 21 öfversattes
770 1087 32 22 till
819 1088 90 21 svenska
920 1088 39 21 och
970 1088 68 22 finska

208 1117 93 26 spräken
317 1117 23 21 af
354 1117 163 21 Geheimerädet
533 1117 115 22 Molander.

279 1181 45 20 Den
340 1180 130 21 sistnämnde
486 1180 98 27 uppläste
600 1179 52 22 derä
667 1180 27 27 pä
709 1180 91 21 svenska
816 1180 38 21 och
866 1179 68 22 finska
945 1179 92 22 förteck-

207 1209 79 26 ningen
303 1209 58 21 öfver
377 1209 26 20 de
418 1209 26 21 H.
460 1208 27 21 K.
502 1209 50 20 M:ts
571 1209 77 26 nädiga
663 1209 155 26 propositioner
834 1215 45 14 som
896 1209 33 20 vid
948 1215 28 15 nu
991 1209 45 20 vid-

207 1238 94 26 tagande
316 1237 102 27 landtdag
433 1238 85 21 komma
534 1239 32 20 att
581 1237 119 27 föreläggas
716 1237 125 22 Ständerna.

277 1300 69 22 Sedan
370 1301 58 21 detta
451 1300 103 26 slutförts,
577 1300 131 22 framträdde
731 1300 52 21 hvar
799 1300 56 21 efter
870 1306 69 15 annan
956 1300 79 28 Landt-

206 1330 137 20 marskalken
360 1329 38 21 och
415 1330 25 20 de
456 1328 78 22 ofrälse
550 1328 106 22 Ständens
672 1329 80 21 talmän
767 1329 40 21 och
823 1328 115 26 uttryckte,
955 1328 52 22 hvar
1022 1330 13 20 &

205 1358 38 20 sitt
259 1358 79 21 Ständs
361 1359 86 25 vägnar,
469 1357 146 27 underdäniga
638 1357 85 21 känslor
739 1357 23 21 af
775 1357 134 21 tacksamhet
927 1357 32 21 till
975 1358 59 20 Hans

205 1386 102 27 Majestät
331 1386 245 27 Kejsaren-Storfursten
599 1386 33 21 för
646 1386 141 27 landtdagens
802 1386 112 26 öppnande
929 1388 56 19 samt
1000 1385 35 22 för

205 1416 26 20 de
247 1416 105 20 särskilda
375 1415 57 21 bevis
447 1415 27 27 pä
494 1415 86 21 huldrik
596 1421 85 21 omsorg
703 1421 33 15 om
753 1415 47 21 värt
815 1414 61 21 lands
892 1414 41 21 fria
949 1415 84 21 utveck-

204 1444 49 26 ling,
279 1444 71 21 hvilka
374 1444 58 20 Hans
456 1444 100 27 Majestät
571 1444 6 20 i
594 1444 66 21 nåder
678 1444 70 21 täckts
763 1443 132 27 ädagalägga
911 1444 5 20 i
934 1443 35 21 det
984 1449 50 21 nyss

204 1473 125 21 meddelade
345 1472 123 22 throntalet.
