1117 1781
230 110 40 22 162
423 114 164 18 Presteståndet
600 115 58 17 1882.
683 115 23 17 10
718 115 98 17 februari.

200 187 15 19 t.
232 190 31 15 ex.
280 183 108 28 uppgifter
410 189 34 16 om
468 183 98 22 nativitet
589 183 40 22 och
647 184 124 21 mortalitet.
801 184 43 21 Det
859 186 24 19 är
899 183 71 22 dertill
986 189 46 16 som

199 213 83 26 hänsyn
306 212 39 21 bör
369 215 65 23 tagas.
466 211 40 22 Om
522 211 65 22 också
603 212 115 21 dissenters
734 213 46 20 icke
797 212 69 21 skulle
880 212 50 27 vilja
946 213 86 20 utträda

199 248 26 15 ur
241 241 40 21 den
297 240 243 27 evangelisk-lutherska
558 241 89 26 kyrkan,
662 241 85 21 hvilken
763 241 26 21 de
806 241 54 21 dock
875 241 6 21 i
897 240 74 27 sjelfva
985 247 45 14 ver-

200 271 38 20 ket
261 269 126 26 öfvergifvit,
403 275 47 16 men
468 269 6 20 i
490 269 85 21 hvilken
592 270 26 20 de
634 269 89 22 faktiskt
739 270 33 21 stä
788 276 57 20 gvar,
861 269 24 21 sä
900 269 67 22 borde
982 269 50 27 kyr-

201 299 41 20 kan
265 304 40 21 ega
328 299 44 20 rätt
395 300 31 19 att
448 297 119 22 bestämma
591 298 25 21 de
639 297 77 22 former
735 299 67 20 under
819 297 70 22 hvilka
905 298 40 21 den
961 298 71 21 kunde

199 326 64 27 skilja
285 327 48 20 dem
356 326 56 21 ifrän
434 327 39 26 sig.
505 326 76 21 Derför
602 327 69 20 skulle
684 327 36 26 jag
736 333 51 15 anse
803 329 32 18 att
851 333 25 14 en
893 327 139 26 dissenterlag

200 355 164 26 nödvändigtvis
388 355 64 21 borde
477 355 67 20 ordna
567 355 25 20 de
612 355 56 21 olika
684 355 168 26 protestantiska
867 355 166 21 sekteristernas

200 383 156 27 förhällanden,
373 390 33 14 om
423 383 65 22 ocksä
503 390 25 14 en
545 383 58 27 dylik
619 383 33 26 lag
668 384 7 21 i
691 383 99 22 afseende
806 384 13 21 &
835 384 26 20 de
871 384 162 26 grekisk-ryska

200 412 198 22 trosförvandterna
414 413 18 25 ej
448 412 42 21 kan
506 412 80 26 vinnas,
598 412 39 21 och
649 413 5 20 i
667 415 88 18 motsats
771 412 32 21 till
820 412 40 21 den
876 412 65 21 ärade
957 413 75 24 talare,

201 447 46 15 som
267 441 60 21 ställt
343 441 113 21 dissenters
473 440 39 21 och
528 441 26 20 de
570 441 99 26 grekiska
684 441 197 21 trosförvandterna
896 441 49 26 lika,
962 441 69 21 skulle

198 470 37 26 jag
261 469 49 27 vilja
335 469 101 22 anmärka
462 472 33 18 att
520 469 62 21 deras
608 469 99 26 ställning
733 471 24 19 är
782 469 87 22 alldeles
895 469 64 21 olika.
999 469 32 21 De

200 498 163 27 grekisk-ryska
386 497 206 22 trosförvandternas
614 498 101 26 ställning
737 500 24 19 är
784 498 39 21 här
842 504 76 20 genom
934 497 34 27 lag
984 498 47 21 fullt

201 527 126 24 förordnad;
352 527 25 20 de
398 526 86 21 tillhöra
500 533 26 14 en
543 526 122 27 församling
682 527 38 20 och
736 527 69 21 finnas
821 529 109 24 upptagna
946 527 6 20 i
969 527 63 20 deras

201 556 96 26 register,
314 555 39 21 och
376 555 6 20 i
405 555 98 21 afseende
523 555 13 21 ä
554 554 116 27 arfsfrägor
686 557 37 19 och
739 556 68 20 andra
822 555 79 21 sociala
916 555 114 21 förhällan-

201 584 40 21 den
265 585 24 20 är
313 584 62 21 deras
391 584 101 25 ställning
507 583 19 27 ej
543 583 123 22 densamma
681 590 44 15 som
743 584 121 25 dissenters,
881 583 81 22 hvilkas
978 583 52 21 barn

201 612 19 26 ej
244 618 37 15 ens
302 612 71 21 kunna
389 619 60 14 anses
465 612 33 21 för
514 612 76 27 lagliga
606 613 23 20 sä
644 612 32 21 till
693 613 47 20 vida
755 619 47 14 som
819 612 25 21 de
860 613 19 26 ej
896 613 70 20 kunna
982 612 49 26 ingä

201 641 114 26 giftermäl,
331 641 27 20 dä
381 641 25 21 de
428 641 22 26 ej
471 641 33 20 stä
527 642 5 19 i
556 641 36 20 det
615 640 132 22 förhällande
762 641 32 21 till
811 641 81 26 kyrkan
907 647 46 15 som
969 640 61 27 lagen

201 669 143 21 föreskrifver.
374 669 31 21 På
427 669 68 27 grund
511 669 24 20 af
548 669 62 22 dessa
626 669 182 26 omständigheter
823 669 69 21 skulle
905 671 36 24 jag
957 669 76 21 förena

201 698 43 25 mig
266 698 48 21 med
331 698 26 21 de
373 698 62 21 ärade
452 698 74 25 talare,
543 704 45 15 som
604 698 109 26 föreslagit
729 699 68 20 denna
814 698 101 27 petitions
931 697 99 27 hänskju-

201 726 66 21 tande
286 726 32 21 till
334 727 142 26 vederbörligt
492 726 88 26 utskott,
598 726 39 21 och
652 733 62 14 anser
730 727 62 20 äfven
809 729 32 18 att
857 727 110 24 utskottet,
984 725 47 22 med

202 755 81 26 hänsyn
307 755 32 20 till
361 755 39 20 den
417 755 118 21 diskussion
551 761 46 15 som
613 755 6 20 i
635 755 74 26 frägan
724 755 71 21 blifvit
810 755 55 24 förd,
881 755 42 21 kan
938 757 52 24 göra
1005 755 27 20 de

201 783 116 28 ändringar
333 789 44 15 som
394 786 80 19 ansetts
490 783 140 27 nödvändiga.

271 840 154 27 Kyrkoherden
441 840 84 27 Lyra:
547 841 41 25 Jag
604 840 35 21 vill
656 841 18 25 ej
691 840 66 21 heller
773 841 74 26 längre
863 842 56 19 sätta
935 839 97 22 ständets

201 869 95 21 tälamod
320 869 26 26 pä
369 869 54 26 prof,
440 871 50 18 utan
512 871 116 24 yttermera
650 869 53 26 yrka
726 869 27 26 pä
777 870 75 20 remiss
871 869 31 20 till
918 870 113 22 utskottet,

201 898 106 25 derjemte
323 897 109 21 uttalande
448 898 69 21 säsom
534 898 43 20 min
594 897 139 27 öfvertygelse
748 900 33 19 att
797 897 86 22 ständet
899 897 84 21 komme
999 899 32 18 att

201 925 80 22 handla
305 927 63 24 orätt,
393 932 32 15 om
449 926 37 21 det
509 926 45 21 icke
578 926 82 21 beslöte
682 927 31 26 sig
737 926 32 21 för
793 929 32 18 att
846 926 111 21 remittera
973 926 59 21 detta

201 955 86 20 ärende.
319 955 41 20 Det
383 956 24 19 är
428 954 105 27 nämligen
556 957 82 18 statens
654 955 120 26 skyldighet
790 957 32 19 att
838 961 22 14 se
876 955 32 20 till
925 954 36 21 det
976 956 56 24 ,rätt

201 983 49 21 sker
267 983 102 27 hvarjom,
385 985 55 19 orätt
457 984 75 25 ingen"
548 983 40 21 och
604 983 36 21 det
655 985 23 19 är
692 983 22 27 ju
730 983 5 20 i
752 983 107 26 egenskap
875 983 22 21 af
912 983 121 26 lagstiftare

200 1011 33 21 för
256 1014 77 23 staten,
349 1018 45 15 som
417 1012 20 21 vi
453 1012 39 21 här
507 1011 109 27 rädpläga.
648 1012 32 20 Dä
696 1019 47 14 man
760 1013 24 20 sä
800 1011 46 22 ofta
861 1011 117 22 framhällit
994 1011 35 22 det

201 1040 53 25 skäl,
271 1043 32 18 att
327 1041 81 20 antalet
430 1041 114 21 dissenters
567 1042 24 19 är
613 1040 65 27 ringa,
694 1043 23 19 är
733 1041 59 20 detta
809 1041 53 20 dock
879 1040 113 24 ohällbart,
1008 1042 23 25 ty

200 1071 59 19 orätt
275 1069 31 21 får
322 1069 17 26 ej
356 1069 37 21 ske
409 1075 25 15 en
450 1071 54 20 enda
519 1069 116 24 menniska,
644 1071 26 18 än
683 1070 80 20 mindre
773 1069 52 21 flere
836 1069 120 26 hundratal,
968 1069 62 21 allra-

201 1098 66 20 minst
290 1098 27 21 då
339 1098 74 26 frågan
436 1099 56 20 ännu
516 1097 70 21 dertill
608 1097 66 28 gäller
693 1098 61 21 deras
770 1098 77 26 högsta
864 1097 38 21 och
918 1097 114 27 vigtigaste

200 1126 186 27 angelägenheter,
403 1127 60 20 deras
482 1127 100 25 religions
598 1126 40 21 och
653 1126 166 21 samvetsfrihet.
849 1127 42 25 Jag
907 1132 62 15 anser
984 1127 46 20 der-

200 1155 33 21 för
248 1161 52 14 vara
319 1156 57 19 orätt
391 1155 22 20 af
426 1155 158 26 lagstiftningen
602 1157 32 19 att
649 1155 142 26 undertrycka
808 1161 25 14 en
849 1155 60 26 fråga
924 1155 24 20 af
962 1155 68 20 denna

200 1184 54 26 vigt;
279 1190 47 14 men
347 1183 54 21 huru
417 1183 161 22 förhållandena
592 1184 7 20 i
612 1183 48 21 vårt
675 1183 48 21 land
739 1183 92 22 faktiskt
847 1183 85 21 komma
947 1185 32 19 att
994 1189 35 21 ge-

199 1212 65 21 stalta
288 1212 38 26 sig,
345 1212 39 21 och
408 1212 104 21 huruvida
535 1212 61 21 dessa
620 1212 113 21 dissenters
753 1212 86 21 komma
855 1214 32 19 att
902 1212 88 21 utträda
1005 1218 26 14 ur

200 1241 83 26 kyrkan
303 1240 50 22 eller
369 1241 51 26 icke,
436 1241 44 21 deri
496 1241 63 27 hyser
572 1241 36 27 jag
624 1240 121 26 visserligen
761 1247 82 15 samma
859 1240 171 27 betänkligheter

200 1276 45 14 som
270 1270 200 26 kontraktsprosten
488 1269 120 27 Grönberg;
632 1270 61 20 äfven
706 1270 37 26 jag
759 1269 92 26 befarar,
869 1271 31 19 att
916 1270 76 25 många
1007 1269 24 21 af

200 1298 48 21 dem
274 1298 46 21 icke
343 1298 60 21 skola
424 1298 94 24 utträda,
534 1298 39 21 och
597 1298 59 21 detta
679 1298 88 21 innebär
791 1300 31 19 ett
838 1298 91 26 verkligt
944 1298 85 26 gäckeri

199 1326 48 21 med
271 1326 40 21 den
333 1326 107 22 lutherska
463 1327 88 26 kyrkan.
583 1327 33 21 En
632 1326 139 26 dissenterlag
787 1327 40 21 har
843 1326 39 21 ock
898 1326 32 21 till
946 1327 31 20 sin
990 1332 39 15 na-

199 1355 80 26 turliga
294 1354 51 27 följd
361 1361 26 15 en
403 1355 154 27 omredigering
572 1355 23 21 af
603 1355 38 21 vår
651 1356 113 26 kyrkolags
777 1356 26 20 13
815 1354 79 28 kapitel
907 1361 34 15 om
953 1354 75 27 kyrko-

199 1384 83 20 tukten.
307 1384 41 20 Det
364 1383 39 21 har
418 1384 44 21 ofta
477 1384 128 21 framhållits
620 1384 69 21 såsom
706 1390 25 14 en
748 1384 37 20 vår
796 1384 31 20 tid
839 1384 191 20 kännetecknande

199 1412 128 26 ensidighet,
343 1415 32 18 att
398 1412 117 22 individens
536 1414 45 19 rätt
596 1415 45 18 mot
656 1412 113 21 samhället
784 1412 98 21 starkare
898 1412 88 21 betonas
1002 1413 26 19 än

199 1440 124 22 samhällets
346 1443 45 19 mot
412 1441 113 21 individen.
557 1441 39 21 Om
617 1441 68 21 denna
700 1440 134 28 beskyllning
851 1440 139 22 öfverhufvud
1004 1442 26 18 är

198 1470 99 25 grundad
318 1469 24 21 så
363 1470 66 21 måste
445 1470 40 20 den
502 1470 122 26 isynnerhet
640 1470 104 21 erkännas
761 1469 120 26 berättigad
897 1469 5 21 i
919 1469 59 26 fråga
994 1475 34 15 om

198 1498 39 20 vår
260 1498 121 21 nuvarande
400 1498 96 27 kyrkliga
512 1498 137 27 lagstiftning.
681 1498 137 27 Kyrkolagen
833 1497 74 22 ställer
923 1497 105 27 nämligen
