1117 1781
228 100 42 19 434
435 104 162 17 Presteständet
609 104 55 16 1882.
690 104 21 16 15
724 108 62 12 mars.

199 173 40 21 den
262 172 114 28 kejserliga
399 173 159 27 propositionen
582 173 32 20 till
637 179 25 14 en
686 172 47 22 fullt
755 172 94 27 antaglig
871 173 38 21 och
927 172 100 22 behofvet

198 201 150 22 motsvarande
372 202 41 27 lag,
436 209 47 14 men
503 202 36 26 jag
555 202 68 21 skulle
640 201 54 22 dock
709 201 78 21 föreslå
804 204 32 18 att
852 201 90 22 Ståndet
958 201 69 21 skulle

198 231 53 24 göra
267 231 32 19 ett
315 229 70 22 försök
402 231 46 20 med
465 231 128 20 återremiss.
623 230 41 27 Jag
680 231 84 20 förenar
780 230 42 25 mig
839 230 70 21 derför
920 230 47 21 med
978 236 48 21 pro-

197 260 47 19 sten
268 258 59 27 Hjelt
349 259 39 21 och
410 259 106 26 professor
536 259 86 21 Donner
638 259 6 20 i
660 259 62 20 deras
737 259 95 26 yrkande
848 259 27 26 på
891 261 31 18 att
938 259 90 20 ärendet

197 287 67 21 måtte
288 287 166 22 återremitteras
476 287 32 21 till
531 287 146 27 lagutskottet,
694 287 45 21 med
756 287 99 21 anhållan
873 290 31 18 att
920 288 105 20 utskottet

198 316 66 21 måtte
280 315 99 22 förändra
395 317 39 20 den
450 316 114 27 kejserliga
579 316 158 27 propositionen
754 316 4 20 i
775 316 40 20 den
833 316 99 26 riktning,
949 322 44 15 som
1004 315 23 21 af

198 344 42 27 mig
255 345 39 20 och
310 345 66 21 andra
392 345 67 21 blifvit
476 345 133 20 framhållen.

266 401 112 22 Professor
401 402 123 21 Donner:
555 401 110 22 Professor
682 402 101 21 Forsman
801 402 38 20 har
855 401 121 25 framhållit,
993 404 32 18 att

196 430 107 21 utskottet
324 430 18 27 ej
359 433 69 18 ansett
444 431 96 26 lämpligt
556 433 32 18 att
604 437 25 14 en
645 430 122 25 inteckning
780 430 68 21 skulle
865 430 86 27 beviljas
968 431 5 20 i
989 431 34 20 rå-

197 458 97 21 material
318 459 38 20 och
377 459 77 26 färdigt
470 459 98 21 fabrikat.
600 459 48 20 Han
665 459 38 20 har
718 459 67 20 tillika
802 459 98 26 påpekat,
917 461 31 18 att
965 460 57 19 detta

196 487 105 27 lagförlag
323 487 80 27 åsyftar
426 487 18 26 ej
460 488 68 26 någon
544 488 153 25 inskränkning
713 488 5 20 i
735 488 25 20 de
777 487 115 21 bestående
909 487 113 21 förbållan-

197 516 60 26 dena,
273 518 50 19 utan
340 518 90 19 tvärtom
448 523 24 14 en
489 516 129 26 utvidgning.
650 516 47 21 Men
714 517 107 20 utskottet
836 518 62 25 säger
913 515 109 27 uttryckli-

196 551 41 20 gen
260 544 27 27 på
311 544 63 21 femte
400 545 60 20 sidan
486 545 22 21 af
521 545 37 21 sitt
574 545 146 20 betänkande:
737 545 72 26 ,äfven
825 545 65 26 enligt
907 545 115 20 utskottets

196 573 64 20 tanke
284 573 39 20 bör
345 574 42 20 den
411 574 107 20 tilltänkta
535 573 185 26 lagförordningen
737 580 51 14 vara
803 573 88 21 förenad
909 573 46 21 med
971 579 50 20 upp-

197 601 105 21 häfvande
325 601 22 21 af
368 602 40 20 den
432 602 143 26 förmånsrätt,
599 608 45 15 som
666 601 32 21 för
721 602 132 21 närvarande
869 604 24 18 är
908 601 114 21 tillerkänd

197 629 207 28 förlagsfordringar,
420 631 76 20 liksom
513 631 61 20 äfven
590 631 21 20 af
626 631 25 20 de
667 631 138 25 stadganden,
823 637 44 14 som
883 631 55 26 angå
952 630 70 27 dylika

195 659 166 24 inteckningar*.
386 654 9 36 —
400 659 74 21 Denna
496 659 153 26 inskränkning
672 661 24 18 är
719 659 88 21 alldeles
822 659 117 26 uppenbar,
955 658 67 21 sävidt

193 687 38 26 jag
246 687 41 21 kan
303 687 62 25 finna,
383 687 38 21 och
438 688 26 21 dä
480 694 24 15 en
520 689 56 26 gäng
592 688 105 21 utskottet
713 687 38 21 har
767 690 71 18 ansett
849 688 35 20 det
895 693 50 15 vara
956 688 67 25 lämp-

196 715 39 27 ligt
257 718 32 18 att
310 716 77 27 bevilja
402 717 120 26 inteckning
538 716 60 21 äfven
615 717 5 20 i
638 716 112 26 maskiner,
767 716 91 27 redskap
875 716 38 21 och
929 716 93 21 inventa-

196 744 42 21 rier
260 747 56 18 samt
335 745 67 20 andra
426 745 106 26 tillbehör,
556 751 44 14 som
624 747 36 18 äro
682 745 77 26 nödiga
775 745 33 20 för
824 744 105 21 rörelsens
945 744 76 21 bedrif-

196 773 74 26 vande,
287 773 66 21 finnes
370 773 17 26 cj
405 773 67 26 någon
489 773 110 27 principiel
615 773 68 26 grund
699 775 32 19 att
747 773 46 21 icke
809 777 50 22 taga
869 775 70 24 steget
949 775 24 19 ut
983 773 39 20 och

195 801 78 26 bevilja
296 802 122 26 inteckning
440 803 60 20 äfven
523 803 6 20 i
553 802 36 21 det
612 802 138 26 erforderliga
766 802 146 21 råmaterialet
927 801 39 22 och
982 801 40 21 den

195 830 78 26 färdigt
294 831 144 26 producerade
454 837 70 14 varan.
556 831 67 20 Dessa
639 831 127 20 inventarier
783 831 40 20 och
840 830 67 21 andra
923 830 99 21 tillbehör

195 859 59 26 spela
269 859 6 20 i
291 859 76 26 många
382 859 94 21 fabriker
492 866 25 14 en
534 859 107 27 obetydlig
657 859 38 21 rol.
727 859 41 21 Det
788 859 67 21 finnes
868 859 99 26 fabriker,
978 865 44 14 som

195 887 123 26 visserligen
341 888 72 21 kunna
436 887 62 22 hafva
520 888 73 27 dylika
615 887 88 22 föremål
720 887 31 21 till
768 890 31 18 ett
815 887 64 22 värde
895 887 21 21 af
934 887 88 24 100,000

195 916 66 26 mark,
287 922 46 15 men
358 917 6 20 i
383 916 79 21 sådana
478 917 35 20 fall
530 920 119 17 motsvarar
664 917 98 25 vanligen
779 917 89 20 råvaran
885 916 38 21 och
940 917 25 20 de
980 916 42 21 fär-

195 944 47 27 diga
265 945 146 26 produkterna
434 947 31 19 ett
487 946 63 20 värde
566 946 23 20 af
603 951 25 15 en
645 945 51 21 eller
712 951 38 20 par
766 945 106 21 millioner
888 945 65 20 mark.
984 945 38 20 Ett

194 973 58 26 lager
275 973 22 21 af
319 973 60 21 detta
402 974 54 25 höga
473 974 71 25 värde,
557 980 45 15 som
618 974 95 26 ständigt
729 973 68 27 ligger
813 973 40 21 och
869 973 93 26 ständigt
978 979 44 15 om-

193 1003 74 22 sättes,
291 1001 98 27 erbjuder
413 1003 22 20 åt
458 1003 130 24 långifvaren
604 1009 25 14 en
646 1003 84 26 mycket
746 1004 69 19 större
832 1002 100 21 säkerhet
949 1004 26 18 än
991 1002 31 20 in-

193 1031 100 26 teckning
308 1031 6 20 i
331 1031 134 21 inventarier.
496 1031 38 20 Om
555 1031 133 27 längifvaren
704 1031 38 20 har
757 1031 122 20 förtroende
893 1031 32 20 till
933 1030 89 21 fabriks-

193 1059 100 20 idkarens
316 1059 70 26 heder,
410 1059 39 21 kan
473 1059 41 21 han
537 1059 69 21 lemna
629 1060 78 20 honom
727 1059 36 21 det
784 1059 35 21 lån
836 1059 40 21 han
893 1059 106 24 behöfver,
1016 1059 6 20 i

193 1087 101 21 händelse
316 1088 42 21 han
382 1088 32 21 får
434 1095 25 14 en
474 1088 66 21 sådan
556 1088 122 27 inteckning
694 1088 5 21 i
716 1088 89 21 råvaran
823 1087 50 22 celler
889 1088 39 20 den
945 1088 77 25 färdigt

192 1116 145 27 producerade
361 1123 71 17 varan,
455 1123 46 14 men
525 1117 41 21 han
590 1117 92 20 riskerar
703 1117 18 26 ej
738 1118 33 19 att
786 1117 70 20 lemna
873 1117 41 24 det,
931 1123 33 14 om
980 1117 41 20 han

193 1144 92 22 erhåller
307 1145 123 26 inteckning
453 1145 55 21 blott
523 1146 6 20 i
546 1145 154 22 inventarierne
717 1145 38 21 och
773 1146 67 20 andra
857 1145 108 21 fabrikens
981 1145 40 20 till-

192 1173 129 27 hörigheter.
360 1174 41 21 Det
416 1176 23 18 är
455 1174 81 21 således
552 1174 63 25 klart,
632 1177 32 18 att
680 1176 31 19 ett
727 1173 120 27 beviljande
863 1174 22 21 af
899 1174 122 26 inteckning

192 1203 6 19 i
222 1203 62 20 dessa
300 1203 85 20 andra
376 1198 14 35 i
402 1202 95 21 fabriken
515 1203 93 26 ständigt
624 1203 110 26 befintliga
748 1203 89 20 föremål
854 1209 49 14 vore
919 1202 32 21 till
967 1204 54 19 stort

191 1237 56 20 gagn
269 1231 32 21 för
317 1231 117 21 industrins
450 1231 126 27 utveckling.
607 1231 208 27 Kontraktsprosten
832 1231 110 26 Grönberg
957 1231 64 26 påpe-

192 1260 60 24 kade,
270 1262 31 18 att
318 1260 54 20 hvad
389 1266 26 14 en
431 1260 33 21 del
475 1261 22 20 af
509 1260 218 21 fabriksmaskinerna
739 1260 39 20 och
789 1260 62 20 äfven
865 1260 156 20 inventarierna

191 1288 108 26 beträffar,
325 1288 21 21 så
365 1288 62 22 hafva
444 1289 25 21 de
484 1291 32 19 ett
530 1289 82 25 ganska
628 1290 60 25 ringa
703 1289 71 20 värde.
806 1289 41 20 Det
863 1288 42 21 kan
922 1289 33 20 väl
971 1294 50 15 vara

192 1316 65 26 fallet,
281 1323 48 15 men
352 1318 6 20 i
382 1318 66 20 sådan
470 1317 101 21 händelse
586 1324 38 20 ger
639 1318 61 25 ingen
717 1317 119 27 långifvare
853 1318 64 25 något
932 1317 88 26 betydli-

191 1351 51 21 gare
266 1346 41 20 lån.
345 1346 70 20 Hafva
438 1346 25 21 de
489 1347 47 20 åter
558 1347 65 25 något
639 1348 68 18 större
723 1346 72 25 värde,
810 1346 81 20 hvilket
906 1346 21 26 ju
943 1346 41 20 kan
1000 1345 22 21 af

191 1374 129 26 långifvaren
344 1375 133 26 uppskattas,
501 1374 81 22 lemnar
605 1374 40 21 han
670 1381 65 20 gerna
756 1374 37 21 sitt
809 1374 35 21 lån
861 1374 32 21 för
909 1376 32 19 att
956 1380 64 20 uppe-

190 1402 57 21 hålla
271 1402 231 28 fabriksinrättningen,
527 1404 25 20 då
577 1403 41 21 han
642 1403 89 21 besitter
749 1403 104 25 rättighet
869 1404 30 20 att
916 1402 47 21 med
979 1402 41 21 för-

191 1430 104 22 månsrätt
311 1432 32 20 till
359 1432 62 20 dessa
437 1438 62 15 varor
514 1432 20 21 få
551 1432 91 27 tillbaka
657 1432 37 20 sitt
709 1432 42 20 lån.
777 1432 42 26 Jag
830 1432 36 20 vill
877 1431 18 26 ej
907 1431 113 27 uppehålla

190 1459 43 27 mig
255 1460 34 20 vid
313 1460 68 21 denna
405 1460 164 27 omständighet.
600 1460 67 21 Äfven
684 1460 108 26 professor
808 1460 102 21 Forsman
927 1460 93 25 godkän-

190 1494 44 21 ner,
255 1490 32 19 att
310 1489 35 21 vid
367 1488 154 28 behandlingen
546 1489 22 21 af
582 1489 74 27 frågan
673 1495 33 15 om
721 1488 180 27 jordafsöndring,
919 1488 101 27 tillbörlig
