1117 1781
219 116 40 26 130
416 120 162 18 Presteståndet
590 122 56 16 1882.
672 122 12 18 7
697 121 98 23 februari.

188 189 56 22 vålla
259 189 145 28 uppdämning
420 189 32 23 för
467 190 67 27 några
549 190 144 26 öfverboende
708 191 52 21 eller
776 190 128 22 vattenbrist
919 191 32 20 för
966 192 56 22 dem,

188 224 46 15 som
258 219 115 21 nedanföre
396 218 74 26 finnas,
494 218 34 22 mä
551 219 37 21 det
606 225 50 15 vara
669 216 114 30 jordegare
799 219 101 26 obetaget
915 221 32 19 att
963 219 59 21 hålla

189 247 49 29 hela
254 247 150 28 vattendraget
419 247 93 27 stängdt,
528 247 90 22 allenast
634 247 77 22 fiskens
724 254 51 21 upp-
787 248 38 21 och
838 248 97 27 nedgäng
945 255 76 19 genom

188 274 75 28 tjenlig
279 276 94 26 öppning
389 276 135 27 befrämjas*.

259 309 172 28 Olägenheterna
454 310 24 21 af
498 310 73 27 lagens
593 311 133 26 stadganden
749 317 34 15 om
809 311 132 26 kungsädras
963 311 57 21 bibe-

190 338 101 22 hällande
313 339 61 21 äfven
391 339 6 21 i
413 339 79 21 sädana
512 341 70 19 större
604 339 133 26 vattendrag,
756 346 46 14 som
819 339 46 21 icke
881 341 36 19 äro
933 339 34 21 för
981 339 40 22 far-

189 367 52 22 eller
256 366 84 23 flottled
356 368 143 25 användbara,
516 367 61 22 hafva
593 367 117 22 emellertid
727 369 67 21 under
805 369 36 20 det
851 370 85 19 senaste
947 369 74 20 decen-

188 395 59 22 nium
263 396 58 21 trädt
338 396 6 21 i
361 397 66 26 dagen
444 396 47 21 med
506 396 38 21 allt
560 398 70 22 större
645 397 111 26 tydlighet.
787 395 74 23 Under
874 396 60 22 detta
946 397 75 20 decen-

189 424 58 21 nium
270 424 41 21 har
334 425 104 26 nemligen
462 425 83 21 landets
568 425 91 22 industri
682 425 109 22 utvecklat
814 425 31 26 sig
866 425 156 26 jemförelsevis

189 450 117 29 kraftigare
328 455 27 20 än
378 454 112 25 tillförene,
513 459 46 15 men
579 453 110 28 samtidigt
705 453 39 22 har
759 453 192 28 vatteutillgängen
967 454 6 21 i
989 454 31 21 ät-

189 481 86 26 skilliga
297 483 127 26 vattendrag
438 482 137 22 förminskats
592 482 44 21 dels
652 483 33 20 till
700 482 52 27 följd
768 482 22 22 af
805 482 155 27 skogssköfling
976 482 46 21 dels

188 510 39 21 ock
251 509 34 22 till
307 510 52 27 följd
382 511 22 21 af
425 511 167 27 upprensningar
608 510 22 22 af
644 511 81 21 mindre
741 511 132 27 vattendrag.
904 510 116 26 Värfloder,

189 544 46 15 som
258 545 89 15 numera
369 539 31 22 till
423 539 52 28 följd
497 539 21 21 af
539 539 92 21 nämnda
653 539 88 22 orsaker
757 540 106 26 hastigare
879 539 78 22 samlas
972 541 6 20 i
994 540 27 21 de

189 569 60 19 stora
264 568 204 26 vattenbassinerna,
484 570 138 19 utströmmar
638 568 60 21 äfven
714 568 109 27 hastigare
839 568 92 21 derifrän
944 574 76 21 genom

189 595 41 21 den
246 597 71 26 öppna
332 597 142 26 kungsädran,
490 603 47 14 men
553 596 33 21 till
602 597 50 26 följd
662 596 22 21 af
692 597 58 21 detta
759 597 83 27 hastiga
852 597 169 21 utströmmande

188 625 91 26 uppstär
301 625 67 21 under
390 631 74 16 senare
480 625 60 21 delen
553 625 23 21 af
590 631 119 16 sommaren
725 625 99 28 (Augusti
841 625 39 22 och
896 625 126 27 September

189 653 112 26 mänader)
317 660 24 14 en
358 653 33 22 för
406 653 129 27 seglationen
552 653 78 27 menlig
646 655 201 26 vattenminskning,
858 654 67 21 under
938 654 36 21 det
988 656 33 19 att

189 687 26 15 en
238 681 34 22 för
295 682 104 21 industrin
423 683 76 26 menlig
521 683 129 21 vattenbrist
672 683 72 21 träder
760 683 5 21 i
783 683 68 26 dagen
871 682 150 22 företrädesvis

188 710 68 21 under
272 711 83 21 vintern
373 711 141 26 (December—
527 706 75 36 April).

260 744 56 22 Frän
333 745 103 22 särskilda
453 745 58 21 delar
526 745 22 21 af
562 745 73 21 landet
651 745 39 21 har
704 745 77 27 klagan
800 745 104 27 försports
919 745 58 21 öfver
994 746 26 21 de

189 773 140 27 svårigheter,
351 780 44 15 som
418 775 95 26 uppstått
536 773 85 27 tillföljd
644 774 23 21 af
686 774 222 27 vattenminskningen
924 774 5 21 i
947 774 26 21 de
988 773 32 22 för

188 802 105 26 seglation
309 802 39 21 och
364 803 90 21 industri
468 803 135 20 användbara
615 803 159 26 vattendragen.
791 803 100 21 Starkast
902 803 39 20 har
951 803 69 21 denna

188 830 78 27 klagan
288 831 54 21 dock
358 831 133 21 förnummits
506 831 46 21 frän
568 831 83 21 landets
666 833 79 20 största
760 831 135 22 industriort:
911 831 108 22 Tammer-

188 859 50 26 fors,
255 859 40 22 och
319 859 26 21 dä
361 859 159 22 förhållandena
535 860 13 21 å
564 861 69 20 denna
648 863 34 18 ort
697 861 38 20 äro
752 866 35 15 oss
803 859 101 22 särskildt
920 860 99 26 bekanta,

189 887 71 23 tilläta
277 888 19 21 vi
312 894 34 15 oss
362 890 33 19 att
411 889 67 21 säsom
495 889 95 26 exempel
606 889 101 21 särskildt
723 889 76 21 anföra
815 889 54 20 dem.

257 922 33 21 De
305 924 59 19 stora
379 923 132 21 industriella
527 923 147 26 inrättningar,
686 929 44 15 som
746 923 40 21 här
797 923 68 20 blifvit
875 922 91 27 anlagda
978 923 39 21 och

187 957 45 15 som
257 951 68 21 under
347 953 83 19 senaste
454 951 122 21 decennium
598 951 104 27 betydligt
725 952 114 25 utvidgats,
856 951 91 26 ansägos
962 953 55 19 ännu

187 979 32 21 för
235 979 30 21 tio
281 980 25 21 är
321 979 90 22 tillbaka
425 980 69 27 aldrig
509 980 89 21 behötva
613 979 72 22 frukta
700 981 33 20 för
748 979 135 22 vattenbrist.
907 979 45 22 Och
964 980 53 21 dock

187 1008 39 21 har
249 1008 156 21 vattenbristen
427 1009 39 21 här
486 1009 64 20 redan
566 1008 68 21 blifvit
650 1011 51 19 nära
717 1015 41 20 nog
774 1009 95 21 kronisk.
900 1009 45 29 Den
962 1009 55 20 äter-

186 1036 98 22 kommer
299 1039 75 19 nästan
391 1037 71 27 hvarje
477 1038 24 20 är
516 1037 48 21 med
580 1037 40 21 den
636 1037 80 27 påföljd
731 1040 33 19 att
780 1037 122 27 fabrikerna
917 1037 100 26 nödgas
1005 1032 16 37 i

186 1065 84 21 mindre
293 1065 51 22 eller
366 1067 69 20 större
454 1066 52 26 grad
528 1065 115 22 inskränka
658 1066 32 21 sin
707 1066 142 21 verksamhet.
879 1065 68 21 Afven
963 1065 53 22 skall

186 1093 37 22 det
237 1093 73 27 gifvits
326 1094 61 27 tider,
403 1095 26 20 dä
445 1101 48 14 man
509 1094 32 21 till
557 1094 52 27 följd
625 1094 23 21 af
660 1095 222 26 vattenminskningen
894 1094 7 21 i
911 1094 105 27 Näsijärvi

185 1124 154 25 vattensystem
355 1123 82 22 fruktat
452 1125 32 19 att
499 1129 102 21 passagen
617 1129 76 21 genom
709 1123 84 21 Murola
809 1125 66 19 ström
892 1123 46 21 icke
949 1122 69 22 skulle

185 1151 73 21 kunna
274 1151 163 27 upprätthällas.

254 1185 92 22 Hvilken
369 1186 66 21 skada
457 1186 121 27 härigenom
603 1186 124 27 tillskyndas
753 1187 36 20 det
805 1186 108 21 allmänna
928 1185 88 27 ligger
1003 1181 15 36 i

185 1216 68 25 öppen
272 1214 46 27 dag.
349 1215 42 20 Det
407 1217 23 19 är
445 1215 46 21 icke
508 1214 54 22 blott
578 1215 132 21 fabrikernes
727 1221 64 21 egare
807 1217 50 18 utan
874 1215 40 20 ock
925 1214 90 21 fabriks-

184 1243 128 21 arbetarene
335 1243 39 21 och
397 1243 42 22 alla
462 1243 25 21 de
510 1249 45 16 som
578 1244 23 20 ät
626 1244 62 20 dessa
711 1243 162 22 tillhandahålla
897 1243 61 21 deras
974 1243 41 21 för-

184 1272 139 25 nödenheter,
347 1272 70 22 hvilka
438 1272 90 21 drabbas
544 1272 22 21 af
581 1273 36 21 det
633 1272 104 27 olyckliga
751 1272 152 21 förhällandet.
934 1272 41 20 Det
991 1274 25 18 är

184 1300 47 20 med
255 1302 32 20 ett
310 1301 39 21 ord
371 1301 48 21 hela
441 1301 127 25 landsorten,
591 1308 45 14 som
652 1301 53 21 lider
721 1300 67 26 deraf,
803 1307 48 15 men
867 1307 26 14 en
909 1300 106 22 landsorts

183 1329 140 21 ekonomiska
346 1329 86 21 lidande
452 1329 74 21 blifver
542 1330 5 20 i
564 1329 75 27 sjelfva
660 1330 75 21 verket
750 1336 26 14 en
793 1329 221 21 nationalekonomisk

183 1357 83 21 förlust.

253 1392 97 21 Orsaken
373 1392 32 21 till
427 1392 153 22 vattenbristen
600 1393 1 20 i
617 1392 142 22 Tammerfors
784 1392 126 26 vattendrag
934 1393 23 19 är
974 1392 39 20 den

182 1420 63 21 ofvan
262 1421 93 26 angitna,
371 1424 32 18 att
418 1420 192 22 vattentilllödena
626 1421 32 21 till
673 1421 107 27 Näsijärvi
796 1420 31 27 sjö
844 1426 89 16 numera
948 1420 65 21 hasti-

181 1455 50 20 gare
255 1451 105 19 uttömma
383 1450 31 26 sig
429 1450 6 20 i
451 1450 68 20 denna
542 1450 78 24 bassin,
642 1450 62 21 hvars
727 1449 124 21 vattennivä
873 1448 83 22 derföre
979 1455 33 15 om

181 1478 64 20 vären
270 1478 49 26 (Maj
345 1478 38 21 och
405 1478 58 28 Juni)
484 1478 79 27 hastigt
578 1478 71 27 stiger,
666 1484 47 16 men
729 1478 66 21 ocksä
811 1478 98 26 vanligen
925 1478 65 20 redan
1007 1478 5 20 i

180 1506 44 21 Juli
241 1507 76 21 mänad
334 1506 72 28 börjar
421 1509 32 19 att
468 1507 81 27 sjunka,
566 1506 106 22 hvarefter
688 1506 133 27 sänkningen
837 1506 108 22 oafbrutet
961 1506 52 21 fort-
