1117 1781
227 112 43 20 254
420 117 162 17 Presteståndet
594 118 57 17 1882.
676 118 23 17 21
712 118 97 17 februari.

246 356 144 34 Tisdagen
408 357 55 26 den
482 357 33 26 21
532 356 128 27 februari
680 356 37 27 kl.
735 357 27 26 11
780 356 204 35 förmiddagen.

270 442 169 21 Sammanträdet
454 443 108 27 öppnades
578 443 47 20 med
640 443 21 20 af
677 443 196 27 kontraktsprosten
889 443 140 21 Helander

200 471 26 28 på
241 471 69 21 finska
325 471 84 27 språket
424 471 70 21 hållen
511 471 47 21 bön.

271 615 39 20 Vid
328 615 49 21 derå
394 615 90 21 anstäldt
499 621 79 20 upprop
590 614 106 21 befunnos
706 615 98 26 samtliga
815 615 213 20 ståndsmedlemmar

199 644 132 21 närvarande
347 644 48 21 med
411 644 108 25 undantag
535 643 21 20 af
566 643 135 27 domprosten
717 643 122 26 Renvall,
850 650 46 14 som
908 643 48 21 med
967 641 60 23 Stän-

199 672 46 21 dets
262 672 59 21 bifall
338 679 35 14 var
389 672 146 21 fränvarande.

270 815 113 27 Upplästes
398 815 30 21 till
448 815 103 27 justering
567 815 39 20 och
622 815 123 26 godkändes
760 814 194 27 protokollsutdrag
969 814 59 21 öfver

199 844 35 20 vid
251 846 83 19 senaste
350 844 153 21 sammanträde
520 843 78 21 fattade
614 843 75 21 beslut.

268 986 57 21 Herr
339 986 175 21 Talmannen
534 987 125 20 meddelade
676 989 30 18 att
722 987 59 20 inom
792 987 233 20 talmanskonferensen

199 1015 56 26 gjort
267 1015 32 27 sig
310 1015 97 27 gällande
424 1015 40 20 den
480 1015 87 25 önskan,
578 1017 36 24 att,
625 1015 31 21 till
673 1015 136 21 undvikande
825 1015 21 21 af
861 1015 101 27 dröjsmäl
977 1015 48 20 med

199 1043 127 22 remisserna
335 1044 29 21 till
375 1044 116 27 respektive
500 1044 85 26 utskott,
596 1044 103 27 protokoll
708 1044 59 20 öfver
775 1044 173 21 remissbesluten
958 1043 68 21 skulle

199 1073 126 26 expedieras
350 1075 49 18 utan
422 1074 30 19 att
475 1073 99 20 särskildt
597 1073 34 20 vid
655 1073 92 26 följande
771 1073 86 26 plenum
881 1073 97 26 uppläsas
994 1072 32 21 till

198 1101 111 27 justering,
325 1101 85 20 hvilken
427 1101 118 26 anordning
561 1101 88 20 Ständet
664 1101 62 21 äfven
742 1101 103 27 enhälligt
859 1101 117 27 godkände.

269 1244 79 21 Vidare
364 1244 92 21 uttalade
471 1244 176 21 Talmannen
665 1244 40 21 den
721 1244 83 21 önskan
820 1245 35 25 att,
871 1244 66 26 enligt
953 1243 20 21 af
988 1243 39 21 tal-

199 1272 204 22 manskonferensen
419 1273 71 21 derom
507 1273 69 27 gjordt
592 1273 84 27 förslag,
689 1273 32 21 till
737 1273 138 21 undvikande
891 1272 20 21 af
927 1272 99 27 dröjsmäl

198 1302 155 26 propositioner
371 1302 39 20 och
426 1302 238 20 utskottsbetänkanden
680 1301 56 27 finge
754 1302 125 26 bordläggas
896 1301 33 20 vid
946 1307 80 14 samma

198 1329 95 27 plenum,
309 1330 26 20 dä
351 1330 25 20 de
392 1330 31 20 till
439 1330 87 20 Ständet
541 1330 118 25 inkommit,
670 1337 33 14 om
719 1330 26 21 de
762 1330 63 20 också
841 1332 57 18 ännu
915 1330 18 26 ej
951 1330 76 20 hunnit

198 1358 67 21 blifva
281 1358 63 21 bland
361 1358 97 21 Ständets
474 1359 139 20 medlemmar
628 1358 104 22 utdelade.

268 1416 109 27 Förslaget
392 1416 104 21 motsades
512 1416 38 20 och
566 1416 109 20 lemnades
691 1418 50 18 utan
759 1415 78 28 ätgärd.
