1117 1781
221 121 42 21 274
409 126 162 18 Presteståndet
584 127 57 17 1882.
665 128 27 16 24
704 127 98 17 februari.

191 196 72 21 toinen
280 201 27 15 on
326 195 61 21 herra
406 191 64 30 Öller,
486 195 70 21 toinen
572 195 62 21 herra
650 196 136 21 Schroderus.
816 195 204 22 Viimeksimainittu

191 231 27 14 on
235 224 48 21 aina
302 226 77 24 estetty
399 223 102 22 olemasta
518 224 152 27 varajäsenenä
684 224 52 21 laki-
751 225 21 26 ja
787 224 234 21 talousvaliokunnassa

190 259 38 14 sen
253 253 82 26 vuoksi,
357 254 42 19 että
422 253 40 20 hän
484 259 26 14 on
530 253 127 20 vakinainen
678 253 59 26 jäsen
759 253 261 21 rautatievaliokunnassa.

190 281 59 20 Minä
265 281 85 26 pyydän
367 281 37 20 siis
420 281 145 26 nöyrimmästi
582 283 73 24 säätyä
670 281 128 21 käskemään
815 281 205 28 valitsijamiestensä

190 311 94 19 määrätä
304 309 81 21 kolmas
401 309 109 27 varajäsen
526 309 146 27 yhdistettyyn
690 309 51 21 laki-
756 310 21 27 ja
793 310 227 21 talousvaliokuntaan.

260 363 148 24 Öfverläraren
431 366 137 21 Kihlman:
598 365 33 22 Dä
652 367 26 20 de
702 366 67 27 bägge
794 367 86 26 utskott,
903 367 30 21 uti
949 367 71 21 hvilka

189 398 72 25 pastor
277 395 128 21 Vesterlund
421 395 60 22 sitter
496 395 67 20 säsom
581 395 105 20 ordinarie
701 395 99 23 medlem,
815 395 47 21 icke
874 395 72 21 kunna
959 395 60 21 ställa

189 424 24 21 sä
228 424 38 26 till,
288 426 31 19 att
342 424 26 21 de
384 423 156 21 sammanträda
555 423 27 27 pä
597 423 69 21 skilda
682 423 53 21 tider
751 424 39 20 och
807 423 26 21 dä
849 426 70 25 pastor
935 424 84 21 Vester-

190 453 52 20 lund
258 453 47 20 icke
321 452 37 21 vill
374 452 47 27 afgä
436 452 46 21 från
499 452 121 27 någondera
635 452 21 20 af
672 452 61 21 dessa
749 452 85 27 utskott,
850 459 64 20 synes
929 453 36 20 det
975 453 43 27 mig

189 483 31 19 att
235 481 64 27 nägot
321 483 65 19 annat
408 481 46 21 icke
478 481 88 20 äterstär
587 481 33 20 för
638 481 83 20 ständet
736 483 26 18 än
779 484 29 17 att
826 481 54 26 välja
896 481 122 27 ytterligare

189 517 27 14 en
232 510 113 27 suppleant
368 509 31 21 till
414 511 150 19 sammansatta
583 509 45 26 lag-
642 509 39 20 och
697 509 208 25 ekonomiutskottet,
922 510 96 26 hvarige-

190 545 49 14 nom
263 539 71 20 denna
356 538 106 27 svärighet
484 537 68 21 skulle
569 537 73 21 kunna
656 538 109 27 afhjelpas.
794 537 42 28 Jag
851 538 68 20 skulle
935 538 83 21 säledes

189 573 51 14 anse
257 567 35 20 det
307 567 96 26 lämpligt
418 568 30 19 att
462 566 83 21 ständet
561 566 69 21 skulle
646 566 73 21 förena
734 567 32 26 sig
782 573 34 14 om
833 566 36 21 det
879 566 83 27 förslag,
971 573 45 14 som

189 595 21 21 af
225 597 72 26 pastor
311 595 128 21 Vesterlund
456 595 48 27 själf
521 595 68 20 blifvit
603 595 75 26 gjordt.

259 651 87 22 Prosten
363 651 93 28 Hjelt:
480 651 41 21 Det
536 653 23 19 är
574 652 18 26 ej
610 652 37 20 lätt
663 653 30 19 att
703 652 123 26 ytterligare
839 652 54 27 välja
904 652 112 27 supplean-

189 683 32 18 ter
235 681 32 20 till
291 682 149 19 sammansatta
465 680 42 27 lag-
528 681 40 20 och
592 680 202 21 ekonomiutskottet
814 687 47 14 men
879 687 28 13 nu
923 680 94 21 inträffar

188 709 36 21 det
239 709 138 26 förhällande,
393 712 29 17 att
438 709 152 27 presteständet
606 709 38 20 har
654 709 31 20 till
696 709 113 26 suppleant
819 709 5 20 i
835 709 181 26 jernvägsutskot-

187 740 30 19 tet
239 737 42 21 valt
303 744 27 14 en
353 737 91 21 medlem
467 743 44 14 som
535 737 46 21 icke
605 737 69 20 blifvit
694 737 7 20 i
726 737 55 20 detta
804 737 79 20 utskott
901 737 114 27 begagnad.

188 766 41 21 Om
252 768 71 25 pastor
345 766 128 21 Vesterlund
497 766 121 26 föredrager
640 768 30 18 att
686 766 74 20 endast
775 765 73 21 arbeta
865 766 29 20 uti
910 772 105 14 samman-

187 797 54 18 satta
264 795 44 26 lag-
328 795 38 20 och
389 794 206 26 ekonomiutskottet,
610 794 23 21 sä
649 794 39 20 kan
705 795 64 20 saken
786 794 82 27 jemkas
884 794 26 27 pä
925 795 36 20 det
975 797 40 18 sätt

187 825 30 19 att
240 823 148 26 kyrkoherden
412 823 109 20 Frosterus
544 823 119 26 öfvertager
685 823 167 26 ledamotskapet
877 823 5 20 i
907 823 108 27 jernvägs-

188 852 107 21 utskottet.

257 908 124 27 Vicepastor
404 908 168 21 Vesterlund:
602 907 59 22 Minä
684 908 48 21 olen
755 908 105 21 mainitun
877 909 136 26 varajäsenen

187 937 69 21 vanha
280 939 73 24 ystävä
375 937 21 27 ja
419 937 71 20 luotan
515 937 71 20 kaikin
606 937 72 27 puolin
695 937 81 20 häneen
793 940 96 22 muuten,
906 939 66 18 mutta
988 943 25 14 en

187 966 68 20 hänen
273 966 104 20 ollessaan
392 966 101 26 jäsenenä
508 965 261 21 rautatievaliokunnassa.

256 1022 68 21 Sedan
342 1022 146 21 diskussionen
506 1022 90 21 härefter
611 1022 111 21 förklarats
738 1023 98 26 afslutad,
854 1023 66 20 beslöt
930 1022 84 21 ständet

185 1052 32 19 att
240 1051 70 20 lemna
330 1051 6 20 i
360 1051 94 26 uppdrag
476 1051 20 20 ät
512 1051 46 20 sina
576 1051 104 20 elektorer
696 1053 29 18 att
741 1051 55 27 välja
811 1057 26 14 en
855 1051 112 27 suppleant
982 1051 31 20 till

185 1081 151 19 sammansatta
353 1079 43 27 lag-
412 1079 39 21 och
466 1079 207 21 ekonomiutskottet.

254 1216 54 20 Frän
331 1216 235 27 expeditionsutskottet
589 1216 53 21 hade
664 1217 113 20 inkommit
799 1217 39 20 och
860 1216 106 27 upplästes
983 1223 28 14 nu

184 1245 31 20 till
238 1245 105 27 justering
363 1247 29 19 ett
407 1244 22 21 af
444 1245 64 27 sagde
528 1245 78 21 utskott
621 1245 138 21 formuleradt
775 1245 79 27 förslag
869 1245 31 21 till
916 1252 26 13 en
958 1245 52 27 peti-

184 1274 43 20 tion
245 1280 34 14 om
299 1274 133 26 uppresande
448 1274 21 20 af
484 1280 25 14 en
526 1276 55 24 staty
597 1274 21 20 ät
633 1273 76 27 Kejsar
723 1274 126 20 Alexander
864 1274 20 20 II
900 1274 110 20 äfvensom

183 1308 27 14 en
226 1302 87 20 dermed
329 1302 7 20 i
351 1302 153 27 sammanhang
519 1302 87 20 stäende
622 1302 183 27 helsningsadress
818 1302 30 20 till
865 1302 36 20 vär
911 1308 29 14 nu
952 1308 58 20 rege-

184 1330 65 21 rande
265 1330 88 27 Kejsare
369 1331 39 20 och
420 1330 119 26 Storfurste,
552 1330 80 21 hvilket
642 1330 79 28 förslag
734 1338 38 13 var
782 1330 21 21 af
814 1330 93 28 följande
918 1330 91 27 lydelse:

277 1427 165 27 Stormäktigste,
457 1427 156 27 Allernädigste
630 1427 87 27 Kejsare
733 1428 41 20 och
791 1427 122 21 Storfurste!

252 1484 135 20 Församlade
403 1484 31 20 till
450 1484 99 27 landtdag
564 1484 64 21 första
644 1484 83 27 gängen
743 1484 54 21 efter
812 1484 67 20 Eders
890 1484 118 27 Kejserliga

182 1512 109 27 Majestäts
314 1513 173 27 tronbestigning,
510 1513 62 20 hafva
594 1512 101 21 Finlands
718 1513 91 21 Ständer
832 1514 47 20 rönt
902 1515 30 19 ett
947 1512 62 28 lifligt
