1117 1781
215 128 42 21 570
430 133 161 18 Presteståndet
602 135 60 17 1882.
686 135 24 17 21
721 138 63 14 mars.

186 203 63 21 Hvad
274 203 44 26 $:ns
340 203 66 21 andra
426 209 62 15 mom.
504 203 104 21 beträffar
623 203 39 21 ber
675 203 37 28 jag
726 205 33 20 att
773 203 22 21 fä
810 205 59 25 yttra
883 204 43 26 mig
941 209 74 16 senare

187 237 34 16 om
237 231 124 22 detsamma.

257 288 111 21 Professor
385 289 120 21 Donner:
535 289 137 21 Beträffande
687 289 124 27 ytterligare
827 289 140 26 parcellering
982 295 32 21 sy-

187 323 37 15 nes
247 317 36 21 det
306 317 43 27 mig
367 320 32 19 att
415 318 145 21 diskussionen
576 319 73 20 derom
666 318 118 27 egentligen
800 317 67 21 borde
883 317 131 22 förekomma

186 345 36 22 vid
230 345 156 27 behandlingen
394 346 21 21 af
422 352 74 15 senare
505 353 63 14 mom.
577 346 6 21 i
592 345 13 29 &
616 347 32 25 12,
657 346 39 22 och
705 347 27 20 dä
740 347 41 20 den
791 347 4 20 i
809 346 42 21 alla
861 345 36 22 fall
909 346 28 21 dä
947 346 67 21 måste

187 377 114 24 upptagas,
324 375 37 20 vill
374 375 37 27 jag
425 375 33 21 för
474 375 135 26 ögonblicket
624 375 18 26 ej
659 375 68 22 uttala
743 375 43 26 mig
802 375 79 26 derom,
897 374 67 21 ehuru
981 375 33 26 jag

187 403 34 21 för
244 403 42 21 min
309 403 32 21 del
365 403 36 21 vill
423 404 129 21 understöda
567 403 106 27 yrkandet
688 404 27 26 pä
730 404 123 26 ytterligare
870 403 143 27 parcellering.

187 432 43 21 Det
252 438 45 15 som
314 432 39 21 här
368 432 38 21 har
422 432 35 21 det
473 433 53 20 allra
542 434 80 19 största
636 433 89 20 intresse
741 434 24 19 är
780 434 52 19 utan
849 431 78 26 tvifvel,
944 432 68 21 säsom

187 460 110 27 professor
317 461 103 20 Forsman
443 461 104 24 framhöll,
564 461 36 21 det
615 461 68 20 första
698 467 62 15 mom.
777 461 6 20 i
800 462 10 25 $
827 461 20 20 8.
878 460 41 21 Det
934 460 79 26 förslag

187 489 42 21 han
253 489 41 20 har
316 489 114 21 framställt
451 489 33 21 för
500 489 90 22 Ständet
605 495 62 21 synes
684 490 41 26 mig
740 495 52 15 vara
807 489 83 25 sådant,
907 491 32 19 att
955 489 36 21 det
1007 489 6 20 i

187 517 50 22 vida
253 518 65 27 högre
333 518 52 26 grad
401 520 26 19 än
444 519 36 20 det
495 520 43 19 sätt
553 518 21 21 af
589 517 140 27 parcellering
743 524 46 15 som
806 517 39 21 här
859 519 23 19 är
893 516 121 28 föreslaget;

188 546 69 21 skulle
278 546 48 21 leda
348 546 32 21 till
403 549 31 18 ett
450 546 96 22 fästande
562 547 22 20 af
599 547 39 21 den
656 547 44 21 lösa
716 547 150 26 befolkningen
883 546 34 21 vid
931 546 81 27 jorden.

188 575 42 21 Det
253 581 62 21 synes
338 576 42 25 mig
395 575 71 21 derför
481 582 50 15 vara
546 575 62 22 värdt
623 577 33 19 att
671 575 23 21 af
707 575 90 22 Ständet
814 575 95 23 beaktas,
925 574 40 21 och
981 574 33 21 för

188 609 53 22 egen
261 603 34 22 del
312 603 139 22 understöder
463 604 37 26 jag
516 604 124 21 detsamma.
670 603 39 22 Om
726 610 47 15 man
791 603 63 26 hyser
870 604 69 26 nägon
955 603 59 21 fruk-

188 634 37 19 tan
241 632 33 21 för
289 638 25 15 en
331 632 134 27 minskning
454 628 12 36 i
476 633 188 26 skatteförmägan,
676 632 85 21 hvilken
773 632 62 21 äfven
846 632 71 21 kunde
928 632 86 20 inverka

188 661 27 26 pä
238 661 140 21 kommunens
400 661 96 26 förmäga
510 663 32 19 att
557 667 90 15 ansvara
662 661 33 22 för
711 661 39 21 den
766 661 65 23 skatt,
848 667 44 14 som
909 660 58 21 förut
982 663 30 18 ut-

187 689 47 26 gätt
249 689 47 21 frän
313 695 25 15 en
354 689 105 27 lägenhet,
476 690 70 21 kunde
558 690 28 21 all
598 690 86 27 farhäga
699 690 7 21 i
720 690 59 21 detta
791 689 100 22 afseende
902 688 111 27 aflägsnas,

188 724 34 15 om
239 724 49 15 man
304 717 68 22 tillika
387 719 81 20 införde
484 725 24 14 en
526 719 139 26 bestämning,
682 717 148 22 motsvarande
846 717 40 22 den
902 723 45 16 som
959 717 55 21 före-

188 746 67 21 finnes
271 746 6 21 i
293 747 40 20 den
349 747 89 21 svenska
453 747 151 26 förordningen
621 754 34 14 om
668 746 181 28 jordafsöndring,
866 746 105 27 nämligen
982 748 32 19 att

189 775 40 21 den
245 775 71 26 afgäld
333 781 25 15 en
373 775 115 22 afsöndrad
502 775 90 27 jordlott
608 776 54 21 skall
678 775 93 28 erlägga,
788 775 39 21 bör
840 776 51 25 utgå
902 775 5 20 i
919 775 95 26 spanmäl

189 803 52 21 eller
256 804 7 20 i
279 804 67 21 andra
361 803 100 28 lämpliga
477 805 175 26 räntepersedlar.
679 805 49 21 Man
745 803 69 22 skulle
828 803 121 27 derigenom
961 803 53 21 före-

189 832 70 27 bygga
275 834 32 19 att
323 833 5 20 i
344 839 25 14 en
386 833 92 26 framtid,
495 833 26 21 dä
537 835 51 19 utan
604 833 72 21 tvifvel
692 833 132 27 penningens
839 832 65 21 värde
919 832 95 21 kommer

188 863 33 18 att
243 861 83 26 sjunka,
348 861 128 22 kommunen
497 861 46 22 irän
565 861 39 22 den
627 862 109 21 belastade
752 861 139 26 lägenhetens
906 861 46 20 små
967 867 47 20 par-

189 889 64 22 celler
274 889 69 22 skulle
366 890 84 21 komma
474 892 33 19 att
528 891 96 26 uppbära
647 893 31 18 ett
693 890 103 21 nominelt
812 889 43 21 lika
871 889 52 27 högt
939 889 75 26 belopp

189 924 45 15 som
250 918 34 21 för
299 919 73 26 längre
387 919 30 21 tid
433 919 95 26 tillbaka,
539 925 48 15 men
598 919 80 21 hvilket
690 919 87 26 belopps
789 919 65 20 värde
865 919 6 20 i
883 917 131 22 förhållande

189 946 32 21 till
242 947 136 26 spanmälens
401 947 54 21 hade
477 947 81 21 kunnat
580 947 104 28 betydligt
705 948 83 26 sjunka.
812 959 26 2 —
863 946 47 21 Men
933 947 5 20 i
956 947 59 20 detta

189 975 68 21 första
281 981 60 16 mom.
365 976 142 21 förekommer
529 982 25 15 en
576 983 70 14 annan
670 976 141 26 bestämning,
835 981 44 15 som
897 981 60 20 synes
973 976 41 25 mig

189 1004 52 21 böra
267 1005 95 26 undergå
379 1005 129 26 förändring.
539 1005 41 20 Vid
596 1005 154 26 behandlingen
766 1004 23 21 af
803 1003 159 27 propositionen
978 1010 36 15 an-

188 1033 83 26 gående
294 1033 121 27 inteckning
438 1034 6 20 i
466 1033 126 22 industriela
614 1033 51 21 verk
690 1033 61 22 hafva
767 1033 95 21 Stånden
879 1034 84 19 stannat
980 1033 35 20 vid

189 1061 58 21 olika
269 1061 76 22 beslut.
376 1062 155 27 Ridderskapet
547 1062 39 21 och
602 1063 61 20 adeln
680 1062 62 21 hafva
757 1061 168 22 återremitterat
942 1061 73 20 betän-

189 1090 80 21 kandet
284 1091 5 20 i
306 1090 36 21 det
353 1090 54 27 syfte
419 1093 31 18 att
462 1090 234 27 fastighetsinteckning
708 1091 65 21 mätte
784 1090 74 26 skiljas
869 1089 45 21 från
925 1089 89 22 fabriks-

189 1118 154 27 inteckningar,
367 1119 160 21 Presteståndet
549 1120 39 20 har
608 1119 95 27 godkänt
725 1119 102 26 förslaget
847 1120 46 19 med
909 1118 107 26 åtskilliga

189 1148 46 20 små
258 1147 121 27 ändringar,
401 1147 181 28 Borgareståndet
597 1148 38 21 har
651 1148 44 21 helt
711 1148 38 21 och
765 1147 68 22 hållet
848 1147 106 21 förkastat
969 1153 46 20 pro-

188 1176 120 26 positionen
317 1176 39 21 och
364 1176 160 21 Bondeståndet
532 1177 38 20 har
582 1177 46 20 med
638 1183 24 14 en
672 1177 51 20 liten
734 1176 124 26 förändring
865 1175 96 26 godkänt
969 1176 46 20 den.

189 1204 48 21 Men
255 1205 40 20 den
311 1205 141 26 uppfattning,
467 1211 44 15 som
528 1205 33 21 vid
578 1205 105 21 Ståndens
699 1205 130 26 behandling
845 1204 22 21 af
877 1205 68 20 denna
957 1203 59 27 fråga

188 1233 57 27 gjort
268 1233 31 26 sig
321 1233 99 27 gällande
441 1233 39 22 hos
501 1236 75 19 nästan
600 1234 97 26 samtlige
711 1234 96 26 jurister,
825 1233 58 21 leder
898 1232 118 27 otvetydigt

189 1262 88 25 derhän,
301 1264 32 19 att
349 1262 5 20 i
371 1269 25 14 en
413 1262 91 26 framtid,
520 1263 60 21 äfven
597 1269 33 15 om
648 1263 67 21 hittils
730 1269 25 15 en
772 1262 40 21 och
828 1268 70 14 annan
914 1262 80 20 olikhet
1010 1262 6 20 i

189 1290 162 27 uppfattningen
375 1291 38 21 och
435 1291 159 27 tillämpningen
618 1291 23 21 af
662 1291 62 27 lagen
747 1298 34 14 om
806 1290 122 26 inteckning
943 1290 73 26 finnes,

189 1319 70 21 denna
281 1320 96 20 kommer
399 1322 32 18 att
454 1320 110 26 aflägsnas,
587 1320 38 21 och
642 1322 36 19 äro
695 1320 130 21 åtminstone
841 1318 74 22 herrar
928 1318 89 27 jurister

189 1354 59 14 mera
265 1348 62 26 böjde
343 1348 31 21 för
390 1350 31 19 att
436 1348 100 21 förbinda
551 1348 224 26 fabriksinrättningen
793 1348 48 20 med
857 1346 73 28 sjelfva
946 1348 71 26 lägen-

189 1376 63 21 heten
277 1376 79 27 hvarpå
379 1376 39 22 den
437 1378 24 20 är
484 1377 82 27 anlagd.
597 1376 72 22 Skulle
693 1377 38 21 här
750 1383 29 15 nu
795 1376 80 21 införas
891 1376 40 20 den
947 1376 71 20 förän-

190 1405 96 26 dringen,
303 1407 32 19 att
350 1405 36 21 det
401 1405 47 21 icke
464 1406 68 20 skulle
547 1406 61 20 heta:
624 1406 47 26 ,vill
687 1411 76 21 egaren
780 1405 22 21 af
812 1404 65 22 sådan
887 1404 55 26 jord,
954 1404 62 21 som
1005 1400 15 36 i

189 1434 15 26 8
231 1434 7 20 1
266 1435 129 24 omvämnes,
419 1434 45 21 från
481 1434 31 21 sin
528 1434 100 26 lägenhet
643 1434 32 21 till
690 1440 81 15 annans
788 1435 41 25 ägo
845 1432 104 22 öfverlåta
964 1438 53 15 mar-

189 1462 55 21 ken"
268 1465 52 18 utan
343 1462 61 22 dessa
427 1462 39 22 ord
486 1462 42 28 ,till
544 1469 80 15 annans
640 1469 38 20 ego
695 1462 106 22 öfverlåta
817 1462 74 20 mark"
907 1461 110 26 borttagas

190 1490 40 22 och
245 1490 7 21 i
269 1491 48 21 dess
333 1490 62 22 ställe
411 1497 24 15 en
449 1492 113 26 jordegare
578 1491 78 21 tillåtas
672 1493 33 19 att
716 1490 101 22 afsöndra
829 1493 30 18 ett
870 1490 52 20 visst
932 1490 85 21 område

189 1519 48 21 från
261 1519 33 21 sin
315 1519 155 27 jordlägenhet,
493 1520 61 21 äfven
576 1526 34 15 om
626 1520 41 21 han
683 1520 132 21 fortfarande
831 1518 108 22 förblifver
955 1524 63 21 egare
