1117 1781
288 160 5 1 —
301 129 161 32 Presteståndet
476 130 57 31 1882.
558 131 12 16 7
583 129 98 17 februari.
857 125 24 19 91

82 199 56 26 gäng
160 199 41 21 kan
225 197 89 22 afskaffa
337 198 40 21 alla
402 197 207 25 missförhällanden,
628 198 40 21 bör
683 203 48 16 man
747 198 34 21 väl
797 198 116 27 ingalunda

82 227 52 21 söka
157 227 120 21 motarbeta
299 227 92 26 partiela
413 227 158 26 förbättringar.
603 226 61 21 Hvad
688 227 140 20 öfverläraren
851 227 61 20 Kihl-

82 262 49 15 man
153 257 74 26 yttrat,
250 257 33 19 att
305 261 48 15 man
375 255 67 21 borde
464 256 53 20 söka
538 255 150 21 ästadkomma
710 261 25 15 en
759 255 92 21 särskild
867 255 45 26 lag-

82 283 95 27 stiftning
201 284 32 21 för
257 284 72 26 hvarje
353 283 22 22 af
396 285 25 20 de
438 284 58 21 olika
511 289 121 22 grupperna
648 283 21 22 af
684 283 121 27 dissenters,
828 286 25 19 är
875 284 37 21 det

82 312 33 21 väl
139 313 128 26 fullkomligt
290 312 75 27 riktigt
382 312 56 21 hvad
453 313 26 20 de
495 312 161 27 grekisk-ryska
671 312 182 21 trosbekännarne
877 313 34 20 be-

82 340 79 27 träffar,
185 341 38 21 och
246 342 37 26 jag
305 341 38 20 har
366 341 48 21 sökt
438 341 120 26 framhälla,
581 343 33 18 att
639 341 33 21 för
695 341 47 20 dem
769 347 24 14 en
819 341 92 21 särskild

82 370 34 26 lag
139 370 37 21 bör
199 370 79 25 stiftasj
302 376 47 14 men
371 370 96 21 däremot
488 369 62 22 torde
573 370 36 20 det
630 369 39 22 hos
692 375 34 16 oss
747 369 107 27 knappast
876 369 35 21 be-

81 398 64 21 höfva
167 398 100 21 särskildt
291 398 86 27 stadgas
400 398 90 21 rörande
514 398 26 21 de
556 397 67 28 öfriga
638 398 57 21 olika
711 398 120 21 dissenters.
862 398 49 21 Med

82 427 114 26 anledning
211 427 23 21 af
249 427 40 21 den
304 427 23 20 af
341 429 86 24 prosten
443 427 60 26 Hjelt
518 427 76 26 gjorda
609 427 173 26 anmärkningen,
795 429 31 19 att
837 427 74 26 frägan

82 456 53 21 först
157 456 68 21 mäste
248 455 117 22 behandlas
387 455 34 22 vid
443 455 133 28 kyrkomöte,
598 455 64 21 innan
678 455 41 22 den
735 455 41 21 kan
792 454 120 27 föreläggas

80 484 122 26 ständerna,
225 484 94 21 önskade
342 483 60 22 äfven
422 484 38 27 jag
481 484 33 21 för
529 484 42 21 min
588 483 34 22 del
638 484 69 21 denna
721 483 71 27 frågas
808 484 104 26 läggande

80 513 28 26 pä
124 513 81 20 bordet.
229 512 104 27 Slutligen
350 513 67 21 mäste
431 513 35 26 jag
483 513 73 25 tillstä,
572 515 32 18 att
615 519 25 15 en
652 513 141 26 anmärkning
803 512 22 21 af
834 513 78 20 doktor

80 541 100 21 Lindelöf
202 541 32 21 för
257 542 42 26 mig
321 543 24 19 är
360 541 128 27 fullkomligt
505 541 123 27 obegriplig.
660 541 78 22 Sävida
751 541 38 27 jag
803 541 109 27 uppfattat

81 570 78 21 honom
181 570 86 26 yttrade
288 570 47 27 han,
352 572 32 19 att
400 570 102 26 förslaget
518 569 32 22 till
566 570 141 26 dissenterlag
723 569 138 22 öfverhufvud
877 573 35 18 ut-

81 598 47 33 gätt
150 599 45 21 frän
219 599 88 25 kretsar,
331 605 44 14 som
400 601 36 18 äro
460 599 132 20 främmande
615 598 32 21 för
670 599 35 20 det
723 598 29 23 lif,
768 605 46 14 som
830 600 35 19 rör
879 599 33 32 sig

80 627 57 21 inom
161 627 107 21 nationen.
299 627 65 21 Detta
386 629 25 19 är
429 629 31 19 ett
476 627 91 27 uttryck,
584 633 45 15 som
643 627 37 27 jag
696 627 17 27 ej
729 627 78 38 förstär
823 627 39 22 och
875 627 37 27 jag

82 655 35 22 vill
134 656 71 21 derför
221 655 46 22 icke
282 655 86 22 försöka
383 658 32 19 att
431 656 127 27 vederlägga
574 656 41 21 det.

151 713 69 20 Sedan
236 713 148 20 diskussionen
400 713 88 21 härmed
504 713 116 21 förklarats
635 713 98 25 afslutad,
745 696 69 47 beslöt
827 713 85 20 ständet

81 741 48 21 med
147 741 114 26 anledning
277 741 22 20 af
313 741 26 21 de
355 741 115 27 yrkanden,
486 747 46 16 som
548 742 22 21 af
584 741 108 27 ätskilliga
707 741 67 22 talare
789 741 74 27 gjorts,
880 742 32 20 att

81 769 124 28 ytterligare
221 769 116 27 bordlägga
350 770 74 27 frägan
441 770 32 21 till
489 772 62 19 nästa
567 770 92 27 plenum.

150 913 101 21 Härefter
267 913 112 27 föredrogs
392 913 200 27 kontraktsprosten
604 913 117 21 Helanders
732 913 181 26 petitionsförslag

81 942 109 26 angäende
206 942 182 26 omorganisering
403 942 23 21 af
440 942 125 27 läroplanen
580 942 8 21 i
602 941 131 22 Jakobstads
741 941 66 22 skola.

150 998 90 22 Ständet
263 999 68 21 beslöt
353 999 110 21 remittera
486 999 164 27 ifrägavarande
673 998 181 27 petitionsförslag
879 998 32 21 till

82 1026 108 22 allmänna
205 1027 198 22 besvärsutskottet.

152 1170 82 21 Härvid
250 1170 98 21 inträdde
365 1177 26 14 en
409 1170 125 27 deputation
551 1170 47 21 frän
616 1170 161 21 Bondeständet
792 1169 68 22 under
876 1176 35 15 an-

82 1199 88 20 förande
185 1199 24 20 af
222 1199 189 22 kommunalrädet.
423 1199 141 25 Meurman,
575 1205 45 15 som
634 1199 94 27 yttrade:
751 1198 160 27 Talonpoikais-

82 1227 81 27 säädyn
175 1227 136 27 lähetystönä
319 1234 94 15 saamme
422 1228 95 21 kunnian
528 1227 106 22 tervehtiä
642 1228 175 21 korkeaarvoista
824 1227 88 27 Pappis-

82 1258 81 25 säätyä.
189 1256 228 26 Talonpoikaissäätyä
432 1262 26 15 on
476 1257 166 21 korkeaarvoisa
658 1257 139 26 Pappissääty
809 1258 103 25 pyytänyt

82 1285 147 27 yhdistymään
246 1285 161 27 päätökseensä,
420 1285 68 27 jonka
504 1285 92 21 mukaan
611 1285 74 21 Hänen
697 1284 159 22 Keisarilliselle
867 1284 45 21 Ma-

80 1313 155 27 jesteetillensa
245 1314 130 20 lähetettävä
385 1314 81 20 adressi
478 1314 136 21 annettaisiin
626 1316 63 19 erään
699 1314 142 20 valiokunnan
853 1319 59 15 muo-

83 1342 161 26 dostettavaksi,
263 1342 66 26 johon
353 1342 124 21 valittaisiin
502 1342 61 21 kaksi
586 1343 76 20 miestä
684 1342 99 21 kustakin
805 1342 106 26 säädystä.

82 1370 213 27 Talonpoikaissääty
311 1377 27 15 on
355 1373 85 19 ottanut
456 1372 72 20 tämän
545 1371 158 27 Pappissäädyn
721 1370 131 22 ehdotuksen
868 1372 45 19 tar-

82 1399 117 21 kastuksen
223 1399 104 21 alaiseksi.
355 1399 104 27 Säädyllä
483 1400 19 20 ei
523 1400 33 20 ole
578 1400 52 20 ollut
648 1402 72 18 muuta
735 1400 176 25 tarkoitusperää,

82 1428 53 21 kuin
150 1428 67 21 saada
232 1430 58 19 tässä
306 1428 110 21 tärkeässä
431 1428 83 21 asiassa
529 1428 43 21 niin
584 1428 49 27 pian
646 1428 50 21 kuin
709 1428 135 21 mahdollista
852 1427 59 27 jokin

81 1456 100 27 yhteinen
198 1458 82 24 päätös.
311 1456 28 22 Se
355 1463 26 14 on
397 1457 54 21 siinä
467 1456 86 22 kohden
569 1456 77 22 luullut
656 1456 115 27 parhaaksi
782 1458 65 25 pysyä
858 1455 53 21 enti-

82 1487 58 19 sessä
160 1485 173 26 päätöksessään,
349 1486 46 20 että
414 1486 45 20 asia
476 1492 27 14 on
519 1488 125 18 suorastaan
660 1485 131 21 lähetettävä
807 1484 105 22 toimitus-

81 1514 159 26 valiokuntaan,
257 1514 67 20 koska
339 1514 95 21 adressin
451 1514 171 21 lähettämisestä
633 1514 85 21 ainakin
729 1513 60 22 kaksi
800 1514 73 26 säätyä
885 1518 27 16 on
