1117 1781
305 125 162 18 Presteståndet
481 127 57 17 1882.
563 127 25 17 18
600 131 64 13 mars.
858 121 41 21 509

98 201 43 21 nog
163 195 82 26 många,
261 195 73 21 hvilka
356 195 69 21 kunde
448 195 95 21 inhemta
567 195 40 21 den
629 195 150 27 undervisning
794 202 45 15 som
855 195 72 21 härtill

99 224 113 24 erfordras,
235 224 69 21 såsom
330 226 14 19 ft.
368 230 32 15 ex.
420 224 183 21 folkskolelärare.
635 224 43 21 För
693 224 128 21 klockarena
837 225 39 21 har
892 224 36 21 det

99 253 56 20 varit
179 259 25 14 en
225 252 91 27 gammal
332 253 127 26 skyldighet.
491 253 42 20 Det
548 254 24 19 är
588 253 6 20 i
611 253 50 20 våra
676 252 53 21 ifrån
745 253 72 20 städer
833 253 95 26 aflägsna

100 281 91 21 socknar
214 281 83 26 mycket
320 281 59 21 svårt
401 284 33 18 att
457 281 21 21 få
501 281 120 26 ordentliga
644 287 101 20 personer
764 281 33 21 för
812 284 32 19 att
860 282 68 21 inlära

100 310 86 21 mödrar
201 312 32 19 att
249 310 65 21 vårda
330 310 45 20 sina
391 309 58 22 barn.
474 310 74 21 Redan
564 316 25 15 en
606 309 66 22 sådan
689 316 74 20 person
780 310 5 20 i
802 310 72 27 hvarje
886 310 41 21 för-

99 338 91 27 samling
213 340 24 19 är
256 345 25 14 en
297 340 46 19 stor
358 339 62 20 skatt.
452 338 38 21 Att
506 339 5 20 i
528 345 25 14 en
570 339 102 20 kommun
689 338 90 21 anställa
794 338 51 21 flere
860 339 68 21 vacci-

100 369 87 18 natörer
209 367 51 20 eller
283 367 155 24 vaccinatriser,
454 373 46 15 som
520 367 67 21 skulle
604 373 51 15 vara
670 367 65 27 något
750 367 23 21 så
789 371 37 17 när
841 367 86 23 aflönta,

99 395 62 22 faller
181 396 32 26 sig
236 395 31 21 för
290 396 153 21 kommunerna
467 396 83 27 mycket
574 395 54 28 dyrt.
659 396 42 21 Det
721 397 24 20 är
763 396 66 21 redan
845 402 26 15 en
886 396 41 26 god

100 423 45 27 sak,
162 430 34 15 om
213 424 72 27 hvarje
308 425 100 20 kommun
431 424 42 21 kan
496 424 127 21 underhålla
638 431 28 14 en
682 425 105 26 ordentlig
808 425 120 20 vaccinatör

100 453 52 20 eller
168 453 131 21 vaccinatris.
330 453 74 21 Skulle
419 453 71 26 någon
506 453 72 21 vidare
595 453 94 21 kontroll
704 453 58 21 öfver
778 453 25 21 de
819 459 108 21 personer,

100 487 46 15 som
169 488 39 20 ega
231 481 127 26 skicklighet
381 484 31 19 att
435 482 111 21 vaccinera
569 482 39 21 och
629 482 72 21 hvilka
716 482 22 21 af
752 482 175 21 kommunerna
915 477 16 36 i

100 510 66 26 tjenst
182 511 98 26 antagits,
297 510 108 25 behöfvas,
421 511 72 20 kunde
509 511 72 20 derom
598 511 100 20 särskildt
713 511 93 26 stadgas.
836 511 41 26 Jag
892 517 36 14 an-

101 545 33 14 ser
156 539 81 21 således
260 539 61 21 dessa
341 539 164 27 bestämningar,
522 539 72 21 hvilka
610 539 39 21 här
664 539 55 26 ingå,
736 539 51 21 böra
803 539 124 22 bibehållas.

169 596 153 27 Kyrkoberden
347 597 76 26 Lyra:
448 597 10 20 I
481 597 43 20 allo
548 596 115 21 förenande
685 597 42 26 mig
751 597 46 20 med
819 596 108 27 professor

100 624 114 27 Runeberg
230 631 33 14 om
280 625 137 21 förkastande
432 625 22 21 af
468 626 13 20 4
498 631 62 15 mom.
571 625 22 21 af
607 625 46 21 skäl
669 631 44 15 som
729 625 23 21 af
766 625 77 21 honom
857 625 70 21 blifvit

100 653 134 24 frambållna,
250 654 64 26 yrkar
327 653 36 27 jag
379 654 97 21 deremot
491 655 27 26 på
534 653 149 22 bibehållande
695 653 22 22 af
727 654 42 21 alla
780 654 25 21 de
816 656 33 19 tre
860 654 67 21 första

101 684 120 19 momenten
245 682 39 21 och
307 683 78 20 önskar
405 683 85 20 biträda
506 683 77 20 doktor
598 682 126 21 Nordström
741 683 5 20 i
763 683 52 20 hans
831 683 95 21 uttalade

100 711 55 26 åsigt
178 717 34 14 om
235 711 151 26 lämpligheten
407 713 31 19 att
454 711 74 21 förena
544 711 138 21 vaccinatris-
697 711 38 21 och
752 711 174 22 barnmorskebe-

101 739 152 27 fattningarne.
283 740 42 21 Det
340 741 23 20 är
379 740 123 26 visserligen
519 743 53 23 sant,
588 742 33 19 att
636 740 135 26 olägenheter
787 741 68 24 någon
871 740 55 26 gång

101 768 72 21 kunna
187 768 138 26 förekomma,
341 775 47 14 men
405 769 31 20 för
453 771 33 18 att
501 769 63 20 vinna
580 771 31 18 ett
626 769 117 20 önskvärdt
757 769 48 26 mål,
822 769 35 21 det
873 771 31 18 att
920 769 5 20 i

101 797 72 26 hvarje
187 797 101 20 kommun
311 797 65 21 måtte
391 796 68 23 finnas
476 804 25 14 en
517 803 76 21 person
610 797 123 27 kompetent
749 797 22 21 åt
786 797 104 21 hvardera
905 797 24 21 af

101 825 62 21 dessa
179 825 50 25 båll,
245 825 98 22 förordar
355 826 37 26 jag
407 826 124 27 föreningen
548 826 22 21 af
583 826 62 21 dessa
662 826 148 27 befattningar.
833 826 41 26 Jag
889 832 38 15 an-

101 860 35 15 ser
158 860 25 15 en
208 854 96 27 förening
319 855 23 20 af
357 855 60 20 dessa
432 855 68 26 yrken
517 855 107 20 dessutom
641 861 25 14 ur
681 855 124 21 ekonomisk
821 855 106 26 synpunkt

100 889 52 14 vara
174 882 33 21 för
229 883 152 21 kommunerna
400 883 6 20 i
422 883 42 26 hög
480 884 52 25 grad
548 883 114 21 önskvärd.
689 883 110 21 Professor
814 883 113 26 Runeberg

101 911 96 21 uttalade
221 912 39 20 den
283 912 88 26 åsigten,
387 913 33 20 att
442 912 38 21 det
499 918 49 15 vore
564 911 146 22 obestämbart
725 912 54 21 huru
795 912 59 27 långt
869 912 58 21 kom-

101 939 222 28 petensfordringarne
346 941 27 26 på
396 941 146 20 vaccinatörer
564 941 40 20 och
626 941 149 21 vaccinatriser
795 941 85 20 komme
895 942 32 19 att

101 969 85 20 sträcka
202 969 38 26 sig,
257 975 33 15 om
307 969 99 21 afseende
421 969 69 21 skulle
507 969 65 21 fästas
588 969 34 21 vid
638 970 40 20 den
694 969 91 26 fordran,
801 972 32 18 att
849 969 25 21 de
890 969 37 21 nå-

101 1000 37 23 got
153 997 24 20 så
193 999 38 19 när
247 997 68 22 kände
331 997 32 22 till
379 998 39 20 den
434 998 119 27 menskliga
569 998 134 27 organismen
719 998 39 21 och
773 998 6 20 i
796 997 80 22 hvilket
891 997 36 22 fall

100 1026 160 21 vaccinationen
284 1026 70 21 kunde
375 1026 67 21 skada
461 1027 130 20 densamma.
623 1027 41 20 Det
680 1027 31 20 lär
727 1027 53 20 dock
797 1033 50 14 vara
861 1026 65 26 fallet,

99 1057 34 18 att
155 1054 26 21 de
204 1055 123 26 sjukdomar
349 1055 19 26 ej
385 1057 35 19 äro
437 1055 24 21 så
478 1056 76 26 många
570 1055 37 21 der
623 1056 36 20 det
674 1055 105 21 notoriskt
795 1057 24 19 är
833 1055 94 26 skadligt

101 1085 32 18 att
155 1083 96 26 begagna
273 1084 100 26 ympning
388 1083 39 22 och
443 1084 71 21 kunde
531 1090 48 15 man
595 1084 105 21 måhända
716 1084 71 21 fordra
803 1084 22 21 af
839 1089 25 16 en
880 1083 47 22 icke

101 1111 156 27 vetenskapligt
272 1112 78 26 bildad,
366 1115 32 18 att
414 1112 41 21 han
472 1112 130 22 åtminstone
618 1113 68 20 skulle
699 1112 72 21 kunna
781 1112 88 27 urskilja
880 1111 47 22 huf-

101 1140 206 27 vudsymptomerna,
323 1147 45 15 som
392 1141 44 20 visa
458 1142 33 25 sig
507 1143 39 19 när
561 1144 31 18 ett
607 1141 53 22 barn
676 1143 24 19 är
715 1141 122 26 skrofulöst,
853 1141 39 21 och
909 1141 18 26 ej

100 1169 149 21 åstadkomma
265 1175 25 16 en
306 1169 66 21 skada
387 1169 33 21 för
437 1170 86 21 barnets
540 1170 47 21 hela
602 1170 30 21 lif.
663 1170 75 21 Denna
754 1170 84 21 fordran
854 1176 51 15 vore
921 1170 7 21 i

101 1197 42 26 hög
165 1198 52 25 grad
241 1198 126 27 nödvändig,
384 1199 5 20 i
413 1198 36 21 fall
473 1199 158 20 vaccinationen
651 1205 49 15 vore
716 1198 146 27 obligatorisk,
880 1205 48 14 men

101 1225 62 22 äfven
179 1226 6 20 i
202 1229 65 18 annat
283 1227 36 20 fall
336 1227 72 27 tycker
421 1227 44 27 jag,
480 1229 32 19 att
527 1233 25 15 en
569 1227 65 21 sådan
650 1227 86 21 fordran
747 1228 26 26 på
784 1227 145 21 vaccinatörer

101 1255 40 21 och
156 1255 150 21 vaccinatriser
324 1256 39 20 bör
378 1256 80 21 ställas.
474 1268 28 3 —
518 1256 154 26 Kyrkoherden
688 1257 99 21 Järvinen
803 1256 39 21 har
858 1258 71 19 ansett

101 1283 186 27 bestämningarne
311 1284 6 21 i
335 1290 63 15 mom.
415 1284 19 26 d)
451 1284 102 27 lämpliga
569 1285 38 21 och
624 1287 32 19 att
671 1286 25 20 de
713 1285 64 21 borde
793 1285 48 26 ingå
857 1285 70 21 såsom

101 1314 98 19 närmare
222 1312 116 28 förklaring
359 1313 33 21 för
407 1313 273 27 kompetensfordringarne
697 1314 30 20 till
744 1320 25 15 en
785 1314 143 21 vaccinatörs-

101 1341 120 27 befattning
239 1342 7 20 i
262 1344 116 19 momentet
394 1342 29 26 b).
454 1342 50 21 Men
522 1342 59 21 detta
596 1342 74 27 tillägg
686 1342 72 28 tyckes
774 1342 43 27 mig
832 1342 5 21 i
854 1342 76 27 själfva

100 1370 74 20 verket
198 1370 64 21 blifva
285 1370 122 27 obehöfligt,
423 1372 89 20 emedan
536 1371 6 20 i
566 1371 66 21 andra
653 1371 33 27 &:n
702 1370 21 22 af
737 1371 74 27 själfva
827 1370 102 27 förslaget

100 1398 114 22 anmärkes
230 1402 32 18 att
278 1416 10 8 ,,
291 1399 116 27 behörigen
422 1400 115 26 godkända
553 1400 144 20 vaccinatörer
713 1400 51 21 eller
779 1400 150 21 vaccinatriser

101 1427 23 21 af
137 1427 154 22 kommunerna
309 1428 53 21 böra
377 1429 107 26 antagas.*
517 1428 31 21 Då
564 1435 28 14 nu
608 1434 25 15 en
649 1428 56 28 gång
721 1429 25 20 de
762 1430 35 19 äro
814 1428 115 27 behörigen

100 1456 120 25 godkända,
237 1456 40 21 bör
292 1457 61 21 deras
369 1456 125 27 kompetens
510 1463 51 15 vara
576 1457 125 27 tillräckligt
717 1457 94 27 pröfvad.
838 1457 49 21 Men
902 1457 28 26 på

101 1484 69 22 denna
192 1484 99 28 pröfning
314 1485 67 21 måste
397 1486 37 26 jag
450 1486 132 21 fortfarande
598 1486 64 20 ställa
678 1488 67 19 större
761 1486 126 26 fordringar,
903 1487 26 19 än
