1117 1781
316 128 160 18 Presteståndet
489 130 59 16 1882.
573 130 21 16 17
608 128 97 18 februari.
849 123 40 21 233

92 201 126 24 myönnytys
241 198 74 25 siihen,
331 200 45 19 että
392 204 25 15 ne
438 197 131 28 juutalaiset,
585 198 61 26 jotka
662 197 65 22 täällä
743 200 50 19 ovat
807 201 112 24 syntyneet

90 227 22 27 ja
138 227 121 25 kasvaneet,
276 227 85 20 saisivat
384 227 220 21 kansalaisoikeuden.
642 227 74 20 Minun
739 227 179 26 ymmärtääkseni

92 255 36 22 siis
145 256 94 20 tämäkin
255 261 88 15 anomus
359 255 86 21 sisältää
461 255 71 27 paljoa
548 257 110 19 enemmän
675 255 49 21 kuin
741 255 52 21 mitä
808 262 21 15 se
845 262 73 15 suora-

93 284 85 21 naisesti
203 284 116 21 mainitsee.
351 283 59 22 Siinä
432 290 26 15 on
482 285 73 20 minun
579 284 117 21 mielestäni
712 286 46 19 taas
772 283 83 27 jotakin
875 285 42 24 ,la-

93 312 94 26 tenVia*,
209 313 83 26 jotakin
315 314 74 19 muuta
405 313 49 20 kuin
474 313 52 20 mitä
542 313 88 20 suorilla
645 312 90 21 sanoilla
750 313 132 25 ilmaistaan;
895 313 25 26 ja

93 341 56 21 minä
165 341 118 27 puolestani
299 341 108 27 ajattelen,
422 341 57 21 ett'ei
495 342 70 25 pitäisi
582 341 96 22 lähettää
699 341 150 21 valiokuntaan
865 347 54 16 sem-

94 370 74 21 moisia
184 370 116 27 papereita,
313 370 73 27 joiden
403 371 68 25 täyttä
487 370 129 21 tarkoitusta
632 370 19 21 ei
666 372 93 19 tunneta.

163 427 50 21 Vice
229 427 90 20 Pastorn
335 426 87 21 Böök:
454 427 74 21 Ehuru
552 427 73 20 herrar
647 426 123 21 Estlanders
793 426 39 21 och
850 426 69 21 Rune-

96 455 59 27 bergs
171 455 212 26 petitionsmemorial
399 455 65 21 redan
482 455 68 21 blifvit
566 455 127 21 särskädadt
708 455 45 21 från
769 455 81 26 ganska
863 454 57 21 olika

94 485 137 26 synpunkter,
247 484 62 21 utber
322 484 37 26 jag
375 484 41 26 mig
432 484 55 21 dock
503 485 35 20 det
549 484 64 21 ärade
625 484 96 21 ständets
731 483 188 27 uppmärksamhet

94 513 32 20 för
148 513 66 26 nägra
237 512 119 27 ögonblick.
387 513 41 27 Jag
452 513 36 20 vill
508 513 99 20 betrakta
630 513 73 26 frägan
720 519 24 14 ur
760 515 47 18 rent
823 511 96 27 praktisk

95 542 111 26 synpunkt.
237 541 176 26 Petitionärerne,
429 541 102 21 särskildt
546 541 108 27 professor
671 541 118 26 Runeberg,
800 540 60 21 hafva
871 540 49 21 sökt

94 576 75 20 genom
185 569 106 26 skriftliga
306 570 58 27 intyg
380 570 21 21 af
415 570 232 27 polismyndigheterna
663 569 27 27 på
705 573 60 18 orten
781 569 138 27 ådagalägga,

94 601 32 18 att
142 599 35 20 det
193 599 117 26 egentligen
328 599 17 26 ej
362 599 60 21 torde
443 605 51 14 vara
514 599 69 24 någon
607 598 54 21 våda
676 600 32 19 att
723 601 92 24 upptaga
832 598 39 21 den
886 597 32 27 ju-

96 627 58 21 diska
176 627 155 27 befolkningen,
355 629 33 19 att
403 627 89 27 erbjuda
510 627 40 28 den
572 627 43 21 alla
631 627 25 21 de
677 627 130 26 rättigheter,
823 627 39 20 och
878 626 41 21 för-

95 662 79 20 moner,
191 656 58 21 öfver
275 656 72 21 hvilka
362 656 20 20 vi
398 655 89 27 förfoga.
518 656 67 21 Äfven
606 656 36 27 jag
665 656 41 20 kan
729 655 70 21 lemna
814 655 25 21 de
855 655 64 21 ärade

94 685 167 26 pelitionärerna
277 685 65 25 några
358 685 63 26 intyg.
446 685 74 20 Under
536 685 26 21 de
579 685 75 26 många
670 685 24 20 år
707 684 36 27 jag
759 684 52 21 stått
821 685 7 20 i
839 683 81 27 ganska

95 715 50 19 nära
166 713 98 26 beröring
287 713 47 21 med
350 719 25 14 en
393 713 32 21 del
442 713 21 21 af
479 714 47 20 vårt
544 713 114 22 samhälles
681 713 132 26 olycksbarn,
829 713 39 20 har
884 712 35 21 det

95 742 147 27 besynnerliga
264 741 102 24 inträffat,
383 744 31 19 att
434 742 64 21 bland
522 742 85 27 vidpass
623 743 63 23 2,000
702 741 162 26 tukthusfängar
880 741 39 20 och

95 770 182 25 korrektionister,
299 771 85 20 hvilkas
405 771 107 26 själavård
528 771 56 21 varit
599 771 43 26 mig
658 770 131 24 ombetrodd,
805 769 18 26 ej
839 769 80 21 funnits

96 805 25 15 en
145 799 54 21 enda
220 799 59 26 jnde;
295 799 62 21 äfven
374 799 63 21 bland
454 800 47 21 dem
518 805 44 16 som
579 800 61 20 suttit
656 799 5 20 i
678 798 242 27 ransakningsfängelset

95 828 27 26 på
138 828 37 21 den
193 830 40 23 ort,
247 827 36 21 der
296 827 37 27 jag
349 830 24 19 är
388 828 78 26 bosatt,
489 829 39 20 och
544 829 37 20 der
597 830 31 19 ett
644 830 56 19 ännu
715 829 68 19 större
800 826 57 21 antal
873 832 46 21 per-

94 862 62 15 soner
171 858 26 19 än
214 857 7 20 i
236 856 111 21 tukthuset
371 857 53 20 varit
446 857 136 21 internerade
603 857 43 21 ofta
662 863 41 19 nog
718 856 32 21 för
764 855 80 27 ganska
860 856 60 25 ringa

95 884 117 27 förseelser,
236 885 47 20 utaf
301 885 71 21 hvilka
394 885 64 22 sedan
475 885 64 22 också
554 885 61 21 endel
633 884 68 22 blifvit
716 884 109 27 oskyldiga
841 883 78 21 förkla-

95 913 56 26 rade,
166 913 61 21 äfven
243 913 64 21 bland
323 914 47 21 dem
387 914 81 21 erinrar
482 915 35 26 jag
533 914 42 26 mig
592 914 18 27 ej
627 913 165 22 förnärvarande
807 915 32 18 att
851 913 68 25 någon

96 942 53 21 enda
162 942 50 26 jude
229 942 66 21 skulle
311 942 86 21 funnits.
428 943 44 20 Allt
489 943 58 21 detta
560 943 72 26 tyckes
648 942 72 21 bevisa
736 942 53 21 hvad
805 941 114 27 petitionä-

95 977 60 14 rerne
179 971 85 26 påstått,
288 983 25 2 —
338 977 46 14 men
410 984 23 1 ---
458 971 39 21 här
520 974 69 19 möter
612 977 35 15 oss
670 970 107 26 verkligen
793 973 30 18 ett
839 970 81 26 dystert

96 1000 85 24 wOmen*
196 999 36 27 jag
248 999 66 21 måste
338 1000 54 21 dock
408 999 26 27 pä
450 1000 37 21 det
503 1000 144 21 bestämdaste
670 1001 100 19 motsätta
787 999 42 26 mig
845 1004 26 15 en
887 997 33 22 del

95 1027 22 21 af
132 1028 39 21 den
188 1028 119 21 erfarenhet
323 1034 45 15 som
384 1028 231 27 polismyndigheterna
631 1029 6 20 i
653 1027 131 27 Helsingfors
795 1027 63 21 hafva
870 1032 49 15 vun-

96 1057 35 20 nit.
162 1057 41 20 Det
219 1058 24 19 är
259 1056 43 21 helt
318 1057 101 26 naturligt
434 1059 34 19 att
481 1057 37 27 jag
529 1057 7 20 i
547 1057 107 26 egenskap
665 1057 23 20 af
696 1057 133 26 själasörjare
843 1055 77 21 mästat

95 1085 44 21 ofta
161 1091 41 20 nog
224 1087 46 24 steg
285 1085 32 21 för
333 1087 47 26 steg
394 1085 50 27 följa
460 1086 48 21 med
524 1086 40 21 den
580 1086 92 25 sorgliga
694 1084 226 27 utvecklingshistoria,

96 1113 75 26 mänga
187 1113 22 21 af
223 1114 56 20 mina
302 1114 89 21 ähörare
407 1115 32 20 för
456 1115 42 25 mig
515 1114 122 25 framhällit,
660 1113 39 22 och
714 1114 34 27 jag
767 1114 36 20 ber
820 1113 100 20 herrarne

95 1148 49 15 vara
161 1143 136 26 öfvertygade
313 1149 33 14 om
363 1145 32 19 att
411 1145 43 19 rätt
470 1143 44 21 ofta
531 1143 61 21 dessa
608 1143 129 26 förbrytares
753 1144 69 24 vägar,
833 1144 88 23 tangera

95 1171 25 21 de
136 1171 83 26 mycket
236 1171 109 26 beprisade
366 1171 157 27 judehemmen.
555 1171 73 21 Ehuru
641 1171 37 27 jag
693 1172 123 20 intresserat
831 1170 42 26 mig
888 1169 33 21 för

94 1199 61 22 dessa
167 1200 63 26 judar
246 1199 38 21 och
300 1200 122 26 isynnerhet
438 1201 32 20 för
487 1201 61 20 deras
564 1200 59 25 barn,
636 1201 42 20 kan
694 1200 33 26 jag
743 1199 54 21 dock
807 1199 18 26 ej
837 1200 40 21 tro,
889 1199 32 20 att

94 1228 19 21 vi
125 1228 67 21 skulle
201 1228 34 21 stä
247 1229 2 20 i
258 1228 127 27 nägonslags
396 1229 207 21 tacksamhetsskuld
612 1229 127 20 ätminsotne
748 1228 31 21 till
791 1228 53 22 dem,
853 1227 68 20 ehuru

94 1257 36 21 det
145 1256 69 22 blifvit
233 1258 36 20 sed
285 1259 32 19 att
332 1258 88 25 predika
436 1264 34 15 om
488 1258 35 21 det
538 1257 68 21 finska
621 1258 78 21 folkets
715 1255 205 23 tacksamhetsskuld

94 1287 26 19 än
142 1286 31 20 till
197 1286 38 20 den
259 1292 38 14 ena
316 1288 27 18 än
359 1286 30 21 till
407 1287 39 20 den
464 1287 72 20 andra.
568 1286 44 22 Och
629 1286 35 22 det
680 1286 87 21 oaktadt
783 1288 73 22 trugar
872 1290 48 14 man

94 1326 27 2 —
134 1314 36 27 jag
192 1314 107 27 begagnar
322 1315 59 20 detta
405 1315 37 21 ord
460 1331 4 8 ,
466 1316 92 26 trugar*
573 1327 27 2 —
617 1315 27 26 pä
660 1315 61 21 dessa
734 1315 63 26 judar
813 1314 51 20 nära
879 1318 42 20 nog

94 1342 36 22 det
145 1342 124 28 dyrbaraste
286 1350 47 14 man
350 1350 55 19 eger.
436 1344 42 26 Jag
494 1346 34 18 vet
544 1344 18 26 ej
580 1344 54 20 hvad
651 1345 31 19 ett
697 1343 43 21 folk
756 1343 38 21 har
805 1342 116 27 dyrbarare

93 1373 27 19 än
143 1372 31 20 sin
198 1371 89 27 religion
310 1372 38 20 och
371 1372 180 26 medborgarrätt.
583 1372 43 21 Vär
647 1372 88 26 religion
752 1372 37 20 har
805 1370 52 22 stätt
873 1371 47 21 dem

93 1400 32 20 till
151 1400 54 20 buds
221 1401 5 19 i
242 1402 52 19 nära
317 1400 36 21 tvä
374 1402 60 19 tusen
452 1402 31 24 är,
500 1407 28 15 nu
542 1407 38 21 ger
596 1407 49 15 man
660 1401 48 21 bort
724 1401 59 21 äfven
800 1400 39 21 den
855 1400 66 20 andra

93 1432 58 17 stora
167 1429 77 26 gäfvan
261 1431 50 19 utan
327 1431 32 19 att
375 1436 47 14 man
440 1430 62 20 torde
518 1433 48 17 veta
582 1436 34 14 om
633 1430 61 20 dessa
702 1430 63 26 judar
776 1430 70 20 känna
857 1428 64 26 något

93 1457 65 21 behof
173 1457 64 21 deraf.
270 1457 130 26 Visserligen
416 1458 38 21 har
471 1458 27 21 dä
514 1458 39 21 och
570 1458 26 21 dä
612 1458 101 26 uppträdt
734 1459 68 25 någon
818 1457 103 21 målsman

92 1486 33 20 för
141 1486 54 24 dem,
213 1492 32 14 om
263 1486 70 21 dertill
349 1486 105 21 anmodad
477 1487 81 21 känner
571 1487 37 27 jag
624 1487 24 26 ej.
680 1487 41 26 Jag
737 1486 37 22 har
789 1486 68 26 aldrig
873 1486 48 20 hört

93 1515 66 25 några
172 1514 63 27 judar
251 1515 68 21 uttala
336 1520 37 15 ens
384 1515 40 21 den
436 1514 128 27 aflägsnaste
577 1515 81 21 önskan
669 1518 32 18 att
712 1515 20 21 få
744 1515 176 26 medborgarrätt,
