<?xml version="1.0" encoding="UTF-8"?>
<alto xmlns="http://www.loc.gov/standards/alto/ns-v3#" xmlns:xlink="http://www.w3.org/1999/xlink" xmlns:xsi="http://www.w3.org/2001/XMLSchema-instance" xsi:schemaLocation="http://www.loc.gov/standards/alto/ns-v3# http://www.loc.gov/alto/v3/alto-3-0.xsd">
	<Description>
		<MeasurementUnit>pixel</MeasurementUnit>
		<sourceImageInformation>
			<fileName>/tmp/tess_qjh282dt_input.PNG</fileName>
		</sourceImageInformation>
		<OCRProcessing ID="OCR_0">
			<ocrProcessingStep>
				<processingSoftware>
					<softwareName>tesseract 5.3.4</softwareName>
				</processingSoftware>
			</ocrProcessingStep>
		</OCRProcessing>
	</Description>
	<Layout>
		<Page WIDTH="1117" HEIGHT="1781" PHYSICAL_IMG_NR="0" ID="page_0">
			<PrintSpace HPOS="0" VPOS="0" WIDTH="1117" HEIGHT="1781">
				<ComposedBlock ID="cblock_0" HPOS="342" VPOS="122" WIDTH="541" HEIGHT="22">
					<TextBlock ID="block_0" HPOS="342" VPOS="122" WIDTH="541" HEIGHT="22">
						<TextLine ID="line_0" HPOS="342" VPOS="122" WIDTH="541" HEIGHT="22">
							<String ID="string_0" HPOS="342" VPOS="126" WIDTH="163" HEIGHT="18" WC="0.90" CONTENT="Presteståndet"/><SP WIDTH="13" VPOS="126" HPOS="505"/>
							<String ID="string_1" HPOS="518" VPOS="127" WIDTH="56" HEIGHT="17" WC="0.96" CONTENT="1882."/><SP WIDTH="14" VPOS="127" HPOS="574"/>
							<String ID="string_2" HPOS="588" VPOS="128" WIDTH="11" HEIGHT="16" WC="0.96" CONTENT="7"/><SP WIDTH="11" VPOS="128" HPOS="599"/>
							<String ID="string_3" HPOS="610" VPOS="131" WIDTH="62" HEIGHT="13" WC="0.94" CONTENT="mars."/><SP WIDTH="170" VPOS="131" HPOS="672"/>
							<String ID="string_4" HPOS="842" VPOS="122" WIDTH="41" HEIGHT="22" WC="0.96" CONTENT="355"/>
						</TextLine>
					</TextBlock>
				</ComposedBlock>
				<GraphicalElement ID="cblock_1" HPOS="84" VPOS="155" WIDTH="822" HEIGHT="5"></GraphicalElement >
				<ComposedBlock ID="cblock_2" HPOS="82" VPOS="195" WIDTH="833" HEIGHT="1346">
					<TextBlock ID="block_1" HPOS="82" VPOS="195" WIDTH="831" HEIGHT="143">
						<TextLine ID="line_1" HPOS="84" VPOS="195" WIDTH="828" HEIGHT="30">
							<String ID="string_5" HPOS="84" VPOS="197" WIDTH="99" HEIGHT="28" WC="0.96" CONTENT="yttrande"/><SP WIDTH="25" VPOS="197" HPOS="183"/>
							<String ID="string_6" HPOS="208" VPOS="203" WIDTH="34" HEIGHT="14" WC="0.93" CONTENT="om"/><SP WIDTH="25" VPOS="203" HPOS="242"/>
							<String ID="string_7" HPOS="267" VPOS="196" WIDTH="179" HEIGHT="27" WC="0.67" CONTENT="tillräckligheten"/><SP WIDTH="26" VPOS="196" HPOS="446"/>
							<String ID="string_8" HPOS="472" VPOS="195" WIDTH="33" HEIGHT="22" WC="0.96" CONTENT="för"/><SP WIDTH="22" VPOS="195" HPOS="505"/>
							<String ID="string_9" HPOS="527" VPOS="196" WIDTH="36" HEIGHT="21" WC="0.96" CONTENT="det"/><SP WIDTH="23" VPOS="196" HPOS="563"/>
							<String ID="string_10" HPOS="586" VPOS="196" WIDTH="130" HEIGHT="21" WC="0.96" CONTENT="närvarande"/><SP WIDTH="16" VPOS="196" HPOS="716"/>
							<String ID="string_11" HPOS="732" VPOS="196" WIDTH="47" HEIGHT="21" WC="0.96" CONTENT="utaf"/><SP WIDTH="13" VPOS="196" HPOS="779"/>
							<String ID="string_12" HPOS="792" VPOS="197" WIDTH="73" HEIGHT="22" WC="0.96" CONTENT="skolor"/><SP WIDTH="15" VPOS="197" HPOS="865"/>
							<String ID="string_13" HPOS="880" VPOS="196" WIDTH="32" HEIGHT="22" WC="0.96" CONTENT="för"/>
						</TextLine>
						<TextLine ID="line_2" HPOS="85" VPOS="224" WIDTH="827" HEIGHT="27">
							<String ID="string_14" HPOS="85" VPOS="225" WIDTH="72" HEIGHT="22" WC="0.95" CONTENT="blinda"/><SP WIDTH="21" VPOS="225" HPOS="157"/>
							<String ID="string_15" HPOS="178" VPOS="225" WIDTH="40" HEIGHT="21" WC="0.93" CONTENT="och"/><SP WIDTH="21" VPOS="225" HPOS="218"/>
							<String ID="string_16" HPOS="239" VPOS="225" WIDTH="135" HEIGHT="26" WC="0.91" CONTENT="döfstumma,"/><SP WIDTH="23" VPOS="225" HPOS="374"/>
							<String ID="string_17" HPOS="397" VPOS="224" WIDTH="67" HEIGHT="27" WC="0.96" CONTENT="vågar"/><SP WIDTH="22" VPOS="224" HPOS="464"/>
							<String ID="string_18" HPOS="486" VPOS="224" WIDTH="36" HEIGHT="27" WC="0.96" CONTENT="jag"/><SP WIDTH="14" VPOS="224" HPOS="522"/>
							<String ID="string_19" HPOS="536" VPOS="226" WIDTH="57" HEIGHT="19" WC="0.96" CONTENT="ännu"/><SP WIDTH="15" VPOS="226" HPOS="593"/>
							<String ID="string_20" HPOS="608" VPOS="224" WIDTH="53" HEIGHT="27" WC="0.96" CONTENT="hysa"/><SP WIDTH="15" VPOS="224" HPOS="661"/>
							<String ID="string_21" HPOS="676" VPOS="231" WIDTH="25" HEIGHT="14" WC="0.96" CONTENT="en"/><SP WIDTH="16" VPOS="231" HPOS="701"/>
							<String ID="string_22" HPOS="717" VPOS="225" WIDTH="66" HEIGHT="26" WC="0.93" CONTENT="något"/><SP WIDTH="14" VPOS="225" HPOS="783"/>
							<String ID="string_23" HPOS="797" VPOS="225" WIDTH="115" HEIGHT="22" WC="0.92" CONTENT="afvikande"/>
						</TextLine>
						<TextLine ID="line_3" HPOS="84" VPOS="253" WIDTH="828" HEIGHT="27">
							<String ID="string_24" HPOS="84" VPOS="254" WIDTH="62" HEIGHT="21" WC="0.95" CONTENT="åsikt."/><SP WIDTH="31" VPOS="254" HPOS="146"/>
							<String ID="string_25" HPOS="177" VPOS="253" WIDTH="72" HEIGHT="27" WC="0.92" CONTENT="Enligt"/><SP WIDTH="15" VPOS="253" HPOS="249"/>
							<String ID="string_26" HPOS="264" VPOS="253" WIDTH="115" HEIGHT="22" WC="0.96" CONTENT="utskottets"/><SP WIDTH="16" VPOS="253" HPOS="379"/>
							<String ID="string_27" HPOS="395" VPOS="259" WIDTH="55" HEIGHT="21" WC="0.96" CONTENT="egna"/><SP WIDTH="15" VPOS="259" HPOS="450"/>
							<String ID="string_28" HPOS="465" VPOS="253" WIDTH="71" HEIGHT="21" WC="0.96" CONTENT="siffror"/><SP WIDTH="15" VPOS="253" HPOS="536"/>
							<String ID="string_29" HPOS="551" VPOS="253" WIDTH="62" HEIGHT="21" WC="0.96" CONTENT="hafva"/><SP WIDTH="15" VPOS="253" HPOS="613"/>
							<String ID="string_30" HPOS="628" VPOS="254" WIDTH="20" HEIGHT="19" WC="0.96" CONTENT="vi"/><SP WIDTH="16" VPOS="254" HPOS="648"/>
							<String ID="string_31" HPOS="664" VPOS="253" WIDTH="166" HEIGHT="22" WC="0.96" CONTENT="förnärvarande"/><SP WIDTH="15" VPOS="253" HPOS="830"/>
							<String ID="string_32" HPOS="845" VPOS="255" WIDTH="7" HEIGHT="20" WC="0.93" CONTENT="i"/><SP WIDTH="15" VPOS="255" HPOS="852"/>
							<String ID="string_33" HPOS="867" VPOS="254" WIDTH="45" HEIGHT="21" WC="0.92" CONTENT="lan-"/>
						</TextLine>
						<TextLine ID="line_4" HPOS="86" VPOS="281" WIDTH="827" HEIGHT="28">
							<String ID="string_34" HPOS="86" VPOS="283" WIDTH="36" HEIGHT="21" WC="0.95" CONTENT="det"/><SP WIDTH="17" VPOS="283" HPOS="122"/>
							<String ID="string_35" HPOS="139" VPOS="283" WIDTH="6" HEIGHT="20" WC="0.96" CONTENT="i"/><SP WIDTH="17" VPOS="283" HPOS="145"/>
							<String ID="string_36" HPOS="162" VPOS="282" WIDTH="121" HEIGHT="21" WC="0.96" CONTENT="skolåldern"/><SP WIDTH="18" VPOS="282" HPOS="283"/>
							<String ID="string_37" HPOS="301" VPOS="283" WIDTH="38" HEIGHT="20" WC="0.96" CONTENT="162"/><SP WIDTH="17" VPOS="283" HPOS="339"/>
							<String ID="string_38" HPOS="356" VPOS="282" WIDTH="79" HEIGHT="24" WC="0.96" CONTENT="blinda,"/><SP WIDTH="17" VPOS="282" HPOS="435"/>
							<String ID="string_39" HPOS="452" VPOS="288" WIDTH="26" HEIGHT="15" WC="0.96" CONTENT="en"/><SP WIDTH="16" VPOS="288" HPOS="478"/>
							<String ID="string_40" HPOS="494" VPOS="281" WIDTH="59" HEIGHT="22" WC="0.96" CONTENT="siffra"/><SP WIDTH="15" VPOS="281" HPOS="553"/>
							<String ID="string_41" HPOS="568" VPOS="287" WIDTH="52" HEIGHT="21" WC="0.96" CONTENT="som,"/><SP WIDTH="16" VPOS="287" HPOS="620"/>
							<String ID="string_42" HPOS="636" VPOS="281" WIDTH="65" HEIGHT="28" WC="0.96" CONTENT="enligt"/><SP WIDTH="15" VPOS="281" HPOS="701"/>
							<String ID="string_43" HPOS="716" VPOS="282" WIDTH="114" HEIGHT="27" WC="0.96" CONTENT="uppgifter,"/><SP WIDTH="11" VPOS="282" HPOS="830"/>
							<String ID="string_44" HPOS="841" VPOS="283" WIDTH="72" HEIGHT="21" WC="0.95" CONTENT="hvilka"/>
						</TextLine>
						<TextLine ID="line_5" HPOS="82" VPOS="309" WIDTH="830" HEIGHT="29">
							<String ID="string_45" HPOS="82" VPOS="311" WIDTH="38" HEIGHT="27" WC="0.96" CONTENT="jag"/><SP WIDTH="21" VPOS="311" HPOS="120"/>
							<String ID="string_46" HPOS="141" VPOS="311" WIDTH="45" HEIGHT="21" WC="0.96" CONTENT="helt"/><SP WIDTH="23" VPOS="311" HPOS="186"/>
							<String ID="string_47" HPOS="209" VPOS="311" WIDTH="83" HEIGHT="27" WC="0.96" CONTENT="nyligen"/><SP WIDTH="22" VPOS="311" HPOS="292"/>
							<String ID="string_48" HPOS="314" VPOS="311" WIDTH="41" HEIGHT="20" WC="0.96" CONTENT="fått"/><SP WIDTH="22" VPOS="311" HPOS="355"/>
							<String ID="string_49" HPOS="377" VPOS="310" WIDTH="22" HEIGHT="22" WC="0.93" CONTENT="af"/><SP WIDTH="21" VPOS="310" HPOS="399"/>
							<String ID="string_50" HPOS="420" VPOS="310" WIDTH="13" HEIGHT="22" WC="0.92" CONTENT="f."/><SP WIDTH="17" VPOS="310" HPOS="433"/>
							<String ID="string_51" HPOS="450" VPOS="311" WIDTH="20" HEIGHT="20" WC="0.92" CONTENT="d."/><SP WIDTH="17" VPOS="311" HPOS="470"/>
							<String ID="string_52" HPOS="487" VPOS="309" WIDTH="161" HEIGHT="22" WC="0.96" CONTENT="föreståndaren"/><SP WIDTH="16" VPOS="309" HPOS="648"/>
							<String ID="string_53" HPOS="664" VPOS="310" WIDTH="32" HEIGHT="21" WC="0.93" CONTENT="för"/><SP WIDTH="15" VPOS="310" HPOS="696"/>
							<String ID="string_54" HPOS="711" VPOS="311" WIDTH="179" HEIGHT="22" WC="0.92" CONTENT="döfstumsskolan"/><SP WIDTH="15" VPOS="311" HPOS="890"/>
							<String ID="string_55" HPOS="905" VPOS="311" WIDTH="7" HEIGHT="21" WC="0.97" CONTENT="i"/>
						</TextLine>
					</TextBlock>
					<TextBlock ID="block_2" HPOS="86" VPOS="338" WIDTH="829" HEIGHT="1203">
						<TextLine ID="line_6" HPOS="110" VPOS="338" WIDTH="803" HEIGHT="28">
							<String ID="string_56" HPOS="110" VPOS="340" WIDTH="32" HEIGHT="25" WC="0.96" CONTENT="bo,"/><SP WIDTH="23" VPOS="340" HPOS="142"/>
							<String ID="string_57" HPOS="165" VPOS="339" WIDTH="137" HEIGHT="27" WC="0.93" CONTENT="domprosten"/><SP WIDTH="21" VPOS="339" HPOS="302"/>
							<String ID="string_58" HPOS="323" VPOS="339" WIDTH="100" HEIGHT="27" WC="0.92" CONTENT="Alopeus,"/><SP WIDTH="17" VPOS="339" HPOS="423"/>
							<String ID="string_59" HPOS="440" VPOS="345" WIDTH="46" HEIGHT="15" WC="0.96" CONTENT="som"/><SP WIDTH="16" VPOS="345" HPOS="486"/>
							<String ID="string_60" HPOS="502" VPOS="339" WIDTH="6" HEIGHT="20" WC="0.96" CONTENT="i"/><SP WIDTH="16" VPOS="339" HPOS="508"/>
							<String ID="string_61" HPOS="524" VPOS="338" WIDTH="60" HEIGHT="22" WC="0.96" CONTENT="detta"/><SP WIDTH="15" VPOS="338" HPOS="584"/>
							<String ID="string_62" HPOS="599" VPOS="338" WIDTH="37" HEIGHT="21" WC="0.96" CONTENT="fall"/><SP WIDTH="16" VPOS="338" HPOS="636"/>
							<String ID="string_63" HPOS="652" VPOS="339" WIDTH="61" HEIGHT="21" WC="0.96" CONTENT="torde"/><SP WIDTH="14" VPOS="339" HPOS="713"/>
							<String ID="string_64" HPOS="727" VPOS="345" WIDTH="52" HEIGHT="16" WC="0.95" CONTENT="vara"/><SP WIDTH="16" VPOS="345" HPOS="779"/>
							<String ID="string_65" HPOS="795" VPOS="346" WIDTH="25" HEIGHT="15" WC="0.93" CONTENT="en"/><SP WIDTH="15" VPOS="346" HPOS="820"/>
							<String ID="string_66" HPOS="835" VPOS="340" WIDTH="78" HEIGHT="21" WC="0.92" CONTENT="aukto-"/>
						</TextLine>
						<TextLine ID="line_7" HPOS="86" VPOS="367" WIDTH="827" HEIGHT="28">
							<String ID="string_67" HPOS="86" VPOS="368" WIDTH="57" HEIGHT="25" WC="0.92" CONTENT="ritet,"/><SP WIDTH="23" VPOS="368" HPOS="143"/>
							<String ID="string_68" HPOS="166" VPOS="368" WIDTH="128" HEIGHT="21" WC="0.96" CONTENT="åtminstone"/><SP WIDTH="23" VPOS="368" HPOS="294"/>
							<String ID="string_69" HPOS="317" VPOS="367" WIDTH="18" HEIGHT="28" WC="0.96" CONTENT="ej"/><SP WIDTH="24" VPOS="367" HPOS="335"/>
							<String ID="string_70" HPOS="359" VPOS="370" WIDTH="24" HEIGHT="19" WC="0.96" CONTENT="är"/><SP WIDTH="21" VPOS="370" HPOS="383"/>
							<String ID="string_71" HPOS="404" VPOS="367" WIDTH="34" HEIGHT="22" WC="0.96" CONTENT="för"/><SP WIDTH="16" VPOS="367" HPOS="438"/>
							<String ID="string_72" HPOS="454" VPOS="367" WIDTH="52" HEIGHT="28" WC="0.96" CONTENT="högt"/><SP WIDTH="16" VPOS="367" HPOS="506"/>
							<String ID="string_73" HPOS="522" VPOS="369" WIDTH="64" HEIGHT="24" WC="0.96" CONTENT="taget."/><SP WIDTH="31" VPOS="369" HPOS="586"/>
							<String ID="string_74" HPOS="617" VPOS="367" WIDTH="49" HEIGHT="22" WC="0.94" CONTENT="Han"/><SP WIDTH="16" VPOS="367" HPOS="666"/>
							<String ID="string_75" HPOS="682" VPOS="370" WIDTH="87" HEIGHT="24" WC="0.96" CONTENT="antager"/><SP WIDTH="15" VPOS="370" HPOS="769"/>
							<String ID="string_76" HPOS="784" VPOS="371" WIDTH="32" HEIGHT="18" WC="0.96" CONTENT="att"/><SP WIDTH="15" VPOS="371" HPOS="816"/>
							<String ID="string_77" HPOS="831" VPOS="367" WIDTH="82" HEIGHT="22" WC="0.95" CONTENT="antalet"/>
						</TextLine>
						<TextLine ID="line_8" HPOS="86" VPOS="396" WIDTH="826" HEIGHT="27">
							<String ID="string_78" HPOS="86" VPOS="396" WIDTH="24" HEIGHT="22" WC="0.96" CONTENT="af"/><SP WIDTH="18" VPOS="396" HPOS="110"/>
							<String ID="string_79" HPOS="128" VPOS="396" WIDTH="80" HEIGHT="22" WC="0.95" CONTENT="sådana"/><SP WIDTH="23" VPOS="396" HPOS="208"/>
							<String ID="string_80" HPOS="231" VPOS="396" WIDTH="72" HEIGHT="22" WC="0.95" CONTENT="blinda"/><SP WIDTH="22" VPOS="396" HPOS="303"/>
							<String ID="string_81" HPOS="325" VPOS="403" WIDTH="45" HEIGHT="14" WC="0.96" CONTENT="som"/><SP WIDTH="16" VPOS="403" HPOS="370"/>
							<String ID="string_82" HPOS="386" VPOS="398" WIDTH="37" HEIGHT="19" WC="0.96" CONTENT="äro"/><SP WIDTH="16" VPOS="398" HPOS="423"/>
							<String ID="string_83" HPOS="439" VPOS="396" WIDTH="7" HEIGHT="21" WC="0.93" CONTENT="i"/><SP WIDTH="16" VPOS="396" HPOS="446"/>
							<String ID="string_84" HPOS="462" VPOS="396" WIDTH="242" HEIGHT="27" WC="0.91" CONTENT="undervisningsåldern,"/><SP WIDTH="17" VPOS="396" HPOS="704"/>
							<String ID="string_85" HPOS="721" VPOS="398" WIDTH="24" HEIGHT="19" WC="0.96" CONTENT="är"/><SP WIDTH="15" VPOS="398" HPOS="745"/>
							<String ID="string_86" HPOS="760" VPOS="397" WIDTH="66" HEIGHT="26" WC="0.96" CONTENT="något"/><SP WIDTH="15" VPOS="397" HPOS="826"/>
							<String ID="string_87" HPOS="841" VPOS="397" WIDTH="71" HEIGHT="26" WC="0.96" CONTENT="högre."/>
						</TextLine>
						<TextLine ID="line_9" HPOS="86" VPOS="425" WIDTH="826" HEIGHT="26">
							<String ID="string_88" HPOS="86" VPOS="425" WIDTH="40" HEIGHT="22" WC="0.96" CONTENT="Om"/><SP WIDTH="23" VPOS="425" HPOS="126"/>
							<String ID="string_89" HPOS="149" VPOS="431" WIDTH="48" HEIGHT="15" WC="0.95" CONTENT="man"/><SP WIDTH="24" VPOS="431" HPOS="197"/>
							<String ID="string_90" HPOS="221" VPOS="425" WIDTH="64" HEIGHT="22" WC="0.96" CONTENT="också"/><SP WIDTH="22" VPOS="425" HPOS="285"/>
							<String ID="string_91" HPOS="307" VPOS="428" WIDTH="88" HEIGHT="23" WC="0.96" CONTENT="antager"/><SP WIDTH="22" VPOS="428" HPOS="395"/>
							<String ID="string_92" HPOS="417" VPOS="425" WIDTH="26" HEIGHT="21" WC="0.93" CONTENT="de"/><SP WIDTH="24" VPOS="425" HPOS="443"/>
							<String ID="string_93" HPOS="467" VPOS="425" WIDTH="84" HEIGHT="21" WC="0.92" CONTENT="blindas"/><SP WIDTH="19" VPOS="425" HPOS="551"/>
							<String ID="string_94" HPOS="570" VPOS="425" WIDTH="56" HEIGHT="21" WC="0.96" CONTENT="antal"/><SP WIDTH="17" VPOS="425" HPOS="626"/>
							<String ID="string_95" HPOS="643" VPOS="425" WIDTH="32" HEIGHT="21" WC="0.96" CONTENT="till"/><SP WIDTH="15" VPOS="425" HPOS="675"/>
							<String ID="string_96" HPOS="690" VPOS="425" WIDTH="55" HEIGHT="21" WC="0.96" CONTENT="blott"/><SP WIDTH="18" VPOS="425" HPOS="745"/>
							<String ID="string_97" HPOS="763" VPOS="426" WIDTH="39" HEIGHT="21" WC="0.96" CONTENT="162"/><SP WIDTH="17" VPOS="426" HPOS="802"/>
							<String ID="string_98" HPOS="819" VPOS="427" WIDTH="24" HEIGHT="19" WC="0.96" CONTENT="är"/><SP WIDTH="16" VPOS="427" HPOS="843"/>
							<String ID="string_99" HPOS="859" VPOS="425" WIDTH="53" HEIGHT="22" WC="0.96" CONTENT="dock"/>
						</TextLine>
						<TextLine ID="line_10" HPOS="88" VPOS="453" WIDTH="825" HEIGHT="28">
							<String ID="string_100" HPOS="88" VPOS="455" WIDTH="33" HEIGHT="20" WC="0.96" CONTENT="för"/><SP WIDTH="23" VPOS="455" HPOS="121"/>
							<String ID="string_101" HPOS="144" VPOS="454" WIDTH="61" HEIGHT="21" WC="0.96" CONTENT="deras"/><SP WIDTH="22" VPOS="454" HPOS="205"/>
							<String ID="string_102" HPOS="227" VPOS="454" WIDTH="199" HEIGHT="27" WC="0.96" CONTENT="skolundervisning"/><SP WIDTH="16" VPOS="454" HPOS="426"/>
							<String ID="string_103" HPOS="442" VPOS="453" WIDTH="47" HEIGHT="22" WC="0.96" CONTENT="icke"/><SP WIDTH="16" VPOS="453" HPOS="489"/>
							<String ID="string_104" HPOS="505" VPOS="453" WIDTH="125" HEIGHT="27" WC="0.93" CONTENT="tillräckligt"/><SP WIDTH="15" VPOS="453" HPOS="630"/>
							<String ID="string_105" HPOS="645" VPOS="453" WIDTH="67" HEIGHT="27" WC="0.92" CONTENT="sörjdt"/><SP WIDTH="15" VPOS="453" HPOS="712"/>
							<String ID="string_106" HPOS="727" VPOS="456" WIDTH="52" HEIGHT="19" WC="0.96" CONTENT="enär"/><SP WIDTH="16" VPOS="456" HPOS="779"/>
							<String ID="string_107" HPOS="795" VPOS="455" WIDTH="25" HEIGHT="20" WC="0.96" CONTENT="de"/><SP WIDTH="16" VPOS="455" HPOS="820"/>
							<String ID="string_108" HPOS="836" VPOS="456" WIDTH="77" HEIGHT="19" WC="0.96" CONTENT="tvenne"/>
						</TextLine>
						<TextLine ID="line_11" HPOS="86" VPOS="482" WIDTH="826" HEIGHT="27">
							<String ID="string_109" HPOS="86" VPOS="482" WIDTH="169" HEIGHT="27" WC="0.90" CONTENT="blindanstalter,"/><SP WIDTH="22" VPOS="482" HPOS="255"/>
							<String ID="string_110" HPOS="277" VPOS="489" WIDTH="46" HEIGHT="15" WC="0.96" CONTENT="som"/><SP WIDTH="23" VPOS="489" HPOS="323"/>
							<String ID="string_111" HPOS="346" VPOS="489" WIDTH="28" HEIGHT="14" WC="0.95" CONTENT="nu"/><SP WIDTH="23" VPOS="489" HPOS="374"/>
							<String ID="string_112" HPOS="397" VPOS="482" WIDTH="68" HEIGHT="21" WC="0.95" CONTENT="finnas"/><SP WIDTH="23" VPOS="482" HPOS="465"/>
							<String ID="string_113" HPOS="488" VPOS="484" WIDTH="38" HEIGHT="19" WC="0.96" CONTENT="äro"/><SP WIDTH="23" VPOS="484" HPOS="526"/>
							<String ID="string_114" HPOS="549" VPOS="482" WIDTH="80" HEIGHT="21" WC="0.96" CONTENT="sådana"/><SP WIDTH="23" VPOS="482" HPOS="629"/>
							<String ID="string_115" HPOS="652" VPOS="485" WIDTH="32" HEIGHT="18" WC="0.96" CONTENT="att"/><SP WIDTH="23" VPOS="485" HPOS="684"/>
							<String ID="string_116" HPOS="707" VPOS="482" WIDTH="26" HEIGHT="21" WC="0.95" CONTENT="de"/><SP WIDTH="22" VPOS="482" HPOS="733"/>
							<String ID="string_117" HPOS="755" VPOS="483" WIDTH="28" HEIGHT="26" WC="0.95" CONTENT="på"/><SP WIDTH="23" VPOS="483" HPOS="783"/>
							<String ID="string_118" HPOS="806" VPOS="483" WIDTH="32" HEIGHT="20" WC="0.96" CONTENT="sin"/><SP WIDTH="24" VPOS="483" HPOS="838"/>
							<String ID="string_119" HPOS="862" VPOS="483" WIDTH="50" HEIGHT="26" WC="0.96" CONTENT="höjd"/>
						</TextLine>
						<TextLine ID="line_12" HPOS="86" VPOS="511" WIDTH="827" HEIGHT="27">
							<String ID="string_120" HPOS="86" VPOS="512" WIDTH="72" HEIGHT="21" WC="0.93" CONTENT="kunna"/><SP WIDTH="22" VPOS="512" HPOS="158"/>
							<String ID="string_121" HPOS="180" VPOS="513" WIDTH="93" HEIGHT="24" WC="0.91" CONTENT="upptaga"/><SP WIDTH="24" VPOS="513" HPOS="273"/>
							<String ID="string_122" HPOS="297" VPOS="513" WIDTH="26" HEIGHT="19" WC="0.96" CONTENT="70"/><SP WIDTH="16" VPOS="513" HPOS="323"/>
							<String ID="string_123" HPOS="339" VPOS="511" WIDTH="76" HEIGHT="21" WC="0.95" CONTENT="elever."/><SP WIDTH="32" VPOS="511" HPOS="415"/>
							<String ID="string_124" HPOS="447" VPOS="511" WIDTH="112" HEIGHT="21" WC="0.96" CONTENT="Utskottet"/><SP WIDTH="15" VPOS="511" HPOS="559"/>
							<String ID="string_125" HPOS="574" VPOS="517" WIDTH="112" HEIGHT="15" WC="0.96" CONTENT="resonerar"/><SP WIDTH="15" VPOS="517" HPOS="686"/>
							<String ID="string_126" HPOS="701" VPOS="511" WIDTH="27" HEIGHT="21" WC="0.97" CONTENT="då"/><SP WIDTH="15" VPOS="511" HPOS="728"/>
							<String ID="string_127" HPOS="743" VPOS="511" WIDTH="89" HEIGHT="27" WC="0.96" CONTENT="ungefär"/><SP WIDTH="15" VPOS="511" HPOS="832"/>
							<String ID="string_128" HPOS="847" VPOS="512" WIDTH="28" HEIGHT="25" WC="0.96" CONTENT="på"/><SP WIDTH="15" VPOS="512" HPOS="875"/>
							<String ID="string_129" HPOS="890" VPOS="512" WIDTH="23" HEIGHT="20" WC="0.96" CONTENT="så"/>
						</TextLine>
						<TextLine ID="line_13" HPOS="87" VPOS="539" WIDTH="826" HEIGHT="28">
							<String ID="string_130" HPOS="87" VPOS="542" WIDTH="51" HEIGHT="19" WC="0.95" CONTENT="sätt:"/><SP WIDTH="24" VPOS="542" HPOS="138"/>
							<String ID="string_131" HPOS="162" VPOS="539" WIDTH="130" HEIGHT="28" WC="0.96" CONTENT="tredjedelen"/><SP WIDTH="23" VPOS="539" HPOS="292"/>
							<String ID="string_132" HPOS="315" VPOS="540" WIDTH="22" HEIGHT="21" WC="0.96" CONTENT="af"/><SP WIDTH="22" VPOS="540" HPOS="337"/>
							<String ID="string_133" HPOS="359" VPOS="540" WIDTH="26" HEIGHT="21" WC="0.95" CONTENT="de"/><SP WIDTH="22" VPOS="540" HPOS="385"/>
							<String ID="string_134" HPOS="407" VPOS="540" WIDTH="75" HEIGHT="21" WC="0.95" CONTENT="blinda"/><SP WIDTH="15" VPOS="540" HPOS="482"/>
							<String ID="string_135" HPOS="497" VPOS="540" WIDTH="57" HEIGHT="20" WC="0.96" CONTENT="inom"/><SP WIDTH="15" VPOS="540" HPOS="554"/>
							<String ID="string_136" HPOS="569" VPOS="539" WIDTH="121" HEIGHT="22" WC="0.96" CONTENT="skolåldern"/><SP WIDTH="15" VPOS="539" HPOS="690"/>
							<String ID="string_137" HPOS="705" VPOS="540" WIDTH="72" HEIGHT="21" WC="0.96" CONTENT="kunna"/><SP WIDTH="15" VPOS="540" HPOS="777"/>
							<String ID="string_138" HPOS="792" VPOS="541" WIDTH="31" HEIGHT="20" WC="0.96" CONTENT="uti"/><SP WIDTH="16" VPOS="541" HPOS="823"/>
							<String ID="string_139" HPOS="839" VPOS="540" WIDTH="26" HEIGHT="21" WC="0.96" CONTENT="de"/><SP WIDTH="14" VPOS="540" HPOS="865"/>
							<String ID="string_140" HPOS="879" VPOS="539" WIDTH="34" HEIGHT="22" WC="0.96" CONTENT="för"/>
						</TextLine>
						<TextLine ID="line_14" HPOS="87" VPOS="568" WIDTH="826" HEIGHT="27">
							<String ID="string_141" HPOS="87" VPOS="569" WIDTH="84" HEIGHT="20" WC="0.96" CONTENT="handen"/><SP WIDTH="21" VPOS="569" HPOS="171"/>
							<String ID="string_142" HPOS="192" VPOS="569" WIDTH="92" HEIGHT="20" WC="0.95" CONTENT="varande"/><SP WIDTH="21" VPOS="569" HPOS="284"/>
							<String ID="string_143" HPOS="305" VPOS="568" WIDTH="130" HEIGHT="21" WC="0.96" CONTENT="anstalterna"/><SP WIDTH="16" VPOS="568" HPOS="435"/>
							<String ID="string_144" HPOS="451" VPOS="570" WIDTH="111" HEIGHT="25" WC="0.93" CONTENT="upptagas,"/><SP WIDTH="18" VPOS="570" HPOS="562"/>
							<String ID="string_145" HPOS="580" VPOS="568" WIDTH="83" HEIGHT="21" WC="0.92" CONTENT="derföre"/><SP WIDTH="16" VPOS="568" HPOS="663"/>
							<String ID="string_146" HPOS="679" VPOS="570" WIDTH="36" HEIGHT="19" WC="0.91" CONTENT="äro"/><SP WIDTH="18" VPOS="570" HPOS="715"/>
							<String ID="string_147" HPOS="733" VPOS="569" WIDTH="61" HEIGHT="20" WC="0.96" CONTENT="dessa"/><SP WIDTH="15" VPOS="569" HPOS="794"/>
							<String ID="string_148" HPOS="809" VPOS="568" WIDTH="104" HEIGHT="22" WC="0.96" CONTENT="anstalter"/>
						</TextLine>
						<TextLine ID="line_15" HPOS="87" VPOS="597" WIDTH="825" HEIGHT="27">
							<String ID="string_149" HPOS="87" VPOS="597" WIDTH="127" HEIGHT="26" WC="0.96" CONTENT="tillräckliga"/><SP WIDTH="21" VPOS="597" HPOS="214"/>
							<String ID="string_150" HPOS="235" VPOS="597" WIDTH="34" HEIGHT="21" WC="0.96" CONTENT="för"/><SP WIDTH="17" VPOS="597" HPOS="269"/>
							<String ID="string_151" HPOS="286" VPOS="597" WIDTH="137" HEIGHT="21" WC="0.94" CONTENT="närvarande."/><SP WIDTH="31" VPOS="597" HPOS="423"/>
							<String ID="string_152" HPOS="454" VPOS="597" WIDTH="66" HEIGHT="21" WC="0.96" CONTENT="Detta"/><SP WIDTH="15" VPOS="597" HPOS="520"/>
							<String ID="string_153" HPOS="535" VPOS="598" WIDTH="24" HEIGHT="19" WC="0.95" CONTENT="är"/><SP WIDTH="16" VPOS="598" HPOS="559"/>
							<String ID="string_154" HPOS="575" VPOS="603" WIDTH="25" HEIGHT="15" WC="0.95" CONTENT="en"/><SP WIDTH="16" VPOS="603" HPOS="600"/>
							<String ID="string_155" HPOS="616" VPOS="597" WIDTH="93" HEIGHT="25" WC="0.95" CONTENT="slutsats,"/><SP WIDTH="16" VPOS="597" HPOS="709"/>
							<String ID="string_156" HPOS="725" VPOS="603" WIDTH="45" HEIGHT="15" WC="0.96" CONTENT="som"/><SP WIDTH="15" VPOS="603" HPOS="770"/>
							<String ID="string_157" HPOS="785" VPOS="597" WIDTH="35" HEIGHT="27" WC="0.96" CONTENT="jag"/><SP WIDTH="15" VPOS="597" HPOS="820"/>
							<String ID="string_158" HPOS="835" VPOS="597" WIDTH="18" HEIGHT="27" WC="0.96" CONTENT="ej"/><SP WIDTH="17" VPOS="597" HPOS="853"/>
							<String ID="string_159" HPOS="870" VPOS="597" WIDTH="42" HEIGHT="21" WC="0.96" CONTENT="kan"/>
						</TextLine>
						<TextLine ID="line_16" HPOS="86" VPOS="625" WIDTH="827" HEIGHT="27">
							<String ID="string_160" HPOS="86" VPOS="625" WIDTH="57" HEIGHT="22" WC="0.96" CONTENT="finna"/><SP WIDTH="23" VPOS="625" HPOS="143"/>
							<String ID="string_161" HPOS="166" VPOS="626" WIDTH="87" HEIGHT="21" WC="0.93" CONTENT="alldeles"/><SP WIDTH="20" VPOS="626" HPOS="253"/>
							<String ID="string_162" HPOS="273" VPOS="626" WIDTH="72" HEIGHT="26" WC="0.96" CONTENT="riktig,"/><SP WIDTH="16" VPOS="626" HPOS="345"/>
							<String ID="string_163" HPOS="361" VPOS="625" WIDTH="52" HEIGHT="22" WC="0.95" CONTENT="eller"/><SP WIDTH="15" VPOS="625" HPOS="413"/>
							<String ID="string_164" HPOS="428" VPOS="625" WIDTH="99" HEIGHT="26" WC="0.96" CONTENT="naturlig."/><SP WIDTH="31" VPOS="625" HPOS="527"/>
							<String ID="string_165" HPOS="558" VPOS="626" WIDTH="39" HEIGHT="20" WC="0.96" CONTENT="Att"/><SP WIDTH="15" VPOS="626" HPOS="597"/>
							<String ID="string_166" HPOS="612" VPOS="626" WIDTH="36" HEIGHT="21" WC="0.96" CONTENT="det"/><SP WIDTH="15" VPOS="626" HPOS="648"/>
							<String ID="string_167" HPOS="663" VPOS="625" WIDTH="66" HEIGHT="22" WC="0.93" CONTENT="skulle"/><SP WIDTH="16" VPOS="625" HPOS="729"/>
							<String ID="string_168" HPOS="745" VPOS="626" WIDTH="101" HEIGHT="21" WC="0.92" CONTENT="behöfvas"/><SP WIDTH="16" VPOS="626" HPOS="846"/>
							<String ID="string_169" HPOS="862" VPOS="625" WIDTH="51" HEIGHT="22" WC="0.96" CONTENT="flere"/>
						</TextLine>
						<TextLine ID="line_17" HPOS="86" VPOS="654" WIDTH="827" HEIGHT="22">
							<String ID="string_170" HPOS="86" VPOS="654" WIDTH="104" HEIGHT="22" WC="0.96" CONTENT="anstalter"/><SP WIDTH="15" VPOS="654" HPOS="190"/>
							<String ID="string_171" HPOS="205" VPOS="655" WIDTH="64" HEIGHT="21" WC="0.96" CONTENT="också"/><SP WIDTH="15" VPOS="655" HPOS="269"/>
							<String ID="string_172" HPOS="284" VPOS="655" WIDTH="33" HEIGHT="20" WC="0.96" CONTENT="för"/><SP WIDTH="16" VPOS="655" HPOS="317"/>
							<String ID="string_173" HPOS="333" VPOS="654" WIDTH="26" HEIGHT="21" WC="0.96" CONTENT="de"/><SP WIDTH="15" VPOS="654" HPOS="359"/>
							<String ID="string_174" HPOS="374" VPOS="654" WIDTH="73" HEIGHT="21" WC="0.96" CONTENT="blinda"/><SP WIDTH="16" VPOS="654" HPOS="447"/>
							<String ID="string_175" HPOS="463" VPOS="656" WIDTH="27" HEIGHT="19" WC="0.96" CONTENT="än"/><SP WIDTH="16" VPOS="656" HPOS="490"/>
							<String ID="string_176" HPOS="506" VPOS="654" WIDTH="26" HEIGHT="21" WC="0.96" CONTENT="de"/><SP WIDTH="16" VPOS="654" HPOS="532"/>
							<String ID="string_177" HPOS="548" VPOS="656" WIDTH="77" HEIGHT="19" WC="0.96" CONTENT="tvenne"/><SP WIDTH="11" VPOS="656" HPOS="625"/>
							<String ID="string_178" HPOS="636" VPOS="660" WIDTH="44" HEIGHT="15" WC="0.96" CONTENT="som"/><SP WIDTH="12" VPOS="660" HPOS="680"/>
							<String ID="string_179" HPOS="692" VPOS="655" WIDTH="64" HEIGHT="20" WC="0.96" CONTENT="redan"/><SP WIDTH="11" VPOS="655" HPOS="756"/>
							<String ID="string_180" HPOS="767" VPOS="655" WIDTH="70" HEIGHT="21" WC="0.93" CONTENT="finnas"/><SP WIDTH="12" VPOS="655" HPOS="837"/>
							<String ID="string_181" HPOS="849" VPOS="655" WIDTH="64" HEIGHT="21" WC="0.91" CONTENT="fram-"/>
						</TextLine>
						<TextLine ID="line_18" HPOS="86" VPOS="683" WIDTH="826" HEIGHT="28">
							<String ID="string_182" HPOS="86" VPOS="683" WIDTH="38" HEIGHT="28" WC="0.96" CONTENT="går"/><SP WIDTH="22" VPOS="683" HPOS="124"/>
							<String ID="string_183" HPOS="146" VPOS="683" WIDTH="66" HEIGHT="26" WC="0.96" CONTENT="deraf,"/><SP WIDTH="23" VPOS="683" HPOS="212"/>
							<String ID="string_184" HPOS="235" VPOS="685" WIDTH="32" HEIGHT="19" WC="0.97" CONTENT="att"/><SP WIDTH="22" VPOS="685" HPOS="267"/>
							<String ID="string_185" HPOS="289" VPOS="683" WIDTH="21" HEIGHT="21" WC="0.96" CONTENT="af"/><SP WIDTH="15" VPOS="683" HPOS="310"/>
							<String ID="string_186" HPOS="325" VPOS="683" WIDTH="62" HEIGHT="21" WC="0.96" CONTENT="dessa"/><SP WIDTH="23" VPOS="683" HPOS="387"/>
							<String ID="string_187" HPOS="410" VPOS="683" WIDTH="40" HEIGHT="21" WC="0.96" CONTENT="162"/><SP WIDTH="24" VPOS="683" HPOS="450"/>
							<String ID="string_188" HPOS="474" VPOS="683" WIDTH="72" HEIGHT="21" WC="0.95" CONTENT="blinda"/><SP WIDTH="23" VPOS="683" HPOS="546"/>
							<String ID="string_189" HPOS="569" VPOS="683" WIDTH="7" HEIGHT="20" WC="0.96" CONTENT="i"/><SP WIDTH="23" VPOS="683" HPOS="576"/>
							<String ID="string_190" HPOS="599" VPOS="683" WIDTH="120" HEIGHT="21" WC="0.96" CONTENT="skolåldern"/><SP WIDTH="23" VPOS="683" HPOS="719"/>
							<String ID="string_191" HPOS="742" VPOS="684" WIDTH="75" HEIGHT="21" WC="0.96" CONTENT="endast"/><SP WIDTH="18" VPOS="684" HPOS="817"/>
							<String ID="string_192" HPOS="835" VPOS="685" WIDTH="24" HEIGHT="19" WC="0.88" CONTENT="18"/><SP WIDTH="16" VPOS="685" HPOS="859"/>
							<String ID="string_193" HPOS="875" VPOS="685" WIDTH="37" HEIGHT="19" WC="0.95" CONTENT="äro"/>
						</TextLine>
						<TextLine ID="line_19" HPOS="86" VPOS="711" WIDTH="827" HEIGHT="28">
							<String ID="string_194" HPOS="86" VPOS="712" WIDTH="177" HEIGHT="21" WC="0.91" CONTENT="svenskatalande"/><SP WIDTH="22" VPOS="712" HPOS="263"/>
							<String ID="string_195" HPOS="285" VPOS="718" WIDTH="48" HEIGHT="15" WC="0.96" CONTENT="men"/><SP WIDTH="25" VPOS="718" HPOS="333"/>
							<String ID="string_196" HPOS="358" VPOS="712" WIDTH="40" HEIGHT="21" WC="0.92" CONTENT="144"/><SP WIDTH="23" VPOS="712" HPOS="398"/>
							<String ID="string_197" HPOS="421" VPOS="711" WIDTH="162" HEIGHT="22" WC="0.90" CONTENT="finskatalande."/><SP WIDTH="31" VPOS="711" HPOS="583"/>
							<String ID="string_198" HPOS="614" VPOS="711" WIDTH="43" HEIGHT="21" WC="0.96" CONTENT="För"/><SP WIDTH="22" VPOS="711" HPOS="657"/>
							<String ID="string_199" HPOS="679" VPOS="713" WIDTH="25" HEIGHT="20" WC="0.96" CONTENT="de"/><SP WIDTH="24" VPOS="713" HPOS="704"/>
							<String ID="string_200" HPOS="728" VPOS="711" WIDTH="58" HEIGHT="22" WC="0.93" CONTENT="förra"/><SP WIDTH="15" VPOS="711" HPOS="786"/>
							<String ID="string_201" HPOS="801" VPOS="718" WIDTH="62" HEIGHT="15" WC="0.96" CONTENT="anser"/><SP WIDTH="13" VPOS="718" HPOS="863"/>
							<String ID="string_202" HPOS="876" VPOS="712" WIDTH="37" HEIGHT="27" WC="0.96" CONTENT="jag"/>
						</TextLine>
						<TextLine ID="line_20" HPOS="88" VPOS="740" WIDTH="825" HEIGHT="27">
							<String ID="string_203" HPOS="88" VPOS="741" WIDTH="113" HEIGHT="24" WC="0.96" CONTENT="anstalten,"/><SP WIDTH="23" VPOS="741" HPOS="201"/>
							<String ID="string_204" HPOS="224" VPOS="747" WIDTH="44" HEIGHT="14" WC="0.96" CONTENT="som"/><SP WIDTH="26" VPOS="747" HPOS="268"/>
							<String ID="string_205" HPOS="294" VPOS="740" WIDTH="67" HEIGHT="21" WC="0.96" CONTENT="finnes"/><SP WIDTH="25" VPOS="740" HPOS="361"/>
							<String ID="string_206" HPOS="386" VPOS="741" WIDTH="5" HEIGHT="20" WC="0.95" CONTENT="i"/><SP WIDTH="26" VPOS="741" HPOS="391"/>
							<String ID="string_207" HPOS="417" VPOS="740" WIDTH="135" HEIGHT="27" WC="0.95" CONTENT="Helsingfors"/><SP WIDTH="22" VPOS="740" HPOS="552"/>
							<String ID="string_208" HPOS="574" VPOS="746" WIDTH="51" HEIGHT="15" WC="0.96" CONTENT="vara"/><SP WIDTH="15" VPOS="746" HPOS="625"/>
							<String ID="string_209" HPOS="640" VPOS="740" WIDTH="119" HEIGHT="27" WC="0.96" CONTENT="tillräcklig,"/><SP WIDTH="17" VPOS="740" HPOS="759"/>
							<String ID="string_210" HPOS="776" VPOS="747" WIDTH="47" HEIGHT="15" WC="0.96" CONTENT="men"/><SP WIDTH="16" VPOS="747" HPOS="823"/>
							<String ID="string_211" HPOS="839" VPOS="740" WIDTH="32" HEIGHT="21" WC="0.96" CONTENT="för"/><SP WIDTH="16" VPOS="740" HPOS="871"/>
							<String ID="string_212" HPOS="887" VPOS="741" WIDTH="26" HEIGHT="20" WC="0.96" CONTENT="de"/>
						</TextLine>
						<TextLine ID="line_21" HPOS="87" VPOS="769" WIDTH="826" HEIGHT="22">
							<String ID="string_213" HPOS="87" VPOS="769" WIDTH="90" HEIGHT="21" WC="0.92" CONTENT="sednare"/><SP WIDTH="14" VPOS="769" HPOS="177"/>
							<String ID="string_214" HPOS="191" VPOS="771" WIDTH="24" HEIGHT="19" WC="0.96" CONTENT="är"/><SP WIDTH="16" VPOS="771" HPOS="215"/>
							<String ID="string_215" HPOS="231" VPOS="769" WIDTH="40" HEIGHT="21" WC="0.96" CONTENT="den"/><SP WIDTH="15" VPOS="769" HPOS="271"/>
							<String ID="string_216" HPOS="286" VPOS="769" WIDTH="66" HEIGHT="21" WC="0.96" CONTENT="andra"/><SP WIDTH="15" VPOS="769" HPOS="352"/>
							<String ID="string_217" HPOS="367" VPOS="769" WIDTH="109" HEIGHT="22" WC="0.95" CONTENT="anstalten"/><SP WIDTH="15" VPOS="769" HPOS="476"/>
							<String ID="string_218" HPOS="491" VPOS="769" WIDTH="33" HEIGHT="21" WC="0.96" CONTENT="för"/><SP WIDTH="15" VPOS="769" HPOS="524"/>
							<String ID="string_219" HPOS="539" VPOS="769" WIDTH="57" HEIGHT="20" WC="0.93" CONTENT="liten."/><SP WIDTH="30" VPOS="769" HPOS="596"/>
							<String ID="string_220" HPOS="626" VPOS="769" WIDTH="49" HEIGHT="21" WC="0.94" CONTENT="Med"/><SP WIDTH="16" VPOS="769" HPOS="675"/>
							<String ID="string_221" HPOS="691" VPOS="769" WIDTH="97" HEIGHT="22" WC="0.93" CONTENT="afseende"/><SP WIDTH="15" VPOS="769" HPOS="788"/>
							<String ID="string_222" HPOS="803" VPOS="769" WIDTH="13" HEIGHT="21" WC="0.90" CONTENT="å"/><SP WIDTH="15" VPOS="769" HPOS="816"/>
							<String ID="string_223" HPOS="831" VPOS="770" WIDTH="26" HEIGHT="20" WC="0.91" CONTENT="de"/><SP WIDTH="11" VPOS="770" HPOS="857"/>
							<String ID="string_224" HPOS="868" VPOS="769" WIDTH="45" HEIGHT="22" WC="0.91" CONTENT="döf-"/>
						</TextLine>
						<TextLine ID="line_22" HPOS="88" VPOS="797" WIDTH="825" HEIGHT="27">
							<String ID="string_225" HPOS="88" VPOS="800" WIDTH="91" HEIGHT="19" WC="0.96" CONTENT="stumma"/><SP WIDTH="22" VPOS="800" HPOS="179"/>
							<String ID="string_226" HPOS="201" VPOS="799" WIDTH="53" HEIGHT="23" WC="0.96" CONTENT="åter,"/><SP WIDTH="23" VPOS="799" HPOS="254"/>
							<String ID="string_227" HPOS="277" VPOS="797" WIDTH="24" HEIGHT="22" WC="0.96" CONTENT="så"/><SP WIDTH="23" VPOS="797" HPOS="301"/>
							<String ID="string_228" HPOS="324" VPOS="797" WIDTH="54" HEIGHT="22" WC="0.96" CONTENT="hade"/><SP WIDTH="22" VPOS="797" HPOS="378"/>
							<String ID="string_229" HPOS="400" VPOS="798" WIDTH="19" HEIGHT="20" WC="0.96" CONTENT="vi"/><SP WIDTH="17" VPOS="798" HPOS="419"/>
							<String ID="string_230" HPOS="436" VPOS="797" WIDTH="67" HEIGHT="27" WC="0.96" CONTENT="enligt"/><SP WIDTH="16" VPOS="797" HPOS="503"/>
							<String ID="string_231" HPOS="519" VPOS="798" WIDTH="41" HEIGHT="20" WC="0.96" CONTENT="den"/><SP WIDTH="16" VPOS="798" HPOS="560"/>
							<String ID="string_232" HPOS="576" VPOS="798" WIDTH="96" HEIGHT="26" WC="0.96" CONTENT="räkning,"/><SP WIDTH="16" VPOS="798" HPOS="672"/>
							<String ID="string_233" HPOS="688" VPOS="803" WIDTH="45" HEIGHT="16" WC="0.93" CONTENT="som"/><SP WIDTH="16" VPOS="803" HPOS="733"/>
							<String ID="string_234" HPOS="749" VPOS="797" WIDTH="164" HEIGHT="22" WC="0.91" CONTENT="föranstaltades"/>
						</TextLine>
						<TextLine ID="line_23" HPOS="89" VPOS="826" WIDTH="824" HEIGHT="27">
							<String ID="string_235" HPOS="89" VPOS="827" WIDTH="26" HEIGHT="20" WC="0.93" CONTENT="då"/><SP WIDTH="23" VPOS="827" HPOS="115"/>
							<String ID="string_236" HPOS="138" VPOS="826" WIDTH="181" HEIGHT="21" WC="0.90" CONTENT="döfstumsskolan"/><SP WIDTH="24" VPOS="826" HPOS="319"/>
							<String ID="string_237" HPOS="343" VPOS="827" WIDTH="6" HEIGHT="20" WC="0.96" CONTENT="i"/><SP WIDTH="26" VPOS="827" HPOS="349"/>
							<String ID="string_238" HPOS="375" VPOS="826" WIDTH="70" HEIGHT="27" WC="0.96" CONTENT="Borgå"/><SP WIDTH="23" VPOS="826" HPOS="445"/>
							<String ID="string_239" HPOS="468" VPOS="826" WIDTH="25" HEIGHT="21" WC="0.96" CONTENT="år"/><SP WIDTH="24" VPOS="826" HPOS="493"/>
							<String ID="string_240" HPOS="517" VPOS="827" WIDTH="54" HEIGHT="20" WC="0.96" CONTENT="1848"/><SP WIDTH="17" VPOS="827" HPOS="571"/>
							<String ID="string_241" HPOS="588" VPOS="826" WIDTH="94" HEIGHT="26" WC="0.93" CONTENT="invigdes"/><SP WIDTH="15" VPOS="826" HPOS="682"/>
							<String ID="string_242" HPOS="697" VPOS="827" WIDTH="75" HEIGHT="21" WC="0.91" CONTENT="inalles"/><SP WIDTH="17" VPOS="827" HPOS="772"/>
							<String ID="string_243" HPOS="789" VPOS="827" WIDTH="61" HEIGHT="26" WC="0.92" CONTENT="1,466"/><SP WIDTH="17" VPOS="827" HPOS="850"/>
							<String ID="string_244" HPOS="867" VPOS="827" WIDTH="46" HEIGHT="20" WC="0.92" CONTENT="döf-"/>
						</TextLine>
						<TextLine ID="line_24" HPOS="88" VPOS="855" WIDTH="825" HEIGHT="27">
							<String ID="string_245" HPOS="88" VPOS="857" WIDTH="98" HEIGHT="24" WC="0.96" CONTENT="stumma,"/><SP WIDTH="17" VPOS="857" HPOS="186"/>
							<String ID="string_246" HPOS="203" VPOS="855" WIDTH="41" HEIGHT="21" WC="0.93" CONTENT="835"/><SP WIDTH="16" VPOS="855" HPOS="244"/>
							<String ID="string_247" HPOS="260" VPOS="855" WIDTH="91" HEIGHT="21" WC="0.92" CONTENT="mankön"/><SP WIDTH="16" VPOS="855" HPOS="351"/>
							<String ID="string_248" HPOS="367" VPOS="855" WIDTH="39" HEIGHT="21" WC="0.96" CONTENT="och"/><SP WIDTH="16" VPOS="855" HPOS="406"/>
							<String ID="string_249" HPOS="422" VPOS="855" WIDTH="40" HEIGHT="21" WC="0.93" CONTENT="631"/><SP WIDTH="19" VPOS="855" HPOS="462"/>
							<String ID="string_250" HPOS="481" VPOS="855" WIDTH="99" HEIGHT="27" WC="0.92" CONTENT="gvinkön,"/><SP WIDTH="16" VPOS="855" HPOS="580"/>
							<String ID="string_251" HPOS="596" VPOS="855" WIDTH="39" HEIGHT="21" WC="0.96" CONTENT="och"/><SP WIDTH="16" VPOS="855" HPOS="635"/>
							<String ID="string_252" HPOS="651" VPOS="855" WIDTH="48" HEIGHT="21" WC="0.96" CONTENT="utaf"/><SP WIDTH="14" VPOS="855" HPOS="699"/>
							<String ID="string_253" HPOS="713" VPOS="855" WIDTH="60" HEIGHT="22" WC="0.95" CONTENT="dessa"/><SP WIDTH="16" VPOS="855" HPOS="773"/>
							<String ID="string_254" HPOS="789" VPOS="861" WIDTH="50" HEIGHT="15" WC="0.96" CONTENT="voro"/><SP WIDTH="16" VPOS="861" HPOS="839"/>
							<String ID="string_255" HPOS="855" VPOS="855" WIDTH="7" HEIGHT="21" WC="0.96" CONTENT="i"/><SP WIDTH="15" VPOS="855" HPOS="862"/>
							<String ID="string_256" HPOS="877" VPOS="855" WIDTH="36" HEIGHT="22" WC="0.96" CONTENT="det"/>
						</TextLine>
						<TextLine ID="line_25" HPOS="88" VPOS="883" WIDTH="825" HEIGHT="28">
							<String ID="string_257" HPOS="88" VPOS="885" WIDTH="106" HEIGHT="20" WC="0.96" CONTENT="närmaste"/><SP WIDTH="23" VPOS="885" HPOS="194"/>
							<String ID="string_258" HPOS="217" VPOS="885" WIDTH="42" HEIGHT="20" WC="0.96" CONTENT="400"/><SP WIDTH="20" VPOS="885" HPOS="259"/>
							<String ID="string_259" HPOS="279" VPOS="884" WIDTH="56" HEIGHT="21" WC="0.93" CONTENT="inom"/><SP WIDTH="16" VPOS="884" HPOS="335"/>
							<String ID="string_260" HPOS="351" VPOS="883" WIDTH="244" HEIGHT="28" WC="0.91" CONTENT="undervisningsåldern."/><SP WIDTH="30" VPOS="883" HPOS="595"/>
							<String ID="string_261" HPOS="625" VPOS="884" WIDTH="72" HEIGHT="27" WC="0.94" CONTENT="Enligt"/><SP WIDTH="15" VPOS="884" HPOS="697"/>
							<String ID="string_262" HPOS="712" VPOS="884" WIDTH="55" HEIGHT="21" WC="0.96" CONTENT="hvad"/><SP WIDTH="14" VPOS="884" HPOS="767"/>
							<String ID="string_263" HPOS="781" VPOS="884" WIDTH="36" HEIGHT="27" WC="0.96" CONTENT="jag"/><SP WIDTH="15" VPOS="884" HPOS="817"/>
							<String ID="string_264" HPOS="832" VPOS="884" WIDTH="81" HEIGHT="27" WC="0.96" CONTENT="lyckats"/>
						</TextLine>
						<TextLine ID="line_26" HPOS="89" VPOS="912" WIDTH="824" HEIGHT="27">
							<String ID="string_265" HPOS="89" VPOS="912" WIDTH="100" HEIGHT="21" WC="0.89" CONTENT="förskaffa"/><SP WIDTH="23" VPOS="912" HPOS="189"/>
							<String ID="string_266" HPOS="212" VPOS="913" WIDTH="42" HEIGHT="26" WC="0.95" CONTENT="mig"/><SP WIDTH="21" VPOS="913" HPOS="254"/>
							<String ID="string_267" HPOS="275" VPOS="912" WIDTH="119" HEIGHT="21" WC="0.96" CONTENT="kännedom"/><SP WIDTH="23" VPOS="912" HPOS="394"/>
							<String ID="string_268" HPOS="417" VPOS="919" WIDTH="41" HEIGHT="18" WC="0.95" CONTENT="om,"/><SP WIDTH="16" VPOS="919" HPOS="458"/>
							<String ID="string_269" HPOS="474" VPOS="914" WIDTH="24" HEIGHT="20" WC="0.96" CONTENT="är"/><SP WIDTH="16" VPOS="914" HPOS="498"/>
							<String ID="string_270" HPOS="514" VPOS="913" WIDTH="36" HEIGHT="20" WC="0.96" CONTENT="det"/><SP WIDTH="14" VPOS="913" HPOS="550"/>
							<String ID="string_271" HPOS="564" VPOS="912" WIDTH="77" HEIGHT="27" WC="0.96" CONTENT="högsta"/><SP WIDTH="15" VPOS="912" HPOS="641"/>
							<String ID="string_272" HPOS="656" VPOS="913" WIDTH="80" HEIGHT="20" WC="0.96" CONTENT="antalet"/><SP WIDTH="15" VPOS="913" HPOS="736"/>
							<String ID="string_273" HPOS="751" VPOS="919" WIDTH="45" HEIGHT="14" WC="0.96" CONTENT="som"/><SP WIDTH="15" VPOS="919" HPOS="796"/>
							<String ID="string_274" HPOS="811" VPOS="913" WIDTH="7" HEIGHT="20" WC="0.96" CONTENT="i"/><SP WIDTH="16" VPOS="913" HPOS="818"/>
							<String ID="string_275" HPOS="834" VPOS="913" WIDTH="26" HEIGHT="21" WC="0.90" CONTENT="de"/><SP WIDTH="15" VPOS="913" HPOS="860"/>
							<String ID="string_276" HPOS="875" VPOS="919" WIDTH="38" HEIGHT="14" WC="0.90" CONTENT="nu-"/>
						</TextLine>
						<TextLine ID="line_27" HPOS="89" VPOS="941" WIDTH="824" HEIGHT="27">
							<String ID="string_277" HPOS="89" VPOS="941" WIDTH="92" HEIGHT="21" WC="0.92" CONTENT="varande"/><SP WIDTH="24" VPOS="941" HPOS="181"/>
							<String ID="string_278" HPOS="205" VPOS="941" WIDTH="204" HEIGHT="21" WC="0.92" CONTENT="döfstumsskolorna"/><SP WIDTH="23" VPOS="941" HPOS="409"/>
							<String ID="string_279" HPOS="432" VPOS="941" WIDTH="43" HEIGHT="21" WC="0.96" CONTENT="kan"/><SP WIDTH="23" VPOS="941" HPOS="475"/>
							<String ID="string_280" HPOS="498" VPOS="941" WIDTH="115" HEIGHT="27" WC="0.96" CONTENT="inrymmas"/><SP WIDTH="23" VPOS="941" HPOS="613"/>
							<String ID="string_281" HPOS="636" VPOS="941" WIDTH="96" HEIGHT="26" WC="0.96" CONTENT="omkring"/><SP WIDTH="17" VPOS="941" HPOS="732"/>
							<String ID="string_282" HPOS="749" VPOS="942" WIDTH="40" HEIGHT="20" WC="0.93" CONTENT="150"/><SP WIDTH="16" VPOS="942" HPOS="789"/>
							<String ID="string_283" HPOS="805" VPOS="941" WIDTH="12" HEIGHT="21" WC="0.92" CONTENT="å"/><SP WIDTH="17" VPOS="941" HPOS="817"/>
							<String ID="string_284" HPOS="834" VPOS="943" WIDTH="40" HEIGHT="20" WC="0.96" CONTENT="158"/><SP WIDTH="16" VPOS="943" HPOS="874"/>
							<String ID="string_285" HPOS="890" VPOS="942" WIDTH="23" HEIGHT="21" WC="0.96" CONTENT="så"/>
						</TextLine>
						<TextLine ID="line_28" HPOS="90" VPOS="969" WIDTH="823" HEIGHT="22">
							<String ID="string_286" HPOS="90" VPOS="972" WIDTH="32" HEIGHT="18" WC="0.95" CONTENT="att"/><SP WIDTH="12" VPOS="972" HPOS="122"/>
							<String ID="string_287" HPOS="134" VPOS="969" WIDTH="128" HEIGHT="22" WC="0.96" CONTENT="åtminstone"/><SP WIDTH="13" VPOS="969" HPOS="262"/>
							<String ID="string_288" HPOS="275" VPOS="970" WIDTH="41" HEIGHT="21" WC="0.96" CONTENT="200"/><SP WIDTH="16" VPOS="970" HPOS="316"/>
							<String ID="string_289" HPOS="332" VPOS="969" WIDTH="52" HEIGHT="21" WC="0.96" CONTENT="barn"/><SP WIDTH="16" VPOS="969" HPOS="384"/>
							<String ID="string_290" HPOS="400" VPOS="970" WIDTH="57" HEIGHT="20" WC="0.96" CONTENT="inom"/><SP WIDTH="16" VPOS="970" HPOS="457"/>
							<String ID="string_291" HPOS="473" VPOS="969" WIDTH="73" HEIGHT="22" WC="0.96" CONTENT="landet"/><SP WIDTH="15" VPOS="969" HPOS="546"/>
							<String ID="string_292" HPOS="561" VPOS="970" WIDTH="164" HEIGHT="21" WC="0.96" CONTENT="förnärvarande"/><SP WIDTH="16" VPOS="970" HPOS="725"/>
							<String ID="string_293" HPOS="741" VPOS="970" WIDTH="46" HEIGHT="21" WC="0.96" CONTENT="icke"/><SP WIDTH="15" VPOS="970" HPOS="787"/>
							<String ID="string_294" HPOS="802" VPOS="972" WIDTH="37" HEIGHT="19" WC="0.95" CONTENT="äro"/><SP WIDTH="15" VPOS="972" HPOS="839"/>
							<String ID="string_295" HPOS="854" VPOS="970" WIDTH="4" HEIGHT="21" WC="0.91" CONTENT="i"/><SP WIDTH="6" VPOS="970" HPOS="858"/>
							<String ID="string_296" HPOS="864" VPOS="969" WIDTH="49" HEIGHT="22" WC="0.91" CONTENT="till-"/>
						</TextLine>
						<TextLine ID="line_29" HPOS="90" VPOS="997" WIDTH="822" HEIGHT="28">
							<String ID="string_297" HPOS="90" VPOS="998" WIDTH="48" HEIGHT="21" WC="0.91" CONTENT="fälle"/><SP WIDTH="23" VPOS="998" HPOS="138"/>
							<String ID="string_298" HPOS="161" VPOS="1000" WIDTH="32" HEIGHT="19" WC="0.96" CONTENT="att"/><SP WIDTH="20" VPOS="1000" HPOS="193"/>
							<String ID="string_299" HPOS="213" VPOS="997" WIDTH="22" HEIGHT="22" WC="0.96" CONTENT="få"/><SP WIDTH="15" VPOS="997" HPOS="235"/>
							<String ID="string_300" HPOS="250" VPOS="998" WIDTH="69" HEIGHT="27" WC="0.96" CONTENT="någon"/><SP WIDTH="16" VPOS="998" HPOS="319"/>
							<String ID="string_301" HPOS="335" VPOS="998" WIDTH="151" HEIGHT="26" WC="0.96" CONTENT="undervisning"/><SP WIDTH="15" VPOS="998" HPOS="486"/>
							<String ID="string_302" HPOS="501" VPOS="998" WIDTH="45" HEIGHT="26" WC="0.95" CONTENT="alls,"/><SP WIDTH="16" VPOS="998" HPOS="546"/>
							<String ID="string_303" HPOS="562" VPOS="998" WIDTH="86" HEIGHT="21" WC="0.96" CONTENT="hvarför"/><SP WIDTH="15" VPOS="998" HPOS="648"/>
							<String ID="string_304" HPOS="663" VPOS="998" WIDTH="35" HEIGHT="21" WC="0.96" CONTENT="det"/><SP WIDTH="15" VPOS="998" HPOS="698"/>
							<String ID="string_305" HPOS="713" VPOS="1005" WIDTH="50" HEIGHT="14" WC="0.96" CONTENT="vore"/><SP WIDTH="16" VPOS="1005" HPOS="763"/>
							<String ID="string_306" HPOS="779" VPOS="999" WIDTH="133" HEIGHT="26" WC="0.96" CONTENT="synnerligen"/>
						</TextLine>
						<TextLine ID="line_30" HPOS="89" VPOS="1027" WIDTH="824" HEIGHT="21">
							<String ID="string_307" HPOS="89" VPOS="1027" WIDTH="116" HEIGHT="21" WC="0.91" CONTENT="önskvärdt"/><SP WIDTH="18" VPOS="1027" HPOS="205"/>
							<String ID="string_308" HPOS="223" VPOS="1029" WIDTH="32" HEIGHT="18" WC="0.97" CONTENT="att"/><SP WIDTH="16" VPOS="1029" HPOS="255"/>
							<String ID="string_309" HPOS="271" VPOS="1027" WIDTH="127" HEIGHT="21" WC="0.96" CONTENT="åtminstone"/><SP WIDTH="15" VPOS="1027" HPOS="398"/>
							<String ID="string_310" HPOS="413" VPOS="1033" WIDTH="26" HEIGHT="14" WC="0.96" CONTENT="en"/><SP WIDTH="17" VPOS="1033" HPOS="439"/>
							<String ID="string_311" HPOS="456" VPOS="1027" WIDTH="80" HEIGHT="21" WC="0.96" CONTENT="anstalt"/><SP WIDTH="16" VPOS="1027" HPOS="536"/>
							<String ID="string_312" HPOS="552" VPOS="1029" WIDTH="56" HEIGHT="19" WC="0.96" CONTENT="ännu"/><SP WIDTH="15" VPOS="1029" HPOS="608"/>
							<String ID="string_313" HPOS="623" VPOS="1027" WIDTH="67" HEIGHT="21" WC="0.95" CONTENT="skulle"/><SP WIDTH="15" VPOS="1027" HPOS="690"/>
							<String ID="string_314" HPOS="705" VPOS="1027" WIDTH="85" HEIGHT="21" WC="0.96" CONTENT="komma"/><SP WIDTH="13" VPOS="1027" HPOS="790"/>
							<String ID="string_315" HPOS="803" VPOS="1027" WIDTH="32" HEIGHT="21" WC="0.96" CONTENT="till"/><SP WIDTH="16" VPOS="1027" HPOS="835"/>
							<String ID="string_316" HPOS="851" VPOS="1027" WIDTH="62" HEIGHT="21" WC="0.96" CONTENT="stånd"/>
						</TextLine>
						<TextLine ID="line_31" HPOS="89" VPOS="1055" WIDTH="824" HEIGHT="27">
							<String ID="string_317" HPOS="89" VPOS="1055" WIDTH="7" HEIGHT="21" WC="0.96" CONTENT="i"/><SP WIDTH="21" VPOS="1055" HPOS="96"/>
							<String ID="string_318" HPOS="117" VPOS="1055" WIDTH="39" HEIGHT="21" WC="0.97" CONTENT="den"/><SP WIDTH="16" VPOS="1055" HPOS="156"/>
							<String ID="string_319" HPOS="172" VPOS="1057" WIDTH="107" HEIGHT="19" WC="0.96" CONTENT="närmaste"/><SP WIDTH="14" VPOS="1057" HPOS="279"/>
							<String ID="string_320" HPOS="293" VPOS="1055" WIDTH="122" HEIGHT="21" WC="0.96" CONTENT="framtiden."/><SP WIDTH="31" VPOS="1055" HPOS="415"/>
							<String ID="string_321" HPOS="446" VPOS="1055" WIDTH="62" HEIGHT="21" WC="0.95" CONTENT="Hvad"/><SP WIDTH="16" VPOS="1055" HPOS="508"/>
							<String ID="string_322" HPOS="524" VPOS="1056" WIDTH="66" HEIGHT="20" WC="0.96" CONTENT="sedan"/><SP WIDTH="16" VPOS="1056" HPOS="590"/>
							<String ID="string_323" HPOS="606" VPOS="1056" WIDTH="66" HEIGHT="26" WC="0.96" CONTENT="angår"/><SP WIDTH="14" VPOS="1056" HPOS="672"/>
							<String ID="string_324" HPOS="686" VPOS="1055" WIDTH="25" HEIGHT="22" WC="0.93" CONTENT="de"/><SP WIDTH="16" VPOS="1055" HPOS="711"/>
							<String ID="string_325" HPOS="727" VPOS="1056" WIDTH="120" HEIGHT="25" WC="0.91" CONTENT="andesvage"/><SP WIDTH="16" VPOS="1056" HPOS="847"/>
							<String ID="string_326" HPOS="863" VPOS="1055" WIDTH="50" HEIGHT="22" WC="0.94" CONTENT="eller"/>
						</TextLine>
						<TextLine ID="line_32" HPOS="88" VPOS="1083" WIDTH="825" HEIGHT="28">
							<String ID="string_327" HPOS="88" VPOS="1084" WIDTH="111" HEIGHT="24" WC="0.92" CONTENT="idioterne,"/><SP WIDTH="23" VPOS="1084" HPOS="199"/>
							<String ID="string_328" HPOS="222" VPOS="1083" WIDTH="72" HEIGHT="22" WC="0.96" CONTENT="hvilka"/><SP WIDTH="21" VPOS="1083" HPOS="294"/>
							<String ID="string_329" HPOS="315" VPOS="1084" WIDTH="115" HEIGHT="21" WC="0.96" CONTENT="utskottets"/><SP WIDTH="24" VPOS="1084" HPOS="430"/>
							<String ID="string_330" HPOS="454" VPOS="1084" WIDTH="118" HEIGHT="21" WC="0.93" CONTENT="ledamöter"/><SP WIDTH="16" VPOS="1084" HPOS="572"/>
							<String ID="string_331" HPOS="588" VPOS="1083" WIDTH="92" HEIGHT="26" WC="0.92" CONTENT="behagat"/><SP WIDTH="16" VPOS="1083" HPOS="680"/>
							<String ID="string_332" HPOS="696" VPOS="1084" WIDTH="89" HEIGHT="21" WC="0.96" CONTENT="omfatta"/><SP WIDTH="16" VPOS="1084" HPOS="785"/>
							<String ID="string_333" HPOS="801" VPOS="1085" WIDTH="47" HEIGHT="20" WC="0.93" CONTENT="med"/><SP WIDTH="16" VPOS="1085" HPOS="848"/>
							<String ID="string_334" HPOS="864" VPOS="1090" WIDTH="49" HEIGHT="21" WC="0.91" CONTENT="syn-"/>
						</TextLine>
						<TextLine ID="line_33" HPOS="90" VPOS="1113" WIDTH="823" HEIGHT="26">
							<String ID="string_335" HPOS="90" VPOS="1113" WIDTH="76" HEIGHT="25" WC="0.91" CONTENT="nerligt"/><SP WIDTH="16" VPOS="1113" HPOS="166"/>
							<String ID="string_336" HPOS="182" VPOS="1113" WIDTH="132" HEIGHT="26" WC="0.96" CONTENT="deltagande,"/><SP WIDTH="15" VPOS="1113" HPOS="314"/>
							<String ID="string_337" HPOS="329" VPOS="1114" WIDTH="24" HEIGHT="19" WC="0.96" CONTENT="är"/><SP WIDTH="15" VPOS="1114" HPOS="353"/>
							<String ID="string_338" HPOS="368" VPOS="1113" WIDTH="33" HEIGHT="20" WC="0.96" CONTENT="väl"/><SP WIDTH="16" VPOS="1113" HPOS="401"/>
							<String ID="string_339" HPOS="417" VPOS="1113" WIDTH="65" HEIGHT="21" WC="0.96" CONTENT="också"/><SP WIDTH="17" VPOS="1113" HPOS="482"/>
							<String ID="string_340" HPOS="499" VPOS="1113" WIDTH="33" HEIGHT="20" WC="0.93" CONTENT="för"/><SP WIDTH="16" VPOS="1113" HPOS="532"/>
							<String ID="string_341" HPOS="548" VPOS="1113" WIDTH="60" HEIGHT="21" WC="0.92" CONTENT="desse"/><SP WIDTH="16" VPOS="1113" HPOS="608"/>
							<String ID="string_342" HPOS="624" VPOS="1119" WIDTH="25" HEIGHT="14" WC="0.96" CONTENT="en"/><SP WIDTH="11" VPOS="1119" HPOS="649"/>
							<String ID="string_343" HPOS="660" VPOS="1115" WIDTH="69" HEIGHT="18" WC="0.96" CONTENT="större"/><SP WIDTH="10" VPOS="1115" HPOS="729"/>
							<String ID="string_344" HPOS="739" VPOS="1113" WIDTH="39" HEIGHT="21" WC="0.96" CONTENT="och"/><SP WIDTH="12" VPOS="1113" HPOS="778"/>
							<String ID="string_345" HPOS="790" VPOS="1113" WIDTH="123" HEIGHT="26" WC="0.96" CONTENT="lämpligare"/>
						</TextLine>
						<TextLine ID="line_34" HPOS="89" VPOS="1141" WIDTH="823" HEIGHT="27">
							<String ID="string_346" HPOS="89" VPOS="1141" WIDTH="98" HEIGHT="26" WC="0.96" CONTENT="placerad"/><SP WIDTH="23" VPOS="1141" HPOS="187"/>
							<String ID="string_347" HPOS="210" VPOS="1142" WIDTH="79" HEIGHT="20" WC="0.93" CONTENT="anstalt"/><SP WIDTH="23" VPOS="1142" HPOS="289"/>
							<String ID="string_348" HPOS="312" VPOS="1141" WIDTH="92" HEIGHT="27" WC="0.92" CONTENT="behöflig"/><SP WIDTH="22" VPOS="1141" HPOS="404"/>
							<String ID="string_349" HPOS="426" VPOS="1143" WIDTH="26" HEIGHT="19" WC="0.96" CONTENT="än"/><SP WIDTH="26" VPOS="1143" HPOS="452"/>
							<String ID="string_350" HPOS="478" VPOS="1141" WIDTH="40" HEIGHT="22" WC="0.96" CONTENT="den"/><SP WIDTH="23" VPOS="1141" HPOS="518"/>
							<String ID="string_351" HPOS="541" VPOS="1141" WIDTH="55" HEIGHT="22" WC="0.95" CONTENT="enda"/><SP WIDTH="20" VPOS="1141" HPOS="596"/>
							<String ID="string_352" HPOS="616" VPOS="1147" WIDTH="46" HEIGHT="16" WC="0.93" CONTENT="som"/><SP WIDTH="23" VPOS="1147" HPOS="662"/>
							<String ID="string_353" HPOS="685" VPOS="1141" WIDTH="65" HEIGHT="22" WC="0.93" CONTENT="finnes"/><SP WIDTH="16" VPOS="1141" HPOS="750"/>
							<String ID="string_354" HPOS="766" VPOS="1142" WIDTH="7" HEIGHT="20" WC="0.96" CONTENT="i"/><SP WIDTH="15" VPOS="1142" HPOS="773"/>
							<String ID="string_355" HPOS="788" VPOS="1141" WIDTH="124" HEIGHT="22" WC="0.96" CONTENT="Jakobstad."/>
						</TextLine>
						<TextLine ID="line_35" HPOS="90" VPOS="1169" WIDTH="823" HEIGHT="28">
							<String ID="string_356" HPOS="90" VPOS="1169" WIDTH="111" HEIGHT="22" WC="0.96" CONTENT="Anstalten"/><SP WIDTH="25" VPOS="1169" HPOS="201"/>
							<String ID="string_357" HPOS="226" VPOS="1170" WIDTH="7" HEIGHT="21" WC="0.96" CONTENT="i"/><SP WIDTH="22" VPOS="1170" HPOS="233"/>
							<String ID="string_358" HPOS="255" VPOS="1169" WIDTH="119" HEIGHT="22" WC="0.96" CONTENT="Jakobstad"/><SP WIDTH="23" VPOS="1169" HPOS="374"/>
							<String ID="string_359" HPOS="397" VPOS="1172" WIDTH="23" HEIGHT="19" WC="0.96" CONTENT="är"/><SP WIDTH="23" VPOS="1172" HPOS="420"/>
							<String ID="string_360" HPOS="443" VPOS="1170" WIDTH="46" HEIGHT="21" WC="0.94" CONTENT="helt"/><SP WIDTH="22" VPOS="1170" HPOS="489"/>
							<String ID="string_361" HPOS="511" VPOS="1170" WIDTH="39" HEIGHT="21" WC="0.95" CONTENT="och"/><SP WIDTH="16" VPOS="1170" HPOS="550"/>
							<String ID="string_362" HPOS="566" VPOS="1169" WIDTH="66" HEIGHT="22" WC="0.95" CONTENT="hållet"/><SP WIDTH="15" VPOS="1169" HPOS="632"/>
							<String ID="string_363" HPOS="647" VPOS="1176" WIDTH="26" HEIGHT="15" WC="0.96" CONTENT="en"/><SP WIDTH="15" VPOS="1176" HPOS="673"/>
							<String ID="string_364" HPOS="688" VPOS="1171" WIDTH="69" HEIGHT="26" WC="0.96" CONTENT="privat"/><SP WIDTH="14" VPOS="1171" HPOS="757"/>
							<String ID="string_365" HPOS="771" VPOS="1170" WIDTH="86" HEIGHT="26" WC="0.96" CONTENT="anstalt,"/><SP WIDTH="17" VPOS="1170" HPOS="857"/>
							<String ID="string_366" HPOS="874" VPOS="1170" WIDTH="39" HEIGHT="21" WC="0.96" CONTENT="och"/>
						</TextLine>
						<TextLine ID="line_36" HPOS="89" VPOS="1198" WIDTH="825" HEIGHT="27">
							<String ID="string_367" HPOS="89" VPOS="1198" WIDTH="80" HEIGHT="21" WC="0.96" CONTENT="kanske"/><SP WIDTH="16" VPOS="1198" HPOS="169"/>
							<String ID="string_368" HPOS="185" VPOS="1198" WIDTH="35" HEIGHT="21" WC="0.96" CONTENT="det"/><SP WIDTH="16" VPOS="1198" HPOS="220"/>
							<String ID="string_369" HPOS="236" VPOS="1199" WIDTH="57" HEIGHT="20" WC="0.96" CONTENT="antal"/><SP WIDTH="16" VPOS="1199" HPOS="293"/>
							<String ID="string_370" HPOS="309" VPOS="1199" WIDTH="76" HEIGHT="25" WC="0.95" CONTENT="elever,"/><SP WIDTH="16" VPOS="1199" HPOS="385"/>
							<String ID="string_371" HPOS="401" VPOS="1205" WIDTH="45" HEIGHT="15" WC="0.96" CONTENT="som"/><SP WIDTH="17" VPOS="1205" HPOS="446"/>
							<String ID="string_372" HPOS="463" VPOS="1199" WIDTH="38" HEIGHT="21" WC="0.96" CONTENT="der"/><SP WIDTH="15" VPOS="1199" HPOS="501"/>
							<String ID="string_373" HPOS="516" VPOS="1205" WIDTH="29" HEIGHT="14" WC="0.96" CONTENT="nu"/><SP WIDTH="15" VPOS="1205" HPOS="545"/>
							<String ID="string_374" HPOS="560" VPOS="1201" WIDTH="24" HEIGHT="18" WC="0.96" CONTENT="är"/><SP WIDTH="11" VPOS="1201" HPOS="584"/>
							<String ID="string_375" HPOS="595" VPOS="1199" WIDTH="104" HEIGHT="26" WC="0.95" CONTENT="nämligen"/><SP WIDTH="16" VPOS="1199" HPOS="699"/>
							<String ID="string_376" HPOS="715" VPOS="1199" WIDTH="30" HEIGHT="26" WC="0.96" CONTENT="11,"/><SP WIDTH="12" VPOS="1199" HPOS="745"/>
							<String ID="string_377" HPOS="757" VPOS="1201" WIDTH="24" HEIGHT="18" WC="0.96" CONTENT="är"/><SP WIDTH="11" VPOS="1201" HPOS="781"/>
							<String ID="string_378" HPOS="792" VPOS="1199" WIDTH="35" HEIGHT="21" WC="0.96" CONTENT="det"/><SP WIDTH="10" VPOS="1199" HPOS="827"/>
							<String ID="string_379" HPOS="837" VPOS="1199" WIDTH="77" HEIGHT="26" WC="0.96" CONTENT="högsta"/>
						</TextLine>
						<TextLine ID="line_37" HPOS="89" VPOS="1227" WIDTH="824" HEIGHT="27">
							<String ID="string_380" HPOS="89" VPOS="1233" WIDTH="45" HEIGHT="15" WC="0.96" CONTENT="som"/><SP WIDTH="16" VPOS="1233" HPOS="134"/>
							<String ID="string_381" HPOS="150" VPOS="1227" WIDTH="33" HEIGHT="20" WC="0.96" CONTENT="för"/><SP WIDTH="15" VPOS="1227" HPOS="183"/>
							<String ID="string_382" HPOS="198" VPOS="1227" WIDTH="130" HEIGHT="21" WC="0.96" CONTENT="närvarande"/><SP WIDTH="13" VPOS="1227" HPOS="328"/>
							<String ID="string_383" HPOS="341" VPOS="1227" WIDTH="41" HEIGHT="21" WC="0.93" CONTENT="kan"/><SP WIDTH="12" VPOS="1227" HPOS="382"/>
							<String ID="string_384" HPOS="394" VPOS="1229" WIDTH="125" HEIGHT="25" WC="0.90" CONTENT="emottagas."/><SP WIDTH="25" VPOS="1229" HPOS="519"/>
							<String ID="string_385" HPOS="544" VPOS="1227" WIDTH="114" HEIGHT="21" WC="0.96" CONTENT="Dessutom"/><SP WIDTH="12" VPOS="1227" HPOS="658"/>
							<String ID="string_386" HPOS="670" VPOS="1227" WIDTH="61" HEIGHT="22" WC="0.96" CONTENT="skola"/><SP WIDTH="11" VPOS="1227" HPOS="731"/>
							<String ID="string_387" HPOS="742" VPOS="1227" WIDTH="20" HEIGHT="21" WC="0.93" CONTENT="vi"/><SP WIDTH="10" VPOS="1227" HPOS="762"/>
							<String ID="string_388" HPOS="772" VPOS="1227" WIDTH="141" HEIGHT="27" WC="0.91" CONTENT="ihågkomma,"/>
						</TextLine>
						<TextLine ID="line_38" HPOS="90" VPOS="1256" WIDTH="824" HEIGHT="27">
							<String ID="string_389" HPOS="90" VPOS="1258" WIDTH="32" HEIGHT="19" WC="0.96" CONTENT="att"/><SP WIDTH="22" VPOS="1258" HPOS="122"/>
							<String ID="string_390" HPOS="144" VPOS="1256" WIDTH="69" HEIGHT="21" WC="0.96" CONTENT="denna"/><SP WIDTH="22" VPOS="1256" HPOS="213"/>
							<String ID="string_391" HPOS="235" VPOS="1256" WIDTH="78" HEIGHT="21" WC="0.96" CONTENT="anstalt"/><SP WIDTH="21" VPOS="1256" HPOS="313"/>
							<String ID="string_392" HPOS="334" VPOS="1258" WIDTH="24" HEIGHT="19" WC="0.96" CONTENT="är"/><SP WIDTH="23" VPOS="1258" HPOS="358"/>
							<String ID="string_393" HPOS="381" VPOS="1256" WIDTH="75" HEIGHT="21" WC="0.95" CONTENT="endast"/><SP WIDTH="23" VPOS="1256" HPOS="456"/>
							<String ID="string_394" HPOS="479" VPOS="1256" WIDTH="33" HEIGHT="21" WC="0.90" CONTENT="för"/><SP WIDTH="22" VPOS="1256" HPOS="512"/>
							<String ID="string_395" HPOS="534" VPOS="1256" WIDTH="176" HEIGHT="22" WC="0.90" CONTENT="svenskatalande"/><SP WIDTH="15" VPOS="1256" HPOS="710"/>
							<String ID="string_396" HPOS="725" VPOS="1256" WIDTH="114" HEIGHT="22" WC="0.96" CONTENT="föräldrars"/><SP WIDTH="16" VPOS="1256" HPOS="839"/>
							<String ID="string_397" HPOS="855" VPOS="1256" WIDTH="59" HEIGHT="27" WC="0.96" CONTENT="barn,"/>
						</TextLine>
						<TextLine ID="line_39" HPOS="90" VPOS="1283" WIDTH="823" HEIGHT="29">
							<String ID="string_398" HPOS="90" VPOS="1285" WIDTH="25" HEIGHT="21" WC="0.92" CONTENT="de"/><SP WIDTH="23" VPOS="1285" HPOS="115"/>
							<String ID="string_399" HPOS="138" VPOS="1283" WIDTH="153" HEIGHT="23" WC="0.91" CONTENT="finskatalande"/><SP WIDTH="24" VPOS="1283" HPOS="291"/>
							<String ID="string_400" HPOS="315" VPOS="1284" WIDTH="143" HEIGHT="22" WC="0.96" CONTENT="föräldrarnas"/><SP WIDTH="24" VPOS="1284" HPOS="458"/>
							<String ID="string_401" HPOS="482" VPOS="1284" WIDTH="52" HEIGHT="28" WC="0.96" CONTENT="barn"/><SP WIDTH="23" VPOS="1284" HPOS="534"/>
							<String ID="string_402" HPOS="557" VPOS="1285" WIDTH="68" HEIGHT="21" WC="0.96" CONTENT="sakna"/><SP WIDTH="19" VPOS="1285" HPOS="625"/>
							<String ID="string_403" HPOS="644" VPOS="1285" WIDTH="81" HEIGHT="21" WC="0.96" CONTENT="således"/><SP WIDTH="16" VPOS="1285" HPOS="725"/>
							<String ID="string_404" HPOS="741" VPOS="1285" WIDTH="72" HEIGHT="27" WC="0.96" CONTENT="hvarje"/><SP WIDTH="16" VPOS="1285" HPOS="813"/>
							<String ID="string_405" HPOS="829" VPOS="1286" WIDTH="84" HEIGHT="23" WC="0.96" CONTENT="anstalt,"/>
						</TextLine>
						<TextLine ID="line_40" HPOS="90" VPOS="1313" WIDTH="824" HEIGHT="27">
							<String ID="string_406" HPOS="90" VPOS="1313" WIDTH="37" HEIGHT="21" WC="0.96" CONTENT="der"/><SP WIDTH="21" VPOS="1313" HPOS="127"/>
							<String ID="string_407" HPOS="148" VPOS="1314" WIDTH="25" HEIGHT="20" WC="0.96" CONTENT="de"/><SP WIDTH="24" VPOS="1314" HPOS="173"/>
							<String ID="string_408" HPOS="197" VPOS="1313" WIDTH="67" HEIGHT="21" WC="0.96" CONTENT="skulle"/><SP WIDTH="20" VPOS="1313" HPOS="264"/>
							<String ID="string_409" HPOS="284" VPOS="1313" WIDTH="71" HEIGHT="21" WC="0.96" CONTENT="kunna"/><SP WIDTH="15" VPOS="1313" HPOS="355"/>
							<String ID="string_410" HPOS="370" VPOS="1316" WIDTH="113" HEIGHT="24" WC="0.96" CONTENT="upptagas."/><SP WIDTH="30" VPOS="1316" HPOS="483"/>
							<String ID="string_411" HPOS="513" VPOS="1313" WIDTH="64" HEIGHT="21" WC="0.80" CONTENT="Öfver"/><SP WIDTH="15" VPOS="1313" HPOS="577"/>
							<String ID="string_412" HPOS="592" VPOS="1314" WIDTH="82" HEIGHT="20" WC="0.96" CONTENT="antalet"/><SP WIDTH="14" VPOS="1314" HPOS="674"/>
							<String ID="string_413" HPOS="688" VPOS="1314" WIDTH="77" HEIGHT="20" WC="0.96" CONTENT="idioter"/><SP WIDTH="15" VPOS="1314" HPOS="765"/>
							<String ID="string_414" HPOS="780" VPOS="1314" WIDTH="6" HEIGHT="20" WC="0.96" CONTENT="i"/><SP WIDTH="16" VPOS="1314" HPOS="786"/>
							<String ID="string_415" HPOS="802" VPOS="1314" WIDTH="47" HEIGHT="21" WC="0.96" CONTENT="vårt"/><SP WIDTH="15" VPOS="1314" HPOS="849"/>
							<String ID="string_416" HPOS="864" VPOS="1314" WIDTH="50" HEIGHT="20" WC="0.95" CONTENT="land"/>
						</TextLine>
						<TextLine ID="line_41" HPOS="89" VPOS="1341" WIDTH="824" HEIGHT="28">
							<String ID="string_417" HPOS="89" VPOS="1342" WIDTH="62" HEIGHT="20" WC="0.96" CONTENT="hafva"/><SP WIDTH="23" VPOS="1342" HPOS="151"/>
							<String ID="string_418" HPOS="174" VPOS="1341" WIDTH="21" HEIGHT="21" WC="0.96" CONTENT="vi"/><SP WIDTH="15" VPOS="1341" HPOS="195"/>
							<String ID="string_419" HPOS="210" VPOS="1342" WIDTH="18" HEIGHT="26" WC="0.96" CONTENT="ej"/><SP WIDTH="17" VPOS="1342" HPOS="228"/>
							<String ID="string_420" HPOS="245" VPOS="1342" WIDTH="68" HEIGHT="26" WC="0.96" CONTENT="någon"/><SP WIDTH="16" VPOS="1342" HPOS="313"/>
							<String ID="string_421" HPOS="329" VPOS="1342" WIDTH="101" HEIGHT="26" WC="0.96" CONTENT="statistik,"/><SP WIDTH="16" VPOS="1342" HPOS="430"/>
							<String ID="string_422" HPOS="446" VPOS="1342" WIDTH="39" HEIGHT="21" WC="0.96" CONTENT="och"/><SP WIDTH="14" VPOS="1342" HPOS="485"/>
							<String ID="string_423" HPOS="499" VPOS="1342" WIDTH="37" HEIGHT="27" WC="0.96" CONTENT="jag"/><SP WIDTH="16" VPOS="1342" HPOS="536"/>
							<String ID="string_424" HPOS="552" VPOS="1342" WIDTH="38" HEIGHT="21" WC="0.96" CONTENT="har"/><SP WIDTH="16" VPOS="1342" HPOS="590"/>
							<String ID="string_425" HPOS="606" VPOS="1342" WIDTH="73" HEIGHT="22" WC="0.96" CONTENT="derför"/><SP WIDTH="15" VPOS="1342" HPOS="679"/>
							<String ID="string_426" HPOS="694" VPOS="1343" WIDTH="53" HEIGHT="25" WC="0.96" CONTENT="tagit"/><SP WIDTH="16" VPOS="1343" HPOS="747"/>
							<String ID="string_427" HPOS="763" VPOS="1343" WIDTH="43" HEIGHT="25" WC="0.96" CONTENT="mig"/><SP WIDTH="15" VPOS="1343" HPOS="806"/>
							<String ID="string_428" HPOS="821" VPOS="1342" WIDTH="92" HEIGHT="21" WC="0.94" CONTENT="friheten"/>
						</TextLine>
						<TextLine ID="line_42" HPOS="90" VPOS="1370" WIDTH="823" HEIGHT="28">
							<String ID="string_429" HPOS="90" VPOS="1370" WIDTH="84" HEIGHT="22" WC="0.96" CONTENT="anhålla"/><SP WIDTH="23" VPOS="1370" HPOS="174"/>
							<String ID="string_430" HPOS="197" VPOS="1370" WIDTH="36" HEIGHT="21" WC="0.96" CONTENT="det"/><SP WIDTH="21" VPOS="1370" HPOS="233"/>
							<String ID="string_431" HPOS="254" VPOS="1371" WIDTH="114" HEIGHT="21" WC="0.96" CONTENT="ständerna"/><SP WIDTH="23" VPOS="1371" HPOS="368"/>
							<String ID="string_432" HPOS="391" VPOS="1370" WIDTH="67" HEIGHT="22" WC="0.96" CONTENT="skulle"/><SP WIDTH="22" VPOS="1370" HPOS="458"/>
							<String ID="string_433" HPOS="480" VPOS="1370" WIDTH="86" HEIGHT="22" WC="0.96" CONTENT="förorda"/><SP WIDTH="22" VPOS="1370" HPOS="566"/>
							<String ID="string_434" HPOS="588" VPOS="1377" WIDTH="26" HEIGHT="15" WC="0.96" CONTENT="en"/><SP WIDTH="16" VPOS="1377" HPOS="614"/>
							<String ID="string_435" HPOS="630" VPOS="1371" WIDTH="90" HEIGHT="27" WC="0.96" CONTENT="räkning"/><SP WIDTH="15" VPOS="1371" HPOS="720"/>
							<String ID="string_436" HPOS="735" VPOS="1371" WIDTH="22" HEIGHT="21" WC="0.93" CONTENT="at"/><SP WIDTH="15" VPOS="1371" HPOS="757"/>
							<String ID="string_437" HPOS="772" VPOS="1371" WIDTH="61" HEIGHT="21" WC="0.96" CONTENT="deras"/><SP WIDTH="16" VPOS="1371" HPOS="833"/>
							<String ID="string_438" HPOS="849" VPOS="1371" WIDTH="64" HEIGHT="21" WC="0.96" CONTENT="antal."/>
						</TextLine>
						<TextLine ID="line_43" HPOS="88" VPOS="1398" WIDTH="826" HEIGHT="28">
							<String ID="string_439" HPOS="88" VPOS="1398" WIDTH="54" HEIGHT="22" WC="0.91" CONTENT="Utaf"/><SP WIDTH="21" VPOS="1398" HPOS="142"/>
							<String ID="string_440" HPOS="163" VPOS="1399" WIDTH="136" HEIGHT="26" WC="0.93" CONTENT="domprosten"/><SP WIDTH="14" VPOS="1399" HPOS="299"/>
							<String ID="string_441" HPOS="313" VPOS="1399" WIDTH="94" HEIGHT="26" WC="0.91" CONTENT="Alopeus"/><SP WIDTH="15" VPOS="1399" HPOS="407"/>
							<String ID="string_442" HPOS="422" VPOS="1399" WIDTH="40" HEIGHT="21" WC="0.96" CONTENT="har"/><SP WIDTH="12" VPOS="1399" HPOS="462"/>
							<String ID="string_443" HPOS="474" VPOS="1400" WIDTH="38" HEIGHT="26" WC="0.96" CONTENT="jag"/><SP WIDTH="15" VPOS="1400" HPOS="512"/>
							<String ID="string_444" HPOS="527" VPOS="1400" WIDTH="49" HEIGHT="20" WC="0.96" CONTENT="hört"/><SP WIDTH="15" VPOS="1400" HPOS="576"/>
							<String ID="string_445" HPOS="591" VPOS="1401" WIDTH="32" HEIGHT="19" WC="0.96" CONTENT="att"/><SP WIDTH="15" VPOS="1401" HPOS="623"/>
							<String ID="string_446" HPOS="638" VPOS="1399" WIDTH="41" HEIGHT="21" WC="0.95" CONTENT="han"/><SP WIDTH="16" VPOS="1399" HPOS="679"/>
							<String ID="string_447" HPOS="695" VPOS="1400" WIDTH="66" HEIGHT="20" WC="0.96" CONTENT="under"/><SP WIDTH="14" VPOS="1400" HPOS="761"/>
							<String ID="string_448" HPOS="775" VPOS="1400" WIDTH="47" HEIGHT="20" WC="0.96" CONTENT="sina"/><SP WIDTH="15" VPOS="1400" HPOS="822"/>
							<String ID="string_449" HPOS="837" VPOS="1400" WIDTH="77" HEIGHT="24" WC="0.96" CONTENT="många"/>
						</TextLine>
						<TextLine ID="line_44" HPOS="90" VPOS="1427" WIDTH="825" HEIGHT="27">
							<String ID="string_450" HPOS="90" VPOS="1427" WIDTH="140" HEIGHT="22" WC="0.91" CONTENT="embetsresor"/><SP WIDTH="15" VPOS="1427" HPOS="230"/>
							<String ID="string_451" HPOS="245" VPOS="1428" WIDTH="60" HEIGHT="26" WC="0.96" CONTENT="kring"/><SP WIDTH="22" VPOS="1428" HPOS="305"/>
							<String ID="string_452" HPOS="327" VPOS="1428" WIDTH="74" HEIGHT="20" WC="0.96" CONTENT="landet"/><SP WIDTH="21" VPOS="1428" HPOS="401"/>
							<String ID="string_453" HPOS="422" VPOS="1428" WIDTH="91" HEIGHT="21" WC="0.96" CONTENT="kommit"/><SP WIDTH="23" VPOS="1428" HPOS="513"/>
							<String ID="string_454" HPOS="536" VPOS="1428" WIDTH="31" HEIGHT="21" WC="0.96" CONTENT="till"/><SP WIDTH="24" VPOS="1428" HPOS="567"/>
							<String ID="string_455" HPOS="591" VPOS="1428" WIDTH="35" HEIGHT="21" WC="0.96" CONTENT="det"/><SP WIDTH="16" VPOS="1428" HPOS="626"/>
							<String ID="string_456" HPOS="642" VPOS="1428" WIDTH="94" HEIGHT="26" WC="0.96" CONTENT="resultat,"/><SP WIDTH="15" VPOS="1428" HPOS="736"/>
							<String ID="string_457" HPOS="751" VPOS="1430" WIDTH="32" HEIGHT="19" WC="0.96" CONTENT="att"/><SP WIDTH="15" VPOS="1430" HPOS="783"/>
							<String ID="string_458" HPOS="798" VPOS="1428" WIDTH="81" HEIGHT="21" WC="0.96" CONTENT="antalet"/><SP WIDTH="15" VPOS="1428" HPOS="879"/>
							<String ID="string_459" HPOS="894" VPOS="1428" WIDTH="21" HEIGHT="23" WC="0.95" CONTENT="af"/>
						</TextLine>
						<TextLine ID="line_45" HPOS="90" VPOS="1456" WIDTH="825" HEIGHT="28">
							<String ID="string_460" HPOS="90" VPOS="1456" WIDTH="60" HEIGHT="22" WC="0.95" CONTENT="dessa"/><SP WIDTH="16" VPOS="1456" HPOS="150"/>
							<String ID="string_461" HPOS="166" VPOS="1456" WIDTH="105" HEIGHT="27" WC="0.95" CONTENT="olyckliga"/><SP WIDTH="14" VPOS="1456" HPOS="271"/>
							<String ID="string_462" HPOS="285" VPOS="1456" WIDTH="78" HEIGHT="22" WC="0.96" CONTENT="idioter"/><SP WIDTH="14" VPOS="1456" HPOS="363"/>
							<String ID="string_463" HPOS="377" VPOS="1458" WIDTH="24" HEIGHT="19" WC="0.96" CONTENT="är"/><SP WIDTH="16" VPOS="1458" HPOS="401"/>
							<String ID="string_464" HPOS="417" VPOS="1457" WIDTH="59" HEIGHT="26" WC="0.96" CONTENT="långt"/><SP WIDTH="16" VPOS="1457" HPOS="476"/>
							<String ID="string_465" HPOS="492" VPOS="1458" WIDTH="69" HEIGHT="20" WC="0.96" CONTENT="större"/><SP WIDTH="15" VPOS="1458" HPOS="561"/>
							<String ID="string_466" HPOS="576" VPOS="1458" WIDTH="27" HEIGHT="20" WC="0.96" CONTENT="än"/><SP WIDTH="15" VPOS="1458" HPOS="603"/>
							<String ID="string_467" HPOS="618" VPOS="1457" WIDTH="70" HEIGHT="27" WC="0.96" CONTENT="någon"/><SP WIDTH="15" VPOS="1457" HPOS="688"/>
							<String ID="string_468" HPOS="703" VPOS="1463" WIDTH="64" HEIGHT="21" WC="0.96" CONTENT="gerna"/><SP WIDTH="14" VPOS="1463" HPOS="767"/>
							<String ID="string_469" HPOS="781" VPOS="1456" WIDTH="69" HEIGHT="22" WC="0.96" CONTENT="skulle"/><SP WIDTH="15" VPOS="1456" HPOS="850"/>
							<String ID="string_470" HPOS="865" VPOS="1456" WIDTH="50" HEIGHT="26" WC="0.96" CONTENT="vilja"/>
						</TextLine>
						<TextLine ID="line_46" HPOS="90" VPOS="1484" WIDTH="824" HEIGHT="28">
							<String ID="string_471" HPOS="90" VPOS="1488" WIDTH="83" HEIGHT="23" WC="0.96" CONTENT="antaga,"/><SP WIDTH="24" VPOS="1488" HPOS="173"/>
							<String ID="string_472" HPOS="197" VPOS="1484" WIDTH="39" HEIGHT="22" WC="0.96" CONTENT="och"/><SP WIDTH="23" VPOS="1484" HPOS="236"/>
							<String ID="string_473" HPOS="259" VPOS="1485" WIDTH="41" HEIGHT="21" WC="0.96" CONTENT="han"/><SP WIDTH="22" VPOS="1485" HPOS="300"/>
							<String ID="string_474" HPOS="322" VPOS="1487" WIDTH="62" HEIGHT="24" WC="0.96" CONTENT="säger"/><SP WIDTH="22" VPOS="1487" HPOS="384"/>
							<String ID="string_475" HPOS="406" VPOS="1487" WIDTH="32" HEIGHT="19" WC="0.96" CONTENT="att"/><SP WIDTH="23" VPOS="1487" HPOS="438"/>
							<String ID="string_476" HPOS="461" VPOS="1485" WIDTH="43" HEIGHT="21" WC="0.95" CONTENT="han"/><SP WIDTH="19" VPOS="1485" HPOS="504"/>
							<String ID="string_477" HPOS="523" VPOS="1485" WIDTH="50" HEIGHT="21" WC="0.96" CONTENT="flere"/><SP WIDTH="16" VPOS="1485" HPOS="573"/>
							<String ID="string_478" HPOS="589" VPOS="1487" WIDTH="27" HEIGHT="19" WC="0.96" CONTENT="än"/><SP WIDTH="16" VPOS="1487" HPOS="616"/>
							<String ID="string_479" HPOS="632" VPOS="1492" WIDTH="25" HEIGHT="14" WC="0.96" CONTENT="en"/><SP WIDTH="15" VPOS="1492" HPOS="657"/>
							<String ID="string_480" HPOS="672" VPOS="1485" WIDTH="56" HEIGHT="27" WC="0.96" CONTENT="gång"/><SP WIDTH="15" VPOS="1485" HPOS="728"/>
							<String ID="string_481" HPOS="743" VPOS="1486" WIDTH="68" HEIGHT="20" WC="0.96" CONTENT="blifvit"/><SP WIDTH="16" VPOS="1486" HPOS="811"/>
							<String ID="string_482" HPOS="827" VPOS="1485" WIDTH="22" HEIGHT="21" WC="0.93" CONTENT="af"/><SP WIDTH="14" VPOS="1485" HPOS="849"/>
							<String ID="string_483" HPOS="863" VPOS="1485" WIDTH="51" HEIGHT="21" WC="0.91" CONTENT="idio-"/>
						</TextLine>
						<TextLine ID="line_47" HPOS="90" VPOS="1514" WIDTH="824" HEIGHT="27">
							<String ID="string_484" HPOS="90" VPOS="1515" WIDTH="43" HEIGHT="19" WC="0.96" CONTENT="ters"/><SP WIDTH="23" VPOS="1515" HPOS="133"/>
							<String ID="string_485" HPOS="156" VPOS="1514" WIDTH="85" HEIGHT="21" WC="0.96" CONTENT="mödrar"/><SP WIDTH="22" VPOS="1514" HPOS="241"/>
							<String ID="string_486" HPOS="263" VPOS="1514" WIDTH="116" HEIGHT="26" WC="0.96" CONTENT="synnerligt"/><SP WIDTH="18" VPOS="1514" HPOS="379"/>
							<String ID="string_487" HPOS="397" VPOS="1515" WIDTH="99" HEIGHT="25" WC="0.93" CONTENT="enträget"/><SP WIDTH="14" VPOS="1515" HPOS="496"/>
							<String ID="string_488" HPOS="510" VPOS="1514" WIDTH="128" HEIGHT="27" WC="0.91" CONTENT="uppmanad,"/><SP WIDTH="16" VPOS="1514" HPOS="638"/>
							<String ID="string_489" HPOS="654" VPOS="1516" WIDTH="32" HEIGHT="19" WC="0.96" CONTENT="att"/><SP WIDTH="15" VPOS="1516" HPOS="686"/>
							<String ID="string_490" HPOS="701" VPOS="1516" WIDTH="51" HEIGHT="25" WC="0.96" CONTENT="göra"/><SP WIDTH="15" VPOS="1516" HPOS="752"/>
							<String ID="string_491" HPOS="767" VPOS="1514" WIDTH="56" HEIGHT="21" WC="0.96" CONTENT="hvad"/><SP WIDTH="16" VPOS="1514" HPOS="823"/>
							<String ID="string_492" HPOS="839" VPOS="1514" WIDTH="6" HEIGHT="20" WC="0.96" CONTENT="i"/><SP WIDTH="16" VPOS="1514" HPOS="845"/>
							<String ID="string_493" HPOS="861" VPOS="1514" WIDTH="53" HEIGHT="21" WC="0.96" CONTENT="hans"/>
						</TextLine>
					</TextBlock>
				</ComposedBlock>
				<GraphicalElement ID="cblock_3" HPOS="1114" VPOS="776" WIDTH="3" HEIGHT="723"></GraphicalElement >
			</PrintSpace>
		</Page>
	</Layout>
</alto>
