1117 1781
296 112 162 18 Presteständet
470 113 58 17 1882.
553 114 27 16 30
592 114 91 20 januari.
845 108 28 21 33

76 184 68 24 ämne,
173 183 62 26 tager
257 181 37 28 jag
319 181 42 27 mig
386 188 28 15 nu
437 181 92 22 friheten
552 184 32 19 att
600 181 32 22 till
648 182 118 21 utskottets
782 182 121 21 beaktande

75 210 122 21 framställa
213 211 77 20 tvänne
305 210 167 27 önskningsmäl,
488 210 72 21 hvilka
575 210 129 22 framhållits
720 211 34 21 vid
770 211 86 26 frågans
868 211 34 20 be-

76 239 103 26 handling
202 239 57 20 inom
282 239 261 26 fornminnesföreningen,
565 245 48 15 men
629 239 7 21 i
652 239 76 27 nådiga
743 240 159 27 propositionen

76 268 19 26 ej
120 267 69 22 blifvit
212 267 97 21 berörda.
339 267 42 21 Det
403 274 40 15 ena
466 269 36 19 rör
522 268 217 27 sammansättningen
755 268 22 21 af
792 268 39 21 den
847 268 56 21 före-

76 296 75 27 slagna
175 295 149 27 arkeologiska
347 296 171 21 kommissionen.
548 297 10 20 I
580 297 41 20 den
644 296 77 27 nädiga
744 297 159 27 propositionen

76 327 89 19 nämnes
180 324 105 27 nämligen
301 325 109 26 ingenting
426 331 34 15 om
476 325 53 21 huru
546 325 40 21 den
602 325 120 26 föreslagna
737 325 165 22 kommissionen

76 353 67 22 borde
167 359 51 15 vara
239 355 146 20 sammansatt.
415 353 47 22 Den
486 353 90 28 analogi,
598 359 46 16 som
666 353 113 22 förefinnes
797 353 48 22 med
860 357 43 17 sta-

76 381 85 22 tistiska
180 381 244 22 centralkommissionen
440 381 40 22 och
496 382 40 21 den
552 382 92 27 lyckliga
656 382 136 22 erfarenhet
786 377 9 36 i
805 382 98 21 afseende

76 410 13 21 å
112 411 123 20 densamma
257 410 91 26 vunnits,
372 417 62 20 synes
456 411 80 26 antyda
557 413 32 19 att
604 411 109 26 åtskilliga
728 411 71 21 chefer
813 411 33 21 för
861 417 42 15 em-

77 439 100 21 betsverk
193 439 61 21 äfven
270 439 39 21 här
325 439 66 22 borde
407 439 85 21 komma
508 439 6 21 i
531 439 60 27 fråga
606 439 70 22 såsom
692 440 99 27 lämpliga
801 445 102 22 personer

77 467 6 21 i
100 474 26 15 en
143 467 66 22 sådan
225 467 144 22 kommission.
389 467 41 27 Jag
445 468 109 21 förmodar
569 470 32 19 att
617 468 61 21 dessa
694 469 131 26 synpunkter
835 468 68 21 öfver-

77 496 81 21 hufvud
173 496 58 27 gjort
245 497 33 26 sig
293 495 98 28 gällande
407 498 61 19 äfven
484 497 55 20 inom
556 497 109 27 styrelsen,
681 497 26 21 då
719 497 122 21 densamma
851 497 52 27 god-

77 525 53 21 känt
153 525 126 21 ständernas
302 525 100 21 anhållan
424 531 35 15 om
476 525 99 22 bildande
590 525 24 22 af
628 532 26 14 en
670 525 137 22 kommission
823 525 32 22 för
871 527 32 19 att

77 553 114 22 öfvervaka
207 553 158 22 fornminnenas
380 553 128 22 bevarande.
538 555 41 26 Jag
594 557 61 24 tager
669 554 44 27 mig
728 554 71 21 derför
812 554 90 21 friheten

77 582 39 21 här
132 581 114 22 framhålla
262 583 39 20 den
318 582 62 27 åsigt,
396 588 45 15 som
457 583 35 21 vid
508 583 85 26 frågans
608 583 130 26 behandling
753 583 44 21 före
808 583 95 21 sistlidne

78 610 101 27 landtdag
202 610 57 27 gjort
278 611 31 26 sig
325 611 98 27 gällande
438 612 56 20 inom
511 611 260 27 fornminnesföreningen.
801 611 50 22 Man
866 617 36 15 an-

77 639 37 27 såg
131 639 110 22 derstädes
257 642 32 19 att
305 639 40 22 den
361 639 149 28 arkeologiska
525 640 166 21 kommissionen
706 640 121 27 lämpligast
838 640 64 21 borde

77 670 166 19 sammansättas
258 668 27 27 på
301 668 92 27 följande
408 670 51 19 sätt:

147 738 22 25 1)
198 737 113 22 Prefekten
329 737 33 21 för
372 738 158 21 universitetets
543 737 253 28 historisk-etnografiska
808 743 93 16 museum

78 765 73 27 (bland
173 768 66 19 annat
259 765 33 22 för
308 766 164 21 bedömmandet
487 766 22 21 af
523 767 176 26 antiqviteternas
714 766 65 21 värde
794 766 39 21 och
849 765 54 22 inlö-

78 800 36 15 sen
131 795 23 20 af
168 795 100 26 sådana);

147 864 20 26 2)
199 862 114 22 Prefekten
336 863 33 21 för
391 863 157 22 universitetets
572 865 68 24 mynt-
660 863 39 22 och
715 863 188 27 medaljekabinett

78 891 44 28 (för
138 891 160 22 bestämmande
314 891 39 22 och
369 892 82 21 inlösen
467 892 22 21 af
504 892 128 27 myntfynd);

147 955 22 26 3)
200 955 114 21 Prefekten
345 955 32 20 för
401 955 159 21 universitetets
584 955 135 22 anatomiska
743 961 95 16 museum
863 955 40 26 (för

78 983 159 27 kraniologiska
253 983 90 28 frågor);

147 1047 23 25 4)
203 1046 180 21 Statsarkivarien
407 1046 42 27 (för
471 1046 104 27 skriftliga
592 1047 168 21 minnesmärken
777 1046 38 22 och
831 1047 73 20 utred-

78 1075 52 27 ning
144 1075 23 21 af
182 1075 114 21 historiska
311 1075 177 26 fornlemningars
503 1075 125 27 tillkomst);

149 1138 22 27 5)
204 1134 189 25 Öfverdirektören
417 1138 5 21 i
447 1138 162 27 öfverstyrelsen
628 1138 33 21 för
677 1138 25 21 de
718 1137 105 22 allmänna
839 1138 65 27 bygg-

80 1167 96 21 naderna
191 1166 42 28 (för
248 1167 158 21 monumentala
421 1167 140 27 byggnader):

150 1230 23 26 6)
203 1225 188 26 Öfverdirektören
415 1230 6 21 i
444 1229 313 27 landtmäteri-öfverstyrelsen
781 1229 42 27 (för
848 1229 57 21 kart-

81 1258 101 27 läggning
198 1258 22 21 af
233 1258 56 21 fasta
305 1258 172 27 fornlemningar,
494 1259 118 21 desammas
628 1258 163 27 undantagande
805 1258 34 21 vid
847 1258 58 26 jord-

82 1287 64 21 skifte
163 1287 6 21 i
184 1286 101 22 afseende
301 1287 12 21 å
329 1287 127 27 fridlysning
472 1294 18 14 o.
506 1293 16 15 s.
539 1287 37 26 v.);

151 1350 22 26 7)
203 1350 141 21 Intendenten
360 1350 7 20 i
382 1350 157 27 bergstyrelsen
562 1350 76 27 (såsom
654 1350 118 21 kontrollör
791 1350 32 21 för
838 1350 68 26 guld-,

84 1378 81 22 silfver-
181 1379 39 21 och
237 1378 140 22 tennarbeten
393 1379 6 20 i
415 1379 98 21 afseende
529 1379 12 21 å
557 1378 118 22 värdefulla
690 1378 97 22 föremäls
798 1378 109 22 räddande

82 1407 34 21 för
132 1407 151 27 samlingarna,
300 1408 112 26 värdering
427 1407 23 21 af
465 1408 50 26 fynd
532 1414 18 14 o.
566 1413 15 15 s.
597 1408 35 26 v.);

151 1470 20 26 8)
203 1470 80 22 Chefen
299 1470 33 21 för
347 1470 187 27 ingeniörkorpsen
550 1470 32 21 för
598 1472 49 24 väg-
663 1470 39 21 och
717 1470 190 21 vattenkommuni-

83 1499 126 21 kationerna
225 1499 40 27 (för
280 1499 189 27 tillvaratagandet
485 1499 21 21 af
520 1498 50 28 fynd
586 1499 35 21 vid
636 1499 107 21 allmänna
758 1499 107 26 arbeten);

828 1538 10 18 3
