1117 1781
221 114 40 21 592
429 119 162 18 Presteståndet
603 120 57 17 1882.
686 122 22 15 21
722 125 61 12 mars.

191 189 66 21 värdt.
288 189 41 26 Jag
345 189 32 20 för
392 189 42 20 min
451 189 34 21 del
501 191 23 19 är
539 189 53 21 dock
608 189 22 21 af
645 189 40 21 den
702 189 54 28 åsigt
771 191 30 20 att
817 189 61 21 dessa
893 189 129 28 verkningar

191 218 86 21 komma
301 220 30 18 att
353 217 64 22 blifva
436 218 20 20 af
472 218 134 27 tämmeligen
624 218 148 21 underordnad
790 218 109 26 betydelse
916 218 47 21 med
979 218 40 21 den

191 246 122 21 erfarenhet
327 246 35 27 jag
377 247 33 20 för
424 247 43 20 min
484 247 34 20 del
535 247 37 20 har
586 253 35 14 om
638 247 50 20 våra
699 247 122 27 jordegares
833 247 146 26 obenägenhet
992 248 30 19 att

191 275 7 20 i
214 275 116 20 allmänhet
345 275 42 20 låta
403 275 84 26 utbryta
502 277 79 19 smärre
598 275 58 21 delar
672 276 20 20 af
707 276 46 20 sina
769 276 144 27 possessioner
929 276 39 20 och
978 277 43 19 sär-

191 303 65 21 skildt
273 303 60 21 deras
349 303 147 28 obenägenhet
511 306 30 19 att
556 306 49 24 göra
622 304 35 21 det
673 304 21 21 åt
709 304 70 27 fattigt
793 304 51 21 folk.
874 304 41 26 Jag
931 307 44 18 tror
988 305 34 20 för

191 332 44 21 min
260 332 34 20 del
317 334 30 19 att
369 332 57 21 detta
449 332 79 27 vigtiga
551 333 114 26 lagförslag
680 333 31 20 till
727 333 46 20 sina
789 333 77 26 följder
882 333 94 20 kommer
992 335 30 18 att

191 361 116 20 inskränka
330 361 31 26 sig
384 361 31 21 till
439 361 141 27 possessioner
604 361 6 20 i
630 361 100 21 närheten
747 362 22 20 af
783 363 67 19 större
866 361 76 24 städer,
959 364 13 17 t.
988 367 33 14 ex.

192 389 37 21 vår
245 389 136 26 hufvudstad,
397 389 37 21 der
448 390 89 27 stycken
554 390 96 25 utbrytas
665 391 32 20 för
708 390 131 27 uppförande
855 390 22 21 af
893 390 61 20 villor
970 389 51 21 eller

192 418 126 21 industriela
337 419 56 20 verk.
424 418 101 21 Deremot
540 420 43 19 tror
598 419 35 26 jag
648 421 30 18 att
694 419 47 20 dess
758 419 139 26 hufvudsyfte
914 418 107 27 nämligen

192 449 31 18 att
243 447 77 20 bereda
339 447 109 27 möjlighet
463 447 33 20 för
510 447 40 20 den
566 449 56 18 stora
638 447 35 21 del
689 447 20 20 af
724 447 111 25 individer,
852 453 44 14 som
913 449 51 19 utan
980 449 40 19 sta-

193 475 44 27 digt
253 475 91 21 hemvist
359 475 75 21 lifnära
449 476 33 27 sig
497 476 48 20 med
561 475 101 28 tillfälligt
676 476 78 25 arbete,
770 478 30 19 att
810 476 69 21 tillösa
891 476 32 27 sig
934 478 29 18 ett
973 477 48 25 eget

191 504 124 27 jordstycke
337 505 40 20 och
398 504 62 21 varda
478 505 80 20 bofasta
573 504 26 27 på
615 505 122 24 detsamma,
753 505 18 27 ej
789 505 97 20 kommer
901 506 30 19 att
946 504 75 21 åtmin-

193 535 61 18 stone
277 533 115 20 tillsvidare
408 533 6 20 i
430 533 68 27 någon
524 533 114 20 nämnvärd
655 533 51 26 grad
723 533 87 27 uppnås.
841 533 48 20 Med
906 533 115 27 anledning

193 561 60 20 deraf
269 561 49 21 ville
333 562 35 26 jag
383 561 32 21 för
430 562 44 19 min
490 561 34 21 del
540 562 128 20 understöda
684 562 106 27 professor
804 561 123 22 Koskinens
937 561 83 27 förslag,

193 596 44 14 som
254 590 44 26 just
313 590 56 21 afser
384 590 39 21 den
440 590 73 27 fattiga
527 590 161 27 befolkningens
699 590 64 21 bästa.
789 590 110 21 Professor
910 590 112 21 Estlander

193 619 38 20 har
253 618 104 21 framstält
380 619 104 26 åtskilliga
507 619 169 26 betänkligheter
697 619 72 21 hvilka
792 619 62 20 äfven
871 619 68 20 delvis
952 619 68 20 blifvit

193 647 126 20 framhällna
335 648 21 20 af
371 647 40 21 den
428 647 32 21 för
476 647 39 21 den
532 647 145 28 föreliggande
692 647 85 27 frågans
794 647 120 21 beredande
925 647 96 20 nedsatta

193 675 100 22 komitén.
323 676 42 26 Jag
388 677 39 19 kan
448 676 122 27 visserligen
586 677 26 26 ej,
629 676 36 20 vill
681 677 18 26 ej
717 683 37 14 ens
769 676 86 21 försöka
871 678 29 18 att
916 676 26 27 på
957 678 64 25 ögon-

193 704 80 21 blicket
298 705 122 26 vederlägga
442 705 48 20 dem
506 705 46 20 alla.
582 705 42 26 Jag
639 705 74 20 tänker
728 705 44 26 mig
788 705 58 26 blott,
863 705 26 20 då
905 711 48 14 man
969 704 53 23 talar

193 739 35 14 om
252 739 26 14 en
295 733 64 20 sådan
377 733 27 27 by
421 733 113 21 bestående
549 733 21 20 af
585 733 45 21 små
646 733 107 27 parceller,
769 736 30 19 att
814 734 43 26 just
873 733 40 20 den
930 735 91 18 omstän-

193 761 100 26 digheten
317 764 30 18 att
369 762 40 21 den
433 762 44 20 lösa
500 762 151 27 befolkningen
676 762 37 21 der
734 762 32 21 får
781 762 32 21 sin
830 769 53 19 egen
899 762 68 20 torfva
982 762 39 20 och

194 789 83 22 säledes
293 792 60 25 göres
370 791 72 26 bofast,
458 791 46 21 icke
521 791 64 20 borde
602 791 86 26 bidraga
701 791 31 20 till
748 793 30 18 att
794 792 5 19 i
814 791 77 26 sedligt
901 790 120 21 hänseende

193 819 98 20 medföra
306 819 33 20 för
354 819 148 27 församlingen
520 826 56 14 mera
593 819 112 27 olägenhet
721 821 25 19 än
763 819 71 21 denna
849 825 81 14 samma
942 818 80 21 befoik-

194 847 53 27 ning
262 847 68 21 skulle
347 847 76 22 bereda
439 848 123 20 densamma
577 848 7 20 i
600 848 36 20 fall
648 848 40 21 den
700 848 46 21 icke
758 848 79 27 ätnjöte
849 848 70 20 denna
932 847 88 21 förmän.

193 875 99 21 Tvärtom
308 883 65 20 synes
388 877 126 20 ätminstone
530 877 44 26 mig
588 883 45 14 som
650 877 40 20 den
707 876 82 27 sedliga
806 877 55 20 kraft
873 876 149 21 medvetandet

195 904 21 21 af
239 907 30 18 att
292 911 38 20 ega
353 911 25 14 en
400 911 52 21 egen
469 905 73 26 torfva,
559 905 71 21 kunde
646 907 75 25 utgöra
736 905 61 21 äfven
815 905 32 20 för
862 905 159 26 ifrägavarande

194 939 102 20 personer
311 939 26 15 en
354 934 78 26 mäktig
445 933 97 28 häfstäng
555 937 29 18 att
597 934 117 21 motarbeta
725 934 36 21 det
771 934 78 27 sedligt
859 933 62 26 onda,
934 933 26 21 de
971 933 51 27 eljes

195 961 73 21 kunde
284 961 150 28 ästadkomma,
450 963 88 20 likasom
554 965 30 18 att
599 963 65 20 rädda
680 963 47 20 dem
744 963 46 20 frän
807 963 40 20 den
860 962 116 27 fattigdom,
987 962 35 20 det

195 990 74 21 armod
292 991 121 20 hvarunder
434 991 26 20 de
479 991 84 20 komma
578 994 30 18 att
624 991 50 20 räka
690 998 32 13 om
740 991 26 21 de
782 991 47 20 icke
845 991 54 27 egde
915 997 25 14 en
957 991 63 20 sädan

195 1019 75 20 torfva.
300 1019 42 27 Jag
363 1026 66 18 anser,
452 1026 45 14 som
518 1020 66 27 sagdt,
600 1020 105 27 professor
721 1020 122 20 Koskinens
858 1019 79 27 förslag
953 1026 48 13 vara
1017 1019 7 20 i

195 1047 42 27 hög
259 1048 52 27 grad
335 1048 181 27 behjertansvärdt
539 1049 39 21 och
601 1048 36 21 vill
656 1055 65 20 gerna
737 1049 33 20 för
785 1049 43 20 min
845 1048 34 21 del
895 1048 128 20 understöda

196 1076 123 21 detsamma.
349 1076 33 21 Då
405 1077 117 21 emellertid
546 1077 114 27 föreslaget
674 1079 23 18 är
713 1079 29 19 att
758 1077 36 21 det
809 1077 69 20 skulle
895 1077 83 20 komma
994 1079 30 18 att

195 1107 76 24 utgöra
288 1108 29 18 ett
333 1105 72 27 tillägg
420 1105 31 21 till
474 1106 6 26 $
496 1107 12 20 8
524 1106 39 20 och
579 1106 57 21 detta
652 1106 73 27 tillägg
740 1106 91 21 sälunda
847 1105 85 21 komme
948 1108 29 19 att
992 1105 32 21 stä

195 1133 6 20 i
226 1133 65 28 något
313 1134 56 27 slags
392 1134 124 27 motsägelse
535 1134 31 21 till
582 1135 110 20 slutorden
707 1135 7 20 i
730 1135 48 20 8:de
795 1135 12 26 &
823 1135 65 20 första
903 1141 69 18 mom.,
988 1134 36 21 der

196 1162 36 21 det
254 1162 108 27 nämligen
385 1163 66 20 heter:
478 1169 60 14 »vare
560 1163 65 20 sädan
642 1163 125 27 afsöndring
782 1163 88 26 tilläten,
885 1163 7 20 i
909 1162 35 21 fall
961 1165 63 18 stom-

195 1190 139 27 lägenhetens
350 1191 135 27 själfbeständ
503 1192 121 27 derigenom
640 1191 48 21 icke
703 1192 134 26 äfventyras»
852 1192 39 20 och
904 1191 27 20 dä
941 1191 83 21 ständet

195 1219 66 21 redan
279 1220 37 20 har
331 1220 92 27 godkänt
439 1221 46 20 hela
501 1221 69 20 denna
586 1221 97 26 paragraf
698 1221 49 20 ville
761 1221 37 26 jag
813 1221 33 20 för
861 1220 40 21 den
919 1219 105 25 händelse,

196 1250 30 19 att
249 1248 83 22 ständet
355 1251 86 25 antager
463 1249 100 27 förslaget
585 1249 122 27 ödmjukast
728 1249 79 21 föreslä
829 1251 30 19 att
879 1249 57 21 detta
952 1249 72 27 tillägg

189 1277 77 21 «skulle
289 1278 82 20 inledas
393 1278 47 20 med
464 1278 102 27 partikeln
593 1278 79 20 »dock»
692 1278 90 21 emedan
800 1277 37 21 där
851 1278 44 27 just
911 1277 40 21 blir
966 1277 58 27 fråga

196 1312 35 14 om
247 1308 31 18 att
293 1306 47 21 dela
356 1313 26 14 en
398 1306 98 27 lägenhet
511 1306 28 26 sä,
555 1308 29 19 att
600 1306 48 21 dess
664 1306 165 28 själfbestäende
844 1306 47 21 icke
907 1306 96 20 kommer
1018 1306 6 20 i

195 1334 60 28 fråga
271 1335 39 21 och
327 1335 81 21 således
423 1336 85 20 komme
524 1337 29 19 att
567 1335 101 21 innebära
684 1337 29 19 ett
728 1335 111 27 undantag
854 1335 45 21 från
916 1335 78 27 regeln.

267 1392 88 20 Prosten
399 1392 147 21 Johnsson:
576 1392 76 21 Minun
672 1392 119 21 mielestäni
807 1392 18 21 ei
842 1392 113 27 professori
971 1392 53 20 Kos-

195 1420 61 21 kisen
273 1420 84 21 tekemä
375 1420 63 27 lisäys
455 1421 69 21 oikein
541 1421 81 21 sovellu
640 1421 75 27 siihen,
731 1422 52 20 mitä
798 1423 63 18 8:nen
878 1420 93 28 pykälän
987 1426 37 14 en-

196 1449 121 21 simmäisen
341 1450 115 20 momentin
472 1450 65 26 Joppu
553 1450 85 20 sisältää
652 1450 22 26 ja
689 1450 47 20 olisi
751 1450 38 20 siis
805 1449 170 21 muodostettava
990 1449 34 20 sii-

196 1478 42 20 hen
263 1480 111 24 suuntaan,
397 1480 42 19 että
459 1478 84 21 selvästi
559 1478 157 21 huomattaisiin
733 1484 37 15 sen
787 1478 77 21 olevan
880 1478 144 27 poikkeuksen

196 1506 54 26 siitä,
267 1506 51 21 mitä
334 1508 55 19 tässä
403 1507 137 21 momentissa
555 1514 27 14 on
598 1508 109 25 määrätty.
733 1508 64 20 8:nen
813 1506 92 28 pykälän
917 1507 45 20 ensi
974 1506 51 21 koh-
