1117 1781
302 120 162 17 Presteständet
477 120 59 17 1882.
560 120 11 16 7
584 119 97 17 februari.
835 115 39 20 111

182 257 113 26 Samma
313 256 56 34 dag
386 256 125 27 klockan
530 256 17 27 5
566 257 73 25 efter
657 255 160 35 middagen.

145 325 42 21 Vid
203 325 93 22 anstäldt
311 332 83 20 upprop
407 325 104 22 befunnos
521 325 101 28 samtliga
632 325 213 22 ständsmedlemmar
855 328 48 19 när-

75 354 101 26 varande,
191 357 59 18 utom
261 356 86 25 prosten
398 354 166 21 Fredrikson
588 354 40 21 och
644 354 77 21 doktor
737 354 168 26 Nordström,

76 385 56 18 samt
153 382 78 22 doktor
252 383 126 27 Lamp&n
401 383 73 21 hvilka
501 383 109 21 anmäldes
635 389 51 15 vara
710 382 137 22 förhindrade
871 385 34 19 att

76 411 198 26 tillstädeskomma,
291 414 54 19 samt
366 412 108 21 dessutom
490 411 110 27 professor
623 411 171 22 Estlander
817 411 40 22 och
873 411 31 22 öf-

78 440 122 21 verläraren
225 440 149 27 Kihlman,
399 440 73 22 hvilka
488 441 55 20 bäda
559 440 53 21 dock
628 446 75 15 senare
719 440 87 21 infunno
822 441 39 26 sig.

146 537 102 21 Härefter
277 537 110 28 föredrogs
417 538 151 27 kyrkoherden
594 533 103 31 Öllers
723 537 182 27 petitionsförslag

77 571 34 15 om
134 565 115 22 sabbatens
272 566 69 27 helgd,
363 566 82 21 hvilket
466 567 86 21 ståndet
576 566 68 22 beslöt
663 565 116 28 bordlägga
795 566 32 21 till
843 568 61 19 nästa

76 594 118 27 plenum
166 590 31 35 >).

145 691 121 28 Upplästes,
287 691 110 28 föredrogs
419 692 40 21 och
478 692 115 21 bordlades
615 691 33 22 till
663 693 62 20 nästa
746 691 158 22 sammanträde

76 719 93 28 följande
184 720 187 27 petitionsförslag,
387 721 115 27 nämligen:

145 806 155 27 Kyrkoherden
323 802 104 26 Öllers
450 806 192 28 petitionsförslag:

306 886 40 21 Till
361 886 132 27 högvördiga
508 887 168 21 Prestaståndet.

145 943 119 22 Sabbatens
287 943 52 22 eller
362 943 138 27 hvilodagens
518 946 59 19 stora
598 944 109 27 betydelse
723 943 31 22 för
770 943 35 22 det
821 943 82 22 kristna

76 971 113 22 samhället
204 972 61 21 torde
281 971 22 22 af
316 972 63 27 ingen
394 972 86 27 upplyst
496 973 81 20 kristen
593 973 71 20 kunna
679 972 142 27 ifrågasättas.
852 972 51 21 Med

76 1001 169 21 kristendomens
267 1000 109 22 införande
399 1001 38 20 har
460 1001 115 22 sabbatens
597 1001 158 26 nödvändighet
774 1001 68 26 ingått
857 1007 46 15 som

76 1031 31 20 ett
122 1029 76 26 vigtigt
221 1031 93 20 moment
329 1029 6 21 i
351 1029 205 25 folkmedvetandet;
578 1029 40 22 och
636 1030 37 27 jag
689 1031 24 20 är
733 1029 122 27 öfvertygad
871 1032 32 18 att

74 1058 36 27 jag
126 1058 46 21 icke
193 1058 111 26 misstager
319 1059 48 25 mig,
388 1058 39 21 och
440 1058 39 27 jag
495 1058 79 21 uttalar
594 1059 36 20 det
645 1064 46 15 som
707 1059 47 20 mitt
770 1059 53 20 fasta
839 1057 64 27 hopp,

76 1088 32 19 att
130 1087 62 26 ingen
217 1087 54 20 enda
293 1086 90 21 medlem
399 1087 6 20 i
421 1086 61 22 detta
500 1087 130 26 högvördiga
646 1087 62 21 stånd
723 1086 53 22 skall
792 1086 64 21 tveka
871 1089 32 18 att

76 1115 95 22 erkänna
193 1115 154 21 sabbatsbudet
363 1115 32 21 för
415 1122 26 14 en
462 1115 110 28 gudomlig
587 1115 126 24 institution,
730 1121 45 15 som
791 1114 112 22 samhället

76 1144 6 21 i
100 1144 31 21 sin
147 1143 73 22 helhet
235 1143 43 22 lika
293 1143 47 22 litet
355 1150 45 15 som
417 1144 40 21 den
474 1145 90 20 enskilte
581 1144 152 27 medborgaren
749 1143 31 22 får
791 1143 112 22 ostraftadt

75 1172 106 21 behandla
205 1171 52 22 efter
280 1174 48 25 eget
349 1173 113 27 godtycke.
495 1173 31 21 De
548 1172 59 22 äldre
627 1173 59 26 lagar
709 1173 39 20 och
762 1173 139 25 stadganden,

75 1201 72 21 hvilka
170 1201 103 21 Finlands
295 1201 45 21 folk
362 1201 100 27 mottagit
483 1202 7 21 i
510 1201 34 22 arf
566 1201 46 22 från
628 1201 123 27 grannriket
769 1201 78 26 Sverge
862 1201 40 20 och

76 1231 58 20 ännu
148 1229 7 21 i
171 1230 42 26 dag
228 1231 37 20 äro
287 1230 99 27 gällande
402 1229 38 23 hos
457 1236 43 20 oss,
516 1230 58 26 tjena
592 1230 79 27 jemväl
687 1236 45 16 som
745 1229 92 27 kraftiga
852 1229 51 21 vitt-

76 1258 91 22 nesbörd
183 1258 54 22 huru
253 1258 50 22 våra
319 1258 95 22 förfäder
428 1259 130 21 betraktade
578 1259 115 21 sabbatens
709 1258 103 26 helgande
831 1258 71 21 såsom

75 1290 31 18 ett
121 1286 151 22 hufvudvilkor
287 1288 33 20 för
335 1288 124 21 samhällets
477 1288 95 21 bestånd.
595 1288 31 21 Då
642 1288 118 20 emellertid
773 1288 62 20 dessa
845 1288 57 20 ännu

74 1316 99 27 gällande
195 1316 169 27 lagstadganden
387 1316 23 21 så
432 1316 64 22 råkat
512 1316 7 21 i
534 1316 142 27 förgätenhet,
697 1318 34 19 att
745 1316 27 26 på
787 1316 56 21 vissa
857 1315 46 21 håll

75 1347 30 19 ett
127 1344 108 22 oafbrutet
255 1345 74 21 arbete
353 1344 54 22 både
426 1346 49 20 sön-
491 1345 39 21 och
546 1344 128 27 helgedagar
696 1344 81 27 fortgår
792 1344 49 22 hela
855 1344 48 21 året

74 1380 40 20 om,
131 1372 38 22 och
186 1374 41 20 den
242 1374 117 20 arbetande
381 1374 128 26 personalen
532 1374 76 21 endast
630 1373 47 21 med
692 1375 80 19 största
794 1372 109 28 svårighet

74 1402 43 21 kan
139 1402 84 22 erhålla
245 1402 96 21 tillstånd
364 1404 32 20 att
412 1402 81 21 besöka
516 1402 73 28 kyrka,
606 1402 65 21 borde
687 1402 36 21 det
737 1402 72 21 kunna
823 1402 79 20 räknas

74 1437 46 15 som
144 1437 25 15 en
189 1430 60 28 pligt,
272 1432 32 20 att
326 1430 56 22 fästa
403 1431 173 21 vederbörandes
594 1430 189 28 uppmärksamhet
797 1430 28 28 på
841 1430 62 21 dessa

143 1489 16 22 *)
183 1488 31 18 Då
226 1488 115 23 protokollen
354 1488 39 18 icke
405 1488 95 19 innehålla
512 1490 28 16 att
556 1488 30 18 Hr
601 1484 51 23 Öller
664 1488 76 24 tidigare
748 1488 89 18 inlemnat
845 1488 57 23 något

74 1512 185 23 petitionsmemorial,
272 1512 49 18 afses
333 1511 34 19 här
379 1512 104 22 säkerligen
495 1512 46 18 hans
551 1511 60 19 nedan
621 1512 75 23 intagna
704 1512 81 23 petition.
802 1512 39 22 Utg.
850 1517 51 12 anm.
