1117 1781
295 128 161 18 Presteståndet
469 129 57 17 1882.
552 130 25 16 10
590 129 98 17 februari.
842 124 41 20 149

83 197 107 22 måhända
207 198 22 21 af
242 197 69 22 nöden
335 200 31 18 att
389 197 64 22 också
476 200 50 23 taga
550 197 80 28 hänsyn
650 198 33 21 till
699 197 25 22 de
739 198 172 27 anmärkningar,

83 232 45 15 som
144 227 7 20 i
167 226 129 21 berättelsen
313 226 68 21 blifvit
396 226 81 27 gjorda.

152 283 90 22 Prosten
265 283 142 20 Johnsson
430 283 86 26 yttrade
540 283 76 26 derpå:
644 283 74 21 Såsom
742 283 21 21 af
785 284 126 21 ständernas

82 311 129 22 hemställan
227 311 32 22 till
275 311 60 21 Hans
352 311 106 27 Majestät,
475 311 110 27 angående
601 311 146 26 ifrågakomna
763 312 38 20 sak
811 312 99 26 framgår,

82 341 24 20 så
121 339 62 22 hafva
199 340 116 21 ständerna
330 339 34 22 vid
380 343 86 18 senaste
481 339 103 28 landtdag
599 340 100 24 beslutat,
713 342 31 19 att
755 341 36 20 det
801 341 111 20 utlåtande

82 375 45 15 som
144 369 39 20 den
199 369 23 20 af
237 369 46 20 dem
299 369 94 26 begärda
408 368 95 21 komitén
519 369 85 20 komme
619 370 32 19 att
666 368 85 27 afgifva,
763 369 68 21 skulle
842 369 68 20 öfver-

83 397 80 21 lemnas
178 397 32 21 till
226 397 167 26 statsutskottet,
410 397 32 21 för
457 400 33 18 att
506 397 117 21 detsamma
634 397 66 22 måtte
713 397 101 21 komma
799 393 11 34 i
826 397 84 21 tillfälle

82 427 32 20 att
129 427 98 20 närmare
243 425 73 27 pröfva
339 425 80 28 frågan.
451 426 41 21 Det
508 428 24 19 är
548 425 82 22 således
646 428 31 19 ett
692 425 157 22 ständerbeslut
865 433 44 14 som

82 453 119 28 föreligger.
231 455 41 24 Jag
297 461 61 14 anser
377 457 32 18 att
424 455 66 26 något
506 457 65 18 annat
587 454 19 27 ej
622 455 41 20 kan
680 455 83 20 komma
779 454 6 21 i
802 454 66 26 fråga,
883 457 27 18 än

83 485 31 19 att
130 483 129 21 berättelsen
283 483 67 21 måste
373 483 120 21 remitteras
516 483 32 21 till
565 483 166 21 statsutskottet.
762 483 61 21 Hvad
840 483 69 21 berät-

83 511 78 22 telsens
174 512 75 21 remiss
265 511 32 22 till
311 511 207 27 jernvägsutskottet
533 511 107 26 beträffar,
658 512 23 21 så
697 512 35 21 vill
745 512 36 26 jag
797 512 46 21 icke
853 514 57 19 sätta

83 540 41 26 mig
140 540 96 21 deremot
252 540 5 21 i
274 540 115 27 synnerhet,
409 540 33 24 då,
459 541 70 20 såsom
546 540 38 21 här
599 540 69 21 blifvit
684 541 103 26 anmärkt,
801 540 109 27 jernvägs-

83 569 104 22 utskottet
203 575 62 15 anser
280 569 31 26 sig
328 569 90 21 behöfva
435 571 49 24 taga
500 569 120 21 kännedom
636 575 34 15 om
687 569 127 21 densamma.

151 626 88 21 Prosten
260 626 76 26 Hjelt
358 625 100 22 förenade
474 626 32 27 sig
521 626 49 21 med
586 628 85 25 prosten
687 625 112 22 Johnsson.

151 683 32 21 Då
199 683 60 27 ingen
284 683 67 21 talare
374 683 72 21 vidare
469 683 49 21 ville
534 685 6 19 i
556 683 64 22 saken
644 685 57 25 yttra
717 683 37 26 sig,
777 683 133 21 framställde

81 712 49 21 herr
145 711 154 22 Talmannen
315 712 32 21 till
363 712 95 21 ståndets
474 712 131 21 besvarande
620 711 93 28 följande
728 713 76 20 tvänne
820 713 90 20 omröst-

82 741 227 26 ningspropositioner:

153 797 20 27 1)
188 797 42 22 Vill
254 797 35 21 det
312 797 130 27 högvördiga
465 797 85 22 ståndet
572 797 109 22 remittera
696 797 160 27 ifrågavarande
873 797 36 22 be-

82 825 107 22 tänkande
206 825 32 22 till
253 826 178 21 statsutskottet
423 821 12 36 ?

150 883 20 24 2)
187 882 78 21 önskar
286 883 86 21 ståndet
394 885 32 18 att
439 883 79 26 jemväl
535 883 109 21 remittera
660 883 159 26 ifrågavarande
836 883 72 21 betän-

82 911 69 21 kande
168 911 31 21 till
213 911 225 27 jernvägsutskottet
428 907 14 35 ?

150 967 71 22 hvilka
242 969 156 26 propositioner
419 968 106 22 hvardera
548 969 126 21 besvarades
691 969 46 20 med
753 968 157 27 öfvervägande

79 997 39 27 ja;
134 996 40 21 och
190 997 54 20 hade
259 997 83 21 således
357 997 85 22 ståndet
458 997 100 26 beslutat,
575 999 31 20 att
622 997 91 21 nämnda
729 997 89 21 komités
834 997 74 21 betän-

82 1026 69 21 kande
167 1025 69 22 skulle
249 1026 120 21 remitteras
385 1025 58 22 såväl
459 1026 32 21 till
507 1028 64 19 stats-
587 1032 44 15 som
645 1025 211 27 jernvägsutskottet.

148 1169 100 21 Härefter
263 1169 112 27 föredrogs
391 1169 107 27 professor
513 1169 168 27 Runebergs
697 1168 210 28 petitionsmemorial

80 1197 109 26 angående
205 1197 111 22 stiftandet
332 1198 21 21 af
366 1204 25 15 en
408 1198 150 26 dissenterlag.

148 1255 81 21 Härvid
245 1255 85 27 yttrade
346 1256 32 26 sig
393 1255 93 27 följande
502 1256 222 21 ståndsmedlemmar:

148 1312 111 22 Professor
275 1312 161 27 Runeberg:
454 1312 34 22 Då
503 1312 73 28 frågan
592 1313 36 21 vid
642 1315 85 19 senaste
742 1313 85 27 plenum
843 1312 64 22 bord-

79 1341 66 26 lades,
161 1347 38 15 var
214 1341 36 21 det
265 1341 184 27 hufvudsakligast
465 1342 28 26 på
508 1342 69 26 grund
593 1342 21 20 af
628 1343 32 19 ett
674 1342 94 26 yrkande
783 1342 24 20 af
820 1343 87 25 prosten

80 1370 64 26 Hjelt,
161 1371 32 19 att
216 1370 116 26 petitionen
349 1370 18 26 ej
384 1370 64 21 borde
474 1370 111 21 föranleda
605 1370 31 21 till
653 1371 68 25 någon
737 1370 74 27 åtgärd
827 1369 80 26 derför,

79 1401 33 19 att
127 1399 40 21 den
183 1398 19 27 ej
218 1398 55 27 tagit
288 1398 81 28 hänsyn
390 1398 31 22 till
437 1399 57 21 vissa
509 1399 132 26 stadganden
659 1399 5 20 i
680 1399 97 26 gällande
793 1398 114 27 kyrkolags

81 1429 25 19 14
122 1427 39 21 och
176 1428 43 20 455
235 1427 31 27 88.
296 1427 42 26 Jag
360 1427 127 27 uppfattade
503 1428 18 26 ej
538 1428 128 26 fullkomligt
683 1430 86 24 prosten
785 1427 68 27 Hjelts
869 1432 37 15 an-

79 1455 92 25 förande,
188 1455 105 21 huruvida
316 1456 36 21 det
374 1456 48 27 gick
446 1458 24 19 ut
486 1456 27 27 på
528 1458 33 19 att
576 1456 115 21 ständerna
707 1456 18 27 ej
741 1456 52 26 egde
809 1457 32 20 att
856 1457 51 24 taga

79 1485 68 26 någon
163 1484 118 27 befattning
297 1485 48 21 med
365 1491 25 14 en
405 1484 92 27 petition
514 1485 6 21 i
536 1484 85 22 anfördt
637 1484 54 28 syfte
706 1484 71 22 förrän
793 1484 113 27 kyrkomö-

79 1515 31 19 tet
126 1512 81 28 afgifvit
222 1513 105 27 yttrande,
344 1513 52 21 eller
411 1513 56 27 tagit
484 1513 65 27 något
564 1513 92 21 initiativ
671 1514 6 20 i
695 1513 80 27 frågan.
807 1512 40 22 Om
862 1514 45 25 ytt-
