1117 1781
224 122 42 20 288
415 127 161 18 Presteståndet
588 128 57 17 1882.
670 128 27 17 28
709 128 98 17 februari.

266 196 117 27 Föredrogs
399 197 92 20 härefter
506 197 31 20 till
556 197 130 27 behandling
701 197 108 20 allmänna
825 196 199 21 besvärsutskottets

196 225 133 21 betänkande
346 225 39 21 N:o
403 226 11 20 1
430 225 109 27 angående
556 227 29 19 ett
600 225 30 21 till
648 225 155 28 Ridderskapet
818 225 39 21 och
868 225 61 21 adeln
949 225 75 20 inlem-

195 253 53 21 nadt
270 253 178 27 petitionsförslag
470 261 34 13 om
526 254 120 21 inrättande
669 254 21 21 af
705 260 25 14 en
747 254 163 26 meteorologisk
927 253 98 21 observa-

196 282 135 21 tionsanstalt
346 282 5 20 i
369 282 74 21 Kittilä
458 283 52 20 eller
525 282 129 27 Sodankylä.

266 310 41 21 Vid
331 311 40 20 den
395 311 5 20 i
418 311 51 26 följd
491 311 59 20 häraf
571 311 121 27 uppkomna
716 311 148 20 diskussionen
887 311 84 26 yttrade
993 311 32 26 sig

196 339 166 21 nedannämnda
377 339 74 21 talare:

265 395 142 28 Domprosten
430 396 136 21 Renvall:
597 396 42 27 Jag
661 396 68 21 skulle
751 396 122 27 ödmjukast
894 396 81 25 föreslå,
995 397 31 19 att

196 425 114 21 utskottets
333 425 132 20 betänkande
486 425 68 20 skulle
570 425 124 27 godkännas
709 425 70 20 såsom
796 425 33 20 väl
845 424 126 22 motiveradt
986 425 39 20 och

197 453 70 21 såsom
283 455 28 19 ett
327 454 7 19 i
349 453 42 20 allo
407 453 192 21 tillfredsställande
615 453 39 21 och
670 453 96 27 lämpligt
781 459 48 14 svar
844 453 26 27 på
886 453 40 20 den
938 459 87 20 uppma-

197 482 58 26 ning,
276 488 44 14 som
343 482 22 20 af
380 482 40 20 den
442 482 162 21 internationela
621 482 202 27 polarkonferensen
841 482 68 20 blifvit
924 481 53 21 stäld
993 481 31 20 till

197 511 46 20 vårt
265 510 50 21 land
340 511 38 20 och
403 510 69 21 såsom
495 510 66 21 tillika
583 511 91 26 tagande
697 510 123 27 nödvändig
836 510 81 27 hänsyn
934 510 29 21 till
980 510 46 20 vårt

197 539 62 20 lands
281 545 95 14 resurser
391 539 7 20 i
413 539 116 26 synnerhet
552 538 68 21 under
640 545 26 14 en
691 539 36 25 tid,
743 539 27 20 då
786 539 74 26 anslag
875 539 20 20 åt
911 539 22 20 så
950 538 75 27 många

198 567 56 21 olika
270 567 41 21 håll
332 567 61 20 äskas
409 567 39 21 och
464 567 53 21 det
513 563 14 35 i
534 567 39 21 den
590 567 86 27 mängd,
692 569 29 19 att
737 567 36 21 det
789 567 46 21 icke
853 568 38 19 kan
909 574 49 13 vara
974 567 51 26 möj-

198 596 39 27 ligt
252 596 33 20 för
300 595 46 21 vårt
361 595 48 21 land
426 598 30 19 att
471 596 44 20 visa
530 602 25 15 en
572 596 22 20 så
605 598 44 19 stor
659 596 139 27 frikostighet,
810 602 44 14 som
866 598 160 18 reservanterna

199 625 38 20 här
251 624 114 27 föreslagit,
382 627 43 18 mot
440 625 157 26 vetenskapliga
610 624 103 26 ändamål,
728 625 83 20 hvilkas
821 625 88 20 resultat
921 626 36 18 äro
967 624 61 27 högst

199 653 151 26 tvifvelaktiga.

269 709 82 21 Doktor
374 709 145 21 Lindelöf:
550 709 41 28 Jag
614 716 62 14 anser
698 710 35 20 det
757 717 49 14 vara
822 709 159 26 otvifvelaktigt,
998 711 30 18 att

199 738 91 21 Finland
312 738 38 21 bör
365 738 7 20 i
387 745 49 14 mon
460 738 21 21 af
496 739 46 20 sina
562 738 78 21 krafter
656 739 38 20 och
711 739 114 26 tillgångar
840 738 83 26 deltaga
947 738 29 20 uti
993 737 35 21 det

199 767 164 20 internationela
385 767 200 26 forskningsarbete,
608 767 87 20 hvarom
718 767 116 27 petitionen
856 766 93 21 handlar.
980 765 48 21 Fin-

199 795 62 20 lands
284 795 104 27 regering,
413 795 72 20 derom
509 797 23 18 är
546 796 35 26 jag
596 795 130 27 öfvertygad,
743 795 54 20 skall
810 802 42 20 nog
868 795 63 26 draga
947 795 81 26 försorg

202 830 35 13 om
261 823 71 21 saken.
362 823 38 21 Ätt
422 824 40 20 den
489 824 22 20 sä
526 823 52 21 skall
595 825 50 25 göra
662 824 69 20 derför
746 827 123 24 garanterar
883 824 40 20 den
940 829 90 21 omsorg,

200 852 41 20 den
259 853 54 20 visat
329 852 32 21 för
377 854 30 19 att
421 852 89 21 Finland
528 852 64 21 måtte
608 852 65 21 blifva
688 853 27 26 på
730 855 30 18 ett
776 853 81 26 värdigt
870 854 40 19 sätt
920 858 108 21 represen-

200 880 70 21 teradt
293 881 34 20 vid
350 881 41 20 alla
415 881 25 20 de
456 881 103 26 tillfällen,
581 881 38 20 där
638 881 48 20 dess
702 881 128 20 medverkan
847 881 33 20 för
895 881 72 26 dylika
982 880 46 21 hela

200 909 169 27 menskligheten
400 909 88 21 rörande
516 909 179 27 bildningsfrågor
719 909 112 21 erfordras.
868 909 49 20 Men
943 909 36 20 det
1005 910 23 19 är

200 938 107 23 oväntadt,
329 940 30 18 att
381 938 69 20 denna
467 938 36 20 sak
519 938 37 20 har
579 938 69 20 blifvit
671 938 89 21 föremål
776 939 33 19 för
824 945 25 13 en
866 938 87 27 petition
970 937 57 20 inom

201 965 126 22 Ständerna.
357 966 36 21 Ett
415 967 75 20 sådant
508 967 153 26 förfaringssätt
676 967 53 20 hade
746 967 55 20 varit
815 966 126 21 motiveradt
956 966 74 21 endast

200 995 6 19 i
223 994 36 21 det
275 995 43 26 fall,
341 997 31 18 att
387 995 69 26 någon
472 995 77 20 tvekan
566 995 71 20 kunde
654 995 50 20 råda
720 995 81 26 derom,
817 995 104 20 huruvida
937 995 92 26 regerin-

200 1029 41 20 gen
257 1023 7 20 i
281 1023 138 21 förevarande
442 1023 37 21 fall
498 1023 69 21 skulle
582 1023 91 27 fullgöra
689 1024 45 20 sina
751 1024 77 27 pligter
843 1023 52 21 eller
910 1030 33 13 om
960 1023 69 20 medel

199 1052 34 19 för
248 1051 112 21 utförande
376 1052 21 20 af
412 1052 37 20 här
464 1052 6 20 i
486 1052 58 27 fråga
560 1054 52 19 satta
628 1053 80 26 företag
725 1052 65 21 borde
807 1052 49 27 utgå
871 1052 47 20 icke
935 1058 24 14 ur
971 1057 59 21 rege-

199 1080 88 27 ringens
310 1080 52 21 eller
385 1083 79 18 statens
489 1081 107 20 allmänna
613 1081 74 24 medel,
703 1083 50 18 utan
770 1087 27 14 ur
813 1081 25 20 de
851 1080 32 21 till
899 1080 129 21 Ständernas

201 1109 123 26 disposition
341 1109 87 21 stående
444 1109 108 20 fonderna.
582 1109 40 21 Det
638 1109 56 20 förra
709 1110 89 20 motivet
813 1109 32 20 för
861 1109 114 26 petitionen
988 1109 41 20 kan

200 1137 86 26 tillföljd
302 1137 21 20 af
344 1137 55 21 hvad
415 1138 63 20 redan
495 1137 57 21 förut
567 1137 69 21 blifvit
651 1138 80 26 antydt,
747 1138 19 27 ej
783 1137 133 28 ifrågasättas
931 1137 40 20 och
986 1137 42 20 lika

200 1165 47 21 litet
262 1166 36 20 det
313 1172 82 20 senare,
411 1166 26 21 då
452 1166 114 27 petitionen
582 1166 38 26 går
635 1168 23 19 ut
673 1167 26 26 på
715 1173 25 14 en
752 1166 100 21 anhållan
863 1173 34 13 om
910 1165 119 28 beviljande

201 1193 22 21 af
238 1194 75 27 anslag
329 1201 25 14 ur
369 1196 79 19 statens
464 1195 74 20 medel.
569 1195 49 20 Med
634 1195 100 20 afseende
750 1194 13 21 å
779 1195 60 20 dessa
851 1195 179 25 omständigheter

201 1222 54 21 hade
277 1223 35 26 jag
334 1223 33 20 för
389 1223 42 20 min
449 1223 33 21 del
498 1223 21 20 af
534 1223 36 21 det
584 1223 108 20 allmänna
708 1223 190 21 besvärsutskottet
914 1225 71 18 väntat
1000 1224 30 19 ett

201 1251 140 26 betänkande,
362 1252 37 20 der
418 1252 48 20 fullt
481 1252 136 21 erkännande
633 1252 99 21 skänktes
749 1252 21 20 åt
786 1251 242 27 petitionsmemorialets

200 1280 147 26 hufvudsyfte,
363 1287 48 14 men
429 1280 37 21 der
481 1287 55 17 man,
551 1280 48 21 med
615 1280 41 21 fast
666 1281 123 20 förtroende
800 1280 31 21 till
842 1280 132 27 regeringen,
984 1286 45 14 som

201 1308 18 26 ej
236 1309 7 19 i
260 1308 57 21 detta
333 1309 99 21 afseende
449 1309 88 21 behöfde
554 1309 68 27 någon
639 1309 141 27 påtryckning
796 1310 21 20 af
829 1309 118 21 Ständerna
958 1309 32 20 för
1001 1310 30 19 att

201 1336 86 28 vidtaga
310 1337 77 28 nödiga
411 1338 101 27 åtgärder,
532 1337 68 21 skulle
624 1338 91 20 förklara
730 1340 30 19 att
776 1338 116 26 petitionen
909 1337 45 20 från
971 1337 60 20 Stän-

201 1365 78 21 dernas
295 1366 46 20 sida
356 1366 19 26 ej
392 1366 64 20 borde
472 1366 108 20 föranleda
595 1366 31 20 till
642 1366 67 27 någon
727 1366 80 27 åtgärd.
838 1366 49 20 Men
899 1366 6 20 i
918 1365 69 21 stället
999 1366 33 20 för

201 1396 30 18 ett
247 1394 69 26 dylikt
331 1394 109 21 uttalande
456 1395 37 20 har
508 1395 102 20 utskottet
625 1395 51 25 tagit
692 1395 72 27 frågan
782 1394 69 21 under
861 1394 31 21 sin
903 1394 129 26 behandling

201 1422 40 20 och
263 1422 89 28 ingått
345 1418 12 37 i
369 1422 99 28 pröfning
490 1423 20 20 af
534 1425 62 19 sättet
618 1424 39 20 och
677 1424 110 26 omfånget
801 1423 33 21 för
848 1422 102 21 Finlands
966 1422 65 20 delta-

201 1451 71 26 gande
288 1452 31 20 uti
335 1451 26 21 de
377 1452 151 26 circumpolära
545 1452 211 27 undersökningarne
773 1452 33 20 för
821 1452 23 20 är
860 1452 54 20 1882
925 1451 40 21 och
975 1454 57 17 stan-

201 1481 36 19 nat
261 1480 34 20 vid
319 1480 23 20 sä
365 1482 29 18 att
417 1482 49 25 säga
487 1483 29 18 ett
531 1480 88 20 dubbelt
634 1480 115 26 utlätande,
764 1482 23 24 ty
804 1482 65 19 större
886 1480 61 20 delen
964 1480 20 20 af
1000 1481 31 18 ut-

201 1508 90 20 skottets
307 1508 139 21 medlemmar
461 1509 61 20 hafva
538 1509 97 20 omfattat
650 1509 75 27 sjelfva
736 1508 235 25 utskottsbetänkande,
983 1514 49 14 men
