1117 1781
322 126 161 16 Presteståndet
496 126 58 16 1882.
580 126 22 16 15
615 130 61 12 mars.
851 121 40 19 433

96 195 111 26 hängande
229 195 105 26 komplex.
372 195 41 21 Det
436 197 24 18 är
481 197 18 22 ej
523 195 47 20 med
592 195 38 20 den
648 195 68 20 såsom
733 196 46 20 med
796 195 70 27 vanlig
881 195 40 20 lös-

94 224 111 26 egendom,
222 223 23 21 så
260 226 32 18 att
308 224 39 21 den
364 223 40 21 kan
421 224 96 25 skingras
532 224 7 20 i
555 224 55 20 huru
625 225 45 19 små
687 224 58 20 delar
758 230 44 14 som
814 224 55 21 helst
883 223 38 21 och

97 253 53 20 dock
166 252 106 21 bibehålla
288 252 37 21 sitt
340 252 73 23 värde;
431 252 40 21 och
488 252 35 21 det
538 254 24 19 är
578 253 68 20 denna
662 253 157 25 omständighet
831 259 43 15 som
886 252 37 21 be-

95 282 70 25 tingar
189 287 25 14 en
237 281 118 24 väsendtlig
378 281 84 20 skilnad
485 281 76 20 mellan
582 281 39 20 den
638 281 38 20 och
693 287 68 14 annan
778 281 143 26 lösegendom.

96 309 42 21 Det
154 311 23 19 är
193 310 67 20 denna
276 309 158 26 omständighet
450 316 45 14 som
512 309 60 22 äfven
590 309 56 27 gjort
660 312 31 18 att
702 309 161 21 förhållandena
871 310 51 20 kun-

96 341 37 17 nat
155 338 6 20 i
183 338 112 26 praktiken
313 338 22 21 så
351 339 92 24 gestalta
459 338 37 26 sig,
513 341 32 18 att
561 345 25 13 en
603 338 56 26 dylik
675 337 198 27 fabriksinrättning
889 338 33 21 be-

96 366 82 21 traktas
194 367 69 20 såsom
280 369 31 18 ett
325 367 104 26 antagligt
445 367 115 26 hypothek.
578 366 39 21 och
633 369 31 18 att
680 367 44 20 deri
742 367 85 25 beviljas
843 366 80 21 inteck-

97 395 54 26 ning,
168 398 51 17 utan
235 397 32 18 att
282 396 65 25 några
363 395 104 26 veterliga
482 395 138 26 olägenheter
636 395 63 20 hafva
713 395 139 27 uppkommit.
883 395 40 26 Jag

97 424 114 26 medgifver
233 426 32 19 att
288 424 35 21 det
346 424 40 20 kan
403 431 50 14 vara
469 424 58 21 svårt
543 424 32 21 för
588 424 117 26 juristerna
720 427 31 18 att
767 423 56 22 finna
839 423 84 21 former,

97 459 43 14 som
157 452 27 27 pä
200 459 24 14 en
241 453 55 26 gång
307 453 18 25 ej
337 453 32 20 för
381 453 83 26 mycket
479 453 72 20 afvika
567 452 45 21 från
629 453 25 20 de
670 453 75 25 gamla,
762 453 38 20 och
817 453 53 20 dock
886 454 36 19 äro

96 481 124 26 tillräckligt
240 481 47 26 fria,
310 481 32 21 för
357 483 32 19 att
404 483 95 25 upptaga
514 482 26 20 de
556 488 42 20 nya
613 481 152 24 förhållanden,
782 487 44 14 som
843 481 80 26 prakti-

97 509 40 21 ken
161 510 119 26 utvecklat;
304 516 47 14 men
376 510 35 21 det
434 512 24 18 är
477 510 145 25 lagstiftarens
637 510 120 26 skyldighet
773 512 31 19 att
819 509 56 21 finna
891 509 32 21 så-

97 538 55 21 dana
175 538 84 26 former,
283 538 61 21 äfven
366 545 33 14 om
417 539 58 20 detta
492 541 24 18 är
531 539 63 20 svårt.
626 538 30 27 Ty
672 540 34 19 det
722 540 23 19 är
761 538 162 26 otvifvelaktigt,

97 569 32 18 att
151 573 34 14 om
209 567 158 26 Jagstiftningen
390 567 47 21 icke
460 568 80 20 förmår
556 567 112 26 tillgodose
683 567 114 21 industrins
813 567 110 27 praktiska

98 595 70 26 behof,
194 596 59 20 detta
276 596 83 20 medför
375 603 24 14 en
415 596 121 27 väsendtlig
552 596 113 26 olägenhet
681 596 32 20 för
729 596 116 21 industrins
861 595 63 21 fram-

97 626 51 24 steg.
187 624 110 21 Professor
323 625 86 20 Donner
432 625 110 26 påpekade
566 625 65 20 redan
656 625 138 25 olägenbeten
817 624 62 21 deraf
893 626 31 19 att

94 653 119 26 jordegare,
235 659 44 14 som
305 653 71 26 anlagt
400 653 69 21 fabrik
492 654 28 26 på
542 653 37 21 sitt
598 655 47 24 eget
661 653 92 25 område,
770 654 18 25 ej
805 654 40 20 kan
861 653 62 21 vinna

97 681 122 27 inteckning
238 682 6 19 i
261 682 70 21 denna
346 681 69 22 fabrik
432 683 102 20 särskildt
550 682 32 21 för
598 682 36 25 sig.
666 682 40 27 Jag
721 682 35 20 vill
774 683 71 20 derför
860 682 19 26 ej
895 682 29 20 vi-

98 710 49 20 dare
171 710 113 21 framhålla
307 711 64 20 detta.
410 711 47 20 Men
476 711 36 26 jag
528 711 68 21 skulle
612 713 55 18 ännu
684 711 49 26 vilja
748 711 83 26 påpeka
847 713 77 18 tvenne

98 739 158 26 bestämningar
278 739 6 20 i
307 741 40 19 den
368 739 114 26 kejserliga
506 739 166 27 propositionen,
688 739 70 21 hvilka
774 745 62 21 synas
852 739 49 26 mig,
918 739 6 20 i

97 767 94 26 enlighet
207 768 48 20 med
270 768 55 21 hvad
342 771 85 23 prosten
445 768 58 27 Hjelt
520 769 38 20 och
572 768 106 26 professor
691 768 85 21 Donner
787 768 62 21 hafva
860 768 65 20 fram-

98 795 66 26 hållit,
189 798 75 25 utgöra
280 797 91 26 onödiga
388 797 37 20 och
442 797 121 21 föråldrade
579 797 182 25 inskränkningar.
793 797 41 20 Det
849 798 24 19 är
889 796 36 21 det

98 824 67 21 första
181 825 40 20 och
237 825 65 21 andra
319 828 115 18 momentet
451 825 22 21 af
487 826 67 20 första
571 826 18 26 $,
604 831 44 14 som
666 825 74 27 stadga
756 827 31 19 att
803 825 122 26 inteckning

98 853 19 26 ej
134 853 41 20 kan
192 853 88 27 beviljas
296 853 27 22 då
338 854 226 27 fabriksinrättningen
581 855 114 25 inrymmes
709 854 7 20 i
732 854 52 27 hyrd
798 854 63 20 lokal.
893 854 31 20 En

97 881 205 27 fabriksinrättning,
326 889 44 14 som
390 885 23 18 är
429 883 71 26 inhyst
515 883 6 20 i
538 883 53 26 hyrd
607 883 63 25 lokal,
688 885 23 18 är
726 882 106 27 själffallet
847 882 24 21 af
885 883 40 20 den

98 912 40 24 art,
161 913 32 18 att
217 911 39 20 den
280 912 5 19 i
308 911 31 21 sin
357 911 71 21 helhet
444 911 41 21 kan
502 911 78 27 flyttas,
596 924 27 2 -—
640 913 21 25 ty
677 911 61 26 ingen
755 912 99 25 anlägger
869 911 34 20 väl
919 911 6 20 i

98 945 25 14 en
140 939 51 26 hyrd
209 940 56 20 lokal
282 947 24 13 en
323 940 205 26 fabriksinrättning,
544 946 45 15 som
606 940 18 26 ej
640 940 41 21 kan
698 940 77 26 flyttas,
793 940 67 21 likaså
879 939 47 21 litet

97 973 45 15 som
166 967 69 27 någon
258 968 77 27 uppför
355 975 25 14 en
397 969 105 26 byggnad,
519 969 75 20 endast
609 969 33 20 för
657 971 32 18 att
704 969 77 26 uthyra
797 969 39 20 den
853 969 32 20 för
899 975 26 14 en

99 996 41 21 fast
162 996 75 21 fabrik.
261 1009 27 3 —
310 997 46 20 Den
372 997 70 21 bildar
457 997 91 21 sålunda
563 1003 26 14 en
605 997 206 26 sammanhängande
827 997 99 26 komplex

97 1027 56 18 samt
175 1025 48 21 dess
239 1026 139 21 användande
393 1026 70 21 såsom
481 1026 224 26 inteckningsföremål
721 1025 133 28 möjliggöres
870 1025 55 21 häri-

97 1059 80 20 genom.
216 1054 43 21 Det
284 1055 61 20 torde
368 1055 71 20 derför
462 1055 19 26 ej
498 1055 95 20 medföra
609 1055 68 25 någon
694 1055 102 24 väsentlig
813 1054 113 26 olägenhet

98 1083 31 19 att
151 1082 79 27 bevilja
253 1083 120 26 inteckning
389 1083 60 21 äfven
467 1084 6 20 i
490 1089 24 14 en
532 1083 56 26 dylik
605 1083 205 26 fabriksinrättning.
840 1083 41 26 Jag
897 1082 30 21 öf-

97 1110 76 26 vergär
194 1117 28 14 nu
238 1111 31 21 till
287 1113 34 20 det
337 1112 66 21 andra
418 1114 118 19 momentet
552 1112 22 20 af
589 1113 13 24 &
619 1113 18 24 1,
654 1118 44 15 som
715 1112 58 26 lyder
788 1112 58 20 såväl
862 1111 7 21 i
886 1111 41 21 den

98 1138 113 27 kejserliga
226 1140 159 26 propositionen
401 1147 45 14 som
463 1141 6 20 i
485 1141 117 20 utskottets
617 1141 134 20 betänkande
767 1140 88 21 sålunda
867 1140 60 26 ,der-

98 1169 57 19 emot
170 1168 121 27 inbegripes
306 1169 46 21 icke
365 1169 67 21 under
443 1169 151 26 inteckningen
606 1169 82 26 färdiga
701 1169 160 26 tillverkningar
871 1170 56 19 samt

99 1196 18 25 ej
134 1195 67 22 heller
216 1197 100 22 råämnen
332 1198 39 21 och
388 1198 66 21 andra
470 1197 172 24 förnödenheter,
658 1197 71 21 hvilka
745 1199 36 19 äro
795 1197 89 21 afsedda
895 1199 32 18 att

98 1225 34 20 vid
156 1225 85 21 verkets
263 1226 50 21 drift
329 1226 113 21 förbrukas
458 1227 40 20 och
515 1227 95 26 ständigt
626 1225 120 22 omsättas*.
777 1227 42 20 Det
835 1227 24 19 är
874 1225 53 21 visst

99 1256 52 20 sant,
167 1256 32 19 att
215 1255 61 21 dessa
292 1255 100 21 råämnen
409 1256 38 20 och
465 1255 83 26 färdiga
560 1255 160 26 tillverkningar
730 1257 76 24 utgöra
819 1255 39 21 den
873 1256 54 20 mest

100 1282 79 26 rörliga
201 1283 60 21 delen
285 1284 23 20 af
323 1290 26 15 en
365 1284 57 27 dylik
439 1284 206 26 fabriksinrättning,
661 1290 47 14 men
724 1284 6 20 i
747 1284 40 20 alla
803 1284 37 20 fall
856 1290 71 20 repre-

99 1313 83 19 sentera
206 1312 25 21 de
252 1312 60 21 alltid
336 1316 31 18 ett
389 1313 65 25 något
476 1312 24 21 så
522 1314 38 19 när
576 1312 44 21 lika
635 1314 55 19 stort
705 1312 72 21 värde.
808 1312 32 21 De
856 1312 71 20 kunna

98 1339 33 21 väl
155 1340 64 26 något
242 1341 82 21 variera
347 1348 47 14 men
417 1342 46 20 icke
486 1341 6 20 i
509 1341 119 26 väsendtlig
644 1347 55 18 mon,
715 1341 40 21 och
771 1341 26 21 de
812 1340 115 22 bestående

98 1368 162 22 förhållandena
281 1370 74 26 tyckas
370 1370 62 21 hafva
448 1370 86 25 utvisat,
552 1372 31 18 att
599 1370 60 20 äfven
676 1370 61 20 dessa
754 1370 58 21 delar
827 1369 22 21 af
863 1369 64 21 fabri-

99 1396 40 20 ken
160 1398 51 20 utan
235 1399 113 25 olägenhet
371 1398 71 21 kunna
463 1400 52 24 göra
531 1398 65 26 tjenst
612 1399 68 20 såsom
697 1398 230 26 inteckningsföremål.

98 1424 205 28 Kontraktsprosten
327 1427 111 27 Grönberg
461 1426 115 22 betviflade
599 1429 31 19 att
650 1427 73 21 remiss
739 1427 31 21 till
786 1426 142 27 lagutskottet

99 1453 67 21 skulle
189 1454 71 22 kunna
279 1456 96 20 medföra
391 1456 67 26 någon
482 1456 122 26 utveckling
622 1455 24 21 af
660 1455 73 27 frågan
749 1456 6 20 i
772 1456 39 20 den
827 1455 100 27 riktning,

99 1488 44 14 som
168 1483 23 21 af
211 1483 50 22 flere
284 1484 67 21 talare
371 1484 38 21 här
425 1484 70 21 blifvit
510 1484 133 21 framhållen.
674 1484 41 26 Jag
730 1484 67 21 måste
813 1483 67 22 tillstå
896 1486 32 18 att

95 1510 38 26 jag
156 1511 63 27 hyser
237 1519 80 15 samma
333 1513 72 21 tvifvel
422 1519 34 15 om
472 1514 33 20 att
520 1513 142 26 lagutskottet
678 1513 54 21 skall
747 1513 71 21 kunna
834 1512 94 21 ombilda

834 1552 24 18 28
