1117 1781
201 116 41 20 598
417 120 160 18 Presteständet
590 122 58 16 1882.
671 121 23 17 21
706 125 62 13 mars.

172 190 100 21 maatilan
288 190 21 27 ja
324 197 34 20 jää
373 190 42 26 yhä
430 189 95 22 edelleen
542 192 70 19 tämän
629 190 98 21 maatilan
744 190 113 27 haltijaksi.
889 190 58 21 Minä
965 190 37 21 tie-

171 218 42 21 dän
231 225 106 20 varmaan,
353 221 43 18 että
411 218 81 21 kunnat
507 219 135 20 testamentin
660 219 71 20 kautta
747 221 50 18 ovat
807 219 74 20 tulleet
892 218 110 21 semmois-

171 249 36 18 ten
231 247 146 26 koulutalojen
394 247 123 27 omistajiksi
533 247 21 27 ja
570 247 107 21 hoitaneet
693 247 56 26 niitä,
764 247 66 20 miten
847 249 50 19 ovat
912 247 90 21 voineet.

172 275 43 21 Itse
238 275 80 21 koulua
341 278 72 18 varten
436 276 19 20 ei
471 276 79 26 tietysti
567 276 75 21 tarvita
658 278 73 18 muuta
747 276 51 20 kuin
815 275 56 28 pieni
888 276 114 27 maankap-

171 304 49 27 pale
243 305 22 26 ja
280 304 89 21 kuntien
389 311 28 14 on
433 304 58 21 usein
509 317 27 2 —
552 305 58 20 minä
624 306 81 19 tunnen
723 306 72 19 monta
810 304 128 21 esimerkkiä
954 305 47 20 siitä

172 345 27 2 —
224 333 65 26 hyvin
311 333 74 20 vaikea
401 333 69 20 oikein
484 335 92 18 määrätä
592 333 51 20 mitä
658 333 66 20 tuolla
740 333 132 27 loppuosalla
888 333 113 21 tehtäisiin.

171 361 133 21 Tavallisesti
320 368 22 14 se
353 364 104 17 annetaan
468 361 81 27 jonkun
562 361 152 21 arentimiehen
728 361 154 22 hoidettavaksi
893 363 22 26 ja
924 362 76 27 joutuu

172 390 49 20 siitä
236 392 73 25 syystä
325 390 59 21 usein
401 390 109 20 kokonaan
528 390 106 27 rappiolle.
651 402 27 3 —
695 390 60 20 Vielä
771 391 91 26 provasti
877 390 123 27 Rosengren

172 419 78 26 kysyy,
267 419 79 20 kuinka
362 419 72 25 kunta,
449 419 33 26 jos
497 425 23 14 se
535 419 57 20 näitä
608 419 126 26 palstatiloja
750 419 47 20 olisi
812 421 131 24 perustanut,
954 419 48 21 sitte

173 447 53 20 voisi
249 449 75 19 ruveta
347 447 66 20 niihin
437 447 144 21 rakennuksia
598 447 161 21 valmistamaan
774 448 14 26 j.
805 454 20 13 n.
841 454 23 20 e.,
883 454 52 14 vaan
953 448 49 20 mis-

173 477 49 19 tään
238 476 146 20 semmoisesta
400 475 76 21 asiasta
492 476 18 20 ei
526 477 56 19 tässä
598 476 32 20 ole
647 476 52 21 ollut
715 476 140 20 vähintäkään
873 476 129 28 kysymystä,

173 504 48 20 sillä
236 504 61 21 eihän
315 504 118 27 palstatilan
450 505 87 26 myyjän
554 505 85 20 tarvitse
656 505 55 26 pitää
725 505 74 20 huolta
814 505 65 20 tilalle
891 505 111 20 rakennet-

173 533 76 20 tavista
272 533 147 20 asumuksista.
455 533 61 20 Vielä
538 533 119 21 vähemmin
684 533 47 20 voin
757 535 124 25 ymmärtää,
907 533 50 21 mitä
979 539 22 14 se

173 561 128 22 vaikuttaisi,
323 562 32 26 jos
379 561 185 27 ulkopitäjäläinen
581 562 95 20 ostaakin
694 562 128 20 semmoisen
839 561 88 28 palstan.
957 562 45 21 Tie-

172 590 51 26 tysti
246 590 40 20 hän
311 590 69 21 silloin
404 590 67 21 siihen
488 593 84 18 asettuu
587 591 21 26 ja
624 590 57 21 tulee
696 590 87 21 kunnan
801 591 138 24 asukkaaksi;
956 590 46 21 sillä

173 625 23 14 se
212 618 73 21 seikka
301 625 27 14 on
344 619 117 20 suoritettu.
492 618 27 21 Ei
535 619 65 20 kunta
616 619 109 27 ylipäänsä
741 619 33 20 voi
790 621 75 18 ruveta
880 621 56 18 tässä
951 619 52 27 pitä-

173 649 63 18 mään
254 647 162 20 minkäänlaista
430 647 129 28 ylimmäistä
574 648 71 26 johtoa
663 647 75 21 näiden
755 647 141 27 palstatilojen
914 647 87 21 suhteen

173 675 68 21 koska
257 682 26 14 ne
299 678 49 18 ovat
363 676 80 26 ostajan
460 678 66 24 täyttä
542 677 135 20 omaisuutta.
709 676 71 21 Kunta
797 683 54 13 vaan
869 677 62 20 vaatii
947 678 55 18 mää-

173 705 62 26 rätyn
251 704 166 27 palkintoveron,
428 705 49 26 joka
493 711 27 14 on
535 705 131 26 palstatilaan
680 705 127 26 kiinnitetty.
830 704 68 21 Kuten
911 706 90 21 sanottu,

173 733 20 20 ei
219 733 56 20 koko
298 733 174 20 ehdotuksessani
495 733 33 20 ole
552 733 178 26 kysymystäkään
754 733 88 20 mistään
869 733 92 27 pakosta,
983 734 17 19 ei

174 761 80 21 kuntaa
270 761 47 21 eikä
333 761 74 21 ketään
424 761 128 21 muutakaan
570 764 92 18 vastaan.

244 818 110 21 Professor
374 819 146 27 Runeberg:
551 819 73 20 Ehuru
642 819 39 20 den
698 819 121 20 diskussion
835 825 44 14 som
897 819 37 20 här
949 819 53 20 före-

174 847 55 20 fallit
254 847 2 20 i
281 847 75 26 mänga
378 847 113 21 afseenden
508 848 54 20 varit
578 847 139 28 upplysande,
733 847 40 20 kan
789 848 36 26 jag
841 847 53 21 dock
911 848 18 25 ej
946 849 55 19 ännu

173 881 53 15 anse
250 877 30 19 att
302 875 144 28 föreliggande
462 876 73 27 tillägg
551 877 53 20 varit
621 876 85 21 föremäl
724 876 31 20 för
771 883 26 14 en
814 876 23 20 sä
852 876 100 27 grundlig
971 878 31 18 ut-

174 904 97 27 redning,
287 906 30 19 att
333 905 82 20 ständet
431 911 28 14 nu
475 905 65 20 redan
557 905 65 20 borde
634 905 50 20 fatta
696 905 106 20 definitivt
813 905 70 20 beslut
893 905 109 26 angäende

174 934 31 19 ett
219 932 24 21 sä
259 933 75 27 vigtigt
349 933 39 20 och
403 933 22 20 sä
442 933 44 20 vidt
501 933 98 27 syftande
615 933 122 27 stadgande.
768 933 110 20 Professor
893 933 108 21 Koskinen

174 961 60 20 sökte
257 963 51 24 göra
331 961 71 27 troligt
424 962 25 27 pä
471 962 153 27 förmiddagen,
640 964 29 18 att
684 962 61 20 dessa
761 963 58 19 mina
835 961 167 26 betänkligheter

174 989 70 21 skulle
261 997 49 14 vara
326 990 104 21 beroende
446 991 22 20 af
482 991 68 26 någon
568 991 160 20 konstitutionel
739 991 52 20 eller
801 990 76 21 formel
889 990 113 27 synpunkt.

174 1017 43 22 Det
239 1020 23 19 är
285 1019 54 20 dock
363 1019 46 20 icke
424 1019 28 20 sä.
476 1019 68 21 Dessa
559 1019 169 27 betänkligheter
743 1019 110 26 grundade
869 1019 32 26 sig
918 1019 25 26 pä
959 1022 45 17 rent

175 1047 81 26 sakliga
280 1047 46 21 skäl
350 1047 104 28 nämligen
472 1048 26 27 pä
517 1048 151 27 omöjligheten
684 1050 29 18 att
729 1048 52 20 fatta
796 1054 27 14 en
840 1047 95 21 bestämd
952 1047 53 27 äsigt

185 1075 31 20 uti
232 1082 25 14 en
276 1076 65 27 vigtig
354 1076 62 26 fräga,
432 1077 37 20 der
483 1076 47 21 icke
546 1077 39 20 den
604 1077 83 25 vanliga
697 1076 80 27 sakliga
789 1076 120 27 utredning,
921 1083 45 14 som
978 1079 28 18 ett

176 1104 80 21 utskott
267 1106 22 19 är
300 1105 94 26 skyldigt
405 1107 30 18 att
448 1105 100 24 anskaffa,
559 1105 119 26 föreligger.
693 1105 41 26 Jag
742 1105 105 20 erkänner
855 1100 28 36 att
895 1105 30 26 jag
936 1105 70 20 finner

175 1133 44 26 mig
241 1133 6 20 i
273 1133 76 27 många
372 1133 114 25 afsgenden
508 1134 100 27 anslagen
626 1134 20 20 af
662 1133 35 21 det
713 1133 144 27 föreliggande
873 1133 132 26 stadgandet.

175 1161 52 21 Man
244 1161 72 21 kunde
333 1169 48 13 vara
396 1164 57 19 ännu
470 1169 44 14 mer
529 1162 96 27 benägen
641 1163 32 20 för
688 1162 100 26 förslaget
803 1162 54 21 efter
873 1162 40 20 den
930 1162 76 20 vackra

175 1190 39 20 och
238 1191 95 25 poetiska
357 1191 155 26 framställning
534 1191 105 26 professor
655 1190 86 21 Donner
757 1191 80 20 lemnat
853 1190 21 21 af
889 1190 115 21 resultaten

175 1219 22 20 af
220 1218 35 21 det
278 1219 119 26 föreslagna
420 1219 130 27 stadgandet,
566 1226 49 14 men
630 1220 36 26 jag
681 1219 40 20 kan
737 1219 18 26 ej
773 1225 51 14 anse
840 1221 29 18 att
885 1225 78 20 genom
979 1225 26 14 en

175 1247 122 21 diskussion
321 1248 6 20 i
351 1247 87 21 Ständet
461 1254 25 14 en
506 1248 68 26 saklig
590 1248 114 27 utredning
719 1248 40 20 kan
777 1248 81 24 vinnas,
874 1254 45 14 som
937 1247 69 21 skulle

176 1278 107 18 motsvara
307 1276 40 21 den
364 1276 114 28 utredning
493 1283 44 14 som
555 1278 102 20 utskottet
673 1277 38 20 kan
729 1276 100 21 anskaffa.
859 1276 42 27 Jag
916 1276 90 26 medgif-

177 1310 37 14 ver
236 1307 31 18 att
282 1304 35 21 det
333 1305 189 26 missförhällande,
536 1312 46 14 som
598 1306 36 20 det
650 1305 118 27 föreslagna
784 1305 126 26 stadgandet
926 1305 81 26 åsyftar

176 1335 31 18 att
229 1332 98 28 afhjelpa,
350 1336 23 18 är
395 1334 21 20 af
438 1334 61 27 högst
519 1334 108 26 betänklig
642 1336 38 22 art,
694 1340 46 14 men
758 1334 41 20 kan
816 1334 18 26 ej
852 1333 108 27 medgifva
976 1336 30 18 att

176 1362 74 26 hvarje
267 1362 74 26 medel,
363 1364 30 18 att
407 1362 50 21 söka
473 1362 92 27 afhjelpa
580 1362 58 21 detta
653 1362 184 20 missförhällande
853 1362 72 20 derför
941 1362 64 20 borde

176 1390 100 21 omfattas
292 1391 48 20 med
357 1390 62 21 bifall.
442 1390 42 22 Det
496 1393 23 19 är
535 1391 131 27 nödvändigt
681 1394 29 17 att
727 1391 78 20 medlet
815 1390 54 21 skall
881 1397 49 14 vara
941 1390 65 21 ända-

177 1418 122 28 mälsenligt
322 1420 38 20 och
383 1420 103 26 praktiskt
508 1420 38 20 och
569 1420 32 20 för
624 1423 30 17 att
670 1420 71 20 kunna
757 1419 90 20 bedöma
864 1419 63 26 detta,
943 1425 63 15 anser

176 1447 36 27 jag
235 1450 30 18 att
288 1454 26 14 en
336 1448 124 27 fullständig
482 1448 115 27 utredning
620 1448 65 20 mäste
701 1448 108 26 föreligga.
839 1447 42 21 Det
896 1450 23 18 är
935 1448 70 20 derför

176 1476 36 26 jag
228 1476 18 26 ej
263 1482 63 15 anser
342 1476 42 27 mig
400 1483 28 14 nu
445 1477 72 20 kunna
532 1476 114 28 godkänna
656 1476 105 27 förslaget,
774 1479 51 18 utan
838 1476 65 20 mäste
913 1476 93 26 afstyrka
