1117 1781
308 122 162 17 Presteståndet
481 122 57 17 1882.
562 123 28 16 28
603 122 98 17 februari.
848 117 41 21 281

92 191 69 21 hända
177 193 30 18 att
221 191 155 20 statsutskottet
391 191 53 20 efter
460 191 160 26 undersökning
634 191 75 27 finner,
725 191 100 26 antingen
837 194 31 18 att
877 192 42 20 alla

92 220 61 21 dessa
176 219 45 27 slag
242 219 21 21 af
287 219 116 26 bevillning
423 221 35 19 äro
475 219 99 28 lämpliga
590 219 52 21 eller
657 221 30 19 att
702 219 65 27 nägra
783 220 21 20 af
819 220 47 21 dem
883 222 36 19 äro

92 248 113 27 olämpliga.
241 248 235 26 Bevillningsutskottet
499 248 41 20 kan
564 248 117 21 emellertid
704 248 46 21 icke
770 250 63 19 vänta
849 249 26 26 pä
889 251 31 18 ett

92 277 75 20 sädant
190 276 114 26 uttalande,
328 279 49 18 utan
395 277 66 20 mäste
477 279 91 24 upptaga
582 276 72 27 frägan
672 276 119 21 oberoende
807 277 64 27 deraf,
887 277 33 21 för

92 307 30 18 att
144 305 87 20 faktiskt
253 305 65 20 hinna
340 305 88 21 slutföra
451 305 88 21 ärendet
560 305 64 20 innan
641 305 140 27 landtdagens
797 305 49 21 slut.
877 305 42 22 Det

92 333 71 21 kunde
189 333 108 21 dessutom
324 333 75 26 hända,
424 336 30 18 att
478 333 155 22 statsutskottet
648 333 77 21 uttalar
741 334 31 27 sig
788 334 85 25 derhän,
889 336 30 19 att

92 362 42 21 alla
156 362 61 21 dessa
240 362 45 27 slag
305 362 20 21 af
341 362 117 27 bevillning
473 364 35 19 äro
524 362 106 27 lämpliga,
648 368 48 15 men
712 364 30 19 att
757 363 162 26 bevillningsut-

93 391 78 20 skottet
193 391 68 20 skulle
276 390 65 27 finna,
356 393 31 18 att
401 391 41 20 den
458 397 82 14 summa
556 397 45 14 som
618 393 23 18 är
656 391 123 26 erforderlig
795 391 72 20 kunde
882 397 37 14 an-

93 419 76 20 skaffas
192 419 89 21 medelst
308 419 65 27 nägra
396 419 21 21 af
438 419 26 21 de
487 419 119 26 föreslagna
629 419 218 26 bevillningsarterna,
870 419 48 21 med

93 447 160 22 bortlemnande
275 447 22 21 af
311 448 72 21 andra.
413 448 10 20 I
438 448 75 27 sjelfva
530 448 72 20 verket
618 448 37 20 har
670 454 26 14 en
712 448 56 20 stark
785 449 84 26 opinion
886 451 33 18 ut-

92 476 51 21 talat
163 476 32 27 sig
217 476 86 26 derhän,
325 479 30 18 att
377 477 68 26 någon
462 476 118 27 bevillning
594 477 33 20 för
642 476 41 21 fast
697 477 104 26 egendom
818 477 39 20 alls
872 477 47 20 icke

93 505 64 20 borde
181 505 84 20 komma
288 505 7 20 i
317 505 64 26 fråga.
412 505 160 22 Statsutskottet
596 505 40 20 kan
662 505 18 26 ej
704 505 66 20 heller
785 505 50 27 ingå
850 505 27 27 pä
892 511 26 14 en

93 535 96 19 närmare
212 533 98 28 pröfning
333 533 21 21 af
376 533 72 27 hvarje
471 534 21 20 af
510 533 26 21 de
559 533 103 21 särskilda
677 533 72 27 slagen
765 534 22 19 af
802 533 117 26 bevillning

94 563 38 20 och
147 562 8 21 i
171 562 62 27 detalj
251 562 126 25 undersöka,
393 562 21 20 af
428 563 56 20 huru
499 564 44 19 stor
558 569 84 13 summa
657 569 75 20 genom
749 563 79 20 enhvar
839 563 21 20 af
870 562 48 21 dem

92 591 42 20 kan
156 591 133 26 hopbringas,
312 593 51 18 utan
385 591 166 20 statsutskottets
571 591 82 26 uppgift
675 590 59 21 torde
750 597 49 14 vara
815 593 30 19 att
860 591 59 20 öfver

92 619 82 21 hufvud
197 621 56 25 taget
275 619 106 27 uppgifva,
404 619 85 21 hvilken
506 619 135 21 totalsumma
657 625 75 21 genom
749 619 117 28 bevillning
882 619 37 21 bör

92 648 188 26 sammanbringas.
312 648 10 20 I
342 648 174 21 skattekomitöns
534 648 79 26 förslag
628 647 103 21 beräknas
747 650 29 18 att
792 649 12 20 3
821 648 98 27 miljoner

93 676 50 21 böra
159 676 104 21 anskaffas
278 683 77 20 genom
372 676 122 27 bevillning.
523 676 33 21 Då
572 683 29 14 nu
618 676 227 27 bevillningsutskottet
858 677 61 26 ingår

93 705 26 27 pä
134 711 25 14 en
177 705 196 27 detaljgranskning
389 705 22 20 af
426 705 25 20 de
463 705 56 20 olika
529 705 113 26 förslagen,
654 705 70 20 kunde
735 705 103 20 måhända
849 705 69 21 denna

92 740 83 14 summa
190 733 128 28 hopbringas
334 733 25 28 pä
376 734 63 26 nägot
454 733 22 21 af
491 734 25 20 de
532 733 119 26 föreslagna
662 735 74 22 sätten,
748 735 50 19 utan
811 733 107 21 anlitande

92 762 22 20 af
129 762 48 21 dem
193 762 47 21 alla.
265 762 70 20 Äfven
351 762 231 27 landtdagsordningen
598 768 63 20 synes
678 762 42 27 mig
735 762 110 21 förutsätta
855 762 63 25 detta,

92 790 27 21 dä
135 790 238 27 bevillningsutskottets
397 791 82 26 uppgift
501 791 37 20 der
561 790 111 21 definieras
688 790 95 27 sålunda,
799 793 29 18 att
845 791 73 20 bevill-

93 819 163 26 ningsutskottet
277 819 53 20 skall
353 819 76 20 föreslä
446 819 122 27 grunderna
584 820 39 19 och
638 821 63 18 sättet
715 819 32 20 för
763 819 155 27 bevillningens

92 847 126 27 fördelning,
241 848 38 20 och
302 848 165 21 statsutskottets
491 848 107 20 allmänna
616 847 83 28 uppgift
713 849 29 24 är,
759 850 30 18 att
805 848 66 20 uttala
887 848 31 26 sig

92 883 41 19 om,
156 876 55 20 huru
234 876 69 21 medel
323 876 32 21 till
370 876 95 27 fyllande
481 877 21 20 af
518 876 81 21 landets
615 876 69 26 behof,
700 876 68 21 sävidt
783 877 19 26 ej
819 879 99 18 statsver-

93 904 46 21 kets
161 905 106 20 ordinarie
291 905 112 27 tillgångar
426 905 70 20 dertill
519 905 71 26 förslä,
613 905 59 20 skola
692 904 111 25 anskaffas,
820 905 98 20 särskildt

92 933 105 20 huruvida
219 940 29 19 ny
267 933 117 27 bevillning
399 935 23 18 är
437 933 21 20 af
474 933 76 26 nöden,
566 933 106 20 hvarefter
687 933 231 27 bevillningsutskottet

92 968 49 20 eger
157 964 30 18 att
202 962 6 19 i
224 962 62 27 detalj
311 962 125 26 undersöka,
452 968 77 21 genom
545 962 71 20 hvilka
632 962 56 20 olika
703 962 46 27 slag
765 962 21 20 af
801 962 117 27 bevillning

92 990 40 20 den
156 990 137 27 erforderliga
315 990 150 21 totalsumman
490 990 53 21 skall
566 990 162 21 åstadkommas.
758 990 10 20 I
790 990 127 27 föregående

92 1018 36 21 fall
147 1025 65 20 synes
230 1019 35 20 det
288 1019 43 26 mig
354 1026 48 13 vara
425 1019 131 26 nödvändigt
578 1021 30 18 att
632 1019 106 20 remittera
760 1019 157 27 propositionen

92 1047 75 20 endast
189 1047 30 20 till
243 1048 158 25 statsutskottet,
424 1047 32 20 för
479 1050 29 18 att
527 1048 57 20 detta
600 1047 64 21 måtte
680 1047 65 20 uttala
760 1048 38 26 sig,
814 1047 104 20 huruvida

92 1075 61 21 äfven
170 1075 32 21 för
217 1076 113 20 framtiden
346 1076 40 20 den
403 1076 21 20 af
440 1076 124 27 regeringen
582 1076 90 27 begärda
688 1082 96 14 summan
796 1076 21 20 af
827 1076 90 26 475,000

92 1104 59 20 mark
167 1111 26 13 ur
214 1105 232 26 stämpelbevillningen
464 1105 37 20 allt
516 1104 129 21 fortfarande
661 1104 54 21 skall
730 1111 61 14 anses
808 1104 49 21 böra
869 1104 49 21 stäl-

91 1132 31 21 las
138 1132 31 21 till
185 1133 136 27 regeringens
336 1133 130 27 disposition.

160 1189 89 21 Prosten
270 1189 95 27 Hjelt:
397 1189 40 27 Jag
459 1190 38 20 har
519 1189 73 28 begärt
615 1189 60 21 ordet
690 1190 32 20 för
737 1192 29 18 att
781 1192 56 24 yttra
853 1189 64 27 några

92 1218 37 21 ord
144 1218 90 21 rörande
249 1218 75 27 sjelfva
340 1218 40 21 den
401 1218 122 27 bevillning,
539 1225 45 14 som
601 1225 28 13 nu
645 1220 23 18 är
682 1219 7 19 i
705 1218 64 27 fråga.
800 1218 74 21 Redan
887 1218 31 20 till

91 1247 51 27 följd
159 1247 21 20 af
195 1247 120 21 samhällets
335 1247 122 26 fortgående
474 1247 123 26 utveckling
612 1247 119 21 föranledas
747 1254 25 14 en
790 1247 75 27 mängd
883 1246 35 21 be-

92 1276 42 25 hof,
157 1276 72 20 hvilka
251 1276 66 20 måste
335 1282 76 20 genom
429 1275 118 28 bevillning
562 1276 161 26 åstadkommas,
740 1282 46 14 men
803 1276 26 20 de
845 1276 51 20 ökas
911 1276 6 19 i

91 1304 41 27 hög
155 1304 50 27 grad
229 1304 34 20 vid
287 1304 70 20 denna
381 1304 107 27 landtdag,
511 1304 27 20 då
560 1304 35 20 det
616 1306 23 18 är
654 1304 58 27 fråga
729 1310 32 14 om
778 1306 30 18 att
823 1303 95 21 anskaffa

91 1332 68 21 medel
184 1332 32 20 till
237 1332 166 27 genomförande
426 1333 21 19 af
466 1333 35 20 det
516 1332 191 27 försvarsväsende,
723 1339 44 14 som
784 1333 34 20 vid
835 1335 82 18 senaste

91 1361 101 27 landtdag
207 1363 80 25 antogs,
303 1361 107 25 nämligen
426 1361 282 27 värnepligtsinstitutionen.
738 1360 31 22 De
781 1361 46 21 kraf
837 1361 26 27 på
876 1367 42 20 nya

91 1389 150 27 uppoffringar,
265 1390 122 20 densamma
406 1390 88 24 fordrar,
510 1390 63 20 hafva
588 1390 71 20 funnit
674 1390 36 20 sitt
725 1390 83 26 uttryck
826 1390 29 20 uti
871 1390 46 20 icke

90 1418 83 20 mindre
189 1420 25 18 än
231 1419 12 19 3
259 1418 56 20 olika
334 1418 160 26 propositioner,
509 1418 71 20 hvilka
597 1418 34 20 vid
648 1418 69 20 denna
733 1418 100 27 landtdag
850 1418 68 20 blifvit

90 1446 157 21 öfverlemnade
271 1446 32 21 till
321 1446 129 21 Ständernas
466 1446 134 27 behandling,
616 1446 106 27 nemligen
738 1447 181 27 propositionerna

90 1481 34 14 om
147 1475 119 27 fastighets-
289 1475 39 21 och
351 1475 217 27 inkomstbevillning,
589 1482 33 13 om
639 1475 55 20 skatt
709 1475 26 27 på
751 1475 62 21 tobak
829 1475 38 21 och
883 1481 34 14 om

90 1503 55 21 skatt
168 1503 26 27 på
210 1503 148 27 maltdrycker.
388 1503 81 21 Härvid
486 1504 127 20 framställer
628 1504 32 26 sig
674 1503 79 28 frågan,
769 1504 5 20 i
792 1504 79 20 hvilket
886 1503 32 20 in-
