1117 1781
306 120 162 17 Presteståndet
484 120 56 17 1882.
565 120 28 16 24
605 120 97 16 februari.
850 114 41 21 275

92 189 64 20 behof
171 190 30 19 att
215 188 21 21 få
251 188 32 21 för
299 188 67 21 Eders
382 188 118 27 Kejserliga
516 188 98 27 Majestät
630 188 155 21 vördnadsfullt
801 188 77 27 betyga
894 188 26 21 de

92 217 100 27 hängifna
209 216 165 27 välönskningar
389 217 38 20 och
444 217 25 21 de
486 217 86 20 känslor
586 217 22 20 af
623 216 98 27 orubblig
736 217 120 26 förtröstan,
871 217 49 20 med

92 246 71 20 hvilka
179 245 101 21 Finlands
296 245 43 20 folk
356 245 66 21 helsat
437 245 68 21 Eders
521 245 119 27 Kejserliga
656 245 107 26 Majestäts
780 245 91 21 tillträde
888 245 32 21 till

93 274 130 27 regeringen,
240 273 89 28 känslor,
345 273 71 21 hvilka
432 273 26 22 de
469 274 77 27 nådiga
560 274 38 20 ord
610 273 100 21 hvarmed
722 273 68 21 Eders
801 273 120 28 Kejserliga

92 302 98 27 Majestät
205 303 68 20 täckts
288 304 69 25 öppna
373 302 57 21 detta
441 302 153 25 Ständermöte,
603 302 122 27 ytterligare
736 302 95 21 befästat.
856 302 63 25 »Allt,

92 337 45 14 som
154 333 33 18 rör
207 331 102 20 Finlands
325 331 39 25 väl,
380 333 23 18 är
417 331 33 20 för
466 331 46 21 mitt
528 331 66 27 hjerta
612 331 106 26 dyrbart»,
734 331 38 20 har
787 331 67 20 Eders
869 331 51 26 Kej-

92 359 77 27 serliga
192 359 97 28 Majestät
305 359 90 27 behagat
410 361 60 24 yttra.
501 359 43 22 Ord
560 359 79 21 sädana
655 365 44 14 som
716 359 67 25 dessa,
799 361 121 25 emottagna

93 388 47 21 med
164 388 40 21 den
228 388 97 27 djupaste
348 388 135 25 tacksamhet,
506 388 87 21 bevaras
616 387 70 21 såsom
707 389 30 19 ett
755 387 81 27 insegel
852 387 26 28 pä
893 387 26 21 de

92 416 166 28 förhoppningar
274 416 100 21 hvarmed
391 416 44 21 värt
450 417 44 20 folk
511 417 80 20 blickar
607 423 42 20 upp
665 417 30 20 till
711 417 32 19 sin
760 417 47 20 ädle
819 416 100 21 Suverän.

161 450 49 21 Med
234 451 61 20 dessa
317 450 87 21 känslor
423 450 21 21 af
466 450 131 27 undersätlig
621 450 93 21 vördnad
735 450 38 21 och
790 450 130 21 tacksamhet

92 480 22 19 är
130 479 81 21 minnet
234 479 21 20 af
277 479 26 20 de
327 479 124 27 oförgätliga
467 479 153 27 välgerningar,
637 478 67 21 Eders
720 478 119 27 Kejserliga
854 478 66 27 Maje-

92 509 50 19 stäts
157 507 122 28 förevigade
295 507 59 21 fader
369 510 63 25 egnat
448 511 36 18 det
498 508 69 21 finska
582 507 72 27 folket,
670 507 128 27 oupplösligt
817 507 102 20 förenadt.

160 542 10 20 I
187 542 39 21 den
243 541 165 28 skickelsedigra
423 542 70 26 stund,
509 542 27 21 dä
551 542 76 27 Kejsar
643 541 122 21 Alexander
780 541 22 20 II
817 541 38 27 ljöt
866 547 53 14 mar-

92 572 72 25 tyrens
187 570 48 26 död,
253 570 179 27 genombäfvades
448 571 47 20 hela
512 571 45 20 värt
572 570 50 21 land
638 570 21 20 af
675 570 40 20 den
732 569 94 21 bittraste
842 571 77 19 smärta

92 599 59 20 öfver
173 599 41 20 den
238 599 81 25 förlust,
344 605 46 14 som
411 599 23 20 sä
450 599 104 21 våldsamt
570 599 89 20 drabbat
674 599 35 20 det
724 598 119 27 Kejserliga
858 599 62 20 huset

92 627 38 21 och
153 627 26 21 de
201 627 50 26 folk,
275 627 82 21 hvilkas
380 627 75 22 sällhet
475 628 54 21 varit
545 627 41 21 den
603 627 154 27 hädangängne
772 627 93 20 furstens
881 627 38 20 lef-

92 656 101 21 nadsmäl.

160 690 75 27 Aldrig
251 690 38 20 har
305 690 60 21 ordet
380 690 110 27 landssorg
506 693 98 24 trognare
620 689 111 22 betecknat
744 689 174 27 själstämningen

92 719 38 20 hos
153 721 30 18 ett
205 719 44 20 helt
269 718 44 21 folk
332 720 26 19 än
375 719 27 20 dä
417 719 6 20 i
439 719 90 20 Finland
546 719 169 20 dödsklockorna
730 718 57 27 ljödo
803 718 60 20 öfver
877 717 42 21 den

92 747 123 27 oförgätlige
238 747 141 27 Välgörarens
403 747 56 20 stoft.
490 747 117 27 Sjelfmant,
631 747 69 20 säsom
723 747 74 20 endast
815 746 41 21 den
872 752 47 14 san-

92 777 59 19 naste
174 775 73 21 känsla
270 775 85 26 vaknar,
379 776 90 27 uppstod
492 776 26 20 dä
542 775 97 21 öfverallt
654 776 61 26 kring
732 775 48 20 våra
796 775 81 26 bygder
892 781 27 14 en

91 804 92 27 innerlig
205 804 80 21 önskan
309 806 30 18 att
364 804 41 21 den
431 804 163 27 landsfaderlige
621 804 101 21 Furstens
751 804 72 19 minne
849 803 70 20 blefve

92 833 89 20 hedradt
196 833 26 26 på
237 835 30 18 ett
285 834 46 21 sätt,
347 839 44 14 som
408 833 46 20 från
471 833 66 27 slägte
553 833 31 20 till
600 833 67 26 slägte
683 832 68 21 skulle
767 832 50 20 bära
833 832 87 20 vittnes-

92 861 51 20 börd
167 867 34 14 om
225 861 39 20 den
289 861 72 20 kärlek
385 861 39 20 och
445 861 137 26 tacksamhet,
607 861 100 20 hvarmed
727 861 52 20 hans
795 860 124 27 lifsgerning

92 889 126 21 omfattades
241 889 21 21 af
285 889 40 21 den
341 890 130 26 generation,
487 896 45 15 som
550 890 84 27 åtnjutit
650 890 77 27 hägnet
743 890 20 20 af
779 889 60 20 Hans
855 888 64 21 milda

92 919 39 20 och
147 918 53 21 dock
217 918 22 21 så
256 918 132 21 verksamma
404 918 94 26 styrelse.

160 952 101 21 Finlands
285 952 90 21 Ständer
396 952 96 21 betrakta
515 952 35 21 det
566 952 68 21 såsom
651 959 27 14 en
694 952 31 20 sin
742 952 90 27 dyrbara
848 952 71 27 rättig-

91 981 36 20 het
142 982 30 19 att
186 980 21 21 få
231 981 73 26 bringa
320 981 32 20 till
368 981 121 20 fullbordan
505 981 83 20 landets
603 981 82 20 önskan
701 983 30 18 att
746 987 46 14 resa
807 983 30 18 ett
851 981 67 20 natio-

92 1009 161 20 nalmonument
269 1009 20 20 åt
305 1009 39 20 den
361 1009 122 27 förevigade
498 1009 96 26 Monark,
611 1016 45 13 som
673 1009 151 27 oförvanskligt
835 1009 85 20 tecknat

91 1038 33 20 sin
137 1037 54 28 plats
206 1038 7 19 i
228 1037 101 21 Finlands
345 1037 78 26 häfder,
439 1038 6 19 i
462 1038 35 21 det
512 1038 42 20 han
567 1037 129 28 upprätthöll
709 1037 48 21 våra
770 1038 68 27 lagars
849 1037 70 27 helgd,

91 1066 167 27 återupplifvade
282 1066 45 21 vårt
345 1067 165 26 representativa
528 1067 118 25 statsskick,
663 1066 120 27 utjemnade
799 1067 26 20 de
842 1066 77 20 sociala

92 1095 108 26 olikheter,
222 1095 71 20 hvilka
317 1094 74 21 vållats
414 1095 20 20 af
458 1095 107 20 bristande
588 1095 137 26 likställighet
743 1095 77 20 mellan
837 1094 82 21 landets

92 1123 53 20 båda
168 1123 63 28 språk
255 1126 54 17 samt
334 1123 68 20 under
420 1123 130 21 medverkan
566 1123 21 20 af
602 1123 237 27 folkrepresentationen
856 1123 7 20 i
879 1122 41 21 alla

92 1151 118 28 riktningar
225 1151 102 28 främjade
345 1151 44 21 vårt
405 1151 127 21 fosterlands
551 1151 128 28 utveckling.

160 1179 29 27 Åt
205 1186 70 20 denna
291 1186 112 20 nationens
417 1186 106 27 enhälliga
534 1186 88 24 önskan,
634 1186 33 20 för
678 1186 61 20 hvars
750 1185 169 27 förverkligande

92 1214 41 21 den
148 1214 39 21 fria
203 1214 174 27 offervilligheten
393 1215 65 20 redan
475 1215 55 20 trädt
546 1215 7 20 i
572 1215 139 26 verksamhet,
730 1214 52 27 våga
802 1214 117 21 Ständerna

92 1243 86 27 utbedja
201 1243 32 27 sig
255 1243 67 21 Eders
343 1243 119 27 Kejserliga
487 1243 108 27 Majestäts
611 1243 104 25 sanktion,
729 1243 7 20 i
752 1243 35 20 det
802 1242 117 21 Ständerna

92 1278 29 14 nu
136 1272 7 20 i
167 1271 169 26 underdänighet
355 1271 89 26 anhälla,
461 1272 35 20 det
512 1272 80 20 täcktes
607 1272 67 20 Eders
690 1271 117 27 Kejserliga
822 1270 98 26 Majestät

92 1300 83 26 nädigst
183 1300 66 20 tilläta
265 1300 35 20 det
315 1300 68 20 finska
399 1300 65 20 folket
476 1303 30 18 att
515 1300 21 21 ät
551 1300 36 21 det
602 1300 122 27 välsignade
740 1300 81 20 minnet
835 1300 21 20 af
871 1299 49 21 Fin-

92 1328 61 21 lands
170 1328 129 28 bortgängne
316 1329 107 26 välgörare
439 1328 61 22 Hans
518 1328 98 27 Majestät
628 1328 102 27 Kejsaren
741 1329 38 20 och
790 1328 129 21 Storfursten

92 1357 125 21 Alexander
239 1357 22 20 II
282 1358 7 19 i
304 1357 84 21 landets
402 1357 131 21 hufvudstad
549 1364 91 20 uppresa
656 1364 27 14 en
699 1356 143 22 monumental
858 1358 61 24 staty,

92 1385 145 27 ätergifvande
253 1386 41 20 den
311 1386 132 26 förevigades
458 1386 71 20 anlete
545 1386 40 20 och
600 1386 82 26 gestalt,
697 1387 54 19 samt
767 1388 29 18 att
811 1386 32 20 för
855 1385 65 20 ända-

92 1414 64 20 mälet
178 1420 77 20 genom
279 1420 25 14 en
329 1414 20 20 af
371 1414 115 21 ständerna
508 1414 75 21 utsedd
607 1414 118 27 delegation
748 1414 123 20 föranstalta
893 1419 26 14 en

92 1442 94 21 national
209 1442 143 28 subskription
371 1442 26 28 pä
413 1442 35 21 det
464 1443 78 27 hvarje,
558 1443 62 20 äfven
637 1443 41 20 den
694 1443 91 26 ringaste
801 1442 22 21 af
838 1441 81 21 landets

92 1471 145 27 medborgare,
253 1471 70 21 blefve
339 1471 6 20 i
361 1471 82 21 tillfälle
459 1473 31 19 att
505 1471 83 27 deltaga
603 1472 7 20 i
628 1471 194 27 hyllningsgärden.
