1075 1736
217 136 54 20 1566
522 136 26 19 22
565 143 18 17 p.
600 138 82 18 Tonkok.

187 206 48 14 men
249 200 38 27 jag
303 200 96 22 anhäller
414 202 32 19 att
461 200 29 27 pä
506 200 36 22 det
565 200 148 22 bestämdaste
729 200 21 21 fä
766 202 122 25 protestera
904 202 57 20 emot
977 200 37 21 det

187 230 51 23 sätt,
261 228 101 22 hvarmed
385 229 207 26 landtdagsmannen
608 229 131 22 Tensikkala
762 229 67 27 ansäg
845 231 32 19 att
899 230 40 20 den
959 228 55 27 gifta

187 257 91 21 hustruu
295 258 69 21 skulle
380 258 84 21 komma
479 259 32 20 att
534 258 97 21 använda
653 258 32 21 sin
708 258 104 26 rättighet
835 260 33 19 att
888 258 51 21 råda
955 257 59 22 öfver

187 285 56 21 hvad
259 286 42 20 hon
317 292 76 19 genom
409 287 38 20 sitt
462 287 74 20 arbete
552 286 109 27 förtjenar.
684 287 43 25 Jag
742 286 70 21 mäste
823 288 121 25 protestera
955 289 58 18 emot

188 314 43 25 det,
249 314 70 21 derför
341 317 33 19 att
394 315 37 26 jag
453 315 82 21 känner
549 315 102 21 Finlands
668 315 90 27 gvinnor
773 315 44 21 lika
832 315 34 21 väl
882 321 46 15 som
944 315 69 26 nägon

188 349 70 14 annan
275 343 39 21 och
327 343 39 27 jag
388 344 80 21 känner
483 344 48 21 icke
547 351 26 14 en
589 344 55 21 enda
660 343 22 22 af
697 345 54 24 dem,
769 350 45 15 som
831 344 69 21 skulle
916 344 97 21 använda

188 371 33 21 sin
243 371 65 22 frihet
330 373 28 26 pä
380 375 30 19 ett
434 373 77 20 sädant
534 375 45 19 sätt
601 373 207 26 landtdagsmannen
824 373 130 21 Tensikkala
974 373 40 20 här

186 399 106 22 framhöll.

257 435 112 22 Edusmies
393 435 146 28 Pyydysmäki
560 436 92 21 vastusti
675 436 143 21 valiokunnan
840 435 173 28 yhteensovitus-

187 463 123 22 ehdotusta.

256 498 218 27 Landtdagsmannen
482 499 109 27 Råbergh:
607 499 41 27 Jag
663 499 69 21 skulle
748 498 33 22 för
796 499 42 21 min
855 499 35 21 del
901 499 113 26 godkänna

189 527 322 27 sammanjemkningsförslaget
534 528 39 21 och
597 528 39 21 ber
657 528 70 21 erinra
750 527 79 26 derom,
846 530 33 19 att
899 533 34 16 om
949 527 65 22 ocksä

188 556 128 25 paragrafen
338 556 124 26 godkännes
486 556 67 22 sädan
577 556 40 21 den
641 558 24 19 är
687 556 122 25 föreslagen
828 556 7 21 i
851 556 163 27 sammanjemk-

188 583 173 27 ningsförslaget,
378 585 24 20 sä
418 585 98 26 gvarstär
528 585 24 27 ju
568 585 56 21 ändä
639 585 37 21 det
692 585 145 21 förhällandet
853 586 33 19 att
901 584 90 21 hustrun
1007 584 6 21 i

189 612 118 22 allmänhet
321 613 48 21 icke
392 616 52 18 utan
467 620 102 15 mannens
593 613 109 27 samtycke
717 613 43 21 kan
776 613 117 21 verkställa
908 613 106 21 särskilda

188 641 89 22 arbeten
301 644 59 19 utom
382 642 99 21 hemmet.
513 642 59 21 Skall
587 643 43 20 hon
647 645 14 18 t.
678 649 31 14 ex.
727 641 68 22 drifva
810 642 76 26 näring
902 642 52 21 eller
969 642 45 21 leta

189 669 54 22 efter
259 670 74 21 arbete
348 671 33 20 för
397 673 31 19 att
444 671 113 26 tillgodose
573 671 104 22 hemmets
694 670 71 26 behof,
782 671 25 20 sä
822 671 70 21 mäste
908 671 41 20 hon
965 671 48 20 der-

188 698 33 21 till
237 699 64 21 hafva
316 705 102 16 mannens
434 700 109 27 samtycke
559 700 40 21 och
615 699 86 22 hvarför
716 700 55 21 skall
787 700 43 20 hon
846 699 77 22 räknas
940 699 32 21 till
988 706 26 15 en

188 733 71 15 annan
281 728 97 27 kategori
402 731 25 18 än
450 735 91 15 mannen
556 729 28 21 dä
599 729 42 20 hon
655 729 25 26 ju
695 729 57 20 ändä
768 729 44 20 stär
829 729 67 20 under
912 734 101 15 mannens

187 756 187 27 mälsmansskap?
404 757 32 21 Då
452 757 37 21 det
503 757 68 21 finnes
586 757 56 27 goda
659 757 39 22 och
713 757 131 26 förträffliga
860 759 47 19 män
924 757 90 20 likasom

188 785 57 25 goda
261 785 39 21 och
323 785 126 28 förträffliga
472 787 87 20 hustrur
582 786 41 21 och
645 786 62 21 äfven
731 788 116 19 motsatser
866 785 29 27 på
910 785 105 22 hvardera

189 813 74 26 hållet,
279 814 25 21 så
319 814 39 21 bör
374 821 46 14 man
436 815 47 21 icke
507 815 66 26 enligt
588 815 41 20 min
647 815 56 26 åsigt
719 815 87 21 beröfva
822 815 91 20 hustrun
929 815 26 20 de
971 817 44 18 rät-

188 842 95 26 tigheter
298 849 49 15 man
363 843 35 21 vill
414 843 87 27 tillägga
516 850 97 15 mannen.

256 884 246 32 Äänestysesitys:

257 928 47 21 Ken
329 929 108 27 hyväksyy
459 930 142 21 valiokunnan
632 930 166 26 kysymyksessä
823 929 75 21 olevan
927 928 88 27 yhteen-

189 957 227 31 sovitusehdotuksen,
432 958 72 21 mikäli
528 964 22 16 se
573 958 81 22 koskee
677 958 118 21 asetuksen
814 960 11 19 3
843 958 52 26 S:ää,
913 959 103 19 äänestää

189 987 70 25 jaa";

255 1003 53 38 joka
322 1021 38 14 sen
376 1016 83 26 hylkää,
476 1017 104 20 äänestää
596 1015 55 26 ,ei*.

258 1060 114 22 Päätös:

259 1102 26 19 34
309 1101 113 21 ei-äänellä
444 1103 24 20 18
489 1101 112 27 jaa-ääntä
625 1103 89 19 vastaan
738 1100 84 27 hylkäsi
843 1100 66 27 Sääty
927 1100 89 27 yhteen-

191 1128 227 23 sovitusehdotuksen.

259 1181 56 21 Tätä
341 1182 85 26 Säädyn
452 1183 101 25 päätöstä
579 1184 89 18 vastaan
693 1180 125 22 ilmoittivat
841 1180 175 22 vastalauseensa

191 1209 136 22 edusmiehet
344 1210 110 28 Svedberg,
469 1210 102 27 Hedberg,
587 1210 113 21 Ehrström
714 1210 23 27 ja
752 1210 88 20 Hoikka.

551 1286 14 19 4
580 1284 77 22 Luvun

581 1326 42 25 45

189 1365 146 27 hyväksyttiin
352 1366 64 21 ilman
432 1365 146 22 keskustelua.

259 1428 90 21 Muitten
366 1428 98 27 pykälien
480 1428 91 21 suhteen
588 1428 19 21 ei
623 1428 33 21 ole
672 1428 80 20 mitään
769 1426 116 22 ehdotusta
901 1425 59 26 tehty
976 1425 41 21 Ta-

189 1456 226 28 lonpoikaissäädylle.
