<?xml version="1.0" encoding="UTF-8"?>
<alto xmlns="http://www.loc.gov/standards/alto/ns-v3#" xmlns:xlink="http://www.w3.org/1999/xlink" xmlns:xsi="http://www.w3.org/2001/XMLSchema-instance" xsi:schemaLocation="http://www.loc.gov/standards/alto/ns-v3# http://www.loc.gov/alto/v3/alto-3-0.xsd">
	<Description>
		<MeasurementUnit>pixel</MeasurementUnit>
		<sourceImageInformation>
			<fileName>/tmp/tess_v7vp5pv1_input.PNG</fileName>
		</sourceImageInformation>
		<OCRProcessing ID="OCR_0">
			<ocrProcessingStep>
				<processingSoftware>
					<softwareName>tesseract 5.3.4</softwareName>
				</processingSoftware>
			</ocrProcessingStep>
		</OCRProcessing>
	</Description>
	<Layout>
		<Page WIDTH="1075" HEIGHT="1742" PHYSICAL_IMG_NR="0" ID="page_0">
			<PrintSpace HPOS="0" VPOS="0" WIDTH="1075" HEIGHT="1742">
				<ComposedBlock ID="cblock_0" HPOS="191" VPOS="135" WIDTH="464" HEIGHT="25">
					<TextBlock ID="block_0" HPOS="191" VPOS="135" WIDTH="464" HEIGHT="25">
						<TextLine ID="line_0" HPOS="191" VPOS="135" WIDTH="464" HEIGHT="25">
							<String ID="string_0" HPOS="191" VPOS="135" WIDTH="55" HEIGHT="20" WC="0.96" CONTENT="1540"/><SP WIDTH="252" VPOS="135" HPOS="246"/>
							<String ID="string_1" HPOS="498" VPOS="136" WIDTH="25" HEIGHT="18" WC="0.96" CONTENT="19"/><SP WIDTH="16" VPOS="136" HPOS="523"/>
							<String ID="string_2" HPOS="539" VPOS="142" WIDTH="18" HEIGHT="18" WC="0.93" CONTENT="p."/><SP WIDTH="16" VPOS="142" HPOS="557"/>
							<String ID="string_3" HPOS="573" VPOS="136" WIDTH="82" HEIGHT="18" WC="0.89" CONTENT="Toukok."/>
						</TextLine>
					</TextBlock>
				</ComposedBlock>
				<ComposedBlock ID="cblock_1" HPOS="160" VPOS="198" WIDTH="833" HEIGHT="1374">
					<TextBlock ID="block_1" HPOS="160" VPOS="198" WIDTH="830" HEIGHT="574">
						<TextLine ID="line_1" HPOS="230" VPOS="198" WIDTH="759" HEIGHT="28">
							<String ID="string_4" HPOS="230" VPOS="198" WIDTH="50" HEIGHT="22" WC="0.93" CONTENT="Med"/><SP WIDTH="16" VPOS="198" HPOS="280"/>
							<String ID="string_5" HPOS="296" VPOS="199" WIDTH="114" HEIGHT="27" WC="0.92" CONTENT="anledning"/><SP WIDTH="23" VPOS="199" HPOS="410"/>
							<String ID="string_6" HPOS="433" VPOS="199" WIDTH="91" HEIGHT="27" WC="0.90" CONTENT="specielt"/><SP WIDTH="15" VPOS="199" HPOS="524"/>
							<String ID="string_7" HPOS="539" VPOS="199" WIDTH="23" HEIGHT="21" WC="0.93" CONTENT="af"/><SP WIDTH="20" VPOS="199" HPOS="562"/>
							<String ID="string_8" HPOS="582" VPOS="199" WIDTH="210" HEIGHT="27" WC="0.92" CONTENT="landtdagsmannen"/><SP WIDTH="16" VPOS="199" HPOS="792"/>
							<String ID="string_9" HPOS="808" VPOS="199" WIDTH="124" HEIGHT="21" WC="0.92" CONTENT="Ehrströms"/><SP WIDTH="19" VPOS="199" HPOS="932"/>
							<String ID="string_10" HPOS="951" VPOS="204" WIDTH="38" HEIGHT="15" WC="0.92" CONTENT="an-"/>
						</TextLine>
						<TextLine ID="line_2" HPOS="162" VPOS="227" WIDTH="827" HEIGHT="28">
							<String ID="string_11" HPOS="162" VPOS="227" WIDTH="110" HEIGHT="27" WC="0.92" CONTENT="dragande"/><SP WIDTH="15" VPOS="227" HPOS="272"/>
							<String ID="string_12" HPOS="287" VPOS="228" WIDTH="39" HEIGHT="21" WC="0.96" CONTENT="och"/><SP WIDTH="16" VPOS="228" HPOS="326"/>
							<String ID="string_13" HPOS="342" VPOS="228" WIDTH="54" HEIGHT="21" WC="0.93" CONTENT="hans"/><SP WIDTH="16" VPOS="228" HPOS="396"/>
							<String ID="string_14" HPOS="412" VPOS="228" WIDTH="99" HEIGHT="27" WC="0.92" CONTENT="yttrande"/><SP WIDTH="16" VPOS="228" HPOS="511"/>
							<String ID="string_15" HPOS="527" VPOS="234" WIDTH="34" HEIGHT="15" WC="0.96" CONTENT="om"/><SP WIDTH="16" VPOS="234" HPOS="561"/>
							<String ID="string_16" HPOS="577" VPOS="228" WIDTH="55" HEIGHT="21" WC="0.96" CONTENT="huru"/><SP WIDTH="16" VPOS="228" HPOS="632"/>
							<String ID="string_17" HPOS="648" VPOS="228" WIDTH="132" HEIGHT="26" WC="0.96" CONTENT="nödvändigt"/><SP WIDTH="16" VPOS="228" HPOS="780"/>
							<String ID="string_18" HPOS="796" VPOS="228" WIDTH="37" HEIGHT="20" WC="0.93" CONTENT="det"/><SP WIDTH="16" VPOS="228" HPOS="833"/>
							<String ID="string_19" HPOS="849" VPOS="234" WIDTH="51" HEIGHT="16" WC="0.92" CONTENT="vore"/><SP WIDTH="14" VPOS="234" HPOS="900"/>
							<String ID="string_20" HPOS="914" VPOS="229" WIDTH="32" HEIGHT="19" WC="0.96" CONTENT="att"/><SP WIDTH="10" VPOS="229" HPOS="946"/>
							<String ID="string_21" HPOS="956" VPOS="227" WIDTH="33" HEIGHT="21" WC="0.96" CONTENT="för"/>
						</TextLine>
						<TextLine ID="line_3" HPOS="162" VPOS="256" WIDTH="827" HEIGHT="27">
							<String ID="string_22" HPOS="162" VPOS="256" WIDTH="70" HEIGHT="21" WC="0.93" CONTENT="denna"/><SP WIDTH="15" VPOS="256" HPOS="232"/>
							<String ID="string_23" HPOS="247" VPOS="256" WIDTH="46" HEIGHT="26" WC="0.93" CONTENT="lags"/><SP WIDTH="17" VPOS="256" HPOS="293"/>
							<String ID="string_24" HPOS="310" VPOS="256" WIDTH="125" HEIGHT="22" WC="0.92" CONTENT="efterlefnad"/><SP WIDTH="23" VPOS="256" HPOS="435"/>
							<String ID="string_25" HPOS="458" VPOS="256" WIDTH="71" HEIGHT="22" WC="0.91" CONTENT="skilda"/><SP WIDTH="22" VPOS="256" HPOS="529"/>
							<String ID="string_26" HPOS="551" VPOS="257" WIDTH="137" HEIGHT="26" WC="0.90" CONTENT="inspektörer"/><SP WIDTH="15" VPOS="257" HPOS="688"/>
							<String ID="string_27" HPOS="703" VPOS="256" WIDTH="71" HEIGHT="22" WC="0.92" CONTENT="blefve"/><SP WIDTH="16" VPOS="256" HPOS="774"/>
							<String ID="string_28" HPOS="790" VPOS="256" WIDTH="97" HEIGHT="26" WC="0.92" CONTENT="tillsatta,"/><SP WIDTH="16" VPOS="256" HPOS="887"/>
							<String ID="string_29" HPOS="903" VPOS="256" WIDTH="36" HEIGHT="21" WC="0.96" CONTENT="vill"/><SP WIDTH="12" VPOS="256" HPOS="939"/>
							<String ID="string_30" HPOS="951" VPOS="256" WIDTH="38" HEIGHT="27" WC="0.96" CONTENT="jag"/>
						</TextLine>
						<TextLine ID="line_4" HPOS="160" VPOS="285" WIDTH="829" HEIGHT="27">
							<String ID="string_31" HPOS="160" VPOS="285" WIDTH="102" HEIGHT="26" WC="0.92" CONTENT="päminna"/><SP WIDTH="14" VPOS="285" HPOS="262"/>
							<String ID="string_32" HPOS="276" VPOS="291" WIDTH="34" HEIGHT="15" WC="0.96" CONTENT="om"/><SP WIDTH="16" VPOS="291" HPOS="310"/>
							<String ID="string_33" HPOS="326" VPOS="288" WIDTH="32" HEIGHT="18" WC="0.96" CONTENT="att"/><SP WIDTH="15" VPOS="288" HPOS="358"/>
							<String ID="string_34" HPOS="373" VPOS="286" WIDTH="19" HEIGHT="20" WC="0.96" CONTENT="vi"/><SP WIDTH="16" VPOS="286" HPOS="392"/>
							<String ID="string_35" HPOS="408" VPOS="286" WIDTH="91" HEIGHT="26" WC="0.96" CONTENT="tidigare"/><SP WIDTH="16" VPOS="286" HPOS="499"/>
							<String ID="string_36" HPOS="515" VPOS="286" WIDTH="68" HEIGHT="21" WC="0.93" CONTENT="under"/><SP WIDTH="15" VPOS="286" HPOS="583"/>
							<String ID="string_37" HPOS="598" VPOS="285" WIDTH="144" HEIGHT="27" WC="0.91" CONTENT="landtdagens"/><SP WIDTH="16" VPOS="285" HPOS="742"/>
							<String ID="string_38" HPOS="758" VPOS="285" WIDTH="50" HEIGHT="27" WC="0.96" CONTENT="lopp"/><SP WIDTH="17" VPOS="285" HPOS="808"/>
							<String ID="string_39" HPOS="825" VPOS="285" WIDTH="40" HEIGHT="21" WC="0.92" CONTENT="här"/><SP WIDTH="14" VPOS="285" HPOS="865"/>
							<String ID="string_40" HPOS="879" VPOS="286" WIDTH="7" HEIGHT="20" WC="0.92" CONTENT="i"/><SP WIDTH="16" VPOS="286" HPOS="886"/>
							<String ID="string_41" HPOS="902" VPOS="285" WIDTH="87" HEIGHT="21" WC="0.92" CONTENT="ständet"/>
						</TextLine>
						<TextLine ID="line_5" HPOS="162" VPOS="314" WIDTH="826" HEIGHT="27">
							<String ID="string_42" HPOS="162" VPOS="315" WIDTH="79" HEIGHT="25" WC="0.91" CONTENT="antogo"/><SP WIDTH="16" VPOS="315" HPOS="241"/>
							<String ID="string_43" HPOS="257" VPOS="319" WIDTH="26" HEIGHT="15" WC="0.93" CONTENT="en"/><SP WIDTH="16" VPOS="319" HPOS="283"/>
							<String ID="string_44" HPOS="299" VPOS="314" WIDTH="115" HEIGHT="21" WC="0.92" CONTENT="förändrad"/><SP WIDTH="22" VPOS="314" HPOS="414"/>
							<String ID="string_45" HPOS="436" VPOS="314" WIDTH="150" HEIGHT="27" WC="0.91" CONTENT="städslingstid"/><SP WIDTH="23" VPOS="314" HPOS="586"/>
							<String ID="string_46" HPOS="609" VPOS="314" WIDTH="32" HEIGHT="21" WC="0.93" CONTENT="för"/><SP WIDTH="24" VPOS="314" HPOS="641"/>
							<String ID="string_47" HPOS="665" VPOS="314" WIDTH="138" HEIGHT="26" WC="0.92" CONTENT="tjenstehjon."/><SP WIDTH="32" VPOS="314" HPOS="803"/>
							<String ID="string_48" HPOS="835" VPOS="314" WIDTH="42" HEIGHT="21" WC="0.93" CONTENT="Det"/><SP WIDTH="16" VPOS="314" HPOS="877"/>
							<String ID="string_49" HPOS="893" VPOS="314" WIDTH="95" HEIGHT="27" WC="0.92" CONTENT="yttrades"/>
						</TextLine>
						<TextLine ID="line_6" HPOS="162" VPOS="342" WIDTH="827" HEIGHT="27">
							<String ID="string_50" HPOS="162" VPOS="342" WIDTH="27" HEIGHT="21" WC="0.93" CONTENT="dä"/><SP WIDTH="15" VPOS="342" HPOS="189"/>
							<String ID="string_51" HPOS="204" VPOS="342" WIDTH="79" HEIGHT="26" WC="0.92" CONTENT="mänga"/><SP WIDTH="15" VPOS="342" HPOS="283"/>
							<String ID="string_52" HPOS="298" VPOS="342" WIDTH="75" HEIGHT="22" WC="0.91" CONTENT="dubier"/><SP WIDTH="15" VPOS="342" HPOS="373"/>
							<String ID="string_53" HPOS="388" VPOS="350" WIDTH="34" HEIGHT="14" WC="0.95" CONTENT="om"/><SP WIDTH="15" VPOS="350" HPOS="422"/>
							<String ID="string_54" HPOS="437" VPOS="345" WIDTH="33" HEIGHT="19" WC="0.93" CONTENT="att"/><SP WIDTH="13" VPOS="345" HPOS="470"/>
							<String ID="string_55" HPOS="483" VPOS="342" WIDTH="44" HEIGHT="22" WC="0.93" CONTENT="ifall"/><SP WIDTH="12" VPOS="342" HPOS="527"/>
							<String ID="string_56" HPOS="539" VPOS="344" WIDTH="40" HEIGHT="20" WC="0.93" CONTENT="den"/><SP WIDTH="11" VPOS="344" HPOS="579"/>
							<String ID="string_57" HPOS="590" VPOS="342" WIDTH="129" HEIGHT="22" WC="0.92" CONTENT="förändrade"/><SP WIDTH="11" VPOS="342" HPOS="719"/>
							<String ID="string_58" HPOS="730" VPOS="342" WIDTH="179" HEIGHT="27" WC="0.92" CONTENT="städslingstiden"/><SP WIDTH="11" VPOS="342" HPOS="909"/>
							<String ID="string_59" HPOS="920" VPOS="342" WIDTH="69" HEIGHT="22" WC="0.92" CONTENT="blefve"/>
						</TextLine>
						<TextLine ID="line_7" HPOS="162" VPOS="370" WIDTH="827" HEIGHT="28">
							<String ID="string_60" HPOS="162" VPOS="373" WIDTH="101" HEIGHT="25" WC="0.92" CONTENT="antagen,"/><SP WIDTH="15" VPOS="373" HPOS="263"/>
							<String ID="string_61" HPOS="278" VPOS="370" WIDTH="151" HEIGHT="28" WC="0.91" CONTENT="författningen"/><SP WIDTH="15" VPOS="370" HPOS="429"/>
							<String ID="string_62" HPOS="444" VPOS="372" WIDTH="7" HEIGHT="20" WC="0.96" CONTENT="i"/><SP WIDTH="17" VPOS="372" HPOS="451"/>
							<String ID="string_63" HPOS="468" VPOS="372" WIDTH="61" HEIGHT="20" WC="0.93" CONTENT="detta"/><SP WIDTH="16" VPOS="372" HPOS="529"/>
							<String ID="string_64" HPOS="545" VPOS="371" WIDTH="102" HEIGHT="21" WC="0.92" CONTENT="afseende"/><SP WIDTH="23" VPOS="371" HPOS="647"/>
							<String ID="string_65" HPOS="670" VPOS="372" WIDTH="48" HEIGHT="20" WC="0.91" CONTENT="icke"/><SP WIDTH="24" VPOS="372" HPOS="718"/>
							<String ID="string_66" HPOS="742" VPOS="372" WIDTH="85" HEIGHT="20" WC="0.92" CONTENT="komme"/><SP WIDTH="20" VPOS="372" HPOS="827"/>
							<String ID="string_67" HPOS="847" VPOS="373" WIDTH="33" HEIGHT="19" WC="0.93" CONTENT="att"/><SP WIDTH="15" VPOS="373" HPOS="880"/>
							<String ID="string_68" HPOS="895" VPOS="370" WIDTH="94" HEIGHT="22" WC="0.89" CONTENT="efterlef-"/>
						</TextLine>
						<TextLine ID="line_8" HPOS="161" VPOS="399" WIDTH="828" HEIGHT="28">
							<String ID="string_69" HPOS="161" VPOS="406" WIDTH="45" HEIGHT="15" WC="0.95" CONTENT="vas."/><SP WIDTH="23" VPOS="406" HPOS="206"/>
							<String ID="string_70" HPOS="229" VPOS="399" WIDTH="42" HEIGHT="27" WC="0.96" CONTENT="Jag"/><SP WIDTH="15" VPOS="399" HPOS="271"/>
							<String ID="string_71" HPOS="286" VPOS="400" WIDTH="35" HEIGHT="20" WC="0.93" CONTENT="vill"/><SP WIDTH="15" VPOS="400" HPOS="321"/>
							<String ID="string_72" HPOS="336" VPOS="400" WIDTH="60" HEIGHT="27" WC="0.93" CONTENT="fräga"/><SP WIDTH="16" VPOS="400" HPOS="396"/>
							<String ID="string_73" HPOS="412" VPOS="401" WIDTH="40" HEIGHT="21" WC="0.93" CONTENT="den"/><SP WIDTH="16" VPOS="401" HPOS="452"/>
							<String ID="string_74" HPOS="468" VPOS="400" WIDTH="65" HEIGHT="22" WC="0.91" CONTENT="ärade"/><SP WIDTH="16" VPOS="400" HPOS="533"/>
							<String ID="string_75" HPOS="549" VPOS="400" WIDTH="89" HEIGHT="26" WC="0.92" CONTENT="talaren,"/><SP WIDTH="10" VPOS="400" HPOS="638"/>
							<String ID="string_76" HPOS="648" VPOS="400" WIDTH="86" HEIGHT="21" WC="0.92" CONTENT="hvarför"/><SP WIDTH="11" VPOS="400" HPOS="734"/>
							<String ID="string_77" HPOS="745" VPOS="400" WIDTH="42" HEIGHT="21" WC="0.93" CONTENT="han"/><SP WIDTH="12" VPOS="400" HPOS="787"/>
							<String ID="string_78" HPOS="799" VPOS="400" WIDTH="18" HEIGHT="27" WC="0.93" CONTENT="ej"/><SP WIDTH="13" VPOS="400" HPOS="817"/>
							<String ID="string_79" HPOS="830" VPOS="400" WIDTH="28" HEIGHT="21" WC="0.93" CONTENT="dä"/><SP WIDTH="11" VPOS="400" HPOS="858"/>
							<String ID="string_80" HPOS="869" VPOS="400" WIDTH="120" HEIGHT="27" WC="0.92" CONTENT="uppträdde"/>
						</TextLine>
						<TextLine ID="line_9" HPOS="162" VPOS="428" WIDTH="827" HEIGHT="27">
							<String ID="string_81" HPOS="162" VPOS="428" WIDTH="40" HEIGHT="21" WC="0.93" CONTENT="och"/><SP WIDTH="15" VPOS="428" HPOS="202"/>
							<String ID="string_82" HPOS="217" VPOS="428" WIDTH="81" HEIGHT="27" WC="0.91" CONTENT="yrkade"/><SP WIDTH="16" VPOS="428" HPOS="298"/>
							<String ID="string_83" HPOS="314" VPOS="428" WIDTH="27" HEIGHT="27" WC="0.93" CONTENT="pä"/><SP WIDTH="15" VPOS="428" HPOS="341"/>
							<String ID="string_84" HPOS="356" VPOS="429" WIDTH="133" HEIGHT="21" WC="0.92" CONTENT="inrättandet"/><SP WIDTH="15" VPOS="429" HPOS="489"/>
							<String ID="string_85" HPOS="504" VPOS="429" WIDTH="23" HEIGHT="21" WC="0.96" CONTENT="af"/><SP WIDTH="13" VPOS="429" HPOS="527"/>
							<String ID="string_86" HPOS="540" VPOS="429" WIDTH="107" HEIGHT="21" WC="0.92" CONTENT="särskilda"/><SP WIDTH="22" VPOS="429" HPOS="647"/>
							<String ID="string_87" HPOS="669" VPOS="429" WIDTH="137" HEIGHT="26" WC="0.92" CONTENT="inspektörer"/><SP WIDTH="19" VPOS="429" HPOS="806"/>
							<String ID="string_88" HPOS="825" VPOS="428" WIDTH="32" HEIGHT="22" WC="0.96" CONTENT="för"/><SP WIDTH="16" VPOS="428" HPOS="857"/>
							<String ID="string_89" HPOS="873" VPOS="432" WIDTH="32" HEIGHT="18" WC="0.93" CONTENT="att"/><SP WIDTH="16" VPOS="432" HPOS="905"/>
							<String ID="string_90" HPOS="921" VPOS="428" WIDTH="68" HEIGHT="22" WC="0.92" CONTENT="öfver-"/>
						</TextLine>
						<TextLine ID="line_10" HPOS="161" VPOS="456" WIDTH="828" HEIGHT="28">
							<String ID="string_91" HPOS="161" VPOS="457" WIDTH="62" HEIGHT="26" WC="0.92" CONTENT="vaka,"/><SP WIDTH="17" VPOS="457" HPOS="223"/>
							<String ID="string_92" HPOS="240" VPOS="459" WIDTH="33" HEIGHT="19" WC="0.93" CONTENT="att"/><SP WIDTH="16" VPOS="459" HPOS="273"/>
							<String ID="string_93" HPOS="289" VPOS="456" WIDTH="60" HEIGHT="22" WC="0.92" CONTENT="äfven"/><SP WIDTH="17" VPOS="456" HPOS="349"/>
							<String ID="string_94" HPOS="366" VPOS="458" WIDTH="68" HEIGHT="21" WC="0.93" CONTENT="denna"/><SP WIDTH="15" VPOS="458" HPOS="434"/>
							<String ID="string_95" HPOS="449" VPOS="458" WIDTH="126" HEIGHT="25" WC="0.92" CONTENT="författning"/><SP WIDTH="16" VPOS="458" HPOS="575"/>
							<String ID="string_96" HPOS="591" VPOS="458" WIDTH="70" HEIGHT="20" WC="0.92" CONTENT="blefve"/><SP WIDTH="16" VPOS="458" HPOS="661"/>
							<String ID="string_97" HPOS="677" VPOS="457" WIDTH="105" HEIGHT="22" WC="0.92" CONTENT="efterlefd."/><SP WIDTH="23" VPOS="457" HPOS="782"/>
							<String ID="string_98" HPOS="805" VPOS="457" WIDTH="42" HEIGHT="27" WC="0.93" CONTENT="Jag"/><SP WIDTH="11" VPOS="457" HPOS="847"/>
							<String ID="string_99" HPOS="858" VPOS="458" WIDTH="65" HEIGHT="26" WC="0.92" CONTENT="vägar"/><SP WIDTH="14" VPOS="458" HPOS="923"/>
							<String ID="string_100" HPOS="937" VPOS="458" WIDTH="52" HEIGHT="26" WC="0.92" CONTENT="hop-"/>
						</TextLine>
						<TextLine ID="line_11" HPOS="162" VPOS="485" WIDTH="827" HEIGHT="27">
							<String ID="string_101" HPOS="162" VPOS="492" WIDTH="39" HEIGHT="20" WC="0.96" CONTENT="pas"/><SP WIDTH="17" VPOS="492" HPOS="201"/>
							<String ID="string_102" HPOS="218" VPOS="487" WIDTH="33" HEIGHT="19" WC="0.96" CONTENT="att"/><SP WIDTH="14" VPOS="487" HPOS="251"/>
							<String ID="string_103" HPOS="265" VPOS="485" WIDTH="69" HEIGHT="22" WC="0.96" CONTENT="finska"/><SP WIDTH="15" VPOS="485" HPOS="334"/>
							<String ID="string_104" HPOS="349" VPOS="486" WIDTH="78" HEIGHT="22" WC="0.93" CONTENT="folkets"/><SP WIDTH="16" VPOS="486" HPOS="427"/>
							<String ID="string_105" HPOS="443" VPOS="487" WIDTH="59" HEIGHT="20" WC="0.96" CONTENT="såväl"/><SP WIDTH="17" VPOS="487" HPOS="502"/>
							<String ID="string_106" HPOS="519" VPOS="486" WIDTH="98" HEIGHT="22" WC="0.96" CONTENT="arbetare"/><SP WIDTH="16" VPOS="486" HPOS="617"/>
							<String ID="string_107" HPOS="633" VPOS="492" WIDTH="46" HEIGHT="16" WC="0.93" CONTENT="som"/><SP WIDTH="16" VPOS="492" HPOS="679"/>
							<String ID="string_108" HPOS="695" VPOS="486" WIDTH="162" HEIGHT="26" WC="0.92" CONTENT="arbetsgifvare,"/><SP WIDTH="12" VPOS="486" HPOS="857"/>
							<String ID="string_109" HPOS="869" VPOS="489" WIDTH="37" HEIGHT="18" WC="0.96" CONTENT="äro"/><SP WIDTH="16" VPOS="489" HPOS="906"/>
							<String ID="string_110" HPOS="922" VPOS="488" WIDTH="32" HEIGHT="19" WC="0.86" CONTENT="ett"/><SP WIDTH="10" VPOS="488" HPOS="954"/>
							<String ID="string_111" HPOS="964" VPOS="486" WIDTH="25" HEIGHT="20" WC="0.86" CONTENT="sä"/>
						</TextLine>
						<TextLine ID="line_12" HPOS="162" VPOS="514" WIDTH="827" HEIGHT="27">
							<String ID="string_112" HPOS="162" VPOS="514" WIDTH="106" HEIGHT="27" WC="0.78" CONTENT="laglydigt"/><SP WIDTH="15" VPOS="514" HPOS="268"/>
							<String ID="string_113" HPOS="283" VPOS="514" WIDTH="50" HEIGHT="26" WC="0.96" CONTENT="folk,"/><SP WIDTH="15" VPOS="514" HPOS="333"/>
							<String ID="string_114" HPOS="348" VPOS="517" WIDTH="33" HEIGHT="19" WC="0.96" CONTENT="att"/><SP WIDTH="16" VPOS="517" HPOS="381"/>
							<String ID="string_115" HPOS="397" VPOS="515" WIDTH="26" HEIGHT="21" WC="0.93" CONTENT="de"/><SP WIDTH="23" VPOS="515" HPOS="423"/>
							<String ID="string_116" HPOS="446" VPOS="514" WIDTH="111" HEIGHT="22" WC="0.91" CONTENT="efterlefva"/><SP WIDTH="15" VPOS="514" HPOS="557"/>
							<String ID="string_117" HPOS="572" VPOS="515" WIDTH="27" HEIGHT="21" WC="0.96" CONTENT="de"/><SP WIDTH="15" VPOS="515" HPOS="599"/>
							<String ID="string_118" HPOS="614" VPOS="515" WIDTH="61" HEIGHT="26" WC="0.96" CONTENT="lagar"/><SP WIDTH="16" VPOS="515" HPOS="675"/>
							<String ID="string_119" HPOS="691" VPOS="515" WIDTH="40" HEIGHT="21" WC="0.93" CONTENT="och"/><SP WIDTH="16" VPOS="515" HPOS="731"/>
							<String ID="string_120" HPOS="747" VPOS="515" WIDTH="152" HEIGHT="26" WC="0.96" CONTENT="författningar"/><SP WIDTH="15" VPOS="515" HPOS="899"/>
							<String ID="string_121" HPOS="914" VPOS="517" WIDTH="75" HEIGHT="24" WC="0.95" CONTENT="regent"/>
						</TextLine>
						<TextLine ID="line_13" HPOS="162" VPOS="543" WIDTH="827" HEIGHT="27">
							<String ID="string_122" HPOS="162" VPOS="543" WIDTH="41" HEIGHT="21" WC="0.93" CONTENT="och"/><SP WIDTH="16" VPOS="543" HPOS="203"/>
							<String ID="string_123" HPOS="219" VPOS="543" WIDTH="89" HEIGHT="21" WC="0.92" CONTENT="ständer"/><SP WIDTH="15" VPOS="543" HPOS="308"/>
							<String ID="string_124" HPOS="323" VPOS="543" WIDTH="66" HEIGHT="26" WC="0.96" CONTENT="stifta,"/><SP WIDTH="17" VPOS="543" HPOS="389"/>
							<String ID="string_125" HPOS="406" VPOS="546" WIDTH="51" HEIGHT="19" WC="0.96" CONTENT="utan"/><SP WIDTH="17" VPOS="546" HPOS="457"/>
							<String ID="string_126" HPOS="474" VPOS="546" WIDTH="32" HEIGHT="19" WC="0.96" CONTENT="att"/><SP WIDTH="16" VPOS="546" HPOS="506"/>
							<String ID="string_127" HPOS="522" VPOS="544" WIDTH="47" HEIGHT="21" WC="0.93" CONTENT="dem"/><SP WIDTH="17" VPOS="544" HPOS="569"/>
							<String ID="string_128" HPOS="586" VPOS="544" WIDTH="103" HEIGHT="21" WC="0.92" CONTENT="behöfver"/><SP WIDTH="15" VPOS="544" HPOS="689"/>
							<String ID="string_129" HPOS="704" VPOS="544" WIDTH="106" HEIGHT="26" WC="0.91" CONTENT="päläggas"/><SP WIDTH="12" VPOS="544" HPOS="810"/>
							<String ID="string_130" HPOS="822" VPOS="544" WIDTH="70" HEIGHT="21" WC="0.93" CONTENT="skilda"/><SP WIDTH="10" VPOS="544" HPOS="892"/>
							<String ID="string_131" HPOS="902" VPOS="544" WIDTH="87" HEIGHT="26" WC="0.92" CONTENT="inspek-"/>
						</TextLine>
						<TextLine ID="line_14" HPOS="163" VPOS="572" WIDTH="825" HEIGHT="27">
							<String ID="string_132" HPOS="163" VPOS="573" WIDTH="59" HEIGHT="19" WC="0.92" CONTENT="törer"/><SP WIDTH="14" VPOS="573" HPOS="222"/>
							<String ID="string_133" HPOS="236" VPOS="572" WIDTH="7" HEIGHT="20" WC="0.93" CONTENT="i"/><SP WIDTH="16" VPOS="572" HPOS="243"/>
							<String ID="string_134" HPOS="259" VPOS="572" WIDTH="52" HEIGHT="21" WC="0.93" CONTENT="slikt"/><SP WIDTH="14" VPOS="572" HPOS="311"/>
							<String ID="string_135" HPOS="325" VPOS="572" WIDTH="109" HEIGHT="22" WC="0.92" CONTENT="afseende."/><SP WIDTH="23" VPOS="572" HPOS="434"/>
							<String ID="string_136" HPOS="457" VPOS="573" WIDTH="42" HEIGHT="21" WC="0.96" CONTENT="Det"/><SP WIDTH="16" VPOS="573" HPOS="499"/>
							<String ID="string_137" HPOS="515" VPOS="575" WIDTH="24" HEIGHT="19" WC="0.92" CONTENT="är"/><SP WIDTH="14" VPOS="575" HPOS="539"/>
							<String ID="string_138" HPOS="553" VPOS="573" WIDTH="48" HEIGHT="21" WC="0.90" CONTENT="icke"/><SP WIDTH="15" VPOS="573" HPOS="601"/>
							<String ID="string_139" HPOS="616" VPOS="572" WIDTH="33" HEIGHT="22" WC="0.96" CONTENT="för"/><SP WIDTH="16" VPOS="572" HPOS="649"/>
							<String ID="string_140" HPOS="665" VPOS="575" WIDTH="33" HEIGHT="19" WC="0.96" CONTENT="att"/><SP WIDTH="15" VPOS="575" HPOS="698"/>
							<String ID="string_141" HPOS="713" VPOS="573" WIDTH="95" HEIGHT="21" WC="0.93" CONTENT="undvika"/><SP WIDTH="15" VPOS="573" HPOS="808"/>
							<String ID="string_142" HPOS="823" VPOS="572" WIDTH="165" HEIGHT="27" WC="0.92" CONTENT="författningens"/>
						</TextLine>
						<TextLine ID="line_15" HPOS="163" VPOS="600" WIDTH="826" HEIGHT="28">
							<String ID="string_143" HPOS="163" VPOS="600" WIDTH="133" HEIGHT="26" WC="0.89" CONTENT="efterlefnad,"/><SP WIDTH="17" VPOS="600" HPOS="296"/>
							<String ID="string_144" HPOS="313" VPOS="607" WIDTH="45" HEIGHT="15" WC="0.96" CONTENT="som"/><SP WIDTH="14" VPOS="607" HPOS="358"/>
							<String ID="string_145" HPOS="372" VPOS="602" WIDTH="37" HEIGHT="26" WC="0.93" CONTENT="jag"/><SP WIDTH="16" VPOS="602" HPOS="409"/>
							<String ID="string_146" HPOS="425" VPOS="603" WIDTH="70" HEIGHT="19" WC="0.92" CONTENT="röstar"/><SP WIDTH="16" VPOS="603" HPOS="495"/>
							<String ID="string_147" HPOS="511" VPOS="604" WIDTH="58" HEIGHT="18" WC="0.93" CONTENT="emot"/><SP WIDTH="14" VPOS="604" HPOS="569"/>
							<String ID="string_148" HPOS="583" VPOS="602" WIDTH="134" HEIGHT="20" WC="0.91" CONTENT="inrättandet"/><SP WIDTH="15" VPOS="602" HPOS="717"/>
							<String ID="string_149" HPOS="732" VPOS="601" WIDTH="23" HEIGHT="21" WC="0.93" CONTENT="af"/><SP WIDTH="14" VPOS="601" HPOS="755"/>
							<String ID="string_150" HPOS="769" VPOS="601" WIDTH="54" HEIGHT="21" WC="0.92" CONTENT="slika"/><SP WIDTH="16" VPOS="601" HPOS="823"/>
							<String ID="string_151" HPOS="839" VPOS="601" WIDTH="150" HEIGHT="27" WC="0.91" CONTENT="yrkesinspek-"/>
						</TextLine>
						<TextLine ID="line_16" HPOS="162" VPOS="630" WIDTH="828" HEIGHT="26">
							<String ID="string_152" HPOS="162" VPOS="630" WIDTH="65" HEIGHT="20" WC="0.92" CONTENT="törer."/><SP WIDTH="31" VPOS="630" HPOS="227"/>
							<String ID="string_153" HPOS="258" VPOS="630" WIDTH="42" HEIGHT="25" WC="0.93" CONTENT="Jag"/><SP WIDTH="15" VPOS="630" HPOS="300"/>
							<String ID="string_154" HPOS="315" VPOS="631" WIDTH="70" HEIGHT="20" WC="0.93" CONTENT="röstar"/><SP WIDTH="15" VPOS="631" HPOS="385"/>
							<String ID="string_155" HPOS="400" VPOS="632" WIDTH="58" HEIGHT="19" WC="0.96" CONTENT="emot"/><SP WIDTH="22" VPOS="632" HPOS="458"/>
							<String ID="string_156" HPOS="480" VPOS="630" WIDTH="47" HEIGHT="21" WC="0.92" CONTENT="dem"/><SP WIDTH="25" VPOS="630" HPOS="527"/>
							<String ID="string_157" HPOS="552" VPOS="630" WIDTH="77" HEIGHT="25" WC="0.91" CONTENT="derför,"/><SP WIDTH="17" VPOS="630" HPOS="629"/>
							<String ID="string_158" HPOS="646" VPOS="633" WIDTH="33" HEIGHT="18" WC="0.96" CONTENT="att"/><SP WIDTH="23" VPOS="633" HPOS="679"/>
							<String ID="string_159" HPOS="702" VPOS="630" WIDTH="60" HEIGHT="26" WC="0.96" CONTENT="lagar"/><SP WIDTH="16" VPOS="630" HPOS="762"/>
							<String ID="string_160" HPOS="778" VPOS="630" WIDTH="40" HEIGHT="21" WC="0.93" CONTENT="och"/><SP WIDTH="22" VPOS="630" HPOS="818"/>
							<String ID="string_161" HPOS="840" VPOS="630" WIDTH="150" HEIGHT="26" WC="0.92" CONTENT="författningar"/>
						</TextLine>
						<TextLine ID="line_17" HPOS="162" VPOS="658" WIDTH="827" HEIGHT="27">
							<String ID="string_162" HPOS="162" VPOS="658" WIDTH="72" HEIGHT="20" WC="0.93" CONTENT="kunna"/><SP WIDTH="15" VPOS="658" HPOS="234"/>
							<String ID="string_163" HPOS="249" VPOS="658" WIDTH="79" HEIGHT="21" WC="0.96" CONTENT="förstås"/><SP WIDTH="16" VPOS="658" HPOS="328"/>
							<String ID="string_164" HPOS="344" VPOS="659" WIDTH="85" HEIGHT="26" WC="0.96" CONTENT="mycket"/><SP WIDTH="22" VPOS="659" HPOS="429"/>
							<String ID="string_165" HPOS="451" VPOS="659" WIDTH="63" HEIGHT="24" WC="0.96" CONTENT="olika,"/><SP WIDTH="17" VPOS="659" HPOS="514"/>
							<String ID="string_166" HPOS="531" VPOS="659" WIDTH="40" HEIGHT="21" WC="0.96" CONTENT="och"/><SP WIDTH="23" VPOS="659" HPOS="571"/>
							<String ID="string_167" HPOS="594" VPOS="659" WIDTH="73" HEIGHT="21" WC="0.93" CONTENT="kunna"/><SP WIDTH="15" VPOS="659" HPOS="667"/>
							<String ID="string_168" HPOS="682" VPOS="658" WIDTH="56" HEIGHT="27" WC="0.96" CONTENT="gifva"/><SP WIDTH="16" VPOS="658" HPOS="738"/>
							<String ID="string_169" HPOS="754" VPOS="659" WIDTH="116" HEIGHT="26" WC="0.95" CONTENT="anledning"/><SP WIDTH="16" VPOS="659" HPOS="870"/>
							<String ID="string_170" HPOS="886" VPOS="659" WIDTH="30" HEIGHT="21" WC="0.93" CONTENT="till"/><SP WIDTH="18" VPOS="659" HPOS="916"/>
							<String ID="string_171" HPOS="934" VPOS="665" WIDTH="55" HEIGHT="20" WC="0.93" CONTENT="myc-"/>
						</TextLine>
						<TextLine ID="line_18" HPOS="162" VPOS="686" WIDTH="828" HEIGHT="28">
							<String ID="string_172" HPOS="162" VPOS="686" WIDTH="45" HEIGHT="26" WC="0.92" CONTENT="ket,"/><SP WIDTH="16" VPOS="686" HPOS="207"/>
							<String ID="string_173" HPOS="223" VPOS="692" WIDTH="48" HEIGHT="16" WC="0.96" CONTENT="som"/><SP WIDTH="16" VPOS="692" HPOS="271"/>
							<String ID="string_174" HPOS="287" VPOS="687" WIDTH="5" HEIGHT="20" WC="0.96" CONTENT="i"/><SP WIDTH="16" VPOS="687" HPOS="292"/>
							<String ID="string_175" HPOS="308" VPOS="687" WIDTH="47" HEIGHT="21" WC="0.93" CONTENT="mitt"/><SP WIDTH="16" VPOS="687" HPOS="355"/>
							<String ID="string_176" HPOS="371" VPOS="688" WIDTH="62" HEIGHT="26" WC="0.92" CONTENT="tycke"/><SP WIDTH="19" VPOS="688" HPOS="433"/>
							<String ID="string_177" HPOS="452" VPOS="690" WIDTH="85" HEIGHT="18" WC="0.90" CONTENT="närmar"/><SP WIDTH="20" VPOS="690" HPOS="537"/>
							<String ID="string_178" HPOS="557" VPOS="688" WIDTH="33" HEIGHT="26" WC="0.93" CONTENT="sig"/><SP WIDTH="16" VPOS="688" HPOS="590"/>
							<String ID="string_179" HPOS="606" VPOS="688" WIDTH="149" HEIGHT="25" WC="0.91" CONTENT="trakasserier,"/><SP WIDTH="17" VPOS="688" HPOS="755"/>
							<String ID="string_180" HPOS="772" VPOS="693" WIDTH="34" HEIGHT="15" WC="0.96" CONTENT="om"/><SP WIDTH="17" VPOS="693" HPOS="806"/>
							<String ID="string_181" HPOS="823" VPOS="694" WIDTH="48" HEIGHT="14" WC="0.93" CONTENT="man"/><SP WIDTH="16" VPOS="694" HPOS="871"/>
							<String ID="string_182" HPOS="887" VPOS="687" WIDTH="103" HEIGHT="21" WC="0.93" CONTENT="särskildt"/>
						</TextLine>
						<TextLine ID="line_19" HPOS="162" VPOS="715" WIDTH="828" HEIGHT="28">
							<String ID="string_183" HPOS="162" VPOS="715" WIDTH="104" HEIGHT="21" WC="0.96" CONTENT="tillsätter"/><SP WIDTH="15" VPOS="715" HPOS="266"/>
							<String ID="string_184" HPOS="281" VPOS="716" WIDTH="147" HEIGHT="26" WC="0.96" CONTENT="myndigheter"/><SP WIDTH="16" VPOS="716" HPOS="428"/>
							<String ID="string_185" HPOS="444" VPOS="716" WIDTH="39" HEIGHT="22" WC="0.93" CONTENT="och"/><SP WIDTH="21" VPOS="716" HPOS="483"/>
							<String ID="string_186" HPOS="504" VPOS="716" WIDTH="135" HEIGHT="27" WC="0.96" CONTENT="inspektörer"/><SP WIDTH="16" VPOS="716" HPOS="639"/>
							<String ID="string_187" HPOS="655" VPOS="716" WIDTH="32" HEIGHT="22" WC="0.96" CONTENT="för"/><SP WIDTH="16" VPOS="716" HPOS="687"/>
							<String ID="string_188" HPOS="703" VPOS="718" WIDTH="33" HEIGHT="20" WC="0.93" CONTENT="att"/><SP WIDTH="16" VPOS="718" HPOS="736"/>
							<String ID="string_189" HPOS="752" VPOS="716" WIDTH="114" HEIGHT="22" WC="0.91" CONTENT="öfvervaka"/><SP WIDTH="16" VPOS="716" HPOS="866"/>
							<String ID="string_190" HPOS="882" VPOS="716" WIDTH="62" HEIGHT="21" WC="0.93" CONTENT="deras"/><SP WIDTH="16" VPOS="716" HPOS="944"/>
							<String ID="string_191" HPOS="960" VPOS="716" WIDTH="30" HEIGHT="21" WC="0.91" CONTENT="ef-"/>
						</TextLine>
						<TextLine ID="line_20" HPOS="162" VPOS="743" WIDTH="218" HEIGHT="29">
							<String ID="string_192" HPOS="162" VPOS="743" WIDTH="113" HEIGHT="22" WC="0.92" CONTENT="terlefnad."/><SP WIDTH="20" VPOS="743" HPOS="275"/>
							<String ID="string_193" HPOS="295" VPOS="744" WIDTH="85" HEIGHT="28" WC="0.96" CONTENT="(Hyvä)."/>
						</TextLine>
					</TextBlock>
					<TextBlock ID="block_2" HPOS="162" VPOS="772" WIDTH="831" HEIGHT="800">
						<TextLine ID="line_21" HPOS="231" VPOS="772" WIDTH="758" HEIGHT="28">
							<String ID="string_194" HPOS="231" VPOS="772" WIDTH="216" HEIGHT="28" WC="0.91" CONTENT="Landtdagsmannen"/><SP WIDTH="9" VPOS="772" HPOS="447"/>
							<String ID="string_195" HPOS="456" VPOS="773" WIDTH="117" HEIGHT="27" WC="0.73" CONTENT="Lindberg:"/><SP WIDTH="16" VPOS="773" HPOS="573"/>
							<String ID="string_196" HPOS="589" VPOS="773" WIDTH="119" HEIGHT="26" WC="0.91" CONTENT="Medgifvas"/><SP WIDTH="16" VPOS="773" HPOS="708"/>
							<String ID="string_197" HPOS="724" VPOS="773" WIDTH="70" HEIGHT="21" WC="0.96" CONTENT="måste"/><SP WIDTH="17" VPOS="773" HPOS="794"/>
							<String ID="string_198" HPOS="811" VPOS="775" WIDTH="38" HEIGHT="24" WC="0.73" CONTENT="att,"/><SP WIDTH="12" VPOS="775" HPOS="849"/>
							<String ID="string_199" HPOS="861" VPOS="774" WIDTH="5" HEIGHT="20" WC="0.73" CONTENT="i"/><SP WIDTH="12" VPOS="774" HPOS="866"/>
							<String ID="string_200" HPOS="878" VPOS="773" WIDTH="48" HEIGHT="21" WC="0.96" CONTENT="vårt"/><SP WIDTH="13" VPOS="773" HPOS="926"/>
							<String ID="string_201" HPOS="939" VPOS="773" WIDTH="50" HEIGHT="21" WC="0.96" CONTENT="land"/>
						</TextLine>
						<TextLine ID="line_22" HPOS="163" VPOS="800" WIDTH="829" HEIGHT="29">
							<String ID="string_202" HPOS="163" VPOS="800" WIDTH="76" HEIGHT="22" WC="0.96" CONTENT="hittills"/><SP WIDTH="17" VPOS="800" HPOS="239"/>
							<String ID="string_203" HPOS="256" VPOS="802" WIDTH="81" HEIGHT="26" WC="0.96" CONTENT="ganska"/><SP WIDTH="16" VPOS="802" HPOS="337"/>
							<String ID="string_204" HPOS="353" VPOS="802" WIDTH="47" HEIGHT="21" WC="0.93" CONTENT="litet"/><SP WIDTH="24" VPOS="802" HPOS="400"/>
							<String ID="string_205" HPOS="424" VPOS="802" WIDTH="68" HEIGHT="21" WC="0.92" CONTENT="blifvit"/><SP WIDTH="19" VPOS="802" HPOS="492"/>
							<String ID="string_206" HPOS="511" VPOS="802" WIDTH="72" HEIGHT="27" WC="0.86" CONTENT="gjordt"/><SP WIDTH="14" VPOS="802" HPOS="583"/>
							<String ID="string_207" HPOS="597" VPOS="802" WIDTH="33" HEIGHT="21" WC="0.93" CONTENT="för"/><SP WIDTH="15" VPOS="802" HPOS="630"/>
							<String ID="string_208" HPOS="645" VPOS="802" WIDTH="204" HEIGHT="27" WC="0.92" CONTENT="kroppsarbetaren,"/><SP WIDTH="17" VPOS="802" HPOS="849"/>
							<String ID="string_209" HPOS="866" VPOS="808" WIDTH="48" HEIGHT="15" WC="0.92" CONTENT="men"/><SP WIDTH="16" VPOS="808" HPOS="914"/>
							<String ID="string_210" HPOS="930" VPOS="801" WIDTH="62" HEIGHT="22" WC="0.96" CONTENT="deraf"/>
						</TextLine>
						<TextLine ID="line_23" HPOS="162" VPOS="829" WIDTH="827" HEIGHT="29">
							<String ID="string_211" HPOS="162" VPOS="829" WIDTH="63" HEIGHT="27" WC="0.96" CONTENT="följer"/><SP WIDTH="16" VPOS="829" HPOS="225"/>
							<String ID="string_212" HPOS="241" VPOS="830" WIDTH="55" HEIGHT="21" WC="0.93" CONTENT="dock"/><SP WIDTH="16" VPOS="830" HPOS="296"/>
							<String ID="string_213" HPOS="312" VPOS="830" WIDTH="39" HEIGHT="21" WC="0.96" CONTENT="alls"/><SP WIDTH="17" VPOS="830" HPOS="351"/>
							<String ID="string_214" HPOS="368" VPOS="831" WIDTH="54" HEIGHT="25" WC="0.96" CONTENT="icke,"/><SP WIDTH="16" VPOS="831" HPOS="422"/>
							<String ID="string_215" HPOS="438" VPOS="832" WIDTH="32" HEIGHT="20" WC="0.93" CONTENT="att"/><SP WIDTH="22" VPOS="832" HPOS="470"/>
							<String ID="string_216" HPOS="492" VPOS="830" WIDTH="86" HEIGHT="27" WC="0.93" CONTENT="frågans"/><SP WIDTH="23" VPOS="830" HPOS="578"/>
							<String ID="string_217" HPOS="601" VPOS="831" WIDTH="137" HEIGHT="26" WC="0.87" CONTENT="gvintessens"/><SP WIDTH="24" VPOS="831" HPOS="738"/>
							<String ID="string_218" HPOS="762" VPOS="831" WIDTH="69" HEIGHT="21" WC="0.93" CONTENT="skulle"/><SP WIDTH="23" VPOS="831" HPOS="831"/>
							<String ID="string_219" HPOS="854" VPOS="831" WIDTH="57" HEIGHT="27" WC="0.94" CONTENT="ligga"/><SP WIDTH="5" VPOS="831" HPOS="911"/>
							<String ID="string_220" HPOS="916" VPOS="825" WIDTH="13" HEIGHT="37" WC="0.53" CONTENT="i"/><SP WIDTH="19" VPOS="825" HPOS="929"/>
							<String ID="string_221" HPOS="948" VPOS="830" WIDTH="41" HEIGHT="21" WC="0.84" CONTENT="till-"/>
						</TextLine>
						<TextLine ID="line_24" HPOS="163" VPOS="858" WIDTH="826" HEIGHT="28">
							<String ID="string_222" HPOS="163" VPOS="858" WIDTH="113" HEIGHT="21" WC="0.92" CONTENT="sättandet"/><SP WIDTH="22" VPOS="858" HPOS="276"/>
							<String ID="string_223" HPOS="298" VPOS="858" WIDTH="23" HEIGHT="21" WC="0.96" CONTENT="af"/><SP WIDTH="22" VPOS="858" HPOS="321"/>
							<String ID="string_224" HPOS="343" VPOS="859" WIDTH="63" HEIGHT="21" WC="0.93" CONTENT="dessa"/><SP WIDTH="21" VPOS="859" HPOS="406"/>
							<String ID="string_225" HPOS="427" VPOS="860" WIDTH="36" HEIGHT="20" WC="0.92" CONTENT="tvä"/><SP WIDTH="22" VPOS="860" HPOS="463"/>
							<String ID="string_226" HPOS="485" VPOS="860" WIDTH="202" HEIGHT="26" WC="0.91" CONTENT="yrkesinspektörer"/><SP WIDTH="27" VPOS="860" HPOS="687"/>
							<String ID="string_227" HPOS="714" VPOS="860" WIDTH="41" HEIGHT="20" WC="0.96" CONTENT="och"/><SP WIDTH="24" VPOS="860" HPOS="755"/>
							<String ID="string_228" HPOS="779" VPOS="862" WIDTH="33" HEIGHT="18" WC="0.96" CONTENT="att"/><SP WIDTH="23" VPOS="862" HPOS="812"/>
							<String ID="string_229" HPOS="835" VPOS="860" WIDTH="64" HEIGHT="20" WC="0.95" CONTENT="dessa"/><SP WIDTH="22" VPOS="860" HPOS="899"/>
							<String ID="string_230" HPOS="921" VPOS="859" WIDTH="68" HEIGHT="20" WC="0.96" CONTENT="skulle"/>
						</TextLine>
						<TextLine ID="line_25" HPOS="163" VPOS="887" WIDTH="827" HEIGHT="27">
							<String ID="string_231" HPOS="163" VPOS="887" WIDTH="108" HEIGHT="21" WC="0.89" CONTENT="skrämma"/><SP WIDTH="16" VPOS="887" HPOS="271"/>
							<String ID="string_232" HPOS="287" VPOS="887" WIDTH="48" HEIGHT="21" WC="0.93" CONTENT="bort"/><SP WIDTH="18" VPOS="887" HPOS="335"/>
							<String ID="string_233" HPOS="353" VPOS="888" WIDTH="147" HEIGHT="21" WC="0.90" CONTENT="socialismens"/><SP WIDTH="24" VPOS="888" HPOS="500"/>
							<String ID="string_234" HPOS="524" VPOS="888" WIDTH="53" HEIGHT="21" WC="0.92" CONTENT="röda"/><SP WIDTH="22" VPOS="888" HPOS="577"/>
							<String ID="string_235" HPOS="599" VPOS="888" WIDTH="74" HEIGHT="26" WC="0.92" CONTENT="spöke,"/><SP WIDTH="17" VPOS="888" HPOS="673"/>
							<String ID="string_236" HPOS="690" VPOS="894" WIDTH="47" HEIGHT="15" WC="0.93" CONTENT="som"/><SP WIDTH="24" VPOS="894" HPOS="737"/>
							<String ID="string_237" HPOS="761" VPOS="888" WIDTH="70" HEIGHT="26" WC="0.92" CONTENT="nägon"/><SP WIDTH="24" VPOS="888" HPOS="831"/>
							<String ID="string_238" HPOS="855" VPOS="888" WIDTH="51" HEIGHT="21" WC="0.91" CONTENT="ärad"/><SP WIDTH="16" VPOS="888" HPOS="906"/>
							<String ID="string_239" HPOS="922" VPOS="887" WIDTH="68" HEIGHT="21" WC="0.91" CONTENT="talare"/>
						</TextLine>
						<TextLine ID="line_26" HPOS="163" VPOS="915" WIDTH="828" HEIGHT="28">
							<String ID="string_240" HPOS="163" VPOS="915" WIDTH="40" HEIGHT="21" WC="0.93" CONTENT="här"/><SP WIDTH="14" VPOS="915" HPOS="203"/>
							<String ID="string_241" HPOS="217" VPOS="915" WIDTH="94" HEIGHT="27" WC="0.91" CONTENT="yttrade."/><SP WIDTH="30" VPOS="915" HPOS="311"/>
							<String ID="string_242" HPOS="341" VPOS="916" WIDTH="91" HEIGHT="26" WC="0.92" CONTENT="Enhvar,"/><SP WIDTH="16" VPOS="916" HPOS="432"/>
							<String ID="string_243" HPOS="448" VPOS="923" WIDTH="45" HEIGHT="14" WC="0.96" CONTENT="som"/><SP WIDTH="16" VPOS="923" HPOS="493"/>
							<String ID="string_244" HPOS="509" VPOS="916" WIDTH="47" HEIGHT="27" WC="0.96" CONTENT="följt"/><SP WIDTH="16" VPOS="916" HPOS="556"/>
							<String ID="string_245" HPOS="572" VPOS="917" WIDTH="47" HEIGHT="20" WC="0.93" CONTENT="med"/><SP WIDTH="17" VPOS="917" HPOS="619"/>
							<String ID="string_246" HPOS="636" VPOS="917" WIDTH="148" HEIGHT="20" WC="0.92" CONTENT="socialismens"/><SP WIDTH="17" VPOS="917" HPOS="784"/>
							<String ID="string_247" HPOS="801" VPOS="917" WIDTH="135" HEIGHT="26" WC="0.91" CONTENT="utbredning,"/><SP WIDTH="16" VPOS="917" HPOS="936"/>
							<String ID="string_248" HPOS="952" VPOS="915" WIDTH="39" HEIGHT="22" WC="0.93" CONTENT="fin-"/>
						</TextLine>
						<TextLine ID="line_27" HPOS="162" VPOS="945" WIDTH="828" HEIGHT="27">
							<String ID="string_249" HPOS="162" VPOS="950" WIDTH="45" HEIGHT="20" WC="0.91" CONTENT="ner,"/><SP WIDTH="17" VPOS="950" HPOS="207"/>
							<String ID="string_250" HPOS="224" VPOS="946" WIDTH="33" HEIGHT="19" WC="0.96" CONTENT="att"/><SP WIDTH="16" VPOS="946" HPOS="257"/>
							<String ID="string_251" HPOS="273" VPOS="945" WIDTH="40" HEIGHT="20" WC="0.93" CONTENT="den"/><SP WIDTH="16" VPOS="945" HPOS="313"/>
							<String ID="string_252" HPOS="329" VPOS="946" WIDTH="91" HEIGHT="20" WC="0.93" CONTENT="tvärtom"/><SP WIDTH="17" VPOS="946" HPOS="420"/>
							<String ID="string_253" HPOS="437" VPOS="945" WIDTH="60" HEIGHT="22" WC="0.93" CONTENT="hällit"/><SP WIDTH="13" VPOS="945" HPOS="497"/>
							<String ID="string_254" HPOS="510" VPOS="945" WIDTH="73" HEIGHT="27" WC="0.89" CONTENT="jemna"/><SP WIDTH="15" VPOS="945" HPOS="583"/>
							<String ID="string_255" HPOS="598" VPOS="948" WIDTH="49" HEIGHT="23" WC="0.96" CONTENT="steg"/><SP WIDTH="15" VPOS="948" HPOS="647"/>
							<String ID="string_256" HPOS="662" VPOS="946" WIDTH="48" HEIGHT="20" WC="0.92" CONTENT="med"/><SP WIDTH="16" VPOS="946" HPOS="710"/>
							<String ID="string_257" HPOS="726" VPOS="945" WIDTH="57" HEIGHT="21" WC="0.92" CONTENT="slika"/><SP WIDTH="13" VPOS="945" HPOS="783"/>
							<String ID="string_258" HPOS="796" VPOS="945" WIDTH="148" HEIGHT="26" WC="0.92" CONTENT="inspektörers"/><SP WIDTH="11" VPOS="945" HPOS="944"/>
							<String ID="string_259" HPOS="955" VPOS="951" WIDTH="35" HEIGHT="14" WC="0.92" CONTENT="an-"/>
						</TextLine>
						<TextLine ID="line_28" HPOS="162" VPOS="972" WIDTH="827" HEIGHT="29">
							<String ID="string_260" HPOS="162" VPOS="973" WIDTH="37" HEIGHT="26" WC="0.93" CONTENT="tal,"/><SP WIDTH="17" VPOS="973" HPOS="199"/>
							<String ID="string_261" HPOS="216" VPOS="972" WIDTH="81" HEIGHT="22" WC="0.92" CONTENT="hvilket"/><SP WIDTH="16" VPOS="972" HPOS="297"/>
							<String ID="string_262" HPOS="313" VPOS="974" WIDTH="67" HEIGHT="21" WC="0.87" CONTENT="ocksä"/><SP WIDTH="22" VPOS="974" HPOS="380"/>
							<String ID="string_263" HPOS="402" VPOS="973" WIDTH="92" HEIGHT="27" WC="0.91" CONTENT="framgär"/><SP WIDTH="23" VPOS="973" HPOS="494"/>
							<String ID="string_264" HPOS="517" VPOS="974" WIDTH="22" HEIGHT="21" WC="0.96" CONTENT="af"/><SP WIDTH="21" VPOS="974" HPOS="539"/>
							<String ID="string_265" HPOS="560" VPOS="974" WIDTH="26" HEIGHT="21" WC="0.96" CONTENT="de"/><SP WIDTH="24" VPOS="974" HPOS="586"/>
							<String ID="string_266" HPOS="610" VPOS="973" WIDTH="114" HEIGHT="28" WC="0.96" CONTENT="uppgifter,"/><SP WIDTH="18" VPOS="973" HPOS="724"/>
							<String ID="string_267" HPOS="742" VPOS="980" WIDTH="46" HEIGHT="15" WC="0.93" CONTENT="som"/><SP WIDTH="16" VPOS="980" HPOS="788"/>
							<String ID="string_268" HPOS="804" VPOS="975" WIDTH="163" HEIGHT="20" WC="0.92" CONTENT="reservanterne"/><SP WIDTH="17" VPOS="975" HPOS="967"/>
							<String ID="string_269" HPOS="984" VPOS="973" WIDTH="5" HEIGHT="20" WC="0.96" CONTENT="i"/>
						</TextLine>
						<TextLine ID="line_29" HPOS="164" VPOS="1001" WIDTH="826" HEIGHT="27">
							<String ID="string_270" HPOS="164" VPOS="1001" WIDTH="33" HEIGHT="21" WC="0.96" CONTENT="sin"/><SP WIDTH="15" VPOS="1001" HPOS="197"/>
							<String ID="string_271" HPOS="212" VPOS="1002" WIDTH="132" HEIGHT="21" WC="0.93" CONTENT="reservation"/><SP WIDTH="17" VPOS="1002" HPOS="344"/>
							<String ID="string_272" HPOS="361" VPOS="1003" WIDTH="113" HEIGHT="20" WC="0.96" CONTENT="meddelat."/><SP WIDTH="32" VPOS="1003" HPOS="474"/>
							<String ID="string_273" HPOS="506" VPOS="1002" WIDTH="29" HEIGHT="21" WC="0.96" CONTENT="Sä"/><SP WIDTH="15" VPOS="1002" HPOS="535"/>
							<String ID="string_274" HPOS="550" VPOS="1003" WIDTH="56" HEIGHT="20" WC="0.96" CONTENT="hade"/><SP WIDTH="17" VPOS="1003" HPOS="606"/>
							<String ID="string_275" HPOS="623" VPOS="1006" WIDTH="55" HEIGHT="17" WC="0.95" CONTENT="t.ex."/><SP WIDTH="17" VPOS="1006" HPOS="678"/>
							<String ID="string_276" HPOS="695" VPOS="1002" WIDTH="99" HEIGHT="26" WC="0.96" CONTENT="England"/><SP WIDTH="17" VPOS="1002" HPOS="794"/>
							<String ID="string_277" HPOS="811" VPOS="1003" WIDTH="24" HEIGHT="20" WC="0.96" CONTENT="är"/><SP WIDTH="13" VPOS="1003" HPOS="835"/>
							<String ID="string_278" HPOS="848" VPOS="1004" WIDTH="53" HEIGHT="19" WC="0.96" CONTENT="1833"/><SP WIDTH="12" VPOS="1004" HPOS="901"/>
							<String ID="string_279" HPOS="913" VPOS="1002" WIDTH="77" HEIGHT="21" WC="0.96" CONTENT="endast"/>
						</TextLine>
						<TextLine ID="line_30" HPOS="162" VPOS="1029" WIDTH="827" HEIGHT="28">
							<String ID="string_280" HPOS="162" VPOS="1032" WIDTH="14" HEIGHT="18" WC="0.93" CONTENT="4"/><SP WIDTH="15" VPOS="1032" HPOS="176"/>
							<String ID="string_281" HPOS="191" VPOS="1029" WIDTH="142" HEIGHT="28" WC="0.96" CONTENT="inspektörer,"/><SP WIDTH="16" VPOS="1029" HPOS="333"/>
							<String ID="string_282" HPOS="349" VPOS="1037" WIDTH="48" HEIGHT="14" WC="0.93" CONTENT="men"/><SP WIDTH="16" VPOS="1037" HPOS="397"/>
							<String ID="string_283" HPOS="413" VPOS="1037" WIDTH="88" HEIGHT="16" WC="0.96" CONTENT="numera"/><SP WIDTH="15" VPOS="1037" HPOS="501"/>
							<String ID="string_284" HPOS="516" VPOS="1033" WIDTH="24" HEIGHT="19" WC="0.93" CONTENT="är"/><SP WIDTH="15" VPOS="1033" HPOS="540"/>
							<String ID="string_285" HPOS="555" VPOS="1031" WIDTH="75" HEIGHT="21" WC="0.92" CONTENT="desses"/><SP WIDTH="16" VPOS="1031" HPOS="630"/>
							<String ID="string_286" HPOS="646" VPOS="1031" WIDTH="67" HEIGHT="21" WC="0.96" CONTENT="antal:"/><SP WIDTH="18" VPOS="1031" HPOS="713"/>
							<String ID="string_287" HPOS="731" VPOS="1033" WIDTH="13" HEIGHT="18" WC="0.95" CONTENT="2"/><SP WIDTH="16" VPOS="1033" HPOS="744"/>
							<String ID="string_288" HPOS="760" VPOS="1031" WIDTH="142" HEIGHT="26" WC="0.96" CONTENT="inspektörer,"/><SP WIDTH="14" VPOS="1031" HPOS="902"/>
							<String ID="string_289" HPOS="916" VPOS="1033" WIDTH="25" HEIGHT="18" WC="0.93" CONTENT="14"/><SP WIDTH="15" VPOS="1033" HPOS="941"/>
							<String ID="string_290" HPOS="956" VPOS="1037" WIDTH="33" HEIGHT="14" WC="0.92" CONTENT="as-"/>
						</TextLine>
						<TextLine ID="line_31" HPOS="162" VPOS="1058" WIDTH="826" HEIGHT="29">
							<String ID="string_291" HPOS="162" VPOS="1058" WIDTH="104" HEIGHT="21" WC="0.93" CONTENT="sistenter"/><SP WIDTH="15" VPOS="1058" HPOS="266"/>
							<String ID="string_292" HPOS="281" VPOS="1059" WIDTH="39" HEIGHT="21" WC="0.96" CONTENT="och"/><SP WIDTH="16" VPOS="1059" HPOS="320"/>
							<String ID="string_293" HPOS="336" VPOS="1061" WIDTH="27" HEIGHT="19" WC="0.93" CONTENT="49"/><SP WIDTH="19" VPOS="1061" HPOS="363"/>
							<String ID="string_294" HPOS="382" VPOS="1060" WIDTH="213" HEIGHT="27" WC="0.92" CONTENT="underinspektörer;"/><SP WIDTH="16" VPOS="1060" HPOS="595"/>
							<String ID="string_295" HPOS="611" VPOS="1060" WIDTH="5" HEIGHT="21" WC="0.95" CONTENT="i"/><SP WIDTH="17" VPOS="1060" HPOS="616"/>
							<String ID="string_296" HPOS="633" VPOS="1060" WIDTH="119" HEIGHT="21" WC="0.96" CONTENT="Frankrike"/><SP WIDTH="17" VPOS="1060" HPOS="752"/>
							<String ID="string_297" HPOS="769" VPOS="1062" WIDTH="24" HEIGHT="18" WC="0.96" CONTENT="är"/><SP WIDTH="16" VPOS="1062" HPOS="793"/>
							<String ID="string_298" HPOS="809" VPOS="1060" WIDTH="62" HEIGHT="21" WC="0.96" CONTENT="deras"/><SP WIDTH="17" VPOS="1060" HPOS="871"/>
							<String ID="string_299" HPOS="888" VPOS="1059" WIDTH="58" HEIGHT="21" WC="0.97" CONTENT="antal"/><SP WIDTH="18" VPOS="1059" HPOS="946"/>
							<String ID="string_300" HPOS="964" VPOS="1061" WIDTH="24" HEIGHT="19" WC="0.97" CONTENT="15"/>
						</TextLine>
						<TextLine ID="line_32" HPOS="162" VPOS="1087" WIDTH="828" HEIGHT="28">
							<String ID="string_301" HPOS="162" VPOS="1087" WIDTH="33" HEIGHT="21" WC="0.93" CONTENT="för"/><SP WIDTH="16" VPOS="1087" HPOS="195"/>
							<String ID="string_302" HPOS="211" VPOS="1087" WIDTH="74" HEIGHT="27" WC="0.96" CONTENT="hvarje"/><SP WIDTH="23" VPOS="1087" HPOS="285"/>
							<String ID="string_303" HPOS="308" VPOS="1088" WIDTH="103" HEIGHT="21" WC="0.96" CONTENT="särskildt"/><SP WIDTH="23" VPOS="1088" HPOS="411"/>
							<String ID="string_304" HPOS="434" VPOS="1089" WIDTH="95" HEIGHT="25" WC="0.96" CONTENT="distrikt;"/><SP WIDTH="24" VPOS="1089" HPOS="529"/>
							<String ID="string_305" HPOS="553" VPOS="1089" WIDTH="107" HEIGHT="26" WC="0.96" CONTENT="Tyskland"/><SP WIDTH="17" VPOS="1089" HPOS="660"/>
							<String ID="string_306" HPOS="677" VPOS="1089" WIDTH="55" HEIGHT="20" WC="0.96" CONTENT="hade"/><SP WIDTH="17" VPOS="1089" HPOS="732"/>
							<String ID="string_307" HPOS="749" VPOS="1089" WIDTH="24" HEIGHT="20" WC="0.94" CONTENT="är"/><SP WIDTH="18" VPOS="1089" HPOS="773"/>
							<String ID="string_308" HPOS="791" VPOS="1089" WIDTH="54" HEIGHT="20" WC="0.96" CONTENT="1882"/><SP WIDTH="16" VPOS="1089" HPOS="845"/>
							<String ID="string_309" HPOS="861" VPOS="1090" WIDTH="27" HEIGHT="19" WC="0.93" CONTENT="46"/><SP WIDTH="16" VPOS="1090" HPOS="888"/>
							<String ID="string_310" HPOS="904" VPOS="1088" WIDTH="86" HEIGHT="27" WC="0.93" CONTENT="inspek-"/>
						</TextLine>
						<TextLine ID="line_33" HPOS="162" VPOS="1116" WIDTH="829" HEIGHT="27">
							<String ID="string_311" HPOS="162" VPOS="1117" WIDTH="60" HEIGHT="20" WC="0.96" CONTENT="törer"/><SP WIDTH="15" VPOS="1117" HPOS="222"/>
							<String ID="string_312" HPOS="237" VPOS="1121" WIDTH="19" HEIGHT="16" WC="0.93" CONTENT="o."/><SP WIDTH="13" VPOS="1121" HPOS="256"/>
							<String ID="string_313" HPOS="269" VPOS="1122" WIDTH="16" HEIGHT="15" WC="0.94" CONTENT="s."/><SP WIDTH="12" VPOS="1122" HPOS="285"/>
							<String ID="string_314" HPOS="297" VPOS="1123" WIDTH="18" HEIGHT="14" WC="0.92" CONTENT="v."/><SP WIDTH="23" VPOS="1123" HPOS="315"/>
							<String ID="string_315" HPOS="338" VPOS="1116" WIDTH="49" HEIGHT="21" WC="0.96" CONTENT="Med"/><SP WIDTH="17" VPOS="1116" HPOS="387"/>
							<String ID="string_316" HPOS="404" VPOS="1117" WIDTH="64" HEIGHT="21" WC="0.93" CONTENT="dessa"/><SP WIDTH="15" VPOS="1117" HPOS="468"/>
							<String ID="string_317" HPOS="483" VPOS="1117" WIDTH="70" HEIGHT="21" WC="0.96" CONTENT="siffror"/><SP WIDTH="15" VPOS="1117" HPOS="553"/>
							<String ID="string_318" HPOS="568" VPOS="1117" WIDTH="33" HEIGHT="21" WC="0.93" CONTENT="för"/><SP WIDTH="15" VPOS="1117" HPOS="601"/>
							<String ID="string_319" HPOS="616" VPOS="1119" WIDTH="82" HEIGHT="24" WC="0.96" CONTENT="ögonen"/><SP WIDTH="17" VPOS="1119" HPOS="698"/>
							<String ID="string_320" HPOS="715" VPOS="1117" WIDTH="71" HEIGHT="20" WC="0.96" CONTENT="måste"/><SP WIDTH="16" VPOS="1117" HPOS="786"/>
							<String ID="string_321" HPOS="802" VPOS="1123" WIDTH="48" HEIGHT="14" WC="0.92" CONTENT="man"/><SP WIDTH="16" VPOS="1123" HPOS="850"/>
							<String ID="string_322" HPOS="866" VPOS="1117" WIDTH="70" HEIGHT="26" WC="0.96" CONTENT="fråga:"/><SP WIDTH="16" VPOS="1117" HPOS="936"/>
							<String ID="string_323" HPOS="952" VPOS="1117" WIDTH="39" HEIGHT="20" WC="0.96" CONTENT="har"/>
						</TextLine>
						<TextLine ID="line_34" HPOS="163" VPOS="1144" WIDTH="827" HEIGHT="28">
							<String ID="string_324" HPOS="163" VPOS="1144" WIDTH="137" HEIGHT="22" WC="0.92" CONTENT="socialismen"/><SP WIDTH="16" VPOS="1144" HPOS="300"/>
							<String ID="string_325" HPOS="316" VPOS="1145" WIDTH="66" HEIGHT="20" WC="0.96" CONTENT="sedan"/><SP WIDTH="17" VPOS="1145" HPOS="382"/>
							<String ID="string_326" HPOS="399" VPOS="1145" WIDTH="24" HEIGHT="21" WC="0.96" CONTENT="är"/><SP WIDTH="17" VPOS="1145" HPOS="423"/>
							<String ID="string_327" HPOS="440" VPOS="1147" WIDTH="53" HEIGHT="20" WC="0.93" CONTENT="1833"/><SP WIDTH="18" VPOS="1147" HPOS="493"/>
							<String ID="string_328" HPOS="511" VPOS="1146" WIDTH="47" HEIGHT="25" WC="0.92" CONTENT="gätt"/><SP WIDTH="15" VPOS="1146" HPOS="558"/>
							<String ID="string_329" HPOS="573" VPOS="1145" WIDTH="90" HEIGHT="22" WC="0.96" CONTENT="tillbaka"/><SP WIDTH="12" VPOS="1145" HPOS="663"/>
							<String ID="string_330" HPOS="675" VPOS="1145" WIDTH="52" HEIGHT="22" WC="0.94" CONTENT="eller"/><SP WIDTH="11" VPOS="1145" HPOS="727"/>
							<String ID="string_331" HPOS="738" VPOS="1146" WIDTH="40" HEIGHT="20" WC="0.96" CONTENT="har"/><SP WIDTH="11" VPOS="1146" HPOS="778"/>
							<String ID="string_332" HPOS="789" VPOS="1146" WIDTH="42" HEIGHT="20" WC="0.93" CONTENT="den"/><SP WIDTH="10" VPOS="1146" HPOS="831"/>
							<String ID="string_333" HPOS="841" VPOS="1146" WIDTH="47" HEIGHT="26" WC="0.92" CONTENT="gätt"/><SP WIDTH="10" VPOS="1146" HPOS="888"/>
							<String ID="string_334" HPOS="898" VPOS="1145" WIDTH="92" HEIGHT="21" WC="0.92" CONTENT="framät?"/>
						</TextLine>
						<TextLine ID="line_35" HPOS="162" VPOS="1173" WIDTH="829" HEIGHT="28">
							<String ID="string_335" HPOS="162" VPOS="1173" WIDTH="43" HEIGHT="26" WC="0.93" CONTENT="Jag"/><SP WIDTH="15" VPOS="1173" HPOS="205"/>
							<String ID="string_336" HPOS="220" VPOS="1175" WIDTH="52" HEIGHT="23" WC="0.93" CONTENT="tror,"/><SP WIDTH="17" VPOS="1175" HPOS="272"/>
							<String ID="string_337" HPOS="289" VPOS="1175" WIDTH="32" HEIGHT="19" WC="0.96" CONTENT="att"/><SP WIDTH="13" VPOS="1175" HPOS="321"/>
							<String ID="string_338" HPOS="334" VPOS="1173" WIDTH="38" HEIGHT="27" WC="0.93" CONTENT="jag"/><SP WIDTH="15" VPOS="1173" HPOS="372"/>
							<String ID="string_339" HPOS="387" VPOS="1174" WIDTH="47" HEIGHT="21" WC="0.92" CONTENT="icke"/><SP WIDTH="16" VPOS="1174" HPOS="434"/>
							<String ID="string_340" HPOS="450" VPOS="1174" WIDTH="102" HEIGHT="21" WC="0.90" CONTENT="behöfver"/><SP WIDTH="15" VPOS="1174" HPOS="552"/>
							<String ID="string_341" HPOS="567" VPOS="1180" WIDTH="63" HEIGHT="15" WC="0.92" CONTENT="svara"/><SP WIDTH="15" VPOS="1180" HPOS="630"/>
							<String ID="string_342" HPOS="645" VPOS="1175" WIDTH="28" HEIGHT="26" WC="0.95" CONTENT="pä"/><SP WIDTH="16" VPOS="1175" HPOS="673"/>
							<String ID="string_343" HPOS="689" VPOS="1175" WIDTH="71" HEIGHT="20" WC="0.92" CONTENT="denna"/><SP WIDTH="14" VPOS="1175" HPOS="760"/>
							<String ID="string_344" HPOS="774" VPOS="1173" WIDTH="68" HEIGHT="27" WC="0.91" CONTENT="fräga,"/><SP WIDTH="13" VPOS="1173" HPOS="842"/>
							<String ID="string_345" HPOS="855" VPOS="1177" WIDTH="22" HEIGHT="24" WC="0.97" CONTENT="ty"/><SP WIDTH="16" VPOS="1177" HPOS="877"/>
							<String ID="string_346" HPOS="893" VPOS="1180" WIDTH="34" HEIGHT="15" WC="0.96" CONTENT="om"/><SP WIDTH="15" VPOS="1180" HPOS="927"/>
							<String ID="string_347" HPOS="942" VPOS="1179" WIDTH="49" HEIGHT="16" WC="0.96" CONTENT="man"/>
						</TextLine>
						<TextLine ID="line_36" HPOS="163" VPOS="1200" WIDTH="828" HEIGHT="29">
							<String ID="string_348" HPOS="163" VPOS="1200" WIDTH="62" HEIGHT="23" WC="0.92" CONTENT="äfven"/><SP WIDTH="16" VPOS="1200" HPOS="225"/>
							<String ID="string_349" HPOS="241" VPOS="1204" WIDTH="62" HEIGHT="24" WC="0.92" CONTENT="tager"/><SP WIDTH="14" VPOS="1204" HPOS="303"/>
							<String ID="string_350" HPOS="317" VPOS="1202" WIDTH="7" HEIGHT="21" WC="0.93" CONTENT="i"/><SP WIDTH="17" VPOS="1202" HPOS="324"/>
							<String ID="string_351" HPOS="341" VPOS="1202" WIDTH="141" HEIGHT="22" WC="0.92" CONTENT="betraktande"/><SP WIDTH="17" VPOS="1202" HPOS="482"/>
							<String ID="string_352" HPOS="499" VPOS="1203" WIDTH="26" HEIGHT="21" WC="0.96" CONTENT="de"/><SP WIDTH="16" VPOS="1203" HPOS="525"/>
							<String ID="string_353" HPOS="541" VPOS="1205" WIDTH="59" HEIGHT="19" WC="0.93" CONTENT="stora"/><SP WIDTH="16" VPOS="1205" HPOS="600"/>
							<String ID="string_354" HPOS="616" VPOS="1203" WIDTH="103" HEIGHT="26" WC="0.92" CONTENT="framsteg"/><SP WIDTH="16" VPOS="1203" HPOS="719"/>
							<String ID="string_355" HPOS="735" VPOS="1203" WIDTH="107" HEIGHT="20" WC="0.90" CONTENT="industrin"/><SP WIDTH="12" VPOS="1203" HPOS="842"/>
							<String ID="string_356" HPOS="854" VPOS="1203" WIDTH="6" HEIGHT="20" WC="0.96" CONTENT="i"/><SP WIDTH="11" VPOS="1203" HPOS="860"/>
							<String ID="string_357" HPOS="871" VPOS="1203" WIDTH="65" HEIGHT="20" WC="0.93" CONTENT="dessa"/><SP WIDTH="10" VPOS="1203" HPOS="936"/>
							<String ID="string_358" HPOS="946" VPOS="1202" WIDTH="45" HEIGHT="21" WC="0.92" CONTENT="län-"/>
						</TextLine>
						<TextLine ID="line_37" HPOS="163" VPOS="1230" WIDTH="829" HEIGHT="28">
							<String ID="string_359" HPOS="163" VPOS="1230" WIDTH="39" HEIGHT="21" WC="0.96" CONTENT="der"/><SP WIDTH="13" VPOS="1230" HPOS="202"/>
							<String ID="string_360" HPOS="215" VPOS="1230" WIDTH="29" HEIGHT="26" WC="0.96" CONTENT="pä"/><SP WIDTH="15" VPOS="1230" HPOS="244"/>
							<String ID="string_361" HPOS="259" VPOS="1236" WIDTH="76" HEIGHT="15" WC="0.96" CONTENT="senare"/><SP WIDTH="16" VPOS="1236" HPOS="335"/>
							<String ID="string_362" HPOS="351" VPOS="1231" WIDTH="57" HEIGHT="21" WC="0.96" CONTENT="tider"/><SP WIDTH="15" VPOS="1231" HPOS="408"/>
							<String ID="string_363" HPOS="423" VPOS="1231" WIDTH="61" HEIGHT="27" WC="0.93" CONTENT="gjort,"/><SP WIDTH="18" VPOS="1231" HPOS="484"/>
							<String ID="string_364" HPOS="502" VPOS="1232" WIDTH="69" HEIGHT="21" WC="0.92" CONTENT="mäste"/><SP WIDTH="16" VPOS="1232" HPOS="571"/>
							<String ID="string_365" HPOS="587" VPOS="1231" WIDTH="80" HEIGHT="22" WC="0.93" CONTENT="enhvar"/><SP WIDTH="16" VPOS="1231" HPOS="667"/>
							<String ID="string_366" HPOS="683" VPOS="1231" WIDTH="55" HEIGHT="22" WC="0.96" CONTENT="dock"/><SP WIDTH="18" VPOS="1231" HPOS="738"/>
							<String ID="string_367" HPOS="756" VPOS="1231" WIDTH="103" HEIGHT="26" WC="0.96" CONTENT="erkänna,"/><SP WIDTH="16" VPOS="1231" HPOS="859"/>
							<String ID="string_368" HPOS="875" VPOS="1233" WIDTH="33" HEIGHT="19" WC="0.93" CONTENT="att"/><SP WIDTH="15" VPOS="1233" HPOS="908"/>
							<String ID="string_369" HPOS="923" VPOS="1231" WIDTH="69" HEIGHT="21" WC="0.93" CONTENT="socia-"/>
						</TextLine>
						<TextLine ID="line_38" HPOS="162" VPOS="1258" WIDTH="830" HEIGHT="28">
							<String ID="string_370" HPOS="162" VPOS="1258" WIDTH="76" HEIGHT="21" WC="0.91" CONTENT="lismen"/><SP WIDTH="24" VPOS="1258" HPOS="238"/>
							<String ID="string_371" HPOS="262" VPOS="1259" WIDTH="64" HEIGHT="21" WC="0.92" CONTENT="likväl"/><SP WIDTH="23" VPOS="1259" HPOS="326"/>
							<String ID="string_372" HPOS="349" VPOS="1259" WIDTH="58" HEIGHT="27" WC="0.96" CONTENT="gjort"/><SP WIDTH="22" VPOS="1259" HPOS="407"/>
							<String ID="string_373" HPOS="429" VPOS="1263" WIDTH="56" HEIGHT="18" WC="0.96" CONTENT="ännu"/><SP WIDTH="23" VPOS="1263" HPOS="485"/>
							<String ID="string_374" HPOS="508" VPOS="1262" WIDTH="69" HEIGHT="19" WC="0.93" CONTENT="större"/><SP WIDTH="23" VPOS="1262" HPOS="577"/>
							<String ID="string_375" HPOS="600" VPOS="1259" WIDTH="103" HEIGHT="27" WC="0.92" CONTENT="framsteg"/><SP WIDTH="21" VPOS="1259" HPOS="703"/>
							<String ID="string_376" HPOS="724" VPOS="1260" WIDTH="41" HEIGHT="21" WC="0.93" CONTENT="och"/><SP WIDTH="16" VPOS="1260" HPOS="765"/>
							<String ID="string_377" HPOS="781" VPOS="1260" WIDTH="85" HEIGHT="21" WC="0.92" CONTENT="säledes"/><SP WIDTH="17" VPOS="1260" HPOS="866"/>
							<String ID="string_378" HPOS="883" VPOS="1259" WIDTH="109" HEIGHT="26" WC="0.89" CONTENT="tilltagit"/><SP WIDTH="-14" VPOS="1259" HPOS="992"/>
							<String ID="string_379" HPOS="978" VPOS="1254" WIDTH="16" HEIGHT="37" WC="0.96" CONTENT="i"/>
						</TextLine>
						<TextLine ID="line_39" HPOS="163" VPOS="1287" WIDTH="828" HEIGHT="28">
							<String ID="string_380" HPOS="163" VPOS="1293" WIDTH="82" HEIGHT="15" WC="0.96" CONTENT="samma"/><SP WIDTH="16" VPOS="1293" HPOS="245"/>
							<String ID="string_381" HPOS="261" VPOS="1288" WIDTH="48" HEIGHT="21" WC="0.96" CONTENT="män"/><SP WIDTH="16" VPOS="1288" HPOS="309"/>
							<String ID="string_382" HPOS="325" VPOS="1294" WIDTH="46" HEIGHT="15" WC="0.92" CONTENT="som"/><SP WIDTH="16" VPOS="1294" HPOS="371"/>
							<String ID="string_383" HPOS="387" VPOS="1288" WIDTH="175" HEIGHT="27" WC="0.92" CONTENT="inspektörernas"/><SP WIDTH="16" VPOS="1288" HPOS="562"/>
							<String ID="string_384" HPOS="578" VPOS="1289" WIDTH="65" HEIGHT="20" WC="0.96" CONTENT="antal."/><SP WIDTH="23" VPOS="1289" HPOS="643"/>
							<String ID="string_385" HPOS="666" VPOS="1289" WIDTH="43" HEIGHT="20" WC="0.96" CONTENT="Det"/><SP WIDTH="15" VPOS="1289" HPOS="709"/>
							<String ID="string_386" HPOS="724" VPOS="1291" WIDTH="26" HEIGHT="18" WC="0.92" CONTENT="är"/><SP WIDTH="16" VPOS="1291" HPOS="750"/>
							<String ID="string_387" HPOS="766" VPOS="1288" WIDTH="71" HEIGHT="21" WC="0.92" CONTENT="derför"/><SP WIDTH="15" VPOS="1288" HPOS="837"/>
							<String ID="string_388" HPOS="852" VPOS="1295" WIDTH="46" HEIGHT="14" WC="0.96" CONTENT="mer"/><SP WIDTH="15" VPOS="1295" HPOS="898"/>
							<String ID="string_389" HPOS="913" VPOS="1290" WIDTH="26" HEIGHT="19" WC="0.93" CONTENT="än"/><SP WIDTH="16" VPOS="1290" HPOS="939"/>
							<String ID="string_390" HPOS="955" VPOS="1287" WIDTH="36" HEIGHT="27" WC="0.93" CONTENT="gif-"/>
						</TextLine>
						<TextLine ID="line_40" HPOS="162" VPOS="1316" WIDTH="830" HEIGHT="28">
							<String ID="string_391" HPOS="162" VPOS="1317" WIDTH="43" HEIGHT="24" WC="0.96" CONTENT="vet,"/><SP WIDTH="17" VPOS="1317" HPOS="205"/>
							<String ID="string_392" HPOS="222" VPOS="1318" WIDTH="33" HEIGHT="19" WC="0.93" CONTENT="att"/><SP WIDTH="16" VPOS="1318" HPOS="255"/>
							<String ID="string_393" HPOS="271" VPOS="1316" WIDTH="133" HEIGHT="22" WC="0.91" CONTENT="inrättandet"/><SP WIDTH="15" VPOS="1316" HPOS="404"/>
							<String ID="string_394" HPOS="419" VPOS="1317" WIDTH="22" HEIGHT="21" WC="0.97" CONTENT="af"/><SP WIDTH="13" VPOS="1317" HPOS="441"/>
							<String ID="string_395" HPOS="454" VPOS="1317" WIDTH="106" HEIGHT="21" WC="0.92" CONTENT="särskilda"/><SP WIDTH="21" VPOS="1317" HPOS="560"/>
							<String ID="string_396" HPOS="581" VPOS="1317" WIDTH="283" HEIGHT="27" WC="0.90" CONTENT="yrkesinspektörstjenster"/><SP WIDTH="21" VPOS="1317" HPOS="864"/>
							<String ID="string_397" HPOS="885" VPOS="1317" WIDTH="49" HEIGHT="21" WC="0.90" CONTENT="icke"/><SP WIDTH="15" VPOS="1317" HPOS="934"/>
							<String ID="string_398" HPOS="949" VPOS="1316" WIDTH="43" HEIGHT="21" WC="0.93" CONTENT="för-"/>
						</TextLine>
						<TextLine ID="line_41" HPOS="162" VPOS="1344" WIDTH="829" HEIGHT="28">
							<String ID="string_399" HPOS="162" VPOS="1344" WIDTH="47" HEIGHT="21" WC="0.93" CONTENT="mär"/><SP WIDTH="16" VPOS="1344" HPOS="209"/>
							<String ID="string_400" HPOS="225" VPOS="1345" WIDTH="38" HEIGHT="20" WC="0.93" CONTENT="det"/><SP WIDTH="15" VPOS="1345" HPOS="263"/>
							<String ID="string_401" HPOS="278" VPOS="1345" WIDTH="95" HEIGHT="26" WC="0.92" CONTENT="ringaste"/><SP WIDTH="16" VPOS="1345" HPOS="373"/>
							<String ID="string_402" HPOS="389" VPOS="1345" WIDTH="111" HEIGHT="22" WC="0.92" CONTENT="förhindra"/><SP WIDTH="23" VPOS="1345" HPOS="500"/>
							<String ID="string_403" HPOS="523" VPOS="1346" WIDTH="146" HEIGHT="21" WC="0.92" CONTENT="socialismens"/><SP WIDTH="17" VPOS="1346" HPOS="669"/>
							<String ID="string_404" HPOS="686" VPOS="1345" WIDTH="137" HEIGHT="27" WC="0.91" CONTENT="utbredning."/><SP WIDTH="31" VPOS="1345" HPOS="823"/>
							<String ID="string_405" HPOS="854" VPOS="1345" WIDTH="40" HEIGHT="22" WC="0.96" CONTENT="Om"/><SP WIDTH="17" VPOS="1345" HPOS="894"/>
							<String ID="string_406" HPOS="911" VPOS="1351" WIDTH="28" HEIGHT="15" WC="0.91" CONTENT="nu"/><SP WIDTH="16" VPOS="1351" HPOS="939"/>
							<String ID="string_407" HPOS="955" VPOS="1345" WIDTH="36" HEIGHT="26" WC="0.91" CONTENT="dy-"/>
						</TextLine>
						<TextLine ID="line_42" HPOS="162" VPOS="1372" WIDTH="829" HEIGHT="29">
							<String ID="string_408" HPOS="162" VPOS="1372" WIDTH="45" HEIGHT="22" WC="0.92" CONTENT="lika"/><SP WIDTH="15" VPOS="1372" HPOS="207"/>
							<String ID="string_409" HPOS="222" VPOS="1373" WIDTH="217" HEIGHT="27" WC="0.88" CONTENT="inspektörstjenster"/><SP WIDTH="15" VPOS="1373" HPOS="439"/>
							<String ID="string_410" HPOS="454" VPOS="1374" WIDTH="61" HEIGHT="21" WC="0.92" CONTENT="äfven"/><SP WIDTH="19" VPOS="1374" HPOS="515"/>
							<String ID="string_411" HPOS="534" VPOS="1375" WIDTH="40" HEIGHT="20" WC="0.93" CONTENT="här"/><SP WIDTH="14" VPOS="1375" HPOS="574"/>
							<String ID="string_412" HPOS="588" VPOS="1374" WIDTH="127" HEIGHT="25" WC="0.92" CONTENT="inrättades,"/><SP WIDTH="17" VPOS="1374" HPOS="715"/>
							<String ID="string_413" HPOS="732" VPOS="1374" WIDTH="63" HEIGHT="21" WC="0.92" CONTENT="hvem"/><SP WIDTH="17" VPOS="1374" HPOS="795"/>
							<String ID="string_414" HPOS="812" VPOS="1375" WIDTH="77" HEIGHT="26" WC="0.92" CONTENT="borgar"/><SP WIDTH="15" VPOS="1375" HPOS="889"/>
							<String ID="string_415" HPOS="904" VPOS="1373" WIDTH="39" HEIGHT="27" WC="0.96" CONTENT="för,"/><SP WIDTH="16" VPOS="1373" HPOS="943"/>
							<String ID="string_416" HPOS="959" VPOS="1376" WIDTH="32" HEIGHT="18" WC="0.96" CONTENT="att"/>
						</TextLine>
						<TextLine ID="line_43" HPOS="164" VPOS="1401" WIDTH="829" HEIGHT="28">
							<String ID="string_417" HPOS="164" VPOS="1401" WIDTH="65" HEIGHT="21" WC="0.89" CONTENT="dessa"/><SP WIDTH="15" VPOS="1401" HPOS="229"/>
							<String ID="string_418" HPOS="244" VPOS="1402" WIDTH="92" HEIGHT="26" WC="0.91" CONTENT="tjenster"/><SP WIDTH="15" VPOS="1402" HPOS="336"/>
							<String ID="string_419" HPOS="351" VPOS="1403" WIDTH="49" HEIGHT="20" WC="0.92" CONTENT="icke"/><SP WIDTH="16" VPOS="1403" HPOS="400"/>
							<String ID="string_420" HPOS="416" VPOS="1403" WIDTH="64" HEIGHT="21" WC="0.90" CONTENT="blifva"/><SP WIDTH="15" VPOS="1403" HPOS="480"/>
							<String ID="string_421" HPOS="495" VPOS="1403" WIDTH="68" HEIGHT="21" WC="0.92" CONTENT="blotta"/><SP WIDTH="22" VPOS="1403" HPOS="563"/>
							<String ID="string_422" HPOS="585" VPOS="1403" WIDTH="202" HEIGHT="26" WC="0.89" CONTENT="pensionstjenster,"/><SP WIDTH="17" VPOS="1403" HPOS="787"/>
							<String ID="string_423" HPOS="804" VPOS="1405" WIDTH="22" HEIGHT="24" WC="0.96" CONTENT="ty"/><SP WIDTH="16" VPOS="1405" HPOS="826"/>
							<String ID="string_424" HPOS="842" VPOS="1403" WIDTH="37" HEIGHT="20" WC="0.96" CONTENT="det"/><SP WIDTH="15" VPOS="1403" HPOS="879"/>
							<String ID="string_425" HPOS="894" VPOS="1403" WIDTH="39" HEIGHT="20" WC="0.96" CONTENT="har"/><SP WIDTH="15" VPOS="1403" HPOS="933"/>
							<String ID="string_426" HPOS="948" VPOS="1402" WIDTH="45" HEIGHT="21" WC="0.96" CONTENT="ofta"/>
						</TextLine>
						<TextLine ID="line_44" HPOS="162" VPOS="1429" WIDTH="831" HEIGHT="29">
							<String ID="string_427" HPOS="162" VPOS="1429" WIDTH="49" HEIGHT="27" WC="0.93" CONTENT="gätt"/><SP WIDTH="14" VPOS="1429" HPOS="211"/>
							<String ID="string_428" HPOS="225" VPOS="1430" WIDTH="98" HEIGHT="26" WC="0.92" CONTENT="sälunda,"/><SP WIDTH="16" VPOS="1430" HPOS="323"/>
							<String ID="string_429" HPOS="339" VPOS="1433" WIDTH="33" HEIGHT="18" WC="0.93" CONTENT="att"/><SP WIDTH="21" VPOS="1433" HPOS="372"/>
							<String ID="string_430" HPOS="393" VPOS="1431" WIDTH="96" HEIGHT="27" WC="0.92" CONTENT="tjenster,"/><SP WIDTH="17" VPOS="1431" HPOS="489"/>
							<String ID="string_431" HPOS="506" VPOS="1437" WIDTH="46" HEIGHT="16" WC="0.96" CONTENT="som"/><SP WIDTH="22" VPOS="1437" HPOS="552"/>
							<String ID="string_432" HPOS="574" VPOS="1436" WIDTH="52" HEIGHT="16" WC="0.93" CONTENT="utan"/><SP WIDTH="19" VPOS="1436" HPOS="626"/>
							<String ID="string_433" HPOS="645" VPOS="1431" WIDTH="130" HEIGHT="22" WC="0.92" CONTENT="föreskrifna"/><SP WIDTH="19" VPOS="1431" HPOS="775"/>
							<String ID="string_434" HPOS="794" VPOS="1431" WIDTH="199" HEIGHT="26" WC="0.92" CONTENT="kompetensvilkor"/>
						</TextLine>
						<TextLine ID="line_45" HPOS="162" VPOS="1459" WIDTH="829" HEIGHT="28">
							<String ID="string_435" HPOS="162" VPOS="1459" WIDTH="99" HEIGHT="26" WC="0.71" CONTENT="inrättas,"/><SP WIDTH="17" VPOS="1459" HPOS="261"/>
							<String ID="string_436" HPOS="278" VPOS="1459" WIDTH="67" HEIGHT="27" WC="0.92" CONTENT="gifvas"/><SP WIDTH="17" VPOS="1459" HPOS="345"/>
							<String ID="string_437" HPOS="362" VPOS="1459" WIDTH="23" HEIGHT="21" WC="0.96" CONTENT="ät"/><SP WIDTH="15" VPOS="1459" HPOS="385"/>
							<String ID="string_438" HPOS="400" VPOS="1466" WIDTH="109" HEIGHT="21" WC="0.96" CONTENT="personer,"/><SP WIDTH="17" VPOS="1466" HPOS="509"/>
							<String ID="string_439" HPOS="526" VPOS="1466" WIDTH="33" HEIGHT="15" WC="0.93" CONTENT="om"/><SP WIDTH="23" VPOS="1466" HPOS="559"/>
							<String ID="string_440" HPOS="582" VPOS="1460" WIDTH="72" HEIGHT="21" WC="0.96" CONTENT="hvilka"/><SP WIDTH="23" VPOS="1460" HPOS="654"/>
							<String ID="string_441" HPOS="677" VPOS="1460" WIDTH="37" HEIGHT="21" WC="0.96" CONTENT="det"/><SP WIDTH="24" VPOS="1460" HPOS="714"/>
							<String ID="string_442" HPOS="738" VPOS="1466" WIDTH="64" HEIGHT="15" WC="0.96" CONTENT="anses"/><SP WIDTH="23" VPOS="1466" HPOS="802"/>
							<String ID="string_443" HPOS="825" VPOS="1462" WIDTH="32" HEIGHT="19" WC="0.96" CONTENT="att"/><SP WIDTH="20" VPOS="1462" HPOS="857"/>
							<String ID="string_444" HPOS="877" VPOS="1459" WIDTH="26" HEIGHT="22" WC="0.96" CONTENT="de"/><SP WIDTH="22" VPOS="1459" HPOS="903"/>
							<String ID="string_445" HPOS="925" VPOS="1459" WIDTH="66" HEIGHT="22" WC="0.96" CONTENT="borde"/>
						</TextLine>
						<TextLine ID="line_46" HPOS="162" VPOS="1487" WIDTH="829" HEIGHT="28">
							<String ID="string_446" HPOS="162" VPOS="1487" WIDTH="73" HEIGHT="21" WC="0.93" CONTENT="kunna"/><SP WIDTH="16" VPOS="1487" HPOS="235"/>
							<String ID="string_447" HPOS="251" VPOS="1487" WIDTH="64" HEIGHT="22" WC="0.92" CONTENT="sköta"/><SP WIDTH="15" VPOS="1487" HPOS="315"/>
							<String ID="string_448" HPOS="330" VPOS="1487" WIDTH="49" HEIGHT="22" WC="0.96" CONTENT="dem"/><SP WIDTH="16" VPOS="1487" HPOS="379"/>
							<String ID="string_449" HPOS="395" VPOS="1491" WIDTH="51" HEIGHT="19" WC="0.96" CONTENT="utan"/><SP WIDTH="24" VPOS="1491" HPOS="446"/>
							<String ID="string_450" HPOS="470" VPOS="1491" WIDTH="31" HEIGHT="18" WC="0.93" CONTENT="att"/><SP WIDTH="22" VPOS="1491" HPOS="501"/>
							<String ID="string_451" HPOS="523" VPOS="1489" WIDTH="67" HEIGHT="26" WC="0.91" CONTENT="nägra"/><SP WIDTH="23" VPOS="1489" HPOS="590"/>
							<String ID="string_452" HPOS="613" VPOS="1489" WIDTH="107" HEIGHT="26" WC="0.93" CONTENT="egentliga"/><SP WIDTH="24" VPOS="1489" HPOS="720"/>
							<String ID="string_453" HPOS="744" VPOS="1489" WIDTH="110" HEIGHT="25" WC="0.93" CONTENT="garantier"/><SP WIDTH="22" VPOS="1489" HPOS="854"/>
							<String ID="string_454" HPOS="876" VPOS="1488" WIDTH="33" HEIGHT="21" WC="0.96" CONTENT="för"/><SP WIDTH="20" VPOS="1488" HPOS="909"/>
							<String ID="string_455" HPOS="929" VPOS="1487" WIDTH="62" HEIGHT="22" WC="0.96" CONTENT="deras"/>
						</TextLine>
						<TextLine ID="line_47" HPOS="162" VPOS="1515" WIDTH="829" HEIGHT="28">
							<String ID="string_456" HPOS="162" VPOS="1515" WIDTH="114" HEIGHT="27" WC="0.91" CONTENT="duglighet"/><SP WIDTH="14" VPOS="1515" HPOS="276"/>
							<String ID="string_457" HPOS="290" VPOS="1515" WIDTH="122" HEIGHT="23" WC="0.91" CONTENT="förefinnas."/><SP WIDTH="32" VPOS="1515" HPOS="412"/>
							<String ID="string_458" HPOS="444" VPOS="1517" WIDTH="49" HEIGHT="22" WC="0.95" CONTENT="Men"/><SP WIDTH="15" VPOS="1517" HPOS="493"/>
							<String ID="string_459" HPOS="508" VPOS="1517" WIDTH="27" HEIGHT="21" WC="0.93" CONTENT="dä"/><SP WIDTH="16" VPOS="1517" HPOS="535"/>
							<String ID="string_460" HPOS="551" VPOS="1517" WIDTH="68" HEIGHT="22" WC="0.92" CONTENT="blefve"/><SP WIDTH="21" VPOS="1517" HPOS="619"/>
							<String ID="string_461" HPOS="640" VPOS="1517" WIDTH="64" HEIGHT="21" WC="0.93" CONTENT="dessa"/><SP WIDTH="16" VPOS="1517" HPOS="704"/>
							<String ID="string_462" HPOS="720" VPOS="1517" WIDTH="93" HEIGHT="26" WC="0.92" CONTENT="tjenster"/><SP WIDTH="15" VPOS="1517" HPOS="813"/>
							<String ID="string_463" HPOS="828" VPOS="1517" WIDTH="111" HEIGHT="26" WC="0.91" CONTENT="ingenting"/><SP WIDTH="16" VPOS="1517" HPOS="939"/>
							<String ID="string_464" HPOS="955" VPOS="1522" WIDTH="36" HEIGHT="15" WC="0.90" CONTENT="an-"/>
						</TextLine>
						<TextLine ID="line_48" HPOS="162" VPOS="1545" WIDTH="830" HEIGHT="27">
							<String ID="string_465" HPOS="162" VPOS="1545" WIDTH="38" HEIGHT="20" WC="0.96" CONTENT="nat"/><SP WIDTH="15" VPOS="1545" HPOS="200"/>
							<String ID="string_466" HPOS="215" VPOS="1546" WIDTH="27" HEIGHT="19" WC="0.92" CONTENT="än"/><SP WIDTH="17" VPOS="1546" HPOS="242"/>
							<String ID="string_467" HPOS="259" VPOS="1545" WIDTH="117" HEIGHT="21" WC="0.91" CONTENT="sinekurer."/><SP WIDTH="11" VPOS="1545" HPOS="376"/>
							<String ID="string_468" HPOS="387" VPOS="1557" WIDTH="27" HEIGHT="4" WC="0.91" CONTENT="—"/><SP WIDTH="10" VPOS="1557" HPOS="414"/>
							<String ID="string_469" HPOS="424" VPOS="1545" WIDTH="61" HEIGHT="22" WC="0.91" CONTENT="Hvad"/><SP WIDTH="15" VPOS="1545" HPOS="485"/>
							<String ID="string_470" HPOS="500" VPOS="1545" WIDTH="101" HEIGHT="22" WC="0.93" CONTENT="beträffar"/><SP WIDTH="15" VPOS="1545" HPOS="601"/>
							<String ID="string_471" HPOS="616" VPOS="1545" WIDTH="209" HEIGHT="27" WC="0.91" CONTENT="landtdagsmannen"/><SP WIDTH="10" VPOS="1545" HPOS="825"/>
							<String ID="string_472" HPOS="835" VPOS="1545" WIDTH="99" HEIGHT="22" WC="0.91" CONTENT="Avellans"/><SP WIDTH="16" VPOS="1545" HPOS="934"/>
							<String ID="string_473" HPOS="950" VPOS="1547" WIDTH="42" HEIGHT="25" WC="0.92" CONTENT="ytt-"/>
						</TextLine>
					</TextBlock>
				</ComposedBlock>
			</PrintSpace>
		</Page>
	</Layout>
</alto>
