1081 1745
219 131 55 19 1704
525 131 27 20 28
568 139 17 17 p.
602 133 81 18 Toukok.

189 195 73 21 osaksi
277 195 58 22 mikä
349 195 87 22 kohtalo
452 195 97 26 tahansa,
566 196 42 21 niin
625 203 28 14 on
668 196 53 21 tieto
737 196 50 21 siitä
803 196 52 21 mitä
870 196 68 21 kansa
954 197 61 20 tässä

188 223 86 22 kohden
291 224 101 27 ajattelee
408 225 87 21 minulle
511 225 64 27 kyllin
591 225 93 21 riittävä.

259 253 217 26 Landtdagsmannen
491 253 126 22 Ehrström:
648 254 169 21 Petitionärerne
841 253 74 22 anföra
936 254 30 21 uti
982 253 32 21 sin

189 281 135 27 klagoskrift,
340 283 70 20 säsom
427 282 147 27 föreliggande
589 283 91 26 petition
696 283 39 21 bör
750 282 75 27 kallas,
838 285 32 18 att
885 283 129 26 grundorsa-

189 310 41 21 ken
246 310 33 21 till
296 310 42 26 det,
355 311 71 21 såsom
447 311 26 22 de
489 311 69 27 påstå,
575 311 135 26 ,,allmänna'*
727 311 112 27 missnöjet
854 311 49 21 med
918 311 97 21 forstför-

190 338 123 27 valtningen
330 339 59 22 bör
380 334 16 37 i
406 339 42 27 hög
471 340 53 27 grad
547 340 125 21 tillskrifvas
696 340 41 21 den
761 340 127 21 läroanstalt
911 340 38 21 der
965 340 51 21 våra

189 367 105 22 forstmän
317 368 100 27 utbildas,
434 369 40 21 och
497 369 169 27 petitionärerna
689 375 52 15 anse
765 371 33 18 att
813 369 42 26 ,,de
871 368 145 22 hufvudsakli-

189 398 63 25 gaste
268 397 172 27 olägenheterna,
456 398 72 21 hvilka
544 398 67 21 skada
629 397 235 27 forstundervisningen
888 398 40 21 och
944 397 72 22 hvilka

190 426 77 21 hindra
282 426 70 21 denna
374 427 153 26 undervisning
549 429 33 18 att
601 427 81 21 erhälla
698 427 125 26 tillräckligt
838 427 124 21 förtroende
979 429 36 18 äro

190 456 32 19 att
238 455 93 20 svenska
347 454 88 27 språket
450 455 54 22 varit
520 455 191 26 undervisningens
728 455 79 27 språk"
824 455 34 21 vid
875 455 141 22 forstinstitu-

191 485 38 19 tet.
261 483 33 21 Dä
309 483 84 22 likvisst
408 483 148 28 fordringarne
571 484 33 21 för
627 484 84 22 inträde
728 485 31 20 till
780 483 165 22 forstinstitutet
961 484 55 21 varit

191 512 41 21 och
248 514 37 19 äro
301 513 101 26 antingen
419 512 69 27 aflagd
505 513 178 22 studentexamen
700 513 53 22 eller
768 513 59 27 intyg
841 519 34 15 om
886 513 129 27 genomgän-

191 547 41 20 gen
248 541 52 21 kurs
315 541 36 21 vid
366 541 99 22 läroverk
480 541 93 22 derifrän
589 542 112 21 dimission
717 542 31 21 till
764 542 129 21 universitet
907 542 56 26 sker,
976 542 39 21 och

191 569 68 27 enligt
275 570 27 21 de
317 569 136 23 härförinnan
469 571 63 26 länge
548 571 99 26 gällande
667 570 149 27 fordringarne
832 577 25 14 en
874 571 89 21 student
977 571 39 21 bör

191 598 63 21 hafva
269 599 98 27 kunskap
383 599 40 22 och
439 599 121 22 kännedom
576 600 30 21 uti
623 600 26 21 de
664 599 57 22 bäda
735 599 7 22 i
758 599 48 22 värt
821 599 49 22 land
885 599 44 22 lika
944 599 71 22 berät-

191 627 74 26 tigade
281 627 99 28 spräken,
396 628 107 21 svenskan
519 629 40 21 och
581 628 91 27 finskan,
688 629 41 20 kan
743 628 38 27 jag
799 628 48 21 icke
863 629 46 20 inse
925 630 32 19 att
973 628 43 27 det,

191 658 33 19 att
246 656 253 28 undervisningsspräket
517 657 34 21 vid
574 657 64 21 Evois
661 657 142 22 forstinstitut
825 657 55 22 varit
902 657 114 26 svenskan,

190 685 71 21 skulle
285 685 83 22 kunnat
390 685 113 22 förorsaka
527 686 142 21 misstroende
695 686 92 21 emellan
810 686 144 21 allmänheten
976 686 40 21 och

190 713 134 26 forststaten,
341 716 21 25 ty
378 714 68 21 kändt
468 715 40 21 och
531 714 90 22 faktiskt
637 717 24 19 är
683 716 31 19 att
731 715 66 20 Evois
820 715 141 21 forstinstitut
980 715 37 21 be-

192 743 62 20 sökts
273 742 62 22 äfven
350 742 22 22 af
385 749 109 21 personer,
511 750 46 15 som
580 745 72 20 ansett
673 743 84 22 finskan
780 743 33 22 för
828 744 37 20 sitt
881 743 135 27 modersmål,

192 771 40 22 och
249 777 46 16 som
311 771 28 22 dä
354 772 34 21 väl
403 772 61 21 äfven
480 773 49 20 bort
545 772 54 21 bäde
615 773 70 20 känna
702 773 39 20 och
758 772 71 21 kunna
845 773 97 26 begagna
953 773 33 26 sig
996 772 23 21 at

192 799 89 22 finskan.
312 801 58 21 Eller
385 801 41 21 kan
443 801 36 22 det
494 801 34 21 väl
551 801 86 21 bevisas
661 803 32 19 att
716 801 69 26 någon
805 801 33 21 för
853 801 37 21 det
905 803 33 19 att
953 801 40 21 han
1010 801 6 21 i

193 829 83 26 dagligt
292 829 29 21 tal
337 829 108 27 begagnat
461 830 32 25 sig
509 829 23 22 af
552 829 68 22 finska
636 832 87 24 vägrats
747 830 83 21 inträde
854 830 31 21 till
908 830 110 21 institutet

192 857 103 22 förutsatt
310 860 33 19 att
359 858 40 21 han
415 859 7 20 i
438 859 63 26 öfrigt
517 859 54 21 varit
594 859 70 21 dertill
685 859 138 26 kompetent?
854 859 65 21 Detta
935 861 32 18 att
983 858 34 21 sä-

192 893 46 14 som
263 887 167 26 petitionärerne
453 887 75 27 sjelfva
551 889 52 25 säga
626 904 5 9 ,
634 887 170 27 spräkstriden'
819 887 136 22 förekommit
978 887 38 22 och

192 915 42 22 fätt
249 915 72 27 insteg
335 915 62 22 äfven
413 916 34 21 vid
463 917 130 25 lärovärket,
609 916 85 21 bevisar
710 918 126 19 motsatsen.

262 944 40 21 Att
315 946 56 25 män,
387 951 46 15 som
452 945 85 21 erhällit
551 945 33 21 sin
607 945 95 26 bildning
717 945 28 26 pä
761 945 98 25 svenska,
876 945 37 21 det
929 945 89 21 oaktadt

193 972 73 22 kunna
282 979 50 15 vara
347 973 165 27 fosterländska,
526 974 23 27 ja
564 973 31 22 till
612 974 40 21 och
663 974 48 21 med
722 973 152 27 ,,nationella**,
887 974 71 21 såsom
969 980 49 15 man

192 1001 70 22 kallar
285 1001 43 27 det,
351 1002 42 21 kan
409 1002 33 21 väl
466 1003 47 21 icke
533 1009 37 14 ens
594 1002 40 21 den
651 1005 72 18 värsta
745 1002 155 21 svenskhatare
922 1002 96 22 förneka.

192 1030 60 21 Eller
267 1030 35 21 vill
319 1031 39 20 och
374 1031 41 21 kan
432 1031 33 21 väl
481 1031 69 27 nägon
571 1031 64 27 pästä
657 1033 121 19 motsatsen
798 1031 132 21 beträffande
947 1031 25 21 de
988 1031 30 21 le-

194 1058 70 22 dande
281 1065 130 20 personerna
426 1060 56 21 inom
499 1060 60 21 detta
575 1060 70 26 ständ,
658 1060 26 21 de
700 1060 39 21 der
755 1059 62 22 hafva
827 1059 41 22 fätt
879 1060 31 21 sin
922 1060 97 27 bildning

193 1087 29 28 pä
237 1087 107 22 svenska?
374 1089 42 20 Det
431 1091 24 19 är
470 1089 53 21 visst
545 1089 84 27 möjligt
648 1089 40 20 och
703 1089 74 26 troligt
792 1090 33 19 att
840 1095 25 14 en
882 1089 33 21 del
932 1088 23 21 af
968 1089 51 21 vära

194 1116 60 21 äldre
270 1116 105 22 forstmän
390 1117 48 22 icke
461 1118 81 21 kunnat
563 1117 71 21 finska
650 1117 34 21 vid
701 1117 104 21 tillträdet
822 1117 22 21 af
858 1117 47 21 sina
920 1117 98 27 tjänster,

194 1151 48 15 men
260 1145 75 21 därvid
350 1145 40 22 bör
405 1146 146 27 ihägkommas
567 1149 33 18 att
615 1146 40 21 den
673 1145 71 22 äldsta
760 1145 107 27 upplagan
879 1145 23 22 af
915 1145 104 22 forstmän

194 1173 132 22 härstamma
341 1174 46 21 frän
403 1181 26 15 en
444 1175 31 20 tid
491 1175 27 21 dä
533 1175 82 21 finskan
632 1177 71 24 tyvärr
719 1177 57 18 ännu
793 1175 46 21 icke
856 1181 37 14 var
908 1175 65 21 insatt
988 1175 32 20 uti

194 1202 32 21 sin
243 1202 130 27 fullkomligt
388 1203 135 27 berättigade
539 1203 100 27 ställning
655 1206 56 18 samt
727 1205 33 19 att
776 1203 63 21 dessa
854 1203 103 21 forstmän
972 1203 48 21 icke

195 1231 87 21 erhällit
296 1231 33 21 sin
344 1231 98 28 forstliga
457 1233 95 26 bildning
567 1233 56 20 inom
639 1234 49 24 eget
703 1232 56 21 land.
785 1231 62 22 Evois
859 1232 38 21 bär
907 1232 56 21 altsä
973 1232 47 21 icke

194 1259 94 22 skulden
304 1260 77 26 härför,
398 1261 143 27 synnerligast
556 1267 46 15 som
619 1261 72 20 därtill
707 1263 57 18 ännu
780 1261 95 20 kommer
891 1263 32 18 att
939 1267 25 14 en
981 1261 40 20 och

195 1295 70 14 annan
281 1288 22 21 af
317 1289 64 21 dessa
397 1289 67 21 redan
479 1289 58 21 förut
551 1289 47 21 lidit
614 1289 140 27 skeppsbrott
770 1289 27 26 pä
812 1289 69 21 lifvets
896 1295 72 15 ocean.
986 1289 34 21 In-

194 1323 42 21 gen
252 1316 22 22 af
290 1317 26 21 de
331 1317 110 27 forstmän,
458 1324 46 15 som
520 1318 125 26 genomgätt
659 1318 68 24 Evois,
742 1318 61 20 torde
815 1323 48 15 vara
875 1318 6 20 i
893 1318 40 20 den
950 1318 71 26 olyck-

195 1346 44 26 liga
262 1346 130 27 belägenhet
414 1349 32 19 att
467 1347 26 21 de
516 1347 47 21 icke
578 1347 6 20 i
601 1346 81 27 dagligt
697 1346 30 21 tal
743 1346 52 21 reda
811 1346 32 27 sig
858 1346 48 21 fullt
922 1346 100 21 tillfreds-

195 1374 108 22 ställande
319 1375 48 21 med
385 1376 40 21 den
437 1375 48 22 dem
497 1375 133 27 omgifvande
641 1375 69 21 finska
720 1375 158 27 befolkningen,
891 1375 48 21 med
952 1375 70 22 hvilka

196 1403 26 21 de
239 1403 62 22 hafva
317 1404 106 27 beröring.
447 1405 48 20 Men
511 1404 146 27 nägonstädes
673 1404 70 21 måste
760 1403 33 22 väl
805 1406 60 19 roten
880 1404 39 21 och
932 1404 90 27 upphof-

195 1434 37 19 vet
247 1431 34 22 till
297 1433 32 20 ett
344 1433 102 26 antingen
461 1433 92 26 värkligt
568 1433 52 21 eller
635 1433 99 20 inbilladt
745 1433 54 20 ondt
810 1433 63 20 sökas
885 1432 23 21 af
917 1433 47 21 dem
976 1439 46 15 som

196 1461 97 26 ständigt
307 1461 64 27 klaga
386 1462 39 21 sitt
438 1462 102 27 missnöje
555 1462 48 21 med
617 1461 136 24 forststaten,
764 1461 39 22 och
819 1467 46 15 som
880 1461 32 21 till
928 1462 38 21 sitt
980 1462 42 21 mäl

195 1489 94 27 förelagt
304 1490 33 26 sig
352 1491 119 21 svenskans
488 1490 149 27 utträngande,
649 1490 40 21 och
701 1490 27 21 dä
740 1492 23 19 är
779 1490 37 21 det
831 1490 103 26 naturligt
945 1493 33 18 att
988 1497 34 14 ro-

196 1520 36 19 ten
250 1518 32 21 till
298 1518 37 21 det
351 1519 57 21 onda
423 1519 54 21 skall
494 1519 64 22 sökas
575 1519 5 21 i
597 1518 74 28 sjelfva
686 1519 121 25 institutet;
826 1521 21 24 ty
863 1519 92 20 derifrän
971 1520 52 26 utgä

193 1547 25 26 ju
234 1547 28 21 de
277 1549 56 25 män,
345 1553 46 16 som
407 1548 33 21 sin
455 1548 54 27 plikt
525 1548 107 26 likmätigt
647 1549 37 19 äro
700 1547 98 27 skyldige
814 1549 32 19 att
861 1547 115 22 öfvervaka
991 1551 32 18 att
