1075 1736
402 120 24 19 18
443 127 18 18 p.
478 122 81 17 Toukok.
813 121 51 19 1501

68 185 41 20 niin
127 185 71 20 tämän
215 184 59 21 asian
290 184 184 21 käsittelemiseen
491 184 139 27 epäilemättä
646 184 80 21 kuluisi
741 185 72 26 paljon
826 185 67 26 aikaa,

64 213 24 27 ja
103 213 52 21 voisi
172 213 49 21 siitä
236 216 85 18 seurata
338 213 95 21 sellaisia
448 213 200 27 yhteensovituksia
664 213 52 21 ettei
731 213 67 22 niihin
809 214 85 21 kuiten-

68 242 55 21 kaan
140 241 83 22 voitaisi
239 244 97 23 suostua,
350 242 66 27 jonka
432 242 75 21 vuoksi
524 241 56 22 minä
596 242 77 21 katson
687 242 114 27 parhaaksi
814 242 80 27 hyljätä

67 270 56 21 koko
140 270 122 21 mietinnön.

136 304 112 22 Edusmies
267 304 99 22 Castrén:
389 304 94 22 Minäkin
500 304 72 22 luulen
588 306 46 20 että
658 304 77 22 käsillä
751 304 61 22 oleva
828 304 65 28 esitys

68 339 26 15 on
111 332 97 28 lähtenyt
230 335 110 19 enemmän
357 333 43 21 niin
417 333 123 27 sanottujen
564 333 170 27 sporttimiesten
759 334 29 21 tai
804 336 90 19 metsäs-

67 362 155 27 tysurheilijain
238 362 156 21 toivomuksien
419 362 164 22 toteuttamisen
600 364 116 24 tarpeesta,
733 362 43 21 kun
793 362 100 22 varsinai-

68 390 53 22 sista
137 391 138 26 puutoksista
290 391 147 26 asetuksessa,
451 391 23 27 ja
489 391 43 21 kun
549 391 70 21 minun
636 391 158 21 käsittääkseni
809 391 83 27 yleinen

67 418 68 22 kansa
150 419 59 27 pitää
225 420 97 26 nykyistä
338 421 99 19 asetusta
458 420 95 26 jossakin
578 420 81 21 määrin
675 419 154 27 tyydyttävänä
845 420 48 21 eikä

67 448 100 21 lainkaan
184 448 63 21 halua
262 448 68 21 siihen
346 448 96 21 sellaisia
461 448 134 28 supistuksia
617 448 51 21 kuin
693 448 51 21 mitä
767 449 126 26 metsästys-

69 476 110 28 urheilijat
197 477 189 27 pääkaupungissa
399 477 24 27 ja
438 483 37 15 sen
492 477 162 27 ympäristöillä,
673 477 43 21 niin
733 477 91 21 minäkin
840 483 53 21 puo-

68 505 78 21 lestani
168 506 87 20 luulisin
277 508 45 19 että
339 506 251 27 Talonpoikaissäädyllä
606 512 26 15 on
648 506 55 27 täysi
719 512 37 21 syy
773 506 119 27 tykkänään

69 534 82 27 hyljätä
166 534 170 27 puheenalainen
352 534 175 22 asetusehdotus.

136 568 112 21 Edusmies
264 569 83 21 Hoikka
369 568 95 27 yhdistyi
487 569 146 21 edusmiesten
649 569 79 21 Häklin
742 569 23 27 ja
781 568 111 22 Castrenin

67 597 155 22 ehdotukseen.

134 631 216 26 Landtdagsmannen
367 631 109 28 Hedberg:
505 627 68 26 Äfven
586 632 38 27 jag
644 631 85 22 förenar
744 632 43 27 mig
802 631 47 22 med
867 632 26 21 de

67 660 129 27 föregäende
220 661 100 26 talarene,
337 667 47 14 men
402 661 34 20 vill
461 661 54 21 dock
538 661 49 21 med
603 661 114 26 anledning
733 661 22 21 af
769 661 124 26 landtdags-

66 695 90 15 mannen
174 689 101 21 Castrens
299 689 112 21 uttalande
429 689 113 22 framhålla
558 691 32 20 att
606 689 37 21 det
659 689 47 22 icke
723 691 23 20 är
762 691 131 25 sportsmän-

67 724 41 15 nen
123 717 7 21 i
146 717 122 27 allmänhet,
284 724 46 15 som
353 720 37 19 äro
407 718 118 27 upphofvet
541 718 31 21 till
588 719 60 20 detta
667 718 224 27 författningsförslag,

66 748 52 19 utan
134 748 33 19 att
182 747 37 21 det
235 747 76 21 endast
326 749 24 18 är
369 747 142 27 stadsjägare,
528 753 46 15 som
590 749 37 19 äro
644 747 42 21 det.
718 747 41 21 Vid
775 747 37 21 det
827 747 64 25 möte,

67 781 45 15 som
129 775 54 21 hölls
199 775 6 21 i
222 775 78 27 Viborg
316 775 68 22 under
399 777 88 20 senaste
502 775 177 27 utställningstid,
696 775 95 22 förekom
807 775 85 27 mycket

67 803 60 22 stark
150 804 120 27 opposition
294 804 40 21 och
357 805 70 20 denna
447 805 48 26 just
517 804 22 21 af
560 811 108 20 personer,
685 811 45 14 som
754 806 95 19 närmast
863 803 29 28 pä

66 832 125 22 landsorten
207 833 49 26 sjelf
270 833 78 27 sysslät
364 833 48 21 med
426 833 55 27 jagt.

90 895 6 21 i
135 867 217 27 Landtdagsmannen
375 867 106 27 Lindberg
506 867 102 21 förenade
634 867 32 27 sig
692 867 48 21 med
763 866 129 28 föregäende

67 896 75 20 talare.

135 924 113 22 Edusmies
265 924 140 21 Pääkkönen:
435 924 49 21 Kun
500 924 47 22 olen
565 924 90 22 lukenut
677 924 53 21 niitä
745 924 146 27 perustelmia,

64 953 55 27 joita
134 953 132 21 anomuksen
289 954 65 26 tekijä
378 959 26 15 on
428 953 66 21 tähän
518 953 60 21 esille
601 955 88 25 pannut,
706 953 42 21 niin
765 953 48 21 olen
828 952 65 21 tullut

66 982 65 20 niistä
147 982 81 22 toiseen
244 982 163 21 vakuutukseen
423 982 51 21 kuin
491 982 104 21 edellinen
612 982 86 27 puhuja.
730 982 101 26 Myöntää
847 983 44 25 täy-

67 1012 41 25 tyy,
119 1012 46 20 että
180 1011 117 21 muutamin
313 1010 85 28 paikoin
415 1017 26 15 on
459 1011 141 21 valiokunnan
617 1011 140 21 mietinnössä
773 1010 118 28 supistettu

66 1039 83 27 köyhän
166 1039 81 21 kansan
264 1040 58 26 etuja
338 1039 159 27 metsästyksen
514 1039 98 26 suhteen,
628 1041 70 19 mutta
714 1039 89 21 samalla
819 1040 72 25 täytyy

66 1069 106 25 myöntää,
184 1070 46 19 että
245 1068 142 22 valiokunnan
403 1068 144 21 ehdoittamat
562 1068 139 21 näkökohdat
716 1070 51 19 ovat
781 1067 68 27 täysin
861 1067 30 21 oi-

65 1096 101 22 keutetut
188 1097 43 21 kun
254 1097 115 21 katsotaan
393 1096 68 22 siihen
485 1097 110 25 seikkaan,
616 1099 46 19 että
683 1096 132 22 metsäriista
830 1096 61 20 vuosi

65 1125 102 21 vuodelta
182 1126 64 26 käypi
261 1126 153 26 vähemmäksi,
426 1126 53 21 kuta
495 1128 111 19 enemmän
622 1126 52 20 niitä
690 1125 116 27 epäkohtia
821 1124 70 22 suosi-

66 1156 57 24 taan,
136 1154 56 26 joita
207 1154 105 27 nykyinen
332 1154 108 21 voimassa
461 1154 62 21 oleva
541 1156 202 25 metsästys-asetus
759 1154 55 21 vielä
829 1153 62 21 sisäl-

65 1184 42 19 tää.
138 1183 81 20 Tämän
240 1183 116 21 asetuksen
380 1183 92 21 mukaan
489 1189 27 15 on
533 1183 171 20 rauhoitus-aika
720 1183 49 20 liian
785 1182 65 27 lyhyt,
867 1187 24 15 se

65 1211 42 21 kun
124 1211 53 21 sallii
195 1213 177 20 metsästettävän
392 1211 69 22 siihen
477 1211 77 21 aikaan
570 1211 42 21 kun
629 1211 166 22 metsälinnuilla
811 1217 26 14 on
853 1216 38 21 po-

62 1240 33 27 jat
110 1240 183 27 pienimmillänsä,
306 1241 60 26 josta
382 1247 27 14 on
425 1240 153 25 seurauksena,
596 1242 45 19 että
663 1239 145 28 lintuperheet
823 1239 66 26 hajoi-

65 1270 73 20 tetaan
151 1269 23 27 ja
191 1271 60 19 emän
268 1271 119 19 ammuttua
403 1269 60 27 pojat
481 1269 74 27 jäävät
570 1269 96 21 kaiketta
681 1269 99 20 hoidotta
796 1269 95 20 metsän-

64 1297 94 22 eläinten
174 1297 166 22 raiskattaviksi.
372 1297 57 22 Minä
445 1297 38 22 siis
499 1297 122 28 puolestani
637 1297 130 27 lämpimästi
783 1297 108 21 kannatan

64 1326 144 21 valiokunnan
224 1327 117 20 mietintöä.

132 1360 216 27 Landtdagsmannen
365 1359 135 28 Rosenberg:
525 1360 32 21 Pä
573 1360 39 21 den
630 1362 34 19 ort
684 1360 37 27 jag
737 1360 39 21 har
792 1361 51 19 äran
859 1365 33 15 re-

63 1391 132 24 presentera,
208 1389 19 20 d.
236 1396 18 14 v.
264 1395 16 15 s.
292 1383 75 32 Äland,
383 1389 40 21 har
437 1395 50 15 man
503 1389 89 22 kommit
608 1389 31 21 till
656 1389 39 21 den
712 1388 129 26 erfarenhet,
857 1389 33 20 att

64 1417 37 21 det
123 1417 83 27 nyttiga
221 1417 127 22 villebrädet
371 1418 38 21 allt
432 1424 46 15 mer
497 1418 40 21 och
560 1424 45 15 mer
627 1417 84 27 aftager
731 1417 40 22 och
789 1417 36 21 det
841 1416 50 21 sker

63 1445 208 27 hufvudsakligast
263 1441 12 36 i
291 1446 51 26 följd
365 1445 22 22 af
409 1447 124 21 nuvarande
555 1446 222 26 fridlysningsstadga.
809 1445 82 21 Sådant

63 1474 39 20 har
124 1474 144 22 förhållandet
284 1474 54 22 varit
361 1475 48 21 med
433 1474 137 27 ejderhanen,
588 1474 85 22 hvilken
696 1474 72 22 förrän
792 1474 40 21 den
848 1472 45 22 blef

62 1502 86 28 fridlyst
163 1502 96 22 förekom
275 1503 89 27 rikligen
381 1503 28 27 pä
424 1498 77 27 Äland.
525 1503 105 21 Hvarför?
660 1503 34 26 Jo,
711 1503 90 21 emedan
817 1502 74 21 allmo-

63 1537 39 20 gen
119 1531 101 22 beflitade
236 1532 32 26 sig
285 1538 33 15 om
334 1533 33 20 att
382 1533 73 20 utrota
473 1532 49 22 dess
538 1532 82 21 fiender
635 1532 39 21 och
689 1531 83 28 skydda
783 1532 48 25 den,
843 1536 47 16 men
