1075 1739
400 118 27 18 24
443 124 18 18 p.
477 119 82 18 Toukok.
812 117 54 20 1637

64 184 64 20 rässä
144 182 183 21 maantuotteiden
344 181 96 27 hintojen
458 188 50 15 arvo
520 187 27 16 on
559 182 120 26 alentunut,
688 182 62 27 joten
761 182 133 26 päinvastoin

67 212 93 22 voidaan
176 216 73 20 sanoa,
266 212 45 20 että
325 210 120 21 rahanarvo
462 217 26 15 on
504 212 92 20 noussut
609 211 23 27 ja
648 210 186 22 maantuotteiden
849 210 46 21 hin-

67 242 39 20 nat
120 240 99 21 alenneet
239 239 24 27 ja
281 239 57 21 siten
353 239 179 27 palkankoroitus
548 239 154 22 virkamiehille
717 239 29 27 yli
762 239 56 21 koko
833 245 62 15 maan

68 270 101 26 syntynyt
181 268 23 26 ja
219 268 38 20 siis
273 268 157 21 nimismiehille
446 268 103 27 myöskin.

137 296 216 27 Landtdagsmannen
368 296 110 27 Hedberg:
507 296 42 27 Jag
564 296 36 22 vill
622 296 118 28 ingalunda
762 296 87 22 inverka
868 295 28 28 pä

68 326 209 26 landtdagsmannen
294 325 122 27 Svedbergs
432 332 73 15 varma
521 325 149 28 öfvertygelse,
687 326 53 20 eller
756 331 37 15 ens
808 325 87 22 försöka

69 354 124 22 Ofvervinna
209 354 40 21 den
265 354 111 26 förvåning
392 354 42 21 han
456 355 54 20 känt
530 354 59 22 öfver
604 354 56 21 hvad
673 354 38 27 jag
726 354 93 26 tidigare
833 354 64 26 vågat

69 383 70 21 uttala
153 383 36 21 vid
205 382 158 27 behandlingen
378 382 23 22 af
416 383 60 21 detta
493 383 86 21 ärende.
610 383 50 21 Men
676 383 42 21 den
734 383 64 21 ärade
813 382 82 21 talaren

68 412 41 21 har
124 414 49 24 sagt
189 418 33 14 om
239 412 40 20 den
294 411 91 21 liknelse
399 412 37 26 jag
452 412 83 26 vägade
558 412 112 27 uppdraga
693 412 91 21 emellan
800 411 97 21 enskilda

69 446 114 22 personers
199 440 99 21 biträden
314 440 40 22 och
371 440 41 22 den
424 440 82 27 -lägsta
528 441 80 26 graden
625 441 22 21 af
661 442 83 20 statens
761 440 134 27 tjenstemän,

70 471 34 20 att
118 470 69 21 denna
202 469 91 21 liknelse
308 469 71 21 haltar
394 469 28 27 pä
438 469 57 21 bäda
511 469 69 21 benen
601 470 39 20 och
657 472 33 18 att
705 469 113 21 skilnaden
834 468 62 22 emel-

70 498 36 21 lan
122 498 64 22 dessa
201 504 104 20 personer
319 500 24 19 är
360 504 79 15 enorm.
463 498 43 26 Jag
521 498 56 21 hade
593 498 55 22 dock
663 500 76 19 väntat
754 498 23 21 af
789 504 26 15 en
828 498 69 21 landt-

71 527 103 27 dagsman
196 527 33 21 för
244 526 85 22 hvilken
350 527 38 27 jag
411 526 64 27 hyser
497 527 90 27 mycken
603 527 95 27 aktning,
715 528 33 20 att
763 527 41 21 han
821 526 75 21 ätmin-

70 558 62 19 stone
148 556 48 20 med
212 555 66 27 nägra
294 556 38 20 ord
347 556 57 20 hade
419 555 85 22 försökt
519 556 46 21 visa
581 556 59 21 hvari
657 556 70 21 denna
742 558 60 19 stora
812 554 84 22 skilnad

71 584 108 22 besticker
195 584 39 26 sig.
264 584 67 21 Detta
345 584 41 21 har
401 584 41 21 han
460 584 119 22 emellertid
595 585 18 26 ej
631 584 70 22 funnit
719 584 74 27 nödigt
809 584 39 21 och
860 584 38 26 jag

71 615 25 19 är
111 613 84 21 säledes
212 619 25 15 ur
253 613 61 21 ständ
331 615 33 19 att
379 613 29 27 pä
422 613 66 27 nägot
506 615 44 19 sätt
565 613 87 21 bemöta
668 614 53 20 hans
736 613 114 21 inkast.
838 608 15 36 —
866 612 31 21 En

71 648 70 15 annan
158 642 50 20 ärad
224 641 75 26 talare,
315 642 207 26 landtdagsmannen
537 642 130 25 Päivärinta,
683 642 39 21 har
738 642 62 21 ordat
814 641 85 27 mycket

72 676 35 16 om
122 670 194 27 likaberättigande
339 671 73 21 säsom
435 671 118 26 menniska,
570 677 34 15 om
621 671 94 22 enskildt
730 670 112 28 godtycke,
859 670 40 21 och

72 705 35 16 om
122 701 33 20 att
170 699 63 27 ingen
256 699 39 22 bör
309 706 52 15 vara
376 706 27 14 en
422 706 81 15 annans
519 700 42 21 träl
577 706 19 15 o.
613 706 16 15 s.
646 706 19 15 v.
696 700 68 21 Detta
778 699 54 22 halft
846 705 51 20 poe-

72 728 57 21 tiska
145 728 136 27 andragande
298 728 83 27 skjuter
397 729 66 26 nägot
478 728 59 22 öfver
553 729 66 21 mälet
634 729 39 21 och
692 728 86 22 kräfver
794 728 70 21 derför
880 727 17 27 ej

73 757 107 27 synnerlig
195 757 163 26 motbevisning.
388 757 42 27 Jag
445 757 36 21 vill
498 758 77 21 endast
589 758 49 21 med
657 757 115 26 anledning
788 756 60 22 deraf
861 756 38 27 pä-

72 785 72 22 minna
159 792 34 15 om
209 785 105 22 hvarthän
337 792 49 15 man
409 786 103 26 kommer,
528 786 44 21 ifall
595 793 49 14 man
659 786 29 27 pä
704 786 78 21 sädant
798 787 44 20 sätt
856 785 41 21 för-

72 821 75 15 svarar
162 815 33 20 sin
207 815 45 20 sak.
263 826 22 3 —
299 814 10 21 I
320 814 61 21 detta
397 815 65 20 ständ
478 815 40 21 har
533 815 125 27 upprepade
674 815 80 26 gänger
769 815 85 26 klagats
870 813 30 21 öf-

72 849 38 15 ver
126 843 230 25 embetsmannavälde,
373 850 49 15 men
445 850 26 15 en
494 844 69 21 talare
585 843 46 22 före
654 844 42 26 mig
718 844 44 25 har,
780 843 70 21 säsom
859 843 42 26 jag

72 872 82 27 tycker,
170 872 86 27 mycket
271 872 109 26 äskädligt
395 872 57 21 visat
468 875 32 18 att
516 873 60 20 detta
599 873 224 21 embetsmannavälde
838 877 63 22 grun-

74 901 39 21 dar
128 901 33 25 sig
179 900 46 27 just
247 900 29 27 pä
298 901 188 21 embetsmännens
510 901 149 27 oafsättlighet
681 901 40 21 hos
744 907 43 15 oss.
817 900 84 21 Väcker

74 935 48 15 man
138 929 56 21 blott
209 929 61 26 fräga
285 935 34 15 om
335 932 34 18 att
384 929 70 27 nägon
470 930 44 21 viss
530 930 98 27 kategori
644 929 22 22 af
680 930 91 27 tjenster
786 929 68 22 borde
869 929 30 20 in-

75 958 84 26 dragas,
176 959 69 20 stöter
261 965 48 14 man
325 960 59 19 strax
399 959 28 26 pä
450 958 41 22 den
509 959 198 27 ogenomträngliga
722 961 83 25 väggen
821 957 21 22 af
857 957 44 22 oaf-

74 987 89 26 sättliga
178 987 135 26 tjenstemän.
337 987 43 21 Det
394 987 70 21 finnes
480 987 63 27 ingen
559 988 112 27 möjlighet
686 989 33 20 att
734 988 86 25 vidtaga
835 986 67 26 nägra

74 1015 103 21 reformer
192 1016 28 25 pä
235 1015 263 22 embetsmannaomrädet
520 1022 35 15 om
570 1023 49 14 man
635 1017 18 26 ej
671 1017 104 26 tillgriper
788 1016 41 21 den
848 1015 54 21 enda

75 1045 94 25 utvägen
185 1046 32 19 att
231 1044 66 27 bjuda
313 1045 55 26 dem,
380 1051 46 14 som
441 1045 115 21 innehafva
571 1045 97 27 tjenster,
677 1045 115 22 befordran
808 1044 52 21 eller
870 1046 32 18 att

75 1073 97 20 utbetala
188 1073 62 21 deras
266 1073 60 21 löner
340 1073 34 22 för
387 1073 95 22 lifstiden
506 1075 52 20 utan
574 1076 32 19 att
621 1074 67 27 nägot
703 1073 150 22 motsvarande
870 1079 31 14 ar-

75 1101 50 21 bete
149 1101 103 22 behöfver
273 1101 161 28 ifrägakomma.
465 1103 43 20 Det
524 1105 29 23 är,
571 1103 66 26 enligt
659 1103 56 20 hvad
729 1103 37 26 jag
781 1103 42 20 kan
838 1101 64 25 finna,

75 1129 130 27 fullkomligt
227 1131 96 26 omöjligt
346 1133 32 19 att
400 1131 76 21 förena
498 1131 82 22 önskan
597 1138 33 15 om
647 1133 32 20 att
699 1132 65 21 dessa
780 1130 122 26 oafsättlige

75 1159 142 27 tjenstemäns
234 1159 58 21 antal
308 1160 39 21 bör
362 1160 53 21 ökas
438 1160 50 21 med
512 1160 82 21 önskan
617 1162 32 19 att
670 1159 234 22 embetsmannaväldet

75 1187 40 22 hos
127 1193 35 16 oss
179 1188 55 21 skall
249 1187 136 22 förminskas.
394 1201 28 2 —
431 1188 219 27 Landtdagsmannen
660 1189 115 21 Danielson
787 1187 71 22 talade
869 1193 33 15 om

76 1217 132 26 guvernörer
225 1217 82 21 sädana
322 1217 26 21 de
364 1217 108 22 mähända
487 1217 128 28 nägongäng
625 1217 141 22 förekommit.
788 1217 61 21 Huru
860 1218 44 19 rätt

76 1245 42 21 han
134 1245 91 21 skildrat
240 1245 33 22 för
293 1245 85 27 gängen
401 1245 151 23 förhällanden
568 1249 35 19 vet
620 1247 38 27 jag
676 1247 54 26 icke,
746 1253 48 15 men
808 1246 36 27 jag
860 1247 43 19 tror

76 1274 43 26 mig
133 1274 72 21 känna
220 1276 33 19 att
267 1274 52 22 våra
341 1275 76 21 nutida
440 1277 131 24 guvernörer
593 1278 38 19 äro
647 1276 95 21 särdeles
759 1275 87 21 belåtna
860 1273 44 21 ifall

76 1303 28 21 de
119 1303 72 21 kunna
213 1302 106 22 förvärfva
334 1304 33 26 sig
390 1304 94 26 duglige,
500 1304 96 26 pålitlige
616 1304 103 26 länsmän,
736 1304 40 22 och
789 1304 37 27 jag
842 1308 62 16 anser

76 1332 68 25 detta,
161 1333 32 19 att
208 1338 49 14 man
273 1334 24 19 är
312 1338 26 15 en
354 1332 74 27 duglig
443 1333 113 21 menniska
571 1333 28 27 på
614 1334 32 20 sin
661 1333 64 27 plats,
734 1339 50 15 vare
795 1332 32 26 sig
838 1331 65 21 sedan

77 1362 33 19 att
122 1360 36 21 det
171 1360 68 26 gäller
250 1362 83 19 statens
346 1361 52 21 eller
410 1361 85 21 enskild
506 1368 91 20 persons
608 1362 73 26 tjenst,
691 1362 79 26 skapar
778 1368 26 14 en
815 1359 89 29 tryggad

76 1388 103 27 ställning
195 1392 53 18 utan
264 1391 32 19 att
312 1390 107 21 särskilda
432 1389 152 28 författningar
595 1390 75 22 härvid
683 1390 93 22 behöfva
786 1388 118 22 tillskaffas.

145 1417 46 21 Här
207 1418 39 20 har
261 1418 7 20 i
284 1418 41 26 dag
341 1418 125 27 upprepade
490 1419 81 26 gånger
593 1419 65 21 talats
679 1425 34 15 om
729 1421 32 19 att
776 1418 128 28 tjenstemän

76 1444 48 22 icke
139 1446 68 21 borde
223 1446 91 22 afsättas
329 1449 53 19 utan
398 1447 26 21 så
442 1447 74 21 kallad
537 1448 66 27 laglig
618 1448 160 26 undersökning
793 1446 39 22 och
850 1446 53 21 dom.

76 1473 41 22 Om
132 1480 29 15 nu
178 1474 132 22 afsaknaden
326 1475 22 21 af
362 1482 26 14 en
404 1476 155 22 bestämmelse
581 1476 76 21 härom
672 1478 111 25 gentemot
798 1476 107 20 länsmän-

77 1508 41 16 nen
134 1503 75 27 gjorde
226 1504 61 21 deras
304 1504 102 27 ställning
421 1504 25 21 så
462 1504 88 28 omöjlig
566 1511 46 15 som
627 1511 49 15 man
692 1505 58 21 velat
765 1503 82 23 utmåla
857 1503 47 25 den,

76 1531 56 21 huru
148 1532 55 21 skall
219 1538 50 15 man
285 1532 28 21 då
327 1533 72 21 kunna
415 1532 96 22 förklara
526 1534 37 20 det
577 1533 88 27 faktum,
677 1540 46 15 som
737 1534 37 26 jag
788 1532 56 22 hade
855 1534 51 19 äran
