1075 1739
213 120 54 20 1502
518 121 25 19 18
559 128 18 17 p.
593 122 82 18 Toukok.

183 190 28 15 nu
227 184 28 22 då
271 185 40 21 den
326 184 69 22 blifvit
410 184 84 28 fridlyst
510 186 24 20 är
548 185 106 27 allmogen
678 185 48 21 icke
749 190 59 15 mera
830 184 132 22 intresserad
976 184 33 22 för

183 213 48 27 den,
247 213 33 21 till
295 213 52 28 följd
370 213 76 22 hvaraf
460 214 40 21 den
523 214 62 21 äfven
608 214 140 22 förminskats
771 219 77 20 genom
864 214 51 21 dess
931 214 78 26 många

182 241 83 22 fiender
279 242 64 22 bland
359 242 135 27 roffoglarna.
520 243 80 21 Likaså
615 243 48 21 med
687 242 185 27 gräsandshonan,
891 249 44 15 som
951 242 58 21 förut

182 276 37 16 var
242 271 82 25 ganska
346 271 63 21 talrik
432 271 125 27 isynnerhet
571 272 6 20 i
593 272 66 26 Föglö
682 272 40 21 och
738 271 121 26 Kumlinge.
890 272 45 20 Der
953 270 55 22 före-

183 299 96 21 kommer
301 300 69 21 denna
393 300 125 27 sjöfogelart
540 300 67 21 redan
627 300 24 21 så
667 300 65 26 tidigt
746 300 29 26 på
791 300 47 20 året
854 306 45 15 som
915 300 8 21 i
938 300 69 21 medio

183 327 23 21 af
218 334 57 15 mars
297 328 38 21 och
358 328 119 22 försvinner
492 329 6 21 i
515 329 69 21 medio
601 329 21 21 af
637 329 60 27 april,
715 329 28 21 då
758 328 156 28 vattendragen
930 329 6 21 i
952 328 57 22 fasta

181 356 92 22 Finland
288 357 59 27 börja
363 358 27 26 gå
405 364 49 20 upp,
471 357 39 22 och
527 358 80 21 häckar
622 358 68 20 sällan
706 358 53 21 eller
775 359 77 19 nästan
862 358 69 26 aldrig
942 358 28 26 på
981 357 26 21 de

183 385 105 22 åländska
311 387 71 20 öarna.
412 386 42 27 Jag
476 386 39 21 har
538 386 111 22 dessutom
672 386 33 22 för
728 392 54 20 egen
806 386 34 21 del
863 393 26 14 en
905 386 6 21 i
927 392 81 16 samma

182 414 95 27 riktning
291 415 83 27 gående
390 414 127 22 erfarenhet.
548 415 43 21 Det
607 417 23 19 är
643 415 177 27 jaktföreningar,
837 421 46 15 som
898 416 109 20 utarbetat

181 442 161 28 ifrågavarande
357 443 80 27 förslag
453 444 31 21 till
500 444 220 27 fridlysningsstadga,
733 444 40 21 och
789 444 31 20 till
837 444 64 21 dessa
915 443 92 22 förenin-

182 478 39 20 gar
235 472 40 21 hör
290 474 77 20 nästan
382 472 138 22 uteslutande
536 473 119 25 herremän,
668 475 56 19 mest
734 472 22 22 af
770 472 178 25 hufvudstadens,
960 479 46 15 som

182 500 47 22 icke
245 501 38 21 det
297 501 94 27 ringaste
414 501 62 21 hafva
499 502 70 26 någon
585 502 81 26 verklig
688 502 122 20 kännedom
834 507 34 15 om
889 501 55 21 hvad
960 507 46 15 som

182 529 39 21 bör
245 530 40 21 och
308 530 47 21 icke
374 530 39 21 bör
435 530 99 27 fridlysas
550 532 15 20 t.
581 536 31 15 ex.
629 530 27 26 på
672 524 70 27 Åland
766 530 52 21 eller
845 530 55 22 hvad
927 530 80 21 folkets

181 558 88 22 behof
260 554 12 36 i
285 559 59 21 detta
366 558 101 22 afseende
490 559 122 27 egentligen
629 562 28 18 är.
689 559 43 21 Det
748 565 50 15 vore
815 559 136 26 regeringens
968 559 38 21 sak

181 588 33 20 att
229 587 49 21 med
293 588 37 20 det
345 588 53 21 allra
412 587 68 22 första
496 588 6 21 i
518 588 39 21 och
573 588 32 21 för
621 588 144 21 utarbetande
782 587 22 21 af
817 587 80 27 förslag
913 588 32 20 till
955 587 52 21 frid-

181 615 175 28 lysningsstadga
372 616 92 22 tillsätta
479 623 25 15 en
520 616 80 22 komité
616 616 22 22 af
651 616 134 26 sakkunnige
800 618 54 24 män,
867 616 59 21 hvari
941 616 66 22 också

182 644 141 27 allmogemän
346 645 66 22 borde
435 646 97 21 inkallas.
563 646 33 20 Då
619 645 68 21 blefve
711 644 160 27 författningen,
888 645 69 21 skulle
969 646 38 26 jag

181 675 40 23 tro,
237 673 46 22 helt
298 674 132 21 annorlunda
445 676 26 20 än
487 681 35 18 nu,
534 674 26 22 då
577 674 26 21 de
614 674 120 26 herremän,
747 681 46 14 som
804 674 117 27 uppgjordt
931 673 76 28 ifråga-

181 703 94 21 varande
290 703 86 27 förslag,
392 709 63 21 synas
472 703 38 21 allt
524 710 45 15 mer
585 703 39 22 och
641 709 45 15 mer
701 703 100 26 förbjuda
817 703 28 21 all
861 703 85 21 vildnad
960 709 46 15 som

181 731 55 22 dock
252 733 63 26 utgör
331 738 25 15 en
372 732 151 27 hufvudsaklig
538 732 86 21 brödbit
639 732 33 21 för
688 731 41 22 den
746 731 100 27 fattigare
858 731 147 27 allmogeklas-

181 765 45 16 sen.
257 760 67 21 Äfven
337 761 37 27 jag
396 761 107 22 förkastar
525 761 245 21 utskottsbetänkandet
793 760 40 21 och
849 760 90 22 föreslår
955 760 50 22 ned-

181 789 113 21 sättandet
309 789 22 21 af
344 796 26 14 en
385 789 86 22 komité.

249 818 113 21 Edusmies
376 818 105 22 Heikura:
509 818 115 21 Minäkään
641 825 25 14 en
683 818 33 21 voi
732 817 111 28 hyväksyä
859 817 146 22 Talousvalio-

180 846 87 21 kunnan
282 847 162 26 puheenalaista
460 847 195 26 asetusehdotusta,
673 847 55 21 siinä
744 847 43 20 kun
803 852 100 16 monessa
920 847 85 21 kohden

179 875 117 26 poiketaan
311 876 117 21 totutuista
442 876 84 27 hyvistä
541 876 99 26 tavoista,
649 876 66 21 kuten
733 881 26 16 on
770 875 54 21 laita
835 875 59 21 esim.
904 877 101 19 5:nnessä

180 903 63 28 $:ssä,
261 904 59 27 jossa
342 904 115 22 kielletään
480 905 74 26 ansoja
573 905 24 26 ja
614 905 67 20 muita
705 904 94 21 sellaisia
819 904 85 27 luskuja
921 904 85 27 käyttä-

180 933 72 20 mästä
267 933 101 21 muulloin
387 933 51 21 kuin
454 933 92 22 talvella.
577 933 48 21 Kun
650 933 100 21 tällaisen
773 933 136 21 säännöksen
929 933 76 21 kautta

179 961 113 22 rahvaalta
314 962 144 21 riistettäisiin
478 968 38 15 sen
532 962 127 27 paraimmat
676 961 162 28 pyyntökeinot,
855 961 23 27 ja
895 962 43 21 kun
957 968 48 15 rau-

179 989 181 23 hoitusaikakaan
382 991 19 21 ei
422 991 44 21 tule
489 993 71 19 tämän
583 991 118 21 mietinnön
724 991 76 20 kautta
824 990 128 21 sovitetuksi
975 990 30 21 eri

179 1019 170 26 paikkakuntien
372 1020 111 26 tarpeiden
506 1019 99 27 mukaan,
628 1019 43 21 niin
694 1019 58 21 minä
774 1019 93 27 hylkään
890 1019 115 21 mietinnön

180 1047 236 22 kokonaisuudessaan.

249 1076 114 22 Edusmies
390 1076 114 27 Vuolijoki:
534 1077 57 21 Minä
613 1083 25 15 en
661 1077 117 26 myöskään
802 1075 204 27 paikkakunnalleni

179 1105 66 21 tunne
269 1105 100 22 sellaisen
391 1105 129 22 muutoksen
543 1105 180 27 tarpeellisuutta,
740 1105 51 20 kuin
814 1105 78 20 käsillä
907 1105 98 21 olevassa

179 1132 141 23 mietinnössä
335 1133 138 22 ehdoitetaan
489 1134 161 27 rauhoitusajan
670 1134 98 21 suhteen.
800 1133 53 21 Mitä
869 1134 57 21 tulee
943 1134 62 21 edus-

179 1161 53 22 mies
249 1162 126 22 Pääkkösen
398 1163 161 27 mielipiteesen,
576 1164 45 20 että
643 1163 65 20 muka
731 1161 164 22 rauhoitusaika
911 1162 47 21 olisi
974 1162 31 27 pi-

180 1190 131 22 dennettävä
332 1191 120 22 sentähden
475 1193 45 20 että
536 1193 83 20 metsän
641 1191 60 21 riista
722 1191 162 26 rauhoitusajan
900 1191 105 26 iyhyyden

179 1219 60 21 takia
254 1219 61 22 vuosi
330 1220 102 21 vuodelta
446 1220 101 26 vähenee,
563 1220 42 21 niin
621 1222 50 19 ovat
686 1219 114 22 kuitenkin
815 1219 61 21 asian
890 1221 115 25 ymmärtä-

179 1247 70 23 väiset
265 1248 72 22 minun
353 1249 129 21 tietääkseni
498 1249 90 21 luulleet
603 1249 68 21 siihen
687 1249 76 21 olevan
780 1248 70 22 toisen
866 1254 58 21 syyn.
951 1248 54 22 Riis-

179 1278 37 20 tan
231 1277 109 27 vähennys
357 1278 55 21 alkoi
424 1278 49 21 nim.
485 1278 68 28 silloin
569 1278 51 21 kuin
636 1277 164 21 rauhoitusaika
816 1277 132 27 rajoitettiin.
972 1277 33 21 On

179 1306 97 27 selitetty
291 1306 46 21 asia
353 1306 61 26 siten,
432 1308 46 20 että
492 1307 43 21 kun
558 1306 161 27 kevätpuolella
742 1306 138 27 metsästäjät
895 1306 58 20 eivät
968 1312 38 14 saa

179 1334 116 27 harjoittaa
310 1335 145 27 ammattiaan,
472 1335 42 21 niin
530 1335 62 21 ketut
605 1336 23 26 ja
643 1337 61 19 muut
726 1334 124 28 petolinnut
865 1335 88 21 tekevät
967 1334 37 22 hä-

179 1362 152 28 vitystyötään,
345 1364 53 26 joka
414 1370 26 15 on
456 1366 72 19 monta
543 1364 76 21 kertaa
634 1364 110 26 suurempi
760 1364 51 20 kuin
828 1369 30 19 se,
870 1363 71 21 minkä
951 1365 53 19 met-

179 1392 83 27 sästäjä
277 1392 131 27 hyödyllisen
425 1393 91 21 otuksen
532 1392 149 28 pyytämisellä
696 1393 71 20 tekee.
798 1392 100 26 Lintujen
914 1393 90 25 perässä

179 1419 48 22 nim.
242 1420 138 27 juostessaan
396 1428 79 20 ampuu
490 1421 42 21 hän
547 1421 108 27 haukkoja
671 1420 85 28 kettuja
769 1421 23 26 ja
807 1415 74 37 muita,
890 1420 59 27 jotka
966 1420 38 21 oli-

178 1448 57 22 sivat
258 1449 96 22 elämään
375 1450 101 27 jääneinä
492 1450 84 21 voineet
598 1450 67 21 tehdä
687 1450 54 21 sekä
761 1449 90 27 lintujen
867 1449 76 27 pesille
959 1451 46 19 että

178 1478 74 26 pojille
267 1478 76 27 pahaa.
366 1478 59 22 Minä
440 1485 26 15 en
483 1478 115 22 senvuoksi
612 1478 65 26 luule,
694 1480 47 20 että
756 1478 162 26 rauhoitusajan
934 1478 69 26 piten-

178 1506 95 22 täminen
289 1507 99 21 tuottaisi
410 1507 75 22 asialle
507 1507 81 21 mitään
607 1507 85 27 hyötyä,
709 1506 57 22 enkä
781 1506 50 22 siitä
846 1508 73 25 syystä
933 1507 71 27 myös-

178 1534 57 22 kään
251 1536 34 21 voi
301 1536 109 27 hyväksyä
426 1536 117 22 mietintöä.
