1070 1734
400 116 12 19 5
428 123 18 17 p.
462 118 82 18 Toukok.
804 116 53 20 1187

61 178 49 23 icke
125 179 33 21 till
172 178 103 27 Värtsilä,
291 185 34 16 om
341 186 27 15 en
390 179 79 22 bibana
491 180 85 22 komme
597 180 33 21 till
648 180 71 26 ständ,
735 180 41 21 kan
790 180 38 27 jag
842 180 48 21 icke

61 207 70 22 förstä
146 208 40 21 och
202 210 46 19 tror
260 208 37 27 jag
319 208 208 26 landtdagsmannen
542 208 101 21 Avellans
666 208 139 22 förmenande
820 208 70 22 mäste

62 236 53 21 bero
138 236 28 27 pä
182 236 111 22 bristande
315 237 121 21 kännedom
460 236 23 22 af
503 236 215 27 ortsförhällandena,
735 239 22 25 ty
772 237 118 21 Suistamo-

61 265 69 21 borna
152 264 64 22 hafva
238 264 66 23 lefvat
326 265 40 22 och
385 265 56 21 lefva
456 265 83 22 kanske
554 271 45 16 mer
614 267 28 20 än
657 265 197 28 Korpiselkäborna
869 265 23 21 af

63 293 41 21 den
120 293 175 28 arbetsförtjenst
310 293 94 22 Värtsilä
420 294 55 21 bruk
490 294 77 27 bjuder
582 294 55 27 dem,
654 293 40 22 och
710 294 85 21 komma
810 294 34 22 väl
856 295 34 20 att

63 323 54 25 göra
133 321 36 22 det
184 321 62 22 äfven
261 321 121 23 framdeles.
406 323 43 20 Det
464 323 39 21 har
519 322 62 22 äfven
592 322 134 26 framhällits,
736 325 32 19 att
779 329 34 15 om
824 323 66 21 dessa

63 350 119 22 trehundra
204 353 63 19 tusen
290 351 60 21 mark
366 357 28 15 nu
409 351 47 22 icke
480 351 71 21 ansläs
575 351 32 21 till
623 351 70 21 denna
712 351 84 26 bibana,
812 352 24 21 sä
851 351 39 22 har

62 385 50 15 man
128 379 47 21 dem
191 385 53 21 gvar
259 379 32 21 till
306 380 67 21 andra
388 380 105 26 ändamäl,
505 386 49 15 men
569 380 28 27 pä
612 386 83 15 samma
706 381 45 20 sätt
761 380 69 21 skulle
840 386 50 15 man

61 407 26 28 ju
102 407 72 22 kunna
196 410 53 25 säga
272 408 33 26 sig
327 408 63 21 hafva
406 415 26 14 en
455 409 115 26 besparing
585 408 28 27 pä
629 410 27 19 20
672 408 102 27 miljoner,
791 415 34 15 om
840 414 49 15 man

64 436 48 21 icke
129 436 95 22 beslutat
239 437 33 26 sig
287 436 33 22 för
335 437 123 27 byggandet
473 437 22 21 af
507 437 106 21 Karelska
628 437 78 21 banan!
737 437 66 22 Detta
818 439 25 19 är
858 437 32 21 sä-

64 465 61 22 ledes
141 465 48 22 icke
204 465 67 27 nägot
286 465 48 22 skäl
350 468 58 19 emot
426 465 124 28 byggandet
565 465 22 22 af
601 465 95 22 Värtsilä
710 465 76 27 banan,
803 472 34 15 om
853 465 37 22 det

63 493 49 22 icke
127 494 42 21 kan
185 494 101 27 uppvisas
302 494 72 21 andra.
399 488 114 33 Åtskilliga
530 494 67 21 talare
612 494 64 21 hafva
692 493 61 22 äfven
769 494 77 26 anfört,
857 496 33 19 att

63 521 96 23 Värtsilä
174 523 67 21 borde
257 523 70 21 känna
342 523 34 26 sig
398 522 163 23 tillfredsstäldt
583 529 49 21 nog,
649 523 28 21 då
693 523 117 26 jernvägen
826 523 7 21 i
848 523 42 21 alla

63 551 37 21 fall
115 551 97 22 kommer
227 553 33 19 att
275 552 27 25 gå
317 551 25 22 så
356 554 53 19 nära
424 551 85 27 bruket,
521 551 40 22 och
578 553 32 20 att
626 551 38 22 det
678 551 49 22 icke
741 551 68 22 finnes
822 551 68 27 några

64 579 47 22 skäl
126 580 33 21 till
174 579 182 28 anläggandet.
334 575 28 36 af
376 581 71 20 denna
470 581 85 26 bibana,
571 580 28 21 då
620 579 91 22 trafiken
727 580 53 21 ifrån
795 579 95 22 Värtsilä

62 608 24 27 ju
102 609 7 20 i
124 608 42 21 alla
180 608 37 21 fall
232 609 96 21 kommer
343 611 33 19 att
391 609 78 21 samlas
486 609 32 21 till
531 609 125 27 jernvägen.
682 609 49 21 Med
747 615 81 15 samma
842 609 48 20 skäl

64 637 72 21 kunde
158 643 50 15 man
230 637 67 26 fråga,
313 637 87 21 hvarför
415 640 15 18 t.
447 643 32 15 ex.
495 637 70 22 banan
584 637 46 21 från
646 637 75 21 Lahtis
737 637 32 21 till
784 637 106 27 Vesijärvi

64 665 40 21 alls
120 665 69 21 blifvit
204 666 63 26 bygd,
284 668 21 24 ty
320 672 43 20 nog
378 666 70 21 skulle
461 666 25 26 ju
505 665 92 22 trafiken
613 666 56 21 ändå
684 666 54 26 tagit
754 666 69 21 denna
838 666 50 26 väg!

63 694 81 21 Likaså
165 700 51 15 vore
239 694 36 22 det
299 701 24 15 en
347 694 44 22 lika
413 696 46 19 stor
482 694 89 22 dumhet
593 696 33 19 att
644 694 71 27 bygga
730 701 26 15 en
770 694 57 21 bana
841 694 48 21 från

63 722 145 27 Björneborgs
225 723 48 21 stad
292 723 31 21 till
341 723 72 25 Räfsö,
425 723 28 21 då
468 722 91 22 trafiken
573 723 24 27 ju
612 723 7 21 i
635 723 42 21 alla
692 722 36 22 fall
740 723 54 21 dock
806 723 83 21 komme

64 753 33 19 att
112 750 60 22 äfven
189 753 52 19 utan
257 751 69 22 denna
342 752 56 21 bana
413 753 50 25 taga
478 758 83 15 samma
574 752 103 26 riktning!

133 780 62 21 Hvad
214 780 207 26 landtdagsmannen
440 780 138 26 Rosenbergs
601 780 118 21 anförande
741 779 107 26 beträffar,
864 780 26 21 så

64 808 73 26 tyckte
145 808 38 27 jag
194 809 43 26 mig
249 809 45 21 deri
305 808 57 22 finna
373 815 26 15 en
412 809 137 27 motsägelse.
565 809 48 21 Han
626 809 72 21 talade
706 809 28 26 på
745 815 81 15 samma
834 809 56 26 gång

65 842 34 16 om
107 837 27 21 de
143 836 117 22 vestfinska
268 838 88 24 bruken,
363 844 45 15 som
418 838 98 21 använda
523 837 113 21 utländskt
647 837 128 26 råmaterial,
785 837 39 21 och
834 838 55 26 jem-

63 865 62 22 förde
138 865 48 22 dem
199 866 48 21 med
261 866 93 21 Värtsilä
367 866 61 26 bruk,
440 866 48 22 med
501 866 47 21 sina
564 866 128 27 outtömliga
705 866 121 21 råmaterial
843 872 46 15 som

64 894 56 21 blott
130 897 65 18 vänta
202 895 28 26 på
239 897 34 19 att
280 895 64 21 blifva
352 895 139 22 bearbetade.
507 889 19 28 Å
535 901 40 15 ena
585 895 61 21 sidan
658 895 101 21 utländsk
766 895 82 25 råvara,
854 894 36 21 vid

64 922 65 22 hvars
145 923 143 27 uppköpande
304 930 108 21 pengarne
428 923 28 27 gå
471 930 25 15 ur
511 924 73 21 landet
601 923 39 22 och
651 923 56 21 intet
717 924 55 21 enda
782 923 108 22 inhemskt

65 951 106 27 dagsverk
194 951 70 22 blifvit
286 953 72 26 gjordt
379 952 33 22 för
434 952 101 21 råvarans
557 951 145 26 anskaffande,
719 953 12 20 å
747 952 66 21 andra
828 951 62 22 sidan

64 980 98 21 inhemsk
178 981 77 21 råvara
269 981 48 21 med
333 981 137 22 uteslutande
485 981 110 21 inhemskt
610 981 74 21 arbete
700 980 46 22 från
761 981 67 21 första
843 987 47 20 ryc-

65 1009 37 21 ket
117 1015 26 14 ur
156 1011 103 20 naturens
275 1009 65 22 famn!
372 1010 40 21 Om
435 1009 48 22 dem
507 1010 67 21 borde
596 1015 49 15 man
668 1009 47 22 icke
736 1015 37 16 ens
796 1009 44 21 tala
862 1009 28 26 på

65 1043 82 15 samma
162 1037 48 27 dag,
227 1040 27 19 än
271 1038 81 21 mindre
367 1038 64 21 ställa
446 1039 48 21 dem
511 1038 6 21 i
533 1038 153 26 sammanhang
701 1038 48 21 med
763 1037 126 22 hvarandra.

66 1065 40 21 Om
122 1072 48 14 man
186 1067 78 25 drager
280 1073 25 14 en
321 1067 90 21 slutsats
427 1067 21 21 af
465 1069 79 18 tvänne
568 1066 121 22 hvarandra
711 1067 24 20 så
751 1066 139 26 motsägande

65 1094 188 27 förutsättningar,
269 1095 24 21 så
309 1096 41 20 kan
366 1102 47 14 man
437 1096 47 20 icke
506 1095 86 21 komma
608 1095 31 21 till
656 1097 65 19 annat
737 1096 26 20 än
779 1094 111 22 ohållbara

65 1122 98 22 resultat.
186 1123 217 27 Landtdagsmannen
414 1124 127 26 Rosenberg
556 1124 39 20 har
611 1123 66 21 också
688 1123 57 21 velat
755 1125 55 24 veta,
819 1122 72 22 hvilka

65 1152 55 21 bruk
136 1158 46 14 som
196 1152 43 21 fått
253 1152 128 22 subvention
396 1152 23 21 af
432 1154 72 20 staten
521 1152 31 21 till
572 1152 112 27 byggande
701 1152 22 21 af
735 1152 81 21 sådana
831 1151 59 22 biba-
909 1162 3 2 -

65 1186 46 16 nor.
141 1180 42 27 Jag
198 1186 63 16 anser
277 1182 37 20 det
328 1181 48 21 icke
391 1181 75 27 nödigt
482 1182 33 20 att
530 1181 112 26 uppräkna
658 1180 42 22 alla
715 1180 71 22 hvilka
800 1180 36 28 jag
852 1180 39 21 har

67 1209 43 26 mig
124 1209 88 26 bekant,
229 1211 51 19 utan
295 1210 36 20 vill
346 1210 56 20 blott
424 1210 74 21 anföra
520 1209 68 27 några
609 1210 71 20 såsom
699 1209 102 27 exempel.
832 1208 59 22 Nära

67 1237 110 27 Uleåborg
191 1237 69 22 finnes
275 1240 16 19 t.
308 1245 31 15 ex.
355 1238 79 22 bröder
448 1232 99 28 Åströms
567 1237 138 27 läderfabrik,
721 1238 32 20 till
768 1238 81 20 hvilket
865 1244 26 14 en

65 1266 79 21 bibana
159 1266 81 27 bygdes
257 1267 109 27 samtidigt
386 1267 48 21 med
452 1266 198 27 Uleäborgsbanan.
680 1266 79 22 Likaså
772 1266 68 21 finnes
856 1266 35 20 vid

66 1294 88 22 Raivola
177 1295 56 21 bruk
253 1302 26 14 en
300 1307 24 3 —
350 1295 66 27 enligt
438 1295 57 21 hvad
515 1296 39 26 jag
575 1295 35 21 vill
633 1295 83 21 minnas
735 1306 22 4 —
776 1295 41 26 11/3
832 1296 60 20 verst

66 1323 50 27 läng
131 1323 84 25 bandel,
241 1330 45 15 som
309 1324 67 21 ocksä
398 1324 77 21 endast
498 1324 67 21 delvis
591 1324 62 26 bygts
670 1323 23 21 af
711 1324 77 20 bruket
804 1323 40 21 och
859 1322 33 22 till

67 1353 70 20 större
152 1352 62 21 delen
231 1352 23 21 af
268 1354 78 20 staten.
375 1352 80 22 Vidare
471 1352 40 22 den
528 1352 84 26 bibana,
630 1358 46 15 som
692 1352 38 26 gär
745 1352 45 21 frän
806 1352 32 21 St.
851 1351 41 21 Pe-

67 1380 101 27 tersburg
183 1380 32 21 till
231 1381 149 27 kyrkogärden
396 1381 6 21 i
418 1381 105 21 närheten
539 1380 23 22 af
577 1380 83 22 Oserki.
686 1380 48 22 Den
749 1380 81 27 bygdes
846 1380 46 21 helt

67 1409 41 21 och
123 1409 67 21 hället
205 1410 28 26 pä
248 1408 70 22 finska
333 1412 83 18 statens
433 1410 91 26 räkning
540 1409 77 21 endast
632 1409 72 21 derför
714 1411 33 19 att
757 1415 47 15 man
815 1408 77 21 trodde

67 1438 33 26 sig
115 1437 22 21 af
152 1438 69 20 denna
237 1438 56 21 bana
308 1438 63 21 hafva
386 1438 124 26 inkomster,
527 1444 47 15 som
590 1438 70 21 skulle
676 1438 93 21 betäcka
789 1436 103 27 exploita-

66 1466 179 22 tionskostnaden
262 1467 39 21 och
317 1466 57 27 gifva
389 1468 63 20 ränta
473 1466 30 27 pä
525 1466 251 27 anläggningskapitalet.
806 1465 86 21 Samma

67 1494 174 22 sakförhållande
264 1494 114 27 föreligger
393 1495 7 21 i
416 1495 102 21 afseende
534 1495 13 21 &
562 1494 100 22 Värtsilä.
693 1495 50 21 Man
759 1495 37 21 har
812 1493 33 26 sig
860 1500 32 15 re-

67 1522 41 21 dan
125 1523 85 26 bekant,
227 1525 32 19 att
275 1529 33 16 om
332 1523 91 21 bibanan
444 1523 88 27 bygges,
548 1529 49 15 man
612 1523 97 21 kommer
724 1525 33 19 att
770 1522 21 22 få
806 1521 86 28 mycket
