<?xml version="1.0" encoding="UTF-8"?>
<alto xmlns="http://www.loc.gov/standards/alto/ns-v3#" xmlns:xlink="http://www.w3.org/1999/xlink" xmlns:xsi="http://www.w3.org/2001/XMLSchema-instance" xsi:schemaLocation="http://www.loc.gov/standards/alto/ns-v3# http://www.loc.gov/alto/v3/alto-3-0.xsd">
	<Description>
		<MeasurementUnit>pixel</MeasurementUnit>
		<sourceImageInformation>
			<fileName>/tmp/tess_5z4n_l6b_input.PNG</fileName>
		</sourceImageInformation>
		<OCRProcessing ID="OCR_0">
			<ocrProcessingStep>
				<processingSoftware>
					<softwareName>tesseract 5.3.4</softwareName>
				</processingSoftware>
			</ocrProcessingStep>
		</OCRProcessing>
	</Description>
	<Layout>
		<Page WIDTH="1078" HEIGHT="1742" PHYSICAL_IMG_NR="0" ID="page_0">
			<PrintSpace HPOS="0" VPOS="0" WIDTH="1078" HEIGHT="1742">
				<ComposedBlock ID="cblock_0" HPOS="380" VPOS="159" WIDTH="467" HEIGHT="25">
					<TextBlock ID="block_0" HPOS="380" VPOS="159" WIDTH="467" HEIGHT="25">
						<TextLine ID="line_0" HPOS="380" VPOS="159" WIDTH="467" HEIGHT="25">
							<String ID="string_0" HPOS="380" VPOS="160" WIDTH="26" HEIGHT="20" WC="0.96" CONTENT="26"/><SP WIDTH="16" VPOS="160" HPOS="406"/>
							<String ID="string_1" HPOS="422" VPOS="167" WIDTH="19" HEIGHT="17" WC="0.93" CONTENT="p."/><SP WIDTH="16" VPOS="167" HPOS="441"/>
							<String ID="string_2" HPOS="457" VPOS="162" WIDTH="82" HEIGHT="18" WC="0.86" CONTENT="Tonkok."/><SP WIDTH="255" VPOS="162" HPOS="539"/>
							<String ID="string_3" HPOS="794" VPOS="159" WIDTH="53" HEIGHT="21" WC="0.96" CONTENT="1677"/>
						</TextLine>
					</TextBlock>
				</ComposedBlock>
				<ComposedBlock ID="cblock_1" HPOS="52" VPOS="224" WIDTH="830" HEIGHT="314">
					<TextBlock ID="block_1" HPOS="52" VPOS="224" WIDTH="830" HEIGHT="314">
						<TextLine ID="line_1" HPOS="52" VPOS="224" WIDTH="826" HEIGHT="27">
							<String ID="string_4" HPOS="52" VPOS="226" WIDTH="25" HEIGHT="21" WC="0.96" CONTENT="sä"/><SP WIDTH="22" VPOS="226" HPOS="77"/>
							<String ID="string_5" HPOS="99" VPOS="228" WIDTH="24" HEIGHT="19" WC="0.93" CONTENT="är"/><SP WIDTH="23" VPOS="228" HPOS="123"/>
							<String ID="string_6" HPOS="146" VPOS="224" WIDTH="37" HEIGHT="21" WC="0.96" CONTENT="det"/><SP WIDTH="15" VPOS="224" HPOS="183"/>
							<String ID="string_7" HPOS="198" VPOS="224" WIDTH="34" HEIGHT="21" WC="0.93" CONTENT="väl"/><SP WIDTH="16" VPOS="224" HPOS="232"/>
							<String ID="string_8" HPOS="248" VPOS="224" WIDTH="72" HEIGHT="22" WC="0.93" CONTENT="säkert"/><SP WIDTH="17" VPOS="224" HPOS="320"/>
							<String ID="string_9" HPOS="337" VPOS="226" WIDTH="33" HEIGHT="20" WC="0.96" CONTENT="att"/><SP WIDTH="15" VPOS="226" HPOS="370"/>
							<String ID="string_10" HPOS="385" VPOS="224" WIDTH="124" HEIGHT="27" WC="0.80" CONTENT="strafflagen"/><SP WIDTH="17" VPOS="224" HPOS="509"/>
							<String ID="string_11" HPOS="526" VPOS="226" WIDTH="23" HEIGHT="20" WC="0.96" CONTENT="är"/><SP WIDTH="16" VPOS="226" HPOS="549"/>
							<String ID="string_12" HPOS="565" VPOS="224" WIDTH="22" HEIGHT="21" WC="0.93" CONTENT="af"/><SP WIDTH="14" VPOS="224" HPOS="587"/>
							<String ID="string_13" HPOS="601" VPOS="224" WIDTH="68" HEIGHT="22" WC="0.92" CONTENT="sädan"/><SP WIDTH="16" VPOS="224" HPOS="669"/>
							<String ID="string_14" HPOS="685" VPOS="224" WIDTH="46" HEIGHT="21" WC="0.96" CONTENT="vikt"/><SP WIDTH="16" VPOS="224" HPOS="731"/>
							<String ID="string_15" HPOS="747" VPOS="224" WIDTH="39" HEIGHT="22" WC="0.96" CONTENT="och"/><SP WIDTH="17" VPOS="224" HPOS="786"/>
							<String ID="string_16" HPOS="803" VPOS="224" WIDTH="24" HEIGHT="21" WC="0.93" CONTENT="sä"/><SP WIDTH="16" VPOS="224" HPOS="827"/>
							<String ID="string_17" HPOS="843" VPOS="224" WIDTH="35" HEIGHT="21" WC="0.92" CONTENT="be-"/>
						</TextLine>
						<TextLine ID="line_2" HPOS="52" VPOS="252" WIDTH="828" HEIGHT="28">
							<String ID="string_18" HPOS="52" VPOS="254" WIDTH="65" HEIGHT="26" WC="0.92" CONTENT="höflig"/><SP WIDTH="16" VPOS="254" HPOS="117"/>
							<String ID="string_19" HPOS="133" VPOS="253" WIDTH="31" HEIGHT="21" WC="0.96" CONTENT="för"/><SP WIDTH="15" VPOS="253" HPOS="164"/>
							<String ID="string_20" HPOS="179" VPOS="252" WIDTH="80" HEIGHT="26" WC="0.96" CONTENT="landet,"/><SP WIDTH="16" VPOS="252" HPOS="259"/>
							<String ID="string_21" HPOS="275" VPOS="255" WIDTH="31" HEIGHT="19" WC="0.96" CONTENT="att"/><SP WIDTH="17" VPOS="255" HPOS="306"/>
							<String ID="string_22" HPOS="323" VPOS="253" WIDTH="38" HEIGHT="21" WC="0.93" CONTENT="allt"/><SP WIDTH="17" VPOS="253" HPOS="361"/>
							<String ID="string_23" HPOS="378" VPOS="254" WIDTH="69" HEIGHT="20" WC="0.92" CONTENT="mäste"/><SP WIDTH="16" VPOS="254" HPOS="447"/>
							<String ID="string_24" HPOS="463" VPOS="254" WIDTH="64" HEIGHT="26" WC="0.92" CONTENT="göras"/><SP WIDTH="16" VPOS="254" HPOS="527"/>
							<String ID="string_25" HPOS="543" VPOS="252" WIDTH="33" HEIGHT="22" WC="0.96" CONTENT="för"/><SP WIDTH="15" VPOS="252" HPOS="576"/>
							<String ID="string_26" HPOS="591" VPOS="255" WIDTH="33" HEIGHT="19" WC="0.96" CONTENT="att"/><SP WIDTH="17" VPOS="255" HPOS="624"/>
							<String ID="string_27" HPOS="641" VPOS="253" WIDTH="40" HEIGHT="21" WC="0.93" CONTENT="den"/><SP WIDTH="17" VPOS="253" HPOS="681"/>
							<String ID="string_28" HPOS="698" VPOS="253" WIDTH="48" HEIGHT="21" WC="0.93" CONTENT="icke"/><SP WIDTH="15" VPOS="253" HPOS="746"/>
							<String ID="string_29" HPOS="761" VPOS="253" WIDTH="34" HEIGHT="21" WC="0.96" CONTENT="vid"/><SP WIDTH="16" VPOS="253" HPOS="795"/>
							<String ID="string_30" HPOS="811" VPOS="252" WIDTH="69" HEIGHT="22" WC="0.96" CONTENT="denna"/>
						</TextLine>
						<TextLine ID="line_3" HPOS="52" VPOS="281" WIDTH="828" HEIGHT="27">
							<String ID="string_31" HPOS="52" VPOS="282" WIDTH="104" HEIGHT="26" WC="0.92" CONTENT="landtdag"/><SP WIDTH="23" VPOS="282" HPOS="156"/>
							<String ID="string_32" HPOS="179" VPOS="281" WIDTH="34" HEIGHT="21" WC="0.93" CONTENT="mä"/><SP WIDTH="15" VPOS="281" HPOS="213"/>
							<String ID="string_33" HPOS="228" VPOS="281" WIDTH="90" HEIGHT="21" WC="0.91" CONTENT="förfalla."/><SP WIDTH="30" VPOS="281" HPOS="318"/>
							<String ID="string_34" HPOS="348" VPOS="282" WIDTH="42" HEIGHT="26" WC="0.93" CONTENT="Jag"/><SP WIDTH="14" VPOS="282" HPOS="390"/>
							<String ID="string_35" HPOS="404" VPOS="282" WIDTH="69" HEIGHT="21" WC="0.92" CONTENT="mäste"/><SP WIDTH="18" VPOS="282" HPOS="473"/>
							<String ID="string_36" HPOS="491" VPOS="281" WIDTH="76" HEIGHT="26" WC="0.92" CONTENT="derför,"/><SP WIDTH="17" VPOS="281" HPOS="567"/>
							<String ID="string_37" HPOS="584" VPOS="281" WIDTH="33" HEIGHT="21" WC="0.96" CONTENT="för"/><SP WIDTH="16" VPOS="281" HPOS="617"/>
							<String ID="string_38" HPOS="633" VPOS="282" WIDTH="42" HEIGHT="20" WC="0.96" CONTENT="min"/><SP WIDTH="11" VPOS="282" HPOS="675"/>
							<String ID="string_39" HPOS="686" VPOS="281" WIDTH="42" HEIGHT="27" WC="0.93" CONTENT="del,"/><SP WIDTH="17" VPOS="281" HPOS="728"/>
							<String ID="string_40" HPOS="745" VPOS="281" WIDTH="86" HEIGHT="22" WC="0.91" CONTENT="förorda"/><SP WIDTH="17" VPOS="281" HPOS="831"/>
							<String ID="string_41" HPOS="848" VPOS="283" WIDTH="32" HEIGHT="19" WC="0.97" CONTENT="att"/>
						</TextLine>
						<TextLine ID="line_4" HPOS="53" VPOS="310" WIDTH="826" HEIGHT="28">
							<String ID="string_42" HPOS="53" VPOS="310" WIDTH="165" HEIGHT="23" WC="0.92" CONTENT="Bondeständet"/><SP WIDTH="19" VPOS="310" HPOS="218"/>
							<String ID="string_43" HPOS="237" VPOS="310" WIDTH="49" HEIGHT="21" WC="0.93" CONTENT="ville"/><SP WIDTH="16" VPOS="310" HPOS="286"/>
							<String ID="string_44" HPOS="302" VPOS="312" WIDTH="80" HEIGHT="25" WC="0.92" CONTENT="antaga"/><SP WIDTH="15" VPOS="312" HPOS="382"/>
							<String ID="string_45" HPOS="397" VPOS="310" WIDTH="196" HEIGHT="28" WC="0.92" CONTENT="Borgareständets"/><SP WIDTH="16" VPOS="310" HPOS="593"/>
							<String ID="string_46" HPOS="609" VPOS="310" WIDTH="127" HEIGHT="27" WC="0.92" CONTENT="inbjudning"/><SP WIDTH="15" VPOS="310" HPOS="736"/>
							<String ID="string_47" HPOS="751" VPOS="310" WIDTH="6" HEIGHT="21" WC="0.96" CONTENT="i"/><SP WIDTH="17" VPOS="310" HPOS="757"/>
							<String ID="string_48" HPOS="774" VPOS="310" WIDTH="59" HEIGHT="21" WC="0.93" CONTENT="detta"/><SP WIDTH="16" VPOS="310" HPOS="833"/>
							<String ID="string_49" HPOS="849" VPOS="310" WIDTH="30" HEIGHT="21" WC="0.92" CONTENT="af-"/>
						</TextLine>
						<TextLine ID="line_5" HPOS="54" VPOS="339" WIDTH="826" HEIGHT="27">
							<String ID="string_50" HPOS="54" VPOS="340" WIDTH="86" HEIGHT="22" WC="0.92" CONTENT="seende."/><SP WIDTH="10" VPOS="340" HPOS="140"/>
							<String ID="string_51" HPOS="150" VPOS="351" WIDTH="25" HEIGHT="3" WC="0.91" CONTENT="—"/><SP WIDTH="11" VPOS="351" HPOS="175"/>
							<String ID="string_52" HPOS="186" VPOS="339" WIDTH="215" HEIGHT="27" WC="0.92" CONTENT="Landtdagsmannen"/><SP WIDTH="11" VPOS="339" HPOS="401"/>
							<String ID="string_53" HPOS="412" VPOS="340" WIDTH="121" HEIGHT="20" WC="0.92" CONTENT="Meurmans"/><SP WIDTH="12" VPOS="340" HPOS="533"/>
							<String ID="string_54" HPOS="545" VPOS="339" WIDTH="111" HEIGHT="21" WC="0.96" CONTENT="uttalande"/><SP WIDTH="12" VPOS="339" HPOS="656"/>
							<String ID="string_55" HPOS="668" VPOS="339" WIDTH="70" HEIGHT="21" WC="0.93" CONTENT="skulle"/><SP WIDTH="13" VPOS="339" HPOS="738"/>
							<String ID="string_56" HPOS="751" VPOS="339" WIDTH="70" HEIGHT="21" WC="0.89" CONTENT="lemna"/><SP WIDTH="12" VPOS="339" HPOS="821"/>
							<String ID="string_57" HPOS="833" VPOS="345" WIDTH="47" HEIGHT="15" WC="0.96" CONTENT="rum"/>
						</TextLine>
						<TextLine ID="line_6" HPOS="54" VPOS="367" WIDTH="826" HEIGHT="27">
							<String ID="string_58" HPOS="54" VPOS="369" WIDTH="33" HEIGHT="21" WC="0.93" CONTENT="för"/><SP WIDTH="16" VPOS="369" HPOS="87"/>
							<String ID="string_59" HPOS="103" VPOS="368" WIDTH="110" HEIGHT="26" WC="0.90" CONTENT="ätskilliga"/><SP WIDTH="16" VPOS="368" HPOS="213"/>
							<String ID="string_60" HPOS="229" VPOS="368" WIDTH="171" HEIGHT="26" WC="0.92" CONTENT="anmärkningar."/><SP WIDTH="24" VPOS="368" HPOS="400"/>
							<String ID="string_61" HPOS="424" VPOS="368" WIDTH="41" HEIGHT="26" WC="0.96" CONTENT="Jag"/><SP WIDTH="16" VPOS="368" HPOS="465"/>
							<String ID="string_62" HPOS="481" VPOS="368" WIDTH="48" HEIGHT="26" WC="0.96" CONTENT="kan,"/><SP WIDTH="16" VPOS="368" HPOS="529"/>
							<String ID="string_63" HPOS="545" VPOS="368" WIDTH="33" HEIGHT="21" WC="0.96" CONTENT="för"/><SP WIDTH="15" VPOS="368" HPOS="578"/>
							<String ID="string_64" HPOS="593" VPOS="368" WIDTH="43" HEIGHT="20" WC="0.96" CONTENT="min"/><SP WIDTH="16" VPOS="368" HPOS="636"/>
							<String ID="string_65" HPOS="652" VPOS="368" WIDTH="41" HEIGHT="25" WC="0.93" CONTENT="del,"/><SP WIDTH="17" VPOS="368" HPOS="693"/>
							<String ID="string_66" HPOS="710" VPOS="368" WIDTH="47" HEIGHT="21" WC="0.90" CONTENT="icke"/><SP WIDTH="15" VPOS="368" HPOS="757"/>
							<String ID="string_67" HPOS="772" VPOS="367" WIDTH="56" HEIGHT="21" WC="0.96" CONTENT="finna"/><SP WIDTH="16" VPOS="367" HPOS="828"/>
							<String ID="string_68" HPOS="844" VPOS="368" WIDTH="36" HEIGHT="20" WC="0.96" CONTENT="det"/>
						</TextLine>
						<TextLine ID="line_7" HPOS="54" VPOS="396" WIDTH="827" HEIGHT="28">
							<String ID="string_69" HPOS="54" VPOS="397" WIDTH="96" HEIGHT="27" WC="0.96" CONTENT="lämpligt"/><SP WIDTH="17" VPOS="397" HPOS="150"/>
							<String ID="string_70" HPOS="167" VPOS="399" WIDTH="32" HEIGHT="19" WC="0.96" CONTENT="att"/><SP WIDTH="16" VPOS="399" HPOS="199"/>
							<String ID="string_71" HPOS="215" VPOS="402" WIDTH="47" HEIGHT="15" WC="0.96" CONTENT="man"/><SP WIDTH="17" VPOS="402" HPOS="262"/>
							<String ID="string_72" HPOS="279" VPOS="396" WIDTH="56" HEIGHT="22" WC="0.96" CONTENT="talar"/><SP WIDTH="15" VPOS="396" HPOS="335"/>
							<String ID="string_73" HPOS="350" VPOS="403" WIDTH="34" HEIGHT="15" WC="0.93" CONTENT="om"/><SP WIDTH="16" VPOS="403" HPOS="384"/>
							<String ID="string_74" HPOS="400" VPOS="397" WIDTH="154" HEIGHT="21" WC="0.92" CONTENT="medständens"/><SP WIDTH="17" VPOS="397" HPOS="554"/>
							<String ID="string_75" HPOS="571" VPOS="396" WIDTH="79" HEIGHT="27" WC="0.92" CONTENT="nycker"/><SP WIDTH="16" VPOS="396" HPOS="650"/>
							<String ID="string_76" HPOS="666" VPOS="402" WIDTH="19" HEIGHT="16" WC="0.92" CONTENT="o."/><SP WIDTH="17" VPOS="402" HPOS="685"/>
							<String ID="string_77" HPOS="702" VPOS="402" WIDTH="17" HEIGHT="15" WC="0.95" CONTENT="s."/><SP WIDTH="16" VPOS="402" HPOS="719"/>
							<String ID="string_78" HPOS="735" VPOS="403" WIDTH="19" HEIGHT="15" WC="0.95" CONTENT="v."/><SP WIDTH="30" VPOS="403" HPOS="754"/>
							<String ID="string_79" HPOS="784" VPOS="396" WIDTH="40" HEIGHT="26" WC="0.35" CONTENT="Jag"/><SP WIDTH="11" VPOS="396" HPOS="824"/>
							<String ID="string_80" HPOS="835" VPOS="398" WIDTH="46" HEIGHT="19" WC="0.60" CONTENT="tror"/>
						</TextLine>
						<TextLine ID="line_8" HPOS="55" VPOS="424" WIDTH="826" HEIGHT="29">
							<String ID="string_81" HPOS="55" VPOS="428" WIDTH="32" HEIGHT="19" WC="0.89" CONTENT="att"/><SP WIDTH="15" VPOS="428" HPOS="87"/>
							<String ID="string_82" HPOS="102" VPOS="426" WIDTH="6" HEIGHT="20" WC="0.89" CONTENT="1"/><SP WIDTH="16" VPOS="426" HPOS="108"/>
							<String ID="string_83" HPOS="124" VPOS="432" WIDTH="26" HEIGHT="14" WC="0.91" CONTENT="en"/><SP WIDTH="17" VPOS="432" HPOS="150"/>
							<String ID="string_84" HPOS="167" VPOS="425" WIDTH="67" HEIGHT="26" WC="0.93" CONTENT="viktig"/><SP WIDTH="15" VPOS="425" HPOS="234"/>
							<String ID="string_85" HPOS="249" VPOS="425" WIDTH="60" HEIGHT="27" WC="0.92" CONTENT="fräga"/><SP WIDTH="16" VPOS="425" HPOS="309"/>
							<String ID="string_86" HPOS="325" VPOS="425" WIDTH="73" HEIGHT="28" WC="0.93" CONTENT="hvarje"/><SP WIDTH="14" VPOS="425" HPOS="398"/>
							<String ID="string_87" HPOS="412" VPOS="426" WIDTH="83" HEIGHT="20" WC="0.93" CONTENT="enskild"/><SP WIDTH="11" VPOS="426" HPOS="495"/>
							<String ID="string_88" HPOS="506" VPOS="426" WIDTH="164" HEIGHT="24" WC="0.89" CONTENT="landtdagsman"/><SP WIDTH="13" VPOS="426" HPOS="670"/>
							<String ID="string_89" HPOS="683" VPOS="425" WIDTH="39" HEIGHT="21" WC="0.93" CONTENT="och"/><SP WIDTH="11" VPOS="425" HPOS="722"/>
							<String ID="string_90" HPOS="733" VPOS="425" WIDTH="73" HEIGHT="27" WC="0.92" CONTENT="hvarje"/><SP WIDTH="11" VPOS="425" HPOS="806"/>
							<String ID="string_91" HPOS="817" VPOS="424" WIDTH="64" HEIGHT="22" WC="0.93" CONTENT="ständ"/>
						</TextLine>
						<TextLine ID="line_9" HPOS="55" VPOS="454" WIDTH="826" HEIGHT="27">
							<String ID="string_92" HPOS="55" VPOS="455" WIDTH="39" HEIGHT="21" WC="0.96" CONTENT="har"/><SP WIDTH="16" VPOS="455" HPOS="94"/>
							<String ID="string_93" HPOS="110" VPOS="460" WIDTH="25" HEIGHT="15" WC="0.93" CONTENT="en"/><SP WIDTH="16" VPOS="460" HPOS="135"/>
							<String ID="string_94" HPOS="151" VPOS="454" WIDTH="84" HEIGHT="22" WC="0.91" CONTENT="bestäm"/><SP WIDTH="17" VPOS="454" HPOS="235"/>
							<String ID="string_95" HPOS="252" VPOS="454" WIDTH="141" HEIGHT="27" WC="0.92" CONTENT="öfvertygelse"/><SP WIDTH="17" VPOS="454" HPOS="393"/>
							<String ID="string_96" HPOS="410" VPOS="460" WIDTH="46" HEIGHT="15" WC="0.93" CONTENT="som"/><SP WIDTH="17" VPOS="460" HPOS="456"/>
							<String ID="string_97" HPOS="473" VPOS="454" WIDTH="48" HEIGHT="22" WC="0.91" CONTENT="icke"/><SP WIDTH="16" VPOS="454" HPOS="521"/>
							<String ID="string_98" HPOS="537" VPOS="454" WIDTH="94" HEIGHT="26" WC="0.92" CONTENT="grundas"/><SP WIDTH="17" VPOS="454" HPOS="631"/>
							<String ID="string_99" HPOS="648" VPOS="454" WIDTH="28" HEIGHT="27" WC="0.93" CONTENT="pä"/><SP WIDTH="15" VPOS="454" HPOS="676"/>
							<String ID="string_100" HPOS="691" VPOS="454" WIDTH="80" HEIGHT="27" WC="0.92" CONTENT="nycker"/><SP WIDTH="11" VPOS="454" HPOS="771"/>
							<String ID="string_101" HPOS="782" VPOS="454" WIDTH="51" HEIGHT="21" WC="0.93" CONTENT="eller"/><SP WIDTH="12" VPOS="454" HPOS="833"/>
							<String ID="string_102" HPOS="845" VPOS="454" WIDTH="36" HEIGHT="26" WC="0.91" CONTENT="dy-"/>
						</TextLine>
						<TextLine ID="line_10" HPOS="55" VPOS="482" WIDTH="827" HEIGHT="28">
							<String ID="string_103" HPOS="55" VPOS="484" WIDTH="45" HEIGHT="25" WC="0.92" CONTENT="likt,"/><SP WIDTH="24" VPOS="484" HPOS="100"/>
							<String ID="string_104" HPOS="124" VPOS="489" WIDTH="46" HEIGHT="15" WC="0.96" CONTENT="men"/><SP WIDTH="21" VPOS="489" HPOS="170"/>
							<String ID="string_105" HPOS="191" VPOS="482" WIDTH="35" HEIGHT="21" WC="0.93" CONTENT="vill"/><SP WIDTH="17" VPOS="482" HPOS="226"/>
							<String ID="string_106" HPOS="243" VPOS="483" WIDTH="17" HEIGHT="27" WC="0.92" CONTENT="ej"/><SP WIDTH="18" VPOS="483" HPOS="260"/>
							<String ID="string_107" HPOS="278" VPOS="489" WIDTH="76" HEIGHT="20" WC="0.96" CONTENT="genom"/><SP WIDTH="16" VPOS="489" HPOS="354"/>
							<String ID="string_108" HPOS="370" VPOS="490" WIDTH="26" HEIGHT="14" WC="0.96" CONTENT="en"/><SP WIDTH="18" VPOS="490" HPOS="396"/>
							<String ID="string_109" HPOS="414" VPOS="483" WIDTH="74" HEIGHT="27" WC="0.93" CONTENT="längre"/><SP WIDTH="15" VPOS="483" HPOS="488"/>
							<String ID="string_110" HPOS="503" VPOS="489" WIDTH="96" HEIGHT="21" WC="0.92" CONTENT="gensaga"/><SP WIDTH="16" VPOS="489" HPOS="599"/>
							<String ID="string_111" HPOS="615" VPOS="485" WIDTH="58" HEIGHT="19" WC="0.96" CONTENT="emot"/><SP WIDTH="17" VPOS="485" HPOS="673"/>
							<String ID="string_112" HPOS="690" VPOS="482" WIDTH="41" HEIGHT="22" WC="0.93" CONTENT="den"/><SP WIDTH="17" VPOS="482" HPOS="731"/>
							<String ID="string_113" HPOS="748" VPOS="483" WIDTH="64" HEIGHT="21" WC="0.92" CONTENT="ärade"/><SP WIDTH="16" VPOS="483" HPOS="812"/>
							<String ID="string_114" HPOS="828" VPOS="482" WIDTH="54" HEIGHT="22" WC="0.91" CONTENT="tala-"/>
						</TextLine>
						<TextLine ID="line_11" HPOS="55" VPOS="511" WIDTH="495" HEIGHT="27">
							<String ID="string_115" HPOS="55" VPOS="518" WIDTH="38" HEIGHT="16" WC="0.93" CONTENT="ren"/><SP WIDTH="15" VPOS="518" HPOS="93"/>
							<String ID="string_116" HPOS="108" VPOS="511" WIDTH="112" HEIGHT="22" WC="0.90" CONTENT="framkalla"/><SP WIDTH="16" VPOS="511" HPOS="220"/>
							<String ID="string_117" HPOS="236" VPOS="511" WIDTH="73" HEIGHT="27" WC="0.93" CONTENT="längre"/><SP WIDTH="19" VPOS="511" HPOS="309"/>
							<String ID="string_118" HPOS="328" VPOS="512" WIDTH="124" HEIGHT="21" WC="0.91" CONTENT="diskussion"/><SP WIDTH="16" VPOS="512" HPOS="452"/>
							<String ID="string_119" HPOS="468" VPOS="512" WIDTH="82" HEIGHT="21" WC="0.92" CONTENT="härom."/>
						</TextLine>
					</TextBlock>
				</ComposedBlock>
				<ComposedBlock ID="cblock_2" HPOS="56" VPOS="550" WIDTH="836" HEIGHT="1050">
					<TextBlock ID="block_2" HPOS="56" VPOS="550" WIDTH="828" HEIGHT="230">
						<TextLine ID="line_12" HPOS="125" VPOS="550" WIDTH="757" HEIGHT="28">
							<String ID="string_120" HPOS="125" VPOS="552" WIDTH="114" HEIGHT="21" WC="0.84" CONTENT="Edusmies"/><SP WIDTH="25" VPOS="552" HPOS="239"/>
							<String ID="string_121" HPOS="264" VPOS="550" WIDTH="91" HEIGHT="28" WC="0.96" CONTENT="Ojanen:"/><SP WIDTH="30" VPOS="550" HPOS="355"/>
							<String ID="string_122" HPOS="385" VPOS="552" WIDTH="57" HEIGHT="21" WC="0.95" CONTENT="Minä"/><SP WIDTH="17" VPOS="552" HPOS="442"/>
							<String ID="string_123" HPOS="459" VPOS="552" WIDTH="47" HEIGHT="21" WC="0.96" CONTENT="olen"/><SP WIDTH="17" VPOS="552" HPOS="506"/>
							<String ID="string_124" HPOS="523" VPOS="558" WIDTH="73" HEIGHT="15" WC="0.96" CONTENT="samaa"/><SP WIDTH="14" VPOS="558" HPOS="596"/>
							<String ID="string_125" HPOS="610" VPOS="551" WIDTH="75" HEIGHT="22" WC="0.96" CONTENT="mieltä"/><SP WIDTH="15" VPOS="551" HPOS="685"/>
							<String ID="string_126" HPOS="700" VPOS="551" WIDTH="52" HEIGHT="21" WC="0.96" CONTENT="kuin"/><SP WIDTH="15" VPOS="551" HPOS="752"/>
							<String ID="string_127" HPOS="767" VPOS="558" WIDTH="26" HEIGHT="14" WC="0.93" CONTENT="ne"/><SP WIDTH="16" VPOS="558" HPOS="793"/>
							<String ID="string_128" HPOS="809" VPOS="551" WIDTH="73" HEIGHT="21" WC="0.93" CONTENT="edelli-"/>
						</TextLine>
						<TextLine ID="line_13" HPOS="57" VPOS="580" WIDTH="826" HEIGHT="28">
							<String ID="string_129" HPOS="57" VPOS="583" WIDTH="34" HEIGHT="19" WC="0.95" CONTENT="set"/><SP WIDTH="24" VPOS="583" HPOS="91"/>
							<String ID="string_130" HPOS="115" VPOS="580" WIDTH="96" HEIGHT="28" WC="0.95" CONTENT="puhujat,"/><SP WIDTH="21" VPOS="580" HPOS="211"/>
							<String ID="string_131" HPOS="232" VPOS="580" WIDTH="62" HEIGHT="27" WC="0.96" CONTENT="jotka"/><SP WIDTH="22" VPOS="580" HPOS="294"/>
							<String ID="string_132" HPOS="316" VPOS="582" WIDTH="51" HEIGHT="20" WC="0.93" CONTENT="ovat"/><SP WIDTH="23" VPOS="582" HPOS="367"/>
							<String ID="string_133" HPOS="390" VPOS="580" WIDTH="148" HEIGHT="22" WC="0.92" CONTENT="kehoittaneet"/><SP WIDTH="16" VPOS="580" HPOS="538"/>
							<String ID="string_134" HPOS="554" VPOS="582" WIDTH="75" HEIGHT="25" WC="0.96" CONTENT="säätyä"/><SP WIDTH="15" VPOS="582" HPOS="629"/>
							<String ID="string_135" HPOS="644" VPOS="582" WIDTH="115" HEIGHT="25" WC="0.96" CONTENT="pysymään"/><SP WIDTH="17" VPOS="582" HPOS="759"/>
							<String ID="string_136" HPOS="776" VPOS="580" WIDTH="107" HEIGHT="22" WC="0.96" CONTENT="entisessä"/>
						</TextLine>
						<TextLine ID="line_14" HPOS="57" VPOS="608" WIDTH="826" HEIGHT="28">
							<String ID="string_137" HPOS="57" VPOS="609" WIDTH="177" HEIGHT="27" WC="0.95" CONTENT="päätöksessään."/><SP WIDTH="31" VPOS="609" HPOS="234"/>
							<String ID="string_138" HPOS="265" VPOS="609" WIDTH="54" HEIGHT="21" WC="0.95" CONTENT="Mitä"/><SP WIDTH="24" VPOS="609" HPOS="319"/>
							<String ID="string_139" HPOS="343" VPOS="611" WIDTH="37" HEIGHT="25" WC="0.96" CONTENT="nyt"/><SP WIDTH="22" VPOS="611" HPOS="380"/>
							<String ID="string_140" HPOS="402" VPOS="609" WIDTH="69" HEIGHT="21" WC="0.96" CONTENT="siihen"/><SP WIDTH="24" VPOS="609" HPOS="471"/>
							<String ID="string_141" HPOS="495" VPOS="610" WIDTH="64" HEIGHT="25" WC="0.96" CONTENT="tulee,"/><SP WIDTH="17" VPOS="610" HPOS="559"/>
							<String ID="string_142" HPOS="576" VPOS="611" WIDTH="46" HEIGHT="19" WC="0.93" CONTENT="että"/><SP WIDTH="17" VPOS="611" HPOS="622"/>
							<String ID="string_143" HPOS="639" VPOS="609" WIDTH="106" HEIGHT="21" WC="0.92" CONTENT="edusmies"/><SP WIDTH="16" VPOS="609" HPOS="745"/>
							<String ID="string_144" HPOS="761" VPOS="608" WIDTH="122" HEIGHT="26" WC="0.92" CONTENT="Hedbergiä"/>
						</TextLine>
						<TextLine ID="line_15" HPOS="57" VPOS="638" WIDTH="826" HEIGHT="27">
							<String ID="string_145" HPOS="57" VPOS="638" WIDTH="173" HEIGHT="27" WC="0.96" CONTENT="hämmästyttää,"/><SP WIDTH="24" VPOS="638" HPOS="230"/>
							<String ID="string_146" HPOS="254" VPOS="638" WIDTH="52" HEIGHT="21" WC="0.93" CONTENT="ettei"/><SP WIDTH="23" VPOS="638" HPOS="306"/>
							<String ID="string_147" HPOS="329" VPOS="638" WIDTH="216" HEIGHT="27" WC="0.91" CONTENT="Talonpoikaissääty"/><SP WIDTH="22" VPOS="638" HPOS="545"/>
							<String ID="string_148" HPOS="567" VPOS="638" WIDTH="113" HEIGHT="26" WC="0.92" CONTENT="yhdistyisi"/><SP WIDTH="22" VPOS="638" HPOS="680"/>
							<String ID="string_149" HPOS="702" VPOS="638" WIDTH="181" HEIGHT="26" WC="0.92" CONTENT="Porvarissäädyn"/>
						</TextLine>
						<TextLine ID="line_16" HPOS="57" VPOS="666" WIDTH="826" HEIGHT="28">
							<String ID="string_150" HPOS="57" VPOS="667" WIDTH="177" HEIGHT="25" WC="0.92" CONTENT="kutsumukseen,"/><SP WIDTH="19" VPOS="667" HPOS="234"/>
							<String ID="string_151" HPOS="253" VPOS="666" WIDTH="42" HEIGHT="21" WC="0.96" CONTENT="niin"/><SP WIDTH="17" VPOS="666" HPOS="295"/>
							<String ID="string_152" HPOS="312" VPOS="666" WIDTH="51" HEIGHT="28" WC="0.96" CONTENT="yhtä"/><SP WIDTH="15" VPOS="666" HPOS="363"/>
							<String ID="string_153" HPOS="378" VPOS="666" WIDTH="63" HEIGHT="28" WC="0.96" CONTENT="hyvin"/><SP WIDTH="16" VPOS="666" HPOS="441"/>
							<String ID="string_154" HPOS="457" VPOS="667" WIDTH="72" HEIGHT="21" WC="0.95" CONTENT="minua"/><SP WIDTH="16" VPOS="667" HPOS="529"/>
							<String ID="string_155" HPOS="545" VPOS="666" WIDTH="33" HEIGHT="22" WC="0.96" CONTENT="voi"/><SP WIDTH="16" VPOS="666" HPOS="578"/>
							<String ID="string_156" HPOS="594" VPOS="666" WIDTH="168" HEIGHT="27" WC="0.96" CONTENT="hämmästyttää"/><SP WIDTH="15" VPOS="666" HPOS="762"/>
							<String ID="string_157" HPOS="777" VPOS="672" WIDTH="30" HEIGHT="21" WC="0.96" CONTENT="se,"/><SP WIDTH="24" VPOS="672" HPOS="807"/>
							<String ID="string_158" HPOS="831" VPOS="666" WIDTH="52" HEIGHT="21" WC="0.96" CONTENT="ettei"/>
						</TextLine>
						<TextLine ID="line_17" HPOS="59" VPOS="694" WIDTH="825" HEIGHT="28">
							<String ID="string_159" HPOS="59" VPOS="696" WIDTH="159" HEIGHT="26" WC="0.92" CONTENT="Porvarissääty"/><SP WIDTH="16" VPOS="696" HPOS="218"/>
							<String ID="string_160" HPOS="234" VPOS="695" WIDTH="65" HEIGHT="21" WC="0.96" CONTENT="tahdo"/><SP WIDTH="16" VPOS="695" HPOS="299"/>
							<String ID="string_161" HPOS="315" VPOS="695" WIDTH="101" HEIGHT="27" WC="0.93" CONTENT="yhdistyä"/><SP WIDTH="15" VPOS="695" HPOS="416"/>
							<String ID="string_162" HPOS="431" VPOS="696" WIDTH="236" HEIGHT="26" WC="0.91" CONTENT="Talonpoikaissäädyn"/><SP WIDTH="15" VPOS="696" HPOS="667"/>
							<String ID="string_163" HPOS="682" VPOS="695" WIDTH="138" HEIGHT="27" WC="0.96" CONTENT="päätökseen,"/><SP WIDTH="17" VPOS="695" HPOS="820"/>
							<String ID="string_164" HPOS="837" VPOS="694" WIDTH="47" HEIGHT="22" WC="0.96" CONTENT="sillä"/>
						</TextLine>
						<TextLine ID="line_18" HPOS="58" VPOS="723" WIDTH="825" HEIGHT="28">
							<String ID="string_165" HPOS="58" VPOS="724" WIDTH="56" HEIGHT="21" WC="0.95" CONTENT="minä"/><SP WIDTH="23" VPOS="724" HPOS="114"/>
							<String ID="string_166" HPOS="137" VPOS="724" WIDTH="85" HEIGHT="22" WC="0.96" CONTENT="ainakin"/><SP WIDTH="21" VPOS="724" HPOS="222"/>
							<String ID="string_167" HPOS="243" VPOS="724" WIDTH="78" HEIGHT="24" WC="0.96" CONTENT="luulen,"/><SP WIDTH="25" VPOS="724" HPOS="321"/>
							<String ID="string_168" HPOS="346" VPOS="726" WIDTH="46" HEIGHT="19" WC="0.93" CONTENT="että"/><SP WIDTH="14" VPOS="726" HPOS="392"/>
							<String ID="string_169" HPOS="406" VPOS="724" WIDTH="237" HEIGHT="27" WC="0.91" CONTENT="Talonpoikaissäädyn"/><SP WIDTH="16" VPOS="724" HPOS="643"/>
							<String ID="string_170" HPOS="659" VPOS="724" WIDTH="79" HEIGHT="21" WC="0.96" CONTENT="takana"/><SP WIDTH="16" VPOS="724" HPOS="738"/>
							<String ID="string_171" HPOS="754" VPOS="724" WIDTH="69" HEIGHT="22" WC="0.93" CONTENT="seisoo"/><SP WIDTH="16" VPOS="724" HPOS="823"/>
							<String ID="string_172" HPOS="839" VPOS="723" WIDTH="44" HEIGHT="27" WC="0.91" CONTENT="pal-"/>
						</TextLine>
						<TextLine ID="line_19" HPOS="56" VPOS="752" WIDTH="700" HEIGHT="28">
							<String ID="string_173" HPOS="56" VPOS="753" WIDTH="38" HEIGHT="27" WC="0.93" CONTENT="jon"/><SP WIDTH="17" VPOS="753" HPOS="94"/>
							<String ID="string_174" HPOS="111" VPOS="752" WIDTH="189" HEIGHT="28" WC="0.92" CONTENT="suurilukuisempi"/><SP WIDTH="16" VPOS="752" HPOS="300"/>
							<String ID="string_175" HPOS="316" VPOS="753" WIDTH="73" HEIGHT="26" WC="0.96" CONTENT="kansa,"/><SP WIDTH="16" VPOS="753" HPOS="389"/>
							<String ID="string_176" HPOS="405" VPOS="753" WIDTH="51" HEIGHT="21" WC="0.93" CONTENT="kuin"/><SP WIDTH="16" VPOS="753" HPOS="456"/>
							<String ID="string_177" HPOS="472" VPOS="753" WIDTH="181" HEIGHT="26" WC="0.92" CONTENT="Porvarissäädyn"/><SP WIDTH="17" VPOS="753" HPOS="653"/>
							<String ID="string_178" HPOS="670" VPOS="752" WIDTH="86" HEIGHT="22" WC="0.96" CONTENT="takana."/>
						</TextLine>
					</TextBlock>
					<TextBlock ID="block_3" HPOS="127" VPOS="792" WIDTH="659" HEIGHT="28">
						<TextLine ID="line_20" HPOS="127" VPOS="792" WIDTH="659" HEIGHT="28">
							<String ID="string_179" HPOS="127" VPOS="793" WIDTH="113" HEIGHT="21" WC="0.92" CONTENT="Edusmies"/><SP WIDTH="19" VPOS="793" HPOS="240"/>
							<String ID="string_180" HPOS="259" VPOS="792" WIDTH="107" HEIGHT="22" WC="0.96" CONTENT="Tikkanen"/><SP WIDTH="17" VPOS="792" HPOS="366"/>
							<String ID="string_181" HPOS="383" VPOS="793" WIDTH="84" HEIGHT="27" WC="0.93" CONTENT="hylkäsi"/><SP WIDTH="16" VPOS="793" HPOS="467"/>
							<String ID="string_182" HPOS="483" VPOS="792" WIDTH="183" HEIGHT="28" WC="0.92" CONTENT="Porvarissäädyn"/><SP WIDTH="15" VPOS="792" HPOS="666"/>
							<String ID="string_183" HPOS="681" VPOS="794" WIDTH="105" HEIGHT="26" WC="0.96" CONTENT="pyynnön."/>
						</TextLine>
					</TextBlock>
					<TextBlock ID="block_4" HPOS="58" VPOS="827" WIDTH="834" HEIGHT="773">
						<TextLine ID="line_21" HPOS="127" VPOS="827" WIDTH="757" HEIGHT="27">
							<String ID="string_184" HPOS="127" VPOS="827" WIDTH="217" HEIGHT="27" WC="0.91" CONTENT="Landtdagsmannen"/><SP WIDTH="22" VPOS="827" HPOS="344"/>
							<String ID="string_185" HPOS="366" VPOS="827" WIDTH="116" HEIGHT="27" WC="0.86" CONTENT="Svedberg:"/><SP WIDTH="30" VPOS="827" HPOS="482"/>
							<String ID="string_186" HPOS="512" VPOS="828" WIDTH="73" HEIGHT="20" WC="0.94" CONTENT="Ehuru"/><SP WIDTH="14" VPOS="828" HPOS="585"/>
							<String ID="string_187" HPOS="599" VPOS="828" WIDTH="38" HEIGHT="26" WC="0.93" CONTENT="jag"/><SP WIDTH="15" VPOS="828" HPOS="637"/>
							<String ID="string_188" HPOS="652" VPOS="827" WIDTH="72" HEIGHT="21" WC="0.96" CONTENT="tillhör"/><SP WIDTH="16" VPOS="827" HPOS="724"/>
							<String ID="string_189" HPOS="740" VPOS="828" WIDTH="40" HEIGHT="21" WC="0.93" CONTENT="den"/><SP WIDTH="17" VPOS="828" HPOS="780"/>
							<String ID="string_190" HPOS="797" VPOS="827" WIDTH="87" HEIGHT="27" WC="0.92" CONTENT="plurali-"/>
						</TextLine>
						<TextLine ID="line_22" HPOS="60" VPOS="856" WIDTH="826" HEIGHT="26">
							<String ID="string_191" HPOS="60" VPOS="858" WIDTH="32" HEIGHT="19" WC="0.95" CONTENT="tet"/><SP WIDTH="22" VPOS="858" HPOS="92"/>
							<String ID="string_192" HPOS="114" VPOS="856" WIDTH="7" HEIGHT="20" WC="0.92" CONTENT="i"/><SP WIDTH="23" VPOS="856" HPOS="121"/>
							<String ID="string_193" HPOS="144" VPOS="856" WIDTH="88" HEIGHT="21" WC="0.91" CONTENT="ständet"/><SP WIDTH="15" VPOS="856" HPOS="232"/>
							<String ID="string_194" HPOS="247" VPOS="862" WIDTH="45" HEIGHT="15" WC="0.93" CONTENT="som"/><SP WIDTH="16" VPOS="862" HPOS="292"/>
							<String ID="string_195" HPOS="308" VPOS="857" WIDTH="70" HEIGHT="20" WC="0.91" CONTENT="röstat"/><SP WIDTH="16" VPOS="857" HPOS="378"/>
							<String ID="string_196" HPOS="394" VPOS="856" WIDTH="32" HEIGHT="21" WC="0.93" CONTENT="för"/><SP WIDTH="16" VPOS="856" HPOS="426"/>
							<String ID="string_197" HPOS="442" VPOS="856" WIDTH="151" HEIGHT="21" WC="0.90" CONTENT="dödsstraffets"/><SP WIDTH="15" VPOS="856" HPOS="593"/>
							<String ID="string_198" HPOS="608" VPOS="856" WIDTH="158" HEIGHT="26" WC="0.91" CONTENT="bibehällande,"/><SP WIDTH="16" VPOS="856" HPOS="766"/>
							<String ID="string_199" HPOS="782" VPOS="856" WIDTH="24" HEIGHT="21" WC="0.96" CONTENT="sä"/><SP WIDTH="17" VPOS="856" HPOS="806"/>
							<String ID="string_200" HPOS="823" VPOS="862" WIDTH="63" HEIGHT="15" WC="0.96" CONTENT="anser"/>
						</TextLine>
						<TextLine ID="line_23" HPOS="58" VPOS="884" WIDTH="827" HEIGHT="27">
							<String ID="string_201" HPOS="58" VPOS="884" WIDTH="37" HEIGHT="27" WC="0.96" CONTENT="jag"/><SP WIDTH="16" VPOS="884" HPOS="95"/>
							<String ID="string_202" HPOS="111" VPOS="884" WIDTH="37" HEIGHT="21" WC="0.96" CONTENT="det"/><SP WIDTH="17" VPOS="884" HPOS="148"/>
							<String ID="string_203" HPOS="165" VPOS="884" WIDTH="54" HEIGHT="21" WC="0.93" CONTENT="dock"/><SP WIDTH="9" VPOS="884" HPOS="219"/>
							<String ID="string_204" HPOS="228" VPOS="884" WIDTH="81" HEIGHT="27" WC="0.91" CONTENT="vädligt"/><SP WIDTH="11" VPOS="884" HPOS="309"/>
							<String ID="string_205" HPOS="320" VPOS="887" WIDTH="32" HEIGHT="18" WC="0.93" CONTENT="att"/><SP WIDTH="11" VPOS="887" HPOS="352"/>
							<String ID="string_206" HPOS="363" VPOS="884" WIDTH="97" HEIGHT="22" WC="0.93" CONTENT="förkasta"/><SP WIDTH="10" VPOS="884" HPOS="460"/>
							<String ID="string_207" HPOS="470" VPOS="885" WIDTH="196" HEIGHT="26" WC="0.91" CONTENT="Borgareständets"/><SP WIDTH="12" VPOS="885" HPOS="666"/>
							<String ID="string_208" HPOS="678" VPOS="885" WIDTH="126" HEIGHT="26" WC="0.92" CONTENT="inbjudning"/><SP WIDTH="11" VPOS="885" HPOS="804"/>
							<String ID="string_209" HPOS="815" VPOS="885" WIDTH="70" HEIGHT="21" WC="0.96" CONTENT="denna"/>
						</TextLine>
						<TextLine ID="line_24" HPOS="61" VPOS="913" WIDTH="825" HEIGHT="27">
							<String ID="string_210" HPOS="61" VPOS="913" WIDTH="62" HEIGHT="26" WC="0.91" CONTENT="gäng."/><SP WIDTH="30" VPOS="913" HPOS="123"/>
							<String ID="string_211" HPOS="153" VPOS="913" WIDTH="110" HEIGHT="27" WC="0.92" CONTENT="Derjemte"/><SP WIDTH="22" VPOS="913" HPOS="263"/>
							<String ID="string_212" HPOS="285" VPOS="913" WIDTH="94" HEIGHT="21" WC="0.90" CONTENT="riskerar"/><SP WIDTH="23" VPOS="913" HPOS="379"/>
							<String ID="string_213" HPOS="402" VPOS="919" WIDTH="55" HEIGHT="20" WC="0.93" CONTENT="man,"/><SP WIDTH="25" VPOS="919" HPOS="457"/>
							<String ID="string_214" HPOS="482" VPOS="913" WIDTH="72" HEIGHT="22" WC="0.92" CONTENT="säsom"/><SP WIDTH="22" VPOS="913" HPOS="554"/>
							<String ID="string_215" HPOS="576" VPOS="913" WIDTH="67" HEIGHT="21" WC="0.93" CONTENT="redan"/><SP WIDTH="16" VPOS="913" HPOS="643"/>
							<String ID="string_216" HPOS="659" VPOS="913" WIDTH="113" HEIGHT="27" WC="0.92" CONTENT="päpekats,"/><SP WIDTH="17" VPOS="913" HPOS="772"/>
							<String ID="string_217" HPOS="789" VPOS="915" WIDTH="32" HEIGHT="19" WC="0.96" CONTENT="att"/><SP WIDTH="15" VPOS="915" HPOS="821"/>
							<String ID="string_218" HPOS="836" VPOS="913" WIDTH="50" HEIGHT="21" WC="0.96" CONTENT="hela"/>
						</TextLine>
						<TextLine ID="line_25" HPOS="61" VPOS="941" WIDTH="825" HEIGHT="28">
							<String ID="string_219" HPOS="61" VPOS="941" WIDTH="211" HEIGHT="28" WC="0.86" CONTENT="strafflagsförslaget"/><SP WIDTH="15" VPOS="941" HPOS="272"/>
							<String ID="string_220" HPOS="287" VPOS="942" WIDTH="100" HEIGHT="27" WC="0.96" CONTENT="möjligen"/><SP WIDTH="17" VPOS="942" HPOS="387"/>
							<String ID="string_221" HPOS="404" VPOS="942" WIDTH="41" HEIGHT="21" WC="0.93" CONTENT="kan"/><SP WIDTH="16" VPOS="942" HPOS="445"/>
							<String ID="string_222" HPOS="461" VPOS="941" WIDTH="58" HEIGHT="28" WC="0.96" CONTENT="falla,"/><SP WIDTH="16" VPOS="941" HPOS="519"/>
							<String ID="string_223" HPOS="535" VPOS="942" WIDTH="82" HEIGHT="21" WC="0.96" CONTENT="hvilket"/><SP WIDTH="12" VPOS="942" HPOS="617"/>
							<String ID="string_224" HPOS="629" VPOS="942" WIDTH="67" HEIGHT="26" WC="0.96" CONTENT="enligt"/><SP WIDTH="10" VPOS="942" HPOS="696"/>
							<String ID="string_225" HPOS="706" VPOS="942" WIDTH="42" HEIGHT="21" WC="0.97" CONTENT="min"/><SP WIDTH="12" VPOS="942" HPOS="748"/>
							<String ID="string_226" HPOS="760" VPOS="942" WIDTH="65" HEIGHT="21" WC="0.93" CONTENT="tanke"/><SP WIDTH="10" VPOS="942" HPOS="825"/>
							<String ID="string_227" HPOS="835" VPOS="948" WIDTH="51" HEIGHT="15" WC="0.96" CONTENT="vore"/>
						</TextLine>
						<TextLine ID="line_26" HPOS="62" VPOS="970" WIDTH="824" HEIGHT="27">
							<String ID="string_228" HPOS="62" VPOS="976" WIDTH="26" HEIGHT="15" WC="0.95" CONTENT="en"/><SP WIDTH="16" VPOS="976" HPOS="88"/>
							<String ID="string_229" HPOS="104" VPOS="972" WIDTH="45" HEIGHT="19" WC="0.96" CONTENT="stor"/><SP WIDTH="15" VPOS="972" HPOS="149"/>
							<String ID="string_230" HPOS="164" VPOS="970" WIDTH="74" HEIGHT="26" WC="0.96" CONTENT="skada,"/><SP WIDTH="16" VPOS="970" HPOS="238"/>
							<String ID="string_231" HPOS="254" VPOS="971" WIDTH="28" HEIGHT="20" WC="0.96" CONTENT="dä"/><SP WIDTH="15" VPOS="971" HPOS="282"/>
							<String ID="string_232" HPOS="297" VPOS="971" WIDTH="59" HEIGHT="21" WC="0.93" CONTENT="detta"/><SP WIDTH="16" VPOS="971" HPOS="356"/>
							<String ID="string_233" HPOS="372" VPOS="971" WIDTH="192" HEIGHT="26" WC="0.85" CONTENT="strafflagsförslag"/><SP WIDTH="20" VPOS="971" HPOS="564"/>
							<String ID="string_234" HPOS="584" VPOS="971" WIDTH="39" HEIGHT="21" WC="0.96" CONTENT="har"/><SP WIDTH="16" VPOS="971" HPOS="623"/>
							<String ID="string_235" HPOS="639" VPOS="971" WIDTH="54" HEIGHT="21" WC="0.96" CONTENT="varit"/><SP WIDTH="15" VPOS="971" HPOS="693"/>
							<String ID="string_236" HPOS="708" VPOS="971" WIDTH="46" HEIGHT="21" WC="0.93" CONTENT="före"/><SP WIDTH="16" VPOS="971" HPOS="754"/>
							<String ID="string_237" HPOS="770" VPOS="971" WIDTH="55" HEIGHT="21" WC="0.96" CONTENT="ända"/><SP WIDTH="14" VPOS="971" HPOS="825"/>
							<String ID="string_238" HPOS="839" VPOS="970" WIDTH="47" HEIGHT="21" WC="0.96" CONTENT="från"/>
						</TextLine>
						<TextLine ID="line_27" HPOS="62" VPOS="999" WIDTH="823" HEIGHT="27">
							<String ID="string_239" HPOS="62" VPOS="999" WIDTH="41" HEIGHT="21" WC="0.96" CONTENT="den"/><SP WIDTH="15" VPOS="999" HPOS="103"/>
							<String ID="string_240" HPOS="118" VPOS="999" WIDTH="31" HEIGHT="21" WC="0.93" CONTENT="tid"/><SP WIDTH="15" VPOS="999" HPOS="149"/>
							<String ID="string_241" HPOS="164" VPOS="999" WIDTH="48" HEIGHT="21" WC="0.92" CONTENT="värt"/><SP WIDTH="15" VPOS="999" HPOS="212"/>
							<String ID="string_242" HPOS="227" VPOS="999" WIDTH="179" HEIGHT="22" WC="0.92" CONTENT="konstitutionela"/><SP WIDTH="15" VPOS="999" HPOS="406"/>
							<String ID="string_243" HPOS="421" VPOS="999" WIDTH="120" HEIGHT="22" WC="0.91" CONTENT="statsskick"/><SP WIDTH="15" VPOS="999" HPOS="541"/>
							<String ID="string_244" HPOS="556" VPOS="999" WIDTH="33" HEIGHT="22" WC="0.96" CONTENT="för"/><SP WIDTH="16" VPOS="999" HPOS="589"/>
							<String ID="string_245" HPOS="605" VPOS="1001" WIDTH="26" HEIGHT="20" WC="0.96" CONTENT="25"/><SP WIDTH="17" VPOS="1001" HPOS="631"/>
							<String ID="string_246" HPOS="648" VPOS="999" WIDTH="24" HEIGHT="22" WC="0.89" CONTENT="är"/><SP WIDTH="15" VPOS="999" HPOS="672"/>
							<String ID="string_247" HPOS="687" VPOS="1000" WIDTH="66" HEIGHT="21" WC="0.93" CONTENT="sedan"/><SP WIDTH="17" VPOS="1000" HPOS="753"/>
							<String ID="string_248" HPOS="770" VPOS="999" WIDTH="47" HEIGHT="22" WC="0.92" CONTENT="äter"/><SP WIDTH="14" VPOS="999" HPOS="817"/>
							<String ID="string_249" HPOS="831" VPOS="1005" WIDTH="54" HEIGHT="21" WC="0.93" CONTENT="upp-"/>
						</TextLine>
						<TextLine ID="line_28" HPOS="61" VPOS="1027" WIDTH="826" HEIGHT="28">
							<String ID="string_250" HPOS="61" VPOS="1028" WIDTH="103" HEIGHT="21" WC="0.90" CONTENT="rättades."/><SP WIDTH="29" VPOS="1028" HPOS="164"/>
							<String ID="string_251" HPOS="193" VPOS="1027" WIDTH="42" HEIGHT="27" WC="0.96" CONTENT="Jag"/><SP WIDTH="21" VPOS="1027" HPOS="235"/>
							<String ID="string_252" HPOS="256" VPOS="1028" WIDTH="42" HEIGHT="21" WC="0.93" CONTENT="kan"/><SP WIDTH="24" VPOS="1028" HPOS="298"/>
							<String ID="string_253" HPOS="322" VPOS="1027" WIDTH="71" HEIGHT="22" WC="0.92" CONTENT="derför"/><SP WIDTH="21" VPOS="1027" HPOS="393"/>
							<String ID="string_254" HPOS="414" VPOS="1028" WIDTH="48" HEIGHT="22" WC="0.92" CONTENT="icke"/><SP WIDTH="24" VPOS="1028" HPOS="462"/>
							<String ID="string_255" HPOS="486" VPOS="1028" WIDTH="74" HEIGHT="22" WC="0.93" CONTENT="förena"/><SP WIDTH="19" VPOS="1028" HPOS="560"/>
							<String ID="string_256" HPOS="579" VPOS="1029" WIDTH="43" HEIGHT="26" WC="0.96" CONTENT="mig"/><SP WIDTH="18" VPOS="1029" HPOS="622"/>
							<String ID="string_257" HPOS="640" VPOS="1028" WIDTH="48" HEIGHT="21" WC="0.96" CONTENT="med"/><SP WIDTH="16" VPOS="1028" HPOS="688"/>
							<String ID="string_258" HPOS="704" VPOS="1028" WIDTH="55" HEIGHT="27" WC="0.96" CONTENT="dem,"/><SP WIDTH="17" VPOS="1028" HPOS="759"/>
							<String ID="string_259" HPOS="776" VPOS="1034" WIDTH="46" HEIGHT="15" WC="0.96" CONTENT="som"/><SP WIDTH="15" VPOS="1034" HPOS="822"/>
							<String ID="string_260" HPOS="837" VPOS="1028" WIDTH="50" HEIGHT="27" WC="0.96" CONTENT="vilja"/>
						</TextLine>
						<TextLine ID="line_29" HPOS="61" VPOS="1056" WIDTH="826" HEIGHT="28">
							<String ID="string_261" HPOS="61" VPOS="1056" WIDTH="97" HEIGHT="21" WC="0.92" CONTENT="förkasta"/><SP WIDTH="15" VPOS="1056" HPOS="158"/>
							<String ID="string_262" HPOS="173" VPOS="1057" WIDTH="195" HEIGHT="26" WC="0.92" CONTENT="Borgareständets"/><SP WIDTH="16" VPOS="1057" HPOS="368"/>
							<String ID="string_263" HPOS="384" VPOS="1057" WIDTH="136" HEIGHT="27" WC="0.92" CONTENT="inbjudning,"/><SP WIDTH="10" VPOS="1057" HPOS="520"/>
							<String ID="string_264" HPOS="530" VPOS="1057" WIDTH="89" HEIGHT="21" WC="0.93" CONTENT="emedan"/><SP WIDTH="15" VPOS="1057" HPOS="619"/>
							<String ID="string_265" HPOS="634" VPOS="1057" WIDTH="37" HEIGHT="27" WC="0.96" CONTENT="jag"/><SP WIDTH="16" VPOS="1057" HPOS="671"/>
							<String ID="string_266" HPOS="687" VPOS="1063" WIDTH="63" HEIGHT="16" WC="0.95" CONTENT="anser"/><SP WIDTH="12" VPOS="1063" HPOS="750"/>
							<String ID="string_267" HPOS="762" VPOS="1059" WIDTH="32" HEIGHT="19" WC="0.95" CONTENT="att"/><SP WIDTH="10" VPOS="1059" HPOS="794"/>
							<String ID="string_268" HPOS="804" VPOS="1057" WIDTH="26" HEIGHT="21" WC="0.97" CONTENT="de"/><SP WIDTH="11" VPOS="1057" HPOS="830"/>
							<String ID="string_269" HPOS="841" VPOS="1063" WIDTH="46" HEIGHT="14" WC="0.97" CONTENT="som"/>
						</TextLine>
						<TextLine ID="line_30" HPOS="62" VPOS="1085" WIDTH="825" HEIGHT="27">
							<String ID="string_270" HPOS="62" VPOS="1085" WIDTH="96" HEIGHT="21" WC="0.92" CONTENT="förordat"/><SP WIDTH="15" VPOS="1085" HPOS="158"/>
							<String ID="string_271" HPOS="173" VPOS="1085" WIDTH="152" HEIGHT="21" WC="0.92" CONTENT="förkastandet"/><SP WIDTH="17" VPOS="1085" HPOS="325"/>
							<String ID="string_272" HPOS="342" VPOS="1085" WIDTH="123" HEIGHT="27" WC="0.91" CONTENT="derigenom"/><SP WIDTH="22" VPOS="1085" HPOS="465"/>
							<String ID="string_273" HPOS="487" VPOS="1086" WIDTH="78" HEIGHT="26" WC="0.92" CONTENT="ädraga"/><SP WIDTH="16" VPOS="1086" HPOS="565"/>
							<String ID="string_274" HPOS="581" VPOS="1091" WIDTH="36" HEIGHT="16" WC="0.96" CONTENT="oss"/><SP WIDTH="17" VPOS="1091" HPOS="617"/>
							<String ID="string_275" HPOS="634" VPOS="1088" WIDTH="32" HEIGHT="19" WC="0.96" CONTENT="ett"/><SP WIDTH="15" VPOS="1088" HPOS="666"/>
							<String ID="string_276" HPOS="681" VPOS="1087" WIDTH="55" HEIGHT="20" WC="0.93" CONTENT="stort"/><SP WIDTH="17" VPOS="1087" HPOS="736"/>
							<String ID="string_277" HPOS="753" VPOS="1092" WIDTH="76" HEIGHT="15" WC="0.93" CONTENT="ansvar"/><SP WIDTH="14" VPOS="1092" HPOS="829"/>
							<String ID="string_278" HPOS="843" VPOS="1085" WIDTH="44" HEIGHT="22" WC="0.92" CONTENT="ifall"/>
						</TextLine>
						<TextLine ID="line_31" HPOS="63" VPOS="1113" WIDTH="824" HEIGHT="29">
							<String ID="string_279" HPOS="63" VPOS="1113" WIDTH="213" HEIGHT="28" WC="0.88" CONTENT="strafflagsförslaget"/><SP WIDTH="22" VPOS="1113" HPOS="276"/>
							<String ID="string_280" HPOS="298" VPOS="1114" WIDTH="31" HEIGHT="21" WC="0.96" CONTENT="till"/><SP WIDTH="24" VPOS="1114" HPOS="329"/>
							<String ID="string_281" HPOS="353" VPOS="1114" WIDTH="52" HEIGHT="27" WC="0.81" CONTENT="följd"/><SP WIDTH="24" VPOS="1114" HPOS="405"/>
							<String ID="string_282" HPOS="429" VPOS="1115" WIDTH="63" HEIGHT="20" WC="0.93" CONTENT="deraf"/><SP WIDTH="19" VPOS="1115" HPOS="492"/>
							<String ID="string_283" HPOS="511" VPOS="1115" WIDTH="68" HEIGHT="21" WC="0.92" CONTENT="faller."/><SP WIDTH="30" VPOS="1115" HPOS="579"/>
							<String ID="string_284" HPOS="609" VPOS="1113" WIDTH="107" HEIGHT="28" WC="0.91" CONTENT="Föröfrigt"/><SP WIDTH="18" VPOS="1113" HPOS="716"/>
							<String ID="string_285" HPOS="734" VPOS="1115" WIDTH="35" HEIGHT="21" WC="0.96" CONTENT="vill"/><SP WIDTH="13" VPOS="1115" HPOS="769"/>
							<String ID="string_286" HPOS="782" VPOS="1115" WIDTH="38" HEIGHT="27" WC="0.96" CONTENT="jag"/><SP WIDTH="15" VPOS="1115" HPOS="820"/>
							<String ID="string_287" HPOS="835" VPOS="1115" WIDTH="52" HEIGHT="26" WC="0.96" CONTENT="göra"/>
						</TextLine>
						<TextLine ID="line_32" HPOS="63" VPOS="1142" WIDTH="825" HEIGHT="28">
							<String ID="string_288" HPOS="63" VPOS="1142" WIDTH="87" HEIGHT="22" WC="0.90" CONTENT="ständet"/><SP WIDTH="23" VPOS="1142" HPOS="150"/>
							<String ID="string_289" HPOS="173" VPOS="1143" WIDTH="162" HEIGHT="27" WC="0.90" CONTENT="uppmärksamt"/><SP WIDTH="16" VPOS="1143" HPOS="335"/>
							<String ID="string_290" HPOS="351" VPOS="1143" WIDTH="34" HEIGHT="26" WC="0.96" CONTENT="pä,"/><SP WIDTH="17" VPOS="1143" HPOS="385"/>
							<String ID="string_291" HPOS="402" VPOS="1145" WIDTH="33" HEIGHT="19" WC="0.96" CONTENT="att"/><SP WIDTH="16" VPOS="1145" HPOS="435"/>
							<String ID="string_292" HPOS="451" VPOS="1144" WIDTH="38" HEIGHT="21" WC="0.93" CONTENT="det"/><SP WIDTH="15" VPOS="1144" HPOS="489"/>
							<String ID="string_293" HPOS="504" VPOS="1143" WIDTH="47" HEIGHT="22" WC="0.92" CONTENT="icke"/><SP WIDTH="16" VPOS="1143" HPOS="551"/>
							<String ID="string_294" HPOS="567" VPOS="1143" WIDTH="40" HEIGHT="22" WC="0.92" CONTENT="alls"/><SP WIDTH="15" VPOS="1143" HPOS="607"/>
							<String ID="string_295" HPOS="622" VPOS="1145" WIDTH="24" HEIGHT="19" WC="0.97" CONTENT="är"/><SP WIDTH="16" VPOS="1145" HPOS="646"/>
							<String ID="string_296" HPOS="662" VPOS="1143" WIDTH="74" HEIGHT="27" WC="0.96" CONTENT="troligt"/><SP WIDTH="15" VPOS="1143" HPOS="736"/>
							<String ID="string_297" HPOS="751" VPOS="1145" WIDTH="33" HEIGHT="20" WC="0.93" CONTENT="att"/><SP WIDTH="15" VPOS="1145" HPOS="784"/>
							<String ID="string_298" HPOS="799" VPOS="1143" WIDTH="31" HEIGHT="22" WC="0.93" CONTENT="uti"/><SP WIDTH="15" VPOS="1143" HPOS="830"/>
							<String ID="string_299" HPOS="845" VPOS="1143" WIDTH="43" HEIGHT="21" WC="0.93" CONTENT="för-"/>
						</TextLine>
						<TextLine ID="line_33" HPOS="63" VPOS="1171" WIDTH="825" HEIGHT="28">
							<String ID="string_300" HPOS="63" VPOS="1171" WIDTH="71" HEIGHT="22" WC="0.91" CONTENT="stärkt"/><SP WIDTH="21" VPOS="1171" HPOS="134"/>
							<String ID="string_301" HPOS="155" VPOS="1172" WIDTH="91" HEIGHT="25" WC="0.92" CONTENT="utskott,"/><SP WIDTH="25" VPOS="1172" HPOS="246"/>
							<String ID="string_302" HPOS="271" VPOS="1171" WIDTH="31" HEIGHT="21" WC="0.93" CONTENT="dit"/><SP WIDTH="15" VPOS="1171" HPOS="302"/>
							<String ID="string_303" HPOS="317" VPOS="1171" WIDTH="87" HEIGHT="26" WC="0.91" CONTENT="frägans"/><SP WIDTH="16" VPOS="1171" HPOS="404"/>
							<String ID="string_304" HPOS="420" VPOS="1172" WIDTH="118" HEIGHT="26" WC="0.91" CONTENT="afgörande"/><SP WIDTH="15" VPOS="1172" HPOS="538"/>
							<String ID="string_305" HPOS="553" VPOS="1172" WIDTH="95" HEIGHT="21" WC="0.96" CONTENT="kommer"/><SP WIDTH="16" VPOS="1172" HPOS="648"/>
							<String ID="string_306" HPOS="664" VPOS="1174" WIDTH="32" HEIGHT="19" WC="0.93" CONTENT="att"/><SP WIDTH="15" VPOS="1174" HPOS="696"/>
							<String ID="string_307" HPOS="711" VPOS="1172" WIDTH="133" HEIGHT="27" WC="0.92" CONTENT="hänskjutas,"/><SP WIDTH="17" VPOS="1172" HPOS="844"/>
							<String ID="string_308" HPOS="861" VPOS="1171" WIDTH="27" HEIGHT="22" WC="0.97" CONTENT="de"/>
						</TextLine>
						<TextLine ID="line_34" HPOS="63" VPOS="1200" WIDTH="825" HEIGHT="28">
							<String ID="string_309" HPOS="63" VPOS="1200" WIDTH="82" HEIGHT="27" WC="0.92" CONTENT="äsigter"/><SP WIDTH="14" VPOS="1200" HPOS="145"/>
							<String ID="string_310" HPOS="159" VPOS="1200" WIDTH="70" HEIGHT="21" WC="0.92" CONTENT="skulle"/><SP WIDTH="16" VPOS="1200" HPOS="229"/>
							<String ID="string_311" HPOS="245" VPOS="1206" WIDTH="69" HEIGHT="21" WC="0.92" CONTENT="segra,"/><SP WIDTH="17" VPOS="1206" HPOS="314"/>
							<String ID="string_312" HPOS="331" VPOS="1206" WIDTH="46" HEIGHT="15" WC="0.93" CONTENT="som"/><SP WIDTH="16" VPOS="1206" HPOS="377"/>
							<String ID="string_313" HPOS="393" VPOS="1201" WIDTH="52" HEIGHT="26" WC="0.93" CONTENT="yrka"/><SP WIDTH="16" VPOS="1201" HPOS="445"/>
							<String ID="string_314" HPOS="461" VPOS="1201" WIDTH="28" HEIGHT="27" WC="0.93" CONTENT="pä"/><SP WIDTH="16" VPOS="1201" HPOS="489"/>
							<String ID="string_315" HPOS="505" VPOS="1200" WIDTH="143" HEIGHT="22" WC="0.92" CONTENT="afskaffandet"/><SP WIDTH="15" VPOS="1200" HPOS="648"/>
							<String ID="string_316" HPOS="663" VPOS="1200" WIDTH="21" HEIGHT="22" WC="0.93" CONTENT="af"/><SP WIDTH="10" VPOS="1200" HPOS="684"/>
							<String ID="string_317" HPOS="694" VPOS="1200" WIDTH="145" HEIGHT="22" WC="0.92" CONTENT="dödsstraffet."/><SP WIDTH="17" VPOS="1200" HPOS="839"/>
							<String ID="string_318" HPOS="856" VPOS="1201" WIDTH="32" HEIGHT="20" WC="0.93" CONTENT="Dä"/>
						</TextLine>
						<TextLine ID="line_35" HPOS="64" VPOS="1228" WIDTH="824" HEIGHT="29">
							<String ID="string_319" HPOS="64" VPOS="1235" WIDTH="25" HEIGHT="15" WC="0.93" CONTENT="en"/><SP WIDTH="17" VPOS="1235" HPOS="89"/>
							<String ID="string_320" HPOS="106" VPOS="1228" WIDTH="60" HEIGHT="27" WC="0.96" CONTENT="fråga"/><SP WIDTH="15" VPOS="1228" HPOS="166"/>
							<String ID="string_321" HPOS="181" VPOS="1228" WIDTH="22" HEIGHT="22" WC="0.96" CONTENT="af"/><SP WIDTH="14" VPOS="1228" HPOS="203"/>
							<String ID="string_322" HPOS="217" VPOS="1229" WIDTH="68" HEIGHT="21" WC="0.93" CONTENT="denna"/><SP WIDTH="17" VPOS="1229" HPOS="285"/>
							<String ID="string_323" HPOS="302" VPOS="1228" WIDTH="149" HEIGHT="22" WC="0.96" CONTENT="beskaffenhet"/><SP WIDTH="16" VPOS="1228" HPOS="451"/>
							<String ID="string_324" HPOS="467" VPOS="1229" WIDTH="67" HEIGHT="27" WC="0.96" CONTENT="enligt"/><SP WIDTH="15" VPOS="1229" HPOS="534"/>
							<String ID="string_325" HPOS="549" VPOS="1230" WIDTH="11" HEIGHT="27" WC="0.85" CONTENT="3"/><SP WIDTH="16" VPOS="1230" HPOS="560"/>
							<String ID="string_326" HPOS="576" VPOS="1231" WIDTH="27" HEIGHT="20" WC="0.95" CONTENT="74"/><SP WIDTH="15" VPOS="1231" HPOS="603"/>
							<String ID="string_327" HPOS="618" VPOS="1229" WIDTH="6" HEIGHT="21" WC="0.96" CONTENT="i"/><SP WIDTH="17" VPOS="1229" HPOS="624"/>
							<String ID="string_328" HPOS="641" VPOS="1229" WIDTH="23" HEIGHT="21" WC="0.96" CONTENT="L."/><SP WIDTH="17" VPOS="1229" HPOS="664"/>
							<String ID="string_329" HPOS="681" VPOS="1229" WIDTH="25" HEIGHT="22" WC="0.93" CONTENT="O."/><SP WIDTH="11" VPOS="1229" HPOS="706"/>
							<String ID="string_330" HPOS="717" VPOS="1229" WIDTH="84" HEIGHT="28" WC="0.93" CONTENT="afgöres"/><SP WIDTH="11" VPOS="1229" HPOS="801"/>
							<String ID="string_331" HPOS="812" VPOS="1235" WIDTH="76" HEIGHT="21" WC="0.96" CONTENT="genom"/>
						</TextLine>
						<TextLine ID="line_36" HPOS="65" VPOS="1257" WIDTH="823" HEIGHT="28">
							<String ID="string_332" HPOS="65" VPOS="1257" WIDTH="61" HEIGHT="22" WC="0.93" CONTENT="enkel"/><SP WIDTH="23" VPOS="1257" HPOS="126"/>
							<String ID="string_333" HPOS="149" VPOS="1257" WIDTH="157" HEIGHT="28" WC="0.90" CONTENT="röstpluralitet"/><SP WIDTH="23" VPOS="1257" HPOS="306"/>
							<String ID="string_334" HPOS="329" VPOS="1257" WIDTH="39" HEIGHT="22" WC="0.96" CONTENT="och"/><SP WIDTH="23" VPOS="1257" HPOS="368"/>
							<String ID="string_335" HPOS="391" VPOS="1257" WIDTH="27" HEIGHT="22" WC="0.95" CONTENT="dä"/><SP WIDTH="15" VPOS="1257" HPOS="418"/>
							<String ID="string_336" HPOS="433" VPOS="1258" WIDTH="20" HEIGHT="21" WC="0.93" CONTENT="vi"/><SP WIDTH="17" VPOS="1258" HPOS="453"/>
							<String ID="string_337" HPOS="470" VPOS="1261" WIDTH="49" HEIGHT="18" WC="0.96" CONTENT="veta"/><SP WIDTH="16" VPOS="1261" HPOS="519"/>
							<String ID="string_338" HPOS="535" VPOS="1260" WIDTH="32" HEIGHT="19" WC="0.93" CONTENT="att"/><SP WIDTH="16" VPOS="1260" HPOS="567"/>
							<String ID="string_339" HPOS="583" VPOS="1257" WIDTH="139" HEIGHT="22" WC="0.96" CONTENT="dödsstraffet"/><SP WIDTH="15" VPOS="1257" HPOS="722"/>
							<String ID="string_340" HPOS="737" VPOS="1258" WIDTH="57" HEIGHT="22" WC="0.93" CONTENT="hade"/><SP WIDTH="14" VPOS="1258" HPOS="794"/>
							<String ID="string_341" HPOS="808" VPOS="1258" WIDTH="80" HEIGHT="21" WC="0.92" CONTENT="anhän-"/>
						</TextLine>
						<TextLine ID="line_37" HPOS="63" VPOS="1286" WIDTH="826" HEIGHT="27">
							<String ID="string_342" HPOS="63" VPOS="1292" WIDTH="50" HEIGHT="21" WC="0.96" CONTENT="gare"/><SP WIDTH="17" VPOS="1292" HPOS="113"/>
							<String ID="string_343" HPOS="130" VPOS="1286" WIDTH="61" HEIGHT="21" WC="0.96" CONTENT="äfven"/><SP WIDTH="16" VPOS="1286" HPOS="191"/>
							<String ID="string_344" HPOS="207" VPOS="1286" WIDTH="57" HEIGHT="21" WC="0.96" CONTENT="inom"/><SP WIDTH="17" VPOS="1286" HPOS="264"/>
							<String ID="string_345" HPOS="281" VPOS="1287" WIDTH="23" HEIGHT="20" WC="0.96" CONTENT="R."/><SP WIDTH="18" VPOS="1287" HPOS="304"/>
							<String ID="string_346" HPOS="322" VPOS="1292" WIDTH="18" HEIGHT="15" WC="0.79" CONTENT="0."/><SP WIDTH="17" VPOS="1292" HPOS="340"/>
							<String ID="string_347" HPOS="357" VPOS="1286" WIDTH="68" HEIGHT="22" WC="0.92" CONTENT="Adeln"/><SP WIDTH="17" VPOS="1286" HPOS="425"/>
							<String ID="string_348" HPOS="442" VPOS="1289" WIDTH="57" HEIGHT="19" WC="0.93" CONTENT="samt"/><SP WIDTH="11" VPOS="1289" HPOS="499"/>
							<String ID="string_349" HPOS="510" VPOS="1287" WIDTH="190" HEIGHT="26" WC="0.92" CONTENT="Borgareständet,"/><SP WIDTH="17" VPOS="1287" HPOS="700"/>
							<String ID="string_350" HPOS="717" VPOS="1287" WIDTH="24" HEIGHT="21" WC="0.97" CONTENT="sä"/><SP WIDTH="16" VPOS="1287" HPOS="741"/>
							<String ID="string_351" HPOS="757" VPOS="1289" WIDTH="24" HEIGHT="19" WC="0.96" CONTENT="är"/><SP WIDTH="15" VPOS="1289" HPOS="781"/>
							<String ID="string_352" HPOS="796" VPOS="1287" WIDTH="36" HEIGHT="21" WC="0.96" CONTENT="det"/><SP WIDTH="11" VPOS="1287" HPOS="832"/>
							<String ID="string_353" HPOS="843" VPOS="1289" WIDTH="46" HEIGHT="18" WC="0.96" CONTENT="stor"/>
						</TextLine>
						<TextLine ID="line_38" HPOS="64" VPOS="1314" WIDTH="824" HEIGHT="23">
							<String ID="string_354" HPOS="64" VPOS="1315" WIDTH="137" HEIGHT="21" WC="0.92" CONTENT="sannolikhet"/><SP WIDTH="15" VPOS="1315" HPOS="201"/>
							<String ID="string_355" HPOS="216" VPOS="1317" WIDTH="33" HEIGHT="19" WC="0.93" CONTENT="att"/><SP WIDTH="14" VPOS="1317" HPOS="249"/>
							<String ID="string_356" HPOS="263" VPOS="1315" WIDTH="105" HEIGHT="21" WC="0.92" CONTENT="förstärkt"/><SP WIDTH="19" VPOS="1315" HPOS="368"/>
							<String ID="string_357" HPOS="387" VPOS="1315" WIDTH="86" HEIGHT="22" WC="0.92" CONTENT="utskott"/><SP WIDTH="15" VPOS="1315" HPOS="473"/>
							<String ID="string_358" HPOS="488" VPOS="1315" WIDTH="85" HEIGHT="22" WC="0.92" CONTENT="komme"/><SP WIDTH="16" VPOS="1315" HPOS="573"/>
							<String ID="string_359" HPOS="589" VPOS="1317" WIDTH="33" HEIGHT="20" WC="0.93" CONTENT="att"/><SP WIDTH="14" VPOS="1317" HPOS="622"/>
							<String ID="string_360" HPOS="636" VPOS="1315" WIDTH="87" HEIGHT="22" WC="0.92" CONTENT="förorda"/><SP WIDTH="15" VPOS="1315" HPOS="723"/>
							<String ID="string_361" HPOS="738" VPOS="1314" WIDTH="150" HEIGHT="23" WC="0.92" CONTENT="dödsstraffets"/>
						</TextLine>
						<TextLine ID="line_39" HPOS="64" VPOS="1343" WIDTH="826" HEIGHT="28">
							<String ID="string_362" HPOS="64" VPOS="1343" WIDTH="156" HEIGHT="22" WC="0.94" CONTENT="bibehållande."/><SP WIDTH="31" VPOS="1343" HPOS="220"/>
							<String ID="string_363" HPOS="251" VPOS="1343" WIDTH="39" HEIGHT="22" WC="0.96" CONTENT="Till"/><SP WIDTH="24" VPOS="1343" HPOS="290"/>
							<String ID="string_364" HPOS="314" VPOS="1344" WIDTH="69" HEIGHT="21" WC="0.93" CONTENT="denna"/><SP WIDTH="23" VPOS="1344" HPOS="383"/>
							<String ID="string_365" HPOS="406" VPOS="1343" WIDTH="143" HEIGHT="28" WC="0.96" CONTENT="förhoppning"/><SP WIDTH="22" VPOS="1343" HPOS="549"/>
							<String ID="string_366" HPOS="571" VPOS="1344" WIDTH="40" HEIGHT="21" WC="0.96" CONTENT="har"/><SP WIDTH="14" VPOS="1344" HPOS="611"/>
							<String ID="string_367" HPOS="625" VPOS="1350" WIDTH="49" HEIGHT="15" WC="0.96" CONTENT="man"/><SP WIDTH="16" VPOS="1350" HPOS="674"/>
							<String ID="string_368" HPOS="690" VPOS="1344" WIDTH="24" HEIGHT="21" WC="0.96" CONTENT="sä"/><SP WIDTH="16" VPOS="1344" HPOS="714"/>
							<String ID="string_369" HPOS="730" VPOS="1344" WIDTH="85" HEIGHT="27" WC="0.96" CONTENT="mycket"/><SP WIDTH="16" VPOS="1344" HPOS="815"/>
							<String ID="string_370" HPOS="831" VPOS="1349" WIDTH="59" HEIGHT="16" WC="0.96" CONTENT="mera"/>
						</TextLine>
						<TextLine ID="line_40" HPOS="66" VPOS="1372" WIDTH="820" HEIGHT="28">
							<String ID="string_371" HPOS="66" VPOS="1372" WIDTH="53" HEIGHT="25" WC="0.79" CONTENT="skäl,"/><SP WIDTH="18" VPOS="1372" HPOS="119"/>
							<String ID="string_372" HPOS="137" VPOS="1372" WIDTH="26" HEIGHT="21" WC="0.96" CONTENT="dä"/><SP WIDTH="16" VPOS="1372" HPOS="163"/>
							<String ID="string_373" HPOS="179" VPOS="1372" WIDTH="6" HEIGHT="21" WC="0.93" CONTENT="i"/><SP WIDTH="17" VPOS="1372" HPOS="185"/>
							<String ID="string_374" HPOS="202" VPOS="1372" WIDTH="108" HEIGHT="21" WC="0.96" CONTENT="utskottet"/><SP WIDTH="22" VPOS="1372" HPOS="310"/>
							<String ID="string_375" HPOS="332" VPOS="1372" WIDTH="66" HEIGHT="21" WC="0.96" CONTENT="redan"/><SP WIDTH="16" VPOS="1372" HPOS="398"/>
							<String ID="string_376" HPOS="414" VPOS="1373" WIDTH="165" HEIGHT="27" WC="0.96" CONTENT="ursprungligen"/><SP WIDTH="16" VPOS="1373" HPOS="579"/>
							<String ID="string_377" HPOS="595" VPOS="1373" WIDTH="63" HEIGHT="21" WC="0.95" CONTENT="sitter"/><SP WIDTH="14" VPOS="1373" HPOS="658"/>
							<String ID="string_378" HPOS="672" VPOS="1373" WIDTH="137" HEIGHT="21" WC="0.95" CONTENT="medlemmar"/><SP WIDTH="16" VPOS="1373" HPOS="809"/>
							<String ID="string_379" HPOS="825" VPOS="1372" WIDTH="22" HEIGHT="22" WC="0.96" CONTENT="af"/><SP WIDTH="14" VPOS="1372" HPOS="847"/>
							<String ID="string_380" HPOS="861" VPOS="1373" WIDTH="25" HEIGHT="20" WC="0.96" CONTENT="R."/>
						</TextLine>
						<TextLine ID="line_41" HPOS="65" VPOS="1400" WIDTH="823" HEIGHT="28">
							<String ID="string_381" HPOS="65" VPOS="1406" WIDTH="18" HEIGHT="15" WC="0.92" CONTENT="0."/><SP WIDTH="16" VPOS="1406" HPOS="83"/>
							<String ID="string_382" HPOS="99" VPOS="1401" WIDTH="25" HEIGHT="20" WC="0.94" CONTENT="A."/><SP WIDTH="17" VPOS="1401" HPOS="124"/>
							<String ID="string_383" HPOS="141" VPOS="1402" WIDTH="55" HEIGHT="20" WC="0.96" CONTENT="samt"/><SP WIDTH="16" VPOS="1402" HPOS="196"/>
							<String ID="string_384" HPOS="212" VPOS="1400" WIDTH="22" HEIGHT="22" WC="0.93" CONTENT="af"/><SP WIDTH="12" VPOS="1400" HPOS="234"/>
							<String ID="string_385" HPOS="246" VPOS="1401" WIDTH="190" HEIGHT="27" WC="0.92" CONTENT="Borgareständet,"/><SP WIDTH="16" VPOS="1401" HPOS="436"/>
							<String ID="string_386" HPOS="452" VPOS="1401" WIDTH="73" HEIGHT="22" WC="0.96" CONTENT="hvilka"/><SP WIDTH="15" VPOS="1401" HPOS="525"/>
							<String ID="string_387" HPOS="540" VPOS="1403" WIDTH="59" HEIGHT="20" WC="0.96" CONTENT="rösta"/><SP WIDTH="15" VPOS="1403" HPOS="599"/>
							<String ID="string_388" HPOS="614" VPOS="1401" WIDTH="32" HEIGHT="22" WC="0.93" CONTENT="för"/><SP WIDTH="17" VPOS="1401" HPOS="646"/>
							<String ID="string_389" HPOS="663" VPOS="1401" WIDTH="149" HEIGHT="22" WC="0.93" CONTENT="dödsstraffets"/><SP WIDTH="16" VPOS="1401" HPOS="812"/>
							<String ID="string_390" HPOS="828" VPOS="1401" WIDTH="60" HEIGHT="22" WC="0.93" CONTENT="bibe-"/>
						</TextLine>
						<TextLine ID="line_42" HPOS="64" VPOS="1429" WIDTH="825" HEIGHT="22">
							<String ID="string_391" HPOS="64" VPOS="1429" WIDTH="99" HEIGHT="21" WC="0.92" CONTENT="hällande"/><SP WIDTH="16" VPOS="1429" HPOS="163"/>
							<String ID="string_392" HPOS="179" VPOS="1429" WIDTH="40" HEIGHT="22" WC="0.96" CONTENT="och"/><SP WIDTH="20" VPOS="1429" HPOS="219"/>
							<String ID="string_393" HPOS="239" VPOS="1429" WIDTH="22" HEIGHT="21" WC="0.93" CONTENT="af"/><SP WIDTH="13" VPOS="1429" HPOS="261"/>
							<String ID="string_394" HPOS="274" VPOS="1429" WIDTH="167" HEIGHT="22" WC="0.91" CONTENT="Presteständet"/><SP WIDTH="20" VPOS="1429" HPOS="441"/>
							<String ID="string_395" HPOS="461" VPOS="1430" WIDTH="41" HEIGHT="21" WC="0.93" CONTENT="och"/><SP WIDTH="16" VPOS="1430" HPOS="502"/>
							<String ID="string_396" HPOS="518" VPOS="1430" WIDTH="163" HEIGHT="21" WC="0.91" CONTENT="Bondeständet"/><SP WIDTH="15" VPOS="1430" HPOS="681"/>
							<String ID="string_397" HPOS="696" VPOS="1431" WIDTH="78" HEIGHT="20" WC="0.96" CONTENT="endast"/><SP WIDTH="16" VPOS="1431" HPOS="774"/>
							<String ID="string_398" HPOS="790" VPOS="1437" WIDTH="24" HEIGHT="14" WC="0.93" CONTENT="en"/><SP WIDTH="17" VPOS="1437" HPOS="814"/>
							<String ID="string_399" HPOS="831" VPOS="1430" WIDTH="58" HEIGHT="21" WC="0.92" CONTENT="med-"/>
						</TextLine>
						<TextLine ID="line_43" HPOS="64" VPOS="1457" WIDTH="826" HEIGHT="26">
							<String ID="string_400" HPOS="64" VPOS="1457" WIDTH="41" HEIGHT="22" WC="0.93" CONTENT="lem"/><SP WIDTH="24" VPOS="1457" HPOS="105"/>
							<String ID="string_401" HPOS="129" VPOS="1457" WIDTH="22" HEIGHT="22" WC="0.93" CONTENT="af"/><SP WIDTH="14" VPOS="1457" HPOS="151"/>
							<String ID="string_402" HPOS="165" VPOS="1457" WIDTH="111" HEIGHT="26" WC="0.92" CONTENT="hvardera,"/><SP WIDTH="16" VPOS="1457" HPOS="276"/>
							<String ID="string_403" HPOS="292" VPOS="1464" WIDTH="46" HEIGHT="15" WC="0.93" CONTENT="som"/><SP WIDTH="16" VPOS="1464" HPOS="338"/>
							<String ID="string_404" HPOS="354" VPOS="1459" WIDTH="72" HEIGHT="20" WC="0.93" CONTENT="röstar"/><SP WIDTH="15" VPOS="1459" HPOS="426"/>
							<String ID="string_405" HPOS="441" VPOS="1458" WIDTH="33" HEIGHT="22" WC="0.95" CONTENT="för"/><SP WIDTH="16" VPOS="1458" HPOS="474"/>
							<String ID="string_406" HPOS="490" VPOS="1459" WIDTH="49" HEIGHT="21" WC="0.93" CONTENT="dess"/><SP WIDTH="17" VPOS="1459" HPOS="539"/>
							<String ID="string_407" HPOS="556" VPOS="1458" WIDTH="138" HEIGHT="22" WC="0.90" CONTENT="afskaffande."/><SP WIDTH="31" VPOS="1458" HPOS="694"/>
							<String ID="string_408" HPOS="725" VPOS="1459" WIDTH="61" HEIGHT="21" WC="0.90" CONTENT="Hvad"/><SP WIDTH="15" VPOS="1459" HPOS="786"/>
							<String ID="string_409" HPOS="801" VPOS="1459" WIDTH="38" HEIGHT="21" WC="0.93" CONTENT="det"/><SP WIDTH="14" VPOS="1459" HPOS="839"/>
							<String ID="string_410" HPOS="853" VPOS="1458" WIDTH="37" HEIGHT="21" WC="0.93" CONTENT="be-"/>
						</TextLine>
						<TextLine ID="line_44" HPOS="66" VPOS="1485" WIDTH="824" HEIGHT="29">
							<String ID="string_411" HPOS="66" VPOS="1485" WIDTH="74" HEIGHT="22" WC="0.92" CONTENT="träffar"/><SP WIDTH="22" VPOS="1485" HPOS="140"/>
							<String ID="string_412" HPOS="162" VPOS="1489" WIDTH="34" HEIGHT="18" WC="0.93" CONTENT="att"/><SP WIDTH="21" VPOS="1489" HPOS="196"/>
							<String ID="string_413" HPOS="217" VPOS="1487" WIDTH="165" HEIGHT="21" WC="0.92" CONTENT="Bondeständet"/><SP WIDTH="15" VPOS="1487" HPOS="382"/>
							<String ID="string_414" HPOS="397" VPOS="1487" WIDTH="68" HEIGHT="21" WC="0.93" CONTENT="borde"/><SP WIDTH="24" VPOS="1487" HPOS="465"/>
							<String ID="string_415" HPOS="489" VPOS="1487" WIDTH="88" HEIGHT="27" WC="0.92" CONTENT="inbjuda"/><SP WIDTH="20" VPOS="1487" HPOS="577"/>
							<String ID="string_416" HPOS="597" VPOS="1487" WIDTH="25" HEIGHT="21" WC="0.96" CONTENT="R."/><SP WIDTH="17" VPOS="1487" HPOS="622"/>
							<String ID="string_417" HPOS="639" VPOS="1493" WIDTH="19" HEIGHT="15" WC="0.92" CONTENT="o."/><SP WIDTH="16" VPOS="1493" HPOS="658"/>
							<String ID="string_418" HPOS="674" VPOS="1490" WIDTH="24" HEIGHT="19" WC="0.96" CONTENT="A."/><SP WIDTH="16" VPOS="1490" HPOS="698"/>
							<String ID="string_419" HPOS="714" VPOS="1490" WIDTH="56" HEIGHT="19" WC="0.93" CONTENT="samt"/><SP WIDTH="14" VPOS="1490" HPOS="770"/>
							<String ID="string_420" HPOS="784" VPOS="1487" WIDTH="106" HEIGHT="26" WC="0.92" CONTENT="Borgare-"/>
						</TextLine>
						<TextLine ID="line_45" HPOS="65" VPOS="1515" WIDTH="825" HEIGHT="26">
							<String ID="string_421" HPOS="65" VPOS="1515" WIDTH="88" HEIGHT="21" WC="0.92" CONTENT="ständet"/><SP WIDTH="15" VPOS="1515" HPOS="153"/>
							<String ID="string_422" HPOS="168" VPOS="1518" WIDTH="32" HEIGHT="18" WC="0.93" CONTENT="att"/><SP WIDTH="15" VPOS="1518" HPOS="200"/>
							<String ID="string_423" HPOS="215" VPOS="1515" WIDTH="74" HEIGHT="21" WC="0.91" CONTENT="förena"/><SP WIDTH="15" VPOS="1515" HPOS="289"/>
							<String ID="string_424" HPOS="304" VPOS="1515" WIDTH="34" HEIGHT="26" WC="0.96" CONTENT="sig"/><SP WIDTH="15" VPOS="1515" HPOS="338"/>
							<String ID="string_425" HPOS="353" VPOS="1521" WIDTH="34" HEIGHT="15" WC="0.93" CONTENT="om"/><SP WIDTH="17" VPOS="1521" HPOS="387"/>
							<String ID="string_426" HPOS="404" VPOS="1515" WIDTH="100" HEIGHT="22" WC="0.91" CONTENT="ständets"/><SP WIDTH="16" VPOS="1515" HPOS="504"/>
							<String ID="string_427" HPOS="520" VPOS="1516" WIDTH="71" HEIGHT="21" WC="0.96" CONTENT="beslut"/><SP WIDTH="11" VPOS="1516" HPOS="591"/>
							<String ID="string_428" HPOS="602" VPOS="1515" WIDTH="132" HEIGHT="22" WC="0.93" CONTENT="beträffande"/><SP WIDTH="12" VPOS="1515" HPOS="734"/>
							<String ID="string_429" HPOS="746" VPOS="1515" WIDTH="144" HEIGHT="26" WC="0.91" CONTENT="dödsstraffet,"/>
						</TextLine>
						<TextLine ID="line_46" HPOS="65" VPOS="1543" WIDTH="827" HEIGHT="29">
							<String ID="string_430" HPOS="65" VPOS="1543" WIDTH="25" HEIGHT="20" WC="0.96" CONTENT="sä"/><SP WIDTH="23" VPOS="1543" HPOS="90"/>
							<String ID="string_431" HPOS="113" VPOS="1549" WIDTH="62" HEIGHT="16" WC="0.96" CONTENT="anser"/><SP WIDTH="20" VPOS="1549" HPOS="175"/>
							<String ID="string_432" HPOS="195" VPOS="1543" WIDTH="37" HEIGHT="27" WC="0.96" CONTENT="jag"/><SP WIDTH="21" VPOS="1543" HPOS="232"/>
							<String ID="string_433" HPOS="253" VPOS="1546" WIDTH="33" HEIGHT="19" WC="0.96" CONTENT="att"/><SP WIDTH="15" VPOS="1546" HPOS="286"/>
							<String ID="string_434" HPOS="301" VPOS="1544" WIDTH="18" HEIGHT="20" WC="0.96" CONTENT="vi"/><SP WIDTH="17" VPOS="1544" HPOS="319"/>
							<String ID="string_435" HPOS="336" VPOS="1549" WIDTH="77" HEIGHT="20" WC="0.96" CONTENT="genom"/><SP WIDTH="17" VPOS="1549" HPOS="413"/>
							<String ID="string_436" HPOS="430" VPOS="1546" WIDTH="32" HEIGHT="19" WC="0.93" CONTENT="ett"/><SP WIDTH="16" VPOS="1546" HPOS="462"/>
							<String ID="string_437" HPOS="478" VPOS="1545" WIDTH="78" HEIGHT="20" WC="0.92" CONTENT="sädant"/><SP WIDTH="15" VPOS="1545" HPOS="556"/>
							<String ID="string_438" HPOS="571" VPOS="1544" WIDTH="81" HEIGHT="27" WC="0.96" CONTENT="förslag"/><SP WIDTH="15" VPOS="1544" HPOS="652"/>
							<String ID="string_439" HPOS="667" VPOS="1544" WIDTH="68" HEIGHT="22" WC="0.92" CONTENT="skulle"/><SP WIDTH="16" VPOS="1544" HPOS="735"/>
							<String ID="string_440" HPOS="751" VPOS="1545" WIDTH="54" HEIGHT="27" WC="0.92" CONTENT="väga"/><SP WIDTH="15" VPOS="1545" HPOS="805"/>
							<String ID="string_441" HPOS="820" VPOS="1544" WIDTH="72" HEIGHT="21" WC="0.93" CONTENT="alltför"/>
						</TextLine>
						<TextLine ID="line_47" HPOS="66" VPOS="1571" WIDTH="826" HEIGHT="29">
							<String ID="string_442" HPOS="66" VPOS="1571" WIDTH="91" HEIGHT="27" WC="0.92" CONTENT="mycket."/><SP WIDTH="31" VPOS="1571" HPOS="157"/>
							<String ID="string_443" HPOS="188" VPOS="1572" WIDTH="82" HEIGHT="21" WC="0.92" CONTENT="Genom"/><SP WIDTH="24" VPOS="1572" HPOS="270"/>
							<String ID="string_444" HPOS="294" VPOS="1572" WIDTH="71" HEIGHT="27" WC="0.91" CONTENT="dylika"/><SP WIDTH="16" VPOS="1572" HPOS="365"/>
							<String ID="string_445" HPOS="381" VPOS="1572" WIDTH="153" HEIGHT="28" WC="0.92" CONTENT="inbjudningar"/><SP WIDTH="15" VPOS="1572" HPOS="534"/>
							<String ID="string_446" HPOS="549" VPOS="1573" WIDTH="58" HEIGHT="21" WC="0.93" CONTENT="slösa"/><SP WIDTH="16" VPOS="1573" HPOS="607"/>
							<String ID="string_447" HPOS="623" VPOS="1573" WIDTH="19" HEIGHT="21" WC="0.93" CONTENT="vi"/><SP WIDTH="15" VPOS="1573" HPOS="642"/>
							<String ID="string_448" HPOS="657" VPOS="1573" WIDTH="56" HEIGHT="22" WC="0.93" CONTENT="blott"/><SP WIDTH="15" VPOS="1573" HPOS="713"/>
							<String ID="string_449" HPOS="728" VPOS="1573" WIDTH="49" HEIGHT="21" WC="0.96" CONTENT="bort"/><SP WIDTH="15" VPOS="1573" HPOS="777"/>
							<String ID="string_450" HPOS="792" VPOS="1573" WIDTH="58" HEIGHT="21" WC="0.96" CONTENT="tiden"/><SP WIDTH="16" VPOS="1573" HPOS="850"/>
							<String ID="string_451" HPOS="866" VPOS="1572" WIDTH="26" HEIGHT="21" WC="0.96" CONTENT="sä"/>
						</TextLine>
					</TextBlock>
				</ComposedBlock>
				<Illustration ID="cblock_3" HPOS="574" VPOS="730" WIDTH="25" HEIGHT="15"></Illustration>
			</PrintSpace>
		</Page>
	</Layout>
</alto>
