1078 1745
216 124 54 21 1586
519 125 26 18 22
562 133 18 16 p.
597 127 79 18 Toukok,

184 187 31 22 tid
232 188 102 21 existerat
348 190 76 20 tvenne
439 189 120 21 samskolor
574 189 49 21 med
639 189 65 26 högre
720 189 164 26 folkskolekurs,
897 190 39 21 och
948 189 57 22 ända

184 216 105 22 härintills
305 217 39 21 har
358 217 47 21 icke
419 218 66 26 något
500 224 47 15 men
563 217 105 27 försports
685 217 65 26 deraf,
766 220 51 19 utan
833 219 93 20 tvärtom
942 217 63 22 hafva

185 245 63 21 seder
263 245 40 22 och
319 246 59 21 skick
394 246 6 21 i
416 247 73 20 skolan
506 247 54 20 varit
576 247 61 26 goda.
661 247 76 20 Såsom
754 246 66 21 redan
837 247 115 25 anmärkts,
962 247 43 20 hål-

183 274 39 25 les,
238 276 58 19 tvärt
312 277 56 18 emot
383 275 54 21 hvad
461 281 49 15 man
526 275 38 21 här
580 275 56 21 velat
658 275 69 26 påstå,
745 275 127 21 åtminstone
889 276 28 26 på
933 275 71 21 lands-

183 303 91 26 bygden,
290 309 121 20 gemensam
434 303 123 22 skriftskola
580 303 32 22 för
634 304 55 21 både
712 309 77 21 gossar
811 304 40 21 och
866 304 80 27 flickor,
964 304 41 21 och

184 331 64 21 dessa
263 333 37 20 äro
316 331 54 22 dock
383 332 46 27 just
444 333 31 20 uti
491 333 42 20 den
549 332 64 23 ålder,
628 334 24 19 14
668 332 13 21 a
699 333 23 20 17
740 332 30 25 är,
782 333 68 20 under
864 333 86 21 hvilken
967 332 37 21 det

183 359 95 26 påståtts
302 360 36 22 det
353 367 51 14 vara
425 361 97 26 farligast
545 363 32 19 att
601 361 142 21 sammanföra
766 367 76 20 gossar
865 361 39 21 och
921 361 83 21 flickor.

183 388 33 21 Då
232 395 48 14 man
296 395 28 15 nu
339 389 39 21 här
394 391 23 20 är
433 390 24 21 så
472 389 53 22 rädd
541 389 32 22 för
589 392 32 18 att
637 389 69 22 tillåta
728 395 76 20 gossar
819 390 40 21 och
882 389 75 22 flickor
973 390 32 21 uti

184 423 24 14 en
226 417 66 26 ålder,
309 418 27 20 då
352 418 25 20 de
400 420 56 19 ännu
479 418 77 21 räknas
574 418 30 21 till
621 418 57 25 barn,
695 418 81 21 besöka
798 425 122 19 gemensam
936 418 68 27 skola,

183 445 41 22 kan
238 446 38 27 jag
290 446 47 21 icke
352 446 54 21 fatta
421 447 54 21 huru
491 447 86 21 ståndet
593 447 54 20 varit
662 447 24 20 så
701 446 142 22 fördomsfritt
859 449 31 19 att
904 446 32 22 för
948 447 56 21 blott

183 475 67 26 några
265 475 78 21 veckor
357 475 89 22 tillbaka
461 476 85 21 besluta
561 477 32 20 att
609 475 91 27 qvinnan
714 475 56 26 finge
786 477 43 19 rätt
845 477 32 19 att
892 476 50 21 idka
958 477 45 19 stu-

183 503 45 21 dier
244 503 34 21 vid
295 504 153 21 universitetet.
479 504 42 21 För
536 505 41 20 min
595 504 33 21 del
651 504 96 21 ansluter
760 504 38 26 jag
813 504 43 26 mig
871 504 32 21 till
919 504 85 21 utskot-

183 533 43 20 tets
243 531 68 22 första
326 532 56 21 kläm
399 533 38 21 och
454 539 63 15 anser
532 535 32 19 att
580 539 33 14 om
636 532 129 27 fyrklassiga
788 533 72 20 skolor
883 532 68 22 blefve
967 539 36 20 ge-

183 567 131 14 mensamma
328 560 32 22 för
376 567 74 20 gossar
473 561 38 22 och
535 561 81 26 flickor,
633 561 23 21 så
672 561 70 21 skulle
765 561 36 21 det
817 561 93 22 medföra
926 561 78 21 ekono-

182 589 55 21 misk
252 589 62 21 vinst.
345 590 41 21 För
405 590 63 27 öfrigt
483 590 34 21 vill
538 591 38 26 jag
599 590 101 21 anmärka
722 592 33 19 att
778 590 178 26 undervisningen
972 590 31 21 uti

182 624 26 15 en
223 617 114 28 fyrklassig
352 619 107 21 samskola
472 619 46 26 just
533 619 69 21 skulle
618 618 72 21 infalla
706 618 68 21 under
791 619 40 20 den
847 619 70 21 ålders
934 619 30 20 tid
976 619 27 20 då

182 645 61 22 äfven
260 647 66 26 enligt
342 647 26 21 de
388 647 79 21 talares
491 648 61 25 åsigt,
569 653 46 15 som
638 649 90 19 motsatt
744 647 33 26 sig
793 647 118 22 utskottets
927 647 75 21 betän-

181 675 76 25 kande,
274 675 36 21 det
326 681 50 16 vore
398 676 80 21 mindre
500 675 72 27 farligt
595 677 32 20 att
648 676 46 21 låta
716 675 75 22 flickor
809 676 40 21 och
866 682 75 20 gossar
955 675 48 22 läsa

181 703 147 22 tillsammans.
348 704 120 21 Intressant
478 711 50 15 vore
540 705 36 20 det
591 705 33 20 för
639 704 63 27 öfrigt
713 706 33 19 att
756 706 49 19 veta
815 704 107 21 hvarifrån
933 704 68 21 landt-

182 731 143 28 dagsmannen
342 733 104 21 Teittinen
469 733 82 21 hemtat
574 733 33 21 sin
631 733 121 21 erfarenhet
768 733 31 21 vis
815 733 13 20 &
845 733 30 21 vis
892 733 109 21 undervis-

181 761 77 26 ningen
275 761 30 20 uti
321 761 172 26 lärdomsskolor,
511 762 27 21 dä
553 762 41 21 han
610 762 79 26 pästär,
706 763 33 20 att
760 761 67 22 ehuru
844 761 156 22 samundervis-

181 789 49 26 ning
246 789 81 27 lämpar
348 790 32 26 sig
400 790 31 21 för
453 790 126 26 folkskolan,
597 791 122 20 densamma
742 790 47 21 icke
805 790 69 21 skulle
890 796 64 20 passa
968 789 33 22 för

180 817 176 22 lärdomsskolan.
374 830 24 3 —
416 819 8 21 I
440 819 37 21 allt
494 819 129 26 väsendtligt
645 819 95 21 ansluter
760 819 36 26 jag
819 819 42 26 mig
884 819 31 20 till
932 819 69 20 landt-

181 846 144 27 dagsmannen
342 847 131 22 Päivärintas
496 847 61 27 äsigt,
573 849 32 19 att
618 848 46 26 just
686 848 37 21 det
746 847 74 25 samlif,
836 853 45 15 som
898 847 103 21 existerar

181 874 90 22 emellan
286 881 74 20 gossar
376 876 39 20 och
431 876 74 21 flickor
520 876 72 20 ibland
607 875 67 21 folket
688 876 28 26 pä
731 876 80 25 landet,
823 878 23 18 är
862 876 89 20 orsaken
968 876 32 20 till

181 904 32 20 att
228 903 36 21 det
286 903 69 21 finska
377 902 67 23 folket
467 904 40 22 den
531 904 42 26 dag
595 910 45 15 som
656 906 24 19 är
694 904 43 21 kan
752 904 79 21 räknas
848 904 32 20 till
896 910 25 15 en
937 904 22 20 af
974 904 26 21 de

180 933 56 19 mest
251 931 82 27 sedliga
355 932 104 22 nationer.
489 933 49 21 Med
553 932 114 26 anledning
682 932 23 21 af
718 932 57 22 hvad
794 932 205 26 landtdagsmannen

179 960 110 21 Meurman
312 961 84 26 yttrade
419 967 33 16 om
475 963 32 20 att
530 961 41 22 den
587 961 35 22 del
637 961 21 21 af
672 961 109 22 utskottet
796 967 45 15 som
857 961 47 22 icke
920 961 80 21 brukar

180 989 37 26 bry
234 989 33 26 sig
282 995 34 15 om
330 989 49 27 laga
394 992 87 23 gränser
498 990 27 21 dä
541 990 36 21 det
593 990 67 26 gäller
682 991 33 20 att
738 989 68 22 drifva
829 990 32 21 sin
885 989 56 27 äsigt
956 990 44 26 ige-

179 1023 55 20 nom,
251 1017 81 22 biträdt
347 1018 118 22 utskottets
481 1019 63 26 kläm,
553 1019 101 26 beklagar
667 1018 37 27 jag
720 1019 56 20 blott
790 1020 32 19 att
833 1019 91 20 nämnda
936 1019 64 20 ärade

179 1046 67 21 talare
262 1046 46 21 icke
324 1047 83 25 nämde,
423 1047 70 21 hvilka
509 1048 36 21 det
561 1049 23 19 är
600 1047 40 21 han
657 1047 87 21 dermed
761 1047 101 26 äsyftade.

247 1074 113 22 Edusmies
378 1075 82 22 Hoikka
482 1076 94 26 puolusti
599 1075 95 27 myöskin
718 1075 143 21 valiokunnan
884 1075 117 21 mietinnön

179 1102 126 22 ensimäisen
321 1109 83 21 ponnen
421 1104 123 21 ensimäistä
566 1104 86 23 kohtaa,
669 1104 155 21 huomauttaen
847 1103 55 22 vielä
922 1109 38 16 sen
975 1103 25 21 li-

179 1131 66 26 säksi,
263 1131 51 21 mitä
327 1132 23 26 jo
366 1132 99 22 edelliset
486 1133 90 26 puhujat
591 1133 65 20 olivat
675 1133 85 20 asiassa
775 1132 52 21 esiin
843 1134 95 24 tuoneet,
955 1133 45 20 että

178 1159 44 21 kun
237 1160 83 21 naisille
336 1161 77 21 kerran
428 1167 27 15 on
471 1163 122 24 myönnetty
609 1161 73 21 oikeus
705 1162 78 25 päästä
803 1161 134 26 yliopistoon,
951 1160 49 27 joh-

179 1187 167 22 donmukaisuus
362 1191 59 24 myös
436 1190 70 26 vaatii,
519 1192 44 18 että
579 1190 62 21 heille
657 1192 107 19 annetaan
780 1189 120 21 tilaisuutta
912 1191 86 19 saavut-

177 1218 36 19 taa
228 1217 53 20 niitä
297 1217 82 27 tietoja,
392 1218 55 26 joita
461 1218 127 27 yliopistoon
605 1218 149 27 pääsemiseen
769 1217 120 22 vaaditaan.

246 1245 217 27 Landtdagsmannen
480 1246 115 27 Svedberg:
624 1247 41 20 För
680 1247 42 20 min
748 1246 34 21 del
803 1245 68 22 finner
892 1246 37 27 jag
952 1245 48 21 icke

179 1273 75 26 nödigt
270 1276 32 19 att
324 1274 66 21 inlåta
406 1275 42 26 mig
463 1275 28 27 pä
513 1275 155 21 samskoleiden
684 1275 6 20 i
706 1275 124 25 allmänhet,
848 1276 51 19 utan
916 1274 34 20 vill
967 1275 33 19 ut-

177 1302 44 20 tala
236 1303 43 25 mig
296 1303 76 20 endast
387 1303 73 21 sävida
475 1303 72 27 frägan
564 1304 67 25 gäller
645 1303 45 21 tvä-
708 1303 40 21 och
764 1303 128 26 fyrklassiga
908 1303 92 20 elemen-

178 1330 113 21 tarskolor.
322 1331 42 21 För
379 1331 42 21 min
437 1331 34 21 del
494 1332 111 20 betraktar
624 1332 37 26 jag
684 1332 67 20 saken
770 1331 46 21 från
833 1331 40 21 den
889 1330 111 28 praktiska

177 1358 61 21 sidan
255 1359 39 21 och
310 1360 42 20 kan
368 1360 46 21 icke
430 1362 64 19 annat
510 1362 25 19 än
551 1360 57 21 finna
624 1360 36 21 det
676 1360 84 26 obilligt
775 1360 39 21 och
831 1360 100 20 orättvist
946 1361 33 19 att
994 1359 6 20 i

177 1387 80 21 sädana
273 1388 79 25 städer,
365 1388 6 20 i
383 1388 70 22 hvilka
467 1389 47 21 icke
529 1388 122 22 flickskolor
666 1388 75 25 finnas,
754 1388 110 25 föräldrar,
876 1394 45 15 som
937 1387 63 21 hafva

176 1410 123 38 flickebarn,
311 1416 93 21 beröfvas
424 1417 81 21 tillfälle
521 1419 32 19 att
569 1417 95 26 bibringa
680 1417 47 21 sina
744 1418 82 20 döttrar
841 1417 69 26 nägon
922 1416 77 21 under-

177 1444 89 26 visning,
278 1444 27 21 dä
316 1445 96 21 deremot
426 1445 109 25 föräldrar,
545 1452 46 14 som
606 1445 62 21 hafva
683 1446 125 25 gossebarn,
821 1445 22 21 ät
854 1445 63 21 desse
927 1445 73 21 kunna

177 1472 79 21 bereda
280 1472 81 22 tillfälle
385 1474 32 20 till
439 1474 122 21 erhällande
581 1474 22 21 af
623 1474 152 25 undervisning
791 1474 5 21 i
813 1475 81 20 statens
919 1473 79 21 skolor.

176 1501 66 20 Detta
258 1501 109 22 förefaller
388 1502 42 27 mig
445 1503 24 20 sä
491 1503 85 26 mycket
599 1509 57 14 mera
678 1503 153 25 oberättigadt,
848 1502 28 20 dä
891 1502 37 21 det
943 1501 57 21 ändå

177 1529 119 26 medgifves
313 1531 33 20 att
361 1530 93 22 hvarken
471 1531 6 20 i
493 1531 36 21 det
545 1537 40 15 ena
601 1531 51 21 eller
667 1531 67 21 andra
750 1531 112 21 afseendet
873 1530 69 27 nägon
954 1529 45 22 fara
