1078 1700
199 79 42 21 338

171 135 134 21 storskiftets
321 135 42 21 slut
378 135 28 28 på
420 136 129 27 jordegarne
564 136 49 20 med
629 137 32 19 ett
676 136 24 20 så
715 135 61 28 ringa
791 135 63 28 årligt
870 135 83 28 belopp,
964 137 32 19 att

171 164 37 21 det
223 164 49 21 icke
288 164 67 27 stiger
370 164 31 20 till
418 170 45 14 mer
478 166 25 19 än
519 165 28 20 40
563 164 70 27 mark,
650 165 26 20 10
691 164 60 21 rubel
766 164 73 20 silfver
853 170 39 21 per
906 164 90 26 mantal,

172 192 140 28 hvarigenom
336 192 145 28 ersättningen
497 193 6 19 i
520 192 75 28 sjelfva
619 193 75 21 verket
713 192 47 21 icke
780 192 75 28 tyckes
871 192 65 20 blifva
953 194 43 19 sär-

172 221 58 21 deles
245 220 145 28 betungande.
421 220 10 21 I
448 221 68 27 öfriga
532 221 58 21 delar
606 221 23 21 af
641 221 73 21 landet
730 222 23 19 är
767 220 60 21 fallet
843 221 45 26 det,
905 222 31 20 att
948 221 48 20 kro-

171 256 42 15 nan
235 248 120 28 förskjuter
378 249 71 21 halfva
468 250 129 26 kostnaden,
617 256 45 14 som
676 249 128 28 jordegaren
821 249 55 21 efter
892 248 55 22 hand
964 256 32 14 er-

172 279 74 19 sätter.
270 276 63 22 Hvad
348 277 39 21 här
403 278 81 20 anförts
501 285 33 13 om
547 278 160 20 förhållandena
722 278 6 20 i
744 277 119 27 Uleåborgs
874 277 44 27 län,
930 277 66 27 gäller

173 306 77 21 endast
266 304 86 29 Kajana
366 306 65 20 härad
447 306 40 21 och
502 306 129 28 Pudasjärvi
646 306 88 25 socken,
754 306 38 20 der
807 306 105 27 allmogen
928 306 68 20 betin-

172 336 37 26 gat
229 334 43 28 sig,
288 336 32 18 att
336 334 78 27 jorden
433 334 69 28 aldrig
520 335 68 21 skulle
607 334 110 21 storskifte
736 334 150 26 underkastas,
903 334 38 21 och
958 334 38 20 der

173 363 36 20 det
231 362 71 21 blifvit
325 363 75 27 nödigt
418 365 31 19 att
467 365 52 26 göra
537 364 68 20 större
621 363 158 27 koncessioner,
795 363 32 20 för
843 364 31 19 att
889 362 106 28 allmogen

173 391 68 21 skulle
257 390 57 22 afstå
328 390 46 22 från
391 391 70 21 denna
477 391 112 27 rättighet,
605 391 99 21 hvarföre
718 391 37 21 der
766 390 65 22 också
840 390 94 22 förskott
944 390 50 21 lem-

172 422 48 18 nats
244 421 51 19 utan
316 419 297 28 äterbetalningsskyldighet.
644 420 34 20 Då
696 420 36 20 det
751 420 80 20 härtills
854 419 48 21 icke
920 419 74 20 inträf-

172 448 31 20 fat
218 448 41 20 och
275 449 23 19 är
314 450 32 18 att
360 448 91 27 förutse,
467 450 32 19 att
515 448 36 20 det
566 448 47 21 icke
629 448 66 21 heller
710 448 113 20 framdeles
837 448 53 20 skall
901 447 94 27 inträffa,

172 478 32 18 att
227 476 200 21 donationsbonden
450 477 97 20 kommer
565 479 31 18 att
615 477 87 27 erlägga
720 477 69 27 någon
808 476 105 28 betydligt
928 476 67 27 högre

173 504 53 28 årlig
241 504 140 27 lösesumma,
398 506 26 20 än
439 505 141 21 frälseräntan
596 505 74 21 hittills
687 505 91 27 utgjort,
793 505 23 20 så
831 504 68 20 skulle
912 504 38 27 jag
962 504 33 20 för

173 533 41 20 min
237 533 34 21 del
290 534 41 26 tro,
351 535 32 19 att
402 534 36 20 det
457 534 46 20 icke
519 534 40 20 blir
575 534 32 20 för
622 533 77 21 honom
720 533 70 21 alltför
808 532 136 28 betungande
963 534 31 18 att

173 562 74 27 längre
263 561 55 21 fram
335 562 87 27 erlägga
437 562 278 26 storskifteskostnaderna,
734 561 75 21 endast
822 561 78 20 honom
916 561 78 20 tillätes

173 592 32 18 att
220 590 6 20 i
243 590 82 20 mindre
341 593 73 24 poster
430 591 117 20 återbetala
562 590 119 27 desamma;
697 590 54 21 dock
767 591 23 19 är
805 590 36 20 det
852 590 69 20 såsom
933 589 62 28 sagdt

173 625 27 14 en
222 618 71 27 fräga,
316 619 28 26 pä
363 619 64 20 hvars
445 619 116 27 afgörande
581 619 125 20 ständernas
727 618 95 21 uttalade
837 618 81 20 önskan
934 618 60 20 torde

174 647 74 21 utöfva
265 649 55 18 stort
335 647 124 28 inflytande.

243 675 58 20 Herr
317 675 166 21 Oker-Blom:
499 675 64 21 Hvad
578 675 68 28 fjerde
662 677 117 19 momentet
795 674 107 27 beträffar,
919 675 23 20 sä
958 675 38 20 har

171 704 39 27 jag
229 704 20 27 ej
270 704 65 27 nägot
353 706 31 18 att
403 704 96 27 tillägga,
519 711 48 13 men
584 705 85 20 förenar
685 704 42 27 mig
742 703 128 27 fullkomligt
886 703 47 20 med
948 703 47 20 her-

174 739 62 13 rarne
253 732 65 27 Rein,
338 739 40 13 von
400 732 114 27 Knorring,
530 733 90 20 friherre
635 739 40 14 von
692 732 57 20 Born
768 739 27 12 m.
811 732 20 19 fi.
849 731 73 20 talare.
952 731 44 20 Det

175 760 53 21 enda
243 761 38 26 jag
297 760 35 21 vill
348 760 87 28 tillägga
451 763 29 24 är,
496 763 32 18 att
546 761 54 20 efter
619 763 84 18 senaste
722 760 111 27 landtdags
843 759 71 21 beslut
928 759 68 21 skulle

174 789 27 20 de
223 789 78 20 inlösta
320 789 195 27 donationsgodsen
535 791 79 26 antaga
633 790 141 23 skattenatur,
793 788 39 21 och
847 788 6 20 i
870 787 51 28 följd
937 787 61 21 deraf

174 817 64 21 hafva
254 817 26 20 de
296 817 62 27 gods,
375 824 45 13 som
436 818 75 20 hittills
526 817 69 21 blifvit
611 818 87 25 inlösta,
714 817 109 27 verkligen
839 816 65 21 också
914 816 82 27 antagit

175 846 137 20 skattenatur
326 845 7 20 i
349 845 120 22 böndernas
485 846 87 21 händer.
595 846 35 21 Nu
646 846 67 20 skulle
725 853 25 12 en
767 847 44 18 stor
823 845 109 27 svårighet
943 852 53 20 upp-

175 875 33 20 stå
231 874 54 20 huru
308 881 48 13 man
380 874 53 21 skall
457 876 61 26 göra,
537 881 32 14 om
591 882 25 13 en
633 874 124 27 förändring
772 881 26 13 nu
816 873 52 21 skall
885 880 39 20 ega
940 880 56 19 rum,

175 902 84 21 oafsedt
274 904 32 19 att
322 909 25 14 en
364 903 66 20 sådan
446 903 220 27 principomkastning
683 909 49 14 vore
748 902 106 27 olämplig.
880 902 115 20 Dessutom

175 931 68 20 skulle
264 931 36 20 det
319 931 79 27 uppstå
414 932 118 27 synnerligt
547 932 86 26 trassel,
650 939 32 13 om
699 931 62 20 dessa
777 937 80 14 samma
873 930 81 21 bönder
970 932 26 18 än

175 966 26 14 en
224 959 56 28 gång
303 959 69 21 skulle
394 959 21 21 få
437 960 68 21 inlösa
529 960 44 20 sina
596 960 124 27 lägenheter
740 959 47 21 med
805 959 190 20 frälsemannarätt.

175 987 71 21 Blifva
262 987 152 28 lägenheterna
430 988 72 27 frälse,
519 989 68 20 skulle
603 988 110 21 storskifte
725 988 38 20 och
775 987 159 28 skattläggning
944 987 53 20 böra

175 1017 38 20 ske
230 1016 39 20 och
286 1016 127 21 verkställas
430 1017 26 26 på
472 1017 61 20 deras
548 1017 129 26 bekostnad,
689 1017 39 20 och
740 1015 186 22 sammanträffade
938 1016 59 20 detta

175 1045 49 20 med
239 1045 161 27 inbetalningen
416 1045 23 20 af
452 1045 168 28 löseskillingen,
639 1046 22 20 så
680 1047 45 18 tror
740 1045 37 27 jag
792 1045 90 20 förvisso
898 1046 32 19 att
946 1045 50 20 bön-

175 1073 66 20 derna
260 1073 68 20 skulle
347 1074 27 26 gå
393 1073 73 27 under,
486 1074 37 20 och
541 1076 30 18 att
587 1081 48 13 man
651 1074 6 20 i
673 1073 77 21 sådant
765 1073 35 21 fall
817 1073 22 20 af
853 1073 143 20 donationslä-

174 1101 133 28 genheterna
330 1101 68 21 skulle
421 1101 57 21 bilda
501 1109 24 14 en
549 1102 108 21 ödemark.
688 1102 42 27 Jag
752 1102 38 21 har
808 1101 47 21 icke
874 1101 72 21 vidare
966 1103 31 19 att

175 1131 52 27 säga
243 1137 33 13 om
294 1129 70 21 denna
379 1130 78 28 punkt,
473 1133 49 18 utan
540 1131 99 27 öfvergår
654 1130 30 21 till
701 1131 40 20 den
757 1130 72 21 femte.

244 1158 10 20 I
270 1158 59 21 detta
345 1161 95 18 moment
455 1159 24 21 af
493 1159 76 27 nådiga
585 1159 159 28 propositionen
757 1159 60 21 heter
827 1158 45 26 det,
884 1160 31 19 att
928 1160 67 24 ,,stor-

175 1186 64 21 skifte
255 1187 39 20 och
311 1186 162 29 skattläggning
489 1188 52 20 skall
553 1188 28 27 på
591 1188 275 20 hemmansinnehafvarens
878 1187 119 21 bekostnad

175 1215 147 21 verkställas".
353 1215 65 21 Detta
434 1216 71 27 påbud
521 1223 62 13 anser
596 1216 45 27 jag,
652 1216 5 20 i
670 1216 66 20 likhet
747 1216 47 20 med
805 1215 115 27 utskottet,
933 1216 64 20 blifva

174 1244 34 20 för
227 1243 88 27 mycket
334 1243 137 28 betungande
490 1244 33 20 för
539 1245 115 27 allmogen,
670 1244 126 28 isynnerhet
811 1250 45 14 som
872 1244 124 21 amorterin-

174 1278 40 22 gen
231 1272 23 20 af
262 1272 160 27 löseskillingen
434 1272 109 28 samtidigt
554 1280 51 20 eger
615 1280 56 20 rum,
683 1273 38 21 och
733 1273 104 27 allmogen
849 1272 57 28 förty
917 1272 79 21 åhvälf-

175 1307 36 14 ves
228 1300 68 27 dryga
311 1300 159 27 omkostnader,
487 1301 70 21 hvilka
573 1302 124 20 densamma
712 1301 46 21 icke
775 1301 60 21 torde
851 1300 69 22 förmå
934 1302 62 25 bära,

174 1331 51 18 utan
247 1330 31 19 att
298 1329 52 20 råka
365 1329 6 20 i
388 1329 111 21 obestånd.
530 1330 67 20 Detta
620 1330 46 20 åter
688 1330 68 20 skulle
774 1336 76 21 genom
869 1329 127 21 utestående

174 1359 69 18 rester
262 1357 39 20 och
321 1357 88 27 möjliga
429 1358 93 21 ödesmål
539 1358 88 21 åsamka
642 1358 81 21 kronan
740 1358 133 28 betydligare
889 1358 107 26 förluster,

174 1392 45 14 som
242 1385 53 21 böra
318 1386 115 25 undvikas,
455 1386 57 21 såväl
531 1387 5 19 i
556 1387 121 21 hänseende
700 1386 30 21 till
754 1389 81 19 statens
854 1393 44 14 som
920 1386 76 27 sjelfva

174 1413 119 28 allmogens
309 1414 67 20 bästa.

243 1442 112 20 Utskottet
378 1443 47 20 åter
446 1443 95 27 föreslår,
567 1446 32 18 att
625 1443 124 25 ,storskifte
773 1443 38 21 och
835 1443 161 28 skattläggning

174 1470 53 21 skall
251 1470 127 22 verkställas
393 1472 28 27 på
439 1471 94 22 kronans
553 1472 140 20 bekostnad."
725 1471 80 28 Nödigt
823 1473 24 19 är
863 1472 132 27 visserligen,
