1078 1700
842 77 25 21 75

74 134 79 20 vården
170 135 26 19 än
214 140 25 14 en
256 134 90 26 hofrätt,
362 133 85 21 hvilken
463 134 7 20 i
485 134 48 20 vårt
547 133 48 21 land
613 135 23 19 är
650 134 46 20 från
712 134 77 28 många
804 136 58 18 orter
872 134 25 20 så

75 162 95 21 aflägsen
187 174 27 3 —
230 162 54 20 ända
302 162 32 20 till
353 163 27 20 40
399 162 12 20 &
430 162 26 20 50
471 162 36 20 mil
522 174 27 2 —
565 162 61 21 faller
642 162 32 28 sig
689 162 83 28 ganska
787 163 109 27 naturligt.

74 203 28 3 —
140 192 21 19 Det
185 191 23 20 af
229 190 49 20 herr
300 197 40 14 von
360 190 117 21 Bonsdorff
495 190 113 21 anmärkta
627 190 131 28 dröjsmålet,
778 198 45 13 som
843 198 53 20 upp-

74 219 97 21 kommer
193 219 124 27 derigenom
340 221 31 18 att
394 218 175 21 häradsrätterna
587 219 159 21 sammanträda
766 219 76 21 endast
860 220 37 20 två

74 248 81 27 gånger
177 254 35 14 om
234 248 57 26 året,
314 247 143 21 förekommes
477 248 66 20 också
561 247 124 27 derigenom
704 250 31 18 att
751 247 146 28 förmyndare-

74 276 107 20 nämnden
202 278 24 18 är
248 278 126 25 permanent
396 276 49 26 och,
465 276 66 27 enligt
550 276 40 20 den
609 276 34 20 för
662 276 122 20 densamma
799 276 98 28 gällande

75 304 165 28 författningen,
261 304 85 28 skyldig
361 306 31 19 att
408 306 50 26 taga
473 304 53 20 vård
541 311 34 13 om
592 304 125 28 omyndigas
748 304 37 21 gods
800 304 32 21 till
848 304 49 21 dess

73 332 138 28 förmyndare
225 332 78 21 hinner
317 332 150 21 tillförordnas.
493 332 42 21 För
551 332 64 28 öfrigt
631 334 23 19 är
670 308 150 56 öxpoditionen
833 332 7 21 i
851 333 45 20 hof-

74 363 106 24 rätterna,
197 362 5 20 i
219 361 107 21 anseende
342 361 32 21 till
390 361 26 21 de
431 361 111 21 derstädes
558 361 45 21 ofta
614 361 82 28 hopade
707 362 132 26 göromålen,
849 361 48 21 icke

75 390 24 20 så
117 390 94 20 särdeles
230 390 78 26 snabb,
327 391 31 19 att
377 390 70 28 någon
466 389 31 21 tid
513 390 69 20 skulle
597 390 75 20 vinnas
688 396 77 22 genom
781 392 32 18 att
827 390 71 21 vända

75 418 32 28 sig
129 418 32 21 till
180 418 59 26 dem,
258 418 6 20 i
284 418 116 28 synnerhet
418 418 27 21 då
459 418 7 20 i
482 418 119 28 beräkning
616 420 60 26 tages
692 418 108 21 afståndet
815 418 40 21 och
871 418 27 21 de

75 448 77 26 många
167 448 118 26 omgångar
300 454 46 13 som
362 446 35 21 vid
412 446 77 21 sakens
504 446 133 28 fullföljande
654 446 38 21 der
706 447 69 20 måste
790 453 41 21 ega
844 454 54 14 rum.

74 475 33 21 På
122 475 63 21 dessa
199 475 93 27 grunder
302 475 47 21 kan
363 475 38 27 jag
416 475 47 21 icke
478 475 115 28 godkänna
608 476 27 20 de
650 474 23 22 af
686 475 74 21 herrar
774 475 124 27 Furuhjelm

76 504 39 21 och
134 511 42 13 von
195 503 118 21 Bonsdorff
330 504 86 27 yttrade
432 506 55 18 samt
503 504 23 20 af
539 504 50 20 herr
605 503 75 21 Taube
695 503 98 21 biträdda
808 503 90 21 betänk-

75 532 98 28 ligheter,
193 534 52 18 utan
265 532 119 27 tillstyrker
399 532 120 27 antagande
535 532 23 20 af
571 532 161 27 propositionen
749 532 5 20 i
770 532 31 20 sin
818 532 79 21 helhet.

143 560 58 21 Herr
216 560 121 29 Pipping,
353 560 25 21 F.
392 562 29 19 J.:
446 560 43 28 Jag
504 561 38 20 ber
557 563 32 18 att
604 560 22 21 få
641 560 140 28 understödja
794 561 41 20 den
847 561 51 21 siste

76 591 93 20 talaren:
186 589 32 21 till
234 589 26 21 de
276 589 46 20 skäl
338 589 40 21 han
394 589 66 21 redan
476 589 111 28 förebragt
603 589 95 21 anhåller
710 589 38 28 jag
763 591 31 18 att
804 589 21 21 få
836 589 62 28 lägga

76 620 56 19 ännu
149 620 38 18 ett.
213 617 121 22 Ständerna
351 618 73 27 hafva,
441 625 33 14 om
490 618 49 21 icke
554 617 68 21 under
638 618 78 26 denna,
733 619 23 19 så
769 618 129 21 åtminstone

76 647 13 20 å
106 647 88 20 härnäst
213 646 201 21 sammanträdande
433 646 112 28 landtdag,
562 648 32 19 att
609 646 89 21 invänta
713 653 26 14 en
755 646 144 28 proposition,

75 675 148 21 innefattande
238 675 81 27 förslag
335 675 31 20 till
381 682 28 20 ny
425 675 138 27 konkurslag.
593 675 67 20 Detta
671 674 61 21 torde
743 682 51 13 vara
805 675 44 20 helt
860 675 39 21 och

76 703 66 22 hället
163 703 81 28 byggdt
262 704 27 27 pä
305 703 152 28 upphäfvande
473 704 23 20 af
509 703 73 21 adelns
598 703 68 20 forum
686 703 157 27 privilegiatum
860 703 39 21 och

77 739 100 14 emanera
192 732 68 21 under
274 731 155 28 förutsättning
444 732 23 21 af
481 732 59 21 bifall
555 731 32 21 till
603 739 29 13 nu
647 731 160 28 ifrågavarande
822 732 78 27 nådiga

77 761 143 27 proposition;
236 760 82 21 bifalles
334 761 20 27 ej
370 760 50 27 den,
436 761 24 20 sä
475 761 141 27 omöjliggöra
632 760 20 20 vi
667 767 27 13 en
710 759 23 21 af
745 760 100 21 behofvet
856 762 43 19 sär-

77 789 58 21 deles
157 789 100 27 päkallad
279 789 125 28 förändring
423 789 23 20 af
463 789 37 20 allt
520 789 56 20 hvad
594 788 49 21 med
659 789 37 20 vär
712 788 74 21 hittills
801 788 99 28 gällande

77 817 133 28 konkurslag
226 817 184 28 sammanhänger.

147 845 58 21 Herr
220 845 158 28 Furuhjelm,
395 845 25 22 O.
436 846 47 20 W.:
509 845 39 21 Till
565 845 129 21 bemötande
705 845 23 21 af
736 845 49 21 herr
796 845 104 28 Pippings

78 874 141 27 anmärkning
242 875 35 20 vill
297 875 39 27 jag
354 874 55 21 blott
428 875 103 27 andraga,
552 876 32 19 att
597 874 40 27 jag
652 874 19 27 ej
687 874 80 21 förmär
782 874 45 21 inse
844 874 56 20 hvad

78 903 82 20 verkan
175 903 161 27 ridderskapets
353 903 39 20 och
408 903 73 20 adelns
497 903 111 20 utlätande
624 903 6 19 i
646 902 69 21 denna
731 903 39 20 sak
784 903 42 20 kan
837 902 63 21 hafva

78 931 29 27 pä
121 931 42 21 den
181 931 110 21 blifvande
307 931 169 28 konkurslagen;
493 931 36 20 det
544 933 23 18 är
583 931 106 26 nemligen
704 931 65 27 nägot
785 931 44 20 helt
844 931 56 20 olika

79 962 32 18 att
127 959 133 21 tillförordna
276 966 25 14 en
316 959 137 28 förmyndare
470 959 39 22 och
525 961 31 19 att
573 959 106 21 behandla
694 961 31 19 ett
740 959 138 21 konkursmäl
894 959 6 20 i

79 990 31 19 ett
125 988 67 27 adligt
208 988 46 21 hus.

147 1016 58 21 Herr
216 1017 192 27 Björkenheim,
422 1016 36 21 R.:
482 1016 81 21 Förrän
576 1016 19 21 vi
608 1016 85 21 komma
703 1018 32 19 att
745 1017 58 20 rösta
813 1016 6 21 i
831 1016 70 21 denna

79 1045 61 27 fräga
155 1045 95 20 anhäller
262 1045 38 28 jag
316 1047 32 18 att
362 1045 22 20 fä
399 1047 58 26 yttra
470 1045 66 27 nägra
547 1045 46 20 ord.
617 1044 42 28 Jag
669 1045 36 20 vill
716 1045 74 20 endast
801 1045 100 26 päminna

79 1073 36 21 det
131 1073 115 28 höglofliga
261 1073 85 21 ständet
362 1080 33 14 om
411 1075 31 19 ett
457 1073 80 26 beslut,
547 1086 29 3 —
586 1073 82 20 hvilket
682 1073 63 27 ingen
762 1073 61 20 torde
838 1073 64 20 hafva

79 1101 66 28 glömt
160 1115 29 2 —
203 1109 46 13 som
272 1101 92 22 fattades
383 1102 36 20 vid
437 1104 86 18 senaste
541 1101 108 28 landtdag.
680 1101 159 28 Ridderskapet
862 1101 39 20 och

79 1130 61 21 adeln
160 1132 66 26 antog
245 1131 70 20 säsom
336 1130 31 21 sin
384 1137 25 14 en
426 1130 23 21 af
462 1131 102 20 herrarne
578 1137 42 13 von
638 1130 152 27 Weissenberg
805 1130 40 20 och
860 1136 41 14 von

79 1158 145 27 Willebrand,
243 1158 32 28 F.,
291 1158 93 28 ingifven
401 1159 90 27 petition
510 1166 34 14 om
560 1159 65 27 nådig
640 1158 131 28 proposition
788 1158 30 21 till
834 1158 68 20 landt-

80 1187 68 27 dagen
165 1187 111 28 angäende
291 1187 116 28 afsägande
424 1188 22 20 af
460 1187 162 27 ridderskapets
639 1186 39 22 och
690 1187 72 21 adelns
774 1187 127 27 privilegier.

79 1215 43 28 Jag
145 1216 97 20 kommer
264 1216 86 28 mycket
374 1216 32 20 väl
427 1216 50 28 ihäg
495 1218 31 18 att
545 1216 36 20 det
600 1216 48 20 icke
664 1222 38 14 var
720 1216 70 26 nägon
807 1215 95 21 särdeles

80 1244 60 20 stark
156 1244 120 27 pluralitet,
292 1251 45 14 som
353 1244 97 28 afgjorde
466 1244 77 27 saken;
558 1251 49 13 men
624 1244 40 20 den
681 1244 45 20 blef
739 1244 55 20 dock
809 1243 93 28 afgjord,

80 1272 39 21 och
143 1272 64 21 bland
231 1273 26 20 de
281 1272 55 28 skäl,
360 1280 46 13 som
430 1272 98 21 anfördes
551 1275 45 18 mot
619 1272 129 28 petitionens
772 1271 130 28 antagande,

80 1300 89 22 anförde
192 1302 77 26 mänga
291 1301 23 21 af
334 1300 58 26 dem,
412 1308 45 14 som
475 1301 87 21 röstade
582 1302 58 20 emot
658 1300 51 27 den,
729 1300 36 21 det
781 1300 26 21 de
823 1300 79 27 ansägo

80 1329 63 21 dessa
161 1329 123 28 privilegier
302 1336 52 14 vara
373 1330 23 21 af
414 1330 23 20 sä
451 1329 62 28 ringa
528 1330 54 27 vigt,
599 1331 32 19 att
646 1329 37 21 det
698 1329 20 27 ej
733 1328 77 22 lönade
825 1328 78 21 mödan

79 1360 32 18 att
131 1357 107 28 uppträda
256 1359 24 20 sä
299 1358 125 25 storartadt,
445 1364 45 14 som
510 1358 26 20 de
552 1358 75 28 tyckte
643 1357 185 28 petitionsformen
844 1357 59 20 inne-

80 1386 62 27 bära,
161 1393 48 14 men
230 1386 96 21 deremot
344 1386 122 21 förklarade
481 1386 27 21 de
525 1386 32 28 sig
572 1386 71 28 villige
662 1388 32 19 att
709 1386 74 27 hvarje
799 1385 57 28 gäng
871 1392 32 14 re-

80 1414 102 28 geringen
197 1414 95 22 förelade
308 1415 70 27 nägon
393 1415 143 27 proposition,
553 1414 113 28 äsyftande
682 1414 105 27 afsägelse
803 1414 22 20 af
839 1414 65 27 nägot

81 1443 89 27 specielt
193 1443 144 27 privilegium,
360 1443 84 21 biträda
465 1443 140 28 regeringens
625 1442 139 28 proposition.
795 1442 67 20 Detta
881 1443 23 19 är

80 1478 29 14 nu
132 1472 36 20 det
185 1471 69 21 första
272 1472 59 20 fallet
350 1478 45 14 som
414 1472 66 20 sedan
499 1472 49 20 dess
566 1471 138 21 förekommit
724 1471 39 21 och
780 1471 37 28 jag
836 1470 68 21 skulle
