1078 1700
207 86 42 22 206

178 143 68 21 Detta
256 142 82 28 förslag
348 141 203 21 öfverensstämmer
562 142 65 20 också
636 142 7 20 i
654 142 24 20 så
685 142 68 21 måtto
765 142 48 20 med
823 142 138 28 regeringens
971 141 32 21 till

179 172 117 20 ständerna
311 170 36 21 vid
363 170 55 20 1863
434 170 40 20 och
495 170 54 21 1864
568 170 35 20 års
621 170 104 28 landtdag
740 170 79 21 aflåtna
834 170 76 28 nådiga
925 176 77 21 propo-

179 200 63 20 sition
259 206 34 14 om
305 198 119 27 stämplade
439 198 193 28 pappersafgiften,
648 201 32 18 att
691 199 37 20 två
738 200 89 26 procent
840 198 120 28 föreslagits
972 200 31 19 att

179 228 101 27 afdragas
291 227 32 21 till
334 226 67 21 sådan
412 226 120 28 fördelning
547 229 32 18 att
594 226 201 21 landskamreraren
809 226 82 21 tillfölle
907 228 37 20 två
961 228 41 19 tre-

179 256 98 28 djedelar
294 255 40 21 och
349 254 188 22 länebokhållaren
553 262 27 14 en
596 254 111 28 tredjedel.
738 254 74 21 Såsom
828 255 46 21 skäl
885 255 71 20 härtill
966 255 38 21 ber

177 285 39 27 jag
238 286 33 19 att
293 283 128 28 ytterligare
443 283 22 21 få
483 283 118 21 framställa
619 286 31 18 att
669 283 68 28 enligt
758 284 53 20 1842
829 284 35 20 års
879 283 125 27 förordning

178 312 219 22 landträntmästaren
417 311 48 21 icke
483 312 84 27 uppbar
585 318 70 14 annan
674 312 110 26 provision
803 312 23 20 af
839 311 164 28 kartasigillata-

178 342 124 20 inkomsten
317 342 27 19 än
358 340 34 20 för
408 340 55 20 hvad
479 340 42 20 han
536 340 70 20 såsom
617 340 186 27 försäljningsman
815 340 29 27 på
852 340 70 20 stället
934 339 70 21 kunde

180 370 89 26 afyttra;
293 376 28 13 nu
340 369 48 20 åter
410 368 68 20 skulle
501 368 41 21 han
565 368 87 21 komma
670 370 32 19 att
718 368 52 21 bära
788 375 43 20 upp
847 368 108 27 provision
970 368 34 20 för

180 373 38 58 allt
232 397 59 21 hvad
304 397 57 20 inom
384 396 59 21 länet
461 396 106 28 försäljes,
586 398 52 19 utan
654 399 32 18 att
701 396 65 21 hafva
784 397 65 27 något
865 396 48 21 med
928 396 76 28 sjelfva

180 426 155 28 försäljningen
358 427 32 19 att
409 424 75 21 skaffa.
514 425 43 27 Jag
575 432 63 14 anser
654 425 62 20 alltså
732 427 32 18 att
779 425 41 21 han
837 426 37 20 bör
889 432 52 13 vara
956 424 48 21 full-

180 454 91 28 komligt
294 453 117 28 godtgjord
430 453 49 21 med
497 460 26 14 en
543 453 105 28 tredjedel
667 453 23 21 af
706 453 163 27 ifrågavarande
888 453 60 28 afgift
964 453 38 21 och

181 485 32 19 att
236 482 83 21 således
342 482 26 20 de
392 482 69 27 öfriga
486 482 37 20 två
549 481 159 28 tredjedelarne
734 481 71 21 kunde
829 481 82 21 tillfalla
933 481 70 21 lands-

181 512 146 20 kamreraren.

250 539 58 21 Herr
324 538 143 21 Schauman
480 538 20 21 J.
516 539 34 19 A.:
573 538 12 20 I
600 538 115 28 anledning
730 538 24 21 af
767 538 50 21 herr
835 538 120 21 Molanders
971 545 33 14 se-

181 570 62 19 naste
266 567 102 28 yttrande
386 566 36 21 vill
438 567 39 27 jag
494 566 57 21 fästa
567 566 217 28 uppmärksamheten
800 566 35 21 vid
851 566 39 21 och
906 567 98 27 påminna

182 598 36 19 det
233 596 117 28 höglofliga
366 595 86 21 ståndet
467 602 34 14 om
517 597 31 19 att
564 595 37 21 det
616 597 23 19 är
654 596 66 27 något
738 595 87 28 mycket
840 595 80 28 vanligt
935 595 7 20 i
957 595 47 20 vårt

181 625 51 21 land
248 627 42 24 att,
309 624 3 21 i
328 624 41 21 den
388 631 49 14 mon
453 624 83 20 arbetet
554 623 36 22 vid
606 625 32 19 ett
652 623 137 22 embetsverk
810 624 62 27 ökas,
888 623 65 21 också
968 630 36 13 an-

183 654 54 20 talet
256 653 23 20 af
292 653 131 27 tjenstemän
446 652 60 27 ökas;
529 659 48 14 man
601 652 38 21 har
662 652 38 20 alls
723 652 48 21 icke
794 654 72 25 sparat
888 651 116 29 härvidlag.

182 681 84 22 Jemför
282 688 49 13 man
346 680 102 21 Finlands
465 681 158 20 statskalender
638 687 28 14 nu
682 680 40 21 och
737 680 41 21 den
793 680 33 21 för
840 687 39 21 par
890 680 115 21 decennier

183 710 65 21 sedan
272 709 40 21 och
335 709 74 20 dervid
430 709 88 27 specielt
535 709 68 20 fäster
622 709 32 27 sig
672 709 36 20 vid
722 709 179 20 landskontorens
916 709 89 27 tjenste-

183 737 199 28 manna-persona!,
394 737 67 21 finner
472 744 49 13 man
535 737 53 20 huru
601 737 69 20 denna
680 737 24 21 är
714 737 54 20 ifrån
777 737 23 20 är
809 737 69 20 ökats.
901 737 48 27 Nya
960 737 45 21 vice

183 767 196 20 landskamrerare-
393 765 38 21 och
446 765 260 27 landskontoristtjenster
721 765 27 20 ha
763 767 76 19 nästan
850 765 79 28 ärligen
942 765 62 21 inrät-

184 798 42 18 tats
243 795 40 20 och
299 794 60 21 detta
374 794 66 27 gäller
455 793 63 21 äfven
533 794 89 27 specielt
657 793 27 21 Abo
700 793 45 27 län,
765 794 36 20 der
817 794 108 20 dessutom
936 794 7 20 i
953 794 53 20 flera

185 825 34 20 års
235 823 31 21 tid
282 830 26 13 en
324 822 126 21 biträdande
466 822 183 21 landskamrerare
664 821 70 21 blifvit
750 822 84 20 aflönad
845 823 27 26 pä
883 824 62 19 extra
956 825 50 18 stat.

184 852 43 27 Jag
247 852 39 20 har
305 851 78 27 mänga
404 851 79 27 gänger
501 851 44 20 fäst
564 851 44 27 mig
627 851 35 20 vid
678 850 61 21 detta
761 850 131 21 förhällande
907 850 38 21 hos
962 857 44 20 oss,

185 881 39 20 och
238 879 89 29 jemfört
342 879 36 20 det
398 879 49 20 med
464 878 142 21 förhällandet
621 879 7 20 i
645 879 95 27 Sverige,
756 879 38 20 der
809 879 197 20 landskamreraren

186 909 54 26 stär,
264 911 52 18 utan
334 908 68 27 nägra
420 908 47 20 vice
484 907 197 26 landskamrerare,
700 907 50 20 med
766 907 75 21 endast
860 914 26 13 en
902 907 105 21 ordinarie

185 936 170 22 landskontorist
378 936 70 20 såsom
470 935 91 21 biträde.
592 935 153 21 Förhållandet
763 936 97 27 gvarstär
879 935 37 21 der
932 935 75 21 sådant

185 965 37 21 det
237 972 38 14 var
291 965 27 20 då
332 964 93 21 Finland
440 964 87 27 skiljdes
543 963 47 21 från
607 964 99 27 Sverige;
726 964 50 27 inga
796 963 104 22 ordinarie
916 965 92 26 tjenster

185 994 36 21 vid
236 993 167 21 landskontoren
420 992 64 21 hafva
499 993 38 20 der
552 992 66 21 sedan
634 992 48 21 dess
699 992 69 21 blifvit
784 992 92 28 tillagda.

256 1021 80 21 Grefve
352 1020 103 21 Creutz:
478 1020 43 28 Jag
543 1021 36 20 vill
601 1021 48 20 icke
674 1023 95 25 upptaga
790 1021 96 20 ståndets
908 1021 29 20 tid
959 1021 49 20 med

185 1050 75 21 vidare
276 1049 120 22 diskussion
412 1049 7 20 i
435 1049 76 26 saken,
525 1049 39 28 jag
579 1056 34 13 ser
629 1049 55 20 ändå
698 1049 63 21 hvart
776 1049 37 21 det
828 1049 62 26 lutar,
905 1056 48 13 men
964 1049 43 20 må-

187 1081 32 19 ste
235 1078 66 21 likväl
317 1078 86 20 bemöta
418 1078 49 20 herr
481 1084 41 14 von
538 1077 71 21 Borns
625 1079 84 19 senaste
725 1077 143 28 andragande.
899 1077 57 21 Herr
966 1084 42 14 von

188 1107 60 21 Born
264 1109 62 26 säger
342 1108 31 19 att
388 1106 7 20 i
411 1105 41 21 den
467 1106 132 27 proposition
619 1113 45 14 som
677 1105 127 22 förordades
820 1106 23 20 af
855 1106 83 21 landets
952 1107 56 19 stän-

188 1136 38 21 der
250 1136 36 20 vid
310 1137 84 19 senaste
417 1134 101 28 landtdag
542 1141 38 14 var
603 1135 64 21 också
689 1134 75 21 afsedd
786 1142 80 13 samma
885 1134 123 28 proportion

190 1164 91 21 emellan
296 1163 211 21 landskamrerarens
522 1164 40 20 och
577 1164 168 20 räntmästarens
760 1163 124 26 inkomster,
908 1170 44 14 som
968 1162 40 22 den

188 1200 28 14 nu
233 1192 39 21 här
286 1192 128 27 föreslagna.
445 1191 44 21 Det
504 1198 38 14 var
557 1191 45 21 helt
618 1193 64 19 annat
697 1191 132 21 förhållande
845 1191 32 21 då.
908 1191 34 21 Då
955 1191 54 28 egde

187 1221 219 21 landträntmästaren
425 1220 50 28 sjelf
491 1220 88 27 försälja
603 1220 73 20 kartor
694 1220 7 20 i
721 1220 183 25 residensstaden,
928 1220 81 20 hvilket

188 1256 28 14 nu
232 1249 70 21 blifvit
318 1248 77 21 honom
406 1248 113 28 fråntaget.
550 1248 44 21 Det
609 1248 126 27 inbringade
749 1248 78 21 honom
841 1248 51 20 sista
903 1248 46 20 året
967 1248 42 20 han

188 1278 54 21 hade
258 1278 37 20 det
311 1276 91 22 emellan
420 1279 91 18 tretton-
530 1276 40 21 och
589 1276 163 28 fjortonhundra
768 1276 68 21 mark.
866 1276 34 21 Nu
919 1276 39 21 har
973 1276 37 20 ho-

189 1313 49 14 nom
254 1306 7 20 i
276 1305 120 27 ersättning
417 1305 85 21 härföre
523 1305 82 27 tillagts
623 1312 25 14 en
669 1308 88 24 procent
776 1305 39 21 och
834 1312 28 13 nu
882 1305 68 20 skulle
969 1304 40 20 han

188 1334 67 28 enligt
278 1334 49 21 herr
346 1334 70 20 Borns
433 1333 80 28 förslag
533 1334 47 20 icke
599 1340 37 14 ens
653 1333 23 21 få
691 1333 47 26 det,
763 1333 80 21 hvilket
859 1333 54 21 dock
929 1333 82 27 utgjort

189 1362 77 22 endast
282 1362 91 28 ungefär
388 1362 129 21 åttahundra
533 1362 67 20 mark.
631 1362 43 20 Får
684 1361 217 21 landträntmästaren
912 1362 48 20 icke
972 1368 38 14 ens

190 1398 26 14 en
232 1393 96 25 procent,
344 1390 24 23 så
383 1390 102 28 beklagar
499 1390 38 28 jag
553 1390 48 21 dem
617 1396 46 14 som
677 1390 53 20 söka
746 1390 63 20 dessa
824 1388 96 29 tjenster.

258 1418 58 22 Herr
332 1418 97 21 Taube:
451 1419 43 27 Jag
509 1418 38 21 har
562 1418 77 28 begärt
654 1418 61 21 ordet
730 1418 34 20 för
774 1420 32 18 att
817 1418 139 27 understödja
970 1418 41 20 den

188 1449 68 27 åsigt,
273 1454 45 14 som
333 1446 23 22 af
369 1447 50 21 herr
435 1446 130 28 Schauman,
580 1446 21 22 J.
617 1447 33 26 A.,
662 1446 100 27 uttalats,
778 1446 39 21 och
828 1453 62 14 anser
900 1448 31 19 att
942 1446 69 28 någon

188 1476 125 29 förhöjning
332 1475 24 21 af
371 1474 210 22 landskamrerarnes
605 1475 93 21 arvoden
717 1474 35 22 för
773 1474 239 28 kartasigillataförsälj-
