1078 1700
853 93 25 21 77

85 149 70 20 rätten
179 148 31 21 uti
228 148 54 22 intet
300 148 37 21 fall
355 148 93 22 medfört
467 149 71 27 nägon
553 148 85 22 förmon
652 148 35 21 för
702 148 150 28 ridderskapet
867 150 41 20 och

85 176 72 28 adeln,
178 179 51 19 utan
248 184 48 14 man
315 179 93 19 tvärtom
423 177 136 28 beklagligen
575 184 36 14 ser
626 179 31 19 ett
673 179 90 19 motsatt
774 177 132 21 förhällande

85 212 40 20 ega
144 212 56 19 rum,
219 205 69 21 skulle
303 206 48 27 jag,
366 206 28 26 pä
410 205 25 21 de
451 205 22 21 af
488 206 74 20 herrar
577 205 106 22 Järnefelt
698 205 40 22 och
753 205 154 28 Björkenheim

84 234 139 27 uppräknade
238 236 56 18 samt
312 234 7 20 i
339 234 160 27 propositionen
518 236 112 26 upptagna
645 234 57 27 skäl,
716 234 80 21 föreslä
811 236 31 18 att
857 241 49 21 pro-

86 262 122 27 positionen
223 263 67 20 mätte
306 262 6 20 i
329 262 33 20 sin
378 262 71 21 helhet
465 263 23 20 af
501 262 86 21 ständet
602 264 97 26 antagas.

153 290 58 21 Herr
229 290 27 21 af
272 290 145 27 Forselles,
433 290 25 22 P.
474 290 37 22 E.:
541 290 43 28 Jag
602 291 46 21 äter
666 291 39 21 ber
720 293 32 19 att
766 290 22 22 fä
803 291 104 21 anmärka

84 318 37 22 det
135 318 101 22 herrarne
252 326 41 14 von
309 318 118 22 Bonsdorff
439 320 40 20 och
494 319 125 28 Furuhjelm
635 319 56 21 visat
705 321 31 19 att
751 320 71 27 nägon
838 319 68 21 fördel

83 346 75 22 dervid
177 355 51 21 eger
246 354 46 14 rum
312 348 39 20 och
366 349 32 19 att
414 347 35 21 det
465 348 83 20 säledes
564 348 47 20 icke
627 348 42 20 kan
685 354 62 15 anses
762 354 53 15 vara
830 348 24 21 sä
868 348 37 21 ab-

83 376 57 20 solut
154 379 53 18 utan
221 376 75 27 värde;
312 376 84 21 derföre
412 376 39 21 och
466 376 29 28 pä
509 376 70 49 grund
593 376 24 21 af
630 378 32 19 att
676 376 60 21 detta
745 376 161 28 ridderskapets

83 404 39 21 och
145 405 73 21 adelns
238 404 132 28 privilegium
391 404 86 22 alldeles
497 404 47 22 icke
560 404 94 22 kränker
669 405 70 27 någon
755 411 80 15 annans
851 407 54 25 rätt,

82 432 33 21 får
130 433 40 21 ock
184 434 38 27 jag
236 432 76 22 förena
327 433 43 27 mig
386 433 6 21 i
408 432 62 22 desse
487 433 78 21 talares
580 433 109 27 yttrande.

151 461 58 21 Herr
224 461 26 21 af
262 461 141 25 Forselles,
420 461 36 21 O.:
478 461 60 21 Herr
553 461 106 21 Järnefelt
674 462 38 20 har
728 462 70 20 såsom
808 463 32 19 ett
851 464 53 19 mot-

82 489 47 21 skäl
144 492 45 19 mot
204 490 36 21 det
255 490 23 21 af
291 490 50 21 herr
357 496 41 14 von
412 490 117 21 Bonsdorff
537 490 90 21 anförda
637 492 67 26 yttrat
715 492 32 19 att
757 490 146 27 förmyndare-

82 518 106 21 nämnden
211 518 67 21 skulle
301 520 50 26 taga
369 518 52 21 vård
440 526 34 13 om
493 518 26 22 de
539 518 124 28 omyndigas
682 518 156 28 förmögenhet.
868 518 35 22 Då

82 546 53 21 hvar
155 546 39 22 och
213 554 25 13 en
257 547 23 21 af
294 554 34 14 oss
344 546 82 22 känner
441 547 55 21 huru
511 547 270 28 förmyndarenämnderna
796 548 36 20 äro
848 554 55 14 sam-

81 577 118 26 mansatta,
215 582 63 14 anser
291 576 37 27 jag
343 576 50 20 herr
408 583 41 14 von
465 575 126 22 Bonsdorffs
608 575 118 28 påstående
741 575 74 22 bevisa
829 577 32 19 att
877 583 26 14 en

80 603 70 22 fördel
172 604 69 21 finnes
259 604 45 21 deri
323 606 31 19 att
372 604 62 21 adeln
452 604 7 21 i
477 604 265 28 förmynderskapsfrågor
757 604 100 21 hänvisas
872 604 31 21 till

81 632 118 27 hofrätten;
214 635 23 25 ty
253 639 26 14 en
294 632 211 29 förmyndarenämd,
521 640 46 13 som
582 635 24 18 är
616 635 140 18 sammansatt
768 633 22 20 af
798 632 42 21 idel
852 632 52 21 bön-

81 660 44 27 der,
141 667 35 15 om
191 661 27 21 de
234 661 65 21 också
314 668 51 14 vore
381 661 26 21 de
422 661 145 28 hederligaste
583 661 40 21 och
640 661 60 21 bästa
715 661 130 27 menniskor,
860 661 42 21 kan

81 689 56 22 dock
151 690 20 27 ej
187 689 91 22 förvalta
294 692 31 18 ett
341 691 69 20 större
424 689 61 28 gods.

149 717 58 22 Herr
221 717 139 22 Järnefelt:
383 717 73 29 Några
469 718 67 21 talare
551 717 64 22 hafva
625 717 57 22 velat
692 718 94 21 förfäkta
796 717 39 22 den
847 717 56 29 åsigt

80 748 32 19 att
135 746 138 29 olägenheter
291 747 20 27 ej
330 747 68 20 skulle
417 747 78 27 uppstå
513 753 77 22 genom
609 747 123 20 nuvarande
748 746 154 21 förhållanden.

79 774 28 21 Jag
138 775 39 20 har
191 775 55 21 dock
261 775 66 21 redan
343 775 70 21 såsom
429 781 26 14 en
471 774 66 22 sådan
553 775 94 28 påpekat
661 775 37 21 det
708 775 33 20 för
752 775 150 21 rättssökande

79 803 8 21 i
101 778 116 57 allmänhet
232 803 63 28 långa
310 803 94 27 afstånd,
420 803 81 28 hvarpå
517 803 26 21 de
559 803 26 21 bo
597 803 54 21 ifrån
662 803 139 21 hofrätterna.
824 803 78 21 Dertill

79 831 36 21 vill
136 832 39 27 jag
193 833 56 19 ännu
267 832 63 28 lägga
351 831 147 28 svårigheten,
516 833 29 26 på
560 832 57 21 vissa
632 832 120 21 landsorter
767 831 134 28 isynnerhet,

78 862 33 19 att
126 859 58 22 finna
201 860 103 28 skickliga
320 867 110 20 personer,
446 867 45 14 som
507 867 52 14 vore
575 861 71 27 villiga
662 863 32 18 att
706 861 64 27 åtaga
781 860 32 28 sig
823 862 32 19 att
866 860 35 21 vid

78 888 108 21 hofrätten
210 888 84 21 bevaka
312 891 112 25 parternas
443 890 53 25 rätt;
517 888 40 22 den
577 891 69 18 större
664 889 101 24 kostnad,
780 895 45 14 som
841 889 60 20 alltid

77 917 108 21 medföres
201 917 23 20 af
237 919 32 19 att
284 917 36 21 vid
335 924 26 14 en
377 917 66 27 högre
459 919 42 19 rätt
518 917 83 21 bevaka
616 918 31 20 sin
664 917 67 27 talan,
748 917 116 21 bestående
880 917 20 28 ej

77 945 83 21 mindre
175 945 6 21 i
197 945 66 28 högre
278 946 60 21 lösen
353 945 40 22 och
409 945 36 21 det
460 945 67 28 högre
544 946 76 27 belopp
637 945 114 28 stämpladt
763 952 81 21 papper
855 952 45 14 som

77 973 115 28 behöfves,
208 975 26 19 än
250 974 40 21 ock
306 974 6 21 i
328 973 79 22 arvode
422 974 22 21 åt
459 974 41 21 den
516 974 87 21 hvilken
617 974 58 21 utför
687 974 73 21 saken.
795 973 31 21 För
837 974 64 27 öfrigt

77 1002 62 21 torde
155 1009 26 14 en
196 1002 57 21 lokal
268 1002 92 21 domstol
375 1002 60 21 alltid
450 1002 27 21 ha
493 1002 72 21 bättre
578 1001 120 22 kännedom
710 1009 34 14 om
754 1002 146 21 förhållanden

77 1030 40 21 och
133 1037 103 21 personer
251 1031 58 20 inom
324 1031 32 21 sin
372 1031 119 26 domkrets,
507 1032 27 19 än
550 1031 36 21 det
601 1032 24 19 är
640 1031 83 27 möjligt
738 1031 32 21 för
785 1031 115 21 hofrätten.

76 1058 65 22 Hvad
157 1060 47 20 åter
218 1059 134 21 vidkommer
366 1059 170 28 anmärkningen
549 1061 45 19 mot
604 1059 244 28 förmyndarenämnden
860 1059 40 21 och

77 1087 42 22 den
137 1087 44 21 risk
200 1095 45 13 som
265 1088 69 21 skulte
349 1088 79 27 uppstå
442 1087 62 22 deraf
517 1089 32 20 att
565 1087 71 21 denna
650 1089 50 26 toge
717 1087 40 22 den
774 1087 125 28 omyndigas

75 1115 150 29 förmögenhet
248 1123 33 14 om
305 1116 88 27 händer,
412 1116 23 21 så
454 1117 23 20 är
496 1116 37 21 det
552 1117 32 20 1:o
604 1123 27 14 en
649 1116 124 28 olägenhet,
794 1123 45 14 som
858 1116 41 21 den

76 1144 69 21 skulle
167 1145 48 21 dela
237 1145 48 21 med
305 1145 41 21 alla
365 1144 74 26 andra,
461 1145 39 21 och
516 1146 34 20 2:o
565 1145 62 21 torde
643 1145 73 21 risken
731 1145 47 21 icke
794 1144 66 22 blifva
876 1145 24 21 sä

76 1175 45 19 stor
145 1173 26 21 då
193 1173 254 28 förmyndarenämndens
471 1173 52 21 vård
542 1175 36 19 om
594 1174 178 27 förmögenheten
792 1174 19 27 ej
831 1173 68 21 skulle

75 1200 91 23 fortfara
181 1202 73 27 längre
269 1203 27 19 än
311 1202 32 20 till
358 1204 62 18 nästa
435 1202 45 28 ting
496 1202 61 26 eller,
573 1209 34 13 om
623 1202 75 28 frågan
714 1204 23 19 är
752 1201 146 27 brådskande,

76 1230 32 20 till
126 1230 134 21 utverkande
279 1230 78 21 urtima
377 1230 54 28 ting,
450 1230 34 21 för
502 1230 82 21 hvilket
603 1230 150 28 kostnaderna
764 1230 72 21 säkert
851 1230 47 21 icke

76 1258 69 21 skulle
160 1259 71 27 uppgå
247 1258 31 21 till
293 1258 56 21 hvad
364 1258 120 22 kostnaden
499 1258 34 22 för
547 1258 101 22 ärendets
663 1259 132 28 fullföljande
807 1258 35 22 vid
853 1258 45 21 hof-

75 1288 71 20 rätten
162 1286 84 22 komme
261 1289 33 19 att
309 1288 83 27 utgöra.

145 1314 99 22 Friherre
267 1322 47 14 von
338 1315 80 27 Troil,
437 1316 21 20 S.
477 1315 47 21 W.:
554 1315 58 22 Herr
631 1315 124 28 Furuhjelm
774 1316 38 20 har
827 1315 71 21 såsom

76 1343 46 21 skäl
145 1344 32 20 för
195 1345 31 19 att
245 1343 133 22 hofrätterna
395 1344 133 21 fortfarande
545 1344 68 21 skulle
629 1344 107 21 bibehålla
750 1344 72 28 tillsyn
839 1343 59 21 öfver

75 1371 177 29 förmynderskap
268 1372 32 21 uti
314 1372 85 28 adeliga
413 1372 100 21 sterbhus
527 1372 117 21 framhållit
658 1374 32 20 att
706 1379 26 15 en
746 1380 44 20 ung
800 1372 40 20 och
851 1378 47 15 oer-

74 1400 61 21 faren
154 1400 148 21 vikarierande
324 1400 127 22 ordförande
470 1400 7 21 i
496 1408 26 14 en
541 1400 123 22 häradsrätt
678 1401 49 21 icke
742 1401 42 21 kan
799 1407 41 21 ega
854 1407 44 21 nog

75 1428 121 22 kännedom
216 1436 34 14 om
266 1429 100 28 lämpliga
380 1436 109 21 personer,
505 1429 73 21 hvilka
593 1429 71 21 kunde
680 1429 112 21 förordnas
808 1429 31 20 till
854 1428 43 22 för-

75 1456 104 28 myndare
194 1457 7 21 i
216 1459 31 19 ett
262 1457 81 28 adeligt
358 1457 106 21 sterbhus.
489 1457 44 28 Jag
546 1458 35 20 vill
597 1458 31 20 till
643 1458 81 21 enhvar
739 1458 24 20 af
775 1457 121 21 ridderska-

75 1486 47 26 pets
137 1485 40 21 och
193 1485 73 21 adelns
282 1486 138 21 medlemmar
435 1486 112 21 hemställa
562 1486 104 21 huruvida
681 1486 47 21 icke
738 1486 159 21 förhällandet
884 1481 15 36 i
