1078 1700
179 76 41 21 484

151 133 43 26 det,
210 134 26 20 än
252 132 28 21 de
296 133 66 27 några
378 132 232 28 tingsgästningsören,
627 139 45 14 som
688 132 6 21 i
711 132 89 28 Sverige
815 132 107 28 erläggas,
938 132 37 21 allt

151 161 68 21 under
234 161 37 21 det
287 160 77 28 vilkor,
387 163 32 19 att
432 163 31 19 ett
479 161 46 28 ting
547 161 69 21 skulle
635 161 66 21 hållas
717 160 6 21 i
740 161 74 27 hvarje
830 162 86 20 socken.
947 162 29 20 Så

152 190 38 20 har
205 190 37 20 det
258 189 65 21 också
347 189 96 28 fortgätt.
474 189 95 21 Numera
591 191 24 19 är
638 189 124 27 visserligen
782 189 73 28 hvarje
874 190 79 20 socken
970 190 4 20 i

151 218 117 21 allmänhet
283 218 49 20 icke
347 217 73 22 vidare
436 220 31 19 ett
483 218 99 28 tingslag,
606 224 48 14 men
670 218 92 21 orsaken
781 218 68 28 ligger
864 218 56 27 deri,
944 220 31 18 att

151 247 95 21 socknen
262 246 115 28 undergätt
392 247 113 27 roglering;
521 247 6 20 i
543 246 115 21 allmänhet
674 248 37 19 äro
722 246 121 28 tingslagen
854 246 63 22 likväl
928 246 48 21 icke

152 275 94 21 särdeles
256 274 139 22 vidsträckta.
405 275 72 21 Skulle
486 275 7 21 i
502 275 97 24 Finland,
611 274 38 22 der
658 275 26 20 de
692 275 63 21 flesta
764 274 141 28 domsagorna
913 274 63 22 hafva

155 305 32 19 ett
203 310 43 21 nog
261 305 56 19 stort
332 304 138 27 territorium,
485 303 91 21 friherre
591 303 93 21 Wredes
699 304 81 27 förslag
794 304 28 27 gå
833 304 94 27 igenom,
938 303 38 21 och

152 332 84 20 således
252 332 36 20 det
304 331 66 21 blifva
385 332 54 20 blott
455 334 31 19 ett
505 332 93 28 tingslag
613 332 7 20 i
635 332 75 27 hvarje
734 332 75 26 sådan,
832 332 84 21 befarar
928 332 48 27 jag,

153 362 32 19 att
200 360 22 21 få
236 360 116 28 domsagor
374 360 86 27 funnes,
483 360 45 22 deri
552 360 150 21 rättssökande
716 360 69 21 skulle
800 360 21 20 få
836 360 45 21 fara
894 360 82 21 mindre

153 390 26 19 än
196 389 13 20 5
224 388 56 22 ända
295 389 31 20 till
342 390 12 20 9
370 389 36 21 mil
421 389 31 20 till
468 389 133 28 tingsstaden
618 389 52 20 eller
685 388 113 22 domarens
821 389 101 26 hemvist;
945 390 31 19 att

153 418 62 20 detta
230 418 84 20 således
329 417 49 21 icke
394 418 71 20 kunde
481 417 156 21 tillfredsställa
647 417 26 21 de
684 417 157 26 rättssökande,
852 418 72 20 hvilka
931 417 46 27 just

153 446 68 20 under
235 446 37 20 det
288 446 76 26 vilkor,
380 448 32 18 att
428 446 25 20 de
469 446 56 28 finge
542 446 133 27 tingsstaden
691 447 63 25 nära,
765 446 67 27 åtagit
843 446 33 27 sig
890 452 26 14 en
928 446 48 26 dry-

154 481 51 20 gare
221 474 117 28 betalning,
354 476 24 19 är
393 475 126 27 uppenbart.
550 474 43 28 Jag
611 474 49 21 ville
675 474 65 21 också
755 474 69 28 fråga,
847 474 54 21 huru
924 474 53 20 skall

153 510 27 13 en
195 504 49 26 part
259 502 73 21 kunna
354 510 49 14 resa
422 504 23 20 så
463 503 64 27 långa
549 504 66 26 vägar
637 502 39 21 och
695 502 73 21 hemta
783 503 48 20 med
847 503 33 27 sig
894 502 82 22 vittnen

153 531 41 21 och
209 531 67 21 andra
291 538 111 21 personer,
418 538 45 14 som
479 532 108 20 erfordras
603 531 32 21 för
650 533 32 18 att
697 530 98 22 meddela
805 531 171 28 upplysningar
965 526 15 37 i

154 560 76 27 saken,
246 562 52 19 utan
314 562 32 19 att
362 560 36 21 det
413 560 53 21 skall
482 560 110 21 föranleda
615 560 86 28 mycket
717 561 59 19 stora
791 559 124 27 kostnader;
938 559 38 21 och

154 589 54 20 huru
231 588 60 25 skall,
307 591 15 18 t.
339 595 34 14 ex.
393 589 2 20 i
412 589 26 20 de
459 589 120 27 domsagor,
603 595 44 14 som
671 588 33 21 för
726 588 132 21 närvarande
882 589 59 20 bestå
956 588 24 20 af

154 617 53 20 flera
221 617 105 27 tingslag,
342 617 48 21 hela
406 617 105 21 nämnden
534 617 73 21 kunna
629 617 77 20 samlas
722 617 33 20 för
770 619 31 18 att
816 617 106 21 behandla
937 617 41 20 alla

155 645 196 21 domstolsärender
366 646 28 27 på
409 653 26 13 en
451 646 62 27 gång.
544 645 70 21 Deraf
627 645 135 21 föranleddes
778 652 24 13 en
821 645 156 27 folkvandring,

154 674 159 20 åstadkommes
328 674 121 21 karavaner
460 687 25 2 —
495 675 38 27 jag
548 674 42 21 kan
601 674 48 20 icke
660 674 70 21 dertill
742 673 56 21 finna
809 674 123 27 lämpligare
944 676 33 18 ut-

155 703 70 27 tryck.
256 702 63 21 Huru
343 702 53 21 skall
420 703 105 20 nämnden
549 703 73 20 vidare
637 709 52 14 vara
705 702 154 21 tillfredsställd
874 702 48 21 med
937 702 40 21 den

154 731 101 27 aflöning,
271 731 41 20 den
328 731 34 20 för
377 731 134 21 närvarande
526 731 90 28 uppbär,
633 738 33 13 om
683 731 41 20 den
739 731 32 20 får
786 731 30 20 till
832 731 74 27 hvarje
920 731 57 20 dom-

155 759 212 21 stolssammanträde
390 767 48 13 resa
458 767 26 13 en
509 760 73 27 längre
606 759 118 28 vägalängd
747 759 40 21 och
809 759 115 28 uppehålla
946 759 32 27 sig

156 788 82 21 kanske
254 788 52 20 flere
321 787 67 28 dagar
403 789 28 26 pä
446 788 135 28 tingsstället.
612 788 43 27 Jag
674 790 46 18 tror
737 788 47 20 icke
799 790 32 18 att
847 787 35 21 det
898 789 23 19 är
936 788 42 27 rig-

155 817 40 27 tigt
219 816 33 21 väl
276 816 96 27 betänkt,
396 817 39 20 och
458 819 32 18 att
509 819 30 18 ett
558 817 82 27 förslag
654 817 8 20 i
677 817 76 20 sädant
769 816 55 27 syfte
840 816 53 20 skall
909 817 69 19 mötas

155 845 47 20 med
220 845 122 20 belätenhet
358 845 38 20 hos
412 845 41 20 den
469 845 150 21 rättssökande
636 845 110 27 allmogen.
776 845 48 20 Men
839 845 37 27 jag
890 847 46 18 tror
946 846 32 19 att

154 873 37 21 det
213 873 55 20 finns
291 875 31 18 ett
345 875 65 19 annat
432 874 69 20 medel
525 875 32 20 att
573 873 86 21 komma
674 873 31 21 till
722 880 81 13 samma
818 873 50 25 mål,
892 873 39 20 och
946 875 31 18 att

154 902 60 21 detta
237 901 71 21 kunde
331 901 69 21 finnas
415 902 7 20 i
437 902 40 20 den
494 902 23 21 af
529 903 54 20 hans
599 902 122 27 Kejserliga
744 901 101 28 Majestät
864 902 114 20 ständerna

154 929 111 28 förelagda
281 929 78 28 nädiga
374 931 132 27 proposition
524 937 33 14 om
577 931 204 27 lagmansrätternas
796 930 127 27 indragning
939 929 38 21 och

154 958 155 28 dispositionen
325 958 24 21 af
362 959 216 28 lagmanskapporna.
608 959 48 21 Den
668 959 67 20 saken
746 959 38 20 har
795 959 124 26 visserligen
931 959 47 20 icke

154 987 41 21 fått
216 989 57 18 ännu
296 987 33 20 sin
354 987 85 28 slutliga
462 987 93 28 lösning,
579 994 48 14 men
641 988 38 27 jag
694 987 42 21 kan
752 987 47 21 icke
815 989 64 18 annat
894 988 26 19 än
936 987 41 20 för-

154 1016 69 26 moda,
240 1017 31 18 att
287 1015 103 28 förslaget
407 1016 38 20 blir
460 1017 88 26 antaget
559 1017 70 20 såsom
641 1015 141 28 välgrundadt
794 1015 39 21 och
844 1015 134 26 välbetänkt;

154 1044 68 21 skulle
245 1043 60 21 detta
328 1044 64 21 vinna
415 1044 67 25 bifall,
500 1045 23 19 sä
539 1045 80 20 erhölle
643 1045 101 20 domaren
760 1044 218 27 lagmanskapporna,

154 1073 72 20 hvilka
248 1072 131 27 väsendiligt
401 1073 86 20 komma
508 1075 32 18 att
562 1073 41 20 öka
623 1073 113 20 domarens
759 1073 100 20 inkomst.
889 1073 43 20 Det
956 1074 22 19 är

154 1101 67 21 kändt
237 1102 32 19 att
284 1101 24 20 är
324 1101 54 20 1862
394 1101 124 21 åstadkoms
541 1108 28 21 ny
592 1101 108 28 reglering
720 1101 24 20 af
757 1101 141 27 domsagorna
913 1101 5 20 i
935 1101 43 21 lan-

153 1130 44 26 det,
213 1129 87 21 hvilken
317 1129 30 21 till
364 1131 45 19 stor
424 1130 33 20 del
474 1129 66 21 redan
557 1131 23 20 är
595 1130 59 21 satt
646 1125 12 37 i
667 1130 80 25 verket,
764 1129 67 21 ehuru
847 1129 69 21 denna
932 1137 46 20 reg-

154 1158 69 27 lering
244 1158 69 20 under
357 1158 27 20 Abo
399 1158 92 21 hofrätts
508 1159 149 27 jurisdiktion,
673 1158 6 20 i
695 1158 107 21 anseende
824 1158 31 20 till
875 1158 104 20 särskilda

153 1186 119 22 bestående
293 1186 158 27 förhållanden,
474 1187 49 21 icke
545 1188 57 20 ännu
629 1188 83 20 kunnat
735 1187 180 27 tillvägabringas.
945 1186 33 20 De

154 1216 63 20 flesta
232 1214 114 28 domsagor
361 1215 86 21 komma
461 1216 6 20 i
483 1215 116 28 anledning
619 1215 62 21 deraf
694 1217 32 19 att
742 1216 63 20 bestä
819 1215 24 20 af
856 1215 74 21 endast
946 1217 33 19 tre

154 1243 103 28 tingslag;
274 1243 68 21 skulle
358 1250 27 14 nu
402 1250 27 14 cn
443 1251 27 20 ny
482 1244 108 28 reglering
600 1244 95 28 försiggä
706 1244 99 26 sålunda,
821 1245 32 19 att
864 1243 36 21 det
910 1244 69 27 tredje

154 1272 116 28 tingslaget
286 1271 98 21 bortfölle
400 1272 39 20 och
455 1272 26 21 de
498 1272 125 21 nuvarande
639 1272 116 21 domarena
769 1272 84 20 behölle
869 1272 53 20 blott
933 1274 46 24 två,

154 1301 24 21 sä
193 1300 54 27 egde
264 1299 26 21 de
306 1300 99 21 effektivt
424 1308 80 13 samma
527 1301 185 27 aflöningsbelopp
735 1308 45 14 som
798 1301 57 20 förut
870 1301 48 20 med
934 1301 44 20 tvä-

154 1328 131 28 tredjedelar
301 1328 23 20 af
338 1328 36 21 sitt
390 1329 130 21 territorium
543 1329 49 27 och,
615 1330 55 20 efter
692 1329 54 21 hvad
768 1336 47 14 man
832 1329 40 20 kan
889 1331 90 25 antaga,

153 1358 63 20 äfven
231 1356 50 21 med
296 1356 169 28 tvätredjedelar
480 1358 23 20 af
517 1358 92 26 arbetet,
625 1358 90 27 troligen
732 1358 31 20 till
779 1358 38 20 och
834 1357 48 21 med
896 1358 82 20 mindre

153 1388 25 18 än
195 1384 173 28 tvätredjedelar.
399 1385 42 27 Jag
458 1386 34 21 vill
509 1386 119 21 emellertid
645 1386 103 21 anmärka
767 1386 84 26 härvid,
872 1388 32 18 att
920 1386 59 20 detta

152 1415 48 20 icke
216 1413 72 21 kunde
304 1413 56 27 gälla
375 1414 41 20 alla
432 1414 59 20 delar
506 1415 23 21 af
543 1414 79 28 landet,
638 1417 23 25 ty
677 1415 6 20 i
700 1414 119 28 Uleåborgs
835 1414 42 27 län,
893 1414 38 20 der
942 1414 36 20 det

152 1443 68 20 finnes
235 1441 88 28 mycket
338 1443 82 19 strörre
435 1443 98 21 sträckor
549 1445 32 19 att
591 1443 73 21 färdas
674 1443 57 21 inom
743 1443 148 27 domsagorna,
908 1442 70 20 kunde

151 1478 27 14 en
194 1470 67 21 sädan
284 1470 106 27 reglering
413 1471 115 27 ingalunda
551 1474 59 18 snart
629 1472 167 20 ästadkommas.
826 1470 45 22 Der
886 1470 69 21 skulle
972 1472 5 19 i
