1078 1700
859 96 25 20 11

164 151 54 20 Herr
228 158 48 14 von
287 150 77 27 Born,
380 151 63 25 C.F.,
459 151 81 28 yrkade
556 152 96 21 deremot
668 153 32 19 att
710 152 58 20 valet
778 152 23 20 af
812 148 104 24 elektors-

96 179 137 29 suppleanter
256 179 68 21 skulle
348 180 38 20 ske
404 180 27 27 pä
449 186 80 14 samma
552 181 56 27 gäng
626 180 49 20 med
693 180 56 20 valet
764 180 24 21 af
801 180 114 27 elektorer,

96 207 73 21 sävida
184 207 35 21 det
235 214 52 14 vore
300 208 83 27 möjligt
399 210 31 18 att
447 208 69 27 nägon
528 208 24 20 af
564 209 134 20 elektorerne
710 208 35 21 vid
756 208 93 21 skeende
860 216 56 13 sam-

95 235 112 21 manträde
222 243 77 21 genom
315 236 48 28 laga
378 236 70 20 förfall
463 243 50 14 vore
529 236 90 21 hindrad
638 238 31 19 att
684 238 91 20 närvara
790 237 39 21 och
845 237 34 20 val
895 238 23 20 af

96 264 159 27 ridderskapets
271 264 39 21 och
326 264 73 21 adelns
415 264 138 21 medlemmar
563 265 7 21 i
581 265 109 21 utskotten
707 265 122 27 derigenom
845 265 71 21 kuude

95 292 112 28 fördröjas,
222 292 89 28 hvilket,
326 293 66 27 enligt
408 293 93 21 talarens
516 293 62 28 äsigt,
594 293 66 21 borde
678 294 111 20 undvikas.

164 321 101 21 Friherre
280 320 36 22 De
332 321 24 21 la
372 321 134 27 Chapelle,
522 321 33 27 R.,
571 322 121 20 förklarade
709 322 51 20 derä
775 322 36 20 det
825 322 42 21 han
878 329 37 14 an-

96 350 38 27 säg
145 351 32 19 att
188 349 32 21 val
232 349 23 21 af
268 349 243 28 elektors-suppleanter
526 350 48 21 icke
586 350 67 20 skulle
664 350 128 28 uppskjutas
803 350 32 21 till
846 358 69 14 annan

97 378 51 27 dag;
163 379 52 19 utan
232 377 66 21 borde
314 378 117 21 detsamma
447 378 71 21 kunna
533 378 39 21 ske
587 380 57 19 ännu
655 378 67 21 under
732 378 117 28 pästäende
860 386 55 14 sam-

96 406 118 27 manträde,
231 406 180 28 omedelbarligen
426 406 54 21 efter
495 407 37 20 det
548 407 57 21 valet
618 406 23 22 af
654 407 108 21 elektorer
779 407 121 28 försiggätt.

164 434 58 21 Herr
244 434 197 21 landtmarskalken
465 435 126 21 hemställde
610 442 28 14 nu
660 436 32 20 till
711 435 150 28 ridderskapet
876 436 40 21 och

96 462 69 27 adeln,
181 470 34 14 om
231 463 106 21 elektorer
348 463 39 21 och
398 463 243 28 elektors-suppleanter
652 464 68 20 skulle
731 464 67 27 väljas
809 464 107 27 särskildt,

97 491 39 21 och
159 491 27 21 dä
207 491 69 21 denna
299 491 61 28 fräga
378 492 24 20 af
422 491 149 28 ridderskapet
586 492 39 21 och
641 492 61 20 adeln
723 492 128 21 besvarades
866 493 50 21 med

97 520 158 27 öfvervägande
275 520 31 27 ja,
324 520 134 27 uppmanade
481 520 50 21 herr
550 520 197 21 laudtmarskalken
766 520 150 28 ridderskapet

97 548 38 21 och
151 548 63 21 adeln
229 550 31 19 att
276 548 116 21 verkställa
406 548 34 21 val
457 548 22 21 af
501 548 107 22 elektorer
628 551 54 18 samt
698 549 98 21 erinrade
811 549 104 28 derjemte

97 579 30 18 att
143 577 99 26 valsedel,
259 577 33 20 för
308 579 31 18 att
354 584 52 14 vara
414 577 67 28 giltig,
498 577 38 21 bör
551 585 52 13 vara
617 577 86 21 försedd
719 577 59 21 säväl
792 577 50 21 med
856 585 59 14 nam-

96 608 36 18 net
149 605 12 20 &
176 605 26 20 de
217 612 103 20 personer
335 605 72 21 hvilka
422 606 91 27 utväljas
530 613 46 14 som
592 613 114 14 numrorna
717 606 12 21 &
740 606 26 21 de
780 608 62 25 ätter,
853 607 62 20 hvar-

97 633 31 21 till
145 633 26 21 de
187 633 61 21 valde
264 633 62 27 höra;
343 634 51 21 derä
410 634 33 21 val
459 634 22 21 af
495 634 98 21 ständets
608 636 76 19 trenne
700 634 83 21 klasser
798 634 94 28 företogs
904 635 12 21 &

97 661 69 22 skilda
179 669 52 13 rum.

164 689 76 22 Under
255 691 58 20 valet
328 690 96 28 yppades
440 690 127 21 tvifvelsmäl
583 691 57 20 inom
655 691 57 28 3:dje
728 691 85 21 klassen
824 691 91 21 rörande

96 719 125 27 giltigheten
238 719 22 20 af
272 719 53 27 fyra.
334 715 120 37 inlemnade.
468 715 105 37 vallistor,
584 719 98 29 hvarföre
694 719 50 21 herr
754 719 162 22 landtmarskal-

98 747 41 21 ken
155 747 30 21 till
202 747 96 21 ständets
314 747 116 27 afgörande
447 747 126 21 hemställde

103 773 4 3 N
166 777 33 20 1:o
215 783 34 13 om
265 783 25 13 en
307 775 90 27 vallista,
414 783 51 19 som,
481 775 68 21 under
571 776 102 21 rubriken
696 776 115 27 elektorer,
833 779 83 26 upptog

97 804 35 21 det
156 803 110 22 bestämda
289 804 81 21 antalet
394 803 113 28 elektorer,
531 804 38 21 och
593 805 109 20 dessutom
724 805 68 21 under
814 805 102 21 rubriken

97 832 137 28 suppleanter
250 833 124 26 ytterligare
390 834 32 19 tre
437 839 70 20 namn,
524 832 71 21 kunde
610 833 131 27 godkännas.

164 860 102 27 Ropades
279 861 30 27 ja.

165 889 33 20 2:o
215 894 33 15 om
264 889 90 25 vallista,
370 895 46 14 som
431 889 104 21 likaledes
550 889 68 21 under
633 890 99 21 rubriken
750 889 106 22 elektorer
869 890 47 21 fun-

95 924 38 13 nes
148 917 108 21 innehålla
270 917 56 21 elfva
341 924 71 19 nami,
428 917 92 21 derefter
536 919 31 20 ett
583 917 72 22 streck
669 920 53 19 utan
737 918 81 27 rubrik,
832 918 40 21 och
882 920 34 26 yt-

96 945 101 28 terligare
211 948 33 19 tre
260 953 70 19 namn,
346 945 72 21 kunde
433 945 131 28 godkännas.

165 974 107 21 Svarades
287 974 43 27 nej.
692 983 2 2 ;

163 1003 34 20 3:o
219 1009 34 14 om
276 1003 85 20 ståndet
384 1002 47 21 ville
455 1002 33 21 för
503 1002 62 28 giltig
579 1002 95 21 förklara
690 1010 26 14 en
731 1003 57 26 lista,
804 1003 66 21 hvarä
885 1005 31 19 ett

95 1030 48 21 med
166 1031 62 20 bläck
252 1030 90 21 skrifvet
366 1037 63 14 namn
444 1038 38 13 var
497 1031 110 21 utstruket
623 1031 39 21 och
678 1033 32 19 ett
725 1033 65 19 annat
806 1031 49 21 med
870 1031 46 28 bly-

96 1059 59 20 harts
170 1059 76 27 insatt;
262 1059 87 20 hvartill
365 1059 100 21 svarades
481 1060 42 25 nej.

164 1088 34 20 4:0
215 1094 33 14 om
264 1087 90 26 vallista,
378 1094 44 13 som
440 1089 84 26 upptog
535 1087 82 21 endast
629 1088 25 21 10
665 1087 108 22 elektorer
784 1088 6 20 i
802 1088 71 21 stället
883 1088 33 21 för

97 1116 32 27 11,
138 1115 71 21 kunde
225 1115 139 21 tillerkännas
380 1115 109 28 giltighet;
505 1115 89 21 hvilken
602 1116 60 28 fräga
674 1116 129 21 besvarades
814 1116 50 21 med
874 1117 41 27 nej.

164 1144 70 21 Sedan
257 1144 131 21 sistnämnde
404 1146 75 19 trenne
495 1144 96 21 vallistor
607 1145 89 20 sälunda
712 1145 69 20 blifvit
799 1145 117 21 kasserade

94 1172 93 28 fortgick
202 1172 191 28 valförrättningen
405 1172 39 21 och
454 1172 62 21 utföll
527 1172 90 22 sålunda
627 1175 31 19 att
668 1173 32 21 till
712 1173 107 21 elektorer
829 1174 87 27 utsägos

387 1218 62 20 Inom
465 1219 53 19 1:sta
534 1218 91 21 klassen:

196 1257 40 21 N:o
269 1258 9 20 1
295 1258 73 26 grefve
385 1257 82 26 Creutz,
484 1258 23 20 C.
524 1258 28 20 M.

211 1302 11 9 »
266 1287 14 19 4
295 1286 92 20 friherre
403 1286 78 26 Mellin,
496 1286 25 20 B.
541 1286 25 21 G.

211 1330 11 10 »
253 1315 27 20 19
296 1314 116 28 Carpelans
422 1314 65 21 fullm.
498 1314 91 21 friherre
601 1322 40 14 von
653 1314 65 27 Troil,
730 1315 21 20 8.
762 1314 36 22 W.

211 1359 12 9 »
253 1344 27 20 20
294 1342 90 22 friherre
407 1342 67 28 Boije,
492 1342 29 21 H.
539 1343 25 20 G.
593 1345 2 2 '

211 1387 11 9 n
254 1372 26 20 39
326 1387 14 11 +
407 1370 33 22 De
456 1371 20 21 la
491 1371 110 27 Chapelle,
617 1371 24 21 F.
658 1371 26 21 R.

385 1417 58 20 Inom
458 1418 65 19 2:dra
539 1417 90 21 klassen:

195 1456 40 21 N:o
252 1458 12 18 3
280 1456 92 21 Tavasts
389 1456 64 21 fullm.
469 1456 50 21 herr
535 1456 129 27 Schauman,
680 1457 20 20 J.
716 1456 27 21 A.

211 1501 11 9 »
253 1485 13 20 5
281 1484 49 21 herr
345 1485 118 27 Jägerhorn
479 1484 23 21 af
517 1485 91 27 Spurila,
625 1484 23 21 C.
664 1486 17 19 J.
