1078 1700
823 77 28 21 45

58 137 31 21 till
104 136 53 28 följd
173 136 75 22 hvaraf
261 135 93 22 nämnda
368 135 133 28 proposition
517 135 68 22 skulle
598 135 68 28 jemte
683 134 197 29 protokollsutdrag

58 165 143 21 öfverlemnas
216 164 32 21 till
264 164 230 28 grundlagsutskottet.

127 193 173 22 Sammanträdet
314 192 113 29 upphörde
443 192 28 21 kl.
487 193 12 20 2
516 200 18 14 e.
549 200 28 14 m.

663 222 21 16 In
697 222 63 16 fidem:

582 256 72 21 Vietor
669 257 26 20 de
710 256 22 20 la
748 255 103 29 Chapelle.

271 343 49 27 Den
338 344 18 26 4
374 343 114 27 Februari
505 343 34 27 kl.
557 342 29 27 12
604 343 17 27 £
639 350 31 19 m.

127 412 133 28 Föredrogs:

59 460 234 21 Riddarhusutskottets
315 460 132 20 betänkande
469 460 94 20 rörande
582 460 123 27 antagande
724 459 28 29 af
767 460 113 28 ordnings-

127 489 76 27 stadga
221 488 41 29 för
284 488 157 28 ridderskapets
464 488 37 21 och
525 488 74 21 adelns
624 489 175 20 sammanträden
825 492 55 18 samt

127 518 76 27 stadga
215 517 40 29 för
270 517 91 21 ähörare
376 518 69 20 under
460 518 147 20 innevarande
623 517 113 27 landtdag.

128 569 71 22 Sedan
217 569 148 28 ridderskapet
384 569 40 21 och
443 569 62 21 adeln
523 569 71 21 funnit
609 576 27 14 en
653 569 179 28 ordningsstadga
847 569 33 22 för

60 599 97 20 ständets
172 598 171 22 sammanträden
359 601 55 18 samt
430 605 26 14 en
472 597 77 29 stadga
563 598 34 21 för
612 598 91 21 åhörare
718 598 83 26 dervid,
813 599 67 20 under

60 635 28 14 nu
103 627 117 28 pästäende
234 627 113 28 landtdag,
363 627 23 20 af
399 627 102 21 behofvet
513 627 108 28 päkallad,
639 627 38 21 har
692 627 86 21 ständet
788 627 92 29 behagat

59 656 96 22 infordra
169 655 229 22 riddarhusutskottets
414 655 101 28 yttrande
530 655 105 22 huruvida
650 656 27 21 de
696 656 35 21 vid
749 655 130 29 landtdagen

62 685 53 22 1863
135 685 7 20 i
161 684 89 22 berörda
269 684 101 21 afseende
388 688 94 25 antagna
499 684 88 28 stadgar
605 684 63 21 äfven
687 684 35 22 vid
737 685 143 21 innevarande

60 713 102 28 landtdag
176 720 51 14 vore
243 713 130 28 tillämpliga.

129 742 42 21 Vid
193 743 6 20 i
216 741 114 29 anledning
349 742 62 21 häraf
427 742 112 27 företagen
556 742 133 28 granskning
704 742 23 21 af
741 742 139 21 omförmälda

61 771 86 28 stadgar
165 771 38 21 har
221 770 220 21 riddarhusutskottet
458 770 48 22 icke
525 770 70 21 funnit
611 771 46 20 skäl
673 773 31 18 att
720 771 79 21 föreslä
814 771 66 21 andra

61 800 114 28 ändringar
197 801 36 26 än,
256 799 132 21 beträffande
412 799 179 28 ordningsstadga
608 799 34 21 för
660 799 160 28 ridderskapets
841 800 39 21 och

61 828 73 22 adelns
149 828 180 26 sammanträden,
346 835 26 14 en
388 827 157 29 omredigering
560 828 23 21 af
596 828 33 21 6:e
644 828 96 27 punkten
757 828 31 21 till
798 828 82 21 förtyd-

60 857 85 28 ligande
161 857 61 21 deraf
235 859 41 25 att,
292 857 70 21 säsom
377 856 85 21 ständet
477 856 66 21 redan
560 856 34 21 vid
611 857 54 20 1863
681 857 34 21 &rs
726 857 103 28 landtdag
848 859 32 19 för-

61 886 78 27 klarat,
155 886 41 21 den
212 885 30 21 uti
258 885 64 28 sagde
337 886 69 27 punkt
421 887 82 19 utsatta
519 885 89 28 afgiften
619 885 104 22 hänförde
734 885 33 28 sig
777 886 32 21 till
819 886 61 21 hvar-

61 915 50 20 dera
129 914 24 21 af
169 914 26 21 de
210 915 7 20 i
232 914 95 28 punkten
346 914 128 21 omnämnda
489 914 114 21 förseelser
618 915 40 20 och
673 916 32 19 att
720 914 27 21 de
763 914 117 28 inflytande

60 943 125 28 afgifternas
204 943 139 21 användande
362 943 34 20 må
412 943 51 21 bero
479 943 27 27 på
521 943 161 28 ridderskapets
698 943 39 21 och
752 943 74 21 adelns
842 943 36 22 be-

61 972 132 21 stämmande
208 971 35 21 vid
258 971 140 28 landtdagens
414 973 51 24 slut,
475 971 7 21 i
494 971 71 21 stället
575 971 34 22 för
619 971 145 22 förordnande
775 974 32 19 att
818 971 62 22 dessa

61 1000 86 29 afgifter
163 1000 67 21 skulle
243 1000 92 21 fördelas
346 1000 64 21 bland
421 1000 68 21 finske
500 1002 125 23 veteraner;
636 1002 55 19 samt
702 1000 91 21 rörande
804 1000 76 29 stadga

60 1029 34 21 för
115 1029 100 27 åhörare,
233 1029 136 21 uteslutande
389 1029 23 20 af
428 1029 12 21 2
459 1029 23 27 &,
503 1029 92 21 rörande
613 1029 208 28 inträdes-biljetter,
841 1029 37 21 och

60 1059 67 26 några
151 1057 38 22 ord
207 1058 31 21 uti
256 1057 26 22 de
301 1057 68 28 öfriga
388 1057 28 28 $$
435 1057 24 22 af
475 1057 143 22 nästnämnde
634 1057 86 28 stadga,
736 1057 108 22 föranledt
859 1058 23 21 af

60 1086 160 28 ridderskapets
234 1086 40 21 och
289 1086 73 21 adelns
378 1086 41 21 den
434 1087 27 20 28
477 1086 116 28 nyssvikne
609 1086 91 21 Januari
714 1086 84 21 fattade
810 1087 70 21 beslut

60 1117 31 19 att
110 1115 47 21 fritt
176 1115 93 21 tillträde
287 1115 32 21 till
336 1115 147 21 riddarhusets
502 1115 83 21 läktare
605 1115 69 21 skulle
689 1115 81 21 lemnas
786 1122 26 14 en
827 1115 53 21 hvar

59 1144 69 21 under
143 1144 95 21 ståndets
254 1144 179 21 sammanträden.
457 1144 231 21 Riddarhusutskottet
703 1144 33 21 får
751 1144 84 21 derföre
849 1144 31 21 till

60 1172 36 22 det
111 1172 114 28 höglofliga
240 1172 96 22 ståndets
352 1172 100 29 pröfning
467 1172 39 22 och
522 1172 123 28 antagande
659 1172 118 22 framställa
787 1172 93 29 följande

60 1201 89 21 sålunda
164 1201 93 21 ändrade

102 1248 184 28 Ordningsstadga
298 1248 40 29 för
353 1248 158 28 ridderskapets
527 1248 38 21 och
581 1248 73 21 adelns
668 1249 175 21 sammanträden

305 1278 69 20 under
390 1277 131 28 landtdagen
538 1278 26 19 år
579 1277 59 21 1867.

129 1318 32 20 1:o
177 1316 47 22 Den
244 1324 45 14 som
308 1318 70 27 yttrar
393 1317 33 28 sig
440 1317 32 21 till
487 1316 131 28 protokollet
633 1316 47 22 från
696 1324 71 14 annan
783 1318 26 20 än
826 1324 53 20 egen

60 1346 55 28 plats
131 1346 87 27 erlägge
233 1346 37 20 två
284 1346 62 20 mark
361 1345 66 21 finskt
442 1348 66 25 mynt.

128 1376 33 20 2:0
177 1374 48 21 Den
240 1381 46 14 som
302 1374 35 21 vid
353 1374 34 21 val
403 1374 51 21 eller
465 1374 110 28 votering,
585 1374 65 20 innan
661 1374 54 21 hans
726 1381 97 14 nummer
834 1374 46 21 blif-

60 1404 30 20 vit
108 1402 122 29 uppropad,
249 1403 89 21 insätter
358 1402 32 22 sin
409 1402 42 22 val-
470 1402 52 22 eller
541 1402 172 29 voteringssedel
730 1403 32 21 uti
778 1403 102 21 valurnan

60 1432 86 28 erlägge
161 1434 33 18 tre
209 1431 67 21 mark.

128 1461 33 20 3:0
177 1460 47 21 Den
240 1467 45 14 som
302 1460 27 27 pä
344 1462 31 18 ett
390 1460 51 20 eller
457 1462 65 18 annat
538 1459 115 28 oskickligt
668 1461 41 21 sätt
722 1460 70 28 gifver
802 1460 37 21 sitt
850 1460 30 20 bi-

59 1489 35 21 fall
111 1489 52 21 eller
178 1488 106 28 ogillande
299 1488 104 21 tillkänna
418 1488 85 28 erlägge
519 1495 39 14 sex
573 1488 67 22 mark.
