1078 1700
842 88 38 20 167

87 141 36 21 det
141 141 87 21 afsedda
247 142 107 27 beloppet.
385 142 46 20 Ifall
451 142 20 20 vi
490 142 61 26 börja
566 142 50 27 höja
632 142 88 28 afgiften
736 143 7 20 i
758 143 66 21 andra
840 144 68 27 punk-

87 172 39 24 ter,
150 170 24 20 så
199 170 31 20 får
249 170 156 20 bondeståndet
424 170 60 20 desto
503 171 70 19 större
591 170 115 28 anledning
724 173 31 19 att
776 171 19 27 ej
814 172 50 27 ingå
881 173 27 26 på

85 198 114 27 förslaget,
215 201 31 18 att
262 198 62 20 äfven
340 198 105 28 allmogen
462 198 68 21 skulle
541 198 72 21 betala
623 199 43 20 lika
677 199 56 27 höga
743 200 165 28 kartasigillata-

87 226 85 28 afgifter
188 233 44 14 som
249 226 69 28 öfriga
333 227 190 21 samhällsklasser.

154 254 58 22 Herr
234 255 160 27 Grotenfelt,
418 255 36 21 N.:
484 255 43 28 Jag
545 255 96 21 biträder
659 255 33 21 för
711 256 42 21 min
770 256 33 21 del
818 256 90 22 friherre

87 290 40 14 von
144 283 69 21 Troils
229 284 177 26 framställning
400 279 14 35 i
422 285 78 19 ämnet.
729 298 2 2 :

154 311 58 21 Herr
226 312 123 27 Pipping,
365 312 24 20 F.
406 312 30 20 J.:
455 312 43 27 Jag
513 312 107 20 erkänner
636 312 129 27 riktigheten
779 307 24 37 af
812 313 27 21 de
850 314 56 26 skäl,

85 347 46 13 som
146 340 90 21 friherre
252 348 40 13 von
309 340 59 20 Troil
384 340 69 21 anfört
469 340 34 20 för
519 340 38 20 sitt
572 340 160 28 amendement,
747 348 47 14 men
806 342 27 20 då
844 342 62 21 dessa

85 368 46 21 skäl
154 370 37 19 äro
213 368 107 22 beroende
340 368 44 21 dels
403 369 27 27 på
447 369 109 27 utgången
575 368 36 21 vid
627 368 69 22 denna
711 369 102 29 landtdag
829 370 23 20 af
865 370 41 21 den

85 397 77 27 nådiga
178 397 159 27 propositionen
353 397 90 21 rörande
460 397 109 21 kämners-
585 397 40 21 och
635 397 175 28 lagmansrätters
821 398 85 28 indrag-

85 426 58 27 ning,
161 425 45 21 dels
221 426 27 26 på
267 426 108 27 utgången
392 426 22 20 af
427 426 105 27 förslaget
547 425 7 21 i
570 425 71 21 denna
656 426 142 27 proposition,
814 427 92 21 rörande

84 454 168 20 bondeståndets
275 454 123 28 skyldighet
421 456 31 18 att
472 454 114 20 framdeles
606 454 98 27 begagna
722 454 43 21 lika
782 455 43 28 hög
843 455 62 21 karta

85 489 44 14 som
145 482 83 21 landets
244 482 68 28 öfriga
327 483 140 25 innevånare,
481 482 40 21 och
537 482 26 20 då
579 482 36 20 det
626 482 7 20 i
643 484 64 19 stats-
718 483 39 21 och
769 483 135 29 bevillnings-

83 511 118 20 utskottets
224 510 135 22 betänkande
381 511 151 26 förekommer,
555 512 32 19 att
606 511 69 20 denna
693 511 125 29 förordning
837 512 68 21 skulle

83 539 56 27 gälla
158 539 75 21 endast
254 539 31 21 till
304 540 108 27 utgången
431 539 23 21 af
470 540 23 20 år
513 540 64 26 1872,
593 539 36 20 vid
645 539 85 21 hvilken
745 540 31 20 tid
792 548 47 13 man
856 540 48 22 med

84 567 80 21 visshet
179 568 41 21 fått
236 568 69 21 erfara
320 568 54 20 huru
389 568 93 21 nämnda
496 568 73 27 frågor
585 568 85 21 komma
683 570 31 19 att
726 569 55 20 lösas
794 569 110 28 angående

82 596 127 28 indragning
224 597 22 20 af
260 597 168 20 kämnersrätter
444 603 27 14 m.
488 603 35 20 m.,
539 597 24 20 sä
578 596 68 21 skulle
660 597 38 27 jag
711 597 33 20 för
755 597 42 21 min
808 597 33 21 del
853 605 51 14 anse

84 625 47 20 bäst
146 627 41 24 att,
204 625 7 20 i
226 625 78 20 sakens
321 625 121 20 nuvarande
459 625 70 26 skick,
541 627 80 25 antaga
637 625 62 21 dessa
714 627 119 20 momenter
848 626 55 21 oför-

83 653 94 21 ändrade
193 653 38 21 och
246 653 71 21 lemna
332 653 41 21 den
388 653 123 28 föreslagna
525 653 165 28 omflyttningen
706 653 107 22 beroende
828 654 32 21 till
870 656 33 19 ut-

82 682 84 27 gången
182 682 23 20 af
218 683 24 20 år
259 680 60 23 1872.
389 703 9 5 ms

150 709 58 22 Herr
223 710 141 21 Molander:
384 709 71 22 Afven
469 710 38 27 jag
525 710 42 20 kan
585 710 20 27 ej
621 710 139 28 understödja
774 711 41 20 den
831 711 24 20 af
867 711 37 20 fri-

84 739 61 20 herre
161 745 42 14 von
218 739 59 20 Troil
292 739 122 27 föreslagna
430 738 155 28 uppflyttning,
601 739 28 26 pä
644 739 26 20 de
685 739 46 20 skäl
746 739 48 20 herr
809 739 94 28 Pipping

82 767 81 25 anfört,
186 774 47 14 men
256 767 49 20 ville
326 767 108 27 föröfrigt,
453 767 7 20 i
478 767 69 20 likhet
565 767 49 20 med
630 767 73 28 grefve
719 767 88 27 Creutz,
822 767 80 28 antydä

82 797 41 25 att,
147 796 66 20 sedan
232 795 70 21 denna
321 795 133 28 proposition
473 795 142 27 diskuterats,
635 795 123 22 densamma
774 795 47 22 icke
837 796 65 21 borde

83 823 141 22 öfverlemnas
240 824 31 20 till
286 823 253 28 expeditionsutskottet,
551 826 52 18 utan
614 824 66 21 borde
690 824 54 21 först
755 824 81 21 erfaras
847 824 55 21 hvad

82 853 81 27 utgäng
185 852 66 21 saken
267 852 6 21 i
289 853 26 20 de
334 852 68 27 öfriga
420 852 92 21 ständen
531 852 64 27 tagit;
615 854 23 25 ty
656 859 34 14 om
706 853 159 27 propositionen
882 853 20 27 ej

82 881 125 26 godkändes
222 881 6 20 i
244 881 40 20 den
307 881 68 27 punkt
398 888 45 13 som
463 881 66 27 angär
547 881 118 27 allmogens
684 881 121 28 skyldighet
823 883 32 18 att
870 887 32 14 er-

81 909 63 28 lägga
166 909 264 28 kartasigillata-afgiften,
453 909 24 21 sä
499 909 67 20 borde
589 909 41 20 den
648 909 77 28 nädiga
742 909 160 28 propositionen

82 938 168 20 äterremitteras
269 938 31 20 till
319 940 62 18 stats-
400 937 39 21 och
457 937 245 28 bevillningsutskottet,
718 937 33 21 för
766 940 32 18 att
813 937 37 21 det
865 944 37 14 an-

82 965 39 21 dra
135 966 145 27 alternativet,
297 973 45 14 som
358 966 23 20 af
395 966 126 27 regeringen
537 967 24 19 är
576 965 124 28 föreslaget,
714 967 66 20 mätte
795 966 7 20 i
817 966 82 20 utskot-

82 996 31 19 tet
136 994 85 21 komma
242 995 32 20 till
297 994 121 21 diskussion
437 994 40 21 och
495 994 113 21 föranleda
627 994 31 21 till
677 994 119 27 afgifvande
815 993 23 21 af
853 995 48 26 nytt

82 1023 142 20 betänkande.

150 1051 58 21 Herr
225 1051 195 21 landtmarskalken
438 1051 134 20 framställde
590 1051 52 20 härä
660 1057 26 14 en
705 1051 23 20 sä
744 1050 93 29 lydande
853 1057 48 21 pro-

81 1079 103 28 position:

151 1124 10 9 »
164 1108 44 21 Vill
230 1108 149 28 ridderskapet
402 1107 39 22 och
460 1107 63 21 adeln
542 1110 79 26 antaga
640 1107 67 28 tredje
726 1107 135 28 afdelningen
880 1107 23 20 af

81 1137 12 27 8
109 1137 12 20 4
137 1139 52 19 utan
205 1137 109 27 ändring'',
330 1136 86 21 hvilken
432 1136 129 21 besvarades
577 1136 49 21 med
641 1135 156 28 öfvervägande
809 1136 30 27 ja.

149 1166 46 20 Mot
210 1165 68 29 fjerde
294 1164 136 28 afdelningen
445 1164 24 22 af
482 1165 11 27 8
509 1166 14 19 4
539 1164 89 22 anförde

149 1193 58 21 Herr
228 1201 47 13 von
299 1193 150 21 Bonsdorff:
475 1193 42 28 Jag
536 1193 68 21 skulle
623 1192 64 28 tycka
705 1194 31 20 att
756 1191 144 22 ordningsrät-

81 1224 61 19 terna
165 1224 37 19 äro
222 1222 38 21 bra
278 1222 52 27 högt
349 1221 168 27 klassificerade,
537 1221 27 21 dä
582 1222 26 20 de
624 1220 100 22 hänföras
740 1220 32 21 till
786 1220 69 28 fjerde
870 1220 30 21 af-

81 1250 124 28 delningen;
225 1251 38 27 jag
286 1250 68 21 skulle
374 1250 50 28 vilja
442 1250 106 27 nedflytta
563 1250 48 20 dem
628 1249 31 21 till
674 1249 64 21 femte
754 1248 146 28 afdelningen,

80 1279 46 27 ithy
142 1281 32 19 att
189 1279 170 27 ordningsrätter
374 1280 36 19 äro
424 1278 123 28 jemförliga
562 1278 48 20 med
625 1278 168 20 kämnersrätter
808 1277 39 21 och
863 1284 37 20 po-

80 1307 143 21 liskammare.
245 1307 43 21 För
305 1307 173 28 konsegvensens
494 1306 56 21 skull
565 1306 49 20 ville
627 1306 38 27 jag
680 1306 84 20 derföre
780 1305 79 21 föreslä
874 1312 26 14 en

80 1336 125 27 förändring
219 1336 6 20 i
241 1336 76 20 sädant
332 1336 63 27 syfte.

149 1364 58 20 Herr
225 1364 143 20 Molander:
393 1364 11 20 I
423 1364 59 20 detta
500 1364 95 20 moment
613 1364 23 18 är
650 1362 116 30 föreslaget
782 1363 31 19 att
829 1362 71 20 karta-

81 1392 91 28 sigillata
191 1392 52 21 skall
259 1392 109 28 begagnas
388 1392 35 20 vid
438 1391 163 28 gymnasiernas
616 1390 184 22 rektorsembeten
816 1390 39 20 och
870 1390 30 20 lä-

80 1421 159 27 rarekollegier.
269 1420 42 28 Jag
334 1421 41 20 kan
398 1420 20 27 ej
442 1420 55 20 fatta
514 1419 100 21 hvarföre
633 1419 97 21 bemälda
748 1418 152 28 myndigheter

81 1449 34 20 vid
138 1449 26 21 de
182 1449 146 26 dokumenter,
348 1455 46 14 som
412 1448 23 20 af
451 1448 48 20 dem
517 1447 105 25 utfärdas,
641 1447 60 21 skola
719 1447 98 27 begagna
835 1448 65 19 stäm-

80 1477 125 28 pelpapper,
228 1479 23 25 ty
274 1477 63 21 dessa
359 1476 142 21 dokumenter
518 1477 50 19 röra
582 1476 7 20 i
605 1475 26 21 de
649 1475 63 21 flesta
730 1475 36 21 fall
784 1474 116 28 omyndiga
