1078 1700
191 80 41 21 512

158 137 53 28 gärd
221 136 34 22 väl
266 136 43 21 kan
320 136 102 21 särskildt
433 136 23 21 af
467 136 127 28 regeringen
605 136 123 28 uppdragas
736 137 22 21 åt
766 136 58 26 dem,
836 144 33 14 om
879 137 44 21 skäl
935 137 46 21 der-

157 166 31 20 till
204 172 63 14 anses
283 164 140 21 förekomma.

225 193 59 21 Herr
302 192 141 21 Molander:
462 192 69 22 Sedan
548 194 85 26 engång
648 194 61 26 fråga
725 194 74 20 väckts
815 201 33 17 om
864 194 118 20 förändrin-

157 229 39 21 gar
212 222 22 20 af
247 221 141 21 redaktionen
404 221 6 20 i
428 221 35 21 det
479 228 75 14 senare
570 224 119 18 momentet
702 222 24 20 af
735 221 47 21 9:de
794 222 105 26 punkten,
910 222 24 20 så
944 222 38 20 ber

158 250 65 21 också
236 250 38 28 jag
290 252 32 18 att
337 249 22 21 få
374 250 53 26 göra
443 256 25 14 en
485 250 142 27 anmärkning
642 250 133 20 beträffande
792 257 80 14 samma
882 252 99 19 moment.

158 278 72 28 Enligt
246 278 71 21 denna
332 277 24 21 af
370 278 106 20 utskottet
491 278 122 28 föreslagna
629 278 113 21 redaktion
753 278 94 28 framgår
857 279 47 21 icke
916 278 65 26 klart,

157 309 32 19 att
212 307 146 21 revisorernas
381 306 116 21 berättelse
519 306 60 21 alltid
599 307 54 20 skall
673 306 50 28 ingå
742 307 30 20 till
791 306 60 21 Hans
870 307 112 27 Majestät,

157 335 83 21 hvilket
256 335 40 27 jag
316 334 56 21 dock
391 341 63 14 anser
476 334 74 28 nödigt
573 335 40 21 och
635 335 103 27 lämpligt.
769 334 154 22 Revisorernas
947 336 34 20 be-

158 364 100 20 rättelser
284 363 70 21 skulle
380 362 76 21 endast
482 363 33 20 för
543 363 40 21 den
610 363 110 25 händelse,
746 365 32 19 att
803 365 57 19 emot
886 363 96 21 bankens

157 392 131 27 förvaltning
314 392 64 26 göras
404 391 165 27 anmärkningar
596 392 39 20 och
665 392 115 27 kejserliga
807 394 99 18 senatens
932 392 49 20 eko-

159 420 232 27 nomie-departement
418 419 48 21 icke
498 420 59 20 delar
585 416 203 31 bankfullmäktiges
815 420 65 27 äsigt,
911 420 71 26 insän-

158 449 37 21 das
219 448 31 21 till
272 448 62 20 Hans
358 447 102 28 Majestät
479 448 39 20 och
537 448 90 21 ärendet
646 448 142 21 öfverlemnas
808 448 31 21 till
858 450 53 19 Dess
926 448 56 28 höga

160 476 123 29 afgörande.
308 476 114 27 Deremot,
446 482 34 14 om
506 478 31 19 ett
563 476 77 21 sådant
664 476 36 22 fall
722 477 48 21 icke
795 476 67 22 skulle
885 476 97 26 inträffa,

160 506 67 20 skulle
251 505 157 27 berättelserna
431 504 66 28 enligt
521 504 70 22 denna
613 505 113 21 redaktion
750 505 48 21 icke
824 505 90 21 behöfva
932 505 50 27 ingå

158 534 31 21 till
213 534 61 20 Hans
298 533 110 27 Majestät.
438 532 42 28 Jag
501 540 64 14 anser
583 533 85 21 derföre
686 536 43 22 att,
749 534 49 20 med
816 533 100 21 afseende
931 534 51 20 härå

158 562 39 21 och
220 562 41 21 den
285 561 152 28 anmärkning,
464 568 45 14 som
533 562 23 20 af
575 562 131 28 föregående
732 562 67 21 talare
821 562 78 27 gjorts,
922 562 58 21 detta

158 593 94 19 moment
272 590 67 21 borde
362 590 79 21 erhålla
462 597 26 13 en
511 597 28 20 ny
563 590 113 21 redaktion
694 591 40 20 och
754 591 67 20 skulle
840 590 85 21 förorda
943 591 37 20 föl-

156 619 75 28 jande:
251 618 169 27 ,,Revisorernes
435 618 128 21 berättelser
578 619 101 20 insändas
699 619 24 20 af
740 619 190 27 bankfullmäktige
950 619 31 20 till

160 647 116 28 kejserliga
294 649 90 18 senaten
403 646 33 21 för
456 648 31 19 att
503 647 31 20 till
550 646 61 21 Hans
634 647 118 28 Kejserliga
771 647 111 28 Majestäts
902 647 79 20 känne-

159 677 49 20 dom
226 675 119 21 befordras.
378 675 12 20 I
408 675 35 20 fall
467 675 22 20 af
505 675 135 21 revisorerna
663 675 164 28 anmärkningar
849 677 63 26 göras
930 675 51 21 eller

159 704 193 26 bankfullmäktige
370 710 77 13 annars
465 703 58 21 finna
538 705 98 19 närmare
652 704 152 27 upplysningar
819 704 24 20 af
855 703 79 26 nöden,
950 704 30 20 in-

157 733 73 21 fordra
252 733 26 20 de
301 731 205 21 bankdirektionens
529 732 107 27 skriftliga
657 732 126 27 förklaring,
801 731 84 22 hvilken
905 731 75 27 sedan,

156 762 68 27 jemte
242 761 154 26 handlingarne
415 760 38 21 och
470 760 202 27 bankfullmäktiges
688 763 49 24 eget
752 760 108 28 yttrande,
882 760 99 21 insändes

158 790 31 21 till
213 789 117 28 kejserliga
352 791 101 18 senatens
476 789 282 28 ekonomie-departement,
774 796 44 13 som
835 789 98 27 slutligen
951 789 30 20 af-

158 819 39 27 gör
216 819 75 25 saken,
310 817 7 20 i
336 817 101 20 händelse
455 817 295 28 ekonomie-departementet
773 819 86 18 stannar
877 817 6 20 i
900 823 80 14 samma

160 847 69 20 beslut
248 846 49 21 med
316 845 200 28 bankfullmäktige,
535 852 48 14 men
602 846 7 20 i
627 847 89 19 motsatt
734 845 35 21 fall
789 845 50 21 eller
859 845 26 21 då
903 845 77 20 sakens

159 875 45 27 vigt
219 875 76 20 sådant
311 873 108 28 påkallar,
430 874 6 20 i
447 874 170 27 underdånighet
629 874 141 21 öfverlemnar
781 873 87 22 ärendet
878 873 30 21 till
920 873 60 21 Hans

160 903 122 28 Kejserliga
298 903 112 26 Majestäts
426 902 55 27 höga
491 902 184 21 bestämmande*'.

228 931 58 21 Herr
302 930 139 21 Snellman:
458 931 9 20 I
483 930 57 28 hopp
557 933 31 18 att
599 931 99 27 möjligen
710 930 71 21 kunna
791 931 96 20 förkorta
898 930 82 21 diskus-

159 961 74 20 sionen
254 960 40 20 och
314 958 73 22 vidare
407 959 116 27 omgångar
542 959 37 20 ber
592 960 39 26 jag
646 959 122 27 ödmjukast
784 961 31 18 att
829 959 22 20 få
866 961 66 25 yttra,
949 960 31 19 att

156 989 38 27 jag
209 988 33 21 för
258 988 41 21 min
316 987 34 21 del
366 987 48 21 icke
429 987 41 20 kan
487 987 56 20 finna
554 987 41 21 den
605 987 123 28 föreslagna
738 987 139 21 redaktionen
888 987 92 20 nödvän-

159 1017 45 27 dig,
226 1017 91 20 emedan
336 1015 59 22 detta
414 1015 57 22 afser
489 1022 26 14 en
535 1015 44 21 helt
595 1016 39 20 och
650 1015 65 21 hållet
730 1015 154 22 administrativ
899 1015 81 28 åtgärd.

158 1045 12 20 I
185 1045 36 21 fall
237 1045 61 20 Hans
314 1045 101 27 Majestät
430 1044 88 21 befaller
533 1048 88 17 senaten
638 1046 31 19 att
683 1044 73 27 hvarje
774 1045 23 20 år
810 1044 106 21 inkomma
934 1043 47 21 med

159 1073 118 22 berättelse
296 1080 33 14 om
351 1072 189 21 bankrevisionens
559 1073 93 27 förlopp,
672 1073 40 20 och
731 1075 87 18 senaten
834 1073 7 20 i
856 1072 51 27 följd
922 1072 62 21 deraf

159 1104 40 25 gör
218 1102 45 26 det,
282 1102 24 21 så
325 1103 23 19 är
366 1101 23 27 ju
409 1101 58 21 detta
485 1101 76 27 något,
582 1108 45 13 som
643 1101 38 20 alls
696 1101 48 21 icke
759 1101 63 21 beror
837 1101 23 20 af
873 1101 26 20 de
915 1101 66 27 regle-

160 1132 97 24 menten,
274 1138 46 13 som
335 1129 63 21 Hans
414 1129 101 28 Majestät
531 1129 110 28 godkännt
660 1129 33 21 för
716 1129 194 28 bankfullmäktige.
940 1129 42 27 Jag

160 1159 68 21 skulle
244 1158 84 22 derföre
345 1165 52 13 anse
413 1165 26 13 en
455 1158 64 20 sådan
536 1158 249 28 redaktionsförändring
799 1158 48 21 icke
862 1158 70 27 nödig.

229 1187 32 21 På
276 1188 50 20 herr
341 1186 208 21 landtmarskalkens
565 1186 156 28 framställning
736 1189 76 25 antogs
828 1186 47 21 9:de
887 1186 94 27 punkten

160 1216 23 20 af
196 1216 117 20 utskottets
330 1215 135 21 betänkande
481 1216 51 19 utan
548 1216 70 26 någon
634 1214 130 28 förändring.

228 1244 101 20 Friherre
347 1250 48 14 von
415 1243 80 21 Troil:
518 1243 43 27 Jag
579 1243 68 21 skulle
666 1243 27 21 be
712 1246 32 18 att
761 1243 21 21 få
802 1243 131 21 återkomma
951 1243 31 20 till

159 1273 56 21 hvad
228 1272 39 28 jag
282 1279 51 21 nyss
349 1272 92 20 nämnde
457 1272 110 27 angående
583 1272 159 27 käntydningen
758 1272 12 20 &
786 1278 47 21 pag.
850 1272 18 20 6.
894 1270 88 22 Utskot-

159 1304 32 18 tet
207 1301 38 21 har
261 1301 37 20 der
313 1300 124 26 framställt,
453 1300 105 20 huruvida
573 1300 47 21 icke
636 1300 115 20 ständerna
765 1300 6 20 i
788 1300 36 20 sitt
838 1299 145 28 underdäniga

161 1337 49 13 svar
225 1330 27 26 på
268 1329 40 21 den
325 1328 78 28 nådiga
418 1328 160 28 propositionen
595 1328 66 21 borde
677 1330 52 26 göra
744 1336 26 13 en
788 1328 132 27 häntydning
936 1328 46 20 der-

161 1358 50 24 hän,
228 1360 31 18 att
275 1358 39 20 den
331 1358 7 20 i
354 1356 47 22 9:de
418 1357 94 27 punkten
529 1357 106 21 omtalade
650 1357 120 21 revisionen
786 1356 67 21 skulle
869 1356 113 28 lämpligen

160 1386 72 20 kunna
251 1385 122 21 utsträckas
392 1385 62 21 äfven
470 1385 31 21 till
517 1385 270 21 amortissementsfonden.
817 1384 113 21 Utskottet
945 1384 39 20 har

160 1414 111 28 föreslagit
284 1421 26 14 en
327 1414 65 20 sådan
409 1414 132 27 häntydning
557 1414 40 20 och
613 1414 26 20 då
655 1414 58 20 detta
730 1414 82 26 engång
828 1413 66 26 skett,
910 1413 24 20 så
944 1413 39 19 bör

160 1443 35 20 väl
215 1442 185 27 framställningen
419 1442 85 20 komma
519 1442 68 20 under
606 1442 157 27 öfvervägande
778 1442 34 20 vid
828 1441 154 26 behandlingen

161 1470 23 22 af
197 1471 70 21 denna
283 1470 75 28 punkt.
