1078 1700
846 82 40 20 195

161 138 115 21 Likaledes
292 138 124 28 godkändes

435 190 25 26 88
479 190 92 20 31—34.

471 263 12 27 s
499 263 34 20 35.

161 308 62 21 Efter
238 308 142 28 uppläsandet
396 308 23 20 af
432 308 71 21 denna
518 308 12 27 &
547 308 104 28 begärdes
667 308 61 21 ordet
743 309 24 20 af

160 336 58 22 Herr
240 336 142 27 Molander,
406 343 44 14 som
476 336 97 28 yttrade:
602 336 39 21 Uti
666 337 66 21 andra
753 340 117 18 momentet
892 338 24 21 af

93 366 70 21 denna
178 366 11 26 8
206 365 86 28 stadgas
312 367 30 19 att
360 365 165 27 inventeringen
545 365 54 20 skall
619 365 126 21 verkställas
760 366 24 20 af
797 366 36 20 två
847 366 66 28 magi-

93 396 168 26 stratspersoner
275 394 7 20 i
298 394 58 26 stad,
372 396 54 18 samt
441 393 24 21 af
479 393 132 27 kronofogde
627 393 52 21 eller
689 393 52 21 hans
752 394 162 21 tillförordnade

93 422 79 22 ombud
187 422 13 21 &
214 422 78 21 landet.
323 422 49 20 Man
388 422 39 20 har
443 422 98 20 anmärkt
557 424 32 18 att
605 422 62 20 dessa
679 422 166 28 inventeringar,
856 423 58 27 isyn-

92 451 76 21 nerhet
183 451 28 27 på
224 450 83 27 landet,
322 450 48 21 icke
386 450 59 20 alltid
460 450 71 20 blifvit
547 450 130 21 verkställda
692 450 48 20 med
750 450 102 28 tillbörlig
862 458 51 20 nog-

68 486 2 2 *
92 479 106 28 grannhet
214 479 40 21 och
269 481 31 19 att
316 478 35 21 det
366 478 55 21 visat
439 479 33 26 sig
490 480 41 24 att,
548 480 38 19 när
602 485 25 14 en
643 478 186 28 försäljningsman
843 480 70 27 någon

92 508 31 20 tid
139 508 55 20 efter
208 507 162 27 inventeringen
385 507 58 27 gjort
457 507 98 20 konkurs
571 507 52 20 eller
641 507 72 20 balans
729 507 37 21 hos
782 508 78 20 honom
875 514 39 21 yp-

93 536 97 28 pats,
166 531 25 37 af
203 536 35 20 det
254 535 143 27 kartaförräd,
414 542 45 14 som
475 535 40 21 hos
531 535 77 21 honom
620 535 66 27 enligt
696 536 218 27 inventeringsproto-

93 564 66 21 kollet
175 564 65 21 borde
256 564 77 27 finnas,
350 564 24 20 sä
388 564 47 20 litet
451 564 55 21 varit
522 571 53 20 gvar
590 566 32 19 att
637 564 36 21 det
691 564 55 21 varit
756 564 114 28 antagligt,
882 567 32 18 att

93 593 40 21 han
154 593 55 20 efter
227 593 53 20 sista
299 593 162 27 inventeringen
480 592 48 21 icke
545 592 82 21 kunnat
642 593 53 27 sälja
710 592 38 21 det
762 595 58 18 stora
836 593 77 27 belopp

93 629 46 13 som
154 621 98 26 saknats,
268 619 60 23 samt
338 621 114 26 anledning
468 620 83 21 säledes
568 621 55 20 varit
637 621 120 20 förhanden
772 623 31 19 att
815 621 99 21 förmoda

94 652 31 19 att
140 650 80 20 bristen
236 649 66 21 redan
317 649 34 21 vid
366 649 164 27 inventeringen
544 649 134 20 förefunnits.
709 649 42 21 Det
766 649 38 21 har
819 649 95 22 inträffat

93 681 32 18 att
143 678 137 27 borgesmän,
300 677 34 21 för
354 677 72 21 hvilka
444 679 31 19 ett
491 677 77 21 sädant
583 677 128 21 instrument
726 678 70 20 blifvit
810 679 103 26 upptedt,

93 707 41 20 och
152 713 45 14 som
216 708 70 19 ansett
305 707 33 20 för
356 706 32 27 sig
407 706 47 21 icke
473 713 51 13 vara
544 707 69 26 någon
631 706 46 21 fara
692 706 32 20 för
739 706 94 27 handen,
849 707 64 20 likväl

93 735 36 21 vid
143 735 73 28 yppad
234 735 94 20 konkurs
347 734 41 21 fätt
404 734 71 21 betala
490 734 89 21 bristen.
611 735 76 20 Denna
702 735 158 27 omständighet
875 735 39 20 har

94 763 73 26 äfven,
189 764 27 26 pä
239 765 43 18 sätt
304 763 153 27 deputationen
480 763 47 20 frän
548 762 158 27 presteständet
725 765 84 18 senaste
833 763 81 27 onsdag

94 791 117 26 meddelat,
230 791 42 21 fäst
290 791 170 27 presteständets
475 791 201 27 uppmärksamhet,
692 791 23 20 sä
730 793 32 18 att
777 791 59 21 detta
851 791 63 21 ständ

93 820 110 27 föreslagit
219 822 31 18 att
266 821 27 26 pä
307 819 82 26 landet,
404 821 60 19 utom
479 819 219 28 kronobetjeningen,
714 819 63 21 äfven
792 820 70 27 nägon
876 827 37 14 an-

94 855 40 14 nan
150 848 82 28 pälitlig
248 855 77 20 person
341 847 66 21 borde
423 849 101 24 närvara,
541 849 50 19 utan
609 849 32 19 att
656 847 118 22 detsamma
785 848 65 20 likväl
861 855 52 20 upp-

93 877 43 26 lyst
158 877 63 20 hvem
244 883 46 14 som
312 876 68 20 skulle
399 876 101 21 förordna
519 876 40 20 den
579 876 66 20 andra
663 883 104 20 personen
784 876 52 21 eller
851 876 63 21 hvem

94 912 45 13 som
155 905 67 20 skulle
238 906 82 19 ersätta
335 905 53 20 hans
404 905 83 20 besvär.
519 904 33 20 Dä
570 905 36 20 det
622 904 117 21 emellertid
755 911 50 14 vore
821 904 93 28 önskligt

94 935 31 18 att
141 933 13 20 &
169 939 40 14 ena
224 933 59 20 sidan
300 932 83 28 skydda
398 933 207 27 kronobetjeningen
622 932 33 21 för
667 932 71 28 dylika
750 933 165 27 anmärkningar

95 961 39 21 och
150 961 13 20 &
177 961 67 21 andra
260 961 59 20 sidan
338 961 79 21 bevara
435 961 184 27 borgesmännens
634 963 52 24 rätt,
703 961 67 20 skulle
784 961 38 27 jag
837 961 77 21 föreslä

95 991 32 19 ett
141 989 74 28 tillägg
230 990 23 21 af
265 989 95 28 följande
375 989 91 28 lydelse:
483 989 55 25 ,,Om
555 989 58 20 tiden
630 989 32 20 för
677 989 146 28 inventerings
839 989 75 21 förrät-

95 1018 64 21 tande
177 1018 53 20 böra
247 1018 242 27 försäljningsmannens
505 1017 129 28 borgesmän
651 1017 57 26 eller,
724 1024 34 14 om
773 1018 26 20 de
814 1017 48 21 icke
878 1019 36 19 äro

95 1047 28 26 pä
137 1048 60 19 orten
215 1047 93 25 bosatte,
324 1046 60 21 deras
400 1046 33 20 för
449 1046 76 20 sädant
540 1046 98 20 ändamäl
648 1045 89 21 utsedde
749 1045 78 21 ombud
839 1045 75 21 under-

96 1076 88 19 rättas.*
210 1075 130 27 Derigenom
357 1074 68 21 skulle
440 1074 171 27 borgesmännen
628 1074 72 20 kunna
715 1074 83 20 bevaka
813 1074 32 20 sin
861 1075 53 26 rätt,

95 1105 51 18 utan
162 1105 31 18 att
209 1103 36 20 det
258 1103 68 20 skulle
341 1103 102 20 behöfvas
459 1103 67 26 nägra
542 1102 73 21 vidare
631 1102 115 21 kostnader
762 1102 51 21 eller
828 1103 86 27 omgän-

95 1138 38 21 gar
149 1138 76 21 genom
240 1131 176 21 tillförordnande
432 1131 23 21 af
469 1130 67 22 andra
551 1138 108 20 personer,
675 1131 33 20 för
718 1132 32 19 att
760 1130 155 28 förrättningen

96 1160 118 21 öfvervara.

164 1188 100 21 Friherre
286 1195 47 14 von
356 1188 113 20 Kothen:
495 1187 42 28 Jag
560 1188 89 20 ämnade
672 1190 58 24 yttra
747 1187 43 27 mig
809 1187 6 20 i
835 1194 81 14 samma

96 1216 57 28 syfte
176 1224 44 13 som
240 1216 41 22 den
300 1217 50 20 siste
369 1216 64 21 ärade
451 1216 92 26 talaren,
562 1222 49 14 men
626 1216 146 28 förekommen
788 1215 128 21 inskränker

94 1246 38 26 jag
148 1245 43 27 mig
206 1245 31 20 till
252 1247 32 19 att
297 1244 75 22 förena
386 1245 47 27 mig
445 1244 49 20 med
509 1244 85 20 honom.

167 1273 79 21 Grefve
264 1273 120 25 Armfelt,
404 1273 36 20 A.:
464 1272 43 28 Jag
525 1272 43 21 kan
584 1272 47 21 icke
646 1272 84 21 biträda
746 1272 170 27 presteståndets

97 1302 80 27 förslag
192 1302 6 20 i
214 1302 70 20 denna
299 1302 39 20 del.
369 1301 44 21 Det
428 1300 38 21 har
481 1300 66 21 redan
563 1300 56 21 visat
634 1300 32 28 sig
682 1301 58 20 svårt
755 1302 32 19 att
801 1301 28 27 på
844 1300 72 21 landet

96 1330 22 20 få
133 1330 184 28 kartaförsäljare,
332 1330 39 20 och
387 1331 56 19 ännu
459 1330 86 20 svårare
562 1329 69 20 blefve
642 1328 36 21 det
689 1330 43 26 väl,
744 1336 33 13 om
789 1335 48 14 man
849 1329 67 20 skulle

99 1359 92 27 betunga
214 1358 25 21 de
262 1365 103 21 personer
383 1364 45 14 som
447 1358 46 26 gått
509 1358 6 20 i
531 1357 81 27 borgen
630 1357 33 20 för
682 1357 48 21 dem
751 1359 31 18 att
805 1356 112 21 öfvervara

97 1387 194 27 inventeringarne.
322 1386 48 21 Kan
392 1386 164 27 inventeringen
579 1386 48 20 icke
646 1385 106 21 anförtros
770 1385 22 21 åt
811 1384 105 22 kronobe-

97 1415 121 27 tjeningen,
234 1416 34 20 må
282 1414 231 28 försäljningsmännen
529 1416 90 24 antagas
634 1416 51 18 utan
701 1413 98 21 kontroll.

166 1443 77 21 Denna
259 1444 11 26 $
286 1445 87 25 antogs,
389 1442 54 21 efter
459 1442 73 20 derom
548 1442 23 20 af
584 1442 49 20 herr
647 1441 196 21 landtmarskalken
854 1441 63 21 fram-

98 1471 63 21 ställd
175 1472 143 27 proposition,
334 1474 52 18 utan
401 1470 97 28 ändring.

816 1510 35 16 18"
