1078 1700
200 96 41 20 394

170 152 66 21 rande
259 152 69 21 forum
352 152 167 28 privilegiatum,
535 153 27 20 än
581 159 26 14 en
625 152 46 22 från
691 153 156 21 bondeståndet
863 153 129 21 ankommen

170 180 115 24 skrifvelse
310 180 47 21 med
380 180 108 27 anhållan,
507 182 32 19 att
558 181 158 27 presteståndet
739 182 49 20 ville
805 181 7 21 i
828 181 94 28 enlighet
943 181 49 21 med

170 209 118 21 utskottets
304 209 130 27 uppmaning
450 208 48 22 med
514 209 156 21 bondeståndet
685 210 74 21 förena
774 210 33 27 sig
822 217 34 13 om
870 216 27 14 en
908 210 84 27 inbjud-

170 237 51 28 ning
236 237 39 21 hos
291 236 150 28 ridderskapet
456 238 39 20 och
511 237 73 26 adeln,
607 239 32 19 att
658 238 37 21 det
710 238 115 28 höglofliga
840 238 85 21 ståndet
940 238 52 27 hög-

170 266 85 20 sinnadt
278 265 49 21 ville
350 265 76 28 frångå
443 266 38 20 sitt
499 266 70 21 beslut
592 266 132 22 beträffande
743 267 68 20 forum
833 266 159 28 privilegiatum

170 294 62 21 äfven
248 294 7 20 i
271 294 67 20 andra
354 294 97 26 ärender,
467 296 27 19 än
509 301 46 14 som
574 296 49 19 röra
641 294 197 29 konkursstadgan,
859 294 86 22 beslutit
960 296 32 19 att

169 322 39 21 hos
224 322 150 28 ridderskapet
393 322 39 21 och
451 322 61 21 adeln
533 323 84 21 anmäla
631 330 26 14 en
673 323 100 21 vördsam
795 323 126 28 inbjudning
936 323 7 20 i
959 323 33 21 så-

171 350 51 21 dant
245 350 111 26 afseende,
375 350 27 21 då
420 352 31 19 ett
470 351 76 21 sådant
567 351 131 28 frångående
720 352 68 20 skulle
810 352 38 20 ske
866 352 31 20 till
912 351 80 21 båtnad

170 379 58 21 såväl
243 379 34 21 för
292 379 62 21 adeln
370 386 46 13 som
430 379 34 21 för
479 379 26 21 de
521 379 77 21 ofrälse
617 380 97 20 stånden.
745 380 79 21 Vidare
840 380 54 20 hade
910 381 82 26 presta-

171 407 86 21 ståndet
280 407 57 21 velat
360 407 169 28 tillkännagifva,
552 409 31 19 att
602 408 36 21 det
653 408 63 21 i-allo
736 408 75 21 bifallit
831 408 160 26 ridderskapets

170 436 39 20 och
224 436 75 20 adelns
315 436 137 26 hemställan,
468 437 31 19 att
518 436 98 28 afgjorda
631 436 40 21 mål
688 436 68 21 skulle
771 437 7 20 i
793 436 100 21 afseende
909 437 12 20 å
936 442 55 14 sam-

169 464 162 28 manjemkning
349 464 126 28 hänskjutas
491 464 32 20 till
537 464 161 22 vederbörande
713 465 134 21 fackutskott
862 464 39 22 och
917 464 30 28 ej,
958 465 32 20 så-

170 499 45 14 som
238 492 83 21 härtills
344 492 55 21 varit
422 492 69 27 fallet,
515 492 31 21 till
567 493 252 27 expeditionsutskottet,
835 493 108 21 äfvensom
960 495 31 19 att

169 521 160 27 presteståndet
351 520 96 28 godkänt
469 520 254 22 expeditionsutskottets
744 522 80 27 förslag
846 521 31 21 till
900 521 90 28 petition

170 556 35 14 om
220 549 143 28 landtdagens
378 549 145 28 förlängande.

238 577 58 22 Herr
306 577 196 22 landtmarskalken
514 578 91 21 tackade
614 579 13 20 &
634 578 96 21 ständets
742 580 79 26 vägnar
831 578 31 21 för
871 578 36 21 det
915 578 77 27 gjorda

170 606 150 22 meddelandet
336 605 39 22 och
392 606 149 28 tillkännagaf,
557 608 32 19 att
604 607 149 27 ridderskapet
764 607 39 21 och
815 607 61 20 adeln
890 607 34 20 vid
935 607 55 20 före-

169 634 133 28 dragningen
318 634 23 21 af
349 635 152 27 lagutskottets
521 635 92 21 berörda
631 635 112 21 skrifvelse
761 635 47 21 icke
827 635 67 20 skulle
912 635 78 20 under-

170 663 43 20 låta
228 665 32 19 att
276 665 50 26 taga
342 663 170 27 presteståndets
527 663 127 28 inbjudning
668 663 7 20 i
690 666 121 25 noggrannt
826 663 164 28 öfvervägande.

239 691 61 21 Härå
315 691 97 21 afträdde
428 691 159 28 deputationen.

240 748 48 21 Med
300 747 116 28 anledning
426 748 23 21 af
457 748 41 21 den
509 748 112 21 förefallna
632 748 158 21 diskusssionen
802 748 131 21 framställde
941 748 50 21 herr

169 776 198 21 landtmarskalken
383 776 32 21 till
430 776 96 21 ståndets
540 776 134 21 besvarande
684 784 26 13 en
722 777 115 27 sålydande
848 777 142 27 proposition:

238 805 146 25 »Godkänner
400 804 148 28 ridderskapet
563 805 40 20 och
619 805 61 21 adeln
696 805 68 21 andra
779 806 116 19 momentet
903 800 19 37 af
941 805 11 20 1
966 805 23 27 8,

171 833 70 21 såsom
258 833 37 22 det
310 835 24 18 är
349 833 23 20 af
386 833 106 21 utskottet
507 833 114 21 affattadt?

239 878 11 9 »
253 861 83 21 Vinner
356 862 46 27 nej,
418 861 90 21 erhåller
523 863 118 19 momentet
656 861 93 28 följande
766 861 120 22 redaktion:
906 861 84 26 ,,Ledes

170 889 50 22 dike
236 890 60 21 öfver
311 896 82 15 annans
408 889 97 22 enskilda
520 891 51 26 väg,
587 897 50 14 vore
653 890 40 21 den
709 890 51 21 eller
776 890 39 21 de*
832 897 18 14 o.
866 897 16 13 s.
899 892 33 18 v.**

239 918 166 27 Propositionen
423 918 128 21 besvarades
566 918 36 21 vid
617 918 91 21 anställd
724 919 106 27 votering:

370 946 6 21 i
394 947 53 20 1:sta
462 946 28 21 kl.
506 946 49 21 med
585 947 12 20 3
611 947 24 27 ja
650 947 39 20 och
706 947 25 20 14
747 947 45 28 nej,

371 982 6 25 1
394 975 59 32 2:dra
470 991 12 10 ”
523 991 12 10 »
586 975 88 27 3»
718 976 51 26 I»

371 1010 6 13 i
393 1003 56 31 3:dje
469 1019 12 10 »
521 1019 12 11 »
572 1004 59 26 HH»
664 1019 12 11 »
708 1004 24 20 17
758 1019 13 11 3

170 1032 38 20 och
228 1031 78 26 skulle,
327 1031 27 21 då
374 1031 89 21 sålunda
481 1031 34 28 nej
531 1032 5 20 i
553 1031 42 21 alla
614 1031 82 22 klasser
714 1032 89 21 befanns
823 1031 167 28 öfvervägande,

170 1062 119 19 momentet
304 1059 80 22 erhålla
399 1059 63 22 ofvan
479 1060 88 21 anförda
583 1060 88 27 lydelse.

239 1088 57 21 Herr
315 1095 45 14 von
381 1088 78 21 Born:
482 1088 43 28 Jag
544 1089 39 20 ber
598 1090 32 19 att
645 1089 21 20 få
681 1088 105 28 nedlägga
800 1088 42 21 min
859 1088 132 21 reservation

169 1118 58 20 emot
243 1117 150 27 ridderskapet
408 1117 40 20 och
464 1117 74 21 adelns
554 1124 28 14 nu
598 1117 82 21 fattade
695 1117 79 26 beslut,
786 1117 138 27 hvarigenom
932 1116 59 28 jord-

170 1145 120 21 brukarens
310 1146 66 20 redan
392 1152 28 14 nu
436 1146 63 20 svåra
514 1145 236 28 vägabyggnadstunga
768 1145 69 21 blifvit
852 1146 57 20 ännu
925 1147 66 25 ytter-

169 1174 67 27 ligare
259 1174 89 21 förökad
370 1174 39 27 ity,
428 1175 31 19 att
478 1174 41 20 han
540 1174 40 20 blir
601 1174 110 20 nödsakad
730 1175 32 19 att
780 1173 124 21 underhålla
929 1174 63 20 broar

169 1202 41 21 och
231 1205 104 18 trummor
358 1202 61 20 öfver
437 1202 41 20 alla
497 1202 26 21 de
542 1202 75 27 diken,
637 1209 46 13 som
702 1202 97 21 enskilda
815 1201 124 28 jordegare,
958 1202 34 20 för

169 1232 32 19 att
217 1230 110 28 torrlägga
342 1230 46 21 sina
404 1237 59 21 egor,
474 1232 37 19 äro
526 1230 120 21 föranlåtne
656 1232 32 19 att
698 1230 75 28 gräfva
784 1230 59 20 öfver
854 1229 136 29 landsvägen.

240 1259 28 27 88
284 1260 13 20 2
313 1258 39 22 och
368 1259 13 20 3
397 1261 90 25 antogos
503 1261 51 19 utan
571 1258 146 28 anmärkning.

240 1286 119 28 Angående
376 1288 11 26 $
403 1288 13 20 4
431 1287 98 27 yttrade:

238 1315 59 21 Herr
319 1315 152 27 Stjernvall,
490 1315 32 21 F.:
546 1315 57 21 Hela
623 1315 69 21 denna
707 1315 145 27 bestämning,
868 1314 66 22 sådan
950 1314 41 21 den

171 1344 38 20 här
227 1345 24 19 är
270 1344 98 26 affattad,
386 1344 127 20 förutsätter
531 1346 32 18 att
578 1343 144 28 afloppsdiket
737 1343 68 21 skulle
821 1343 27 27 gå
863 1343 27 27 på
906 1345 32 18 ett
955 1342 35 21 ab-

171 1372 56 20 solut
242 1372 56 26 plan.
323 1372 83 21 Hvarje
422 1372 134 28 afloppsdike
571 1372 42 21 kan
629 1372 47 21 icke
692 1372 6 20 i
715 1372 34 27 lag
766 1372 128 20 bestämmas
910 1372 26 26 på
948 1370 43 21 för-

170 1400 68 26 hand,
255 1400 94 21 hvarken
367 1379 32 42 till
415 1401 32 20 sin
462 1400 67 21 bredd
545 1400 53 21 eller
613 1400 31 21 till
660 1400 37 21 sitt
712 1400 59 28 djup.
796 1399 35 21 Då
846 1399 145 28 ilagstiftnin-

169 1435 42 21 gen
230 1430 32 19 ett
282 1428 144 28 afloppsdikes
449 1428 144 22 dimensioner
613 1428 139 27 bestämmas,
774 1428 24 20 så
817 1428 67 20 måste
904 1428 88 20 dermed

171 1456 66 27 afses,
260 1458 32 19 att
311 1456 59 21 diket
392 1457 38 21 bör
449 1464 51 14 vara
520 1458 23 20 så
562 1457 162 27 konstrueradt,
744 1458 32 19 att
792 1456 36 21 det
843 1456 42 20 kan
900 1456 92 20 afbörda

171 1484 36 21 det
223 1486 85 24 vatten,
323 1484 34 22 för
372 1485 82 21 hvilket
469 1486 36 20 det
522 1486 24 20 är
561 1484 80 28 afsedt,
657 1485 39 21 och
708 1485 26 21 då
745 1485 68 21 finnes
824 1485 63 27 ingen
899 1484 92 21 bestäm-
