1078 1700
156 99 2 2 *
173 96 42 21 342

147 153 32 20 sin
196 154 70 25 natur,
283 152 42 21 kan
339 153 38 27 jag
392 152 47 21 icke
455 152 60 20 fatta.
540 152 44 20 Sist
600 152 40 20 och
656 152 100 28 slutligen
772 152 37 21 har
825 153 89 21 friherre
931 159 39 14 von

147 180 58 21 Born
229 181 57 21 velat
309 182 52 26 göra
380 181 27 20 all
427 180 121 21 diskussion
564 180 6 20 i
586 182 72 18 ämnet
678 181 96 27 omöjlig,
793 181 39 21 och
848 181 76 21 önskat
940 183 32 19 att

147 209 143 21 ordföranden
312 209 69 21 skulle
404 209 89 27 afbryta
515 208 50 25 den,
589 209 68 20 sävidt
672 209 40 27 jag
730 210 108 26 uppfattat
857 209 115 21 friherrens

147 237 146 27 andragande.
323 237 74 28 Enligt
421 238 41 20 min
486 237 65 21 tanke
574 238 23 19 är
615 237 75 27 hvarje
709 238 62 26 fråga
789 244 33 14 om
838 238 83 26 anslag,
938 244 34 14 om

147 266 44 20 läns
207 266 140 28 upptagande
363 266 48 20 med
427 266 83 27 garanti
527 266 32 20 för
575 266 67 26 länet,
659 272 26 14 en
701 266 193 28 bevillningsfräga.
923 266 48 20 Den

147 294 38 21 har
200 294 84 21 säledes
300 302 27 13 en
343 294 45 21 helt
404 301 69 13 annan
489 296 63 19 natur
568 296 26 18 än
610 294 78 27 frägor,
705 301 45 13 som
764 295 49 20 röra
824 294 148 21 användandet

147 322 22 21 af
183 324 83 19 statens
283 322 107 22 ordinarie
407 322 124 27 inkomster,
548 322 39 21 och
604 322 34 20 vid
654 329 25 13 en
696 322 66 21 sädan
775 322 71 28 frägas
858 322 114 28 afgörande

148 351 41 20 kan
203 351 39 27 jag
258 351 48 21 icke
323 351 57 21 finna
396 352 65 26 något
477 351 56 25 skäl,
549 350 99 21 hvarföre
664 351 47 20 icke
728 351 116 21 ständerna
855 351 67 20 skulle
934 358 39 20 ega

135 395 2 2 -
147 379 130 27 fullkomligt
296 381 42 19 rätt
357 381 31 19 att
408 379 35 21 vid
461 380 36 20 sitt
515 379 56 20 bifall
587 379 57 21 fästa
659 379 73 21 hvilka
749 379 68 21 vilkor
833 379 25 21 de
874 379 32 20 för
921 378 52 28 godt

149 408 62 20 finna.
244 407 43 28 Jag
302 410 45 18 tror
363 410 32 18 att
411 408 40 20 den
468 408 167 26 anmärkningen
652 407 54 21 skall
723 409 54 26 väga
793 407 131 27 tillräckligt,
940 407 33 21 för

148 438 31 18 att
202 436 36 21 vid
261 436 91 21 friberre
375 443 41 14 von
439 436 70 20 Borns
532 436 96 27 yrkande
651 436 48 20 icke
718 437 66 26 något
803 435 100 21 afseende
919 436 54 20 skall

147 464 74 21 fästas.

216 492 102 21 Friherre
334 492 84 28 Boije:
441 492 42 28 Jag
502 492 94 21 anhåller
612 495 31 18 att
660 492 48 21 med
724 492 114 28 anledning
853 492 70 26 deraf,
940 494 32 18 att

148 522 65 26 några
229 521 131 27 föregående
376 522 64 20 ärade
457 522 66 20 talare
540 521 45 20 haft
600 521 108 27 godheten
722 521 92 27 upplysa
829 521 49 27 mig,
895 520 35 21 det
946 527 25 13 en

148 549 105 28 grundlag
277 550 41 20 kan
342 550 23 20 af
383 550 54 20 båda
457 549 167 21 statsmakterna
643 549 129 27 upphäfvas,
792 550 76 19 nämna
885 551 32 18 att
933 549 40 20 den

149 578 66 20 saken
231 578 48 21 icke
296 578 55 21 varit
368 579 42 26 mig
426 578 102 25 obekant,
541 585 48 13 men
603 578 38 27 jag
656 580 45 18 tror
717 578 30 27 ej,
764 579 32 19 att
811 577 162 28 ifrågavarande

150 606 132 27 proposition
299 607 57 20 afser
372 607 70 26 någon
457 606 124 27 förändring
596 606 23 20 af
633 606 68 27 tredje
718 608 117 19 momentet
850 606 6 20 i
874 606 52 21 1789
939 607 34 19 ärs

149 635 118 27 förenings-
293 635 39 20 och
355 635 156 20 säkerhetsakt.
542 634 63 21 Hade
632 635 113 26 meningen
771 634 54 21 varit
851 634 75 27 sådan,
950 635 23 20 sä

149 663 54 20 hade
226 663 67 21 också
315 663 150 27 ridderskapet
487 663 40 20 och
550 663 61 20 adeln
635 663 53 20 först
710 663 118 26 hänskjutit
848 663 74 27 frågan
943 663 30 20 till

148 691 235 28 grundlagsutskottet,
399 691 5 20 i
421 691 100 20 afseende
538 691 12 20 å
566 691 123 26 beredning,
705 691 40 20 och
760 691 47 20 icke
818 691 31 20 till
860 693 62 18 stats-
934 691 39 20 och

150 719 245 28 bevillningsutskottet,
412 720 68 20 såsom
497 726 27 13 nu
541 719 64 21 skett.
637 719 79 21 Vidare
732 719 38 20 ber
783 719 38 27 jag
836 719 21 20 få
872 719 102 21 anmärka

149 749 32 19 att
197 747 36 21 det
249 747 145 21 förekommer
409 748 44 27 mig
471 750 58 25 eget,
547 750 31 18 att
594 747 25 21 de
636 748 72 20 herrar
725 748 77 26 talare,
819 755 44 13 som
878 747 96 21 förordat

150 776 164 27 lägenheternas
337 776 135 27 förvandling
495 776 31 20 till
549 776 82 27 skatte,
651 776 66 21 sedan
738 776 26 21 de
778 776 68 20 blifvit
861 776 77 21 inlösta
953 776 23 20 af

149 804 236 27 donationsbönderna,
401 805 69 20 funnit
485 804 61 28 godt,
567 804 26 21 då
609 804 25 21 de
650 805 130 26 föregående
796 804 121 28 punkterna
932 804 42 21 dis-

150 832 125 27 kuterades,
292 833 35 20 vid
343 833 74 27 frågan
433 840 35 13 om
483 833 82 20 inlösen
580 833 57 20 fästa
652 833 100 20 afseende
769 833 33 20 vid
821 833 52 20 1826
888 834 33 19 års
932 833 42 20 för-

150 861 100 27 ordning,
266 861 68 20 ehuru
350 861 77 20 endast
443 862 26 26 på
487 861 157 21 administrativ
660 863 40 26 väg
716 861 142 26 tillkommen,
875 868 57 20 men,
948 861 27 20 då

150 889 73 27 frågan
240 889 70 28 gällde
327 889 163 21 lägenheternas
506 892 69 24 natur,
591 890 47 21 icke
654 890 56 20 velat
726 891 52 26 göra
794 891 64 26 något
874 889 100 21 afscende

151 918 12 19 å
178 925 82 13 samma
282 918 132 27 förordning.
445 918 42 27 Jag
509 918 32 21 får
564 918 82 21 således
664 918 34 20 för
716 918 42 20 min
778 918 33 21 del
830 918 74 21 endast
920 919 54 20 åter-

150 945 72 21 hemta
237 945 58 21 hvad
308 947 38 26 jag
362 946 66 21 redan
444 946 56 21 förut
516 947 47 20 haft
578 948 50 19 äran
646 947 6 20 i
668 946 66 21 saken
767 948 51 25 yttra,
833 947 38 20 och
882 947 93 27 påyrkar

150 976 32 18 att
201 974 163 27 lägenheterna,
385 975 65 20 sedan
470 975 26 20 de
513 975 68 20 blifvit
600 975 87 26 inlösta,
702 975 133 20 fortfarande
851 976 65 19 måtte
932 975 42 20 för-

152 1002 64 21 blifva
232 1002 73 21 frälse.

222 1031 56 20 Herr
293 1031 27 20 af
334 1031 144 26 Forselles,
494 1032 36 20 L.:
547 1031 109 22 Särskilde
671 1032 67 20 talare
750 1031 63 21 hafva
824 1032 37 20 här
872 1031 103 28 tillstyrkt

151 1059 139 28 regeringens
307 1060 133 27 proposition
457 1060 43 21 helt
516 1060 39 21 och
571 1060 74 25 hället,
661 1060 56 21 hvad
731 1060 69 27 fjerde
812 1062 116 19 momentet
941 1061 35 20 be-

151 1087 80 21 träffar.
263 1088 33 20 De
320 1088 64 21 hafva
404 1090 81 24 ansett,
502 1090 31 19 att
549 1089 153 27 lägenheterna
721 1089 65 20 borde
803 1091 77 25 antaga
896 1088 80 21 skatte-

153 1118 68 24 natur,
239 1116 67 21 under
322 1117 41 20 den
379 1116 154 28 förutsättning
548 1119 32 19 att
594 1117 152 27 lägenheterna
758 1117 53 21 varit
823 1117 70 21 skatte
904 1117 72 21 förrän

152 1144 27 20 de
195 1144 126 21 donerades.
354 1145 75 21 Såsom
443 1146 38 27 jag
496 1146 6 20 i
517 1146 39 27 går
572 1146 55 20 hade
646 1147 51 19 äran
716 1148 68 25 yttra,
801 1146 54 21 hade
871 1146 35 20 det
923 1146 53 20 varit

152 1172 75 28 nödigt
251 1174 39 20 och
312 1173 34 21 för
370 1174 115 20 ständerna
503 1174 134 27 upplysande
656 1176 31 18 att
706 1174 20 21 få
746 1175 64 27 några
829 1174 147 26 dokumenter,

153 1200 138 28 hvarigenom
307 1202 115 28 utredning
438 1202 81 21 kunnat
534 1203 73 19 vinnas
621 1210 33 13 om
666 1202 162 28 lägenheternas
839 1203 57 20 förra
906 1205 69 19 natur.

154 1229 64 21 Detta
238 1230 38 20 har
295 1230 120 21 emellertid
433 1231 20 27 cj
469 1233 81 18 ansetts
567 1229 82 29 nödigt,
666 1234 51 17 utan
734 1232 54 20 1826
804 1232 33 20 års
854 1231 123 27 förordning

152 1257 38 21 har
213 1258 55 27 lagts
292 1258 31 20 till
347 1259 70 27 grund
436 1260 33 19 för
487 1259 108 28 förslaget.
628 1259 81 21 Genom
730 1260 69 20 denna
814 1259 124 28 förordning
953 1262 23 18 är

153 1286 84 27 engång
253 1286 32 21 för
301 1286 41 21 alla
359 1287 116 27 bestämdt,
492 1290 31 18 att
537 1288 153 27 lägenheterna
706 1288 60 20 skola
782 1295 50 13 vara
847 1288 73 26 frälse,
937 1288 39 21 och

149 1314 38 27 jag
204 1314 32 20 för
252 1315 42 20 min
311 1315 33 20 del
362 1316 68 20 måste
446 1316 116 27 tillstyrka,
574 1318 31 18 att
617 1316 26 20 de
659 1316 65 21 också
734 1316 114 21 framdeles
859 1317 65 20 måtte
935 1317 40 20 för-

153 1342 64 20 blifva
233 1343 47 26 det,
298 1344 26 26 på
340 1344 41 20 den
397 1345 68 26 grund
481 1346 32 18 att
524 1345 47 27 jag,
588 1347 116 18 tvertemot
718 1345 48 20 herr
781 1345 117 25 Snellman,
914 1351 63 14 anser

152 1370 70 21 denna
240 1372 72 26 frågas
331 1372 85 28 lösning
432 1373 5 20 i
453 1375 64 18 annat
536 1373 35 20 fall
591 1373 116 21 outförbar.
738 1372 58 22 Herr
814 1373 107 21 Snellman
939 1373 37 20 har

153 1401 80 24 ansett,
249 1402 32 18 att
298 1400 25 20 de
339 1400 69 21 skulle
424 1401 72 20 kunna
511 1401 79 21 inlösas
606 1402 33 20 för
655 1408 25 14 en
693 1401 148 27 köpesumma,
854 1402 26 26 på
890 1401 86 21 hvilken

153 1426 40 21 den
209 1428 108 27 utgående
334 1430 76 19 räntan
427 1429 67 21 skulle
511 1431 76 26 utgöra
603 1430 12 20 8
631 1430 35 26 9/,,
678 1430 89 20 emedan
779 1430 40 20 den
831 1437 28 13 nu
870 1429 106 28 utgående

153 1456 74 31 räntan
248 1458 64 26 utgör
330 1458 12 19 8
362 1457 34 27 9/,.
429 1457 72 21 Skulle
520 1458 57 21 detta
597 1465 51 13 vara
665 1458 69 27 fallet,
750 1460 24 19 sä
790 1458 67 20 skulle
874 1458 34 20 det
925 1459 51 27 möj-

152 1483 56 27 ligen
225 1484 72 21 kunna
312 1485 28 27 gå
354 1485 34 21 för
404 1486 41 27 sig,
456 1488 31 18 att
499 1486 153 28 lägenheterna
666 1486 66 21 sedan
744 1487 67 21 skulle
823 1487 64 20 blifva
898 1486 78 21 skatte.
