1078 1700
197 77 39 21 178

167 134 186 20 hemmansräntor
371 140 39 13 var
427 132 90 21 ungefär
535 134 34 19 tre
587 133 81 27 gånger
687 139 59 14 mera
764 134 27 19 än
810 132 81 21 indelta
906 132 86 21 lönebe-

167 162 74 27 loppet
256 162 8 20 i
280 161 141 21 kronovärde.
466 161 129 21 Kronovärdet
610 161 39 21 har
664 160 122 22 försvunnit
796 167 77 21 genom
884 160 108 28 persedle-

167 190 160 27 omsättningen
344 190 40 20 och
399 189 66 21 indelt
481 189 34 21 lön
526 202 25 2 —
563 196 78 20 genom
652 192 31 18 ett
694 189 101 21 särskildt
805 189 75 27 nådigt
892 189 100 27 reskript.

291 218 27 20 de
336 218 23 20 af
374 218 44 28 mig
436 224 28 14 nu
483 218 90 20 anförda
595 218 46 20 skäl
664 217 68 21 skulle
748 218 38 27 jag
804 218 79 20 föreslå
898 217 94 28 följande

170 246 252 28 redaktionsförändring
437 246 23 20 af
473 246 101 20 rubriken
591 246 136 25 ,fullmakt:*

240 271 37 35 1:0.
305 253 34 47 JÄ
354 274 98 27 militärt,
468 274 67 27 civilt,
552 274 148 21 ecklesiastikt
722 274 40 21 och
782 274 210 26 skollärareembete,

167 304 77 27 tjenst,
264 303 69 27 syssla
352 303 51 21 eller
422 302 138 28 beställning,
581 310 46 13 som
648 303 23 20 af
687 302 28 21 H.
732 302 27 21 K.
776 302 60 28 Maj:t
851 302 51 21 eller
918 302 74 21 veder-

168 332 94 20 börande
278 331 126 28 myndighet
420 332 110 26 tillsättes,
547 331 91 21 skrifves
654 332 33 20 för
703 331 52 26 den,
766 331 86 21 hvilken
862 330 70 21 första
943 331 49 27 gän-

167 367 42 21 gen
225 360 106 20 tillträder
346 360 66 27 tjenst
429 360 47 20 med
492 360 34 20 lön
541 360 28 27 pä
584 359 103 27 kronans,
698 360 70 27 nägon
782 359 59 21 stads
852 359 52 21 eller
915 359 77 21 allmän

167 388 131 28 inrättnings
309 390 52 24 stat,
376 388 28 28 pä
419 388 115 27 stämpladt
549 394 88 20 papper,
649 387 119 21 beräknadt
779 388 31 20 till
821 388 13 20 4
845 388 27 26 9/,
883 388 23 20 af
914 388 34 20 lön
961 388 33 20 för

168 418 52 19 året.
250 416 32 20 Ar
302 416 61 21 lönen
384 416 96 21 bestämd
498 416 6 20 i
524 416 97 28 spanmäl
639 416 51 21 eller
708 416 163 26 ränterubeltal,
887 416 107 20 beräknas

169 445 102 27 beloppet
293 444 63 21 deraf
372 445 7 20 i
398 445 118 27 penningar
538 444 55 21 efter
614 447 72 19 senast
705 444 120 22 fastställda
841 444 153 21 medelmarke-

171 473 115 28 gängspris
301 473 7 21 i
324 473 36 21 det
378 473 45 27 län,
442 474 38 20 der
497 473 64 21 lönen
577 473 113 21 utbetalas.
722 473 48 21 Men
787 472 35 21 vid
836 473 73 21 vidare
925 473 69 21 befor-

170 502 52 20 dran
239 502 32 20 till
286 508 22 14 o.
324 508 16 14 s.
357 504 33 18 v.'*
407 502 66 28 enligt
488 501 78 28 nådiga
581 502 168 27 propositionen.

237 530 57 20 Herr
312 530 139 20 Molander:
469 530 58 20 Herr
543 537 40 13 von
601 530 117 20 Bonsdorff
731 530 39 20 har
785 532 72 18 ansett
872 531 13 19 4
900 530 28 27 %
944 536 50 14 vara

168 558 33 21 för
217 558 79 28 lindrig
311 558 62 21 karta
388 558 33 21 för
437 558 209 28 tjenstefullmakter.
670 558 43 28 Jag
729 559 46 20 åter
792 565 63 14 anser
871 560 31 19 att
918 558 36 21 det
971 560 23 19 är

169 586 86 22 alldeles
272 587 134 28 tillräckligt,
422 589 23 25 ty
461 587 51 20 hvar
528 587 40 20 och
584 594 25 13 en
626 587 82 21 känner
723 587 54 20 huru
794 587 58 20 svårt
868 594 25 13 en
905 587 89 27 tjenste-

168 623 49 13 man
234 615 39 21 har
288 617 32 18 att
336 616 6 19 i
359 616 73 27 början
449 615 30 20 slå
495 615 32 27 sig
543 617 33 24 ut,
593 615 26 21 dä
635 615 68 21 under
718 615 36 21 det
769 615 68 21 första
852 616 47 20 året
912 622 25 13 en
949 617 45 18 stor

169 644 34 21 del
219 644 23 20 af
255 643 53 21 hans
325 644 35 20 lön
376 644 61 27 åtgår
453 643 30 21 till
499 643 336 28 begrafningshjelpsbesparing,
852 644 101 25 uniform,
964 644 29 20 lö-

169 679 37 14 sen
222 672 22 20 af
258 672 99 21 fullmakt
376 672 40 21 och
431 671 66 21 andra
512 672 136 27 nödvändiga
664 672 88 27 utgifter
768 673 6 19 i
790 673 39 20 och
845 672 33 20 för
894 672 40 20 den
951 679 42 20 nya

168 701 106 27 tjenstens
294 700 61 21 skull.
386 700 61 21 Hvad
468 700 41 21 den
528 707 75 14 senare
623 701 62 20 delen
704 700 23 21 af
742 700 49 21 herr
807 707 42 14 von
866 700 128 21 Bonsdorffs

168 729 101 28 yttrande
293 729 108 26 beträffar,
426 729 22 20 sä
472 729 40 20 kan
536 729 40 20 den
600 729 23 20 af
639 729 77 20 honom
736 729 121 27 föreslagna
876 729 118 27 ändringen

169 765 50 13 vara
243 759 87 26 mycket
353 757 75 28 riktig,
448 764 47 13 men
515 757 41 20 den
576 757 107 21 förefaller
704 757 34 21 vid
754 758 67 20 första
837 757 117 28 päseendet
970 757 22 20 sä

168 785 113 21 invecklad
302 785 39 21 och
360 785 100 24 outredd,
479 787 32 18 att
529 786 38 27 jag
587 793 63 13 anser
668 785 104 28 behöfligt
788 787 31 19 att
835 786 158 20 återremittera

169 814 89 21 ärendet
280 814 32 20 till
335 814 116 25 utskottet,
473 814 33 20 för
529 816 31 19 att
580 814 36 20 det
635 815 67 20 mätte
720 816 58 25 yttra
797 814 33 27 sig
845 814 55 21 huru
916 815 77 26 mänga

169 845 89 25 procent
275 842 36 21 det
327 849 63 14 anser
407 843 51 20 böra
474 843 97 27 erläggas
588 842 23 21 af
625 842 66 21 indelt
707 843 42 20 lön.

237 870 59 21 Herr
315 871 192 27 Björkenheim,
526 871 25 20 L.
569 871 34 20 M.:
629 871 64 20 Hvad
716 871 43 28 mig
782 872 73 27 angär,
872 871 68 20 skulle
955 871 38 27 jag

171 899 65 28 tycka
252 901 31 18 att
300 899 12 20 6
327 900 27 26 %/,
370 899 24 20 af
408 899 39 20 den
464 899 33 20 lön
514 907 28 20 ny
558 900 67 27 tjenst
641 899 83 21 medför
740 899 125 21 oafkortade
880 899 67 20 borde
964 899 28 21 bi-

168 927 105 27 behållas,
297 927 29 21 dä
349 928 111 27 meningen
484 929 23 19 är
530 930 31 18 att
579 927 51 26 öka,
646 928 48 20 icke
718 928 83 20 minska
819 927 125 22 intraderna
960 927 34 21 för

169 956 181 27 stämpelpapper.
381 956 194 21 Embetsmännens
594 956 60 21 löner
673 957 27 20 ha
720 957 46 20 icke
785 956 70 21 blifvit
873 956 119 24 minskade,

168 991 48 14 men
240 984 34 20 väl
296 984 68 20 ökade
381 985 5 20 i
403 991 75 14 senare
497 985 61 20 tider.
589 984 48 21 Här
655 986 23 19 är
696 985 48 20 icke
764 985 60 27 fråga
840 991 34 14 om
890 991 28 21 ny
934 985 59 20 skatt

168 1013 39 20 och
223 1019 28 20 ny
268 1013 87 27 pälaga;
372 1013 51 20 flere
433 1013 141 20 medellösare
586 1013 82 20 klasser
679 1015 26 18 än
718 1013 175 21 embetsmännen
905 1013 89 27 bidraga

168 1041 31 20 till
215 1041 149 20 inkomsterna
378 1041 48 20 med
438 1041 43 21 lika
491 1041 93 28 mycket.
608 1042 42 27 Jag
661 1044 35 18 vet
707 1041 47 22 icke
765 1041 99 21 hvarföre
876 1041 38 20 här
926 1041 67 20 skulle

169 1076 51 14 vara
243 1069 61 28 fråga
326 1076 34 14 om
380 1069 131 28 minskning;
531 1071 66 20 måtte
617 1070 37 20 det
672 1070 35 21 vid
726 1071 37 20 det
779 1070 71 27 gamla
864 1069 128 26 bibehållas,

167 1097 20 22 d.
204 1105 19 13 v.
240 1105 16 13 s.
272 1100 14 19 6
301 1098 27 27 %
348 1098 32 20 för
399 1098 98 21 fullmakt
515 1098 34 21 för
569 1098 40 21 den
629 1099 65 26 tjenst
713 1105 45 14 som
774 1098 101 26 erhälles,
892 1097 38 21 och
946 1098 47 20 icke

168 1127 65 27 något
254 1126 76 28 afdrag
351 1126 88 28 beviljas
459 1127 32 21 för
506 1126 56 22 hvad
578 1133 26 14 en
620 1127 129 27 tjensteman
766 1126 33 22 för
815 1127 31 21 sin
862 1126 130 28 föregående

166 1154 102 22 fullmakt
284 1155 40 21 fätt
341 1155 77 21 betala.

237 1183 57 21 Herr
318 1183 161 27 Grotenfelt,
502 1183 37 21 N.:
563 1184 42 28 Jag
627 1184 39 21 ber
688 1186 32 18 att
744 1184 21 21 få
786 1184 92 27 upplysa
896 1185 32 19 att
951 1183 40 21 den

166 1219 43 20 nya
224 1211 154 28 förordningen
394 1212 86 27 stadgar
495 1213 13 19 4
523 1212 28 27 %/
567 1213 40 20 och
623 1212 47 21 icke
686 1214 13 19 6
714 1212 38 28 %/,;
767 1213 13 20 4
794 1212 28 27 9/,
836 1213 37 19 äro
888 1212 104 27 stadgade

167 1240 61 21 äfven
245 1240 34 20 för
294 1240 139 21 närvarande.

234 1268 59 21 Herr
308 1268 196 28 Björkenheim,
521 1269 24 21 L.
563 1270 38 20 M.:
621 1268 57 21 Herr
693 1276 41 14 von
750 1268 117 21 Bonsdorff
879 1268 39 20 har
934 1270 57 25 sagt,

166 1304 34 14 om
216 1297 38 27 jag
274 1296 48 22 icke
341 1297 113 27 misstager
473 1297 54 28 mig,
543 1299 31 19 att
591 1298 40 20 den
646 1297 124 21 nuvarande
786 1296 90 28 afgiften
893 1296 98 28 utgjorde

194 1327 8 12 o

214 1339 15 13 o

236 1353 58 21 Herr
312 1353 198 21 landtmarskalken
530 1354 132 21 framställde
681 1354 31 20 till
730 1354 87 20 ständet
835 1353 93 28 följande
944 1360 48 20 pro-

166 1382 104 27 position:

234 1410 58 26 »Vill
315 1410 149 28 ridderskapet
487 1410 38 21 och
547 1410 62 21 adeln
629 1410 115 28 godkänna
764 1410 41 21 den
821 1410 79 21 nådiga
914 1416 78 21 propo-

163 1439 93 21 sitionen
279 1438 82 25 derom,
385 1440 32 19 att
435 1439 206 27 tjenstefullmakter
660 1439 53 21 böra
731 1439 98 21 karteras
853 1439 23 20 till
900 1439 12 19 4
928 1439 28 26 9/,
972 1438 22 22 af

165 1466 201 28 penningelönen
338 1462 30 36 ?'*
