1078 1700
840 80 42 21 469

87 142 46 14 som
156 136 36 20 äro
215 134 129 28 ogrundade.
374 134 58 21 Herr
455 134 108 22 Snellman
587 134 39 21 har
648 135 30 20 uti
698 136 32 19 ett
745 135 66 28 långt,
827 136 83 21 sakrikt

87 164 40 20 och
142 162 128 22 framförallt
285 162 88 21 humant
388 162 65 22 hållet
469 162 136 28 andragande
621 165 81 24 ansett,
724 165 33 19 att
772 163 74 28 frågan
861 164 49 22 icke

87 192 67 20 borde
169 194 115 25 upptagas,
300 191 71 21 derest
390 191 47 26 den,
454 198 45 14 som
517 191 100 28 framlagt
632 192 126 27 petitionen,
774 192 47 21 icke
837 192 71 22 kunde

87 220 52 24 visa,
155 220 72 21 hvilka
242 219 82 21 skatter
340 226 45 14 som
401 219 68 21 skulle
485 221 81 19 ersätta
586 220 132 21 statsverket
733 220 33 20 för
781 220 129 28 grundskat-

88 251 43 19 ten.
161 248 50 21 Just
225 248 33 21 för
273 250 31 19 att
318 248 22 20 få
354 248 41 20 den
410 248 75 27 frågan
501 248 82 25 utredd,
599 255 63 14 anser
674 249 39 27 jag
728 256 27 13 en
767 248 80 22 komité
857 249 53 21 böra

88 277 116 27 nedsättas,
220 277 88 20 emedan
324 276 37 21 det
376 278 23 18 är
414 276 83 28 ganska
512 277 59 20 svårt
587 278 31 19 att
633 277 27 27 på
675 276 92 22 förhand
782 278 80 27 afgifva
878 280 32 19 ett

88 305 107 22 bestämdt
214 305 88 27 förslag,
324 305 64 21 innan
404 312 49 14 man
469 305 38 20 har
523 306 32 20 att
570 305 60 27 tillgå
645 305 26 21 de
686 305 161 28 upplysningar,
862 313 47 14 som

88 334 95 21 komitén
201 333 54 21 hade
278 335 31 19 att
330 333 131 21 införskaffa.
491 333 44 28 Jag
557 333 34 21 vill
610 334 55 20 blott
682 335 52 26 säga
752 336 32 19 att
807 334 36 21 det
866 335 42 20 kan

88 362 68 29 finnas
180 364 32 19 tre
234 363 66 26 vägar
318 363 31 20 att
368 362 85 20 komma
471 362 31 20 till
517 362 74 26 målet,
615 362 39 20 den
671 369 40 13 ena
726 369 77 21 genom
819 364 32 20 att
867 362 43 22 öka

87 390 181 22 inkomstskatten
284 390 52 27 (den
352 390 42 20 kan
410 390 72 21 likvist
503 390 73 21 ställas
592 390 23 21 så
631 392 31 19 att
677 390 41 21 den
734 393 127 25 permanent
875 393 33 19 ut-

87 420 40 27 går
141 419 31 21 till
183 419 152 27 statsverket);
357 418 40 22 den
420 418 67 21 andra
506 419 41 20 kan
568 426 61 19 vara,
651 419 45 21 ifall
711 419 150 21 erfarenheten
877 420 31 20 till

88 449 63 19 nästa
171 447 101 28 landtdag
291 447 55 21 visar
365 447 76 21 sådant
461 454 52 14 vara
531 448 92 27 möjligt,
646 447 75 28 bidrag
736 448 46 20 från
799 448 109 21 bränvins-

88 476 97 27 skatten;
209 476 39 20 och
267 476 40 20 den
330 475 69 28 tredje
418 482 78 21 genom
519 476 141 28 frångåendet
678 476 23 20 af
714 476 38 21 det
766 483 29 13 nu
810 476 98 28 gällande

89 504 199 28 protektionistiska
310 506 105 26 systemet
436 504 36 21 vid
495 504 149 21 tullsatsernas
666 504 169 22 bestämmande.
865 505 44 21 Det

89 534 42 20 kan
153 540 52 14 vara
226 532 84 28 möjligt
328 534 32 19 att
379 532 37 21 det
430 532 48 22 icke
494 532 41 21 blir
550 540 26 14 en
592 533 23 21 af
629 532 25 22 de
670 535 33 19 tre
719 533 121 27 skatterna,
862 540 46 14 som

89 562 68 21 skulle
173 563 81 20 ersätta
270 562 130 20 statsverket
414 562 33 20 för
448 556 182 58 prundskattoti,
652 563 51 19 utan
727 561 82 22 kanske
824 569 27 14 en
866 562 43 21 för-

88 590 65 28 ening
163 590 24 21 af
199 590 48 21 dem
263 590 155 21 allesammans.
472 597 35 14 Herr
522 589 109 22 Snellman
646 590 38 21 har
700 592 47 26 sagt
763 592 32 19 att
810 590 37 21 det
857 597 51 14 vore

89 619 97 28 omöjligt
201 621 31 18 att
247 618 93 28 tillgripa
362 618 94 21 hvarken
481 619 202 20 brännvinsskatten
706 619 53 20 eller
776 618 132 28 tullmedien,

88 654 48 14 men
157 648 38 27 jag
218 647 35 20 vill
275 647 99 28 päminna
397 647 48 20 herr
469 647 109 20 Snellman
601 654 44 20 om,
669 648 31 19 att
719 647 37 20 det
771 647 68 20 under
854 647 54 21 hans

88 682 68 21 yngre
172 676 65 27 dagar
252 675 70 21 hände
340 675 78 21 honom
435 682 46 14 mer
497 677 26 19 än
539 682 25 14 en
595 676 51 27 gäng,
669 677 32 18 att
716 675 41 21 han
773 675 28 28 pä
822 675 86 28 förslag,

89 711 46 14 som
151 704 41 21 han
208 704 27 21 dä
250 703 145 21 framkastade
412 704 39 20 och
466 703 73 21 hvilka
557 683 66 42 sedan
638 703 62 28 länge
716 705 36 20 äro
768 705 56 20 satte
840 704 6 21 i
862 711 46 14 ver-

90 733 44 25 ket,
150 733 23 20 af
186 732 26 21 de
227 732 142 28 maktegande
385 732 42 21 fick
442 733 53 20 höra
510 734 95 25 utropet:
621 732 102 27 omöjligt,
739 732 37 21 det
791 733 24 20 är
830 739 26 14 en
872 739 36 21 ga-

90 761 99 27 lenskap!
221 761 89 20 Derföre
334 763 60 25 tager
410 761 38 27 jag
463 760 44 28 mig
521 760 90 21 friheten
629 762 31 19 att
676 762 33 19 tro
722 760 67 21 saken
804 760 104 27 utförbar,

90 789 89 22 oaktadt
202 789 48 21 herr
274 789 119 22 Snellmans
416 789 135 27 motsägelse.
583 788 103 28 Slutligen
710 789 38 20 ber
764 789 38 27 jag
817 789 28 27 pä
859 789 50 21 herr

90 825 37 14 vor
150 817 124 22 Bonsdorffs
297 817 109 28 yttrande,
430 819 31 19 att
481 817 39 27 jag
539 817 48 21 icke
606 817 55 20 hade
680 817 110 28 redogjort
805 817 33 21 för
853 817 56 22 hvad

89 847 127 27 grundskatt
238 848 28 23 är,
289 848 31 18 att
342 845 75 21 endast
432 845 21 21 fä
468 845 59 28 gifva
542 845 36 21 det
597 846 62 20 korta
681 852 55 20 svar,
759 847 31 19 att
805 845 43 21 den
863 852 45 15 som

89 875 48 20 icke
153 875 36 20 vill
203 874 78 25 förstå,
304 874 40 21 den
366 874 78 21 saknar
464 874 39 27 jag
523 874 96 27 förmåga
641 876 32 18 att
696 874 97 27 upplysa.
823 874 49 21 Den
888 875 24 20 af

89 903 44 28 mig
147 903 121 27 föreslagna
291 902 105 21 reformen
415 902 68 21 skulle
499 903 38 27 jag
555 904 34 19 tro
604 909 53 14 vara
672 903 30 20 ett
718 902 133 28 nödvändigt
865 903 44 20 lifs-

90 931 69 21 vilkor
175 932 32 19 för
222 931 36 21 det
273 931 69 20 finska
354 931 140 27 jordbrukets
509 930 200 21 framätskridande.
740 930 44 21 Det
794 930 39 21 har
844 933 65 26 sagts,

89 962 32 19 att
134 959 76 28 jorden
230 966 50 14 vore
296 959 44 28 lågt
355 959 120 20 beskattad.
506 959 43 28 Jag
567 959 65 26 skall,
648 959 63 20 innan
726 959 38 27 jag
779 959 68 21 slutar
862 959 48 21 mitt

89 988 149 27 andragande,
256 989 52 26 göra
322 995 26 13 en
362 987 124 28 jemförelse
501 987 90 21 emellan
605 987 147 28 jordskattens
776 987 78 28 belopp
870 987 40 22 och

90 1017 49 20 dess
154 1017 124 26 proportion
293 1016 31 21 till
340 1016 25 20 de
381 1016 68 27 öfriga
472 1015 204 22 statsinkomsterna
697 1015 39 21 hos
752 1022 35 14 oss
802 1016 41 20 och
848 1011 12 36 i
879 1018 32 19 ett

90 1052 38 20 par
144 1045 66 20 andra
225 1045 79 26 länder,
320 1044 32 21 uti
367 1044 72 21 hvilka
451 1044 137 27 jordskatten
605 1043 70 28 spelar
690 1051 26 14 en
732 1043 101 28 temligen
849 1044 61 28 bety-

90 1073 69 21 dande
176 1073 44 21 roll.
252 1073 72 27 Enligt
340 1073 53 21 1867
409 1073 34 20 års
459 1073 136 27 statsförslag
608 1074 62 26 stego
685 1072 27 21 de
727 1072 89 27 skatter,
828 1072 82 21 hvilkas

91 1101 117 28 aflyftande
220 1102 39 27 jag
274 1101 85 28 äsyftat,
378 1101 31 20 till
431 1101 99 27 omkring
553 1101 111 30 2,900,000
677 1101 67 26 mark,
760 1100 40 21 och
816 1101 41 20 den
872 1101 39 20 fin-

91 1129 40 21 ska
147 1130 162 28 statsbudgeten
324 1129 20 21 d.
360 1137 19 13 v.
396 1137 15 13 s.
426 1129 152 27 statsfondens,
603 1129 71 28 fattig-
689 1129 40 21 och
751 1128 160 22 arbetshusfon-

91 1159 54 20 dens
165 1159 39 21 och
228 1158 164 22 militiefondens
414 1158 153 27 presumerade
591 1157 119 21 inkomster
732 1158 31 20 till
786 1158 123 26 17,513,951

91 1187 68 27 mark;
175 1187 83 21 säledes
274 1188 63 26 utgör
352 1187 41 21 den
407 1186 135 28 grundskatt,
566 1186 63 21 hvars
648 1186 135 21 afskaffande
804 1186 39 27 jag
857 1186 55 21 före-

91 1216 50 26 slår,
156 1222 60 14 mera
231 1217 26 19 än
275 1216 88 27 16!/,9/,
379 1215 23 21 af
415 1215 48 21 hela
479 1214 183 21 statsinkomsten.
692 1214 11 20 I
721 1214 121 21 Frankrike
857 1214 56 28 stiga

91 1246 83 19 statens
189 1244 118 21 inkomster
322 1244 66 27 enligt
405 1244 53 20 1865
473 1244 35 20 års
519 1242 82 28 budget
611 1243 30 20 till
654 1243 61 26 1,752
726 1242 99 28 miljoner
835 1242 77 27 francs;

92 1272 23 21 af
129 1272 64 21 dessa
207 1273 73 20 inflöto
296 1272 7 21 i
332 1272 113 21 grundskatt
462 1272 40 20 168
517 1271 105 27 miljoner,
638 1271 83 21 således
736 1271 48 21 icke
794 1277 38 15 ens
845 1271 26 21 10
880 1271 33 27 9/,.

92 1301 10 20 I
117 1301 109 21 Preussen
241 1275 99 57 ulgjörde
356 1300 202 21 statsinkomsterna
573 1300 24 20 år
614 1300 53 20 1864
684 1300 139 26 143,900,000
838 1298 76 28 thaler,

91 1329 40 21 och
145 1330 137 27 jordskatten
296 1329 47 21 litet
358 1328 60 21 öfver
430 1329 25 20 10
466 1328 103 28 miljoner,
580 1327 83 22 således
674 1328 65 27 något
750 1334 59 14 mera
820 1328 27 20 än
859 1328 11 20 7
879 1328 35 27 9/,.

93 1358 50 21 Men
159 1358 26 20 då
199 1358 37 28 jag
251 1358 99 26 framlagt
365 1357 62 21 dessa
442 1356 105 28 kalkyler,
563 1356 38 21 har
614 1356 38 28 jag
667 1356 53 21 talat
736 1362 34 15 om
784 1356 41 20 den
835 1356 80 27 grund-

93 1387 68 26 skatt,
185 1386 63 21 hvars
271 1386 147 20 beskaffenhet
431 1385 39 28 jag
485 1384 121 28 föreslagit;
629 1386 61 26 tager
710 1391 47 14 man
773 1384 49 21 hela
837 1384 78 28 grund-

93 1414 98 22 skattens
207 1414 77 28 belopp
299 1414 7 21 i
319 1413 152 27 betraktande,
493 1413 40 21 blir
552 1413 74 21 siffran
642 1414 55 20 ännu
713 1413 73 27 högre.
816 1412 100 21 Vakans-

93 1443 91 27 afgiften
207 1442 93 29 uppgick
318 1442 66 28 enligt
401 1442 53 21 1867
470 1442 35 20 års
523 1441 136 27 statsförslag
674 1441 31 21 till
723 1441 110 25 1,350,000
848 1440 68 27 mark,

93 1471 84 21 således
195 1472 47 20 hela
264 1470 155 30 grundskatten
441 1470 32 20 till
496 1470 99 28 omkring
613 1470 121 26 4,250,000,
753 1469 82 21 hvilket
853 1470 63 28 utgör
