1078 1700
842 101 40 21 513

157 157 11 21 I
192 157 114 28 anledning
328 158 63 20 häraf
404 157 76 21 ställde
499 158 50 20 herr
567 157 196 21 landtmarskalken
779 157 31 21 till
826 157 85 21 ståndet

89 186 70 20 denna
174 186 142 28 proposition:

157 231 10 9 »
170 214 43 21 Vill
229 214 151 28 ridderskapet
396 214 37 21 och
451 214 69 26 adeln,
537 216 32 18 att
580 214 30 20 uti
621 214 126 20 ständernas
764 214 146 28 underdåniga

89 250 48 14 svar
153 244 11 19 å
179 243 140 20 förenämnda
334 242 78 28 nådiga
427 242 131 28 proposition
575 242 53 21 skall
644 242 79 21 införas
739 242 41 21 den
796 243 23 20 af
827 244 83 19 utskot-

89 272 31 20 tet
142 271 31 21 uti
196 271 48 21 dess
268 271 138 21 betänkande
427 270 90 21 rörande
541 270 47 21 9:de
611 271 95 27 punkten
730 271 113 21 förordade
859 272 50 20 hän-

88 299 117 28 tydning?''

157 328 46 21 Och
219 328 44 21 blef
277 328 70 20 denna
361 328 133 27 proposition
510 327 24 21 af
547 327 86 21 ståndet
645 327 95 27 jakande
756 328 112 21 besvarad.

157 356 61 21 10:de
234 356 40 21 och
290 357 56 20 11:te
362 356 122 28 punkterna
498 356 126 20 föranledde
639 356 63 27 ingen
719 356 94 21 hvarken
825 356 84 21 diskus-

89 384 45 21 sion
150 384 52 22 eller
216 384 97 28 ändring.

156 413 118 28 Angående
291 414 55 20 12:te
362 412 96 28 punkten
474 412 95 28 yttrade:

157 441 58 21 Herr
230 442 140 20 Snellman:
392 440 12 21 I
426 441 68 21 första
511 441 86 27 stycket
612 440 24 21 af
650 442 56 20 12:te
721 443 118 19 momentet
853 441 56 21 före-

88 470 86 20 komma
189 472 78 19 tvenne
283 470 106 20 särskilda
403 469 78 29 frågor,
500 469 41 21 den
557 476 41 14 ena
613 476 34 14 om
666 470 150 20 användandet
831 470 23 21 af
867 470 43 27 pri-

89 498 73 21 mitiva
184 498 90 21 fondens
296 498 120 28 tillgångar.
445 498 44 20 Det
503 499 24 19 är
542 498 6 20 i
565 497 223 22 öfverensstämmelse
803 498 49 21 med
868 498 40 21 den

89 526 76 28 nådiga
181 526 169 28 propositionen,
374 533 45 14 som
442 526 107 21 utskottet
563 526 7 20 i
586 526 59 20 detta
665 526 103 21 afseende
783 528 68 26 yttrat
866 528 43 26 sig;

89 561 49 14 men
161 556 159 27 propositionen
343 556 53 25 åter,
419 556 32 20 att
473 554 108 28 primitiva
603 554 78 21 fonden
701 555 88 21 sålunda
804 555 55 21 skall
873 562 37 14 an-

89 583 87 25 vändas,
191 583 38 21 har
244 584 69 20 blifvit
328 583 62 28 gjord
407 585 27 26 på
449 583 126 21 ständernas
591 583 104 21 särskilda
711 583 100 28 begäran.
842 583 66 28 Ingen

89 611 41 21 kan
151 612 134 28 naturligtvis
308 614 59 26 yttra
390 613 66 26 några
479 612 80 27 åsigter
579 618 40 20 om,
642 612 55 20 hvad
722 611 61 22 Hans
805 612 104 27 Majestät

89 642 52 19 utan
156 639 70 22 denna
240 641 58 28 gifna
313 640 115 28 anledning
438 640 85 27 nådigst
539 640 68 21 skulle
623 640 64 21 hafva
700 640 89 21 beslutit
800 641 51 20 eller
861 641 48 20 icke

90 668 94 27 beslutit;
200 676 47 13 men
263 669 36 21 det
314 670 24 19 är
352 668 55 21 dock
422 669 93 28 möjligt,
538 670 32 19 att
589 675 33 14 om
641 668 115 21 ständerna
771 669 47 20 icke
833 669 76 28 begärt

89 696 43 25 det,
148 697 24 21 så
187 697 54 21 hade
257 697 61 21 Hans
336 697 102 28 Majestät
453 697 20 28 ej
489 697 67 20 heller
578 697 110 27 föreslagit
710 697 70 28 någon
797 697 65 21 sådan
878 698 30 20 åt-

88 725 59 27 gärd.
177 725 43 21 Det
243 733 64 20 synes
330 725 23 21 af
373 725 47 21 hela
443 725 40 21 den
506 725 77 28 nådiga
606 725 171 28 propositionen,
800 727 32 19 att
847 725 61 21 Hans

90 753 101 28 Majestät
214 755 56 20 velat
288 755 27 26 gå
337 755 126 20 ständernas
487 754 130 27 önskningar
636 754 30 20 till
686 755 75 19 mötes.
794 755 40 19 Der
852 754 56 21 före-

89 782 96 20 kommer
207 782 54 21 dock
282 783 69 20 såsom
374 783 67 20 motiv
458 783 33 20 för
507 782 149 21 användandet
672 782 23 21 af
708 782 105 27 primitiva
830 782 78 21 fonden

89 817 25 13 en
130 811 62 27 åsigt,
208 811 72 27 yttrad
295 811 64 20 redan
376 811 24 20 af
414 811 53 20 1863
483 811 34 20 års
534 810 93 21 samlade
643 810 94 26 ständer,
753 811 51 20 eller
819 813 32 18 ett
866 811 42 20 för-

88 839 111 25 menande,
215 839 81 21 hvilket
309 840 37 27 jag
362 839 48 21 icke
425 841 45 19 tror
480 839 39 21 har
530 839 114 27 tillräcklig
654 839 68 27 grund
734 839 32 20 för
777 839 38 28 sig.
835 851 2 2 -
845 839 63 20 Hvad

86 867 38 27 jag
140 867 38 20 har
193 870 31 18 att
240 868 102 21 anmärka
364 869 36 19 rör
418 868 82 20 således
519 867 48 21 icke
583 867 61 21 Hans
660 867 112 28 Majestäts
790 868 68 20 beslut
874 875 33 14 om

89 895 94 21 medlens
206 896 150 27 användande,
378 898 51 19 utan
450 897 35 20 rör
500 896 40 20 den
556 895 124 21 förmodade
697 895 92 21 effekten
806 896 30 27 af,
853 897 55 20 hvad

89 923 115 22 ständerna
218 924 82 28 begärt.
330 925 31 20 Af
373 925 118 20 utskottets
514 924 80 28 förslag
616 931 74 20 synes,
713 926 32 19 att
760 924 106 21 utskottet
880 931 28 14 nu

89 951 75 21 liksom
190 953 32 20 vid
242 955 85 18 senaste
345 953 102 27 landtdag
465 955 80 24 ansett,
564 955 31 18 att
610 959 48 14 man
675 953 49 20 med
739 953 108 27 primitiva
862 953 46 20 fon-

89 979 52 21 dens
163 981 113 27 tillgångar
298 981 53 20 skall
374 981 73 20 kunna
464 981 109 20 förstärka
592 981 95 20 bankens
703 981 130 20 silfverfond.
864 981 44 21 Det

89 1008 41 21 kan
155 1009 48 26 ske,
222 1008 69 22 såvidt
304 1010 38 27 jag
357 1016 69 19 anser,
442 1009 47 21 icke
504 1009 99 25 sålunda,
619 1011 32 18 att
667 1009 26 20 de
708 1009 48 28 fyra
772 1009 135 28 miljonerna,

89 1043 45 14 som
165 1038 107 26 primitiva
294 1038 78 21 fonden
395 1038 92 25 utlånat,
507 1037 41 21 kan
573 1040 95 18 verteras
693 1038 31 20 till
752 1037 156 21 räntebärande

90 1065 147 28 obligationer,
252 1069 51 18 utan
320 1066 88 21 sålunda
424 1068 31 19 att
472 1066 47 27 fyra
527 1066 112 27 miljoner
631 1061 13 37 i
650 1066 70 21 sedlar
736 1067 95 26 gömmas
841 1066 5 20 i
857 1066 49 21 ban-

89 1093 50 25 ken,
158 1093 19 21 d.
194 1101 19 14 v.
228 1102 17 13 s.
264 1097 31 18 att
322 1095 217 20 cirkulationsmedlet
555 1095 5 20 i
577 1094 71 21 landet
670 1095 105 26 minskas;
798 1096 23 25 ty
845 1095 62 26 eljest

89 1121 40 21 kan
146 1123 27 26 på
189 1123 53 21 intet
258 1123 69 21 vilkor
349 1123 107 28 primitiva
478 1123 89 21 fondens
591 1123 127 27 indragning
733 1123 108 20 förstärka
858 1123 49 21 ban-

89 1150 52 20 kens
157 1151 78 21 valuta.
266 1152 89 20 Banken
370 1152 34 20 får
418 1152 48 20 icke
481 1152 123 27 derigenom
621 1158 58 14 mera
696 1152 80 26 valuta,
792 1158 47 14 men
855 1153 52 19 ban-

89 1178 40 21 ken
151 1179 34 21 får
207 1180 81 20 mindre
310 1180 70 20 sedlar
398 1182 32 18 att
449 1187 61 13 svara
529 1181 39 19 för.
600 1180 48 20 Alla
667 1180 25 20 de
709 1180 90 26 valutor,
815 1186 45 14 som
877 1180 30 20 in-

89 1206 84 22 komma
189 1215 75 20 genom
280 1208 40 21 den
337 1208 113 21 utländska
471 1208 100 26 handeln,
595 1208 69 21 såvidt
683 1208 26 20 de
725 1208 20 27 ej
761 1210 37 18 äro
814 1208 94 20 nödvän-

88 1235 49 27 diga
152 1236 32 20 för
201 1236 109 28 betalning
325 1236 23 21 af
361 1237 113 27 importen,
490 1237 41 21 alla
546 1237 63 20 dessa
625 1236 84 21 valutor
720 1236 85 20 komma
814 1236 30 20 till
856 1236 51 20 ban-

89 1263 48 26 ken,
154 1264 36 21 det
207 1265 101 21 behöfver
323 1272 47 14 man
388 1265 19 27 ej
424 1265 59 21 tvifla
498 1266 33 26 på,
549 1265 38 21 och
604 1265 36 21 det
655 1266 23 19 är
694 1264 87 21 alldeles
798 1264 61 25 klart,
876 1266 31 19 att

88 1292 84 21 banken
189 1293 37 21 har
241 1294 43 20 lika
299 1294 39 20 lätt
357 1300 44 14 som
418 1294 108 26 primitiva
541 1293 78 21 fonden
636 1295 31 19 att
683 1294 57 26 köpa
755 1300 25 13 en
794 1292 65 22 sådan
871 1300 35 13 va-

87 1320 52 28 luta;
156 1322 192 27 hypoteksfonden,
365 1329 45 13 som
426 1329 48 13 man
491 1322 67 20 kallar
574 1322 93 25 banken,
679 1322 41 20 kan
732 1322 106 26 nemligen
849 1322 59 26 gifva

87 1351 24 18 ut
129 1356 42 21 nya
191 1351 69 20 sedlar
284 1353 43 18 mot
349 1351 93 20 valutan.
472 1350 42 28 Jag
530 1350 38 21 har
584 1350 46 20 icke
646 1350 58 20 velat
719 1350 53 28 yrka
789 1350 26 26 på
831 1351 75 26 något,

87 1379 51 19 utan
155 1378 34 20 vill
207 1379 52 21 blott
275 1379 67 21 uttala
358 1386 24 13 en
399 1379 134 27 upplysning,
550 1386 45 13 som
609 1379 37 27 jag
662 1378 32 21 väl
711 1378 76 28 tycker
801 1378 105 27 knappast

88 1406 65 21 borde
174 1407 111 27 behöfvas,
308 1408 89 20 emedan
421 1407 65 20 saken
506 1409 23 19 är
548 1408 23 20 så
587 1407 118 27 sjelffallen.
736 1406 50 21 Man
802 1407 35 20 må
851 1406 56 21 före-

87 1435 62 20 ställa
165 1436 32 27 sig
213 1436 35 20 det
264 1437 32 19 sä:
324 1436 110 20 Primitiva
451 1436 89 20 fondens
556 1436 119 26 fordringar
691 1435 76 27 dragas
783 1435 28 20 in.
837 1434 68 21 Hvar-

87 1463 48 20 med
151 1464 81 20 betalas
248 1465 40 20 de?
316 1464 48 21 Med
384 1464 70 20 sedlar
469 1464 52 20 eller
537 1464 86 20 silfver?
645 1464 89 20 Betalas
750 1463 26 21 de
792 1463 47 20 med
858 1464 48 20 ban-

87 1491 52 20 kens
163 1492 75 27 sedlar,
254 1493 39 20 och
312 1492 98 21 sedlarna
433 1492 57 28 ligga
505 1492 49 20 inne
570 1492 6 20 i
593 1492 91 26 banken,
707 1494 36 18 äro
760 1492 26 20 de
801 1498 26 13 ur
841 1492 65 20 rörel-

817 1533 21 15 33
