1078 1700
203 92 43 20 240

173 148 49 22 icke
236 149 38 21 äro
289 148 212 28 tillfyllestgörande,
517 148 34 21 för
561 150 33 19 att
604 148 66 21 ändra
686 148 26 21 de
728 148 82 21 härtills
825 149 97 28 gällande
936 149 58 28 prin-

174 177 94 29 ciperna.
298 177 48 21 Den
363 177 53 21 brist
431 177 49 21 herr
495 176 123 22 Grotenfelt
636 177 98 21 anmärkt
748 177 7 21 i
770 177 42 21 min
828 177 123 28 redaktion,
962 180 32 19 att

175 213 77 14 ansvar
267 205 33 21 för
316 207 69 26 prest,
401 212 45 14 som
463 206 74 27 bryter
552 208 57 18 emot
625 205 63 21 dessa
704 205 144 29 stadganden,
863 206 48 21 icke
926 206 68 22 finnes

174 235 98 21 närmare
281 234 117 26 bestämdt,
411 234 38 21 har
458 234 32 20 sin
498 234 69 28 grund
576 234 57 27 deri,
641 236 41 25 att,
692 235 70 20 såsom
770 234 50 21 herr
827 234 94 29 Pipping
928 235 66 21 redan

174 263 109 25 anmärkt,
308 263 117 21 maximum
450 262 39 22 och
514 263 110 21 minimum
647 262 23 22 af
689 263 250 28 ansvarsbestämningar
961 264 33 20 för

173 294 69 25 prest,
259 298 46 14 som
320 291 110 28 förbryter
444 292 41 28 sig,
500 292 67 21 redan
581 291 117 21 förefinnas
713 292 130 27 stipulerade
857 292 7 20 i
879 292 114 28 kyrkolag-

173 320 109 28 förslaget.
312 320 44 28 Jag
364 320 39 21 har
418 320 84 21 derföre
516 320 55 21 blott
587 320 75 28 antydt
677 320 176 21 beskaffenheten
869 320 23 21 af
905 320 37 22 det
957 328 36 14 an-

173 356 55 20 svar,
250 356 47 14 som
320 348 72 22 kunde
414 348 85 22 komma
513 349 7 21 i
535 349 67 27 fråga.
632 348 142 28 Naturligtvis
794 348 54 22 skall
869 349 37 21 det
927 349 65 21 sedan

172 378 53 20 bero
247 378 29 28 på
297 377 210 28 omständigheterna
531 377 56 21 huru
610 377 52 28 högt
684 377 51 21 eller
756 377 45 28 lågt
824 379 31 19 ett
878 378 62 20 straff
960 378 33 21 för

172 406 75 28 hvarje
263 406 91 21 särskild
369 406 128 28 förbrytelse
513 406 54 21 skall
582 406 141 26 bestämmas,
742 406 70 21 såsom
824 406 36 21 det
874 406 8 21 i
892 406 100 28 kyrkola-

172 442 42 20 gen
234 434 98 28 generelt
353 435 136 21 bestämmes.
519 435 40 21 Att
581 434 40 21 här
645 435 49 27 ingå
711 434 7 21 i
736 436 98 20 närmare
859 434 133 22 bedömande

172 462 63 22 deraf
252 470 64 14 anser
332 464 39 28 jag
391 464 48 20 icke
462 463 108 28 behöfligt.
601 462 47 22 Här
670 464 38 20 har
731 463 65 21 också
818 463 118 27 anmärkts,
960 465 32 19 att

171 492 75 28 lagens
269 492 133 28 stadganden
423 492 66 21 borde
511 492 93 49 pen
635 492 100 21 Friherre
754 492 27 20 de
799 492 20 20 la
837 491 101 29 Chapelle
954 492 38 21 har

173 522 72 20 ansett
264 520 64 22 dessa
345 520 132 28 stadganden
495 521 48 21 icke
563 520 107 28 behöfliga
688 520 40 22 och
747 520 41 21 den
803 520 77 28 nådiga
896 521 96 27 proposi-

172 549 72 22 tionen
261 549 116 22 motiverar
388 549 66 28 enligt
464 550 43 21 min
519 549 145 28 öfvertygelse
676 549 134 28 fullständigt
821 549 171 28 obehöfligheten

172 578 23 21 af
209 578 115 21 desamma.
354 578 42 28 Jag
410 578 42 21 kan
467 578 34 21 för
515 579 43 20 min
575 578 34 21 del
624 578 48 21 icke
688 578 84 21 biträda
787 578 62 21 deras
864 578 65 28 åsigt,
945 585 45 14 som

171 614 52 14 anse
245 607 63 27 lagen
331 606 53 22 böra
405 607 92 28 qvarstå.
528 607 47 20 Den
597 607 93 21 kontroll
708 607 60 20 öfver
786 607 126 28 omyndigas
929 607 61 27 gods,

170 635 86 21 hvilken
272 637 24 19 är
311 635 248 28 kommunalmyndighet
574 635 84 28 tillagd,
673 636 110 21 äfvensom
799 635 36 21 det
849 635 67 28 sagda
931 643 59 21 myn-

171 663 74 29 dighet
260 663 39 22 har
314 664 50 21 att
354 659 12 37 i
379 664 66 21 saken
461 664 84 28 tillgöra
560 671 63 14 anser
636 665 48 27 jag,
699 666 53 19 utan
767 665 66 26 några
843 664 53 21 flera
906 664 84 28 tillägg,

170 699 52 14 vara
237 699 27 14 en
279 692 114 29 tillräcklig
408 693 100 21 säkerhet
526 693 35 20 för
579 692 41 21 den
635 693 121 28 omyndiga.
788 692 71 22 Också
872 693 38 27 jag
926 693 64 21 biträ-

170 721 38 21 der
230 721 64 21 deras
309 721 65 28 åsigt,
394 728 45 14 som
458 721 88 22 anhållit
567 724 32 18 att
617 721 136 28 principerna
768 721 55 21 först
837 722 66 20 måtte
919 721 71 21 disku-

169 752 66 19 teras.
265 749 43 28 Jag
323 757 63 14 anser
402 752 31 19 att
449 750 26 21 de
490 751 64 20 flesta
569 750 24 21 af
605 750 57 27 dem,
678 757 46 14 som
739 749 114 22 framställt
868 749 80 29 förslag
959 750 31 21 till

169 778 113 21 redaktion
301 778 23 21 af
340 778 163 28 ifrågavarande
522 779 136 28 författning,
674 779 72 27 hafva,
763 779 90 20 likasom
869 779 47 28 jag,
932 779 58 27 gjort

169 807 37 21 det
224 807 76 21 endast
318 807 34 21 för
370 809 32 19 att
420 807 80 28 antyda
519 807 26 21 de
563 808 108 27 principer
690 808 26 21 de
731 807 76 28 hyllat,
826 809 50 19 utan
892 809 32 19 att
939 815 51 13 vara

169 836 120 28 angelägna
308 843 34 14 om
361 838 31 19 att
411 836 26 21 de
456 836 104 21 särskilda
579 836 165 21 redaktionerna
762 837 66 20 måtte
847 835 38 22 ord
904 836 33 21 för
952 836 38 21 ord

169 865 93 49 gr.
293 864 43 28 Jag
354 864 34 21 för
406 865 43 21 min
468 865 33 20 del
520 865 36 21 vill
575 872 67 21 gerna
656 865 76 28 frängä
747 865 114 27 ordalagen
877 865 7 20 i
899 865 42 20 min
957 871 33 14 re-

184 893 83 27 aktion,
279 893 55 21 blott
348 893 111 28 principen
469 894 7 20 i
487 893 124 22 densamma
625 893 110 22 fasthälles
748 894 39 21 och
802 893 33 21 får
855 893 83 21 derföre
953 901 37 13 an-

168 921 64 25 hälla,
248 923 32 20 att
295 922 50 21 herr
360 922 89 28 grefven
465 923 38 20 och
520 922 144 21 ordföranden
680 922 67 21 måtte
762 922 117 21 framställa
894 922 95 27 proposi-

168 951 45 20 tion
228 950 134 22 beträffande
378 951 26 20 de
419 951 114 28 principer,
549 958 46 14 som
611 951 35 21 vid
661 951 140 21 redaktionen
818 951 52 20 böra
884 950 68 28 följas.

237 979 71 21 Sedan
318 979 50 21 herr
378 980 100 27 grefvens
489 980 40 21 och
540 979 154 22 ordförandens
704 979 70 28 fråga,
790 979 103 22 huruvida
903 979 85 21 ståndet

168 1008 32 21 till
218 1015 26 14 en
263 1008 75 28 början
361 1009 49 20 ville
431 1009 74 28 afgöra
524 1015 34 14 om
578 1008 25 21 de
619 1009 114 27 principer,
756 1015 46 14 som
817 1007 36 22 vid
866 1007 121 22 författnin-

167 1043 53 21 gens
236 1036 141 29 redigerande
389 1037 66 21 borde
466 1037 73 28 följas,
555 1037 70 21 blifvit
634 1036 94 28 jakande
740 1037 118 25 besvarad,
873 1036 113 21 framställ-

167 1065 38 21 des
217 1065 74 22 vidare
306 1065 32 21 till
354 1065 95 22 ständets
465 1066 133 21 besvarande
613 1065 94 28 följande
722 1065 113 28 godkända
845 1065 141 28 proposition:

236 1111 11 9 »
249 1093 44 27 Vill
309 1094 149 29 ridderskapet
473 1095 40 21 och
528 1095 63 21 adeln
610 1096 78 27 antaga
707 1094 41 21 den
764 1094 122 28 grundsats,
905 1095 32 20 att
952 1094 36 21 be-

167 1123 71 28 hörigt
261 1123 251 27 afvittringsinstrument
530 1124 48 21 icke
598 1123 102 21 behöfver
718 1123 89 27 företes,
823 1123 65 21 innan
903 1123 85 28 lysning

167 1152 51 21 eller
232 1152 61 20 bevis
309 1152 60 21 öfver
384 1152 145 22 hinderlöshet
545 1152 71 22 dertill
630 1152 33 21 får
678 1152 23 21 af
714 1155 60 25 prest
789 1151 109 22 utfärdas?

236 1180 96 26 »Vinner
347 1180 45 28 nej,
408 1183 89 26 antages
512 1181 41 21 den
572 1181 93 28 princip,
688 1182 31 20 att
737 1181 250 27 afvittringsinstrument

167 1209 38 21 bör
220 1209 46 21 före
282 1209 96 28 lysnings
394 1210 51 21 eller
460 1210 226 21 hinderlöshetsbevis?
702 1209 126 21 utfärdande
843 1210 101 20 företes*'.

235 1238 48 21 Den
299 1238 52 21 härä
365 1238 104 21 anställda
485 1239 127 27 voteringen
628 1238 61 21 utföll

380 1268 53 20 1:sta
449 1268 28 20 kl.
495 1267 48 21 med
561 1268 24 20 11
600 1268 24 27 ja
639 1268 39 20 och
708 1268 12 20 7
736 1266 46 28 nej,

379 1296 60 33 2:dra
454 1312 12 11 n”
511 1312 12 11 »
573 1297 44 26 6»
650 1312 12 11 »
706 1296 13 20 I
749 1311 13 12 »

378 1324 57 28 3:dje
453 1341 13 11 »
509 1341 13 11 »
571 1325 13 20 8
603 1341 13 11 1
650 1341 12 10 »
706 1326 12 19 22
748 1340 13 11 »

233 1353 35 21 Då
286 1352 89 22 sålunda
392 1354 36 27 nej
446 1356 85 25 segrat,
547 1353 121 21 förklarade
691 1353 49 21 herr
758 1352 87 28 grefven
862 1352 39 21 och
916 1352 70 21 ordfö-

165 1382 81 20 randen
265 1382 69 20 såsom
354 1382 97 21 ståndets
471 1382 81 25 beslut,
571 1384 32 18 att
621 1381 251 28 afvittringsinstrument
887 1381 38 21 bör
940 1381 46 21 före

165 1410 95 28 lysnings
276 1410 51 21 eller
342 1410 225 22 hinderlöshetsbevis”
583 1410 128 22 utfärdande
727 1410 88 20 företes.

233 1438 65 22 Emot
309 1439 60 21 detta
380 1440 69 20 beslut
460 1439 101 21 nedlades
572 1439 132 21 reservation
714 1438 23 21 af
745 1438 90 21 friherre
845 1445 48 15 von
907 1438 78 21 Troil.

234 1468 49 20 Med
302 1468 114 28 anledning
431 1468 24 20 af
467 1468 50 21 herr
536 1468 154 21 ordförandens
708 1467 157 28 framställning
881 1474 34 14 om
930 1468 54 21 äter-

164 1496 76 21 remiss
255 1496 96 21 tillsades
366 1496 62 22 ordet
443 1497 28 27 pä
487 1497 93 28 begäran
