1078 1700
832 92 41 22 203

79 148 55 26 icke,
151 149 89 21 emedan
253 149 38 27 jag
306 156 38 14 var
360 149 48 27 sjuk
423 149 27 21 dä
465 149 74 27 frågan
556 148 144 22 behandlades
715 149 7 20 i
738 149 90 21 ståndet.
859 149 43 28 Jag

79 184 64 13 anser
159 177 36 21 det
211 184 50 14 vara
276 178 47 20 fullt
339 178 46 20 skäl
401 179 30 19 att
447 177 140 28 understödja
603 178 40 20 den
654 177 78 28 nädiga
742 177 159 27 propositionen

80 205 40 21 och
135 206 95 20 anhäller
246 208 31 18 att
292 206 41 20 den
349 206 66 20 mätte
431 206 129 20 oförändrad
577 208 95 24 antagas.

148 233 58 21 Herr
225 234 97 20 Taube:
346 234 34 20 Då
402 234 40 20 den
466 234 116 27 kejserliga
601 234 160 27 propositionen
780 234 122 21 framhåller

80 264 32 18 att
127 262 26 20 de
169 262 69 21 medel
253 269 45 13 som
314 270 77 20 genom
408 262 274 28 stämpelpappersafgiften
694 262 78 20 influtit
787 262 47 21 icke
849 265 53 18 mot-

80 293 72 19 svarat
171 290 35 21 det
225 291 77 27 belopp
322 298 44 14 som
386 291 105 27 styrelsen
510 291 45 20 haft
575 290 66 21 behof
658 291 23 20 af
695 291 6 20 i
717 291 69 21 denna
810 298 51 20 gren
881 291 24 21 af

80 319 49 21 dess
149 319 125 26 inkomster,
298 320 23 20 sä
339 320 76 26 tycker
431 320 38 26 jag
491 321 32 19 att
546 319 88 21 dermed
656 319 36 20 illa
711 320 141 20 sammanstär
871 321 31 19 ett

79 348 145 20 förordnande
243 348 23 20 af
283 348 123 27 förhöjning
425 348 22 20 af
461 348 211 20 landskamrerarnes
687 352 95 23 procent.
813 348 42 27 Jag
869 348 33 20 för

80 376 42 20 min
139 376 33 20 del
188 376 150 28 understödjer
354 377 118 19 utskottets
487 376 7 20 i
510 376 66 20 saken
600 376 82 27 afgifna
704 376 136 20 betänkande
863 376 39 20 och

80 404 76 28 tycker
171 406 32 19 att
218 405 6 20 i
240 404 115 21 allmänhet
370 404 41 20 den
426 404 115 28 grundsats
557 404 67 20 borde
640 404 62 28 följas
714 406 40 24 att,
774 411 33 14 om
821 406 81 19 statens

81 433 114 27 tillgångar
210 433 46 21 icke
272 434 36 19 äro
324 432 135 28 tillräckliga,
475 433 24 20 sä
514 432 60 21 skola
590 432 27 21 de
633 433 51 20 ökas
700 433 47 20 icke
762 432 91 22 allenast
863 440 37 19 ge-

81 468 49 14 nom
146 461 69 21 ökade
231 461 74 27 bidrag
320 462 47 20 från
382 461 26 20 de
424 461 169 27 skattskyldiges
609 461 55 27 sida,
680 463 51 19 utan
747 461 62 21 äfven
823 468 78 20 genom

80 489 111 21 minskade
207 490 119 26 fordringar
341 490 47 20 från
404 490 138 27 löntagarnes
559 489 52 21 sida.

151 518 79 20 Grefve
246 518 105 20 Creutz:
375 518 42 27 Jag
431 518 36 20 vill
483 518 53 20 visst
551 518 20 27 ej
588 518 104 26 bestrida,
713 520 31 18 att
760 518 40 20 den
817 518 23 20 af
853 518 49 21 herr

81 546 75 21 Taube
174 546 85 28 yttrade
278 548 72 19 satsen
369 546 42 20 kan
430 553 52 14 vara
499 546 130 28 fullkomligt
649 546 75 28 riktig,
746 549 32 18 att
795 546 106 28 nemligen

81 582 33 13 om
134 575 37 20 det
190 575 102 21 behöfves
311 582 59 14 mera
388 575 69 21 medel
471 575 8 20 i
494 575 39 20 och
553 575 33 20 för
604 577 82 19 statens
706 575 72 25 behof,
797 575 26 21 de
842 575 60 21 skola

81 603 183 28 sammanbringas
280 603 47 21 icke
343 603 76 21 endast
438 610 77 21 genom
536 604 232 20 statsmedlemmarnes
786 603 69 21 ökade
872 603 30 21 bi-

81 632 61 27 drag,
166 634 50 18 utan
236 633 63 20 äfven
318 633 28 26 på
364 633 43 19 sätt
426 634 31 18 att
476 632 91 20 embets-
587 632 40 21 och
645 632 172 27 tjenstemännen
833 631 68 22 skulle

81 660 84 21 minska
183 660 45 21 sina
247 660 120 28 fordringar
386 660 39 21 och
444 667 51 14 vara
513 660 65 27 nöjde
597 660 49 21 med
664 660 82 21 mindre
760 661 70 26 löner;
853 667 47 14 men

81 691 32 18 att
133 689 157 27 statsbidragen
314 689 60 20 skola
392 689 77 20 samlas
487 689 28 27 på
533 689 24 20 så
576 691 53 24 sätt,
652 691 32 18 att
703 689 76 20 endast
796 689 67 27 några
880 689 22 21 få

81 717 128 27 tjenstemän
234 717 60 21 skola
316 717 75 27 släppa
411 717 30 20 till
461 717 23 20 af
502 717 45 20 sina
567 717 66 26 löner,
656 717 97 21 deremot
775 718 68 19 måste
864 717 38 28 jag

81 752 109 21 opponera
206 746 48 27 mig.
285 746 41 20 Om
342 745 36 21 det
394 746 24 20 så
433 745 53 20 skall
501 752 62 19 vara,
579 746 35 20 må
627 746 35 20 det
674 745 26 22 då
710 745 66 21 blifva
786 753 25 13 en
823 745 78 21 minsk-

81 774 52 27 ning
147 775 7 19 i
168 774 123 27 proportion
308 775 12 19 å
336 774 26 20 de
378 774 65 26 löner,
463 781 44 13 som
524 773 111 28 verkligen
650 781 63 14 anses
729 781 52 13 vara
796 773 32 21 för
838 773 63 28 höga.

150 802 57 21 Herr
226 803 25 20 af
268 802 142 26 Forselles,
433 803 36 20 O.:
495 802 42 27 Jag
559 802 34 20 för
615 802 42 21 min
681 803 34 20 del
737 803 67 20 måste
826 802 75 21 under-

81 831 71 26 stödja
171 831 118 20 utskottets
308 831 86 26 förslag.
424 831 43 26 Jag
485 831 41 20 kan
543 831 106 27 nemligen
666 831 114 28 omöjligen
795 830 50 28 gilla
861 831 39 20 den

80 859 83 28 princip
179 861 41 24 att,
235 859 34 20 för
284 859 36 21 det
336 861 32 18 att
384 866 26 13 en
426 859 139 27 tjenstemans
582 860 73 19 arbete
672 859 62 27 ökas,
750 859 36 20 det
801 859 35 20 må
851 866 51 14 vara

81 894 59 14 mera
155 887 51 21 eller
220 887 92 27 mindre,
329 887 41 20 han
386 887 84 21 derföre
486 889 77 26 genast
579 887 53 21 skall
648 887 21 21 få
684 887 92 21 tillskott
790 887 7 20 i
813 887 32 20 sin
860 887 41 21 lön.

81 915 62 28 Följa
158 916 20 20 vi
195 916 68 27 detta,
279 917 24 19 så
318 915 49 21 Gud
382 917 37 19 vet
434 916 63 20 hvart
512 915 37 21 det
560 916 94 20 hamnar.
686 915 42 21 För
744 915 63 28 öfrigt
818 915 38 21 ber
864 916 38 27 jag

81 946 32 19 att
128 944 21 21 få
165 944 75 21 förena
255 945 43 26 mig
309 944 48 21 med
372 945 50 20 herr
437 944 82 21 Taube.

150 972 57 21 Herr
223 972 142 21 Molander:
388 972 42 27 Jag
445 973 50 20 ville
511 972 54 21 blott
575 973 7 20 i
593 972 115 28 anledning
723 973 23 20 af
759 972 41 21 den
816 975 84 18 senaste

81 1001 93 20 talarens
197 1001 140 27 anmärkning
358 1007 34 14 om
416 1003 31 18 att
469 1001 140 27 tjenstemän,
636 1001 82 20 hvilkas
742 1001 73 20 arbete
839 1001 62 26 ökas,

80 1029 48 20 icke
144 1029 66 20 borde
228 1031 76 26 genast
320 1029 21 20 få
356 1029 66 28 högre
442 1029 45 26 lön,
510 1029 56 20 fästa
585 1029 216 27 uppmärksamheten
820 1029 36 21 vid
870 1032 32 18 att

80 1058 39 20 här
141 1057 48 21 icke
208 1059 23 19 är
250 1057 60 28 fråga
329 1057 82 26 derom,
435 1060 51 18 utan
506 1065 48 13 man
575 1057 38 21 har
632 1059 92 19 tvärtom
743 1058 53 27 tagit
815 1057 47 21 bort
881 1057 23 21 af

81 1085 213 21 landskamrerarene
303 1085 55 21 hvad
368 1085 26 21 de
403 1086 56 20 förut
469 1086 45 20 haft
519 1086 68 27 jemte
597 1086 36 20 det
639 1093 47 14 man
693 1086 51 21 ökat
751 1086 63 21 deras
820 1086 80 21 arbete.

150 1114 100 21 Friherre
268 1114 105 21 Linder:
398 1114 43 27 Jag
462 1114 95 21 anhåller
580 1114 53 21 blott
652 1116 31 19 att
703 1115 22 20 få
742 1114 75 21 förena
835 1114 42 28 mig
895 1115 6 20 i

81 1142 56 21 hvad
153 1142 101 21 herrarne
270 1142 75 21 Taube
361 1143 39 20 och
416 1143 23 20 af
453 1142 118 26 Forselles,
587 1143 26 20 O.
629 1143 6 20 i
651 1143 66 21 saken
733 1145 68 25 yttrat
815 1143 40 21 och
865 1150 36 14 an-

81 1178 35 14 ser
131 1172 42 25 att,
193 1171 26 20 då
238 1171 20 20 vi
273 1178 29 13 nu
318 1171 51 21 ökat
385 1171 164 28 kartabeloppet
564 1171 7 20 i
588 1171 107 27 åtskilliga
710 1171 46 27 fall,
776 1172 23 20 så
814 1171 39 21 bör
868 1172 33 20 väl

81 1200 65 20 också
161 1199 210 21 landskamrerarnes
387 1199 142 21 löneinkomst
545 1200 63 25 ökas,
624 1206 32 14 om
673 1200 41 20 ock
729 1201 117 26 procenten
863 1200 39 20 blir

81 1227 134 21 oförändrad.
246 1228 42 27 Jag
308 1228 85 20 förenar
411 1228 43 27 mig
472 1228 103 20 derföre
569 1223 15 36 i
591 1228 55 20 hvad
664 1228 106 20 utskottet
786 1228 115 27 föreslagit.

151 1256 79 20 Grefve
245 1256 122 26 Armfelt,
383 1257 33 19 A.:
440 1256 113 20 Utskottet
569 1256 38 20 har
623 1256 43 21 helt
682 1256 72 21 enkelt
770 1257 71 27 utgått
856 1256 46 21 från

81 1284 40 20 den
143 1284 96 28 grunden
258 1286 32 18 att
308 1284 70 20 lemna
397 1291 26 14 en
442 1284 113 28 tillräcklig
579 1284 119 28 ersättning
716 1284 32 21 för
767 1284 36 21 det
818 1284 84 27 besvär,

81 1319 44 13 som
150 1312 309 28 kartasigillataförsäljningen
483 1313 39 20 och
542 1312 121 21 kontrollen
682 1313 98 20 deröfver
799 1313 42 20 kan
861 1313 41 20 för-

81 1340 78 21 orsaka
175 1340 26 22 de
216 1342 136 26 tjenstemän,
368 1348 45 13 som
430 1341 87 21 dermed
532 1341 65 20 hafva
608 1343 32 18 att
650 1342 59 26 göra.
739 1341 114 21 Utskottet
864 1341 38 20 har

80 1369 48 20 icke
145 1369 80 21 kunnat
244 1369 70 27 stödja
329 1370 33 26 sig
377 1370 27 26 pä
420 1370 39 20 den
478 1369 80 27 grund,
577 1372 32 18 att
629 1370 200 20 landskamreraren
844 1369 58 21 förut

81 1397 46 20 haft
143 1398 36 20 tvä
195 1400 88 24 procent
298 1398 23 20 af
335 1397 36 21 det
386 1398 94 20 försälda
496 1398 110 26 beloppet,
623 1400 22 25 ty
661 1398 107 20 utskottet
783 1398 38 20 har
831 1400 71 18 ansett

81 1427 32 19 att
128 1426 75 27 hvarje
218 1426 56 28 gäng
290 1426 308 27 kartasigillataförordningen
613 1426 97 20 kommer
728 1426 30 20 till
777 1426 125 20 ständernas

81 1454 128 26 afgörande,
232 1454 116 20 ständerna
370 1454 65 21 ocksä
458 1462 40 20 ega
520 1456 43 18 rätt
586 1456 31 18 att
640 1454 118 21 bestämma
780 1453 41 21 den
841 1454 61 28 afgift

81 1482 198 21 landskamrerarne
296 1482 60 21 skola
370 1482 22 21 fä
407 1482 7 20 i
429 1482 119 26 ersättning
562 1482 34 20 för
612 1482 36 21 sitt
662 1482 82 21 besvär.
774 1482 48 21 Den
833 1483 70 27 gamla
