1078 1700
851 104 41 20 453

98 158 122 28 vertygelse
243 159 42 26 att,
308 165 33 14 om
366 158 69 20 denna
458 158 90 27 petition
566 158 48 22 icke
630 166 28 14 nu
673 160 101 27 antoges,
794 159 41 21 den
851 160 68 21 skulle

97 186 114 22 framdeles
236 186 34 21 vid
292 186 129 21 kommande
437 186 127 28 landtdagar
578 186 97 29 förnyas;
694 188 64 20 äfven
770 188 39 28 jag
825 190 94 20 emotser

97 214 37 22 det
149 215 77 21 sådant
240 214 42 21 kan
298 215 85 20 komma
398 216 32 19 att
445 214 46 22 ske.
522 214 38 22 Uti
576 215 88 21 Indiska
674 216 88 28 mythen
774 216 145 22 förekommer

98 250 26 15 en
141 244 42 20 ond
198 243 54 21 ande
267 243 46 21 från
329 243 154 27 underjorden,
499 250 46 14 som
561 250 49 14 man
621 244 34 21 väl
665 244 74 28 hvarje
750 245 66 27 gång,
828 244 41 22 den
880 252 38 20 up-

97 271 123 29 penbarade
241 272 41 27 sig,
305 272 102 27 lyckades
428 272 69 20 drifva
512 272 31 20 dit
558 272 98 27 tillbaka,
676 279 48 15 men
740 280 46 14 som
801 274 117 20 återvände

99 300 31 21 tid
145 300 56 21 efter
225 307 68 14 annan
309 300 7 20 i
331 300 98 28 skepnad
447 300 23 20 af
491 307 26 14 en
532 301 136 27 gengångare
683 301 47 21 från
745 301 103 21 förflutna
863 302 56 21 tider

98 329 40 21 och
153 328 74 22 dervid
243 328 113 22 åstadkom
370 328 87 28 mycket
473 329 58 21 ondt.
561 329 42 27 Jag
619 330 70 20 tviflar
704 330 34 20 väl
754 330 53 25 icke,
817 331 32 20 att
859 330 6 20 i
876 330 42 21 alla

98 358 55 20 tider
168 357 61 21 skola
244 357 68 21 finnas
328 364 56 20 unge
399 358 60 26 män,
475 364 46 14 som
536 357 7 21 i
559 358 32 20 sin
607 358 155 27 ungdomsyra,
782 358 49 21 med
848 358 70 22 fanta-

99 386 31 20 sin
147 385 97 28 uppfylld
260 386 23 20 af
303 385 139 27 dunstbilder,
461 386 91 28 utopier,
568 386 142 21 framkläckta
724 394 26 13 ur
764 386 70 28 någon
849 387 69 21 fanta-

98 414 54 22 stisk
168 414 197 22 nationalekonoms
381 414 85 28 hjerna,
482 414 117 22 framträda
617 414 40 22 och
675 416 33 20 tro
724 415 32 28 sig
772 415 94 28 skapade
882 422 36 14 en-

99 443 49 21 kom
163 443 34 21 för
211 445 41 25 att,
274 450 78 20 genom
367 442 147 22 omstörtande
529 443 24 21 af
566 443 116 21 bestående
700 444 158 26 förhållanden,
874 450 44 14 om-

99 472 57 20 bilda
177 471 40 21 och
239 471 133 28 lyckliggöra
387 471 121 27 samhället,
524 478 49 14 men
585 472 39 27 jag
639 472 70 20 tviflar
724 472 20 28 ej
759 472 67 21 heller
841 472 77 28 derpå,

99 502 32 19 att
146 500 6 20 i
169 500 41 20 alla
225 500 55 21 tider
295 500 85 20 komma
395 502 32 18 att
443 500 68 21 finnas
527 507 86 21 mogna,
629 500 99 28 sansade,
740 501 6 20 i
757 500 161 22 erfarenhetens

99 528 60 21 skola
175 528 84 21 bildade
274 528 40 21 och
328 528 94 28 gränade
438 530 59 25 män,
520 528 72 21 hvilka
611 528 60 21 skola
686 529 49 21 med
750 528 57 22 kraft
823 529 39 21 och
880 529 38 21 all-

99 564 38 15 var
159 557 135 21 tillbakavisa
316 556 79 22 sådana
416 556 117 22 sväfvande
551 557 192 22 kammartheorier
766 558 39 21 och
827 557 53 22 söka
895 557 23 22 få

99 586 255 27 samhällsförfattningen
370 586 7 20 i
392 585 93 28 naturlig
507 585 95 28 riktning
624 586 124 27 utvecklad;
772 586 36 27 då,
826 586 91 21 likasom

101 615 33 20 vid
150 614 140 21 sistförflutna
305 614 102 27 landtdag
422 614 49 27 och,
488 621 45 14 som
546 615 39 27 jag
600 614 92 28 hoppas,
711 615 36 20 vid
762 615 81 26 denna,
862 614 55 21 skall

98 644 75 27 frågan
189 650 34 13 om
238 643 156 28 grundräntans
413 642 116 28 aflyftande
549 643 47 20 icke
611 643 96 21 medföra
721 644 67 27 några
802 643 116 21 resultater

98 672 51 21 eller
172 679 70 13 annan
265 671 123 28 olägenhet,
412 673 26 19 än
461 673 32 19 att
515 671 42 21 den
574 671 110 28 borttager
700 678 26 15 en
742 671 78 28 dyrbar
838 671 31 21 tid
883 671 35 21 för

98 700 185 28 handläggningen
292 700 23 21 af
320 699 66 22 andra
395 699 80 28 vigtiga
483 699 40 22 och
533 700 188 28 maktpåliggande
728 700 189 28 angelägenheter.

167 728 42 28 Jag
230 729 38 20 ber
284 728 99 28 slutligen
401 730 32 19 att
447 728 22 21 få
484 729 29 27 på
527 728 91 21 förhand
633 729 85 20 bemöta
733 735 27 14 en
774 728 142 28 invändning,

98 764 46 15 som
167 757 96 21 häremot
286 757 71 20 kunde
379 757 73 28 göras,
475 757 106 27 nemligen
604 758 32 20 att
658 757 74 28 frågan
748 764 28 13 nu
795 757 121 28 egentligen

98 785 69 29 gällde
183 785 75 21 endast
274 785 93 28 begäran
382 792 35 14 om
432 785 141 21 nedsättande
589 785 24 21 af
627 792 25 14 en
664 785 80 21 komité
754 785 34 21 för
798 785 118 21 undersök-

98 815 51 26 ning
171 821 44 19 om,
239 814 27 27 på
288 815 42 20 sätt
351 813 118 27 förordats,
491 813 146 28 grundräntan
653 813 114 28 lämpligen
783 813 72 22 kunde
869 813 47 21 från

95 843 78 28 jorden
197 842 95 28 aflyftas;
315 849 48 14 men
379 841 65 22 redan
460 842 70 21 denna
545 842 94 27 begäran
654 842 133 21 innefattade
799 842 25 28 ju
840 844 32 19 ett
886 842 31 21 di-

98 871 49 21 rekt
162 871 143 25 erkännande,
322 873 30 19 att
368 871 76 21 sådant
459 871 68 20 under
542 871 132 20 närvarande
684 870 147 21 förhållanden
842 870 23 21 af
872 870 46 21 lan-

99 900 46 21 dets
161 899 87 21 ständer
264 900 90 27 ansåges
370 899 99 21 tänkbart
480 899 37 21 och
528 899 91 28 möjligt;
630 899 63 21 dock!
704 899 73 21 kunna
789 899 33 21 väl
833 899 84 21 landets

98 929 173 26 representanter
293 928 27 27 på
344 927 48 22 fullt
414 928 66 21 allvar
495 927 55 28 hysa
565 935 27 14 en
608 927 66 22 sådan
698 928 70 27 åsigt?
798 927 52 28 Nej!
868 927 50 22 hela

99 957 69 21 denna
183 956 90 27 petition
288 956 49 21 med
352 957 41 20 alla
408 956 49 21 dess
473 956 95 28 antydda
583 956 40 21 och
639 955 63 22 dolda
717 956 71 28 syften
801 957 69 20 måste
881 963 37 14 an-

99 992 34 14 ses
147 985 71 21 såsom
234 986 31 19 ett
280 984 88 21 dödfödt
383 985 74 26 foster,
471 985 83 21 hvilket
565 984 208 28 skyndsammeligen
785 985 39 20 bör
834 985 84 28 begraf-

99 1021 48 19 vas,
162 1013 34 21 väl
211 1013 47 20 icke
274 1015 32 19 tre
321 1013 59 21 alnar
395 1013 67 21 under
474 1013 60 28 jord,
549 1019 49 14 men
615 1013 24 21 så
653 1013 61 28 djupt
729 1020 46 14 som
786 1013 83 28 möjligt
879 1021 39 14 ur-

99 1042 37 21 der
152 1041 90 22 akterna
256 1041 7 21 i
278 1041 159 28 ridderskapets
453 1042 40 21 och
508 1041 73 22 adelns
597 1041 78 22 archiv.

168 1069 57 22 Herr
240 1069 26 22 af
279 1070 142 27 Forselles,
436 1070 33 21 L.:
484 1071 74 20 Såsom
573 1070 50 21 herr
634 1077 41 14 von
686 1069 58 22 Born
755 1071 66 21 redan
834 1071 84 28 antydt,

99 1099 85 21 förevar
199 1099 75 27 frågan
290 1098 35 21 vid
340 1101 85 18 senaste
443 1098 109 28 landtdag.
583 1098 49 21 Man
651 1099 62 28 tycks
729 1106 52 14 vara
796 1105 59 15 mera
870 1106 48 15 san-

99 1127 38 21 sad
153 1134 38 20 nu,
207 1127 27 21 då
249 1134 49 14 man
314 1127 54 21 blott
383 1127 65 28 begär
464 1134 27 14 en
507 1126 159 29 undersökning
681 1127 51 21 eller
747 1129 33 19 att
794 1134 27 14 en
837 1127 81 23 komité

99 1156 54 21 skall
169 1156 109 20 nedsättas
292 1156 34 20 för
342 1157 32 19 att
388 1156 122 20 undersöka
525 1156 74 20 saken.
629 1155 41 21 Om
686 1162 48 15 man
750 1157 85 27 engång
848 1157 38 27 går
896 1158 22 20 in

99 1185 59 27 uppå
173 1186 31 19 att
220 1184 121 21 undersöka
357 1191 25 14 en
399 1184 48 27 sak,
463 1184 69 21 måste
547 1191 50 13 man
612 1191 52 14 vara
679 1184 127 28 öfvertygad
821 1187 32 19 att
868 1192 50 15 man

100 1213 41 20 kan
165 1213 72 27 uppnå
255 1212 36 21 det
309 1212 41 21 mål
370 1213 32 20 för
417 1212 82 21 hvilket
514 1219 49 14 man
579 1212 91 22 sträfvar
686 1213 39 21 och
740 1220 46 14 som
801 1213 7 21 i
823 1212 37 22 det
880 1214 39 21 här

99 1241 60 21 fallet
175 1242 24 20 är
216 1240 166 29 grundskattens
401 1240 124 29 aflyftande.
555 1242 43 26 Jag
620 1243 45 19 tror
687 1241 48 21 icke
753 1243 33 19 att
801 1242 60 21 detta
876 1243 42 21 mål

100 1270 42 20 kan
165 1270 92 27 uppnås,
276 1269 39 21 och
339 1276 49 14 vore
411 1270 36 20 det
461 1269 99 21 orättvist
578 1269 40 21 och
636 1269 82 28 obilligt
738 1276 35 15 om
792 1270 23 21 så
830 1270 88 23 skedde,

100 1298 94 27 Aflyftas
216 1297 157 28 grundskatten
392 1298 46 20 från
459 1297 88 28 jorden,
573 1298 24 21 så
619 1298 68 21 måste
709 1298 67 21 andra
800 1298 119 22 inkomster

101 1328 67 19 sättas
183 1326 6 20 i
205 1326 77 22 stället.
313 1327 67 20 Dessa
394 1326 79 27 skulle,
489 1326 70 21 såsom
574 1326 142 28 petitionären
732 1326 39 21 har
786 1326 85 28 antydt,
887 1328 32 21 till

101 1356 68 19 större
185 1354 61 21 delen
260 1354 65 22 blifva
336 1361 24 15 en
372 1354 229 28 förmögenhetsskatt,
616 1362 26 14 en
655 1355 121 28 bevillning.
801 1355 34 21 De
851 1356 68 22 skulle

101 1383 86 21 komma
202 1385 30 19 att
247 1383 93 21 fördelas
353 1383 47 21 icke
416 1383 90 21 allenast
517 1384 27 26 pä
555 1390 64 21 egare
630 1383 23 21 af
661 1390 29 14 nu
700 1383 151 28 privilegierad
859 1384 60 29 jord,

101 1413 51 19 utan
168 1412 28 27 pä
211 1411 48 21 hela
274 1412 76 25 folket,
372 1411 82 21 hvilket
476 1411 69 21 skulle
566 1412 86 20 komma
674 1413 32 19 att
724 1412 52 21 bära
791 1412 26 21 de
833 1412 86 28 bördor,

101 1446 65 21 egare
189 1440 23 20 af
234 1440 146 27 skattejorden
402 1446 29 14 nu
453 1439 71 22 hafva.
555 1440 56 48 Sjelf
623 1441 23 20 är
659 1440 39 28 jag
713 1446 64 22 egare
792 1440 23 21 af
836 1440 31 21 till
883 1440 37 22 det

101 1470 69 19 mesta
189 1468 129 28 skattejord;
337 1468 39 28 jag
392 1468 67 21 skulle
477 1468 48 21 icke
545 1468 51 28 vilja
612 1469 27 27 pä
654 1468 57 21 mina
728 1468 139 22 medbröders
882 1469 37 22 be-

101 1496 92 22 kostnad
211 1496 21 22 fä
248 1503 27 15 en
296 1496 65 21 sädan
378 1496 82 21 lättnad
479 1496 8 22 i
505 1496 57 22 mina
577 1496 117 28 utskylder.
724 1496 36 22 Dä
778 1497 42 21 den
842 1497 78 29 nädiga
