1078 1700
839 93 39 20 165

154 146 58 20 Herr
226 146 138 22 Nassokin:
388 147 73 21 Också
473 148 38 26 jag
525 148 87 20 förenar
627 148 43 27 mig
680 148 7 20 i
697 148 89 21 friherre
798 149 110 21 Walleens

85 174 101 28 yttrande
203 174 39 21 och
258 174 103 28 beklagar
376 177 32 19 att
424 175 48 27 herr
487 175 106 21 Järnefelt
609 176 20 27 ej
645 178 24 18 är
685 177 138 21 närvarande.

155 202 80 21 Grefve
251 203 123 27 Armfelt,
391 203 33 21 G.:
447 203 71 21 Afven
536 204 39 27 jag
593 204 87 20 förenar
696 204 42 28 mig
754 205 47 21 med
817 206 89 21 friherre

85 231 99 21 Walleen
204 238 34 14 om
257 231 49 21 dess
325 232 100 27 yttrande
444 234 44 18 mot
507 232 49 21 herr
571 232 117 21 Järnefelts
708 233 148 27 uppträdande
871 234 36 21 vid

85 260 54 20 sista
153 260 93 27 plenum.

153 288 101 20 Friherre
274 288 227 21 Klinckowström:
523 288 42 28 Jag
583 288 97 22 anhåller
698 296 33 14 om
750 291 32 19 att
796 290 22 21 få
832 290 75 22 förena

85 316 44 27 mig
144 316 49 21 med
208 316 130 27 föregående
355 317 74 20 talare.

155 344 58 21 Herr
227 344 195 28 Björkenheim,
437 344 25 21 L.
478 345 35 20 M.:
537 345 72 23 Också
622 346 38 27 jag
675 346 123 21 instämmer
813 347 6 20 i
835 347 71 21 denna

84 373 143 26 reservation,
243 373 109 21 önskande
368 373 103 28 derjemte
487 375 31 19 att
535 380 26 14 en
577 374 65 20 sådan
660 374 128 25 diskussion,
800 381 45 15 som
856 375 50 21 herr

84 401 127 27 Järnefelts,
233 401 49 21 icke
304 402 66 20 måtte
389 402 114 20 framdeles
523 402 57 20 inom
600 402 60 20 detta
678 402 112 21 riddarhus
805 403 44 21 låta
863 404 41 20 för-

85 430 79 20 nimma
179 430 38 27 sig.

154 458 80 21 Grefve
250 458 102 21 Creutz:
376 458 41 28 Jag
433 458 37 21 ber
485 460 32 19 att
533 458 6 20 i
555 458 41 21 alla
611 458 59 21 delar
685 459 21 21 få
720 459 113 21 instämma
847 460 8 20 i
869 460 36 20 fri-

83 486 64 21 herre
163 486 110 21 Walleens
288 486 108 28 yttrande.

153 515 58 20 Herr
233 514 196 28 Munsterhjelm
448 514 40 22 och
507 514 89 22 friherre
615 522 48 14 von
682 515 80 27 Troil,
781 516 26 20 K.
824 516 34 27 U.,
874 516 30 21 bi-

85 543 75 21 trädde
177 543 26 21 de
219 545 86 19 senaste
320 544 102 20 talarene.

154 572 79 21 Grefve
250 572 122 21 Aminoff:
389 572 72 21 Också
473 572 38 27 jag
526 571 86 22 förenar
627 572 43 27 mig
686 572 48 21 med
745 572 89 21 friherre
845 573 59 20 Wal-

84 601 54 20 leen.
170 600 85 21 Sådana
277 601 96 27 uttryck,
397 607 45 14 som
460 600 49 21 herr
527 600 107 21 Järnefelt
653 601 116 27 begagnat,
785 601 52 21 böra
853 608 51 14 vara

84 628 132 21 fremmande
232 628 7 21 i
254 630 32 19 ett
301 629 118 20 riddarhus.

153 657 109 21 Herrarne
285 657 26 20 af
330 657 143 26 Forselles,
492 656 26 21 P.
537 656 34 27 E.,
590 657 125 28 Hisinger
733 657 40 22 och
791 657 115 22 Aminoff

83 685 106 21 instämde
205 685 63 21 äfven
283 685 77 21 häruti.

153 742 42 21 Till
213 741 121 21 diskussion
353 741 95 28 företogs
468 743 63 19 stats-
551 742 39 20 och
608 742 245 27 bevillningsutskottets
867 741 37 22 be-

83 771 110 21 tänkande
208 770 7 21 i
230 770 114 28 anledning
362 770 23 21 af
401 769 61 22 Hans
481 769 113 28 Majestäts
614 770 77 27 nådiga
710 771 141 27 proposition,
866 777 37 14 an-

84 799 82 28 gående
181 806 29 20 ny
225 798 125 28 förordning
366 805 34 14 om
416 798 276 28 stämpelpappersafgiften
706 799 6 20 i
728 798 96 21 Finland.

153 827 113 27 Förslaget
282 827 31 20 till
328 827 92 20 nämnda
430 826 125 28 förordning
568 827 140 27 genomgicks
719 827 110 27 punktvis,
841 826 62 21 hvar-

85 855 35 22 vid
136 856 25 27 8$
179 856 18 26 1,
213 856 12 20 2
241 855 39 21 och
292 856 16 19 3
324 855 23 20 af
360 855 85 21 ståndet
461 856 90 26 antogos
567 855 151 27 oförändrade,
734 855 75 20 liksom
816 851 12 36 $
841 855 1 27 4
872 855 30 20 till

85 884 39 21 och
140 883 49 22 med
204 883 69 21 första
288 883 143 28 afdelningen.

153 912 64 21 Emot
232 911 66 21 andra
314 911 134 28 afdelningen
464 911 7 20 i
485 911 10 27 $
511 912 13 20 4
539 911 100 21 anfördes
655 911 23 21 af

153 940 58 21 Herr
224 947 50 14 von
289 939 152 22 Bonsdorff:
465 939 42 28 Jag
526 939 68 22 skulle
609 939 55 21 blott
680 939 66 21 önska
762 939 93 21 utesluta
870 946 32 14 or-

85 970 36 20 det
140 968 241 28 ,,riddaresynerätter'.
414 968 84 21 Sådana
516 967 64 22 hafva
600 968 20 27 ej
636 968 79 20 funnits
731 967 65 21 sedan
811 967 93 21 Finland

84 997 81 21 inträdt
180 997 7 20 i
202 997 37 20 sitt
257 997 123 20 nuvarande
400 996 115 21 statsskick
534 996 40 21 och
591 996 62 21 torde
672 997 56 20 ännu
743 996 82 21 mindre
839 995 63 22 fram-

85 1026 58 21 deles
163 1025 87 21 komma
268 1027 31 19 att
316 1025 79 26 finnas,
414 1025 83 20 såsnart
515 1024 28 20 H.
559 1025 27 20 K.
603 1024 113 28 Majestäts
734 1024 77 28 nådiga
826 1031 77 20 propo-

85 1055 64 20 sition
165 1061 34 13 om
215 1053 62 21 deras
292 1053 128 28 indragning
436 1053 67 20 blifvit
519 1055 100 26 antagen.

75 1106 4 4 N
154 1082 57 21 Herr
226 1082 141 21 Molander:
390 1081 34 21 Dä
442 1081 209 27 riddaresynerätter
671 1081 20 27 ej
706 1082 56 19 ännu
777 1087 78 21 genom
868 1080 36 28 lag

85 1113 37 19 äro
145 1110 118 28 upphäfna,
287 1111 24 20 sä
332 1117 64 14 anser
412 1111 37 26 jag
469 1109 46 22 dem
532 1109 7 20 i
555 1109 61 21 detta
633 1109 81 27 förslag
730 1109 32 20 till
780 1108 124 28 förordning

85 1140 73 20 kunna
173 1139 93 28 gvarstä.
297 1138 93 22 Komma
406 1138 25 21 de
445 1138 124 26 framdeles,
585 1138 31 20 till
632 1138 52 28 följd
696 1138 23 20 af
727 1137 91 21 nämnda
827 1136 78 28 nådiga

86 1168 142 28 proposition,
246 1168 31 20 att
292 1167 112 27 afskaffas,
425 1166 73 21 derom
521 1166 65 21 ocksä
608 1166 21 21 vi
648 1166 65 21 hafva
732 1167 32 19 att
781 1165 36 21 vid
835 1165 70 21 denna

85 1196 102 27 landtdag
203 1196 92 24 besluta,
312 1196 24 20 sä
350 1195 61 21 faller
428 1195 35 21 det
483 1195 23 20 af
520 1195 32 27 sig
568 1194 49 28 sjelf
631 1196 32 19 att
678 1194 35 21 vid
728 1193 140 21 redaktionen
884 1193 23 21 af

85 1224 155 27 författningen
264 1224 59 21 detta
345 1224 39 20 ord
406 1223 116 27 uteslutes;
539 1230 50 14 men
608 1224 32 20 att
658 1230 30 13 nu
706 1224 76 26 genast
796 1221 109 21 utelemna

86 1253 45 26 det,
148 1253 63 20 innan
227 1252 41 21 den
284 1252 78 28 nädiga
377 1252 162 28 propositionen
554 1251 75 21 derom
640 1252 23 20 är
674 1253 92 25 antagen
777 1250 22 21 af
808 1250 96 27 ständet,

86 1281 69 21 skulle
167 1281 38 27 jag
220 1287 52 14 anse
287 1281 33 20 för
335 1280 82 21 mindre
431 1280 104 27 lämpligt.

155 1309 57 21 Herr
231 1309 197 21 landtmarskalken
447 1308 133 20 framställde
596 1307 52 21 härä
662 1307 32 21 till
709 1306 85 22 ståndet
809 1306 95 28 proposi-

85 1338 56 26 tion,
157 1337 104 21 huruvida
277 1337 149 28 ridderskapet
441 1336 40 22 och
496 1336 62 21 adeln
574 1336 50 21 ville
639 1336 114 27 godkänna
764 1334 66 22 andra
841 1334 64 21 afdel-

85 1367 80 27 ningen
183 1366 24 20 af
223 1366 11 27 &
256 1366 13 20 4
285 1366 32 20 uti
338 1365 163 28 ifrågavarande
526 1364 218 28 författningsförslag
769 1362 137 27 oförändrad,

86 1394 84 21 hvilket
183 1394 129 21 besvarades
325 1394 101 28 jakande.

155 1422 70 21 Sedan
241 1422 70 28 tredje
326 1422 135 27 afdelningen
476 1421 23 21 af
513 1422 12 26 $
540 1421 13 20 4
570 1420 69 21 blifvit
653 1420 96 27 uppläst,
765 1419 94 28 begärde

155 1450 100 21 Friherre
271 1457 47 14 von
334 1450 82 27 Troil,
433 1450 20 20 S.
472 1449 41 27 W.,
529 1449 62 21 ordet
607 1448 40 22 och
661 1448 95 28 yttrade:
775 1447 11 21 I
801 1454 27 14 en
843 1446 63 28 nädig

86 1478 133 29 proposition
237 1478 31 21 till
288 1478 102 21 Finlands
408 1485 27 13 nu
453 1477 129 21 församlade
597 1476 88 22 ständer
699 1476 39 21 har
752 1475 29 22 H.
796 1475 27 22 K.
839 1475 67 28 Maje-
