1078 1700
189 94 28 21 40

375 149 50 27 Den
443 149 14 26 1
475 148 117 27 Februari
609 148 35 27 kl.
661 148 29 26 12
707 148 16 27 f.
741 155 32 19 m.

229 206 123 28 Föredrogs
371 208 33 20 1:o
423 206 77 28 utdrag
517 212 26 14 ur
562 206 190 28 borgareståndets
770 205 107 28 protokoll
896 206 33 20 för
944 206 41 20 den

161 237 27 20 30
199 236 7 20 i
216 236 117 28 nyssvikne
348 235 91 21 Januari
454 234 86 27 månad,
557 235 24 20 af
595 234 93 21 innehåll
703 237 31 18 att
750 234 98 21 bemälda
863 234 62 21 stånd
940 234 45 21 dels

161 264 49 22 med
224 264 116 28 anledning
356 264 24 20 af
392 264 145 26 talmannens,
548 263 56 21 efter
615 262 67 22 skedd
695 263 162 28 öfverläggning
868 263 6 21 i
885 263 100 21 talmans-

161 293 153 25 konferensen,
331 292 75 21 derom
420 292 77 28 gjorda
514 292 168 28 framställning,
702 292 46 20 dels
766 292 49 21 med
830 292 119 28 antagande
965 292 23 20 af

162 328 26 14 en
207 322 49 20 utaf
272 321 151 27 ridderskapet
441 321 40 21 och
499 320 63 22 adeln
577 320 114 22 meddelad
706 320 127 28 inbjudning
848 327 81 14 samma
944 320 42 28 dag

161 350 95 22 beslutat
275 352 32 19 att
322 350 34 20 för
371 349 146 28 beredningen
533 349 24 21 af
573 349 26 21 de
613 349 91 21 ärender
715 356 46 14 som
772 349 86 21 komma
868 351 32 19 att
910 350 77 26 utgöra

163 379 89 21 föremål
274 378 34 22 för
329 378 127 21 ständernas
478 385 161 21 gemensamma
661 378 160 28 handläggning
842 378 88 21 tillsätta
951 377 35 21 nio

161 408 84 20 utskott
268 407 110 21 äfvensom
401 407 32 21 till
455 407 111 21 desamma
585 406 70 21 utvalt
674 406 26 22 de
722 406 119 22 ledamöter
857 406 129 28 protokolls-

162 436 100 28 utdraget
278 437 100 19 närmare
391 438 116 26 upptager;

232 465 34 21 2:o
282 464 79 28 utdrag
377 471 25 14 ur
418 471 81 14 samma
515 464 74 21 ständs
605 464 108 28 protokoll
728 464 33 20 för
776 470 81 14 samma
867 464 51 28 dag,
929 464 57 20 inne-

161 493 99 21 hållande
284 495 32 19 att
339 493 189 27 borgareståndet,
552 493 7 20 i
582 492 115 28 anledning
718 493 23 20 af
765 492 159 28 ridderskapets
946 492 40 22 och

162 521 72 22 adelns
253 529 79 21 genom
355 522 125 27 deputation
499 521 77 28 gjorda
593 520 138 29 inbjudning,
750 521 93 21 beslutat
862 523 32 19 att
912 521 75 21 förena

163 551 32 27 sig
213 551 50 21 med
278 550 152 28 ridderskapet
445 550 40 21 och
501 550 62 21 adeln
579 549 74 22 derom
668 552 32 19 att
715 550 32 21 till
762 550 224 28 grundlagsutskottet

162 580 111 21 remittera
283 579 48 22 icke
342 579 89 21 allenast
442 579 79 28 nådiga
530 579 163 28 propositionen
704 579 110 28 angående
825 586 29 21 ny
864 579 122 28 landtdags-

163 608 91 28 ordning
275 611 52 18 utan
348 608 64 21 äfven
431 607 67 22 andra
513 607 100 27 ärender,
629 615 45 13 som
689 607 73 21 kunde
777 614 40 21 ega
833 608 153 27 sammanhang

162 637 50 20 med
227 644 28 13 nu
270 637 99 27 gällande
385 637 136 28 grundlagar,
537 636 112 21 äfvensom
665 638 41 25 att,
722 636 38 21 der
771 637 64 28 något
846 636 78 21 ärende
935 643 50 14 vore

163 666 24 20 så
210 665 120 21 beskaffadt
353 667 32 19 att
406 665 36 21 det
460 665 66 21 borde
545 664 118 21 behandlas
682 665 58 20 såväl
759 665 23 20 af
798 664 124 29 grundlags-
940 671 45 14 som

163 696 65 19 annat
246 694 93 26 utskott,
358 694 187 27 handläggningen
564 693 62 21 deraf
639 693 47 21 icke
702 693 67 21 borde
785 694 38 21 ske
839 700 77 21 genom
932 701 53 13 sam-

163 723 145 27 mansättning
318 723 23 20 af
350 722 225 28 grundlagsutskottet
585 721 50 22 med
645 724 65 19 annat
720 722 93 25 utskott,
824 725 53 18 utan
888 722 98 27 sålunda,

163 753 31 19 att
205 751 89 21 ärendet
304 751 54 21 först
370 751 69 21 blefve
451 751 157 21 öfverlemnadt
618 751 31 20 till
659 750 160 29 handläggning
829 751 23 20 af
861 751 124 27 grundlags-

163 779 109 22 utskottet
287 780 7 20 i
309 779 26 22 de
351 779 59 22 delar
426 780 11 20 å
451 779 120 21 detsamma
585 779 113 21 ankomme
709 779 40 21 och
760 779 99 25 derefter,
868 779 8 21 i
886 779 100 22 afseende

163 809 12 20 å
190 808 120 27 utlätände,
326 808 149 21 remitterades
491 808 32 21 till
538 807 37 22 det
591 808 84 21 utskott
690 808 66 21 saken
772 808 31 21 till
813 808 53 28 följd
876 808 23 21 af
908 808 31 21 sin
950 809 36 20 be-

163 837 122 21 skaffenhet
300 837 106 21 tillhörde.

232 865 46 22 Och
301 865 69 21 skulle
391 865 141 21 förenämnda
553 865 208 28 protokollsutdrag,
785 865 72 21 hvilka
875 865 49 21 icke
945 865 42 20 för-

164 894 90 21 anledde
264 894 32 21 till
307 894 71 28 någon
388 894 86 28 åtgärd,
485 894 98 21 förvaras
593 893 65 21 bland
670 893 96 22 ståndets
778 893 67 28 öfriga
856 893 130 28 handlingar.

231 951 122 28 Föredrogs
369 958 27 14 en
411 951 32 21 till
458 951 151 28 ridderskapet
625 951 39 22 och
679 951 62 21 adeln
752 951 95 28 ingifven
858 951 71 26 skrift,
941 951 46 21 der-

163 979 31 22 uti
210 982 101 19 senatorn
328 980 86 21 Samuel
428 979 84 22 Henrik
528 980 83 26 Antell,
627 979 66 22 sedan
708 979 62 22 Hans
786 979 120 28 Kejserliga
921 979 66 28 Maje-

164 1010 43 19 stät
221 1015 77 21 genom
314 1008 75 28 nådigt
405 1010 66 26 öppet
485 1009 50 20 bref
548 1009 41 20 den
605 1009 25 21 21
643 1009 37 27 (9)
694 1008 97 21 sistlidne
802 1007 122 22 November
934 1008 7 21 i
951 1009 36 20 nå-

164 1037 38 21 der
219 1037 7 20 i
244 1037 81 28 adeligt
344 1037 62 21 stånd
424 1037 91 28 upphöjt
534 1039 102 19 senatorn
652 1038 68 27 jemte
736 1037 48 21 dess
800 1037 53 21 barn
868 1037 40 21 och
924 1037 63 20 efter-

164 1066 142 28 kommande,
328 1066 94 21 anmäler
443 1066 33 27 sig
495 1066 30 21 till
542 1066 122 21 erhållande
681 1066 23 20 af
717 1065 146 22 introduktion
879 1066 13 20 å
906 1065 80 21 riddar-

164 1094 72 27 huset,
259 1095 7 20 i
284 1095 82 20 hvilket
384 1094 101 21 afseende
506 1094 63 21 bland
589 1097 64 18 annat
673 1095 60 20 bevis
748 1095 59 20 öfver
821 1094 131 27 inbetalning
967 1094 23 21 af

164 1123 121 21 fastställda
301 1123 85 28 afgifter
402 1123 39 21 och
457 1123 80 28 förslag
554 1123 32 21 till
605 1123 149 21 sköldemärke
767 1123 33 21 för
813 1125 60 19 ätten
883 1122 103 28 bifogats;

165 1152 39 20 och
219 1152 70 20 beslöt
304 1152 151 28 ridderskapet
471 1152 40 20 och
526 1152 73 26 adeln,
615 1152 27 27 på
656 1152 157 28 framställning
829 1152 24 21 af
861 1152 49 20 herr
919 1151 68 21 landt-

164 1180 146 26 marskalken,
326 1182 32 19 att
377 1180 91 22 berörda
483 1180 79 21 ärende
579 1180 67 21 skulle
662 1180 141 22 öfverlemnas
819 1180 32 21 till
866 1180 121 28 riddarhus-

164 1209 116 27 utskottet,
300 1216 45 14 som
364 1209 64 28 egde,
445 1210 54 20 efter
515 1209 92 21 anställd
622 1209 133 28 granskning
773 1209 23 21 af
813 1209 36 21 det
867 1208 121 28 föreslagna

165 1237 165 27 sköldemärket,
346 1238 38 20 hos
400 1238 61 21 Hans
471 1237 123 28 Kejserliga
610 1238 102 27 Majestät
727 1238 84 20 anmäla
827 1238 118 20 detsamma
955 1238 32 20 till

165 1266 64 28 nådig
243 1266 145 21 fastställelse.

233 1323 117 21 Anmäldes
366 1323 40 21 och
422 1325 107 27 emottogs
545 1330 27 14 en
588 1323 126 27 deputation
726 1323 46 21 från
783 1323 157 21 bondeståndet
950 1330 37 14 un-

165 1351 38 21 der
225 1351 129 22 ordförande
373 1352 23 20 af
415 1352 206 28 landtdagsmannen
641 1352 80 27 Siotte,
741 1359 45 14 som
802 1352 141 27 tillkännagaf
956 1353 32 19 att

165 1380 166 26 bondeståndet,
347 1380 7 21 i
369 1380 115 28 anledning
500 1380 23 21 af
536 1380 161 28 ridderskapets
713 1380 39 22 och
768 1380 74 22 adelns
852 1380 135 28 inbjudning,

165 1408 95 21 beslutat
278 1411 32 18 att
326 1409 31 21 till
374 1409 224 28 grundlagsutskottet
614 1410 119 25 remittera,
749 1412 58 18 utom
823 1409 77 27 nådiga
911 1415 77 21 propo-

165 1437 91 21 sitionen
276 1438 110 27 angående
405 1438 214 28 landtdagsordning,
640 1438 41 20 alla
696 1438 91 20 ärender
802 1445 45 13 som
863 1437 54 27 egde
933 1444 54 14 sam-

166 1466 107 27 manhang
295 1466 48 21 med
358 1474 30 13 nu
405 1466 99 28 gällande
523 1466 136 28 grundlagar,
678 1466 109 21 äfvensom
806 1468 41 24 att,
866 1466 38 20 der
922 1466 66 27 något

166 1494 78 21 ärende
259 1501 51 15 vore
326 1495 24 21 af
362 1495 41 21 den
419 1495 150 21 beskaffenhet
583 1497 32 19 att
629 1495 37 21 det
681 1495 67 21 borde
763 1494 116 22 behandlas
895 1494 58 21 såväl
967 1494 23 22 af
