<?xml version="1.0" encoding="UTF-8"?>
<alto xmlns="http://www.loc.gov/standards/alto/ns-v3#" xmlns:xlink="http://www.w3.org/1999/xlink" xmlns:xsi="http://www.w3.org/2001/XMLSchema-instance" xsi:schemaLocation="http://www.loc.gov/standards/alto/ns-v3# http://www.loc.gov/alto/v3/alto-3-0.xsd">
	<Description>
		<MeasurementUnit>pixel</MeasurementUnit>
		<sourceImageInformation>
			<fileName>/tmp/tess_58aagd0p_input.PNG</fileName>
		</sourceImageInformation>
		<OCRProcessing ID="OCR_0">
			<ocrProcessingStep>
				<processingSoftware>
					<softwareName>tesseract 5.3.4</softwareName>
				</processingSoftware>
			</ocrProcessingStep>
		</OCRProcessing>
	</Description>
	<Layout>
		<Page WIDTH="1078" HEIGHT="1700" PHYSICAL_IMG_NR="0" ID="page_0">
			<PrintSpace HPOS="0" VPOS="0" WIDTH="1078" HEIGHT="1700">
				<ComposedBlock ID="cblock_0" HPOS="216" VPOS="83" WIDTH="27" HEIGHT="21">
					<TextBlock ID="block_0" HPOS="216" VPOS="83" WIDTH="27" HEIGHT="21">
						<TextLine ID="line_0" HPOS="216" VPOS="83" WIDTH="27" HEIGHT="21">
							<String ID="string_0" HPOS="216" VPOS="83" WIDTH="27" HEIGHT="21" WC="0.96" CONTENT="98"/>
						</TextLine>
					</TextBlock>
				</ComposedBlock>
				<ComposedBlock ID="cblock_1" HPOS="187" VPOS="139" WIDTH="821" HEIGHT="143">
					<TextBlock ID="block_1" HPOS="187" VPOS="139" WIDTH="821" HEIGHT="143">
						<TextLine ID="line_1" HPOS="187" VPOS="139" WIDTH="817" HEIGHT="29">
							<String ID="string_1" HPOS="187" VPOS="140" WIDTH="71" HEIGHT="20" WC="0.92" CONTENT="häruti"/><SP WIDTH="23" VPOS="140" HPOS="258"/>
							<String ID="string_2" HPOS="281" VPOS="139" WIDTH="77" HEIGHT="29" WC="0.95" CONTENT="gjorda"/><SP WIDTH="22" VPOS="139" HPOS="358"/>
							<String ID="string_3" HPOS="380" VPOS="140" WIDTH="82" HEIGHT="28" WC="0.95" CONTENT="tillägg,"/><SP WIDTH="23" VPOS="140" HPOS="462"/>
							<String ID="string_4" HPOS="485" VPOS="142" WIDTH="31" HEIGHT="18" WC="0.93" CONTENT="att"/><SP WIDTH="22" VPOS="142" HPOS="516"/>
							<String ID="string_5" HPOS="538" VPOS="139" WIDTH="107" HEIGHT="27" WC="0.90" CONTENT="nemligen"/><SP WIDTH="23" VPOS="139" HPOS="645"/>
							<String ID="string_6" HPOS="668" VPOS="140" WIDTH="22" HEIGHT="20" WC="0.93" CONTENT="af"/><SP WIDTH="21" VPOS="140" HPOS="690"/>
							<String ID="string_7" HPOS="711" VPOS="139" WIDTH="122" HEIGHT="21" WC="0.92" CONTENT="utskottens"/><SP WIDTH="23" VPOS="139" HPOS="833"/>
							<String ID="string_8" HPOS="856" VPOS="140" WIDTH="148" HEIGHT="21" WC="0.96" CONTENT="betänkanden"/>
						</TextLine>
						<TextLine ID="line_2" HPOS="187" VPOS="168" WIDTH="821" HEIGHT="28">
							<String ID="string_9" HPOS="187" VPOS="168" WIDTH="67" HEIGHT="21" WC="0.96" CONTENT="borde"/><SP WIDTH="15" VPOS="168" HPOS="254"/>
							<String ID="string_10" HPOS="269" VPOS="168" WIDTH="88" HEIGHT="28" WC="0.96" CONTENT="tryckas"/><SP WIDTH="17" VPOS="168" HPOS="357"/>
							<String ID="string_11" HPOS="374" VPOS="169" WIDTH="23" HEIGHT="20" WC="0.96" CONTENT="så"/><SP WIDTH="15" VPOS="169" HPOS="397"/>
							<String ID="string_12" HPOS="412" VPOS="171" WIDTH="45" HEIGHT="18" WC="0.96" CONTENT="stor"/><SP WIDTH="15" VPOS="171" HPOS="457"/>
							<String ID="string_13" HPOS="472" VPOS="168" WIDTH="103" HEIGHT="28" WC="0.96" CONTENT="upplaga,"/><SP WIDTH="16" VPOS="168" HPOS="575"/>
							<String ID="string_14" HPOS="591" VPOS="170" WIDTH="32" HEIGHT="19" WC="0.96" CONTENT="att"/><SP WIDTH="16" VPOS="170" HPOS="623"/>
							<String ID="string_15" HPOS="639" VPOS="168" WIDTH="135" HEIGHT="28" WC="0.96" CONTENT="erforderligt"/><SP WIDTH="16" VPOS="168" HPOS="774"/>
							<String ID="string_16" HPOS="790" VPOS="168" WIDTH="59" HEIGHT="21" WC="0.96" CONTENT="antal"/><SP WIDTH="15" VPOS="168" HPOS="849"/>
							<String ID="string_17" HPOS="864" VPOS="169" WIDTH="108" HEIGHT="27" WC="0.96" CONTENT="exemplar"/><SP WIDTH="13" VPOS="169" HPOS="972"/>
							<String ID="string_18" HPOS="985" VPOS="168" WIDTH="23" HEIGHT="21" WC="0.96" CONTENT="af"/>
						</TextLine>
						<TextLine ID="line_3" HPOS="187" VPOS="196" WIDTH="817" HEIGHT="28">
							<String ID="string_19" HPOS="187" VPOS="197" WIDTH="109" HEIGHT="21" WC="0.96" CONTENT="desamma"/><SP WIDTH="16" VPOS="197" HPOS="296"/>
							<String ID="string_20" HPOS="312" VPOS="196" WIDTH="71" HEIGHT="22" WC="0.91" CONTENT="kunde"/><SP WIDTH="13" VPOS="196" HPOS="383"/>
							<String ID="string_21" HPOS="396" VPOS="197" WIDTH="79" HEIGHT="27" WC="0.91" CONTENT="jemväl"/><SP WIDTH="15" VPOS="197" HPOS="475"/>
							<String ID="string_22" HPOS="490" VPOS="197" WIDTH="31" HEIGHT="20" WC="0.93" CONTENT="till"/><SP WIDTH="16" VPOS="197" HPOS="521"/>
							<String ID="string_23" HPOS="537" VPOS="197" WIDTH="54" HEIGHT="27" WC="0.93" CONTENT="kejs."/><SP WIDTH="13" VPOS="197" HPOS="591"/>
							<String ID="string_24" HPOS="604" VPOS="199" WIDTH="99" HEIGHT="19" WC="0.96" CONTENT="senatens"/><SP WIDTH="16" VPOS="199" HPOS="703"/>
							<String ID="string_25" HPOS="719" VPOS="197" WIDTH="126" HEIGHT="27" WC="0.93" CONTENT="disposition"/><SP WIDTH="12" VPOS="197" HPOS="845"/>
							<String ID="string_26" HPOS="857" VPOS="197" WIDTH="147" HEIGHT="21" WC="0.92" CONTENT="öfverlemnas."/>
						</TextLine>
						<TextLine ID="line_4" HPOS="188" VPOS="225" WIDTH="816" HEIGHT="28">
							<String ID="string_27" HPOS="188" VPOS="225" WIDTH="46" HEIGHT="21" WC="0.96" CONTENT="Och"/><SP WIDTH="16" VPOS="225" HPOS="234"/>
							<String ID="string_28" HPOS="250" VPOS="225" WIDTH="69" HEIGHT="21" WC="0.96" CONTENT="skulle"/><SP WIDTH="16" VPOS="225" HPOS="319"/>
							<String ID="string_29" HPOS="335" VPOS="225" WIDTH="92" HEIGHT="21" WC="0.93" CONTENT="berörda"/><SP WIDTH="14" VPOS="225" HPOS="427"/>
							<String ID="string_30" HPOS="441" VPOS="225" WIDTH="206" HEIGHT="28" WC="0.92" CONTENT="protokollsutdrag,"/><SP WIDTH="17" VPOS="225" HPOS="647"/>
							<String ID="string_31" HPOS="664" VPOS="232" WIDTH="44" HEIGHT="14" WC="0.96" CONTENT="som"/><SP WIDTH="16" VPOS="232" HPOS="708"/>
							<String ID="string_32" HPOS="724" VPOS="225" WIDTH="20" HEIGHT="27" WC="0.96" CONTENT="ej"/><SP WIDTH="15" VPOS="225" HPOS="744"/>
							<String ID="string_33" HPOS="759" VPOS="226" WIDTH="124" HEIGHT="20" WC="0.96" CONTENT="föranledde"/><SP WIDTH="11" VPOS="226" HPOS="883"/>
							<String ID="string_34" HPOS="894" VPOS="226" WIDTH="30" HEIGHT="20" WC="0.96" CONTENT="till"/><SP WIDTH="12" VPOS="226" HPOS="924"/>
							<String ID="string_35" HPOS="936" VPOS="226" WIDTH="68" HEIGHT="27" WC="0.95" CONTENT="någon"/>
						</TextLine>
						<TextLine ID="line_5" HPOS="187" VPOS="253" WIDTH="620" HEIGHT="29">
							<String ID="string_36" HPOS="187" VPOS="254" WIDTH="85" HEIGHT="27" WC="0.96" CONTENT="åtgärd,"/><SP WIDTH="16" VPOS="254" HPOS="272"/>
							<String ID="string_37" HPOS="288" VPOS="254" WIDTH="96" HEIGHT="21" WC="0.96" CONTENT="förvaras"/><SP WIDTH="16" VPOS="254" HPOS="384"/>
							<String ID="string_38" HPOS="400" VPOS="254" WIDTH="63" HEIGHT="20" WC="0.93" CONTENT="bland"/><SP WIDTH="16" VPOS="254" HPOS="463"/>
							<String ID="string_39" HPOS="479" VPOS="254" WIDTH="96" HEIGHT="20" WC="0.91" CONTENT="ståndets"/><SP WIDTH="17" VPOS="254" HPOS="575"/>
							<String ID="string_40" HPOS="592" VPOS="254" WIDTH="68" HEIGHT="28" WC="0.96" CONTENT="öfriga"/><SP WIDTH="15" VPOS="254" HPOS="660"/>
							<String ID="string_41" HPOS="675" VPOS="253" WIDTH="132" HEIGHT="29" WC="0.96" CONTENT="handlingar."/>
						</TextLine>
					</TextBlock>
				</ComposedBlock>
				<ComposedBlock ID="cblock_2" HPOS="185" VPOS="310" WIDTH="819" HEIGHT="172">
					<TextBlock ID="block_2" HPOS="185" VPOS="310" WIDTH="819" HEIGHT="172">
						<TextLine ID="line_6" HPOS="254" VPOS="310" WIDTH="750" HEIGHT="29">
							<String ID="string_42" HPOS="254" VPOS="310" WIDTH="124" HEIGHT="28" WC="0.95" CONTENT="Föredrogs"/><SP WIDTH="17" VPOS="310" HPOS="378"/>
							<String ID="string_43" HPOS="395" VPOS="311" WIDTH="72" HEIGHT="21" WC="0.91" CONTENT="vidare"/><SP WIDTH="18" VPOS="311" HPOS="467"/>
							<String ID="string_44" HPOS="485" VPOS="311" WIDTH="44" HEIGHT="28" WC="0.91" CONTENT="lag-"/><SP WIDTH="20" VPOS="311" HPOS="529"/>
							<String ID="string_45" HPOS="549" VPOS="312" WIDTH="40" HEIGHT="20" WC="0.92" CONTENT="och"/><SP WIDTH="15" VPOS="312" HPOS="589"/>
							<String ID="string_46" HPOS="604" VPOS="311" WIDTH="228" HEIGHT="21" WC="0.91" CONTENT="ekonomi-utskottets"/><SP WIDTH="17" VPOS="311" HPOS="832"/>
							<String ID="string_47" HPOS="849" VPOS="311" WIDTH="133" HEIGHT="21" WC="0.95" CONTENT="betänkande"/><SP WIDTH="16" VPOS="311" HPOS="982"/>
							<String ID="string_48" HPOS="998" VPOS="312" WIDTH="6" HEIGHT="20" WC="0.97" CONTENT="i"/>
						</TextLine>
						<TextLine ID="line_7" HPOS="187" VPOS="339" WIDTH="817" HEIGHT="29">
							<String ID="string_49" HPOS="187" VPOS="339" WIDTH="115" HEIGHT="29" WC="0.95" CONTENT="anledning"/><SP WIDTH="19" VPOS="339" HPOS="302"/>
							<String ID="string_50" HPOS="321" VPOS="339" WIDTH="23" HEIGHT="21" WC="0.96" CONTENT="af"/><SP WIDTH="17" VPOS="339" HPOS="344"/>
							<String ID="string_51" HPOS="361" VPOS="340" WIDTH="78" HEIGHT="27" WC="0.96" CONTENT="nådiga"/><SP WIDTH="20" VPOS="340" HPOS="439"/>
							<String ID="string_52" HPOS="459" VPOS="340" WIDTH="162" HEIGHT="27" WC="0.96" CONTENT="propositionen"/><SP WIDTH="19" VPOS="340" HPOS="621"/>
							<String ID="string_53" HPOS="640" VPOS="339" WIDTH="40" HEIGHT="21" WC="0.96" CONTENT="N:o"/><SP WIDTH="23" VPOS="339" HPOS="680"/>
							<String ID="string_54" HPOS="703" VPOS="340" WIDTH="25" HEIGHT="20" WC="0.96" CONTENT="10"/><SP WIDTH="21" VPOS="340" HPOS="728"/>
							<String ID="string_55" HPOS="749" VPOS="346" WIDTH="34" HEIGHT="14" WC="0.95" CONTENT="om"/><SP WIDTH="20" VPOS="346" HPOS="783"/>
							<String ID="string_56" HPOS="803" VPOS="340" WIDTH="121" HEIGHT="28" WC="0.96" CONTENT="antagande"/><SP WIDTH="18" VPOS="340" HPOS="924"/>
							<String ID="string_57" HPOS="942" VPOS="340" WIDTH="23" HEIGHT="20" WC="0.95" CONTENT="af"/><SP WIDTH="13" VPOS="340" HPOS="965"/>
							<String ID="string_58" HPOS="978" VPOS="347" WIDTH="26" HEIGHT="13" WC="0.95" CONTENT="en"/>
						</TextLine>
						<TextLine ID="line_8" HPOS="186" VPOS="368" WIDTH="818" HEIGHT="28">
							<String ID="string_59" HPOS="186" VPOS="368" WIDTH="128" HEIGHT="27" WC="0.96" CONTENT="författning"/><SP WIDTH="23" VPOS="368" HPOS="314"/>
							<String ID="string_60" HPOS="337" VPOS="368" WIDTH="110" HEIGHT="28" WC="0.91" CONTENT="angående"/><SP WIDTH="20" VPOS="368" HPOS="447"/>
							<String ID="string_61" HPOS="467" VPOS="368" WIDTH="56" HEIGHT="28" WC="0.91" CONTENT="jagt-"/><SP WIDTH="19" VPOS="368" HPOS="523"/>
							<String ID="string_62" HPOS="542" VPOS="368" WIDTH="40" HEIGHT="21" WC="0.93" CONTENT="och"/><SP WIDTH="19" VPOS="368" HPOS="582"/>
							<String ID="string_63" HPOS="601" VPOS="368" WIDTH="109" HEIGHT="28" WC="0.91" CONTENT="djurfång,"/><SP WIDTH="18" VPOS="368" HPOS="710"/>
							<String ID="string_64" HPOS="728" VPOS="370" WIDTH="56" HEIGHT="19" WC="0.93" CONTENT="samt"/><SP WIDTH="15" VPOS="370" HPOS="784"/>
							<String ID="string_65" HPOS="799" VPOS="370" WIDTH="63" HEIGHT="19" WC="0.92" CONTENT="stats-"/><SP WIDTH="16" VPOS="370" HPOS="862"/>
							<String ID="string_66" HPOS="878" VPOS="368" WIDTH="39" HEIGHT="22" WC="0.93" CONTENT="och"/><SP WIDTH="15" VPOS="368" HPOS="917"/>
							<String ID="string_67" HPOS="932" VPOS="368" WIDTH="72" HEIGHT="21" WC="0.91" CONTENT="bevill-"/>
						</TextLine>
						<TextLine ID="line_9" HPOS="186" VPOS="396" WIDTH="817" HEIGHT="29">
							<String ID="string_68" HPOS="186" VPOS="396" WIDTH="191" HEIGHT="28" WC="0.91" CONTENT="nings-utskottets"/><SP WIDTH="22" VPOS="396" HPOS="377"/>
							<String ID="string_69" HPOS="399" VPOS="396" WIDTH="134" HEIGHT="22" WC="0.96" CONTENT="betänkande"/><SP WIDTH="19" VPOS="396" HPOS="533"/>
							<String ID="string_70" HPOS="552" VPOS="397" WIDTH="6" HEIGHT="20" WC="0.96" CONTENT="i"/><SP WIDTH="19" VPOS="397" HPOS="558"/>
							<String ID="string_71" HPOS="577" VPOS="396" WIDTH="114" HEIGHT="28" WC="0.96" CONTENT="anledning"/><SP WIDTH="19" VPOS="396" HPOS="691"/>
							<String ID="string_72" HPOS="710" VPOS="396" WIDTH="22" HEIGHT="21" WC="0.96" CONTENT="af"/><SP WIDTH="17" VPOS="396" HPOS="732"/>
							<String ID="string_73" HPOS="749" VPOS="396" WIDTH="78" HEIGHT="28" WC="0.96" CONTENT="nådiga"/><SP WIDTH="18" VPOS="396" HPOS="827"/>
							<String ID="string_74" HPOS="845" VPOS="396" WIDTH="158" HEIGHT="29" WC="0.96" CONTENT="propositionen"/>
						</TextLine>
						<TextLine ID="line_10" HPOS="185" VPOS="424" WIDTH="818" HEIGHT="30">
							<String ID="string_75" HPOS="185" VPOS="424" WIDTH="41" HEIGHT="21" WC="0.96" CONTENT="N:o"/><SP WIDTH="17" VPOS="424" HPOS="226"/>
							<String ID="string_76" HPOS="243" VPOS="426" WIDTH="34" HEIGHT="25" WC="0.96" CONTENT="15,"/><SP WIDTH="15" VPOS="426" HPOS="277"/>
							<String ID="string_77" HPOS="292" VPOS="425" WIDTH="110" HEIGHT="28" WC="0.96" CONTENT="angående"/><SP WIDTH="16" VPOS="425" HPOS="402"/>
							<String ID="string_78" HPOS="418" VPOS="432" WIDTH="28" HEIGHT="21" WC="0.96" CONTENT="ny"/><SP WIDTH="14" VPOS="432" HPOS="446"/>
							<String ID="string_79" HPOS="460" VPOS="425" WIDTH="126" HEIGHT="28" WC="0.93" CONTENT="förordning"/><SP WIDTH="16" VPOS="425" HPOS="586"/>
							<String ID="string_80" HPOS="602" VPOS="432" WIDTH="34" HEIGHT="14" WC="0.91" CONTENT="om"/><SP WIDTH="16" VPOS="432" HPOS="636"/>
							<String ID="string_81" HPOS="652" VPOS="425" WIDTH="275" HEIGHT="29" WC="0.91" CONTENT="stämpelpappersafgiften"/><SP WIDTH="11" VPOS="425" HPOS="927"/>
							<String ID="string_82" HPOS="938" VPOS="426" WIDTH="6" HEIGHT="20" WC="0.93" CONTENT="i"/><SP WIDTH="11" VPOS="426" HPOS="944"/>
							<String ID="string_83" HPOS="955" VPOS="425" WIDTH="48" HEIGHT="21" WC="0.92" CONTENT="Fin-"/>
						</TextLine>
						<TextLine ID="line_11" HPOS="186" VPOS="453" WIDTH="628" HEIGHT="29">
							<String ID="string_84" HPOS="186" VPOS="453" WIDTH="59" HEIGHT="27" WC="0.96" CONTENT="land,"/><SP WIDTH="15" VPOS="453" HPOS="245"/>
							<String ID="string_85" HPOS="260" VPOS="453" WIDTH="74" HEIGHT="21" WC="0.96" CONTENT="hvilka"/><SP WIDTH="16" VPOS="453" HPOS="334"/>
							<String ID="string_86" HPOS="350" VPOS="454" WIDTH="104" HEIGHT="21" WC="0.93" CONTENT="hvardera"/><SP WIDTH="15" VPOS="454" HPOS="454"/>
							<String ID="string_87" HPOS="469" VPOS="454" WIDTH="113" HEIGHT="21" WC="0.91" CONTENT="bordlades"/><SP WIDTH="16" VPOS="454" HPOS="582"/>
							<String ID="string_88" HPOS="598" VPOS="454" WIDTH="31" HEIGHT="20" WC="0.96" CONTENT="till"/><SP WIDTH="16" VPOS="454" HPOS="629"/>
							<String ID="string_89" HPOS="645" VPOS="455" WIDTH="61" HEIGHT="19" WC="0.96" CONTENT="nästa"/><SP WIDTH="15" VPOS="455" HPOS="706"/>
							<String ID="string_90" HPOS="721" VPOS="454" WIDTH="93" HEIGHT="28" WC="0.95" CONTENT="plenum."/>
						</TextLine>
					</TextBlock>
				</ComposedBlock>
				<ComposedBlock ID="cblock_3" HPOS="177" VPOS="510" WIDTH="826" HEIGHT="1001">
					<TextBlock ID="block_3" HPOS="186" VPOS="510" WIDTH="817" HEIGHT="57">
						<TextLine ID="line_12" HPOS="254" VPOS="510" WIDTH="749" HEIGHT="29">
							<String ID="string_91" HPOS="254" VPOS="510" WIDTH="59" HEIGHT="22" WC="0.93" CONTENT="Herr"/><SP WIDTH="11" VPOS="510" HPOS="313"/>
							<String ID="string_92" HPOS="324" VPOS="511" WIDTH="178" HEIGHT="21" WC="0.90" CONTENT="Schatelovitz"/><SP WIDTH="14" VPOS="511" HPOS="502"/>
							<String ID="string_93" HPOS="516" VPOS="512" WIDTH="100" HEIGHT="27" WC="0.91" CONTENT="uppläste"/><SP WIDTH="13" VPOS="512" HPOS="616"/>
							<String ID="string_94" HPOS="629" VPOS="513" WIDTH="31" HEIGHT="19" WC="0.96" CONTENT="ett"/><SP WIDTH="11" VPOS="513" HPOS="660"/>
							<String ID="string_95" HPOS="671" VPOS="511" WIDTH="102" HEIGHT="27" WC="0.93" CONTENT="skriftligt"/><SP WIDTH="11" VPOS="511" HPOS="773"/>
							<String ID="string_96" HPOS="784" VPOS="511" WIDTH="98" HEIGHT="21" WC="0.92" CONTENT="affattadt"/><SP WIDTH="11" VPOS="511" HPOS="882"/>
							<String ID="string_97" HPOS="893" VPOS="512" WIDTH="110" HEIGHT="27" WC="0.92" CONTENT="petitions-"/>
						</TextLine>
						<TextLine ID="line_13" HPOS="186" VPOS="539" WIDTH="331" HEIGHT="28">
							<String ID="string_98" HPOS="186" VPOS="539" WIDTH="82" HEIGHT="28" WC="0.96" CONTENT="förslag"/><SP WIDTH="15" VPOS="539" HPOS="268"/>
							<String ID="string_99" HPOS="283" VPOS="540" WIDTH="23" HEIGHT="20" WC="0.96" CONTENT="af"/><SP WIDTH="12" VPOS="540" HPOS="306"/>
							<String ID="string_100" HPOS="318" VPOS="539" WIDTH="94" HEIGHT="28" WC="0.96" CONTENT="följande"/><SP WIDTH="16" VPOS="539" HPOS="412"/>
							<String ID="string_101" HPOS="428" VPOS="540" WIDTH="89" HEIGHT="27" WC="0.96" CONTENT="lydelse:"/>
						</TextLine>
					</TextBlock>
					<TextBlock ID="block_4" HPOS="185" VPOS="568" WIDTH="818" HEIGHT="143">
						<TextLine ID="line_14" HPOS="256" VPOS="568" WIDTH="747" HEIGHT="29">
							<String ID="string_102" HPOS="256" VPOS="568" WIDTH="28" HEIGHT="21" WC="0.94" CONTENT="H."/><SP WIDTH="22" VPOS="568" HPOS="284"/>
							<String ID="string_103" HPOS="306" VPOS="569" WIDTH="27" HEIGHT="20" WC="0.93" CONTENT="K."/><SP WIDTH="24" VPOS="569" HPOS="333"/>
							<String ID="string_104" HPOS="357" VPOS="569" WIDTH="110" HEIGHT="27" WC="0.95" CONTENT="Majestät,"/><SP WIDTH="19" VPOS="569" HPOS="467"/>
							<String ID="string_105" HPOS="486" VPOS="569" WIDTH="38" HEIGHT="20" WC="0.93" CONTENT="vär"/><SP WIDTH="18" VPOS="569" HPOS="524"/>
							<String ID="string_106" HPOS="542" VPOS="569" WIDTH="99" HEIGHT="28" WC="0.92" CONTENT="nädigste"/><SP WIDTH="19" VPOS="569" HPOS="641"/>
							<String ID="string_107" HPOS="660" VPOS="569" WIDTH="113" HEIGHT="20" WC="0.96" CONTENT="storfurste"/><SP WIDTH="20" VPOS="569" HPOS="773"/>
							<String ID="string_108" HPOS="793" VPOS="569" WIDTH="36" HEIGHT="20" WC="0.96" CONTENT="har"/><SP WIDTH="18" VPOS="569" HPOS="829"/>
							<String ID="string_109" HPOS="847" VPOS="569" WIDTH="31" HEIGHT="20" WC="0.96" CONTENT="uti"/><SP WIDTH="18" VPOS="569" HPOS="878"/>
							<String ID="string_110" HPOS="896" VPOS="569" WIDTH="56" HEIGHT="21" WC="0.96" CONTENT="Dess"/><SP WIDTH="19" VPOS="569" HPOS="952"/>
							<String ID="string_111" HPOS="971" VPOS="569" WIDTH="32" HEIGHT="21" WC="0.97" CONTENT="för"/>
						</TextLine>
						<TextLine ID="line_15" HPOS="187" VPOS="597" WIDTH="815" HEIGHT="28">
							<String ID="string_112" HPOS="187" VPOS="597" WIDTH="82" HEIGHT="21" WC="0.96" CONTENT="landets"/><SP WIDTH="20" VPOS="597" HPOS="269"/>
							<String ID="string_113" HPOS="289" VPOS="597" WIDTH="87" HEIGHT="21" WC="0.93" CONTENT="ständer"/><SP WIDTH="18" VPOS="597" HPOS="376"/>
							<String ID="string_114" HPOS="394" VPOS="597" WIDTH="99" HEIGHT="28" WC="0.92" CONTENT="upplästa"/><SP WIDTH="18" VPOS="597" HPOS="493"/>
							<String ID="string_115" HPOS="511" VPOS="598" WIDTH="29" HEIGHT="20" WC="0.96" CONTENT="tal"/><SP WIDTH="20" VPOS="598" HPOS="540"/>
							<String ID="string_116" HPOS="560" VPOS="597" WIDTH="103" HEIGHT="22" WC="0.96" CONTENT="förklarat"/><SP WIDTH="18" VPOS="597" HPOS="663"/>
							<String ID="string_117" HPOS="681" VPOS="599" WIDTH="41" HEIGHT="25" WC="0.96" CONTENT="att,"/><SP WIDTH="19" VPOS="599" HPOS="722"/>
							<String ID="string_118" HPOS="741" VPOS="597" WIDTH="7" HEIGHT="20" WC="0.96" CONTENT="i"/><SP WIDTH="17" VPOS="597" HPOS="748"/>
							<String ID="string_119" HPOS="765" VPOS="597" WIDTH="107" HEIGHT="21" WC="0.96" CONTENT="anseende"/><SP WIDTH="18" VPOS="597" HPOS="872"/>
							<String ID="string_120" HPOS="890" VPOS="597" WIDTH="30" HEIGHT="21" WC="0.93" CONTENT="till"/><SP WIDTH="20" VPOS="597" HPOS="920"/>
							<String ID="string_121" HPOS="940" VPOS="600" WIDTH="62" HEIGHT="19" WC="0.92" CONTENT="stats-"/>
						</TextLine>
						<TextLine ID="line_16" HPOS="186" VPOS="625" WIDTH="816" HEIGHT="29">
							<String ID="string_122" HPOS="186" VPOS="626" WIDTH="87" HEIGHT="21" WC="0.96" CONTENT="verkets"/><SP WIDTH="23" VPOS="626" HPOS="273"/>
							<String ID="string_123" HPOS="296" VPOS="626" WIDTH="132" HEIGHT="21" WC="0.96" CONTENT="närvarande"/><SP WIDTH="22" VPOS="626" HPOS="428"/>
							<String ID="string_124" HPOS="450" VPOS="626" WIDTH="126" HEIGHT="21" WC="0.96" CONTENT="inskränkta"/><SP WIDTH="17" VPOS="626" HPOS="576"/>
							<String ID="string_125" HPOS="593" VPOS="626" WIDTH="120" HEIGHT="28" WC="0.95" CONTENT="tillgångar,"/><SP WIDTH="19" VPOS="626" HPOS="713"/>
							<String ID="string_126" HPOS="732" VPOS="625" WIDTH="103" HEIGHT="28" WC="0.96" CONTENT="förslaget"/><SP WIDTH="19" VPOS="625" HPOS="835"/>
							<String ID="string_127" HPOS="854" VPOS="633" WIDTH="33" HEIGHT="14" WC="0.91" CONTENT="om"/><SP WIDTH="17" VPOS="633" HPOS="887"/>
							<String ID="string_128" HPOS="904" VPOS="626" WIDTH="98" HEIGHT="28" WC="0.91" CONTENT="styrelse-"/>
						</TextLine>
						<TextLine ID="line_17" HPOS="186" VPOS="654" WIDTH="816" HEIGHT="28">
							<String ID="string_129" HPOS="186" VPOS="654" WIDTH="92" HEIGHT="21" WC="0.92" CONTENT="verkens"/><SP WIDTH="23" VPOS="654" HPOS="278"/>
							<String ID="string_130" HPOS="301" VPOS="654" WIDTH="139" HEIGHT="28" WC="0.95" CONTENT="ombildning,"/><SP WIDTH="23" VPOS="654" HPOS="440"/>
							<String ID="string_131" HPOS="463" VPOS="661" WIDTH="45" HEIGHT="14" WC="0.96" CONTENT="som"/><SP WIDTH="23" VPOS="661" HPOS="508"/>
							<String ID="string_132" HPOS="531" VPOS="655" WIDTH="49" HEIGHT="21" WC="0.96" CONTENT="med"/><SP WIDTH="20" VPOS="655" HPOS="580"/>
							<String ID="string_133" HPOS="600" VPOS="654" WIDTH="110" HEIGHT="28" WC="0.96" CONTENT="betydliga"/><SP WIDTH="18" VPOS="654" HPOS="710"/>
							<String ID="string_134" HPOS="728" VPOS="655" WIDTH="116" HEIGHT="20" WC="0.96" CONTENT="kostnader"/><SP WIDTH="18" VPOS="655" HPOS="844"/>
							<String ID="string_135" HPOS="862" VPOS="656" WIDTH="24" HEIGHT="19" WC="0.96" CONTENT="är"/><SP WIDTH="18" VPOS="656" HPOS="886"/>
							<String ID="string_136" HPOS="904" VPOS="654" WIDTH="98" HEIGHT="27" WC="0.96" CONTENT="förenad,"/>
						</TextLine>
						<TextLine ID="line_18" HPOS="185" VPOS="683" WIDTH="737" HEIGHT="28">
							<String ID="string_137" HPOS="185" VPOS="683" WIDTH="69" HEIGHT="21" WC="0.96" CONTENT="måste"/><SP WIDTH="16" VPOS="683" HPOS="254"/>
							<String ID="string_138" HPOS="270" VPOS="683" WIDTH="32" HEIGHT="20" WC="0.96" CONTENT="till"/><SP WIDTH="16" VPOS="683" HPOS="302"/>
							<String ID="string_139" HPOS="318" VPOS="690" WIDTH="26" HEIGHT="13" WC="0.96" CONTENT="en"/><SP WIDTH="15" VPOS="690" HPOS="344"/>
							<String ID="string_140" HPOS="359" VPOS="683" WIDTH="33" HEIGHT="20" WC="0.96" CONTENT="för"/><SP WIDTH="15" VPOS="683" HPOS="392"/>
							<String ID="string_141" HPOS="407" VPOS="683" WIDTH="71" HEIGHT="21" WC="0.96" CONTENT="landet"/><SP WIDTH="15" VPOS="683" HPOS="478"/>
							<String ID="string_142" HPOS="493" VPOS="690" WIDTH="59" HEIGHT="14" WC="0.93" CONTENT="mera"/><SP WIDTH="15" VPOS="690" HPOS="552"/>
							<String ID="string_143" HPOS="567" VPOS="690" WIDTH="89" HEIGHT="21" WC="0.92" CONTENT="gynsam"/><SP WIDTH="16" VPOS="690" HPOS="656"/>
							<String ID="string_144" HPOS="672" VPOS="683" WIDTH="102" HEIGHT="28" WC="0.93" CONTENT="tidpunkt"/><SP WIDTH="15" VPOS="683" HPOS="774"/>
							<String ID="string_145" HPOS="789" VPOS="683" WIDTH="133" HEIGHT="28" WC="0.92" CONTENT="uppskjutas."/>
						</TextLine>
					</TextBlock>
					<TextBlock ID="block_5" HPOS="183" VPOS="711" WIDTH="819" HEIGHT="171">
						<TextLine ID="line_19" HPOS="254" VPOS="711" WIDTH="748" HEIGHT="28">
							<String ID="string_146" HPOS="254" VPOS="711" WIDTH="103" HEIGHT="21" WC="0.95" CONTENT="Finlands"/><SP WIDTH="25" VPOS="711" HPOS="357"/>
							<String ID="string_147" HPOS="382" VPOS="711" WIDTH="53" HEIGHT="27" WC="0.95" CONTENT="folk,"/><SP WIDTH="22" VPOS="711" HPOS="435"/>
							<String ID="string_148" HPOS="457" VPOS="711" WIDTH="33" HEIGHT="21" WC="0.96" CONTENT="för"/><SP WIDTH="23" VPOS="711" HPOS="490"/>
							<String ID="string_149" HPOS="513" VPOS="712" WIDTH="133" HEIGHT="21" WC="0.95" CONTENT="närvarande"/><SP WIDTH="23" VPOS="712" HPOS="646"/>
							<String ID="string_150" HPOS="669" VPOS="712" WIDTH="72" HEIGHT="27" WC="0.96" CONTENT="tryckt"/><SP WIDTH="23" VPOS="712" HPOS="741"/>
							<String ID="string_151" HPOS="764" VPOS="712" WIDTH="24" HEIGHT="20" WC="0.93" CONTENT="af"/><SP WIDTH="23" VPOS="712" HPOS="788"/>
							<String ID="string_152" HPOS="811" VPOS="719" WIDTH="116" HEIGHT="20" WC="0.90" CONTENT="ogynsama"/><SP WIDTH="25" VPOS="719" HPOS="927"/>
							<String ID="string_153" HPOS="952" VPOS="712" WIDTH="50" HEIGHT="21" WC="0.90" CONTENT="eko-"/>
						</TextLine>
						<TextLine ID="line_20" HPOS="187" VPOS="740" WIDTH="814" HEIGHT="28">
							<String ID="string_154" HPOS="187" VPOS="740" WIDTH="99" HEIGHT="21" WC="0.91" CONTENT="nomiska"/><SP WIDTH="21" VPOS="740" HPOS="286"/>
							<String ID="string_155" HPOS="307" VPOS="740" WIDTH="145" HEIGHT="21" WC="0.96" CONTENT="förhållanden"/><SP WIDTH="23" VPOS="740" HPOS="452"/>
							<String ID="string_156" HPOS="475" VPOS="740" WIDTH="22" HEIGHT="21" WC="0.93" CONTENT="af"/><SP WIDTH="20" VPOS="740" HPOS="497"/>
							<String ID="string_157" HPOS="517" VPOS="741" WIDTH="86" HEIGHT="27" WC="0.91" CONTENT="månget"/><SP WIDTH="23" VPOS="741" HPOS="603"/>
							<String ID="string_158" HPOS="626" VPOS="741" WIDTH="56" HEIGHT="27" WC="0.96" CONTENT="slag,"/><SP WIDTH="20" VPOS="741" HPOS="682"/>
							<String ID="string_159" HPOS="702" VPOS="740" WIDTH="41" HEIGHT="21" WC="0.95" CONTENT="kan"/><SP WIDTH="19" VPOS="740" HPOS="743"/>
							<String ID="string_160" HPOS="762" VPOS="740" WIDTH="47" HEIGHT="21" WC="0.96" CONTENT="icke"/><SP WIDTH="18" VPOS="740" HPOS="809"/>
							<String ID="string_161" HPOS="827" VPOS="743" WIDTH="65" HEIGHT="18" WC="0.96" CONTENT="annat"/><SP WIDTH="18" VPOS="743" HPOS="892"/>
							<String ID="string_162" HPOS="910" VPOS="742" WIDTH="26" HEIGHT="19" WC="0.96" CONTENT="än"/><SP WIDTH="18" VPOS="742" HPOS="936"/>
							<String ID="string_163" HPOS="954" VPOS="741" WIDTH="47" HEIGHT="20" WC="0.96" CONTENT="med"/>
						</TextLine>
						<TextLine ID="line_21" HPOS="186" VPOS="768" WIDTH="814" HEIGHT="29">
							<String ID="string_164" HPOS="186" VPOS="769" WIDTH="74" HEIGHT="20" WC="0.96" CONTENT="känsla"/><SP WIDTH="23" VPOS="769" HPOS="260"/>
							<String ID="string_165" HPOS="283" VPOS="768" WIDTH="22" HEIGHT="21" WC="0.96" CONTENT="af"/><SP WIDTH="19" VPOS="768" HPOS="305"/>
							<String ID="string_166" HPOS="324" VPOS="768" WIDTH="51" HEIGHT="28" WC="0.96" CONTENT="djup"/><SP WIDTH="23" VPOS="768" HPOS="375"/>
							<String ID="string_167" HPOS="398" VPOS="769" WIDTH="133" HEIGHT="21" WC="0.93" CONTENT="tacksamhet"/><SP WIDTH="24" VPOS="769" HPOS="531"/>
							<String ID="string_168" HPOS="555" VPOS="771" WIDTH="108" HEIGHT="26" WC="0.90" CONTENT="emottaga"/><SP WIDTH="24" VPOS="771" HPOS="663"/>
							<String ID="string_169" HPOS="687" VPOS="769" WIDTH="109" HEIGHT="28" WC="0.90" CONTENT="yttringen"/><SP WIDTH="22" VPOS="769" HPOS="796"/>
							<String ID="string_170" HPOS="818" VPOS="769" WIDTH="23" HEIGHT="20" WC="0.93" CONTENT="af"/><SP WIDTH="22" VPOS="769" HPOS="841"/>
							<String ID="string_171" HPOS="863" VPOS="769" WIDTH="25" HEIGHT="20" WC="0.91" CONTENT="H."/><SP WIDTH="24" VPOS="769" HPOS="888"/>
							<String ID="string_172" HPOS="912" VPOS="769" WIDTH="25" HEIGHT="20" WC="0.92" CONTENT="K."/><SP WIDTH="20" VPOS="769" HPOS="937"/>
							<String ID="string_173" HPOS="957" VPOS="769" WIDTH="43" HEIGHT="20" WC="0.92" CONTENT="Ma-"/>
						</TextLine>
						<TextLine ID="line_22" HPOS="183" VPOS="797" WIDTH="817" HEIGHT="28">
							<String ID="string_174" HPOS="183" VPOS="797" WIDTH="77" HEIGHT="27" WC="0.92" CONTENT="jestäts"/><SP WIDTH="23" VPOS="797" HPOS="260"/>
							<String ID="string_175" HPOS="283" VPOS="797" WIDTH="107" HEIGHT="28" WC="0.93" CONTENT="välvilliga"/><SP WIDTH="18" VPOS="797" HPOS="390"/>
							<String ID="string_176" HPOS="408" VPOS="797" WIDTH="63" HEIGHT="28" WC="0.92" CONTENT="afsigt"/><SP WIDTH="18" VPOS="797" HPOS="471"/>
							<String ID="string_177" HPOS="489" VPOS="800" WIDTH="30" HEIGHT="18" WC="0.96" CONTENT="att"/><SP WIDTH="20" VPOS="800" HPOS="519"/>
							<String ID="string_178" HPOS="539" VPOS="798" WIDTH="47" HEIGHT="20" WC="0.96" CONTENT="icke"/><SP WIDTH="19" VPOS="798" HPOS="586"/>
							<String ID="string_179" HPOS="605" VPOS="798" WIDTH="68" HEIGHT="20" WC="0.96" CONTENT="under"/><SP WIDTH="15" VPOS="798" HPOS="673"/>
							<String ID="string_180" HPOS="688" VPOS="797" WIDTH="133" HEIGHT="21" WC="0.96" CONTENT="närvarande"/><SP WIDTH="16" VPOS="797" HPOS="821"/>
							<String ID="string_181" HPOS="837" VPOS="797" WIDTH="99" HEIGHT="28" WC="0.96" CONTENT="tidpunkt"/><SP WIDTH="15" VPOS="797" HPOS="936"/>
							<String ID="string_182" HPOS="951" VPOS="798" WIDTH="49" HEIGHT="27" WC="0.96" CONTENT="vilja"/>
						</TextLine>
						<TextLine ID="line_23" HPOS="185" VPOS="825" WIDTH="815" HEIGHT="29">
							<String ID="string_183" HPOS="185" VPOS="826" WIDTH="79" HEIGHT="20" WC="0.96" CONTENT="föreslå"/><SP WIDTH="18" VPOS="826" HPOS="264"/>
							<String ID="string_184" HPOS="282" VPOS="825" WIDTH="121" HEIGHT="21" WC="0.96" CONTENT="införandet"/><SP WIDTH="17" VPOS="825" HPOS="403"/>
							<String ID="string_185" HPOS="420" VPOS="826" WIDTH="23" HEIGHT="21" WC="0.96" CONTENT="af"/><SP WIDTH="16" VPOS="826" HPOS="443"/>
							<String ID="string_186" HPOS="459" VPOS="828" WIDTH="31" HEIGHT="19" WC="0.93" CONTENT="ett"/><SP WIDTH="20" VPOS="828" HPOS="490"/>
							<String ID="string_187" HPOS="510" VPOS="826" WIDTH="145" HEIGHT="28" WC="0.91" CONTENT="styrelseverk"/><SP WIDTH="19" VPOS="826" HPOS="655"/>
							<String ID="string_188" HPOS="674" VPOS="833" WIDTH="46" HEIGHT="14" WC="0.94" CONTENT="som"/><SP WIDTH="19" VPOS="833" HPOS="720"/>
							<String ID="string_189" HPOS="739" VPOS="826" WIDTH="68" HEIGHT="21" WC="0.93" CONTENT="skulle"/><SP WIDTH="18" VPOS="826" HPOS="807"/>
							<String ID="string_190" HPOS="825" VPOS="826" WIDTH="115" HEIGHT="28" WC="0.92" CONTENT="tillskynda"/><SP WIDTH="18" VPOS="826" HPOS="940"/>
							<String ID="string_191" HPOS="958" VPOS="827" WIDTH="42" HEIGHT="20" WC="0.93" CONTENT="lan-"/>
						</TextLine>
						<TextLine ID="line_24" HPOS="186" VPOS="854" WIDTH="365" HEIGHT="28">
							<String ID="string_192" HPOS="186" VPOS="854" WIDTH="36" HEIGHT="21" WC="0.93" CONTENT="det"/><SP WIDTH="16" VPOS="854" HPOS="222"/>
							<String ID="string_193" HPOS="238" VPOS="854" WIDTH="96" HEIGHT="21" WC="0.93" CONTENT="känbara"/><SP WIDTH="14" VPOS="854" HPOS="334"/>
							<String ID="string_194" HPOS="348" VPOS="854" WIDTH="66" HEIGHT="28" WC="0.96" CONTENT="högre"/><SP WIDTH="16" VPOS="854" HPOS="414"/>
							<String ID="string_195" HPOS="430" VPOS="855" WIDTH="121" HEIGHT="20" WC="0.96" CONTENT="kostnader."/>
						</TextLine>
					</TextBlock>
					<TextBlock ID="block_6" HPOS="184" VPOS="882" WIDTH="818" HEIGHT="143">
						<TextLine ID="line_25" HPOS="254" VPOS="882" WIDTH="747" HEIGHT="29">
							<String ID="string_196" HPOS="254" VPOS="882" WIDTH="102" HEIGHT="21" WC="0.96" CONTENT="Finlands"/><SP WIDTH="16" VPOS="882" HPOS="356"/>
							<String ID="string_197" HPOS="372" VPOS="883" WIDTH="139" HEIGHT="21" WC="0.96" CONTENT="ekonomiska"/><SP WIDTH="15" VPOS="883" HPOS="511"/>
							<String ID="string_198" HPOS="526" VPOS="883" WIDTH="109" HEIGHT="28" WC="0.95" CONTENT="ställning,"/><SP WIDTH="19" VPOS="883" HPOS="635"/>
							<String ID="string_199" HPOS="654" VPOS="883" WIDTH="106" HEIGHT="28" WC="0.96" CONTENT="mängden"/><SP WIDTH="16" VPOS="883" HPOS="760"/>
							<String ID="string_200" HPOS="776" VPOS="883" WIDTH="33" HEIGHT="20" WC="0.96" CONTENT="för"/><SP WIDTH="15" VPOS="883" HPOS="809"/>
							<String ID="string_201" HPOS="824" VPOS="883" WIDTH="37" HEIGHT="21" WC="0.96" CONTENT="vår"/><SP WIDTH="15" VPOS="883" HPOS="861"/>
							<String ID="string_202" HPOS="876" VPOS="883" WIDTH="78" HEIGHT="21" WC="0.93" CONTENT="sociala"/><SP WIDTH="15" VPOS="883" HPOS="954"/>
							<String ID="string_203" HPOS="969" VPOS="886" WIDTH="32" HEIGHT="18" WC="0.90" CONTENT="ut-"/>
						</TextLine>
						<TextLine ID="line_26" HPOS="185" VPOS="911" WIDTH="815" HEIGHT="28">
							<String ID="string_204" HPOS="185" VPOS="911" WIDTH="100" HEIGHT="28" WC="0.92" CONTENT="veckling"/><SP WIDTH="15" VPOS="911" HPOS="285"/>
							<String ID="string_205" HPOS="300" VPOS="911" WIDTH="82" HEIGHT="28" WC="0.92" CONTENT="vigtiga"/><SP WIDTH="15" VPOS="911" HPOS="382"/>
							<String ID="string_206" HPOS="397" VPOS="912" WIDTH="76" HEIGHT="27" WC="0.96" CONTENT="frågor,"/><SP WIDTH="16" VPOS="912" HPOS="473"/>
							<String ID="string_207" HPOS="489" VPOS="914" WIDTH="56" HEIGHT="19" WC="0.96" CONTENT="samt"/><SP WIDTH="15" VPOS="914" HPOS="545"/>
							<String ID="string_208" HPOS="560" VPOS="911" WIDTH="186" HEIGHT="28" WC="0.96" CONTENT="nödvändigheten"/><SP WIDTH="18" VPOS="911" HPOS="746"/>
							<String ID="string_209" HPOS="764" VPOS="912" WIDTH="22" HEIGHT="20" WC="0.96" CONTENT="af"/><SP WIDTH="13" VPOS="912" HPOS="786"/>
							<String ID="string_210" HPOS="799" VPOS="912" WIDTH="26" HEIGHT="20" WC="0.96" CONTENT="de"/><SP WIDTH="14" VPOS="912" HPOS="825"/>
							<String ID="string_211" HPOS="839" VPOS="911" WIDTH="91" HEIGHT="28" WC="0.93" CONTENT="löpande"/><SP WIDTH="10" VPOS="911" HPOS="930"/>
							<String ID="string_212" HPOS="940" VPOS="913" WIDTH="60" HEIGHT="20" WC="0.91" CONTENT="ären-"/>
						</TextLine>
						<TextLine ID="line_27" HPOS="186" VPOS="940" WIDTH="816" HEIGHT="28">
							<String ID="string_213" HPOS="186" VPOS="940" WIDTH="76" HEIGHT="21" WC="0.91" CONTENT="dernas"/><SP WIDTH="24" VPOS="940" HPOS="262"/>
							<String ID="string_214" HPOS="286" VPOS="940" WIDTH="152" HEIGHT="27" WC="0.91" CONTENT="skyndsamma"/><SP WIDTH="23" VPOS="940" HPOS="438"/>
							<String ID="string_215" HPOS="461" VPOS="940" WIDTH="130" HEIGHT="28" WC="0.96" CONTENT="behandling"/><SP WIDTH="17" VPOS="940" HPOS="591"/>
							<String ID="string_216" HPOS="608" VPOS="942" WIDTH="39" HEIGHT="26" WC="0.96" CONTENT="gör"/><SP WIDTH="14" VPOS="942" HPOS="647"/>
							<String ID="string_217" HPOS="661" VPOS="940" WIDTH="65" HEIGHT="21" WC="0.96" CONTENT="likväl"/><SP WIDTH="19" VPOS="940" HPOS="726"/>
							<String ID="string_218" HPOS="745" VPOS="940" WIDTH="35" HEIGHT="21" WC="0.96" CONTENT="det"/><SP WIDTH="19" VPOS="940" HPOS="780"/>
							<String ID="string_219" HPOS="799" VPOS="940" WIDTH="87" HEIGHT="21" WC="0.96" CONTENT="allmänt"/><SP WIDTH="22" VPOS="940" HPOS="886"/>
							<String ID="string_220" HPOS="908" VPOS="940" WIDTH="94" HEIGHT="21" WC="0.96" CONTENT="erkända"/>
						</TextLine>
						<TextLine ID="line_28" HPOS="185" VPOS="968" WIDTH="815" HEIGHT="29">
							<String ID="string_221" HPOS="185" VPOS="968" WIDTH="101" HEIGHT="21" WC="0.91" CONTENT="behofvet"/><SP WIDTH="16" VPOS="968" HPOS="286"/>
							<String ID="string_222" HPOS="302" VPOS="969" WIDTH="24" HEIGHT="20" WC="0.92" CONTENT="af"/><SP WIDTH="12" VPOS="969" HPOS="326"/>
							<String ID="string_223" HPOS="338" VPOS="969" WIDTH="179" HEIGHT="27" WC="0.92" CONTENT="styrelseverkets"/><SP WIDTH="16" VPOS="969" HPOS="517"/>
							<String ID="string_224" HPOS="533" VPOS="969" WIDTH="181" HEIGHT="28" WC="0.95" CONTENT="ändamålsenliga"/><SP WIDTH="16" VPOS="969" HPOS="714"/>
							<String ID="string_225" HPOS="730" VPOS="969" WIDTH="129" HEIGHT="27" WC="0.96" CONTENT="ombildning"/><SP WIDTH="16" VPOS="969" HPOS="859"/>
							<String ID="string_226" HPOS="875" VPOS="969" WIDTH="31" HEIGHT="20" WC="0.96" CONTENT="till"/><SP WIDTH="11" VPOS="969" HPOS="906"/>
							<String ID="string_227" HPOS="917" VPOS="969" WIDTH="83" HEIGHT="21" WC="0.96" CONTENT="landets"/>
						</TextLine>
						<TextLine ID="line_29" HPOS="184" VPOS="997" WIDTH="102" HEIGHT="28">
							<String ID="string_228" HPOS="184" VPOS="997" WIDTH="102" HEIGHT="28" WC="0.91" CONTENT="lifsfråga."/>
						</TextLine>
					</TextBlock>
					<TextBlock ID="block_7" HPOS="183" VPOS="1025" WIDTH="817" HEIGHT="143">
						<TextLine ID="line_30" HPOS="254" VPOS="1025" WIDTH="746" HEIGHT="29">
							<String ID="string_229" HPOS="254" VPOS="1027" WIDTH="40" HEIGHT="20" WC="0.89" CONTENT="Om"/><SP WIDTH="17" VPOS="1027" HPOS="294"/>
							<String ID="string_230" HPOS="311" VPOS="1025" WIDTH="84" HEIGHT="21" WC="0.90" CONTENT="derföre"/><SP WIDTH="16" VPOS="1025" HPOS="395"/>
							<String ID="string_231" HPOS="411" VPOS="1025" WIDTH="68" HEIGHT="22" WC="0.96" CONTENT="denna"/><SP WIDTH="16" VPOS="1025" HPOS="479"/>
							<String ID="string_232" HPOS="495" VPOS="1025" WIDTH="132" HEIGHT="29" WC="0.96" CONTENT="ombildning"/><SP WIDTH="14" VPOS="1025" HPOS="627"/>
							<String ID="string_233" HPOS="641" VPOS="1025" WIDTH="71" HEIGHT="22" WC="0.96" CONTENT="kunde"/><SP WIDTH="16" VPOS="1025" HPOS="712"/>
							<String ID="string_234" HPOS="728" VPOS="1025" WIDTH="126" HEIGHT="22" WC="0.96" CONTENT="verkställas"/><SP WIDTH="15" VPOS="1025" HPOS="854"/>
							<String ID="string_235" HPOS="869" VPOS="1026" WIDTH="28" HEIGHT="27" WC="0.96" CONTENT="på"/><SP WIDTH="15" VPOS="1026" HPOS="897"/>
							<String ID="string_236" HPOS="912" VPOS="1028" WIDTH="31" HEIGHT="19" WC="0.96" CONTENT="ett"/><SP WIDTH="15" VPOS="1028" HPOS="943"/>
							<String ID="string_237" HPOS="958" VPOS="1027" WIDTH="42" HEIGHT="20" WC="0.96" CONTENT="sätt"/>
						</TextLine>
						<TextLine ID="line_31" HPOS="184" VPOS="1054" WIDTH="815" HEIGHT="28">
							<String ID="string_238" HPOS="184" VPOS="1061" WIDTH="46" HEIGHT="14" WC="0.96" CONTENT="som"/><SP WIDTH="16" VPOS="1061" HPOS="230"/>
							<String ID="string_239" HPOS="246" VPOS="1054" WIDTH="51" HEIGHT="28" WC="0.96" CONTENT="föga"/><SP WIDTH="18" VPOS="1054" HPOS="297"/>
							<String ID="string_240" HPOS="315" VPOS="1054" WIDTH="52" HEIGHT="21" WC="0.95" CONTENT="eller"/><SP WIDTH="17" VPOS="1054" HPOS="367"/>
							<String ID="string_241" HPOS="384" VPOS="1054" WIDTH="38" HEIGHT="21" WC="0.96" CONTENT="alls"/><SP WIDTH="15" VPOS="1054" HPOS="422"/>
							<String ID="string_242" HPOS="437" VPOS="1055" WIDTH="47" HEIGHT="20" WC="0.93" CONTENT="icke"/><SP WIDTH="15" VPOS="1055" HPOS="484"/>
							<String ID="string_243" HPOS="499" VPOS="1056" WIDTH="50" HEIGHT="26" WC="0.92" CONTENT="toge"/><SP WIDTH="16" VPOS="1056" HPOS="549"/>
							<String ID="string_244" HPOS="565" VPOS="1055" WIDTH="141" HEIGHT="20" WC="0.90" CONTENT="statsverkets"/><SP WIDTH="16" VPOS="1055" HPOS="706"/>
							<String ID="string_245" HPOS="722" VPOS="1061" WIDTH="42" HEIGHT="21" WC="0.96" CONTENT="nog"/><SP WIDTH="16" VPOS="1061" HPOS="764"/>
							<String ID="string_246" HPOS="780" VPOS="1055" WIDTH="57" HEIGHT="20" WC="0.96" CONTENT="svårt"/><SP WIDTH="16" VPOS="1055" HPOS="837"/>
							<String ID="string_247" HPOS="853" VPOS="1055" WIDTH="92" HEIGHT="20" WC="0.89" CONTENT="anlitade"/><SP WIDTH="15" VPOS="1055" HPOS="945"/>
							<String ID="string_248" HPOS="960" VPOS="1055" WIDTH="39" HEIGHT="20" WC="0.89" CONTENT="till-"/>
						</TextLine>
						<TextLine ID="line_32" HPOS="184" VPOS="1083" WIDTH="816" HEIGHT="28">
							<String ID="string_249" HPOS="184" VPOS="1083" WIDTH="81" HEIGHT="28" WC="0.95" CONTENT="gångar"/><SP WIDTH="15" VPOS="1083" HPOS="265"/>
							<String ID="string_250" HPOS="280" VPOS="1083" WIDTH="6" HEIGHT="20" WC="0.96" CONTENT="i"/><SP WIDTH="17" VPOS="1083" HPOS="286"/>
							<String ID="string_251" HPOS="303" VPOS="1083" WIDTH="102" HEIGHT="27" WC="0.96" CONTENT="anspråk,"/><SP WIDTH="23" VPOS="1083" HPOS="405"/>
							<String ID="string_252" HPOS="428" VPOS="1083" WIDTH="23" HEIGHT="20" WC="0.96" CONTENT="så"/><SP WIDTH="18" VPOS="1083" HPOS="451"/>
							<String ID="string_253" HPOS="469" VPOS="1083" WIDTH="66" HEIGHT="20" WC="0.95" CONTENT="borde"/><SP WIDTH="19" VPOS="1083" HPOS="535"/>
							<String ID="string_254" HPOS="554" VPOS="1085" WIDTH="31" HEIGHT="19" WC="0.96" CONTENT="ett"/><SP WIDTH="19" VPOS="1085" HPOS="585"/>
							<String ID="string_255" HPOS="604" VPOS="1083" WIDTH="79" HEIGHT="28" WC="0.96" CONTENT="förslag"/><SP WIDTH="17" VPOS="1083" HPOS="683"/>
							<String ID="string_256" HPOS="700" VPOS="1083" WIDTH="31" HEIGHT="20" WC="0.96" CONTENT="till"/><SP WIDTH="17" VPOS="1083" HPOS="731"/>
							<String ID="string_257" HPOS="748" VPOS="1090" WIDTH="26" HEIGHT="13" WC="0.96" CONTENT="en"/><SP WIDTH="16" VPOS="1090" HPOS="774"/>
							<String ID="string_258" HPOS="790" VPOS="1083" WIDTH="64" HEIGHT="20" WC="0.96" CONTENT="sådan"/><SP WIDTH="16" VPOS="1083" HPOS="854"/>
							<String ID="string_259" HPOS="870" VPOS="1083" WIDTH="130" HEIGHT="28" WC="0.96" CONTENT="ombildning"/>
						</TextLine>
						<TextLine ID="line_33" HPOS="184" VPOS="1111" WIDTH="815" HEIGHT="29">
							<String ID="string_260" HPOS="184" VPOS="1119" WIDTH="51" HEIGHT="13" WC="0.93" CONTENT="vara"/><SP WIDTH="18" VPOS="1119" HPOS="235"/>
							<String ID="string_261" HPOS="253" VPOS="1111" WIDTH="147" HEIGHT="29" WC="0.90" CONTENT="fullkomligen"/><SP WIDTH="22" VPOS="1111" HPOS="400"/>
							<String ID="string_262" HPOS="422" VPOS="1111" WIDTH="231" HEIGHT="22" WC="0.90" CONTENT="öfverensstämmande"/><SP WIDTH="21" VPOS="1111" HPOS="653"/>
							<String ID="string_263" HPOS="674" VPOS="1111" WIDTH="49" HEIGHT="21" WC="0.93" CONTENT="med"/><SP WIDTH="22" VPOS="1111" HPOS="723"/>
							<String ID="string_264" HPOS="745" VPOS="1111" WIDTH="28" HEIGHT="21" WC="0.88" CONTENT="H."/><SP WIDTH="18" VPOS="1111" HPOS="773"/>
							<String ID="string_265" HPOS="791" VPOS="1111" WIDTH="27" HEIGHT="21" WC="0.92" CONTENT="K."/><SP WIDTH="19" VPOS="1111" HPOS="818"/>
							<String ID="string_266" HPOS="837" VPOS="1111" WIDTH="112" HEIGHT="28" WC="0.96" CONTENT="Majestäts"/><SP WIDTH="17" VPOS="1111" HPOS="949"/>
							<String ID="string_267" HPOS="966" VPOS="1111" WIDTH="33" HEIGHT="21" WC="0.96" CONTENT="för"/>
						</TextLine>
						<TextLine ID="line_34" HPOS="183" VPOS="1140" WIDTH="459" HEIGHT="28">
							<String ID="string_268" HPOS="183" VPOS="1140" WIDTH="103" HEIGHT="22" WC="0.96" CONTENT="Finlands"/><SP WIDTH="16" VPOS="1140" HPOS="286"/>
							<String ID="string_269" HPOS="302" VPOS="1140" WIDTH="34" HEIGHT="21" WC="0.96" CONTENT="väl"/><SP WIDTH="16" VPOS="1140" HPOS="336"/>
							<String ID="string_270" HPOS="352" VPOS="1140" WIDTH="67" HEIGHT="28" WC="0.93" CONTENT="aldrig"/><SP WIDTH="15" VPOS="1140" HPOS="419"/>
							<String ID="string_271" HPOS="434" VPOS="1140" WIDTH="99" HEIGHT="21" WC="0.91" CONTENT="hvilande"/><SP WIDTH="17" VPOS="1140" HPOS="533"/>
							<String ID="string_272" HPOS="550" VPOS="1148" WIDTH="92" HEIGHT="20" WC="0.96" CONTENT="omsorg."/>
						</TextLine>
					</TextBlock>
					<TextBlock ID="block_8" HPOS="181" VPOS="1168" WIDTH="817" HEIGHT="143">
						<TextLine ID="line_35" HPOS="252" VPOS="1168" WIDTH="746" HEIGHT="28">
							<String ID="string_273" HPOS="252" VPOS="1169" WIDTH="42" HEIGHT="27" WC="0.96" CONTENT="Jag"/><SP WIDTH="21" VPOS="1169" HPOS="294"/>
							<String ID="string_274" HPOS="315" VPOS="1169" WIDTH="67" HEIGHT="27" WC="0.92" CONTENT="vågar"/><SP WIDTH="22" VPOS="1169" HPOS="382"/>
							<String ID="string_275" HPOS="404" VPOS="1168" WIDTH="84" HEIGHT="22" WC="0.90" CONTENT="derföre"/><SP WIDTH="22" VPOS="1168" HPOS="488"/>
							<String ID="string_276" HPOS="510" VPOS="1169" WIDTH="110" HEIGHT="21" WC="0.91" CONTENT="vördsamt"/><SP WIDTH="18" VPOS="1169" HPOS="620"/>
							<String ID="string_277" HPOS="638" VPOS="1169" WIDTH="79" HEIGHT="21" WC="0.96" CONTENT="föreslå"/><SP WIDTH="18" VPOS="1169" HPOS="717"/>
							<String ID="string_278" HPOS="735" VPOS="1170" WIDTH="32" HEIGHT="20" WC="0.91" CONTENT="att"/><SP WIDTH="18" VPOS="1170" HPOS="767"/>
							<String ID="string_279" HPOS="785" VPOS="1168" WIDTH="114" HEIGHT="28" WC="0.91" CONTENT="höglofliga"/><SP WIDTH="19" VPOS="1168" HPOS="899"/>
							<String ID="string_280" HPOS="918" VPOS="1169" WIDTH="80" HEIGHT="21" WC="0.92" CONTENT="ridder-"/>
						</TextLine>
						<TextLine ID="line_36" HPOS="183" VPOS="1197" WIDTH="813" HEIGHT="29">
							<String ID="string_281" HPOS="183" VPOS="1197" WIDTH="76" HEIGHT="27" WC="0.96" CONTENT="skapet"/><SP WIDTH="17" VPOS="1197" HPOS="259"/>
							<String ID="string_282" HPOS="276" VPOS="1198" WIDTH="39" HEIGHT="20" WC="0.96" CONTENT="och"/><SP WIDTH="16" VPOS="1198" HPOS="315"/>
							<String ID="string_283" HPOS="331" VPOS="1198" WIDTH="62" HEIGHT="20" WC="0.93" CONTENT="adeln"/><SP WIDTH="15" VPOS="1198" HPOS="393"/>
							<String ID="string_284" HPOS="408" VPOS="1198" WIDTH="6" HEIGHT="20" WC="0.96" CONTENT="i"/><SP WIDTH="16" VPOS="1198" HPOS="414"/>
							<String ID="string_285" HPOS="430" VPOS="1197" WIDTH="59" HEIGHT="21" WC="0.96" CONTENT="detta"/><SP WIDTH="16" VPOS="1197" HPOS="489"/>
							<String ID="string_286" HPOS="505" VPOS="1198" WIDTH="56" HEIGHT="27" WC="0.96" CONTENT="syfte"/><SP WIDTH="15" VPOS="1198" HPOS="561"/>
							<String ID="string_287" HPOS="576" VPOS="1199" WIDTH="67" HEIGHT="20" WC="0.96" CONTENT="måtte"/><SP WIDTH="15" VPOS="1199" HPOS="643"/>
							<String ID="string_288" HPOS="658" VPOS="1198" WIDTH="75" HEIGHT="20" WC="0.96" CONTENT="förena"/><SP WIDTH="11" VPOS="1198" HPOS="733"/>
							<String ID="string_289" HPOS="744" VPOS="1198" WIDTH="32" HEIGHT="27" WC="0.96" CONTENT="sig"/><SP WIDTH="10" VPOS="1198" HPOS="776"/>
							<String ID="string_290" HPOS="786" VPOS="1198" WIDTH="31" HEIGHT="20" WC="0.96" CONTENT="uti"/><SP WIDTH="10" VPOS="1198" HPOS="817"/>
							<String ID="string_291" HPOS="827" VPOS="1204" WIDTH="27" HEIGHT="14" WC="0.93" CONTENT="en"/><SP WIDTH="12" VPOS="1204" HPOS="854"/>
							<String ID="string_292" HPOS="866" VPOS="1197" WIDTH="130" HEIGHT="29" WC="0.93" CONTENT="underdänig"/>
						</TextLine>
						<TextLine ID="line_37" HPOS="182" VPOS="1226" WIDTH="816" HEIGHT="28">
							<String ID="string_293" HPOS="182" VPOS="1226" WIDTH="90" HEIGHT="27" WC="0.96" CONTENT="petition"/><SP WIDTH="18" VPOS="1226" HPOS="272"/>
							<String ID="string_294" HPOS="290" VPOS="1226" WIDTH="31" HEIGHT="20" WC="0.93" CONTENT="till"/><SP WIDTH="19" VPOS="1226" HPOS="321"/>
							<String ID="string_295" HPOS="340" VPOS="1226" WIDTH="28" HEIGHT="20" WC="0.90" CONTENT="H."/><SP WIDTH="19" VPOS="1226" HPOS="368"/>
							<String ID="string_296" HPOS="387" VPOS="1226" WIDTH="27" HEIGHT="20" WC="0.90" CONTENT="K."/><SP WIDTH="20" VPOS="1226" HPOS="414"/>
							<String ID="string_297" HPOS="434" VPOS="1226" WIDTH="111" HEIGHT="27" WC="0.96" CONTENT="Majestät;"/><SP WIDTH="19" VPOS="1226" HPOS="545"/>
							<String ID="string_298" HPOS="564" VPOS="1226" WIDTH="39" HEIGHT="21" WC="0.96" CONTENT="och"/><SP WIDTH="19" VPOS="1226" HPOS="603"/>
							<String ID="string_299" HPOS="622" VPOS="1226" WIDTH="32" HEIGHT="22" WC="0.96" CONTENT="får"/><SP WIDTH="16" VPOS="1226" HPOS="654"/>
							<String ID="string_300" HPOS="670" VPOS="1227" WIDTH="38" HEIGHT="27" WC="0.96" CONTENT="jag"/><SP WIDTH="19" VPOS="1227" HPOS="708"/>
							<String ID="string_301" HPOS="727" VPOS="1226" WIDTH="97" HEIGHT="28" WC="0.93" CONTENT="ödmjukt"/><SP WIDTH="19" VPOS="1226" HPOS="824"/>
							<String ID="string_302" HPOS="843" VPOS="1226" WIDTH="51" HEIGHT="20" WC="0.92" CONTENT="utbe"/><SP WIDTH="15" VPOS="1226" HPOS="894"/>
							<String ID="string_303" HPOS="909" VPOS="1226" WIDTH="43" HEIGHT="28" WC="0.96" CONTENT="mig"/><SP WIDTH="15" VPOS="1226" HPOS="952"/>
							<String ID="string_304" HPOS="967" VPOS="1229" WIDTH="31" HEIGHT="18" WC="0.96" CONTENT="att"/>
						</TextLine>
						<TextLine ID="line_38" HPOS="182" VPOS="1254" WIDTH="816" HEIGHT="29">
							<String ID="string_305" HPOS="182" VPOS="1254" WIDTH="38" HEIGHT="21" WC="0.96" CONTENT="här"/><SP WIDTH="16" VPOS="1254" HPOS="220"/>
							<String ID="string_306" HPOS="236" VPOS="1255" WIDTH="21" HEIGHT="21" WC="0.96" CONTENT="få"/><SP WIDTH="15" VPOS="1255" HPOS="257"/>
							<String ID="string_307" HPOS="272" VPOS="1254" WIDTH="118" HEIGHT="28" WC="0.96" CONTENT="framlägga"/><SP WIDTH="15" VPOS="1254" HPOS="390"/>
							<String ID="string_308" HPOS="405" VPOS="1255" WIDTH="66" HEIGHT="27" WC="0.96" CONTENT="några"/><SP WIDTH="14" VPOS="1255" HPOS="471"/>
							<String ID="string_309" HPOS="485" VPOS="1255" WIDTH="22" HEIGHT="20" WC="0.96" CONTENT="af"/><SP WIDTH="15" VPOS="1255" HPOS="507"/>
							<String ID="string_310" HPOS="522" VPOS="1254" WIDTH="26" HEIGHT="22" WC="0.93" CONTENT="de"/><SP WIDTH="15" VPOS="1254" HPOS="548"/>
							<String ID="string_311" HPOS="563" VPOS="1255" WIDTH="115" HEIGHT="28" WC="0.91" CONTENT="vigtigaste"/><SP WIDTH="16" VPOS="1255" HPOS="678"/>
							<String ID="string_312" HPOS="694" VPOS="1254" WIDTH="56" HEIGHT="27" WC="0.96" CONTENT="skäl,"/><SP WIDTH="16" VPOS="1254" HPOS="750"/>
							<String ID="string_313" HPOS="766" VPOS="1255" WIDTH="28" HEIGHT="27" WC="0.96" CONTENT="på"/><SP WIDTH="13" VPOS="1255" HPOS="794"/>
							<String ID="string_314" HPOS="807" VPOS="1254" WIDTH="73" HEIGHT="21" WC="0.96" CONTENT="hvilka"/><SP WIDTH="7" VPOS="1254" HPOS="880"/>
							<String ID="string_315" HPOS="887" VPOS="1255" WIDTH="39" HEIGHT="27" WC="0.93" CONTENT="jag"/><SP WIDTH="9" VPOS="1255" HPOS="926"/>
							<String ID="string_316" HPOS="935" VPOS="1262" WIDTH="63" HEIGHT="20" WC="0.91" CONTENT="grun-"/>
						</TextLine>
						<TextLine ID="line_39" HPOS="181" VPOS="1283" WIDTH="357" HEIGHT="28">
							<String ID="string_317" HPOS="181" VPOS="1283" WIDTH="38" HEIGHT="21" WC="0.96" CONTENT="dar"/><SP WIDTH="16" VPOS="1283" HPOS="219"/>
							<String ID="string_318" HPOS="235" VPOS="1283" WIDTH="41" HEIGHT="21" WC="0.96" CONTENT="den"/><SP WIDTH="15" VPOS="1283" HPOS="276"/>
							<String ID="string_319" HPOS="291" VPOS="1283" WIDTH="123" HEIGHT="27" WC="0.96" CONTENT="föreslagna"/><SP WIDTH="14" VPOS="1283" HPOS="414"/>
							<String ID="string_320" HPOS="428" VPOS="1283" WIDTH="110" HEIGHT="28" WC="0.96" CONTENT="åtgärden."/>
						</TextLine>
					</TextBlock>
					<TextBlock ID="block_9" HPOS="179" VPOS="1311" WIDTH="818" HEIGHT="135">
						<TextLine ID="line_40" HPOS="249" VPOS="1311" WIDTH="748" HEIGHT="28">
							<String ID="string_321" HPOS="249" VPOS="1312" WIDTH="74" HEIGHT="20" WC="0.96" CONTENT="Under"/><SP WIDTH="15" VPOS="1312" HPOS="323"/>
							<String ID="string_322" HPOS="338" VPOS="1311" WIDTH="36" HEIGHT="21" WC="0.96" CONTENT="det"/><SP WIDTH="16" VPOS="1311" HPOS="374"/>
							<String ID="string_323" HPOS="390" VPOS="1311" WIDTH="74" HEIGHT="28" WC="0.93" CONTENT="sjelfva"/><SP WIDTH="15" VPOS="1311" HPOS="464"/>
							<String ID="string_324" HPOS="479" VPOS="1312" WIDTH="158" HEIGHT="27" WC="0.92" CONTENT="kejsaredömet"/><SP WIDTH="14" VPOS="1312" HPOS="637"/>
							<String ID="string_325" HPOS="651" VPOS="1312" WIDTH="67" HEIGHT="20" WC="0.96" CONTENT="under"/><SP WIDTH="18" VPOS="1312" HPOS="718"/>
							<String ID="string_326" HPOS="736" VPOS="1312" WIDTH="38" HEIGHT="20" WC="0.93" CONTENT="vår"/><SP WIDTH="18" VPOS="1312" HPOS="774"/>
							<String ID="string_327" HPOS="792" VPOS="1318" WIDTH="158" HEIGHT="21" WC="0.90" CONTENT="gemensamme"/><SP WIDTH="15" VPOS="1318" HPOS="950"/>
							<String ID="string_328" HPOS="965" VPOS="1319" WIDTH="32" HEIGHT="13" WC="0.92" CONTENT="re-"/>
						</TextLine>
						<TextLine ID="line_41" HPOS="180" VPOS="1340" WIDTH="817" HEIGHT="28">
							<String ID="string_329" HPOS="180" VPOS="1343" WIDTH="62" HEIGHT="25" WC="0.96" CONTENT="gents"/><SP WIDTH="19" VPOS="1343" HPOS="242"/>
							<String ID="string_330" HPOS="261" VPOS="1340" WIDTH="101" HEIGHT="28" WC="0.96" CONTENT="upplysta"/><SP WIDTH="19" VPOS="1340" HPOS="362"/>
							<String ID="string_331" HPOS="381" VPOS="1340" WIDTH="90" HEIGHT="28" WC="0.96" CONTENT="styrelse"/><SP WIDTH="20" VPOS="1340" HPOS="471"/>
							<String ID="string_332" HPOS="491" VPOS="1340" WIDTH="40" HEIGHT="21" WC="0.97" CONTENT="och"/><SP WIDTH="16" VPOS="1340" HPOS="531"/>
							<String ID="string_333" HPOS="547" VPOS="1340" WIDTH="95" HEIGHT="28" WC="0.96" CONTENT="mäktiga"/><SP WIDTH="14" VPOS="1340" HPOS="642"/>
							<String ID="string_334" HPOS="656" VPOS="1340" WIDTH="57" HEIGHT="28" WC="0.96" CONTENT="hägn"/><SP WIDTH="19" VPOS="1340" HPOS="713"/>
							<String ID="string_335" HPOS="732" VPOS="1340" WIDTH="95" HEIGHT="21" WC="0.96" CONTENT="befinner"/><SP WIDTH="20" VPOS="1340" HPOS="827"/>
							<String ID="string_336" HPOS="847" VPOS="1341" WIDTH="32" HEIGHT="27" WC="0.96" CONTENT="sig"/><SP WIDTH="18" VPOS="1341" HPOS="879"/>
							<String ID="string_337" HPOS="897" VPOS="1340" WIDTH="7" HEIGHT="21" WC="0.96" CONTENT="i"/><SP WIDTH="15" VPOS="1340" HPOS="904"/>
							<String ID="string_338" HPOS="919" VPOS="1342" WIDTH="31" HEIGHT="19" WC="0.93" CONTENT="ett"/><SP WIDTH="14" VPOS="1342" HPOS="950"/>
							<String ID="string_339" HPOS="964" VPOS="1342" WIDTH="33" HEIGHT="19" WC="0.90" CONTENT="ut-"/>
						</TextLine>
						<TextLine ID="line_42" HPOS="181" VPOS="1368" WIDTH="816" HEIGHT="29">
							<String ID="string_340" HPOS="181" VPOS="1368" WIDTH="202" HEIGHT="29" WC="0.91" CONTENT="vecklingsstadium"/><SP WIDTH="23" VPOS="1368" HPOS="383"/>
							<String ID="string_341" HPOS="406" VPOS="1369" WIDTH="30" HEIGHT="20" WC="0.93" CONTENT="till"/><SP WIDTH="23" VPOS="1369" HPOS="436"/>
							<String ID="string_342" HPOS="459" VPOS="1368" WIDTH="62" HEIGHT="28" WC="0.96" CONTENT="lycka"/><SP WIDTH="22" VPOS="1368" HPOS="521"/>
							<String ID="string_343" HPOS="543" VPOS="1369" WIDTH="40" HEIGHT="21" WC="0.96" CONTENT="och"/><SP WIDTH="20" VPOS="1369" HPOS="583"/>
							<String ID="string_344" HPOS="603" VPOS="1369" WIDTH="107" HEIGHT="25" WC="0.92" CONTENT="välstånd,"/><SP WIDTH="17" VPOS="1369" HPOS="710"/>
							<String ID="string_345" HPOS="727" VPOS="1382" WIDTH="26" HEIGHT="2" WC="0.91" CONTENT="—"/><SP WIDTH="16" VPOS="1382" HPOS="753"/>
							<String ID="string_346" HPOS="769" VPOS="1370" WIDTH="23" HEIGHT="20" WC="0.96" CONTENT="är"/><SP WIDTH="19" VPOS="1370" HPOS="792"/>
							<String ID="string_347" HPOS="811" VPOS="1368" WIDTH="92" HEIGHT="22" WC="0.96" CONTENT="Finland"/><SP WIDTH="17" VPOS="1368" HPOS="903"/>
							<String ID="string_348" HPOS="920" VPOS="1376" WIDTH="77" HEIGHT="20" WC="0.96" CONTENT="genom"/>
						</TextLine>
						<TextLine ID="line_43" HPOS="179" VPOS="1397" WIDTH="818" HEIGHT="29">
							<String ID="string_349" HPOS="179" VPOS="1397" WIDTH="128" HEIGHT="21" WC="0.96" CONTENT="hämmande"/><SP WIDTH="15" VPOS="1397" HPOS="307"/>
							<String ID="string_350" HPOS="322" VPOS="1397" WIDTH="80" HEIGHT="21" WC="0.96" CONTENT="former"/><SP WIDTH="15" VPOS="1397" HPOS="402"/>
							<String ID="string_351" HPOS="417" VPOS="1404" WIDTH="23" HEIGHT="14" WC="0.96" CONTENT="ur"/><SP WIDTH="16" VPOS="1404" HPOS="440"/>
							<String ID="string_352" HPOS="456" VPOS="1398" WIDTH="62" HEIGHT="20" WC="0.96" CONTENT="stånd"/><SP WIDTH="15" VPOS="1398" HPOS="518"/>
							<String ID="string_353" HPOS="533" VPOS="1400" WIDTH="32" HEIGHT="18" WC="0.96" CONTENT="att"/><SP WIDTH="16" VPOS="1400" HPOS="565"/>
							<String ID="string_354" HPOS="581" VPOS="1398" WIDTH="89" HEIGHT="28" WC="0.96" CONTENT="kraftigt"/><SP WIDTH="15" VPOS="1398" HPOS="670"/>
							<String ID="string_355" HPOS="685" VPOS="1398" WIDTH="67" HEIGHT="20" WC="0.96" CONTENT="verka"/><SP WIDTH="13" VPOS="1398" HPOS="752"/>
							<String ID="string_356" HPOS="765" VPOS="1397" WIDTH="33" HEIGHT="21" WC="0.96" CONTENT="för"/><SP WIDTH="12" VPOS="1397" HPOS="798"/>
							<String ID="string_357" HPOS="810" VPOS="1398" WIDTH="37" HEIGHT="20" WC="0.96" CONTENT="sitt"/><SP WIDTH="11" VPOS="1398" HPOS="847"/>
							<String ID="string_358" HPOS="858" VPOS="1397" WIDTH="139" HEIGHT="21" WC="0.96" CONTENT="ekonomiska"/>
						</TextLine>
						<TextLine ID="line_44" HPOS="180" VPOS="1426" WIDTH="104" HEIGHT="20">
							<String ID="string_359" HPOS="180" VPOS="1426" WIDTH="104" HEIGHT="20" WC="0.95" CONTENT="välstånd."/>
						</TextLine>
					</TextBlock>
					<TextBlock ID="block_10" HPOS="177" VPOS="1454" WIDTH="819" HEIGHT="57">
						<TextLine ID="line_45" HPOS="247" VPOS="1454" WIDTH="749" HEIGHT="28">
							<String ID="string_360" HPOS="247" VPOS="1454" WIDTH="63" HEIGHT="21" WC="0.96" CONTENT="Flera"/><SP WIDTH="19" VPOS="1454" HPOS="310"/>
							<String ID="string_361" HPOS="329" VPOS="1455" WIDTH="34" HEIGHT="20" WC="0.93" CONTENT="års"/><SP WIDTH="20" VPOS="1455" HPOS="363"/>
							<String ID="string_362" HPOS="383" VPOS="1454" WIDTH="134" HEIGHT="27" WC="0.89" CONTENT="missvexter,"/><SP WIDTH="16" VPOS="1454" HPOS="517"/>
							<String ID="string_363" HPOS="533" VPOS="1455" WIDTH="84" HEIGHT="21" WC="0.96" CONTENT="landets"/><SP WIDTH="15" VPOS="1455" HPOS="617"/>
							<String ID="string_364" HPOS="632" VPOS="1454" WIDTH="108" HEIGHT="22" WC="0.96" CONTENT="förstörda"/><SP WIDTH="14" VPOS="1454" HPOS="740"/>
							<String ID="string_365" HPOS="754" VPOS="1454" WIDTH="79" HEIGHT="28" WC="0.96" CONTENT="kredit,"/><SP WIDTH="16" VPOS="1454" HPOS="833"/>
							<String ID="string_366" HPOS="849" VPOS="1461" WIDTH="26" HEIGHT="14" WC="0.93" CONTENT="en"/><SP WIDTH="16" VPOS="1461" HPOS="875"/>
							<String ID="string_367" HPOS="891" VPOS="1454" WIDTH="105" HEIGHT="28" WC="0.91" CONTENT="rubbning"/>
						</TextLine>
						<TextLine ID="line_46" HPOS="177" VPOS="1482" WIDTH="818" HEIGHT="29">
							<String ID="string_368" HPOS="177" VPOS="1483" WIDTH="7" HEIGHT="22" WC="0.96" CONTENT="i"/><SP WIDTH="18" VPOS="1483" HPOS="184"/>
							<String ID="string_369" HPOS="202" VPOS="1482" WIDTH="41" HEIGHT="22" WC="0.93" CONTENT="alla"/><SP WIDTH="22" VPOS="1482" HPOS="243"/>
							<String ID="string_370" HPOS="265" VPOS="1482" WIDTH="263" HEIGHT="28" WC="0.91" CONTENT="egendomsförhållanden"/><SP WIDTH="23" VPOS="1482" HPOS="528"/>
							<String ID="string_371" HPOS="551" VPOS="1484" WIDTH="24" HEIGHT="20" WC="0.93" CONTENT="af"/><SP WIDTH="18" VPOS="1484" HPOS="575"/>
							<String ID="string_372" HPOS="593" VPOS="1483" WIDTH="147" HEIGHT="28" WC="0.90" CONTENT="oberäkneligt"/><SP WIDTH="23" VPOS="1483" HPOS="740"/>
							<String ID="string_373" HPOS="763" VPOS="1484" WIDTH="94" HEIGHT="27" WC="0.96" CONTENT="omfång,"/><SP WIDTH="25" VPOS="1484" HPOS="857"/>
							<String ID="string_374" HPOS="882" VPOS="1483" WIDTH="113" HEIGHT="27" WC="0.96" CONTENT="handelns,"/>
						</TextLine>
					</TextBlock>
				</ComposedBlock>
			</PrintSpace>
		</Page>
	</Layout>
</alto>
