1078 1700
203 88 27 20 62

175 144 127 28 samlingars
318 143 127 22 frikallande
461 144 47 21 från
523 143 151 29 skyldigheten
690 146 32 19 att
738 143 71 29 bygga
822 144 39 22 och
872 144 125 23 underhålla

175 172 153 28 moderkyrka.

244 200 73 22 Sedan
333 200 50 22 herr
398 200 196 22 landtmarskalken
610 201 108 21 hemställt
734 201 30 21 till
782 201 94 28 ståndet,
893 202 105 21 huruvida

175 229 148 22 betänkandet
341 229 67 21 borde
424 229 136 28 bordläggas,
575 230 87 28 yttrade

245 257 57 22 Herr
324 258 131 21 Molander
477 258 37 21 det
533 258 42 21 han
595 259 34 20 för
646 258 32 21 sin
697 258 35 22 del
750 259 67 27 ansåg
831 258 166 22 öfverensstäm-

175 286 77 22 mande
271 286 51 22 med
340 286 43 28 god
402 286 99 28 ordning,
522 289 30 19 att
567 287 42 21 alla
624 287 162 27 betänkanden,
802 294 46 14 som
862 287 69 21 första
946 288 51 26 gån-

174 322 42 21 gen
231 316 110 20 inkomma
356 315 47 21 från
418 315 120 27 utskotten,
554 316 138 28 bordläggas,
708 316 8 20 i
731 316 94 27 enlighet
840 316 48 20 med
899 316 57 20 hvad
967 316 30 20 äf-

175 351 41 14 ven
234 344 118 27 föreslaget
370 345 24 19 är
409 343 7 21 i
431 343 27 21 H.
475 345 24 19 K.
516 344 113 28 Majestäts
645 344 77 28 nådiga
737 344 133 28 proposition
886 344 111 28 angående

174 372 208 28 landtdagsordning
397 372 33 20 för
439 372 203 22 storfurstendömet
652 372 100 27 Finland,
764 374 39 20 och
814 373 24 21 så
847 373 87 28 mycket
945 379 51 20 mer,

175 401 28 21 då
217 402 71 27 någon
304 400 120 21 tidsförlust
439 400 124 28 derigenom
579 402 48 20 icke
643 401 61 21 torde
719 402 86 20 komma
820 404 31 18 att
866 408 41 21 ega
922 408 54 14 rum.

243 429 59 21 Herr
324 429 207 21 landtmarskalkens
550 430 166 28 framställning,
734 430 105 21 huruvida
857 430 85 21 ståndet
960 432 36 18 ön-

174 458 68 20 skade
266 458 157 20 betänkandets
442 458 156 28 bordläggning
618 458 31 21 till
668 461 62 19 nästa
750 458 95 28 plenum,
869 458 127 22 besvarades

174 486 50 22 med
240 486 160 28 öfvervägande
413 486 29 28 ja.

244 543 123 28 Föredrogs
383 543 39 21 och
437 543 114 22 bordlades
565 544 80 28 jemväl
661 544 31 20 till
708 545 63 20 nästa
781 543 216 28 plenisammanträde

175 573 45 27 lag-
236 572 41 21 och
293 572 218 21 ekonomiutskottets
527 573 136 21 betänkande
678 573 7 20 i
700 573 115 27 anledning
830 573 23 20 af
865 572 29 21 H.
908 572 28 21 K.
952 573 45 21 Ma-

177 601 74 21 jestäts
270 601 78 28 nådiga
363 601 142 27 proposition,
521 601 113 28 angående
650 601 80 21 ändrad
744 601 71 28 grund
829 601 33 21 för
874 601 122 28 jordlägen-

191 631 56 20 eters
263 629 129 28 deltagande
407 629 7 21 i
429 629 78 28 kyrko-
523 630 40 21 och
578 629 232 29 prestgårdsbyggnad.

243 686 82 21 Vidare
337 686 112 28 föredrogs
459 687 94 28 följande
565 687 135 21 betänkande
710 687 47 21 från
767 687 229 21 riddarhusutskottet:

175 732 237 21 Riddarhusutskottets
430 732 133 21 betänkande
581 733 8 20 i
603 732 117 28 anledning
735 733 28 28 af
775 733 81 27 nådiga
864 733 132 27 propositio-

244 769 41 13 nen
307 761 44 20 N:o
372 761 21 24 3,
416 762 109 26 angående
548 761 86 28 behörig
652 761 89 21 domstol
755 761 41 29 för
813 762 139 27 upptagande
971 761 27 28 af

244 789 148 29 hvarjehanda
407 789 43 20 mål
465 790 94 21 rörande
569 790 129 28 frälsemän.

243 829 63 22 Hans
322 829 121 28 Kejserliga
458 829 101 27 Majestät
575 829 39 22 har
628 830 31 20 uti
675 829 163 28 ifrågavarande
853 829 77 28 nådiga
946 837 49 21 pro-

175 859 94 28 position
288 858 32 21 till
338 858 149 27 ridderskapet
503 858 38 21 och
558 858 63 21 adeln
637 859 140 20 öfverlemnat
792 858 104 21 huruvida
911 858 85 21 ståndet

175 895 52 14 vore
248 887 94 28 benäget
358 889 31 18 att
405 887 112 27 samtycka
531 887 31 20 till
582 887 148 28 upphäfvande
746 887 24 20 af
784 886 105 29 följande,
904 887 7 20 i
927 887 69 21 öfver-

175 916 163 21 ensstämmelse
359 915 50 21 med
431 916 32 20 6:e
486 915 97 28 punkten
599 915 7 21 i
620 915 70 28 adliga
708 915 150 28 privilegierna
876 915 23 21 af
912 915 41 21 den
970 916 26 20 16

176 945 98 20 Oktober
290 945 65 24 1723,
370 944 32 21 uti
424 944 6 20 8
445 944 40 20 och
500 945 13 20 9
528 951 64 14 mom.
607 945 13 20 2
636 945 11 26 8
662 945 12 20 8
684 944 50 28 kap.
745 943 27 22 R.
782 939 26 37 B.
819 945 110 26 upptagna
940 944 56 21 stad-

175 973 94 28 ganden,
292 973 116 27 nemligen:
431 974 32 19 att
484 973 77 20 tvister
583 979 34 14 om
635 972 35 21 arf
685 972 55 21 efter
758 972 124 27 frälseman,
897 979 33 14 om
947 973 49 20 dess

176 1003 140 25 testamente,
332 1008 34 13 om
382 1001 177 27 förmynderskap
575 1001 34 21 för
624 1001 48 21 dess
688 1001 62 26 barn,
767 1007 34 14 om
817 1001 48 20 dess
880 1001 116 27 egendoms

175 1029 132 29 upplåtande
323 1029 31 21 till
369 1029 95 21 konkurs
479 1029 41 22 och
535 1036 34 14 om
586 1029 112 22 boskilnad
709 1029 90 22 emellan
809 1029 81 27 makar,
900 1029 96 21 hörande

176 1059 33 20 till
227 1057 163 28 frälseståndet,
406 1057 60 22 skola
485 1058 23 21 af
520 1057 81 22 hofrätt
617 1059 69 20 såsom
701 1058 68 21 första
784 1057 91 22 domstol
890 1060 106 26 upptagas

177 1089 56 19 samt
248 1089 32 18 att
296 1087 80 20 hofrätt
392 1093 57 21 eger,
466 1087 55 20 efter
536 1087 131 28 föregången
682 1087 132 27 ransakning
828 1086 36 21 vid
875 1086 121 27 underrätt,

177 1116 85 21 afdöma
278 1115 50 25 mål,
343 1115 61 21 hvari
419 1115 69 28 någon
504 1115 97 21 ståndets
615 1115 90 21 medlem
716 1115 102 28 anklagas
829 1115 33 21 för
872 1115 68 27 brott,
951 1122 46 14 som

177 1145 43 21 kan
243 1144 98 21 medföra
358 1144 75 20 förlust
449 1144 23 20 af
485 1144 34 27 lif,
535 1146 49 24 ära,
597 1144 71 27 adelig
682 1144 75 26 frihet,
772 1144 53 28 gods
841 1143 52 21 eller
908 1144 89 28 arfvelig

176 1172 113 28 rättighet;
309 1172 103 27 hvarhos,
426 1172 33 21 för
475 1172 41 21 den
531 1172 102 21 händelse
646 1174 32 19 att
695 1172 87 21 ståndet
796 1172 71 21 härtill
882 1172 68 27 biföll,
965 1172 32 21 till

177 1201 121 28 antagande
314 1202 24 20 af
350 1201 83 21 landets
449 1201 87 21 ständer
544 1201 122 27 föreslagits
677 1207 26 14 en
714 1200 134 28 förordning,
859 1200 138 28 hvarigenom

176 1230 162 28 upphäfvandet
356 1230 23 20 af
392 1229 91 21 berörda
498 1229 133 28 stadganden
647 1229 67 21 skulle
730 1229 159 28 offentliggöras
904 1229 40 21 och
960 1230 36 20 än-

178 1259 62 27 dring
252 1258 81 28 jemväl
348 1258 24 20 af
384 1258 41 21 alla
439 1258 13 20 å
467 1258 47 21 dem
528 1258 111 27 grundade
654 1258 134 20 föreskrifter
799 1264 34 14 om
842 1257 153 29 iakttaganden

176 1287 37 21 vid
233 1286 89 22 dödsfall
341 1287 58 20 inom
414 1286 151 22 frälseståndet
581 1289 55 18 samt
650 1286 179 28 förmynderskap
844 1286 33 21 för
894 1293 103 21 personer

177 1316 24 21 af
213 1322 83 20 samma
311 1314 62 22 stånd
390 1315 34 20 för
438 1314 115 22 framtiden
568 1315 86 21 införas.

247 1344 67 21 Öfver
329 1344 70 20 denna
413 1344 77 27 nådiga
500 1344 157 27 framställning
667 1343 39 21 har
715 1343 149 27 ridderskapet
875 1343 38 21 och
925 1342 71 27 adeln,

177 1372 67 28 enligt
260 1372 123 21 ankommet
398 1372 198 28 protokollsutdrag
611 1372 24 21 af
647 1372 41 21 den
703 1373 13 19 4
732 1372 6 20 i
754 1372 69 20 denna
833 1371 87 27 månad,
932 1371 64 21 infor-

177 1401 48 21 drat
246 1401 111 20 utlåtande
380 1400 23 21 af
418 1400 230 28 riddarhusutskottet,
669 1408 46 14 som
733 1400 84 21 derföre
835 1400 55 28 tagit
908 1400 89 21 ärendet

177 1429 69 21 under
261 1428 164 29 öfvervägande.

247 1457 34 21 De
302 1457 56 27 skäl,
374 1464 46 14 som
435 1457 44 21 tala
494 1458 33 20 för
542 1457 150 28 upphäfvande
708 1457 23 21 af
744 1456 157 22 ofvanberörda
915 1457 81 21 undan-

177 1486 193 28 tagsstadganden,
389 1486 91 21 rörande
499 1486 68 21 forum
587 1486 34 20 för
635 1486 149 28 ridderskapet
799 1486 39 21 och
853 1486 62 21 adeln
930 1486 7 20 i
952 1487 44 20 sär-
