1078 1700
215 99 42 20 330

187 155 39 21 och
242 155 102 27 erbjuder
358 155 60 21 lösen
435 156 21 20 ät
471 156 156 20 donatarierna.
658 156 70 20 Sedan
744 156 41 20 den
801 157 23 19 är
840 156 83 27 erlagd,
942 157 64 19 inträ-

188 183 37 21 der
242 183 81 21 kronan
339 184 6 20 i
362 184 161 21 donatariernas
538 185 48 20 stad
603 185 38 21 och
657 184 71 27 ställe;
747 185 81 20 kronan
844 184 120 21 förvärfvar
974 185 32 20 så-

186 212 66 20 lunda
274 212 38 20 full
334 212 126 28 eganderätt
490 213 30 20 till
543 212 84 28 jorden.
661 212 230 22 Donationsbönderna
918 213 89 20 fortfara

187 242 32 18 att
242 247 52 13 vara
317 240 138 22 landbönder.
485 241 33 21 De
542 241 63 21 blifva
629 242 26 20 då
674 241 216 27 krono-landbönder,
914 248 47 14 men
980 241 27 21 då

187 268 82 21 kronan
291 268 120 22 förvärfvar
433 270 128 27 eganderätt
583 270 31 20 till
637 270 161 27 lägenheterna,
822 270 76 20 månne
913 270 19 26 ej
949 270 57 20 hem-

187 304 77 14 manen
284 297 124 28 derigenom
427 298 121 27 verkeligen
569 298 65 21 blifva
653 298 82 21 krono?
758 298 42 28 Jag
815 298 33 20 för
862 298 43 20 min
921 298 33 20 del
970 305 36 13 an-

186 332 42 18 ser,
244 327 32 19 att
291 332 78 21 genom
384 326 41 21 den
441 326 127 28 bemedling,
579 326 82 21 kronan
672 327 122 27 öfvertagit,
806 326 64 21 blifva
884 326 122 21 donations-

187 354 127 21 hemmanen
338 354 107 28 sjelffallet
467 355 146 21 kronoskatte.
644 356 39 20 Att
700 362 78 20 genom
798 355 70 21 denna
886 355 120 27 bemedling

187 382 47 21 åter
249 382 156 28 eganderätten
420 384 108 27 verkligen
549 384 106 26 öfvergått
675 384 31 20 till
728 384 81 20 kronan
826 383 56 21 visar
898 383 33 27 sig
946 383 62 21 deraf

187 413 40 24 att,
242 418 34 14 om
292 412 95 20 åboerna
402 412 122 20 sedermera
532 412 47 20 icke
594 412 68 20 förmå
672 412 91 27 fullgöra
774 412 45 20 sina
829 412 127 27 åligganden
967 412 38 20 och

187 439 127 27 åtaganden,
331 440 92 25 kronan,
439 448 45 13 som
500 440 118 21 emellertid
633 441 70 20 såsom
720 440 79 27 köpare
811 440 53 21 skall
875 440 56 22 hålla
942 440 64 20 dona-

187 468 94 20 tarierna
299 468 47 20 fullt
363 471 93 27 ersatta,
475 469 32 20 får
525 469 119 21 vidkännas
660 469 27 20 all
702 469 82 21 förlust.
818 468 40 21 Vid
874 469 75 20 sådant
964 468 42 21 för-

187 496 105 27 hållande,
316 497 39 21 och
379 497 27 21 då
422 497 223 21 donationsbönderna
662 504 40 20 ega
720 499 32 19 att
763 504 77 20 genom
860 497 84 21 direkta
964 497 42 27 köp

187 524 47 21 med
250 524 152 22 donatarierna
423 526 107 20 förvärfva
547 526 187 20 frälsemannarätt
759 528 55 18 samt
832 526 114 26 ingalunda
969 527 37 19 äro

185 553 121 21 förbundna
322 556 31 19 att
369 554 98 28 begagna
485 554 91 21 kronans
592 554 130 28 bemedling,
738 554 68 21 finner
819 554 38 27 jag
872 554 67 27 någon
954 554 52 21 obil-

186 582 68 27 lighet
270 583 20 26 ej
306 589 52 14 vara
374 583 160 21 åstadkommen
551 583 133 27 derigenom,
704 585 30 18 att
750 583 26 20 de
792 583 78 20 inlösta
885 583 121 20 donations-

186 610 127 21 hemmanen
336 611 105 21 förklaras
465 619 50 13 vara
538 611 81 26 skatte,
642 614 51 18 utan
716 613 91 19 tvertom
827 618 49 13 vara
892 618 26 13 en
934 611 72 27 gifven

186 639 52 27 följd
254 639 24 20 af
291 639 78 21 sakens
385 642 70 25 natur,
471 640 40 21 och
527 640 36 21 det
574 640 151 21 återställande
736 640 23 20 af
768 640 36 20 det
815 639 135 21 traditionela
964 639 42 21 för-

186 667 99 21 hållande
301 668 189 27 expropriationen
505 669 63 25 afser,
585 671 22 25 ty
623 675 33 14 om
674 669 19 20 vi
710 670 78 26 antaga
803 670 32 19 att
850 669 50 26 inga
910 668 96 21 donatio-

186 703 38 14 ner
240 698 36 25 egt
292 703 57 20 rum,
373 699 55 18 samt
445 699 32 18 att
497 697 52 21 1826
570 698 33 19 års
626 697 126 27 författning
774 697 47 20 icke
844 699 116 23 emanerat,
984 697 22 20 så

186 724 54 21 hade
264 725 234 21 donationsböndernas
521 727 42 19 rätt
585 727 32 19 att
635 725 104 28 qvarsitta
761 725 123 28 oförryckta
901 725 32 21 väl
948 725 58 28 gällt,

187 760 47 14 men
251 752 61 22 deras
329 753 124 28 skyldighet
468 754 62 21 äfven
547 754 55 21 varit
617 756 32 18 att
665 755 77 26 utgöra
757 754 57 20 såväl
831 761 65 13 onera
911 753 30 21 till
958 754 47 20 kro-

187 789 40 13 nan
252 789 45 14 som
318 782 155 21 skatteräutan.
505 783 48 20 Alla
571 783 26 20 de
616 782 189 27 undersökningar,
832 789 45 14 som
900 782 107 26 anställts,

187 811 26 20 ha
228 810 114 28 ådagalagt
358 812 32 19 att
406 811 63 27 högst
478 811 27 27 få,
521 818 34 13 om
567 818 37 13 ens
615 811 70 27 något,
698 811 22 20 af
727 811 25 20 de
760 811 107 20 donerade
880 811 126 20 hemmanen

187 839 35 20 vid
238 839 66 26 tiden,
320 839 27 20 då
362 839 129 21 donationen
503 839 86 25 skedde,
601 840 54 20 varit
666 839 78 20 skatte.
775 839 44 20 För
834 841 31 18 att
880 839 63 21 dessa
958 839 48 20 kro-

186 867 139 21 nohemmans
341 867 66 20 åboer
426 867 67 21 skulle
516 868 64 21 vinna
602 867 126 28 eganderätt
747 867 52 21 eller
814 867 193 21 skattemannarätt

187 896 30 21 till
231 896 89 27 jorden,
336 896 55 20 hade
408 896 35 26 de,
459 897 65 27 enligt
540 896 97 28 gällande
660 896 156 27 författningar,
840 896 54 20 varit
910 896 98 27 skyldiga

187 927 31 18 att
237 925 97 27 erlägga,
359 926 57 19 utom
436 925 40 20 den
496 925 66 28 årliga
585 925 158 25 skatteräntan,
767 927 32 18 tre
819 925 34 20 års
869 924 137 28 grundränta.

187 953 34 21 Då
244 953 83 21 således
350 954 118 20 utskottets
491 953 135 21 betänkande
648 953 124 26 innehåller,
792 955 31 19 att
843 953 164 20 donationsbön-

187 981 66 21 derna
275 981 67 21 under
364 982 201 27 amorteringstiden
589 982 67 20 skulle
680 989 51 13 vara
750 981 95 21 befriade
864 981 47 21 från
926 982 81 20 skatte-

187 1012 85 22 räntan,
293 1011 39 20 och
348 1012 32 19 att
396 1010 69 21 denna
488 1013 61 18 ränta
564 1010 67 21 skulle
647 1010 31 21 till
694 1010 70 20 lösens
781 1010 127 27 erläggande
928 1011 78 20 använ-

187 1039 47 26 das,
257 1038 69 21 finner
340 1039 38 27 jag
394 1039 36 20 det
445 1039 82 20 tillfälle
555 1041 32 18 att
603 1039 63 20 vinna
682 1038 126 28 eganderätt
823 1039 31 20 till
870 1038 136 27 hemmanen,

186 1074 28 14 nu
230 1067 70 21 blefve
316 1067 224 21 donationsbönderna
556 1067 85 27 beredt,
659 1067 47 21 icke
723 1074 50 13 vara
788 1067 81 20 mindre
886 1067 121 27 förmånligt

186 1097 27 20 än
228 1095 56 21 hvad
300 1096 26 20 de
342 1097 163 26 ursprungligen
523 1098 42 25 egt,
580 1096 56 21 helst
651 1095 70 22 dertill
737 1095 84 21 komme
830 1097 41 25 att,
882 1095 55 21 efter
948 1095 58 28 pröf-

187 1124 51 28 ning
260 1125 24 20 af
304 1125 171 27 löseskillingens
490 1125 79 27 belopp
585 1124 38 21 och
640 1125 134 20 hemmanets
793 1124 73 26 värde,
888 1124 118 22 skatterän-

186 1155 34 19 tor
242 1154 58 20 ännu
324 1154 55 20 efter
402 1153 213 27 amorteringstidens
633 1153 85 27 förlopp
735 1152 70 21 kunde
821 1153 114 20 efterlåtas.
965 1152 42 28 Jag

186 1182 119 26 tillstyrker
321 1181 85 21 derföre
425 1182 131 27 antagandet
575 1182 22 21 af
614 1182 118 20 utskottets
756 1181 144 26 betänkande,
923 1188 45 14 som
984 1182 23 20 är

187 1210 233 21 öfverensstämmande
443 1210 49 21 med
515 1210 36 21 det
570 1210 5 20 i
595 1210 157 27 grundlagarne
775 1209 83 21 införda
879 1209 127 28 stadgande,

186 1241 32 19 att
230 1238 76 28 jorden
324 1239 19 27 ej
359 1240 35 20 må
410 1238 65 22 ändra
491 1238 30 21 sin
539 1239 97 27 urgamla
652 1240 68 19 natur.

255 1266 43 21 För
314 1267 65 27 öfrigt
398 1268 38 20 bör
455 1268 112 20 anmärkas
591 1269 40 24 att,
651 1267 26 20 då
693 1266 41 21 den
749 1273 29 14 nu
793 1266 161 27 ifrågavarande
970 1273 37 13 ex-

185 1295 161 28 propriationen
369 1296 48 20 icke
439 1296 43 20 kan
504 1296 81 20 utföras
609 1297 51 19 utan
683 1294 147 28 uppoffringar
851 1295 23 20 af
891 1295 25 20 de
940 1295 68 27 öfriga

186 1324 280 26 samhällsmedlemmarna,
485 1324 62 20 äfven
564 1324 59 20 detta
638 1323 132 21 förhållande
786 1324 63 26 utgör
865 1325 31 19 ett
912 1323 48 21 stöd
975 1323 33 20 för

186 1352 118 20 utskottets
319 1352 143 21 betänkande.

256 1380 139 22 Beträffande
412 1382 12 20 5
440 1383 124 23 momentet,
581 1381 86 20 hvarom
678 1380 121 20 diskussion
811 1387 27 13 nu
849 1380 62 20 äfven
922 1381 23 19 är
956 1381 50 27 öpp-

186 1408 48 27 nad,
250 1408 69 21 skulle
332 1409 38 27 jag
386 1409 83 21 biträda
485 1410 40 20 den
541 1409 23 21 af
577 1411 87 25 prosten
683 1408 77 21 doktor
776 1408 101 27 Alopeus
893 1408 6 20 i
916 1408 48 21 dess
975 1416 33 13 re-

186 1437 108 21 servation
310 1437 133 21 framställda
462 1438 95 26 mening,
580 1440 31 18 att
630 1444 26 14 en
675 1436 82 22 önskan
774 1437 23 20 af
811 1436 115 21 ständerna
941 1438 67 20 måtte

186 1466 79 20 uttalas
282 1465 90 27 derhän,
389 1468 31 18 att
437 1466 130 21 storskiftes-
584 1466 39 20 och
639 1465 291 28 skattläggningskostnaden
942 1466 66 20 måtte

186 1494 23 20 af
222 1494 82 20 kronan
320 1494 131 28 öfvertagas.
