1078 1700
839 76 41 21 257

85 125 68 27 Öfver
168 131 138 28 Raudanjoki
322 132 38 27 elf,
376 131 36 21 vid
428 132 122 27 Wikajärvi
565 132 99 21 hemman
675 132 7 20 i
692 132 127 21 Rovaniemi
834 148 4 5 .
867 132 41 21 III.

113 177 12 8 »
170 160 64 21 Kemi
250 160 40 27 elf,
306 160 36 21 vid
358 160 105 21 Ruottala
477 160 99 22 hemman
592 161 7 20 i
614 160 126 22 Kemiträsk
763 177 5 4 .
835 177 4 5 .
903 178 5 4 i

113 205 12 9 äi
169 172 121 49 Kotajoki,
299 188 35 21 vid
350 188 104 21 Kotasalo
475 204 4 5 :
511 205 4 4 .
547 205 4 5 .
619 205 40 5 sw
690 205 5 5 a
726 204 76 6 was
833 206 5 4 x
868 190 39 20 IV.

113 234 12 8 »
151 213 9 36 =
170 217 137 28 Käsmäjoki,
323 218 36 20 vid
375 205 214 45 Tuurajärvenniska
619 234 4 4 a
762 234 75 4 PIN
890 218 17 20 1.

113 262 11 8 »
169 245 83 22 Raumo
264 246 22 26 å,
298 246 27 26 pä
336 246 161 27 strandvägen
490 241 15 36 i
509 246 149 21 Nedertorneä
668 234 80 33 socken
763 262 40 5 ie
834 262 5 5 s
880 246 26 21 VY

113 291 11 9 »
169 274 86 21 Torneå
270 274 39 27 elf,
368 274 44 20 dito
492 274 47 20 från
555 274 86 21 Torneå
656 274 48 21 stad
726 291 3 3 .
760 290 5 5 .
796 291 5 4 .
832 291 5 5 .
866 275 41 20 III.

149 316 5 4 N
494 302 46 21 frän
551 303 111 21 landsidan
677 303 36 21 vid
724 302 56 22 Päta
796 319 4 5 .
832 320 5 4 .
865 303 41 21 HI.

112 348 11 9 »
146 324 13 38 =
168 331 86 21 Liakka
272 328 37 30 elf,
328 331 7 21 i
352 330 99 22 Karunki
467 331 80 21 socken
581 347 5 5 .
617 347 6 5 .
832 348 5 4 .
866 332 40 20 II

113 377 11 9 »”
211 360 43 20 dito
327 360 7 20 i
344 359 166 33 Alavojakkala
525 360 36 27 by,
577 360 28 27 på
620 347 82 63 Arpela
717 347 66 62 vägen
796 348 7 61 .
834 376 4 4 +
882 360 24 20 NV.

112 406 12 8 »
169 388 103 28 Tengeliö
290 388 37 26 elf,
346 388 3 20 i
366 387 143 22 Öfvertorneå
525 388 96 49 söcker:
653 405 4 4 -
831 404 4 5 «
867 388 39 21 IV:

113 434 11 9 »
169 416 115 28 Ratasjoki
300 404 37 37 elf,
352 416 7 21 i
375 416 45 21 dito
439 432 5 5 .
475 432 4 5 .
511 432 4 4 .
583 433 41 5 ea
655 434 5 4 mm
691 433 5 5 a
726 433 6 5 x
763 433 5 5 a
798 433 4 5 m
834 433 4 5 n
861 413 9 36 7
879 417 27 21 Ma

365 479 165 28 Lappmarkens
545 480 82 20 härad:

84 525 69 28 Öfver
169 531 59 21 Jesiö
244 530 38 27 elf,
298 530 36 21 vid
349 529 81 22 Emaus
446 530 100 21 hemman
561 531 7 21 i
585 531 124 28 Sodankylä
728 548 1 4 .
758 547 5 5 .
794 548 4 4 .
830 548 4 4 .
865 531 40 21 HL

114 577 11 9 »”
171 542 120 49 Ounasjoki
306 559 38 27 elf,
359 559 7 20 i
381 558 78 22 Kittilä
473 559 94 28 Alakylä
583 560 28 27 by
651 576 5 4 .
687 576 5 5 .
830 577 3 4 .
865 560 40 21 II

113 605 12 9 »
146 584 13 35 =
171 588 141 27 Sieppijärvi,
328 576 35 32 vid
378 587 127 22 Kotakorva
521 588 99 21 hemman
636 589 7 20 i
658 576 151 33 Muonioniska
830 605 3 3 .
864 589 41 20 LII.

112 634 11 9 »
150 612 9 36 =
169 617 139 27 Ounasjärvi,
327 617 3 20 i
348 616 68 21 Hetta
430 616 28 28 by
473 617 24 20 af
509 616 120 21 Enontekis
657 633 1 4 .
690 633 1 4 .
722 633 5 5 .
758 633 5 5 .
794 633 4 5 .
829 633 5 5 .
864 617 41 20 HL

151 664 64 19 Anm.
245 663 43 20 För
303 662 94 28 följande
412 662 143 28 färjeställen,
572 663 38 20 der
625 663 127 27 färjekarlar
765 664 36 19 äro
813 665 94 26 antagna

82 692 33 20 för
130 692 59 20 vissa
204 691 29 27 är,
251 691 61 20 skola
327 691 26 20 de
370 691 22 21 af
413 691 48 20 dem
480 691 116 28 betingade
615 693 63 19 taxor
696 691 57 28 gälla
768 691 68 21 under
851 691 55 21 äter-

83 720 75 21 stoden
175 720 23 21 af
212 719 185 27 kontraktstiden,
412 719 117 28 nemligen:

84 760 67 27 Öfver
166 765 55 21 Uleä
234 765 38 28 elf,
288 765 46 21 frän
350 765 121 28 Uleäborgs
488 766 57 26 stad,
561 765 31 20 till
609 765 39 21 och
664 765 50 21 med
729 766 23 20 är
766 766 63 25 1865.

112 811 12 9 »
169 794 86 21 Torneå
268 782 32 33 elf
314 796 12 19 å
342 794 155 27 strandvägen,
513 781 47 33 från
576 793 112 21 landsidan
700 794 34 21 vid
745 789 64 32 Påta,
823 794 32 21 till
866 794 40 21 och

167 822 48 21 med
231 823 24 20 år
271 823 61 21 1866.

83 887 24 23 B.
128 887 44 23 För
191 886 123 32 båtskjuts,
334 887 80 23 bärare
432 886 44 23 och
493 885 100 32 lastdjur,
608 886 42 23 der
664 885 105 32 landsväg
784 887 20 30 ej
819 887 86 23 finnes:

790 947 43 21 Per
848 948 42 21 mil.

792 1001 35 15 Mk.
831 997 8 29 |
851 1001 41 20 p:ni.

112 1056 43 21 För
171 1056 73 27 hvarje
260 1056 108 21 roddare.
400 1072 4 5 .
435 1072 4 4 <
470 1072 5 4 <
507 1072 4 4 =
542 1072 219 5 000
775 1052 13 35 [
795 1069 26 2 —
834 1052 12 35 |
858 1057 27 21 80

112 1084 112 28 Bätlega
222 1080 13 37 .
255 1101 4 4 .
291 1101 4 4 .
362 1101 41 4 fm
434 1101 40 4 kow
506 1101 4 3 s
541 1101 4 4 s
577 1100 4 5 a
613 1100 4 5 wo
648 1100 5 4 s
685 1101 4 3 s
721 1101 4 4 x
756 1097 65 7 x|—]
859 1085 26 21 25

111 1113 44 20 För
171 1113 73 28 hvarje
260 1101 76 33 bärare
362 1129 41 4 SNT
795 1125 27 3 —
828 1110 16 35 |
859 1114 27 21 80

127 1158 11 9 »
168 1142 54 26 häst,
240 1149 46 19 oxe,
303 1142 52 20 eller
394 1142 35 21 344
433 1129 113 40 ”rerdjur,
551 1142 70 20 såsom
614 1129 4 4 n
637 1129 125 61 lastbärare,

169 1158 53 33 med
233 1170 113 28 ledsagare
363 1187 3 3 .
398 1186 4 5 .
505 1186 40 4 «ois
577 1186 4 4 os
614 1186 40 4 MOR
686 1186 40 5 1600
811 1171 9 20 1|
859 1171 27 20 60

112 1198 127 28 Renskjuts,
256 1199 34 21 för
303 1199 74 27 hvarje
393 1186 87 40 rendjur
505 1214 77 5 Ri
614 1214 112 5 sr:
757 1209 22 17 aj
795 1211 28 3 e
839 1173 3 53 |
858 1199 27 20 30
902 1209 2 17 |

152 1245 186 27 Anmärkningar:
355 1246 38 19 1:0.
423 1244 86 28 Uppför
524 1244 85 21 Torneå
624 1244 40 21 och
674 1244 88 21 Muonio
777 1244 68 21 elfvar
855 1244 50 21 aflö-

84 1280 38 13 nas
137 1272 75 28 hvarje
227 1273 91 21 roddare
334 1273 50 21 med
400 1280 24 14 en
440 1272 61 21 mark
517 1273 32 20 för
565 1273 71 20 milen.

151 1302 41 19 2:0.
222 1301 84 28 Uppför
322 1302 95 21 elfvarne
432 1304 55 18 samt
503 1302 12 20 å
530 1303 69 19 större
615 1301 129 27 vattendrag
760 1308 41 20 ega
810 1302 37 20 två
857 1308 48 20 per-

83 1336 63 14 soner
161 1332 134 24 gemensamt
310 1330 98 28 begagna
423 1337 26 13 en
465 1330 36 20 båt
516 1329 49 21 med
580 1331 79 19 tvenne
672 1329 101 27 roddare,
786 1329 88 21 såframt
884 1330 20 27 ej

83 1358 52 28 högt
151 1358 137 21 vattenstånd
304 1358 50 21 eller
369 1358 94 21 särdeles
479 1358 53 20 strid
548 1359 67 19 ström
633 1358 73 20 fordra
720 1360 33 18 tre
768 1358 91 20 roddare
876 1358 28 20 el-

83 1387 32 20 ler
137 1386 96 28 stakare;
256 1394 48 13 men
328 1387 58 20 utför
410 1387 119 27 strömdrag
545 1386 40 21 och
600 1386 82 20 mindre
699 1387 63 27 sjöar,
778 1386 70 21 såsom
864 1386 41 20 ock

84 1416 51 20 enär
150 1417 33 18 tre
199 1415 51 21 eller
266 1415 51 21 flera
332 1415 92 21 roddare
439 1416 68 26 legas,
524 1417 32 18 tre
572 1421 109 20 personer.

152 1444 40 20 3:o.
222 1443 82 21 Bärare
327 1445 33 19 må
380 1444 91 20 belastas
495 1443 48 20 med
566 1442 63 28 högst
648 1444 12 20 2
676 1443 95 27 lispunds
790 1443 53 27 vigt.
873 1442 32 21 På

84 1471 37 21 båt
136 1472 32 20 får
184 1472 75 27 hvarje
274 1472 90 21 resande
380 1472 101 27 medtaga
497 1471 91 21 effekter
603 1471 32 21 till
652 1472 26 20 10
692 1471 97 27 lispunds
808 1471 54 27 vigt,
878 1470 27 21 då

816 1512 21 15 17
