1078 1700
197 92 26 20 52

168 149 57 27 Hyra
243 148 24 21 af
280 147 134 21 statsverket
453 163 6 5 .
489 163 4 5 .
525 163 4 5 .
560 163 5 5 ss
598 163 4 5 s
668 163 5 5 ss
704 163 5 5 «
740 163 5 5 «
776 163 5 5 «
890 148 50 22 500:
959 161 28 4 —

167 176 237 28 Introduktions-afgift
419 176 23 21 af
455 183 26 14 en
497 177 42 26 ätt,
555 183 46 15 som
617 176 80 21 anmält
713 176 33 26 sig
762 176 71 21 dertill
853 192 1 5 .
870 178 72 22 1,600:
960 190 28 3 —

676 216 89 21 Summa
780 216 60 21 mark
856 218 86 26 23,427:
958 218 34 20 69.

271 279 103 21 Deremot
385 279 84 28 förestå
480 278 103 30 följande
597 279 90 29 utgifter
702 280 70 21 under
787 280 26 20 år
827 280 64 21 1867:

894 308 40 23 Ing
960 310 24 21 Ye

167 337 72 21 Ränta
254 337 14 21 &
283 336 90 21 skulden
389 336 32 20 till
434 336 238 28 jungfrustiftskassan
664 332 12 36 .
739 352 5 6 e
776 352 5 4 <
811 353 41 5 20.
889 338 51 22 600:
959 349 28 3 —

167 366 73 20 Löner
256 365 40 21 och
311 364 105 27 arvoden,
431 365 56 21 efter
502 365 75 28 afdrag
587 365 24 21 af
621 366 13 20 3
647 365 115 21 mänaders
773 365 35 21 lön
819 366 34 20 för

236 394 152 20 sekreteraren
404 393 40 21 och
458 393 119 21 kanslisten
602 410 1 4 .
633 409 5 6 .
668 409 5 5 .
704 410 5 5 .
741 410 4 4 .
777 410 5 4 .
812 410 5 5 .
848 394 143 28 .2,589:24.

167 422 120 29 Utskylder
311 440 4 4 .
346 437 6 5 «
382 438 5 4 s
418 437 5 5 cs
453 438 6 4 so
489 437 5 5 sc
525 438 40 5 cs
597 438 4 5 sr
633 438 39 5 sr
704 438 5 6 sv
848 439 4 4 L
890 424 51 20 908:
956 423 34 21 88.

167 451 49 21 Ved
237 466 5 6 «
274 466 5 5 «
311 446 39 38 mo.
371 446 15 38 si
418 446 40 38 som
490 466 4 5 a
525 467 4 4 i
561 467 4 4 k
631 446 55 38 680
704 468 4 4 6
755 466 26 6 6
811 446 41 38 4016
870 452 117 26 LÅTA

167 480 93 21 Diverse
275 479 97 28 utgifter,
387 478 125 29 förslagsvis
524 495 5 5 .
888 481 53 21 400:
959 492 29 3 —

167 508 177 29 Approximativt
358 508 111 20 beräknad
484 495 93 34 kostnad
589 495 34 34 för
632 495 40 41 gas
683 496 33 32 för
733 495 11 34 3
751 495 102 34 mänader

236 537 13 21 å
266 537 41 21 550
328 544 21 13 m.
365 536 7 21 i
386 536 105 21 månaden
522 552 5 5 .
558 552 5 6 .
595 552 4 5 .
630 552 5 5 .
702 552 113 6 e...
845 538 93 25 1,650:
960 550 27 2 —

685 577 89 21 Summa
789 577 62 22 mark
866 578 71 27 7,615:
958 578 32 21 12.

236 633 76 22 Under
326 633 75 34 loppet
416 633 23 22 af
452 634 59 21 detta
526 634 23 21 är
564 633 67 22 borde
646 633 84 22 säledes
746 641 27 14 en
789 641 82 14 summa
882 635 23 21 af
915 635 75 27 15,812

168 663 61 22 mark
248 663 26 21 57
293 669 65 21 penni
376 662 24 21 af
412 662 193 21 riddarhuskassan
620 662 162 22 tillkommande
797 663 70 21 medel
882 671 52 14 vara
948 663 42 21 dis-

167 691 96 28 ponibla,
284 691 23 21 af
323 691 86 21 hvilken
430 698 82 13 summa
529 691 66 20 likväl
613 691 70 28 nägon
702 690 35 22 del
756 691 66 22 borde
841 692 102 27 besparas
958 692 32 21 till

167 719 139 22 bestridande
318 719 24 21 af
355 719 140 21 förefallande
511 719 89 28 utgifter
615 719 67 22 under
696 719 78 28 början
790 720 23 21 af
825 722 62 19 nästa
902 721 30 20 &r.

236 748 42 21 Till
293 748 135 27 fullgörande
438 748 23 21 af
470 748 161 27 ridderskapets
642 748 40 21 och
692 748 75 21 adelns
778 748 104 28 derjemte
892 749 98 21 lemnade

167 777 99 28 uppdrag
281 779 32 18 att
327 777 110 20 inkomma
451 777 50 20 med
515 777 129 20 alternativa
657 776 81 29 förslag
754 777 31 20 till
798 777 132 28 fullständigt
941 784 48 21 pro-

168 806 78 21 tokolls
261 805 89 21 förande
366 805 40 21 och
422 805 68 28 öfriga
504 805 206 33 kansligöromälens
722 805 105 22 skötande
837 806 23 21 af
868 806 121 21 riddarhus-

168 835 151 20 sekreteraren
334 834 40 21 och
392 833 106 21 ordinarie
514 833 127 27 kanslisten,
657 833 99 22 biträdde
771 834 101 28 antingen
888 834 23 21 af
924 835 66 27 nägra

168 865 63 19 extra
245 862 116 21 kanslister
376 862 54 21 eller
444 862 141 27 stenografer,
601 869 34 14 ser
645 862 228 28 riddarhusutskottet,
884 863 66 21 sedan
964 863 26 21 de

168 891 115 21 kanslister
300 891 41 21 och
359 890 140 29 stenografer,
517 890 50 21 med
586 890 73 21 hvilka
677 891 52 21 aftal
745 891 137 21 härförinnan
896 891 93 27 träffats,

168 920 126 28 ytterligare
312 919 70 21 blifvit
401 919 3 21 i
420 921 71 19 ämnet
506 919 66 21 hörde
588 919 40 21 och
641 919 97 21 vidhällit
754 919 47 22 sina
814 919 58 22 förut
886 920 104 28 uppgifna

168 927 104 49 Anspråk,
288 947 33 28 sig
335 947 122 22 nödsakadt
472 949 31 19 att
519 947 120 22 återhemta
654 947 47 22 sina
716 947 151 29 ridderskapet
878 948 39 21 och
927 948 62 21 adeln

166 977 59 21 förut
242 976 94 28 delgifna
355 976 89 28 förslag,
463 976 49 21 med
529 976 76 28 tillägg
622 978 32 19 att
672 976 26 21 de
718 977 38 20 två
786 983 51 21 yngre
852 977 138 21 medlemmar

168 1005 24 21 af
207 1005 96 26 ståndet,
322 1012 46 14 som
386 1004 118 21 tillsvidare
523 1005 80 20 anmält
619 1005 32 28 sig
666 1005 31 20 till
712 1005 277 21 kanslistbefattningarnes

169 1033 164 28 öfvertagande,
351 1033 110 21 förbundit
479 1033 32 28 sig
526 1035 32 19 att
572 1033 47 21 föra
634 1033 24 21 så
672 1033 135 28 fullständigt
822 1033 106 28 protokoll
943 1041 45 14 som

168 1062 37 21 vid
219 1062 57 21 finsk
291 1061 91 22 domstol
398 1063 24 20 är
437 1061 95 28 brukligt
546 1061 40 22 och
601 1061 24 22 af
637 1061 162 28 ridderskapets
815 1062 40 21 och
865 1062 73 21 adelns
951 1069 38 14 un-

167 1090 40 22 der
222 1091 128 28 September
364 1090 78 21 månad
457 1091 55 21 1863
527 1090 62 21 förda
601 1090 133 28 protokoller
744 1092 98 20 närmare
852 1097 74 22 synes;
936 1097 54 22 upp-

167 1118 93 30 tagande

478 1182 111 28 Förslaget
604 1182 42 21 N:o
663 1183 19 20 I.

167 1233 284 27 Riddarhussekreteraren,
474 1233 50 21 med
546 1233 123 29 skyldighet
692 1235 32 19 att
741 1234 107 28 genomgå
862 1234 40 21 och

234 1262 85 28 justera
336 1262 141 28 protokollet,
496 1262 123 28 ombesörja
633 1262 40 21 och
689 1262 164 28 kontrasignera
867 1262 35 21 vid

237 1291 97 21 ståndets
362 1290 231 28 plenisammanträden
621 1290 100 22 beslutna
747 1290 154 28 expeditioner,

236 1319 83 21 förestå
340 1319 92 21 kansliet
453 1319 110 21 äfvensom
582 1319 123 21 handhafva
722 1319 180 28 föredragningen

237 1348 40 21 och
297 1347 160 28 expeditioners
475 1348 146 28 uppsättande
635 1348 31 20 uti
682 1348 61 20 detta
757 1348 93 27 utskott,
865 1354 37 14 en-

236 1376 50 21 dast
300 1376 80 21 arvode
395 1376 7 21 i
417 1376 104 21 månaden
541 1392 5 5 .
577 1392 5 5 .
613 1392 5 5 .
648 1392 5 4 .
683 1392 5 5 .
718 1392 4 4 .
753 1392 5 5 »
788 1392 6 5 .
823 1392 5 5 «
859 1392 4 5 +
894 1392 4 5 .
920 1377 68 27 1,200.

168 1404 253 27 Riddarhuskanslisten,
433 1405 50 21 med
493 1404 114 28 åliggande
617 1406 32 19 att
659 1404 47 21 föra
716 1404 85 28 diarier,
811 1404 91 22 förrätta

236 1433 151 27 fiskalstjenst,
402 1432 85 22 biträda
502 1433 35 21 vid
553 1434 60 20 detta
627 1433 95 21 utskotts
736 1433 116 27 protokoll,
864 1433 38 21 der

236 1462 77 20 sådant
328 1461 116 27 erfordras,
460 1462 40 21 och
515 1462 117 21 verkställa
643 1461 69 29 öfriga
722 1462 13 20 å
745 1462 92 21 kansliet
847 1461 55 22 före-

236 1490 94 21 fallande
344 1490 106 28 göromål,
465 1492 45 20 mot
525 1490 127 28 mänadtligt
667 1490 81 21 arvode
762 1490 32 21 af.
825 1507 4 3 .
860 1507 4 3 .
895 1507 4 3 .
936 1491 52 21 400:
