1078 1700
851 79 26 20 89

88 137 47 21 icke
154 137 108 21 behöfves.
291 137 156 21 Diskussionen
464 137 38 20 bör
518 136 19 28 ej
553 136 66 21 heller
635 143 28 13 nu
679 136 97 20 sträckas
791 136 73 27 längre
879 140 26 16 än

89 166 58 20 öfver
163 166 116 20 utskottets
294 165 7 21 i
316 166 66 20 saken
399 165 79 28 afgifna
492 165 120 27 utlåtande,
624 165 38 21 och
674 164 86 21 ståndet
770 164 39 21 bör
819 164 6 20 i
837 164 70 21 denna

89 194 33 21 del
140 194 54 21 fatta
213 194 37 20 sitt
267 194 77 20 beslut.
374 194 85 28 Frågan
476 194 5 20 i
497 194 49 20 dess
561 194 72 20 helhet
648 194 42 20 kan
704 194 48 20 icke
768 193 86 21 komma
869 200 37 14 un-

89 222 36 22 der
141 222 138 28 behandling,
294 223 65 20 innan
375 222 36 21 det
426 222 106 21 allmänna
547 222 93 26 utskott,
655 222 32 20 till
702 222 82 20 hvilket
799 222 41 20 den
855 222 6 20 i
876 222 30 20 af-

89 251 78 21 seende
185 252 13 20 &
215 251 117 28 beredning
346 251 70 21 blifvit
430 250 135 27 remitterad,
581 250 60 21 öfver
656 250 139 28 regeringens
810 250 97 28 proposi-

88 280 43 21 tion
148 280 7 20 i
170 281 71 20 ämnet
257 280 77 20 uttalat
350 280 32 20 sin
398 280 63 27 åsigt.

157 308 57 22 Herr
233 315 47 14 von
295 308 150 21 Bonsdorff:
475 308 44 27 Jag
534 307 68 21 skulle
617 308 79 20 föreslå
712 309 30 19 att
758 307 150 28 ridderskapet

89 338 39 20 och
143 337 61 22 adeln
220 336 86 22 alldeles
322 337 47 21 icke
385 344 29 14 nu
429 336 69 21 skulle
514 336 65 21 binda
594 336 43 28 sig,
648 338 52 19 utan
712 336 76 21 endast
798 336 110 21 remittera

89 367 88 20 ärendet
192 366 32 20 till
239 366 43 27 lag-
297 366 39 20 och
352 365 217 27 ekonomiutskottet,
585 367 55 19 samt
654 364 96 22 anhåller
765 366 32 20 att
813 365 48 21 mitt
872 372 35 14 an-

89 394 108 29 dragande
211 394 7 20 i
234 396 71 19 ämnet
319 394 56 28 finge
391 394 75 28 åtfölja
481 394 103 21 remissen
599 394 34 20 för
647 396 33 18 att
690 394 59 27 tjena
759 394 107 20 utskottet
876 394 31 20 till

89 423 134 28 upplysning.
250 422 44 22 Går
308 423 106 27 nemligen
430 423 43 20 min
490 423 27 27 på
531 422 98 28 gällande
641 422 33 28 lag
685 422 72 21 fotade
768 422 33 21 idé
813 422 95 28 igenom,

89 452 85 20 komma
189 451 94 21 hvarken
300 451 84 28 adeliga
399 451 51 21 eller
465 451 48 21 icke
529 450 83 28 adeliga
623 458 103 20 personer
736 452 32 20 att
778 450 72 22 betala
860 451 48 20 ifrå-

89 480 120 28 gavarande
223 480 67 28 afgift.

156 508 99 22 Friherre
274 508 29 22 de
322 509 24 20 la
366 508 133 28 Chapelle:
530 508 72 21 Sedan
620 508 90 21 friherre
725 514 42 14 von
782 508 59 20 Troil
857 514 52 22 upp-

88 538 43 27 lyst
150 540 32 18 att
201 537 49 21 herr
269 537 93 28 Pipping
380 537 107 28 misstagit
503 537 41 27 sig,
561 537 27 21 då
603 536 42 22 han
660 536 71 22 anfört
744 538 31 19 att
788 537 38 27 jag
841 536 68 21 skulle

89 566 91 29 påyrkat
195 566 121 21 återremiss
332 566 31 21 till
378 566 229 25 riddarhusutskottet,
623 566 38 20 har
676 566 38 27 jag
727 566 7 20 i
748 565 36 22 det
799 565 111 22 afseendet

89 595 54 21 intet
164 595 73 20 vidare
260 596 32 19 att
312 595 106 28 påminna.
449 594 42 28 Jag
510 595 35 20 vill
565 594 76 21 endast
659 595 88 27 tillägga
764 596 31 19 att
810 595 38 27 jag
862 594 48 21 icke

89 624 42 21 kan
150 623 84 21 biträda
252 623 35 21 det
307 623 80 28 förslag
406 623 89 21 friherre
515 630 41 13 von
576 623 59 21 Born
650 623 120 20 framställt.
800 623 42 28 Jag
858 630 52 21 upp-

89 659 64 21 repar
175 654 31 19 att
229 652 36 21 det
287 659 51 14 vore
361 652 122 27 lämpligast
506 653 32 19 att
556 654 76 25 genast
650 651 133 22 omedelbart
801 651 110 22 remittera

89 681 160 28 propositionen
268 681 30 20 till
314 681 106 20 allmänna
435 681 116 26 utskottet,
567 680 109 21 hvarefter
686 680 86 21 ståndet
782 680 49 21 med
842 682 69 19 större

90 709 158 21 sakkännedom
271 709 71 21 kunde
361 711 59 26 yttra
438 709 32 28 sig
491 716 33 13 om
543 709 26 20 de
587 709 148 28 uppoffringar
750 709 36 21 det
801 709 49 20 ville
866 709 44 20 vid-

92 738 88 21 kännas.

158 766 58 21 Herr
237 766 139 21 Molander:
407 766 43 21 Det
473 766 38 21 har
530 766 70 21 blifvit
618 767 98 20 anmärkt
735 768 33 19 att
789 766 122 21 riddarhus-

90 795 105 21 utskottet
214 795 47 21 bort
282 795 50 28 ingå
350 795 6 20 i
376 795 99 27 pröfning
495 795 23 20 af
531 795 41 20 den
588 795 78 27 nådiga
681 795 160 27 propositionen
857 795 6 20 i
879 795 32 20 sin

89 824 73 21 helhet
185 823 38 21 och
244 824 82 20 således
346 823 81 28 afgifva
445 823 137 21 betänkande
601 823 63 21 äfven
684 823 56 21 hvad
756 824 67 27 angår
837 823 74 21 frälse-

91 852 96 26 säterier,
203 852 38 21 och
257 852 37 21 har
309 852 49 21 herr
374 852 75 21 Taube
465 852 85 21 derföre
568 852 63 27 yrkat
647 854 31 19 att
694 852 89 21 ärendet
799 852 65 21 måtte
880 852 31 21 till

91 881 229 20 riddarhusutskottets
339 881 130 28 behandling
489 881 175 20 återremitteras.
695 881 69 20 Dessa
780 880 131 27 påståenden

91 909 38 21 har
149 910 38 27 jag
205 911 70 19 ansett
294 909 43 28 mig
354 909 54 21 böra
427 909 92 21 bemöta.
551 909 64 21 Utom
635 909 36 21 det
690 911 31 19 att
736 909 112 28 frälsejord
864 909 48 21 med

91 938 130 21 säterifrihet
236 939 24 20 är
274 937 90 28 fritagen
380 938 47 21 från
442 938 169 27 tingsgästning,
627 938 84 27 åtnjuta
726 937 74 22 adelns
811 938 100 21 medlem-

91 973 45 14 mar
152 967 62 20 äfven
229 967 7 20 i
252 966 56 21 vissa
322 967 36 20 fall
375 967 98 20 befrielse
488 966 33 21 för
533 967 46 20 sina
589 973 104 21 personer
704 966 48 22 från
762 966 71 21 denna
843 966 67 28 afgift.

91 995 77 21 Denna
188 1001 74 14 senare
279 995 99 21 befrielse
398 995 129 20 tillkommer
542 995 151 27 ridderskapet
709 995 39 21 och
763 995 63 21 adeln
841 995 69 20 såsom

92 1025 31 19 ett
139 1023 100 22 särskildt
252 1023 62 22 stånd
325 1024 39 21 och
375 1025 23 20 är
410 1023 36 21 det
457 1023 84 21 derföre
553 1031 44 13 som
608 1023 220 22 riddarhusutskottet
839 1024 73 20 härom

91 1052 84 27 afgifvit
190 1051 120 28 utlåtande,
326 1052 48 25 och,
390 1053 71 20 såsom
476 1052 44 28 mig
535 1059 74 21 synes,
625 1053 27 26 på
667 1052 56 28 goda
736 1053 39 20 och
786 1052 126 27 tillräckliga

92 1081 45 20 skäl
153 1081 102 26 tillstyrkt
270 1083 32 18 att
317 1081 149 27 ridderskapet
481 1081 40 20 och
537 1081 61 20 adeln
612 1081 67 20 måtte
690 1081 94 20 förklara
795 1081 32 27 sig
837 1080 75 21 bered-

91 1109 58 28 villig
164 1111 31 19 att
210 1109 46 20 från
272 1109 69 21 denna
355 1109 122 28 personella
492 1109 103 28 rättighet
611 1109 60 21 afstå.
681 1122 26 2 —
716 1109 64 21 Hvad
792 1109 65 21 sedan
868 1109 45 21 vid-

91 1138 97 21 kommer
207 1138 175 21 allodialsäterier
401 1138 39 21 och
455 1145 70 14 annan
541 1138 113 28 frälsejord
670 1138 48 21 med
734 1138 139 27 säterifrihet,
890 1139 23 20 så

93 1173 62 14 anser
169 1167 38 27 jag
221 1167 73 27 frågan
310 1167 6 20 i
332 1167 70 21 denna
418 1166 33 21 del
467 1167 20 27 ej
503 1174 58 13 mera
578 1167 135 21 uteslutande
728 1168 50 20 röra
792 1166 120 22 ridderska-

92 1197 37 25 pet
144 1195 39 21 och
199 1195 61 21 adeln
274 1196 28 27 på
316 1195 94 28 följande
426 1195 56 21 skäl:

161 1223 101 21 Finlands
274 1223 126 28 ridderskap
417 1224 39 20 och
471 1224 49 20 adel
535 1224 74 21 afsade
625 1224 33 27 sig
674 1224 122 28 obetingadt
812 1224 31 20 sin
855 1224 5 20 i
871 1224 42 28 pri-

93 1252 87 28 vilegier
195 1254 55 19 samt
266 1252 128 28 Förenings-
410 1252 39 21 och
466 1252 184 21 Säkerhetsakten
665 1252 134 21 förbehållna
814 1254 43 19 rätt
872 1254 41 25 att,

92 1280 48 21 med
156 1280 66 21 andra
240 1281 182 21 samhällklassers
442 1280 146 27 uteslutande,
604 1288 41 21 ega
663 1281 39 21 och
723 1281 78 21 besitta
819 1280 94 21 allodial-

93 1309 89 21 säterier
198 1309 39 21 och
252 1316 69 14 annan
336 1310 114 27 frälsejord
466 1309 49 21 med
531 1309 136 21 säterifrihet.

161 1337 49 21 Med
225 1339 126 20 ständernas
366 1338 64 29 bifall
441 1338 38 21 och
491 1338 103 28 samtycke
604 1338 132 21 förklarades
747 1345 78 20 genom
836 1338 78 28 nådiga

94 1366 151 28 förordningen
261 1367 40 21 den
317 1368 12 19 2
346 1367 60 27 April
424 1367 54 21 1864
494 1368 32 20 att
542 1367 74 27 hvarje
631 1366 56 21 finsk
700 1366 151 28 medborgare,
862 1369 52 19 utan

93 1394 106 22 åtskilnad
215 1395 30 21 till
261 1395 61 21 stånd
338 1396 40 20 och
394 1395 57 21 olika
466 1395 189 25 samhällsklasser,
667 1396 54 20 skall
732 1402 52 14 vara
795 1395 119 28 berättigad

93 1426 32 18 att
139 1424 6 20 i
162 1424 71 21 landet
248 1424 108 20 förvärfva
372 1424 49 27 jord
437 1424 23 20 af
473 1424 126 20 förenämnd
614 1426 64 18 natur
693 1424 40 20 och
748 1424 6 20 i
770 1423 143 29 besittningen

93 1452 62 21 deraf
175 1453 83 27 åtnjuta
280 1452 26 21 de
328 1452 49 21 med
396 1452 67 22 sådan
479 1452 60 28 jord,
557 1452 67 28 enligt
642 1452 98 28 gällande
757 1452 157 28 författningar,
