1078 1700
199 94 28 20 80

171 150 138 28 Furuhjelm,
324 148 20 22 J.
360 149 34 27 E.,
410 148 143 28 Oker-Blom,
564 156 43 14 von
617 148 120 28 Knorring,
747 148 132 28 Jägerhorn,
890 148 105 21 Rotkirch

172 179 41 21 och
227 186 42 14 von
286 178 86 20 Becker
387 179 54 19 samt
459 177 90 21 friherre
566 177 80 21 Mellin.

240 234 124 28 Föredrogs
387 234 242 21 riddarhus-utskottets
650 233 138 21 betänkande
809 234 7 20 i
839 233 115 28 anledning
975 233 23 21 af

172 264 79 28 nädiga
273 263 161 28 propositionen
449 262 42 22 N:o
507 263 36 26 12,
563 262 111 28 angäende
693 262 108 28 lagmans-
816 262 41 21 och
871 262 125 20 häradshöf-

173 291 274 29 dinge-tingsgästningens
458 290 129 29 utgörande,
598 291 80 21 hvilket
690 290 145 28 betänkande,
843 290 85 28 jemlikt
939 291 57 20 stän-

173 322 47 20 dets
235 320 81 26 beslut,
332 320 71 20 hållits
418 320 13 20 å
445 319 76 21 bordet
536 319 67 21 sedan
619 319 40 21 den
677 319 25 21 18
717 319 7 20 i
740 319 71 21 denna
825 318 84 22 månad.

241 348 40 22 Uti
296 348 60 21 detta
372 348 78 21 ärende
465 348 87 28 yttrade
568 348 33 28 sig
615 348 95 27 följande
726 347 75 21 talare.

242 377 101 21 Friherre
358 376 30 21 de
402 376 24 21 la
441 376 132 28 Chapelle:
603 376 35 20 Då
652 375 163 28 ifrågavarande
830 375 79 21 ärende
924 376 73 20 senast

173 406 40 21 här
227 405 108 26 förekom,
345 405 82 28 yrkade
437 404 90 22 friherre
539 404 82 21 Linder
631 406 31 19 att
678 404 66 21 saken
754 404 69 21 mäste
834 404 31 20 till
875 403 122 21 riddarhus-

173 435 108 21 utskottet
296 433 174 21 äterremitteras.
501 433 40 21 Om
560 433 37 21 det
614 434 64 26 utgör
696 434 32 19 ett
746 432 131 27 berättigadt
893 432 103 26 anspråk,

173 465 33 19 att
224 470 27 14 en
269 462 60 26 hvar,
345 462 64 20 hvars
425 461 146 28 uppoffringar
587 461 90 28 åsyftas,
692 461 83 21 lemnas
791 461 80 21 tillfälle
887 462 31 19 att
933 460 64 21 vinna

173 490 125 28 fullständig
317 490 65 28 insigt
400 490 40 21 och
454 490 115 27 utredning
585 496 34 14 om
636 489 166 28 befogenheten,
821 489 176 27 rättmätigheten

174 520 40 20 och
232 518 154 28 lämpligheten
405 518 23 21 af
441 518 26 21 de
481 518 170 28 lagstadganden
668 524 45 14 som
728 518 94 28 påbjuda
837 518 159 27 uppoffringen,

174 548 25 21 så
213 547 43 22 kan
272 547 48 21 med
336 547 46 21 skäl
397 548 62 27 sägas
475 548 31 19 att
521 546 233 21 riddarhusutskottets
769 546 109 21 utlåtande
894 546 47 20 icke
956 546 41 20 till-

174 576 133 21 fredsställer
324 575 60 21 detta
403 575 99 28 anspråk.
533 575 34 21 En
582 575 115 28 tillräcklig
711 574 87 28 ledning
812 575 33 20 för
860 574 136 28 pröfningen,

174 604 106 22 huruvida
303 604 41 21 den
363 603 122 28 föreslagna
503 603 188 28 lagförändringen
710 605 25 19 är
753 603 91 28 förtjent
863 603 23 20 af
902 603 26 20 de
943 610 54 20 upp-

175 633 103 28 offringar
294 633 13 20 &
321 632 161 27 ridderskapets
498 633 40 20 och
554 632 74 21 adelns
644 631 54 27 sida,
716 639 46 14 som
777 631 40 22 den
833 631 76 28 nädiga
919 638 78 21 propo-

175 662 93 21 sitionen
284 661 64 26 afser,
364 660 79 21 saknas
458 662 63 19 ännu.
552 660 35 21 Då
601 660 65 21 likväl
681 659 78 22 sakens
775 660 122 21 återremiss
912 659 31 21 till
956 659 42 21 rid-

175 690 187 21 darhusutskottet
378 689 76 20 endast
465 689 68 20 skulle
544 689 149 21 åstadkomma
703 688 140 27 tidsutdrägt,
854 687 97 22 förordar
960 688 38 27 jag

175 721 32 18 att
225 718 76 27 frägan
317 725 29 13 nu
361 717 180 28 omedelbarligen
556 717 124 21 remitteras
695 717 32 20 till
742 717 87 20 allmänt
845 716 83 21 utskott
943 718 55 19 samt

175 749 32 19 att
221 746 151 27 ridderskapet
388 745 39 22 och
442 745 62 21 adeln
518 745 130 21 förbehäller
662 745 33 28 sig
710 747 41 23 att,
762 745 55 21 efter
828 745 36 21 det
874 745 68 20 saken
952 745 46 21 blif-

175 775 32 22 vit
220 775 8 21 i
244 775 67 27 sagda
326 774 84 21 utskott
425 773 128 28 behandlad,
569 774 77 27 pröfva
659 773 76 28 frägan
750 773 6 21 i
772 773 48 21 hela
835 773 49 21 dess
898 773 58 21 vidd.

244 802 128 22 Emellertid
392 802 94 21 anhäller
499 803 48 27 jag,
563 802 28 21 dä
605 802 63 21 ordet
683 803 23 20 är
721 802 44 27 mig
779 802 105 27 lemnadt,
899 803 32 19 att
944 801 55 28 jem-

175 832 36 21 väl
224 832 23 21 få
262 831 88 28 tillägga
365 831 66 27 några
447 831 38 20 ord
499 831 8 20 i
522 831 77 27 sjelfva
615 832 77 19 ämnet.
719 830 103 21 Grunden
837 830 33 21 för
880 830 119 27 utgörande

176 861 23 20 af
219 860 71 21 denna
308 859 164 28 ursprungligen
490 859 69 21 under
577 866 65 13 namn
661 859 24 20 af
703 859 122 27 Tingslama
841 858 111 21 bestämda
966 861 33 18 ut-

177 888 63 28 skyld
255 889 39 20 har
310 888 69 27 aldrig
393 888 55 20 varit
459 888 103 21 mantalet
573 890 52 18 utan
636 887 59 21 alltid
705 887 81 28 matlag
796 887 51 21 eller
857 887 44 20 rök.
928 886 72 21 Under

177 917 57 21 olika
248 917 56 20 tider
319 916 39 21 har
373 915 70 22 denna
457 916 53 27 gärd
525 916 56 21 dock
596 917 93 26 utgjorts
704 916 68 26 olika,
788 915 45 21 dels
849 915 48 21 med
911 915 88 28 pennin-

177 953 45 20 gar,
242 945 45 21 dels
306 945 50 20 med
376 945 96 27 spanmål
491 944 24 21 af
530 944 75 28 hvarje
621 944 77 21 bonde.
730 945 51 20 1741
799 944 34 21 års
848 943 49 21 med
912 945 87 26 regents

177 974 40 21 och
231 973 99 22 ständers
342 973 127 20 samverkan
479 972 114 21 utfärdade
604 973 131 27 reglemente
746 973 121 20 utsträcker
877 972 54 21 dock
942 971 57 28 skyl-

177 1002 101 28 digheten
297 1004 31 19 att
348 1003 77 26 utgöra
443 1001 217 28 domare-penningar
678 1001 31 21 till
725 1001 107 27 åtskilliga
847 1000 67 21 andra
927 1007 73 21 perso-

177 1038 39 15 ner
234 1032 27 19 än
277 1030 200 28 jordinnehafvare,
493 1036 48 14 men
557 1029 119 28 berättigar
691 1029 26 21 de
733 1029 68 21 finske
816 1028 184 28 innebyggarene,

178 1066 46 15 som
245 1059 58 20 förut
321 1059 83 27 utgjort
421 1059 13 20 4
452 1058 83 28 kappar
553 1058 97 27 spanmål
668 1058 7 21 i
693 1057 153 28 tingsgästing,
865 1059 41 23 att,
924 1057 77 20 liksom

177 1088 7 21 i
203 1087 99 28 Sverige,
321 1087 87 28 erlägga
426 1087 70 20 denna
515 1086 62 27 afgift
595 1086 50 21 med
666 1087 124 27 penningar.
821 1085 127 22 Sedermera
962 1085 39 21 har

177 1116 187 28 tingsgästningen
378 1115 8 21 i
401 1115 91 21 Finland
506 1114 65 22 likväl
587 1115 61 27 utgåt
662 1115 21 21 in
700 1117 76 19 natura
792 1114 6 22 i
813 1113 53 29 följd
881 1113 23 22 af
917 1113 85 22 brefvet

179 1145 40 21 den
235 1145 27 21 22
278 1144 54 21 Dec.
349 1144 64 25 1743,
429 1150 48 14 men
492 1143 60 21 alltid
567 1143 39 21 har
621 1143 185 28 tingsgästningen
822 1143 78 27 erlagts
916 1142 30 21 till
958 1142 43 21 lika

177 1173 79 28 belopp
275 1172 47 22 från
341 1172 75 28 hvarje
433 1172 46 20 rök.
509 1171 38 21 Uti
566 1172 61 20 detta
641 1172 68 20 under
724 1172 72 20 sekler
811 1171 97 28 gällande
923 1171 79 21 förhål-

178 1201 62 21 lande
256 1201 90 21 föreslår
360 1208 30 14 nu
404 1200 41 21 den
461 1200 78 28 nådiga
554 1200 161 28 propositionen
726 1207 27 14 en
766 1199 130 27 förändring.
918 1199 83 28 Propo-

178 1230 93 20 sitionen
289 1228 82 22 indelar
390 1228 7 21 i
415 1228 76 22 sådant
508 1228 102 21 afseende
630 1228 152 28 befolkningen
798 1228 6 20 i
819 1230 78 18 tvenne
912 1228 89 26 klasser,

178 1258 78 21 hvaraf
276 1258 41 20 den
340 1264 41 14 ena
398 1257 86 21 komme
502 1258 32 20 att
552 1257 88 27 erlägga
656 1258 14 20 4
689 1257 39 21 och
748 1256 40 22 den
809 1256 66 21 andra
892 1256 12 20 2
920 1256 82 28 kappar

178 1286 98 28 spanmål
290 1286 8 21 i
312 1285 165 29 tingsgästning.
503 1285 76 21 Redan
594 1285 36 21 vid
645 1284 179 28 nästföregående
838 1284 110 28 landtdag,
964 1291 38 14 un-

179 1315 38 21 der
227 1314 158 28 behandlingen
396 1314 24 20 af
427 1314 75 27 frågan
513 1320 34 14 om
556 1314 222 27 mantalspenningars
787 1312 127 29 utgörande,
924 1313 78 27 ådaga-

178 1344 60 20 lades
253 1342 122 29 uppenbart
390 1342 164 28 vanskligheten
570 1342 23 20 af
607 1342 54 20 slika
676 1341 198 28 klassindelningar.
904 1342 43 20 Det
962 1341 41 21 blir

179 1372 85 21 derföre
280 1378 26 14 en
322 1370 206 28 anmärkningsvärd
543 1370 124 26 företeelse,
683 1372 32 19 att
731 1370 42 21 den
788 1370 77 27 nådiga
874 1369 128 28 propositio-

177 1407 53 19 nen,
241 1407 47 14 som
298 1400 90 20 föreslår
399 1401 31 19 ett
441 1399 62 21 totalt
514 1399 151 27 upphäfvande
676 1399 24 20 af
709 1398 41 21 alla
762 1398 184 21 ständsskilnader
955 1398 7 20 i
972 1397 31 21 af-

178 1428 79 21 seende
273 1428 13 21 &
301 1428 140 21 befrielserna
455 1428 47 20 från
518 1427 101 27 afgiftens
635 1426 140 29 erläggande,
790 1426 65 21 likväl
870 1428 39 26 gör
920 1426 83 20 skilnad

179 1456 92 22 emellan
287 1457 178 26 ståndspersoner
483 1455 40 21 och
538 1455 48 21 icke
601 1455 178 28 ståndspersoner
794 1454 132 22 beträffande
942 1454 62 28 afgif-

177 1487 49 19 tens
247 1484 85 28 belopp.
363 1484 118 28 Uttrycket
502 1484 178 28 ståndspersoner
701 1485 25 20 är
744 1483 40 21 och
801 1482 74 22 förblir
893 1482 60 22 alltid
970 1482 34 22 för
