1078 1700
184 82 43 21 488

157 138 50 21 dess
223 137 147 28 begagnande.
400 138 42 27 Jag
461 138 75 28 tycker
550 139 33 19 att
597 137 130 21 domstolens
747 138 149 21 overksamhet
913 138 66 21 under

157 167 80 20 största
252 166 63 21 delen
331 166 22 20 af
367 167 47 20 året
428 166 33 20 för
476 166 40 21 den
533 166 98 21 enskilda
646 168 75 25 parten
737 168 24 18 är
776 168 31 18 ctt
823 166 156 28 oöfverstigligt

157 194 75 22 hinder
247 195 34 20 för
296 194 49 21 dess
362 194 149 28 begagnande,
527 194 40 21 och
583 196 32 18 att
631 194 114 27 ingalunda
761 196 32 19 ott
807 194 85 21 afständ
907 195 23 20 af
943 195 35 20 nä-

157 230 38 20 gra
213 223 36 21 mil
269 229 46 15 mer
332 223 52 21 oller
402 223 82 21 mindre
507 223 66 21 bordo
591 224 53 26 göra
659 222 50 22 dess
723 223 138 27 begagnande
876 222 102 28 omöjligt.

157 251 32 21 Af
209 252 49 20 mitt
274 250 82 28 förslag
376 251 61 21 torde
452 252 92 26 framgå,
564 253 31 19 att
609 251 37 27 jag
661 251 47 21 icke
724 251 100 21 förbisett
839 251 139 21 distanserna.

157 280 50 20 Men
229 286 47 14 som
299 279 143 28 domsagorna
460 286 27 14 nu
509 281 37 19 äro
565 278 110 28 reglerade
690 279 6 21 i
712 279 26 21 de
754 279 88 27 trakter,
859 286 33 14 om
908 279 71 21 hvilka

166 316 27 20 ag
208 308 63 26 talat,
294 308 25 21 sä
338 310 45 18 tror
400 308 39 28 jag
457 310 42 23 att,
522 315 33 13 om
575 310 32 18 ett
622 308 120 27 tingsställe
758 308 68 20 skulle
841 308 95 28 placeras
952 308 27 27 pä

155 316 99 48 lämpligt
269 336 33 21 vis
317 336 53 21 midt
385 336 6 20 i
407 336 125 27 domsagan,
549 336 135 20 distanserna
702 336 47 20 icke
768 336 68 21 skulle
851 337 76 27 utgöra
943 337 35 19 nå-

156 366 39 26 got
217 364 76 22 hinder
316 364 32 21 för
371 364 142 21 domsstolens
536 370 134 22 permanens.
704 364 34 21 Nu
762 364 65 21 redan
851 365 67 20 finnas
941 365 38 20 bra

157 394 77 26 många
256 393 94 27 tingslag
368 393 49 21 med
435 392 87 28 mycket
545 392 73 28 längre
641 393 158 27 utsträckning;
821 392 100 22 domaren
940 393 39 20 har

157 421 103 28 rättighet
284 423 33 19 att
340 421 69 27 tingta
431 421 56 21 inom
512 421 116 27 tingslagot
646 420 40 22 och
704 421 81 27 tingtar
807 421 44 21 ofta
866 422 5 20 i
887 423 92 26 yttersta

157 450 69 20 ändan
250 450 24 20 af
294 450 126 20 detsamma.
450 449 43 21 Det
509 449 42 21 kan
568 449 92 27 bevisas,
678 451 31 19 att
728 450 77 26 många
823 450 155 27 tingslagsboer

156 478 31 20 till
211 478 37 20 sitt
272 478 120 27 tingsställe
416 478 63 20 hafva
495 478 19 26 5,
530 478 20 26 6,
567 478 11 20 7
592 478 23 27 ja
631 478 12 20 8
660 478 47 20 mils
723 478 92 24 afstånd,
839 480 50 18 utan
905 480 32 18 att
952 478 26 20 de

157 506 62 21 deraf
232 506 64 21 hafva
312 506 47 20 låtit
374 506 114 21 afskräcka
503 506 33 28 sig
550 506 47 21 från
613 508 32 18 att
661 506 85 20 komma
762 506 31 20 till
808 506 74 28 tinget.
913 506 65 21 Dess-

157 536 58 20 utom
231 536 25 19 är
271 534 37 21 det
323 534 48 21 icke
387 534 76 21 endast
478 534 165 28 tingslagsboer,
659 536 51 18 utan
726 534 77 27 många
818 534 66 21 andra
899 534 78 21 menni-

157 563 56 25 skor,
229 569 46 15 som
292 569 106 21 processa.
428 562 47 21 Här
493 563 23 20 är
529 562 24 28 ju
569 562 68 21 under
659 562 71 21 denna
749 562 101 28 landtdag
865 562 113 28 priviligie-

156 591 52 21 rade
223 591 46 21 fora
284 591 114 21 förordade
414 591 40 21 och
471 591 36 21 det
523 591 76 21 endast
615 591 22 20 af
651 591 36 21 det
702 591 52 25 skäl,
770 593 31 19 att
813 591 40 21 den
865 591 113 28 priviligie-

156 619 51 21 rade
223 619 121 22 domstolen
360 620 24 20 är
399 619 118 28 tillgänglig
541 621 38 19 när
595 619 54 21 helst
665 626 49 14 man
725 619 102 21 behöfver
838 619 46 22 den.
915 619 63 21 Hvad

156 648 66 21 andra
238 647 96 28 punkten
351 648 23 20 af
387 648 48 20 mitt
449 647 80 28 förslag
544 648 52 20 eller
611 648 123 21 notarierna
749 648 138 26 vidkommer,
903 649 24 20 så
941 648 37 21 har

153 677 40 27 jag
208 676 58 21 stödt
282 676 37 21 det
334 676 28 27 på
377 675 41 22 den
434 676 89 27 princip,
543 683 45 14 som
605 676 39 27 jag
659 679 45 18 tror
720 677 22 20 är
758 676 81 21 erkänd
854 676 62 28 kring
931 676 47 21 hela

157 704 93 27 verlden,
267 706 32 19 att
314 704 106 27 nemligen
436 711 26 14 en
479 704 81 21 ordnad
576 704 145 28 lagskipning,
737 707 58 18 utom
815 705 163 27 skyndsamhet,

156 733 104 21 behöfver
275 732 101 21 säkerhet
392 733 52 20 eller
459 733 90 27 garanti.
581 732 47 21 Den
647 733 97 27 punkten
759 734 24 20 är
798 733 22 20 af
833 733 63 28 ingen
912 733 66 21 talare

156 761 105 28 motsagd.
292 761 44 20 Det
351 762 24 19 är
390 761 55 20 blott
460 761 6 20 i
481 761 139 27 förbigående
643 761 94 26 nämndt,
760 763 32 18 att
815 761 39 21 den
878 761 101 21 behöfver

156 796 27 14 en
198 789 90 28 garanti.
319 789 43 20 Min
378 789 132 27 erfarenhet,
526 789 42 21 den
584 790 34 20 mä
634 796 50 14 vara
700 789 49 21 kort
764 789 51 21 eller
829 789 60 28 lång,
912 789 66 21 ehuru

154 818 38 27 jag
207 817 39 21 har
261 817 85 21 arbetat
362 818 23 20 så
399 817 64 28 länge
476 818 38 27 jag
529 817 76 27 lefvat,
621 818 23 20 är
660 817 51 27 den,
727 819 31 19 att
774 818 35 20 det
825 818 102 21 behöfves
942 825 36 20 ga-

156 846 62 21 ranti.
249 846 47 21 Den
308 846 91 27 garanti,
416 846 19 20 vi
451 852 28 14 nu
494 845 71 27 hafva,
581 846 72 21 består
671 846 3 20 i
690 846 115 27 nämnden;
821 853 48 14 men
880 846 98 27 stadgan-

156 874 37 21 det
209 874 6 21 i
230 874 72 28 lagen,
326 881 45 14 som
395 874 55 21 talar
465 881 33 14 om
512 875 116 27 justering,
652 874 84 21 hvilken
759 875 63 27 utgör
840 875 40 20 den
896 875 83 27 garanti

156 903 106 20 nämnden
286 902 91 25 utöfvar,
400 903 69 20 måste
491 902 108 21 försviuna
622 903 30 20 till
676 903 63 26 intet;
758 905 23 26 ty
797 903 36 20 det
848 904 24 19 är
886 903 93 28 orimligt

155 933 33 18 att
203 938 27 13 en
245 937 79 21 person
340 931 52 21 eller
408 933 31 19 att
454 931 105 20 nämnden
575 931 41 20 kan
633 931 6 20 i
654 931 81 21 minnet
753 931 83 21 behålla
851 931 74 27 hvarje
940 931 38 21 ord

156 959 39 21 och
212 959 141 27 ordställning
368 959 68 21 under
451 959 168 28 förhandlingar,
641 966 46 14 som
703 960 65 21 räcka
783 960 45 21 från
844 966 88 21 morgon
948 959 30 21 till

156 987 57 28 qväll
227 988 53 21 flera
295 987 81 21 veckor
391 988 13 21 å
419 987 44 21 rad.
494 987 63 21 Hvad
574 988 74 20 vinnes
664 988 49 21 med
729 988 128 27 stadgandet
868 995 33 13 om
910 988 68 27 juste-

157 1016 53 27 ring,
227 1016 63 21 äfven
306 1022 35 14 om
352 1015 36 21 det
400 1015 68 22 skulle
479 1016 122 27 iakttagas?
627 1016 133 21 Memorialet
771 1017 54 20 läses
837 1023 48 21 upp,
902 1018 75 25 parten

156 1045 63 26 säger
232 1044 30 27 ja,
278 1051 49 14 men
343 1043 62 28 lagen
421 1043 142 22 öfverlemnar
578 1044 76 21 domen
670 1044 7 21 i
693 1045 111 20 domarens
820 1045 86 20 händer.
936 1045 42 27 Jag

157 1073 63 26 säger
235 1072 48 21 icke
299 1074 32 19 att
347 1072 108 21 missbruk
474 1073 68 26 skett,
563 1079 47 14 men
627 1072 36 21 det
682 1073 40 20 kan
738 1073 39 21 ske
792 1073 39 21 och
845 1073 36 21 det
896 1075 24 18 är
934 1075 44 19 mot

156 1100 116 27 missbruk,
288 1107 45 14 som
347 1100 38 27 jag
401 1101 35 20 vill
452 1100 27 21 ha
494 1101 104 26 kontroll,
621 1101 84 20 hvilken
722 1103 24 18 är
762 1101 121 28 nödvändig
898 1101 33 20 för
946 1104 32 18 att

156 1129 127 21 säkerställa
306 1128 108 22 domaren.
444 1129 60 21 Hans
527 1129 100 27 ställning
650 1130 23 20 är
696 1131 53 25 tung
765 1129 6 21 i
789 1129 41 22 den
853 1129 60 21 delen
938 1130 38 21 och

157 1157 82 21 kanske
265 1159 81 25 tyngst.
380 1157 73 21 Skulle
479 1158 52 20 hans
555 1158 100 27 ställning
677 1158 48 20 icke
746 1158 6 20 i
775 1158 66 21 andra
863 1158 114 21 afseenden

156 1192 52 14 vara
222 1186 24 20 så
262 1186 95 20 särdeles
380 1186 123 26 intressant,
526 1187 23 20 så
571 1188 45 18 tror
635 1187 39 26 jag
695 1188 33 19 att
748 1186 38 21 bra
803 1186 21 22 få
839 1186 68 21 skulle
923 1187 55 21 hålla

157 1216 24 18 ut
199 1214 95 20 dermed.
324 1213 65 21 Ilvad
413 1214 67 28 tredje
503 1214 95 27 punkten
622 1214 6 21 i
651 1214 48 21 mitt
721 1215 80 27 förslag
826 1215 106 25 beträffar,
955 1217 23 20 sä

156 1242 39 20 har
215 1242 38 27 jag
275 1242 106 20 föreställt
404 1242 50 28 mig,
477 1244 32 19 att
531 1243 74 27 hvarje
631 1243 149 21 rättssökande
803 1243 67 21 skulle
893 1243 84 22 komma

156 1272 32 19 att
203 1270 87 27 erlägga
313 1277 26 14 en
363 1270 61 28 afgift
447 1270 32 21 för
501 1271 131 20 domstolens
655 1271 150 27 begagnande;
827 1271 41 21 den
888 1272 89 27 afgifton

157 1298 71 20 kunde
243 1298 148 28 ungefärligen
412 1299 104 21 beräknas
532 1299 31 20 till
579 1299 55 21 hvad
649 1299 60 21 lösen
725 1306 28 14 nu
769 1301 72 26 utgör;
860 1300 33 20 för
908 1300 70 22 denna

156 1326 62 27 afgift
234 1326 68 22 skulle
322 1327 41 20 han
382 1326 21 22 få
423 1327 37 21 sitt
475 1327 117 28 protokoll;
615 1327 101 21 domaren
733 1328 51 20 eller
798 1328 96 20 notarien
910 1329 68 20 skulle

156 1354 81 21 skrifva
253 1354 140 28 protokollet;
410 1355 99 21 domarcn
526 1356 68 20 skulle
610 1356 80 20 skrifva
705 1356 94 28 utslaget
813 1356 60 20 öfver
888 1357 26 21 de
930 1357 48 26 mäl,

156 1389 47 15 som
224 1385 78 19 stanna
322 1383 35 21 vid
381 1383 147 21 häradsrätten
548 1384 39 20 och
606 1385 66 26 nägot
692 1384 197 28 protokollsutdrag
910 1385 68 21 skulle

156 1411 137 27 naturligtvis
312 1411 47 21 icke
378 1411 109 21 behöfvas.
519 1412 70 21 Scdan
608 1412 68 21 skulle
692 1412 129 28 protokollet
837 1413 140 21 öfverlemnas

155 1439 22 21 ät
192 1439 139 21 länsmannen
356 1439 52 21 eller
430 1440 158 28 kronofogden,
612 1441 39 20 och
670 1440 69 22 denne
758 1441 68 21 skulle
845 1442 96 26 uppbära
956 1442 23 20 af

156 1469 74 25 parten
246 1467 89 28 afgiften
351 1468 33 20 för
400 1468 129 28 protokollet
543 1471 56 19 samt
614 1469 98 21 redovisa
722 1470 33 20 för
766 1469 47 22 den.
844 1470 70 20 Dessa
924 1476 52 21 upp-
