1078 1700
194 89 26 21 14

380 146 129 22 Ledamöter
523 148 9 20 i
547 148 226 22 riddarhusutskottet:

163 188 24 20 af
201 188 54 21 1:sta
274 187 28 21 kl.
318 186 41 22 N:o
389 188 13 20 5
416 188 73 27 grefve
505 188 101 27 Aminoff,
622 188 72 28 Adolf,

331 232 13 9 »
363 212 12 36 =
389 216 12 21 7
416 216 90 21 friberre
526 216 151 28 Silfverhjelm,
692 217 67 21 Jöran
779 217 51 21 Erik
845 216 65 27 Axel,

331 260 12 9 »
374 246 27 20 18
445 260 12 10 »
527 244 154 28 Mannerheim,
698 246 84 27 August
797 245 59 27 Erik,

163 272 24 22 af
200 272 60 22 2:dra
275 272 28 21 kl.
331 288 11 11 ,,
387 273 13 20 9
416 272 49 21 herr
481 272 74 28 Späre,
570 273 101 28 Walfrid,

328 317 12 9 »
371 301 26 21 69
441 317 12 9 +,
484 301 142 29 Gripenberg,
642 301 102 28 Achates,

330 345 12 9 »
374 330 26 24 70
445 346 11 9 ,
485 330 123 27 Cronstedt,
624 330 80 28 Anton,

163 357 24 21 af
199 357 59 28 3:dje
275 357 28 21 kl.
331 374 12 8 ,,
361 358 39 20 152
416 358 171 28 Langenskiölds
602 358 66 22 fullm.
684 359 50 21 herr
750 359 23 21 af
789 358 124 28 Björksten,
930 359 56 20 Axel

449 386 94 27 Gabriel,

330 430 12 10 »
361 414 39 20 193
416 414 49 21 herr
487 415 87 27 Linder,
591 415 136 28 Constantin,

330 459 12 9 »
358 443 42 21 286
430 459 11 10 ,,
485 443 120 28 Molander,
620 444 110 28 Herman,

503 506 153 28 Suppleanter:

163 551 24 21 af
200 552 56 21 1:sta
271 542 34 29 kl.
316 550 41 22 N:o
372 552 27 20 41
415 550 100 22 Friherre
531 551 112 28 Sackleen,
658 552 55 21 Lars
729 552 92 28 August,

163 580 22 21 af
199 579 60 22 2:dra
275 579 28 21 kl.
327 596 11 9 ,,
369 581 27 20 36
412 580 57 21 Herr
484 580 101 27 Aminoff,
601 580 90 28 Berndt,
707 581 40 20 och

163 608 23 21 af
199 608 57 28 3:dje
272 608 29 21 kl.
328 625 12 9 ,
356 609 41 20 154
413 609 23 20 af
448 608 125 28 Enehjelms
588 609 66 20 fullm.
665 609 51 21 herr
730 609 24 21 af
762 609 113 27 Forselles,
886 608 96 21 Fredrik.

230 665 34 20 På
279 665 157 28 framställning
451 665 23 21 af
487 665 49 21 herr
551 665 197 22 landtmarskalken
764 665 45 22 blef
821 665 32 21 till
863 665 121 21 riddarhus-

162 693 108 21 utskottet
285 693 156 21 öfverlemnadt
454 695 31 19 att
501 695 98 26 uppgöra
614 695 39 20 och
668 695 32 20 till
711 694 86 21 ståndet
811 693 109 21 inkomma
935 694 48 20 med

162 722 80 27 förslag
257 722 32 21 till
306 722 144 27 organisation
466 721 23 21 af
502 722 146 21 riddarhusets
664 723 69 20 kansli
744 723 34 20 för
788 722 130 27 landtdagen
929 724 55 19 samt

161 750 96 21 arvoden
273 750 33 21 för
322 750 262 21 riddarhussekreteraren
601 751 40 20 och
659 751 118 21 kanslisten
789 752 55 19 samt
857 751 68 26 öfriga
936 757 48 20 per-

162 785 69 21 soner,
254 779 85 20 hvilkas
362 779 128 28 anställning
512 779 35 21 vid
569 779 137 22 riddarhuset
724 779 7 21 i
747 779 39 21 och
803 779 34 21 för
854 779 129 27 landtdagen

162 807 78 28 ansägs
255 807 73 28 nödig.

230 863 127 21 Sedermera
378 864 99 21 erinrade
499 864 50 21 herr
571 865 197 20 landtmarskalken
792 866 31 19 att
841 863 93 22 tillträde
952 864 31 20 till

161 892 147 21 riddarhusets
331 892 83 21 läktare
436 893 67 20 under
521 893 53 20 1863
591 893 35 20 ärs
645 893 101 28 landtdag
762 893 90 20 lemnats
868 892 114 21 allmänhe-

161 922 37 19 ten
213 920 40 21 och
268 920 127 21 hemställde
411 928 34 13 om
459 921 48 21 icke
523 921 63 21 äfven
597 921 68 21 under
675 921 118 28 pästäende
803 920 102 28 landtdag
916 921 66 20 läkta-

161 955 52 14 rena
235 949 57 27 finge
308 948 66 21 hällas
391 951 71 26 öppna
477 949 32 21 för
529 950 56 27 dem,
603 957 45 14 som
671 949 95 22 önskade
788 949 74 21 afhöra
886 949 96 21 ständets

161 977 195 28 Ofverläggningar.

229 1005 137 22 Besvarades
382 1005 49 22 med
443 1006 30 27 ja.

229 1062 81 21 Vidare
326 1063 142 28 tillkännagaf
480 1063 49 21 herr
544 1063 198 21 landtmarskalken
758 1064 31 19 att
799 1069 25 14 en
837 1062 82 21 enskild
935 1069 47 20 per-

161 1098 38 14 son
215 1091 39 20 hos
270 1091 50 21 herr
334 1091 199 21 landtmarskalken
557 1091 88 22 anhållit
667 1093 39 25 att,
721 1093 52 19 enär
788 1098 48 13 man
852 1091 47 20 från
914 1091 68 20 läkta-

160 1126 51 14 rena
226 1119 49 21 icke
291 1126 43 22 nog
348 1119 85 29 tydligt,
443 1119 34 22 för
488 1122 31 19 att
530 1121 52 27 göra
596 1119 131 29 tillförlitliga
739 1119 160 28 anteckningar,
911 1119 71 21 kunde

160 1148 52 20 höra
232 1148 38 20 allt
293 1148 55 21 hvad
370 1148 58 21 inom
451 1149 86 21 ständet
559 1148 121 28 förehades,
698 1148 147 28 tidningarnes
864 1148 118 21 referenter

159 1177 67 20 mätte
249 1176 85 21 anvisas
357 1177 70 27 nägon
450 1177 56 27 plats
525 1184 51 14 nere
591 1178 32 20 uti
637 1177 183 27 riddarhussalen;
844 1176 39 21 och
905 1176 76 21 ställde

159 1205 50 21 herr
224 1205 197 21 landtmarskalken
437 1205 85 21 derföre
538 1205 32 21 till
585 1206 151 27 ridderskapet
752 1206 39 20 och
806 1205 63 20 adeln
884 1204 41 21 den
940 1205 41 20 frä-

160 1240 48 20 gan,
224 1240 35 14 om
275 1233 86 21 ständet
377 1234 49 20 ville
441 1234 84 21 villfara
543 1234 141 21 omförmälda
699 1235 13 20 &
727 1233 253 28 tidningsreferenternes

160 1263 81 26 vägnar
256 1262 79 28 gjorda
350 1262 105 28 begäran;
472 1262 84 22 hvartill
573 1262 101 22 svarades
690 1262 42 28 nej.

232 1318 42 22 Vid
291 1319 53 21 1863
360 1319 35 21 års
410 1318 103 29 landtdag
531 1319 54 21 hade
601 1320 149 27 ridderskapet
766 1318 39 21 och
821 1318 63 21 adeln
898 1318 82 21 förord-

159 1349 37 19 nat
211 1349 32 19 att
259 1347 49 21 dess
324 1347 138 28 protokoller,
479 1348 55 21 efter
549 1348 153 28 undergängen
718 1348 89 27 behörig
823 1347 114 27 justering,
952 1348 29 26 pä

159 1376 98 21 anmälan
279 1376 38 21 hos
341 1375 263 23 riddarhussekreteraren
627 1377 39 20 och
684 1376 49 21 med
756 1376 81 20 dennes
853 1375 127 28 begifvande

159 1404 69 21 skulle
250 1410 53 15 vara
324 1404 133 28 tillgängliga
472 1404 33 22 för
520 1405 55 27 dem,
595 1412 46 14 som
656 1404 96 21 önskade
767 1406 51 26 taga
833 1405 97 19 närmare
946 1404 34 20 del

159 1433 23 21 af
195 1432 110 21 desamma
328 1434 55 20 samt
404 1434 32 20 att
452 1433 63 22 äfven
533 1434 88 20 kortare
636 1434 104 20 referater
754 1432 113 29 angäende
883 1431 97 21 ständets

158 1461 161 27 förhandlingar
333 1461 57 27 finge
406 1461 45 21 frän
463 1462 91 20 kansliet
565 1462 68 21 under
643 1462 160 20 sekreterarens
816 1460 102 21 inseende
928 1460 51 20 lem-

159 1496 38 14 nas
213 1489 56 28 dem,
284 1496 45 14 som
341 1490 81 20 sädana
432 1490 105 28 önskade;
552 1490 51 21 herr
613 1490 197 21 landtmarskalken
821 1488 159 22 öfverlemnade
