1078 1700
833 85 40 21 503

81 141 66 26 bank,
164 147 47 14 som
225 140 39 20 bör
279 140 77 28 utgöra
378 140 41 20 den
442 139 108 29 egentliga
573 140 150 21 affärsbanken
747 140 40 21 och
803 148 45 13 som
863 141 40 21 bör

80 169 103 21 förvaltas
199 168 145 28 fullkomligen
360 168 163 28 affärsmessigt,
540 168 48 21 icke
603 168 42 21 kan
656 169 83 25 skötas,
756 171 51 19 utan
818 170 33 20 att
862 169 41 21 den

80 198 133 27 intelligenta
236 196 40 22 och
299 204 33 13 om
355 196 193 28 affärsställningen
568 197 7 20 i
591 197 73 21 landet
687 197 95 28 kunniga
804 197 62 21 delen
882 198 23 20 af

80 225 153 22 affärsverlden
249 224 45 22 deri
308 225 32 21 fär
356 225 92 27 deltaga.
480 225 81 21 Sädant
578 225 53 27 kan,
654 232 35 14 om
705 226 40 20 den
762 226 77 27 nädiga
854 232 48 21 pro-

80 254 133 28 positionen,
231 253 49 21 med
295 254 51 20 eller
362 255 50 19 utan
429 254 26 20 de
471 254 23 20 af
507 254 107 20 utskottet
637 254 122 27 föreslagna
782 254 120 27 ändringar,

80 285 97 25 antages,
193 282 47 21 icke
256 289 40 21 ega
308 289 52 20 rum,
373 284 23 25 ty
409 282 25 20 de
445 282 140 27 fullmäktige,
597 288 45 16 som
654 282 116 21 ständerna
777 290 29 13 nu
816 282 86 22 komma

80 313 31 19 att
127 311 88 27 utvälja,
230 310 72 21 kunna
317 310 68 28 aldrig
401 317 40 21 ega
457 310 26 21 de
499 310 170 28 gvalifikationer
688 318 45 14 som
749 311 70 21 härtill
835 310 67 22 erfor-

80 340 56 26 dras,
159 340 52 20 enär
234 339 26 21 de
275 338 47 22 icke
338 339 72 21 kunna
428 346 40 20 ega
491 340 64 26 nägot
574 339 104 27 egentligt
694 340 90 20 intresse
800 339 35 21 vid
850 340 52 20 ban-

80 368 53 21 kens
149 367 159 28 affärsmessiga
323 367 135 27 förvaltning.
489 367 66 21 Detta
571 367 91 21 intresse
678 368 42 20 kan
731 367 75 21 endast
817 369 85 26 uppstä,

81 404 34 13 om
131 396 31 20 till
178 396 150 21 förstärkande
343 396 23 20 af
380 396 95 21 bankens
491 396 162 28 rörelsekapital
669 398 31 18 ett
716 397 68 20 större
797 396 58 21 antal
866 403 36 14 en-

81 424 69 22 skilda
165 424 123 22 aktionärer
303 424 70 21 blefve
394 424 99 28 delegare
509 424 6 20 i
531 424 84 21 banken
634 424 40 21 och
689 431 78 21 genom
783 424 46 21 sina
845 424 57 21 dele-

80 453 80 27 gerade
176 452 71 22 kunde
262 452 90 22 inverka
367 453 27 27 pä
409 453 48 20 dess
473 453 142 27 operationer.

149 482 11 20 I
176 481 48 21 stöd
239 482 23 20 af
276 482 35 20 det
326 481 90 21 anförda
438 482 66 26 vågar
517 482 38 26 jag
571 481 109 21 vördsamt
695 481 89 27 föreslå,
803 484 32 18 att
850 482 52 27 hög-

80 510 72 21 lofliga
168 509 148 28 ridderskapet
332 510 40 20 och
388 510 62 20 adeln
466 510 65 20 mätte
547 510 33 20 för
596 510 69 20 denna
680 510 56 27 gäng
752 510 75 27 afböja
842 512 60 18 anta-

80 517 81 49 gandet
176 538 23 21 af
213 538 41 20 den
277 538 76 27 nädiga
376 538 169 27 propositionen,
568 540 55 18 samt
638 538 7 20 i
661 538 37 20 det
716 545 48 14 svar
788 538 114 28 höglofliga

81 567 86 21 ständet
181 567 6 20 i
204 566 170 28 underdänighet
390 567 95 20 kommer
500 568 32 19 att
548 566 89 28 afgifva,
649 566 38 21 hos
698 566 28 21 H.
739 566 26 21 K.
778 566 101 29 Majestät
895 567 6 20 i

81 595 171 28 underdänighet
268 595 116 21 framställa
400 596 70 20 säsom
487 595 168 28 önskningsmäl:

151 625 32 20 1:o
212 626 31 18 att
263 624 104 27 primitiva
382 623 77 22 fonden
475 623 56 28 finge
547 623 131 22 fortfarande
693 623 110 21 användas
818 623 31 21 till
865 630 37 14 un-

81 652 153 28 derhjelpande
257 652 23 21 af
297 652 216 28 jordbrukskrediten
536 652 40 21 och
595 654 31 19 att
645 651 27 21 H.
689 651 25 21 K.
731 652 101 28 Majestät
855 653 46 20 vär-

81 681 37 20 des
134 681 43 21 låta
193 681 132 26 undersöka,
341 681 54 20 huru
411 681 70 20 denna
496 680 70 21 kredit
585 680 66 21 borde
671 681 134 27 organiseras
821 680 34 21 för
870 681 32 20 att

81 710 64 20 vinna
161 709 41 21 den
218 709 154 27 utsträckning,
388 716 45 14 som
449 709 34 20 för
499 709 36 20 det
552 709 89 21 afsedda
656 709 120 20 ändamålet
786 708 115 27 erfordras;

150 739 34 20 2:o
207 739 32 19 att
254 737 28 21 H.
299 738 26 22 K.
342 738 101 27 Majestät
462 737 83 21 täcktes
563 737 44 21 låta
622 737 99 21 utarbeta
736 744 26 14 en
777 737 125 28 fullständig

81 766 94 27 banklag
190 765 48 22 med
253 766 126 21 dithörande
394 766 131 27 reglemente
541 766 6 20 i
563 765 36 22 det
614 765 67 28 syfte,
700 767 31 19 att
750 765 48 22 med
816 765 85 21 banken

81 794 56 28 finge
153 795 85 20 förenas
254 795 96 20 enskilda
366 795 133 27 aktieegare;

150 824 34 20 3:o
207 825 32 18 att
255 823 308 27 privatbanks-lagstiftningen
575 822 170 21 underkastades
764 829 26 14 en
809 822 91 21 revision

80 852 7 19 i
102 851 99 21 ändamål
216 853 32 19 att
263 851 121 21 underlätta
402 851 133 21 inrättandet
553 851 22 21 af
589 851 159 27 privatbanker,
771 850 56 21 dock
849 852 51 19 utan

81 879 229 28 sedelutgifningsrätt;

149 910 56 19 samt
220 910 32 19 att
267 908 30 20 till
313 908 162 21 nästinfallande
490 907 103 28 landtdag
606 907 43 22 låta
666 907 110 28 förelägga
787 907 115 21 ständerna

80 937 78 27 nädiga
173 937 157 27 propositioner
344 937 7 20 i
367 937 90 20 nämnde
473 936 143 21 hänseenden.

150 965 56 20 Herr
221 965 104 26 Linder,
340 965 36 20 E.:
391 965 51 20 Med
455 965 114 26 anledning
579 965 23 20 af
611 965 49 20 herr
671 965 119 20 Snellmans
801 963 101 28 yttrande

80 1000 63 14 anser
156 994 39 27 jag
210 994 49 27 mig,
275 993 69 21 säsom
354 993 91 21 medlem
461 993 22 21 af
496 993 176 27 bankutskottet,
683 993 85 27 skyldig
780 994 31 19 att
821 992 81 27 afgifva

80 1021 41 21 den
136 1022 128 27 förklaring,
280 1024 40 23 att,
337 1022 69 21 sävidt
420 1022 38 27 jag
473 1022 38 20 har
526 1022 43 27 mig
581 1021 90 26 bekant,
682 1021 107 21 utskottet
800 1020 49 21 med
860 1020 41 21 den

80 1050 65 26 strof,
163 1057 46 14 som
230 1050 48 21 herr
297 1050 107 21 Snellman
423 1051 6 20 i
449 1050 76 27 början
540 1050 23 21 af
577 1050 37 20 sitt
629 1049 137 28 andragande
782 1051 118 24 omnämnt,

80 1078 115 27 ingalunda
211 1079 79 27 äsyftat
305 1079 65 27 något
385 1078 89 21 klander
489 1080 58 19 emot
562 1077 26 22 de
604 1078 108 27 åtgärder,
724 1077 72 21 hvilka
806 1077 49 21 med
866 1084 35 14 an-

79 1107 88 28 ledning
189 1107 24 20 af
232 1107 167 28 myntreformen
422 1107 107 27 vidtagits.
562 1106 114 21 Utskottet
698 1106 38 21 har
757 1107 27 26 pä
802 1106 37 21 det
857 1112 43 14 am-

80 1136 69 27 plaste
165 1136 76 20 erkänt
256 1136 178 27 myntreformens
450 1135 129 28 välgörande
595 1135 137 27 verkningar,
748 1135 41 20 och
799 1136 32 19 att
842 1134 59 21 detta

79 1164 101 27 yttrande
196 1164 38 20 här
249 1164 88 27 influtit,
353 1164 85 21 bevisar
453 1164 67 27 enligt
535 1164 44 20 min
594 1164 55 27 äsigt
664 1164 110 27 ingenting
788 1164 74 25 annat,
874 1164 26 19 än

79 1192 56 21 hvad
150 1192 7 21 i
173 1192 117 21 detsamma
306 1193 130 27 ordagrannt
452 1193 53 25 stär,
521 1192 106 28 nemligan
644 1194 31 18 att
690 1192 106 20 utskottet
806 1191 48 21 icke
864 1198 37 14 an-

79 1222 43 19 sett
137 1221 33 27 sig
186 1221 52 21 böra
252 1221 50 27 ingä
317 1221 6 21 i
340 1222 69 26 nägon
425 1220 133 28 granskning
573 1221 23 20 af
609 1220 63 21 dessa
686 1220 111 27 ätgärder,
811 1219 89 21 emedan

79 1248 37 21 det
135 1249 48 21 icke
201 1256 37 14 var
256 1249 125 27 kompetent
396 1249 76 21 dertill.
502 1249 101 21 Rörande
619 1249 26 20 de
661 1248 176 27 anmärkningar,
855 1254 44 14 som

79 1277 50 21 herr
145 1277 143 21 Schatelovitz
303 1278 114 21 framställt
432 1279 57 19 emot
505 1278 117 20 utskottets
637 1277 89 27 förslag,
738 1283 62 14 anser
809 1276 38 28 jag
857 1276 43 27 mig

78 1306 53 20 böra
154 1308 58 25 yttra
230 1306 43 20 min
292 1306 64 28 äsigt,
376 1306 26 21 dä
421 1306 19 20 vi
459 1306 6 20 i
485 1306 149 20 diskussionen
653 1306 86 20 komma
754 1304 31 21 till
802 1304 26 21 de
844 1304 56 21 olika

79 1334 103 27 punkter,
201 1334 71 21 hvilka
291 1334 49 21 herr
359 1334 143 22 Schatelovitz
520 1334 7 21 i
546 1335 37 20 sitt
599 1333 137 28 andragande
752 1333 79 21 berört.
861 1333 40 19 Att

78 1362 49 21 herr
147 1362 149 22 Schatelovitz'
316 1363 136 27 andragande
462 1363 6 20 i
479 1363 32 20 sin
527 1362 72 21 helhet
615 1362 47 21 icke
678 1362 52 20 skall
746 1361 49 21 leda
809 1360 90 26 derhän,

78 1392 32 19 att
126 1390 86 22 ständet
226 1391 108 21 förkastar
350 1391 40 21 den
407 1398 28 14 nu
450 1391 149 27 föreliggande
610 1390 170 28 propositionen,
792 1390 74 20 derom
876 1390 24 20 är

75 1419 40 27 jag
130 1419 130 27 öfvertygad
282 1419 40 21 och
338 1426 63 14 anser
418 1420 43 27 mig
476 1419 85 21 derföre
575 1426 29 14 nu
619 1419 48 21 icke
682 1418 94 21 behöfva
790 1419 59 26 yttra
864 1417 36 21 nä-

77 1449 39 25 got
131 1447 80 21 vidare.

147 1475 100 21 Friherre
264 1482 49 15 von
329 1475 80 21 Troil:
426 1475 43 28 Jag
484 1476 23 20 är
522 1475 46 21 helt
583 1475 39 21 och
634 1474 66 22 hället
714 1474 149 21 förekommen
878 1474 24 20 af
