1078 1700
821 91 41 21 349

70 148 92 20 skottets
177 148 138 20 betänkande
336 148 48 21 icke
403 148 66 20 borde
487 148 22 20 få
525 154 40 21 ega
579 154 57 20 rum,
659 148 70 20 såsom
744 147 102 21 afseende
861 149 32 19 ett

69 176 140 21 användande
225 177 23 20 af
260 178 84 18 statens
360 176 79 26 medel,
455 176 40 20 och
506 175 109 21 hemställt
625 175 31 21 till
668 176 50 26 mig,
729 175 104 21 huruvida
843 182 49 21 pro-

85 205 77 20 osition
179 204 71 21 kunde
269 204 129 21 framställas
414 205 6 20 i
437 204 60 21 detta
515 206 68 18 ämne.
613 203 42 28 Jag
671 204 38 20 ber
724 203 84 22 derföre
824 206 32 18 att
871 204 21 21 få

79 232 92 28 örklara,
187 235 31 18 att
231 233 37 27 jag
283 232 35 21 för
332 233 44 20 min
392 233 34 21 del
441 232 48 21 icke
505 232 38 21 har
558 232 69 21 funnit
643 232 64 27 något
718 232 173 28 grundlagsstad-

69 261 79 27 gande,
165 268 45 14 som
225 261 111 27 förbjuder
351 260 121 22 diskussion
491 260 91 21 rörande
598 262 31 19 ett
645 260 94 21 utskotts
755 260 137 22 betänkande

69 290 40 20 och
125 290 47 20 icke
187 289 67 21 heller
268 290 76 27 något,
363 290 139 27 hvarigenom
515 289 39 27 jag
569 288 68 21 skulle
652 296 52 13 vara
718 288 123 22 förhindrad
860 291 32 19 att

68 317 118 21 framställa
201 318 132 27 proposition
352 318 90 20 rörande
462 324 27 14 en
504 317 69 27 punkt
588 317 7 20 i
610 319 31 19 ett
656 317 76 21 sådant
747 317 144 21 betänkande.

69 346 43 20 Det
129 348 22 18 är
167 346 101 28 naturligt
284 348 40 25 att,
346 346 27 20 dä
388 348 32 19 ett
435 346 84 20 utskott
537 345 97 21 kommer
648 346 21 20 in
685 346 49 20 meä
753 347 33 19 ett
800 346 91 27 förslag,

69 375 24 20 så
107 375 68 20 måste
192 374 36 21 det
246 374 131 27 diskuteras,
398 374 39 21 och
457 374 36 21 det
511 374 71 20 tillhör
601 373 150 28 ridderskapet
770 374 39 21 och
829 374 62 21 adeln

70 404 32 19 att
117 402 85 28 afgöra,
218 402 104 22 huruvida
338 403 86 21 ståndet
438 402 62 28 gillar
515 402 36 21 det
567 402 136 21 betänkande
714 402 106 21 utskottet
831 402 61 28 afgif-

69 431 31 20 vit
124 432 51 20 eller
197 432 107 20 förkastar
327 432 42 20 det.
400 431 88 21 Tvenne
504 432 78 25 talare,
601 430 82 22 hvilkas
699 431 81 27 åsigter
793 432 38 27 jag
845 431 47 21 full-

71 459 90 28 komligt
183 460 67 28 gillar,
273 460 65 20 hafva
360 459 66 21 redan
443 459 120 27 framställt,
580 461 32 19 att
628 459 148 21 diskussionen
792 460 38 20 här
845 460 47 20 icke

70 488 56 21 afser
141 489 65 27 något
221 488 79 27 beslut,
316 488 92 21 rörande
419 488 140 20 användande
575 488 23 20 af
611 489 81 19 statens
703 488 80 26 medel,
799 490 50 19 utan
860 490 32 18 ett

70 516 76 27 vilkor,
163 524 45 13 som
224 516 115 21 ständerna
354 517 68 20 utfäst
437 516 32 21 för
480 516 121 28 beviljande
612 516 23 20 af
644 516 74 28 anslag
728 516 30 20 till
770 516 122 21 donations-

71 544 138 22 hemmanens
223 545 89 21 inlösen.

138 573 60 21 Härå
213 573 131 28 framställde
360 575 49 20 herr
425 573 142 22 ordföranden
583 573 94 28 följande
692 573 142 28 proposition:

139 601 145 26 »Godkänner
307 603 150 27 ridderskapet
475 603 39 20 och
536 602 71 25 adeln,
628 602 6 20 i
653 602 94 27 enlighet
768 602 49 21 med
836 603 56 20 hvad

70 630 107 21 utskottet
194 631 109 27 tillstyrkt,
320 631 68 28 fjerde
403 633 118 18 momentet
537 631 24 20 af
573 630 163 28 ifrågavarande
751 631 78 27 nådiga
844 637 48 21 pro-

71 659 109 27 position?

139 703 10 10 ,»
152 687 82 21 Vinner
249 688 41 27 nej,
306 688 105 26 förordas,
428 690 30 19 att
474 688 27 21 de
516 688 23 21 af
552 688 82 21 kronan
646 687 78 22 inlösta
738 688 154 27 lägenheterna

70 715 60 21 skola
146 716 78 21 erhålla
240 716 148 21 frälsenatur''.

138 744 47 21 Den
203 744 71 21 härom
290 745 106 21 anställda
411 745 124 28 voteringen
552 745 61 20 utföll

273 773 6 20 i
297 775 54 19 1:sta
368 774 28 20 kl.
412 774 49 21 med
491 775 12 20 8
517 774 23 27 ja
556 773 40 22 och
611 774 13 20 4
639 773 45 28 nej,

273 802 6 20 i
296 802 60 21 2:dra
376 819 12 10 +
432 819 11 9 »
478 803 57 25 115
569 819 12 8 9
650 819 12 8 »

274 831 6 20 i
296 830 56 28 3:dje
382 847 6 9 ,
433 847 11 9 »
477 832 58 24 27»
569 847 12 9 »
612 831 49 25 I»

139 858 58 21 Enär
209 859 23 27 ja
248 859 89 20 sålunda
352 860 85 27 vunnit,
448 859 133 21 förklarades
592 859 68 28 fjerde
674 861 118 19 momentet
802 859 23 20 af
834 859 57 20 stån-

71 886 35 21 det
122 888 94 26 antaget.

139 915 99 21 Friherre
254 915 84 28 Boije:
361 916 43 28 Jag
414 916 94 21 anhåller
517 919 31 18 att
557 917 30 20 till
597 916 161 28 ridderskapets
768 916 38 21 och
817 915 74 21 adelns

69 943 108 27 protokoll
192 943 21 21 få
228 944 105 28 nedlägga
352 945 44 20 min
415 945 132 21 reservation
566 948 58 17 emot
639 945 97 20 ståndets
759 951 28 14 nu
810 944 81 21 fattade

69 971 80 28 beslut,
174 972 88 21 emedan
276 973 39 28 jag
337 980 70 20 anser,
423 976 32 18 att
470 973 149 28 ridderskapet
634 974 40 20 och
689 973 62 21 adeln
768 973 123 27 derigenom

68 1000 106 21 försvårat
190 1001 110 28 lösningen
316 1002 22 20 af
352 1001 141 22 förevarande
508 1002 67 28 fråga.

137 1028 10 21 I
164 1029 68 21 denna
248 1031 132 20 reservation
398 1030 103 21 förenade
517 1031 42 27 sig:
577 1031 74 27 grefve
667 1030 93 21 Armfelt
775 1031 54 20 samt
845 1029 47 21 her-

67 1064 63 14 rarne
147 1057 156 29 Schatelovitz,
319 1059 164 27 Björkenheim,
500 1059 33 27 R.,
549 1059 23 21 af
585 1059 119 27 Forselles,
724 1059 32 24 O.,
772 1059 22 20 af
808 1058 84 21 Forsel-

67 1085 42 27 les,
125 1085 31 27 L.,
173 1093 41 14 von
230 1086 67 21 Dehn
314 1088 39 20 och
368 1087 87 27 Linder,
473 1087 24 21 E.

137 1114 58 21 Enär
210 1115 57 21 tiden
283 1116 65 21 redan
365 1116 132 21 framskridit
512 1116 31 21 till
559 1115 27 22 kl.
602 1117 13 20 2
631 1123 17 14 e.
659 1123 35 20 m.,
710 1115 122 21 förklarade
843 1115 50 21 herr

68 1142 143 22 ordföranden
227 1144 167 21 sammanträdet
410 1145 113 27 afslutadt;
540 1144 39 22 och
596 1145 68 21 skulle
675 1145 49 21 med
735 1144 156 27 behandlingen

68 1171 23 20 af
103 1172 76 27 frågan
195 1172 111 21 fortsättas
322 1173 28 21 kl.
368 1173 46 21 half
427 1174 30 20 till
473 1180 39 14 sex
528 1180 18 14 e.
563 1180 26 14 m.

672 1215 22 15 In
707 1214 63 16 fidem:

591 1253 73 21 Victor
679 1254 26 20 de
720 1253 22 21 la
758 1252 105 28 Chapelle.

295 1372 98 27 Samma
414 1374 48 32 dag
479 1373 34 26 kl.
531 1373 50 33 :/,6
600 1381 18 19 e.
636 1380 31 19 m.

137 1428 79 22 Grefve
240 1429 77 21 Creutz
340 1430 61 21 förde
424 1430 133 21 fortfarande
578 1430 62 22 ordet
666 1430 39 22 och
732 1430 132 22 framställde
888 1431 6 20 i

67 1457 115 28 anledning
196 1458 22 20 af
235 1458 40 21 den
296 1459 67 21 under
385 1459 148 27 förmiddagen
552 1459 61 21 förda
633 1459 151 21 diskussionen
799 1459 95 27 följande

67 1486 144 28 proposition:
