1078 1700
195 92 41 21 226

167 148 64 22 herre
250 148 28 22 de
292 148 21 21 la
328 147 113 29 Chapelles
463 147 147 28 andragande,
625 148 33 20 att
680 147 105 21 svarande
801 148 76 27 parten
892 147 76 21 vunnit
982 146 7 22 i

168 177 122 27 underrätt,
308 176 38 22 der
365 176 41 21 han
425 176 38 20 har
481 176 55 21 varit
551 176 7 20 i
573 176 82 20 tillfälle
670 177 32 19 att
716 176 87 21 bemöta
817 176 119 26 käranden,
952 183 37 14 an-

168 206 94 21 nullerar
279 206 49 21 icke
345 204 49 22 mitt
412 204 127 28 påstående,
556 206 32 20 att
607 204 41 22 den
666 204 59 21 förra
740 205 63 21 äfven
818 204 67 21 borde
900 206 67 20 sättas
983 204 6 21 i

168 234 82 22 tillfälle
266 236 32 19 att
313 234 87 21 bemöta
414 233 95 21 kärande
524 235 88 27 partens
628 233 137 28 andragande
775 234 7 20 i
793 234 66 27 högre
874 234 50 20 rätt.
947 233 43 28 Jag

169 262 38 22 har
221 262 115 22 framhållit
352 262 42 22 den
409 262 90 22 rättvisa
513 262 123 28 pretention
652 268 45 15 som
713 264 56 19 ännu
786 262 97 28 qvarstår
896 262 34 21 för
943 269 46 14 sva-

169 291 87 22 randen.

237 320 58 22 Herr
310 319 121 22 Blåfield:
454 319 75 21 Under
543 319 163 21 återhemtande
721 319 23 21 af
758 319 49 21 herr
822 319 116 21 Järnefelts
953 326 36 14 an-

168 348 62 22 förda
244 348 132 22 reservation
392 348 7 21 i
414 348 154 28 lagutskottets
583 348 146 26 betänkande,
745 348 39 21 ber
794 348 38 28 jag
843 350 32 19 att
883 343 22 38 få
915 348 75 21 förena

168 378 45 28 mig
227 378 49 21 med
292 377 50 21 herr
356 377 103 28 Pipping,
473 377 68 27 jemte
557 376 36 21 det
607 377 38 27 jag
659 376 33 22 får
706 376 89 28 tillägga
810 378 41 26 att,
866 377 7 21 i
888 376 102 22 händelse

169 406 105 22 svarande
306 408 60 19 parten
382 412 63 14 anses
461 405 140 28 ovilkorligen
618 406 51 20 böra
684 405 81 21 infinna
780 406 32 27 sig
827 406 28 27 på
864 405 126 21 inställelse-

169 434 79 29 dagen,
270 434 84 22 tillfälle
377 434 66 21 borde
466 434 61 21 äfven
547 434 90 21 beredas
656 434 78 21 honom
753 436 32 19 att
802 434 46 21 före
865 433 125 22 inställelse-

169 463 69 29 dagen
260 464 22 21 få
304 463 84 22 bevaka
411 463 32 21 sin
465 462 165 22 svarandetalan
647 462 7 21 i
673 462 82 22 sådana
777 462 42 22 mål
842 470 46 14 som
905 469 29 15 nu
953 464 37 19 äro

168 492 7 21 i
239 499 19 14 fråga.

211 493 84 49 Peo
313 528 48 14 von
379 520 78 22 Born:
483 520 74 21 Såsom
576 520 125 28 ytterligare
719 520 49 21 stöd
783 520 32 21 för
831 520 56 21 hvad
900 520 38 28 jag
952 519 39 21 har

169 549 108 30 andragit,
296 550 39 21 ber
350 550 38 28 jag
407 551 32 20 att
457 549 21 21 få
495 549 89 28 tillägga
602 550 31 20 att
650 548 135 29 fataljetiden
803 548 6 22 i
827 549 51 21 våra
896 549 59 28 lagar
971 549 19 28 ej

168 575 68 57 gäller
253 579 55 20 blott
326 579 33 20 för
377 579 41 20 den
437 578 103 25 sökande,
557 580 52 19 utan
625 578 39 21 ock
682 578 33 21 för
730 578 42 21 den
788 577 104 22 svarande
907 580 83 25 parten.

192 609 23 19 är
234 609 23 19 är
275 607 47 22 icke
341 607 61 28 fråga
421 614 34 14 om
474 609 31 18 att
523 607 89 28 utvidga
631 607 57 20 tiden
706 606 34 21 för
758 607 41 20 den
817 607 105 26 sökande;
941 613 49 14 men

169 636 68 21 skulle
255 635 49 22 herr
322 635 104 29 Pippings
444 635 81 28 förslag
539 635 7 21 i
562 637 72 19 ämnet
652 637 99 26 antagas,
770 636 24 20 sä
811 635 55 21 hade
885 635 40 21 den
943 642 47 14 sva-

169 665 66 21 rande
251 667 75 25 parten
342 664 87 28 mycket
443 665 74 27 längre
532 663 107 29 fataljetid
654 665 26 20 än
696 663 41 22 den
754 664 104 27 sökande,
870 664 40 21 han
922 663 68 22 skulle

169 693 31 21 uti
222 693 146 21 revisionsmä]
388 693 7 20 i
414 693 115 28 kejserliga
545 694 89 19 senaten
653 692 64 21 hafva
735 693 27 21 22
780 693 66 20 dagar
861 693 129 26 derutöfver,

168 721 69 22 under
260 721 86 22 hvilken
369 721 31 22 tid
422 721 177 28 skriftvexlingen
622 721 56 28 finge
695 721 77 28 fortgä.
795 696 75 58 Detta
889 728 49 14 vore
957 721 33 21 väl

169 750 129 29 fullkomligt
316 751 171 28 principvidrigt,
507 750 85 21 derföre
611 750 75 28 tycker
698 750 39 28 jag
752 752 32 19 att
799 750 26 21 de
841 750 23 21 af
877 750 49 21 herr
940 749 50 28 Pip-

169 779 52 28 ping
234 779 123 28 &beropade
373 779 46 21 skäl
433 779 48 20 icke
497 779 55 21 hälla
571 778 78 22 streck.

237 807 58 22 Herr
310 807 123 29 Pipping,
448 807 92 21 Fridolf:
556 807 83 21 Herrar
654 807 117 22 Järnefelts
787 807 40 22 och
842 807 100 21 Bläfields
958 814 32 15 re-

169 837 108 20 servation
296 839 46 18 mot
361 836 116 21 utskottets
496 836 137 21 betänkande
651 836 38 21 har
707 836 62 28 gifvit
788 836 114 28 anledning
918 836 30 21 till
964 843 26 14 en

169 865 133 27 diskussion,
318 865 106 21 huruvida
438 872 77 21 genom
531 871 26 14 en
573 865 124 28 förändring
712 865 23 20 af
748 872 28 13 nu
792 865 97 27 gällande
905 865 35 28 lag
950 865 40 20 den

169 893 106 22 svarande
293 896 87 25 partens
400 895 43 20 rätt
458 893 47 22 icke
521 900 52 14 vore
588 893 44 22 lika
646 893 34 21 väl
695 893 143 28 tillgodosedd
853 900 45 14 som
914 894 76 21 sökan-

169 922 59 21 dens.
258 922 63 21 Hvad
341 923 126 27 isynnerhet
485 922 102 21 beträffar
605 923 53 20 mäls
675 922 132 28 fullföljande
822 923 6 20 i
844 922 146 28 revisionsväg

168 951 39 21 hos
225 950 28 21 H.
273 951 27 21 K.
320 951 111 28 Majestät,
453 951 70 21 sävidt
545 951 37 20 det
601 951 65 28 angär
686 951 26 21 10
727 951 12 28 &
755 952 27 21 30
801 951 48 28 kap.
866 951 25 21 R.
908 951 32 27 B.,
956 958 33 14 om

168 980 64 20 hvars
248 979 90 28 ändring
353 980 39 21 här
407 981 23 20 är
445 979 70 28 fräga,
531 980 24 20 sä
569 979 90 22 föresläs
669 980 7 20 i
687 979 42 22 den
742 980 77 27 nädiga
829 979 160 29 propositionen

169 1008 66 21 sädan
254 1008 99 28 ändring,
370 1010 31 19 att
420 1008 36 21 det
471 1008 48 21 icke
532 1009 35 20 mä
583 1015 52 14 vara
650 1010 47 26 part
712 1009 87 28 betaget
815 1011 32 19 att
861 1008 82 21 infinna
958 1009 32 28 sig

168 1037 63 21 äfven
246 1037 47 21 före
308 1037 151 28 fataljedagen.
489 1037 49 21 Den
554 1037 120 28 åberopade
692 1038 26 20 10
734 1038 11 27 8
760 1038 28 21 30
803 1037 49 28 kap.
868 1037 26 21 R.
910 1037 24 20 B.
946 1037 44 28 gäl-

167 1065 32 21 ler
221 1065 48 22 icke
291 1066 90 21 allenast
400 1065 120 28 sökanden,
539 1067 52 20 utan
611 1066 61 21 äfven
691 1066 125 21 svaranden.
848 1065 81 22 Genom
949 1065 41 22 den

168 1094 73 28 nädigt
261 1094 121 29 föreslagna
400 1094 154 28 förändringen
570 1094 23 21 af
606 1095 163 28 lagstadgandet
788 1095 68 21 skulle
872 1094 117 21 svaranden

166 1123 23 21 få
203 1123 69 27 precis
292 1130 80 14 samma
391 1125 44 19 rätt
453 1130 46 14 som
519 1123 117 22 sökanden.
666 1124 44 21 Det
725 1125 23 20 är
763 1124 107 28 nemligen
885 1123 35 21 vid
936 1123 54 21 slika

167 1152 53 20 mäls
242 1152 134 28 fullföljande
398 1152 47 21 icke
468 1152 55 21 inför
545 1152 43 21 den
612 1152 76 28 högsta
706 1153 129 27 domstolen,
854 1154 49 20 utan
919 1152 6 21 i
941 1152 49 21 dess

167 1180 217 28 registratorskontor
402 1188 46 14 som
465 1181 83 28 inlagor
567 1181 40 21 och
625 1181 127 28 handlingar
769 1181 93 28 ingifvas
878 1181 22 21 af
914 1181 75 21 sökan-

167 1208 40 22 den
222 1209 58 21 inom
296 1210 41 20 den
354 1210 77 21 120:de
447 1209 79 29 dagen,
543 1209 27 21 dä
586 1210 64 21 ocksä
666 1210 119 21 svaranden
800 1210 39 21 bör
853 1210 85 21 komma
949 1210 40 20 till-

166 1238 83 27 städes,
265 1238 33 21 för
314 1240 31 19 att
360 1238 79 21 bevara
455 1238 32 21 sin
503 1238 174 28 svarandetalan,
693 1239 41 21 och
748 1246 51 21 eger
813 1239 43 21 han
872 1238 65 22 sedan
953 1238 36 22 be-

165 1268 59 20 möta
242 1269 133 25 motpartens
394 1266 199 28 ändringsansökan
613 1267 67 21 under
698 1268 74 28 loppet
790 1267 23 21 af
826 1268 27 20 22
869 1267 72 28 dagar,
958 1268 31 20 sä-

165 1294 59 22 ledes
246 1296 66 27 enligt
335 1296 41 20 den
395 1296 74 28 nädigt
487 1296 123 28 föreslagna
628 1296 117 28 ändringen
764 1296 62 22 äfven
842 1296 66 26 förut,
924 1298 14 19 t.
955 1302 33 15 ex.

166 1323 42 21 den
223 1325 70 20 21:sta
308 1324 75 28 dagen.
414 1324 139 22 Beträffande
569 1324 134 29 följaktligen
718 1326 53 20 måls
786 1324 134 28 fullföljande
935 1324 6 21 i
957 1331 32 14 re-

165 1352 123 29 visionsväg
303 1353 39 21 hos
358 1352 28 22 H.
402 1352 28 22 K.
446 1353 103 28 Majestät
567 1355 24 19 är
607 1353 36 21 det
657 1354 48 21 icke
721 1354 129 27 svaranden,
866 1354 70 20 säsom
952 1354 37 20 nä-

164 1388 40 20 gra
222 1382 24 20 af
262 1382 97 20 ständets
378 1381 139 22 medlemmar
536 1382 58 21 velat
609 1382 71 28 pästä,
696 1382 88 28 betaget
799 1384 31 20 att
845 1382 45 21 före
906 1382 83 28 fatalje-

165 1410 70 27 dagen
253 1410 85 21 inställa
356 1410 39 28 sig.
426 1410 63 22 Hvad
508 1411 47 21 åter
573 1412 68 27 angår
658 1411 92 28 vädjade
766 1411 53 21 måls
834 1410 133 28 fullföljande
982 1410 6 21 i

163 1438 91 28 hofrätt,
274 1440 24 20 är
315 1446 82 14 samma
416 1439 43 28 dag
478 1446 45 14 som
539 1439 58 21 förut
613 1440 70 21 dertill
698 1440 107 27 bestämd,
822 1440 39 21 och
877 1440 50 20 sker
941 1439 47 21 full-

163 1466 104 29 följandet
290 1467 62 22 äfven
375 1468 39 20 här
432 1468 48 21 icke
499 1468 56 21 inför
573 1468 93 22 sittande
685 1468 81 22 hofrätt
784 1470 51 20 utan
855 1468 27 28 på
898 1468 89 22 arkivet.

163 1495 50 23 Den
228 1498 82 20 utsatta
325 1496 58 22 tiden
399 1496 33 22 för
448 1496 179 29 skriftvexlingen
644 1498 46 21 åter
706 1499 23 20 är
743 1498 48 21 icke
801 1499 32 19 att
844 1504 63 14 anses
918 1497 69 21 såsom
