1078 1700
842 90 41 21 319

94 148 70 28 gällde
189 148 26 21 de
238 148 146 27 obligationer,
401 154 44 14 som
464 148 97 20 utställas
579 148 32 20 till
626 147 155 21 donatarierna.
811 147 44 21 För
869 148 43 21 min

94 177 35 21 del
152 179 45 18 tror
216 177 38 27 jag
268 177 92 27 knappt,
376 178 32 19 att
426 176 125 21 ständernas
572 176 86 28 mening
678 176 103 27 någonsin
800 176 43 20 kan
861 183 51 15 vara

94 205 71 21 sådan.

163 234 98 21 Friherre
277 240 46 14 von
339 234 79 20 Born:
436 233 47 21 Den
499 233 24 21 af
535 233 44 27 mig
589 233 121 27 föreslagna
720 233 113 21 redaktion
844 233 68 21 skulle

94 262 128 28 fullkomligt
237 264 109 19 motsvara
359 262 118 21 utskottets
492 261 138 29 uppfattning
645 262 23 20 af
682 262 75 26 saken,
772 263 23 26 ty
805 262 107 21 utskottet

94 292 39 20 har
154 291 104 27 förordat,
278 293 32 18 att
332 290 60 21 detta
407 290 118 27 stadgande
545 290 54 21 skall
617 290 76 21 endast
712 290 56 28 gälla
783 291 13 20 5
811 293 101 25 procents

94 320 140 27 obligationer
249 320 51 20 eller
313 320 46 27 just
374 320 58 26 dem,
449 319 72 21 hvilka
536 321 37 19 äro
589 319 87 21 afsedda
691 321 31 19 att
737 319 68 27 gifvas
815 320 22 20 åt
848 319 64 21 dona-

94 348 99 21 tarierna.
223 348 42 28 Jag
280 355 62 14 anser
361 348 40 20 den
417 348 23 20 af
453 348 43 27 mig
511 347 122 28 föreslagna
647 347 151 28 förändringen
814 348 97 20 fullkom-

94 378 38 27 ligt
151 379 107 19 motsvara
276 377 37 20 sitt
332 376 66 28 syfte,
417 383 34 14 om
469 376 47 21 icke
534 376 107 21 utskottet
659 376 50 28 sjelf
722 376 107 28 uppfattat
845 376 66 22 saken

95 405 132 21 annorlunda
242 408 26 18 än
284 405 40 21 den
340 407 24 19 är
378 405 97 27 uttryckt
490 405 7 20 i
512 405 152 21 betänkandet.

162 434 58 21 Herr
234 434 28 21 af
275 434 140 27 Forselles,
431 434 36 20 O.:
483 433 88 21 Kanske
585 434 38 27 jag
638 434 38 20 har
689 434 138 20 missförstått
837 434 75 21 redak-

94 463 79 21 tionen.
203 462 41 28 Jag
260 463 38 21 har
313 462 87 21 förstått
416 462 39 21 den
472 463 33 25 så,
521 464 32 19 att
569 462 125 28 regeringen
710 462 117 28 berättigas
838 464 31 19 att
879 464 33 19 ut-

94 492 61 20 färda
170 492 146 27 obligationer,
332 491 76 21 ställda
423 491 31 21 till
469 491 162 27 innehafvaren,
648 493 55 18 samt
718 492 32 20 att
765 491 82 27 utgifva
864 491 48 21 dem

94 520 31 21 till
141 520 77 28 säljare
234 520 22 21 af
270 520 132 25 donationer,
418 526 47 14 men
481 520 68 20 tillika
564 520 31 20 till
611 519 61 21 hvem
689 526 45 14 som
750 519 55 21 helst
821 526 44 14 som
876 520 36 20 vill

94 549 64 21 hafva
173 548 54 22 dem.

163 577 32 22 På
216 577 156 28 framställning
394 577 24 20 af
434 577 49 20 herr
503 577 153 27 ordföranden,
676 577 69 21 beslöt
763 577 149 28 ridderskapet

96 606 39 21 och
151 606 62 21 adeln
228 609 32 18 att
276 606 114 28 godkänna
409 605 56 28 3:dje
481 608 118 19 momentet
613 606 6 20 i
635 606 117 21 utskottets
768 605 144 28 betänkande,

96 635 65 20 likväl
176 635 48 21 med
239 634 135 22 uteslutande
390 634 23 21 af
427 635 64 20 orden
508 635 26 25 ,,5
550 637 120 25 procents''.

164 663 116 28 Upplästes
296 664 36 20 det
347 663 7 21 i
369 663 117 21 utskottets
502 663 136 21 betänkande
649 664 13 20 å
674 664 44 20 12:e
734 663 59 21 sidan
805 663 107 21 förekom-

95 693 76 20 mande
193 692 85 28 stycket
300 699 45 14 som
369 692 71 27 börjar
457 692 49 20 med
524 692 77 21 orden:
621 708 5 9 ,
629 691 52 26 Och
700 692 63 26 skall,
779 691 31 21 till
826 691 86 28 betryg-

97 721 83 28 gande"
200 734 19 2 —
238 721 39 21 och
293 721 66 20 slutar
374 721 50 20 med
439 727 76 19 ,,anses
531 721 73 20 kunna
618 723 128 19 motsvara".

163 749 99 22 Friherre
278 757 48 13 von
341 749 79 21 Born:
446 749 48 21 Den
513 751 98 20 närmare
627 749 141 28 bestämning,
784 749 108 21 utskottet
905 749 7 20 i

96 778 59 21 detta
171 778 72 28 tillägg
258 778 118 27 föreslagit,
392 785 63 20 synes
471 778 43 28 mig
528 785 52 14 vara
591 778 112 28 obehöflig.
728 777 42 28 Jag
781 784 62 15 anser
853 777 60 22 detta

95 807 74 28 tillägg
184 807 44 20 afse
244 807 94 27 detaljer,
355 807 72 20 hvilka
442 813 66 21 gerna
523 807 72 20 kunna
606 807 123 27 inbegripas
740 807 6 20 i
757 807 37 20 det
804 813 46 14 som
860 807 52 20 slut-

96 835 112 28 meningen
227 835 23 21 af
266 835 145 21 betänkandet
430 835 122 25 innehåller,
568 835 51 21 eller
635 838 31 18 att
681 835 105 28 styrelsen
802 841 51 22 eger
868 835 43 21 vid-

96 866 50 25 taga
161 864 41 21 alla
217 864 26 21 de
258 864 106 27 åtgärder,
380 871 46 13 som
441 864 24 21 af
477 864 70 27 begge
562 864 178 21 statsmakternas
756 863 69 22 beslut
843 864 69 21 föran-

95 892 58 21 ledas
173 892 39 21 och
228 893 6 20 i
250 893 64 27 öfrigt
333 892 72 21 kunna
424 892 33 21 för
476 893 132 20 ändamålets
627 892 105 21 ernående
748 892 66 21 blifva
829 892 83 28 nödiga.

95 921 43 20 Det
157 923 23 18 är
198 923 31 19 att
250 921 91 27 hoppas,
356 923 32 18 att
403 921 102 28 styrelsen
523 921 64 21 söker
602 923 31 19 att
648 921 64 21 vinna
727 921 27 20 all
770 921 40 20 den
826 921 86 28 upplys-

95 949 51 28 ning
163 956 45 14 som
226 951 24 19 är
266 950 82 27 möjlig,
367 949 34 21 för
416 951 31 19 att
462 949 76 22 utreda
552 949 202 28 egendomsvärdet,
770 949 39 21 och
825 951 31 19 att
886 956 26 14 den

95 978 46 21 icke
164 978 53 21 skall
240 978 110 21 underlåta
372 980 31 19 att
422 979 52 20 söka
492 980 77 26 trygga
588 978 223 21 donationsbönderna
826 980 44 19 mot
886 985 26 14 en

95 1007 73 28 möjlig
183 1006 202 29 öfverspekulation.
409 1008 39 19 Att
463 1013 28 14 nu
506 1007 87 20 utstaka
609 1007 40 20 den
666 1009 50 26 väg,
732 1008 28 26 på
770 1007 86 20 hvilken
867 1009 43 25 sty-

94 1035 69 21 relsen
177 1036 39 20 har
231 1038 31 18 att
277 1036 36 27 gä,
329 1042 64 21 synes
404 1035 43 27 mig
458 1035 83 21 säledes
555 1035 145 28 öfverflödigt,
712 1036 24 20 sä
746 1035 87 28 mycket
843 1042 67 20 mera,

95 1071 44 13 som
157 1065 38 26 jag
213 1064 47 21 icke
278 1065 42 19 kan
336 1066 65 19 annat
416 1065 26 20 än
460 1064 114 21 instämma
587 1065 7 20 i
610 1064 49 21 herr
674 1064 120 21 Indrenius'
810 1063 56 28 äsigt
880 1066 32 19 att

95 1092 75 21 sädant
185 1093 6 20 i
207 1093 87 28 mänga,
310 1093 105 20 mähända
430 1093 5 20 i
451 1092 26 21 de
493 1093 62 21 flesta
570 1093 45 26 fall,
631 1093 27 27 pä
673 1093 87 20 enklare
776 1092 39 21 och
831 1093 81 20 mindre

94 1121 94 21 kostsam
205 1123 50 26 väg,
270 1123 26 19 än
312 1121 42 21 den
369 1121 106 21 utskottet
490 1121 120 28 föreslagit,
627 1121 41 21 kan
682 1121 166 21 åstadkommas.
870 1121 42 28 Jag

94 1149 97 21 förordar
207 1150 71 21 derför
294 1150 135 21 uteslutande
445 1150 22 21 af
480 1150 49 21 hela
544 1150 60 21 detta
619 1150 80 28 tillägg.

161 1178 57 21 Herr
228 1178 198 28 Björkenheim,
437 1178 36 21 R.:
483 1178 43 28 Jag
537 1179 42 21 kan
590 1179 47 21 icke
648 1179 48 21 dela
706 1179 41 21 den
758 1178 79 22 talares
848 1178 64 28 äsigt,

93 1206 85 22 hvilken
203 1207 101 28 uppträdt
318 1208 6 20 i
340 1207 70 21 denna
427 1208 66 27 fräga.
523 1207 42 28 Jag
583 1209 23 19 är
625 1208 135 27 visserligen,
778 1207 77 21 liksom
877 1207 35 21 fri-

93 1236 62 20 herre
170 1242 41 15 von
227 1236 68 26 Born,
311 1236 127 28 öfvertygad
453 1238 31 19 att
499 1236 126 28 regeringen
638 1236 54 21 skall
702 1238 52 26 göra
765 1236 37 21 allt
817 1236 55 20 hvad
886 1236 27 28 pä

93 1264 40 20 den
152 1265 129 24 ankommer,
297 1264 33 21 för
349 1266 32 22 att
400 1265 55 21 tillse
474 1266 32 20 att
521 1265 48 21 icke
585 1265 68 27 någon
672 1265 46 20 fara
732 1265 36 21 vid
783 1264 129 21 transaktio-

93 1299 66 14 nerna
180 1294 94 27 uppstår.
301 1293 48 21 Men
373 1300 34 14 om
428 1300 47 14 man
498 1293 83 21 derföre
605 1294 47 20 icke
668 1293 67 21 skulle
755 1294 73 26 intaga
848 1294 64 26 något

93 1321 127 27 stadgande,
236 1322 24 21 sä
276 1324 36 18 vet
324 1322 38 28 jag
376 1322 48 20 icke
439 1322 84 21 hvartill
538 1322 38 20 allt
590 1322 59 20 detta
664 1322 93 21 ordande
768 1322 69 21 skulle
847 1322 65 27 tjena.

93 1350 49 20 Man
158 1350 54 21 hade
228 1351 26 20 dä
269 1350 81 21 kunnat
369 1350 88 28 upplåta
474 1351 22 20 åt
511 1351 127 27 regeringen
654 1353 32 18 att
702 1352 96 26 upptaga
811 1350 35 21 län
861 1352 51 19 utan

93 1379 66 27 några
175 1379 161 21 bestämmelser
355 1386 33 13 om
404 1379 103 21 vilkoren.
537 1379 167 27 l1frägavarande
719 1379 119 28 stadgande
853 1379 60 27 ingår

93 1407 47 21 icke
156 1408 24 20 sä
194 1408 7 20 i
216 1408 76 27 detalj,
308 1410 32 18 att
356 1408 36 20 det
407 1408 46 20 icke
469 1408 41 20 kan
526 1408 96 20 försvara
638 1408 31 20 sin
681 1408 62 27 plats.
768 1407 57 21 Herr
839 1407 74 21 Indre-

92 1436 55 20 nius'
163 1436 81 28 förslag
260 1438 31 19 att
307 1436 35 21 det
358 1436 68 21 skulle
442 1436 141 21 öfverlemnas
599 1437 22 20 åt
631 1438 159 26 guvernörerne
805 1438 32 19 att
848 1436 65 27 tillse,

92 1464 37 20 det
153 1464 48 21 icke
224 1465 66 27 priset
309 1465 128 21 bestämmes
456 1465 33 20 för
506 1465 61 27 högt,
587 1471 62 15 anser
664 1466 39 26 jag
718 1465 47 21 icke
781 1464 68 21 heller
863 1472 51 13 vara

93 1492 89 21 alldeles
207 1493 102 28 lämpligt.
340 1493 46 21 Ifall
409 1494 105 26 nemligen
537 1495 145 26 guvernören,
702 1494 68 27 jemte
788 1494 41 20 alla
848 1493 67 28 öfriga
