1078 1700
849 87 41 21 339

96 144 31 20 att
143 143 106 27 allmogen
267 143 67 21 bistås
349 144 7 20 i
371 143 73 27 möjlig
461 143 66 21 måtto
547 143 35 21 vid
598 143 144 27 öfvergången
758 142 54 22 ifrån
828 143 38 21 sitt
881 150 37 14 nu-

96 171 93 21 varande
204 172 48 26 läge
267 172 31 20 till
314 172 146 27 sjelfständiga
476 171 125 27 jordegare;
617 173 63 19 sannt
696 173 22 19 är
739 172 74 26 också,
828 174 31 18 att
870 172 48 20 kro-

96 207 41 13 nan
153 200 97 20 kommer
268 202 32 18 att
315 200 6 20 i
338 200 27 20 all
382 200 86 20 framtid
485 200 83 27 åtnjuta
584 207 26 13 en
626 200 90 20 förökad
732 200 93 20 inkomst
841 207 77 21 genom

96 228 40 20 den
160 228 116 27 inflytande
300 228 162 27 grundskatten.
493 228 49 20 Men
565 228 27 21 då
611 228 37 20 det
667 230 60 26 tages
743 228 6 20 i
764 228 154 27 betraktande,

95 258 32 18 att
143 256 55 21 efter
213 256 120 28 ungefärlig
342 256 191 28 medelberäkning
544 256 131 21 storskiftes-
686 257 39 20 och
736 256 182 28 skattläggnings-

95 284 145 21 kostnaderna
250 286 82 26 uppgå,
344 285 92 21 förutom
451 284 143 28 dagsverken,
606 285 31 20 till
648 285 98 27 omkring
758 285 61 26 1,400
831 286 13 20 &
856 286 62 26 1,500

96 313 61 20 mark
179 320 39 20 per
240 314 89 26 mantal,
353 314 23 20 så
396 313 68 21 skulle
483 313 70 21 denna
571 313 129 27 förrättning
718 313 96 21 erfordra
829 313 33 21 för
877 314 42 20 900

96 341 79 21 mantal
194 348 25 14 en
239 348 82 14 summa
337 342 23 20 af
373 342 58 20 cirka
448 342 111 26 1,200,000
575 341 12 21 &
605 342 110 26 1,300,000
731 342 68 20 mark.
829 342 43 27 Jag
886 342 32 20 in-

96 376 34 14 ser
145 370 48 20 icke
209 369 106 21 hvarifrån
332 372 71 19 staten
419 370 52 20 skall
488 372 50 25 taga
553 370 70 20 medel
639 372 31 18 att
682 370 95 21 bestrida
788 370 69 21 denna
868 370 51 28 opå-

96 398 94 20 räknade
201 405 43 21 nya
254 398 69 28 utgift.
343 398 59 21 Vore
413 399 45 20 åter
469 399 113 27 meningen
594 398 51 27 den,
656 400 32 19 att
698 399 62 20 dessa
771 398 69 21 medel
852 398 66 21 borde

95 427 53 27 utgå
166 426 52 21 ifrån
238 427 26 20 de
283 427 31 20 till
333 426 205 28 donationsgodsens
561 427 81 21 inlösen
666 427 102 27 anslagna
792 428 127 26 12,000,000

96 455 69 26 mark,
182 455 24 21 sä
220 455 126 21 afkortades
362 456 123 26 härigenom
501 455 59 21 detta
571 455 80 27 kapital
663 455 115 28 betydligt,
792 456 38 20 och
843 456 75 27 sjelfva

96 483 201 21 hufvudändamälet
316 484 70 20 blefve
406 484 90 20 lidande.
527 484 42 27 Jag
588 484 85 20 förenar
689 484 43 27 mig
748 483 83 21 derföre
847 484 7 20 i
870 484 49 20 herr

96 512 66 20 Reins
178 512 132 21 reservation
330 512 38 21 och
385 519 68 20 anser,
469 514 32 19 att
517 519 25 14 en
559 512 111 28 medelväg
686 512 121 28 lämpligast
820 512 40 21 bör
876 512 42 21 väl-

93 540 35 28 jas
151 540 89 21 emellan
264 541 137 28 regeringens
420 541 39 21 och
478 541 117 21 utskottets
614 540 80 29 förslag
709 541 6 20 i
731 540 59 21 detta
806 540 112 28 afseende,

95 569 107 28 nemligen
217 571 32 18 att
265 569 81 21 kronan
362 569 117 28 förskjuter
492 570 131 20 storskiftes-
635 569 39 21 och
686 569 232 28 skattläggningskost-

96 597 95 21 naderna
207 600 57 18 emot
279 598 133 27 förpligtelse
428 598 32 21 för
472 598 131 27 jordegaren
619 600 31 18 att
666 597 114 21 framdeles
794 598 29 20 till
836 598 82 21 kronan

97 625 110 28 återgälda
222 626 122 21 förskottet.

166 654 80 21 Vidare
264 655 117 20 innehäller
400 655 56 20 såväl
476 655 78 27 nådiga
573 655 159 27 propositionen
752 661 44 14 som
813 655 105 20 utskotts-

97 683 155 26 betänkandet,
269 686 44 23 ,,att
329 683 110 21 storskifte
450 684 39 20 och
501 683 160 28 skattläggning
672 683 52 20 skall
736 683 138 26 verkställas,
886 684 32 19 så-

96 711 45 20 vidt
161 711 83 28 möjligt
263 713 29 25 är,
310 711 46 21 före
374 713 107 26 utgången
498 711 23 21 af
534 711 40 21 den
592 712 39 27 tid,
647 712 57 20 inom
720 711 85 21 hvilken
821 711 96 21 löseskil-

97 739 70 28 lingen
183 740 39 20 bör
237 747 52 13 vara
304 740 81 21 kronan
397 741 30 20 till
440 740 50 21 fullo
501 740 140 27 godtgjord,''
653 752 25 3 —
690 740 84 21 således
785 742 50 19 utan
848 741 69 26 någon

97 768 110 27 synnerlig
225 769 100 26 brådska,
344 771 24 25 ty
387 771 44 18 mot
447 769 64 20 slutet
527 769 23 20 af
563 768 202 28 amorteringstiden
781 769 38 20 har
835 775 26 14 en
877 768 40 21 tid-

97 796 60 27 rymd
181 797 23 20 af
220 797 27 20 20
263 797 12 20 å
290 797 27 21 30
332 797 24 20 år
370 797 99 26 förflutit,
493 797 37 20 och
551 797 120 20 storskiftet
691 798 38 19 bör
747 804 52 13 vara
817 797 101 20 slutfördt

96 825 63 20 äfven
183 825 26 20 då
232 826 75 20 endast
330 825 83 26 ,såvidt
431 826 82 27 möjligt
533 827 43 19 är.*
607 826 44 20 Det
672 827 23 19 är
713 825 54 20 dock
791 825 75 26 kändt,
885 827 32 19 att

93 853 129 27 jordbruket
240 854 68 27 aldrig
326 855 22 20 så
365 854 118 26 efterlåtes,
500 854 39 20 och
553 854 82 27 skogen
652 854 23 20 så
691 853 106 21 medfares
813 860 46 14 som
872 854 46 27 just

97 882 66 20 under
179 882 111 27 pågående
306 883 119 26 storskifte,
436 882 99 21 hvarföre
544 882 40 21 det
595 884 23 19 är
630 882 72 27 nödigt
714 884 31 19 att
756 882 81 27 påyrka
849 881 69 21 denna

95 910 129 28 förrättning
240 912 27 26 på
283 911 35 20 det
334 911 205 28 eftertryckligaste,
556 911 38 20 och
612 917 62 14 anser
687 911 38 27 jag
741 911 59 20 detta
816 910 23 21 af
852 910 65 21 sådan

96 939 54 27 vigt,
167 941 32 18 att
215 941 69 19 staten
301 940 75 26 borde,
393 947 33 13 om
442 940 23 20 så
481 939 90 26 tarfvas,
589 939 53 20 ifrån
659 939 26 20 de
700 939 30 20 till
741 939 81 20 inlösen
835 939 23 20 af
866 939 51 27 god-

96 974 37 13 sen
157 967 101 28 anslagna
281 968 68 21 medel
368 968 65 21 hellre
451 968 98 20 använda
568 968 69 27 någon
658 967 32 21 del
714 967 31 20 till
764 967 117 20 förökande
897 967 23 20 af

96 995 238 28 landtmäterikorpsen,
352 997 51 20 eller
418 997 30 20 till
464 996 171 21 iståndsättande
646 996 22 20 af
678 996 35 20 det
726 996 53 20 1862
790 995 128 21 utarbetade

96 1024 79 27 förslag
191 1025 30 20 till
237 1032 28 20 ny
282 1025 124 27 förordning
421 1025 33 20 för
469 1025 70 20 denna
556 1025 75 27 korps,
648 1026 25 19 än
690 1026 31 19 att
737 1024 98 21 använda
854 1024 64 20 dessa

96 1053 69 20 medel
181 1053 31 20 till
228 1053 75 27 sjelfva
319 1054 130 20 storskiftets
465 1053 140 20 förrättande.
628 1053 42 27 Jag
681 1053 67 20 skulle
760 1052 84 21 derföre
856 1052 61 21 vörd-

96 1083 54 18 samt
166 1081 87 27 föreslå,
270 1084 31 19 att
316 1083 28 26 på
359 1082 68 28 grund
443 1082 22 20 af
479 1089 27 13 nu
522 1081 88 28 angifna
628 1081 46 21 skäl
689 1082 33 19 5:e
732 1082 119 19 momentet
861 1081 57 27 finge

96 1109 93 27 följande
205 1110 91 28 lydelse:

165 1140 53 24 »Att
241 1140 109 20 storskifte
370 1140 39 20 och
428 1139 169 28 skattläggning,
616 1138 86 20 hvilken
726 1144 75 14 senare
825 1137 38 21 bör
879 1138 39 20 ske

96 1166 65 28 enligt
184 1167 26 21 de
232 1168 93 27 grunder
348 1175 45 13 som
416 1168 32 20 för
471 1170 61 18 orten
556 1170 36 18 äro
609 1167 107 27 gällande,
733 1166 51 20 eller
803 1166 114 20 framdeles

96 1194 65 21 blifva
179 1196 129 26 fastställda,
328 1196 54 21 skall
398 1196 22 20 af
436 1198 133 26 guvernören
586 1196 6 20 i
608 1195 57 21 kraft
680 1195 24 21 af
717 1195 49 20 dess
782 1195 84 20 embete
882 1202 36 20 ge-

96 1226 47 18 nast
165 1224 145 22 tillförordnas
333 1225 38 20 och
395 1225 30 20 till
445 1225 116 27 skyndsam
581 1224 162 26 verkställighet
762 1222 110 22 befordras
891 1224 27 26 pä

96 1252 201 27 hemmansegarens
312 1253 129 26 bekostnad,
458 1253 88 21 sälunda
557 1252 74 26 likväl,
643 1254 31 18 att
689 1252 79 20 kronan
780 1251 138 21 förskottsvis

95 1280 108 21 bestrider
218 1281 63 21 dessa
296 1282 122 25 kostnader,
435 1282 48 20 med
496 1281 109 27 undantag
617 1280 22 21 af
649 1280 269 28 dagsverksskyldigheten

96 1309 67 20 under
178 1310 190 27 förrättningarne,
386 1317 44 13 som
447 1310 81 27 åligger
536 1310 137 27 jordegaren.
697 1309 45 20 Och
755 1308 97 27 vidtager
863 1308 54 20 åter-

96 1338 136 27 betalningen
252 1338 23 20 af
288 1339 129 27 jordegaren
437 1338 30 21 till
486 1339 81 20 kronan
584 1338 22 20 af
620 1337 92 21 nämnda
726 1336 93 21 förskott
835 1336 55 21 efter
906 1337 12 19 5

96 1366 29 26 år,
142 1366 64 21 sedan
226 1367 120 21 storskiftet
365 1367 68 21 blifvit
453 1367 116 27 behörigen
590 1366 102 21 afslutadt
711 1365 39 21 och
766 1364 24 21 af
803 1364 115 21 vederbör-

96 1394 29 28 lig
140 1395 91 20 domstol
247 1395 119 27 faststäldt,
382 1397 55 19 samt
452 1396 63 26 utgår
530 1395 49 21 med
596 1395 27 20 40
636 1394 71 21 marks
719 1394 53 26 årlig
784 1393 134 27 afbetalning

96 1430 38 20 per
149 1424 89 25 mantal,
255 1424 31 20 till
302 1424 48 20 dess
366 1424 92 20 kronans
474 1424 93 20 förskott
583 1423 70 21 blifvit
669 1423 30 20 till
710 1422 52 20 fullo
773 1421 145 27 godtgjordt.''

164 1451 62 21 Efter
249 1452 69 21 denna
340 1452 78 27 grund,
441 1452 68 20 ehuru
529 1454 50 18 utan
603 1451 106 26 fribetsår,
733 1450 27 20 ha
786 1450 132 20 storskiftes-

97 1480 38 20 och
159 1480 318 28 skattläggningskostnaderna
501 1480 32 20 för
558 1480 76 21 krono-
660 1480 39 20 och
725 1478 193 27 skattelägenhets-

816 1519 35 15 22"
