1078 1700
190 88 42 21 244

162 144 82 22 hvilket
259 143 63 28 ingaf
335 143 24 21 så
373 143 63 28 glada
451 142 275 29 framtidsförhoppningar,
742 143 20 27 ej
778 142 94 28 uppbars
886 142 23 21 af
922 142 63 27 insig-

162 175 33 19 ter
211 172 40 22 och
266 172 173 27 sakkännedom,
455 172 107 20 svarande
575 174 57 18 emot
648 171 41 21 den
705 171 56 28 goda
776 171 72 27 viljan.
879 170 47 21 Den
938 172 48 18 när-

164 201 96 21 varande
284 200 59 22 tiden
366 200 81 28 åligger
465 200 36 21 det
525 202 31 19 att
574 206 77 22 genom
674 200 135 27 sparsamhet
825 198 39 22 och
880 201 31 19 ett
926 198 61 21 klokt

163 229 142 22 användande
321 229 23 21 af
364 228 42 21 alla
420 229 83 21 landets
518 229 114 27 tillgångar
650 228 52 21 bota
718 228 80 21 skadan
815 228 22 20 af
854 227 36 21 det
904 227 82 21 förflut-

162 265 39 14 nas
224 257 170 28 missräkningar
416 257 39 21 och
471 257 76 27 tillika,
564 264 34 14 om
615 257 93 27 möjligt,
728 256 58 28 sörja
799 256 40 27 för,
855 258 31 18 att
902 256 64 20 dessa
980 255 6 21 i

163 294 26 14 en
204 286 87 21 framtid
307 286 20 27 ej
342 286 56 27 ånyo
414 288 113 25 upprepas.
559 286 76 20 Såsom
650 292 32 18 en
694 286 23 20 af
730 285 26 21 de
771 285 169 21 verksammaste
956 284 31 20 ät-

162 314 78 29 gärder
262 314 34 21 för
319 314 134 21 sistnämnda
474 314 99 21 ändamål
587 314 105 28 förtjenar
707 315 52 19 utan
774 313 75 21 tvifvel
863 312 124 21 framhållas

163 342 123 22 inrättande
302 342 57 21 inom
375 342 72 21 landet
463 342 23 21 af
499 344 31 19 ett
545 342 67 28 högre
628 342 108 25 läroverk,
753 348 45 14 som
814 341 68 21 skulle
898 340 90 28 erbjuda

163 372 82 20 tillfälle
261 371 32 21 till
308 370 151 22 förvärfvande
475 371 23 21 af
511 371 41 21 den
568 371 96 27 bildning
679 371 40 21 och
736 370 26 21 de
773 370 130 27 kunskaper,
915 369 73 21 hvilka

163 402 37 18 äro
216 400 24 20 så
255 399 137 28 nödvändiga
406 399 34 21 för
455 401 31 19 att
501 399 73 21 kunna
590 400 100 20 rationelt
712 399 41 21 och
768 398 167 28 framgångsrikt
950 398 37 20 be-

163 428 71 21 drifva
248 428 114 28 praktiska
377 428 75 27 yrken.

232 456 109 21 Behofvet
356 456 23 21 af
392 458 32 18 ett
439 456 75 20 sådant
529 456 100 20 läroverk
642 456 38 20 har
692 456 54 26 ofta,
757 455 63 21 äfven
831 454 96 26 officielt,
938 454 49 20 blif-

164 485 31 21 vit
216 484 101 22 uttaladt.
359 484 294 21 Manufaktur-Direktionen
676 485 39 20 har
737 484 7 20 i
768 484 37 20 sitt
827 482 161 28 ,underdäniga

163 513 111 21 utlåtande
297 513 112 27 angående
431 512 101 28 åtgärder
547 513 32 20 till
594 513 147 27 befrämjande
757 512 23 21 af
796 512 70 20 finska
880 511 107 21 industrin

164 542 40 21 och
227 541 240 28 bergshandteringen'',
491 541 89 28 afgifvet
603 541 41 21 den
660 542 27 20 28
702 540 90 22 Januari
808 541 60 26 1857,
887 540 100 27 framlagt

163 570 135 27 fullständigt
320 570 81 28 förslag
423 570 32 21 till
473 571 32 20 ett
523 571 66 26 högre
605 570 99 21 läroverk
719 570 33 20 för
768 569 123 21 utbildande
907 569 23 20 af
943 575 44 14 me-

164 599 80 26 kanici,
259 598 130 28 ingeniörer,
404 598 125 27 arkitekter,
545 598 159 26 landtbrukare,
715 599 114 25 forstmän,
841 597 145 26 handelsmän,

164 635 28 14 m.
208 627 28 27 fl.,
253 627 39 20 och
308 627 31 24 uti
355 627 41 20 den
410 627 61 20 47:de
485 627 22 20 af
525 627 26 20 de
567 627 79 27 frågor,
662 634 45 13 som
724 626 27 21 H.
768 626 26 21 K.
811 626 101 27 Majestät
928 625 6 21 i
950 626 36 20 nå-

165 655 37 22 der
217 655 112 28 behagade
345 656 23 20 år
385 656 54 20 1862
454 655 111 28 förelägga
580 655 132 28 deputerade
728 655 24 20 af
760 655 84 20 landets
855 655 47 27 fyra
914 653 71 27 stånd,

165 683 91 22 äskades
272 683 75 27 äfven,
368 686 32 18 att
415 683 78 28 nödiga
508 683 70 21 medel
593 684 67 20 borde
676 683 91 21 beredas
782 683 33 21 för
829 683 121 20 inrättande
966 682 23 21 af

165 714 32 19 ett
213 712 69 27 dylikt
298 712 108 27 läroverk;
426 712 72 21 vidare
516 712 39 21 har
571 719 48 14 man
635 719 77 21 genom
729 712 99 21 tekniska
844 711 120 21 realskolan
980 711 6 20 i

165 740 147 27 Helsingfors,
335 740 66 21 Evois
424 741 139 20 forstinstitut
585 743 56 18 samt
660 740 100 21 Mustiala
775 739 212 22 landtbruksinstitut

165 769 50 21 sökt
230 769 52 20 fylla
296 769 163 27 ifrågavarande
475 769 70 20 behof.

232 776 98 41 Emedan
354 797 26 20 de
402 797 38 21 här
457 797 140 28 uppräknade
620 797 127 21 läroverken
764 797 54 20 varit
834 796 90 21 afskilda
939 796 47 21 från

165 825 127 27 hvarandra,
308 825 64 21 hafva
387 825 26 21 de
429 825 119 22 emellertid
563 825 116 28 ingalunda
694 825 92 22 medfört
801 825 37 21 det
853 832 65 21 gagn,
935 825 51 20 hvil-

165 854 38 21 ket
226 854 68 21 skulle
317 854 82 21 ernåtts
415 861 76 20 genom
507 861 26 14 en
549 854 113 28 högskola,
682 853 133 22 omfattande
831 860 81 15 samma
927 853 59 27 fack,

165 889 46 14 som
226 889 28 14 nu
270 884 37 19 äro
329 882 109 21 fördelade
454 883 27 27 på
495 883 106 21 isolerade
623 883 105 20 läroverk.
758 882 83 21 Endast
863 882 124 27 derigenom

165 913 32 18 att
213 911 25 20 de
254 911 80 26 medel,
350 913 32 18 ett
398 911 23 20 så
435 911 47 20 litet
497 911 44 20 folk
557 918 46 14 som
619 911 46 21 vårt
681 911 31 20 till
728 911 91 20 berörda
835 910 97 21 ändamål
942 910 44 21 för-

164 940 47 21 mår
226 939 108 28 uppoffra,
350 939 48 21 icke
414 939 104 28 splittras,
537 939 41 21 kan
595 947 49 14 man
659 939 82 28 hoppas
756 939 73 28 uppnå
844 939 142 20 tillfredsstäl-

163 968 63 21 lande
241 967 121 21 resultater.
393 967 75 22 Redan
484 968 23 21 af
520 968 68 21 blotta
603 968 141 21 ekonomiska
760 968 45 20 skäl
821 975 51 13 vore
888 967 35 21 det
939 967 47 21 der-

163 996 47 21 före
225 996 65 27 högst
305 996 105 27 önskligt,
426 998 31 19 att
473 996 41 21 den
529 997 67 27 högre
611 997 149 27 utbildningen
775 996 33 21 för
823 996 69 21 skilda
905 995 81 27 prakti-

164 1025 39 20 ska
217 1025 69 27 yrken
302 1024 82 21 skedde
399 1025 35 20 vid
450 1029 28 17 ett
493 1025 109 26 läroverk,
621 1032 46 13 som
683 1025 69 21 skulle
768 1025 90 20 omfatta.
873 1025 49 20 dem
937 1024 48 21 alla.

163 1053 50 21 Men
236 1055 32 18 ett
291 1053 76 20 sådant
390 1053 98 21 läroverk
511 1054 39 20 har
573 1053 89 21 framför
678 1053 104 21 isolerade
798 1053 104 28 derjemte
918 1053 68 20 andra

163 1083 56 20 ännu
234 1081 106 28 vigtigare
355 1081 133 28 företräden;
504 1082 64 21 bland
583 1082 63 21 dessa
661 1083 35 20 må
711 1082 79 21 tillåtas
805 1081 43 28 mig
863 1081 122 27 framhålla,

163 1112 32 19 att
211 1112 30 19 ett
264 1112 136 25 gemensamt
414 1110 99 21 läroverk
528 1111 83 20 lemnar
629 1110 82 21 tillfälle
726 1111 33 20 för
774 1110 100 21 eleverne
889 1110 33 21 till
937 1109 49 21 vida

161 1138 163 28 fullständigare
340 1139 40 21 och
396 1146 58 14 mera
477 1139 132 21 omfattande
625 1139 88 27 studier,
730 1140 26 20 än
771 1139 36 21 vid
822 1139 100 27 afskiljda
937 1146 48 20 spe-

162 1167 149 21 cial-läroverk
333 1167 72 21 kunna
422 1167 117 27 bedrifvas,
559 1170 56 18 samt
631 1170 85 19 närmar
731 1167 31 21 till
777 1167 120 21 hvarandra
912 1174 73 21 perso-

161 1203 46 20 ner,
224 1202 45 14 som
292 1196 86 20 komma
400 1198 32 18 att
455 1203 54 21 egna
524 1197 33 27 sig
572 1197 22 20 åt
610 1196 56 21 olika
682 1196 78 28 yrken,
776 1196 39 20 och
830 1196 91 28 ingifver
937 1196 48 20 dem

161 1224 89 27 aktning
265 1224 64 20 äfven
344 1224 34 20 för
393 1224 78 21 andras
493 1225 101 27 kunskap
611 1224 39 21 och
666 1225 78 20 andras
760 1224 81 21 arbete.
873 1224 33 21 De
922 1224 63 21 isole-

160 1253 52 21 rade
227 1252 152 21 fackskolorna
394 1252 96 22 medföra
506 1253 110 21 dessutom
633 1253 41 21 den
685 1253 122 27 beklagliga
817 1252 123 28 olägenhet,
952 1254 32 20 att

161 1281 26 21 de
202 1287 56 21 unge
275 1282 55 25 män,
346 1288 46 14 som
403 1281 35 21 vid
450 1281 47 21 dem
513 1282 54 20 söka
577 1282 91 26 inträde,
680 1284 37 18 äro
728 1281 125 21 nödsakade
864 1283 32 19 att
906 1283 78 25 genast

161 1310 119 21 bestämma
302 1309 33 27 'sig
357 1309 34 21 för
414 1312 29 19 ett
466 1310 53 20 visst
542 1310 89 28 specielt
647 1310 63 28 yrke,
728 1310 68 21 ehuru
811 1311 32 19 ett
859 1309 75 21 sådant
950 1309 34 21 val

159 1338 50 21 med
223 1344 60 14 mera
299 1338 93 27 mognad
407 1338 7 20 i
430 1338 107 22 omdömet
556 1338 69 21 skulle
641 1339 72 21 kunna
728 1340 64 26 göras
809 1340 57 19 emot
881 1338 65 21 slutet
963 1337 23 21 af

159 1366 63 21 deras
238 1366 107 21 studietid.
376 1366 115 22 Likaledes
507 1367 76 28 tyckes
599 1367 46 27 det,
662 1369 42 25 att,
720 1367 44 21 ifall
774 1366 36 22 vid
821 1366 121 28 utbildning
953 1366 31 20 till

159 1394 112 28 praktiska
285 1394 69 28 yrken
370 1395 116 21 fastställes
502 1397 31 19 ett
549 1398 82 25 system
647 1396 23 20 af
682 1396 47 20 frän
744 1395 120 21 hvarandra
878 1394 106 22 isolerade

158 1422 99 22 läroverk
273 1423 7 20 i
295 1423 71 21 stället
381 1423 35 21 för
431 1426 31 18 ett
477 1424 56 20 enda
548 1426 144 25 gemensamt,
716 1431 49 13 man
788 1424 75 20 dervid
877 1423 64 27 följer
956 1430 26 14 en

158 1453 89 19 motsatt
270 1452 82 27 princip
368 1454 58 19 emot
441 1452 51 28 den,
515 1452 89 21 hvilken
620 1452 69 28 ligger
705 1452 31 21 till
754 1453 69 27 grund
838 1452 34 21 för
887 1453 38 20 vär
940 1452 42 21 tids

157 1480 135 21 bemödande
307 1482 32 19 att
354 1480 91 22 afskaffa
461 1481 162 21 skräväsendet.
