1078 1700
189 88 41 21 386

163 144 48 21 med
228 144 121 27 fullkomlig
367 143 129 28 likgiltighet
514 144 45 26 åse,
576 144 54 20 huru
646 144 42 20 han
705 144 107 21 bedrifver
829 144 47 20 sina
894 142 90 28 studier;

163 180 47 13 men
230 172 139 26 framförallt,
394 172 124 27 isynnerhet
537 172 26 20 de
580 172 100 21 tekniska
705 172 144 28 högskolorna
866 172 7 20 i
889 172 96 20 utlandet

162 201 116 21 förutsätta
303 208 25 13 en
349 200 43 21 helt
408 207 69 14 annan
493 200 140 28 förbildning,
649 202 27 19 än
695 200 40 21 den
756 207 46 14 som
820 200 96 21 kommer
935 200 51 20 våra

163 230 115 27 ynglingar
287 229 30 20 till
326 229 67 27 godo,
410 228 39 22 och
465 228 69 21 denna
544 228 159 28 omständighet
714 236 74 14 ensam
798 230 45 26 gör,
855 230 31 19 att
896 235 26 14 en
933 234 52 21 yng-

162 258 54 27 ling,
233 264 46 14 som
299 256 98 22 studerar
413 256 34 22 vid
466 264 25 14 en
508 257 86 21 teknisk
613 257 104 27 högskola
736 258 6 20 i
758 256 105 27 utlandet,
879 258 69 19 möter
963 257 24 20 så

163 288 58 19 stora
240 286 144 26 svårigheter,
403 287 32 19 att
453 285 63 21 dessa
534 286 5 20 i
559 285 26 21 de
604 286 62 20 flesta
683 286 37 20 fall
740 286 64 20 blifva
825 285 77 21 honom
918 284 68 21 öfver-

163 314 103 28 mäktiga.
292 314 72 20 Skulle
380 314 20 20 vi
416 314 85 20 derföre
516 314 6 20 i
538 313 91 21 Finland
645 314 47 20 icke
708 314 64 21 hafva
787 314 70 26 någon
872 320 70 14 annan
953 315 32 18 ut-

164 344 41 26 väg
224 344 27 19 än
270 344 32 18 att
321 342 65 21 anlita
405 342 35 20 det
459 343 23 19 af
497 342 50 20 herr
565 349 41 13 von
625 342 58 21 Born
702 342 122 28 föreslagna
839 343 108 25 surrogat,
964 342 23 19 så

164 371 68 21 skulle
249 371 39 27 jag
306 377 61 20 anse,
390 372 31 19 att
443 370 20 21 vi
486 372 67 19 måste
576 370 43 21 helt
643 370 39 22 och
703 371 65 20 hållet
787 370 101 28 uppgifva
907 370 80 27 hoppet

165 401 30 19 att
213 399 40 21 här
272 398 81 22 erhålla
371 398 122 28 tillräckligt
512 398 58 21 antal
586 398 84 22 bildade
687 399 86 21 teknici.
802 378 90 41 Bildade
907 398 80 20 teknici

164 428 68 20 skulle
252 427 21 21 vi
292 428 7 19 i
318 427 75 21 sådant
413 427 35 21 fall
467 427 122 27 egentligen
608 427 76 21 endast
703 427 64 21 hafva
785 428 31 20 att
834 428 64 19 vänta
916 433 34 13 oss
966 425 24 21 af

164 456 114 27 energiska
294 455 158 25 autodidakter,
468 462 45 14 som
529 455 97 21 studerat
641 456 68 20 under
725 462 53 21 egen
793 454 91 28 ledning.

234 483 100 21 Friherre
351 484 29 20 de
395 484 23 20 la
433 483 132 28 Chapelle:
581 484 44 27 Jag
641 484 37 20 har
694 484 75 27 begärt
778 483 67 27 ordet,
856 483 6 21 i
873 482 115 28 anledning

165 512 22 21 af
201 512 49 20 herr
266 512 166 28 Björkenheims
448 512 110 28 yttrande,
575 514 31 18 att
619 512 37 28 jag
672 512 69 20 skulle
756 512 64 20 hafva
836 511 92 28 afstyrkt
939 511 49 20 ifrå-

166 540 122 28 gavarande
304 540 86 28 förslag.
414 540 42 28 Jag
471 542 36 19 vet
522 540 47 21 icke
586 540 54 21 huru
656 540 57 21 mina
728 540 39 21 ord
782 540 63 20 hafva
855 539 69 21 blifvit
936 546 52 20 upp-

165 569 82 20 fattade
266 569 24 20 af
307 569 49 20 herr
376 569 163 28 Björkenheim;
557 576 48 13 men
626 569 25 21 de
671 576 62 19 voro,
753 571 31 18 att
801 569 38 27 jag
856 568 47 21 icke
923 567 65 21 funne

166 597 47 21 skäl
228 599 32 19 att
277 597 97 28 afstyrka
390 597 127 28 petitionen,
534 597 27 21 då
576 597 134 26 densamma,
727 597 128 21 åtminstone
870 597 6 20 i
888 603 26 14 en
924 596 64 21 fram-

165 626 42 25 tid,
226 625 70 21 skulle
315 625 74 21 utöfva
407 628 30 18 ett
456 625 129 28 välgörande
600 625 118 28 inflytande
733 626 28 27 på
776 625 40 21 den
831 625 111 21 inhemska
956 625 32 20 in-

167 654 82 21 dustrin
266 654 39 20 och
320 653 104 21 förskaffa
440 654 89 20 Finland
544 655 31 19 ett
587 654 75 21 aktadt
672 661 47 14 rum
731 653 63 22 bland
805 653 183 21 industriidkande

167 683 105 20 nationer.
308 681 42 28 Jag
366 685 35 18 vet
417 682 46 21 icke
480 689 32 14 om
529 684 32 19 ett
577 683 69 20 bättre
661 682 73 21 förord
750 683 42 20 kan
807 682 87 20 lemnas.
925 681 64 21 Hvad

166 712 46 19 åter
232 711 76 27 frågan
327 717 33 14 om
380 711 77 20 sakens
476 711 74 20 remiss
569 711 31 20 till
619 711 93 20 enskildt
730 711 83 20 utskott
831 710 112 26 beträffar,
965 710 24 20 så

166 739 41 21 kan
221 739 39 27 jag
277 739 54 20 blott
346 745 106 21 upprepa,
468 741 32 18 att
513 739 38 27 jag
567 746 63 14 anser
645 739 76 21 sådant
736 739 33 20 för
780 739 77 20 sakens
867 738 121 21 beredande

166 767 22 20 af
202 767 78 21 nöden.

236 795 58 20 Herr
313 795 77 20 Rein:
410 795 10 20 I
438 795 73 21 landet
529 795 38 20 har
586 797 31 19 ett
633 795 87 21 allmänt
735 795 66 21 behof
814 795 80 21 vaknat
910 797 30 18 att
956 797 33 18 ut-

167 824 64 27 vidga
249 823 114 27 industrin,
383 823 112 21 framkalla
513 831 59 13 mera
587 824 172 27 konstfärdighet
775 823 51 21 deri.
856 823 49 21 Man
921 823 69 20 måste

167 853 54 20 dock
238 851 118 28 medgifva,
372 854 32 18 att
419 852 69 21 denna
504 851 172 28 konstfärdighet
692 852 39 21 och
742 853 6 20 i
759 851 115 22 allmänhet
889 851 26 21 de
930 851 59 20 indu-

168 881 74 20 striela
266 880 68 28 yrken
350 882 56 19 ännu
423 880 37 20 hos
477 887 34 14 oss
527 881 34 20 stå
577 880 60 21 efter.
664 881 40 20 Om
721 887 26 14 en
763 880 70 21 fabrik
849 880 53 21 skall
918 879 72 28 anläg-

167 916 49 21 gas,
232 908 68 21 sakna
315 909 20 20 vi
352 909 108 27 förmågor
475 915 46 14 som
538 909 116 27 behörigen
671 909 71 20 kunde
756 909 47 20 leda
819 908 50 27 den;
885 909 20 20 vi
922 909 78 20 mäste'

167 937 84 20 derföre
268 937 56 20 kalla
340 937 47 20 dem
403 937 88 27 utifrån,
507 937 45 20 från
569 937 108 28 England,
694 937 110 28 Tyskland
820 943 19 14 o.
855 944 17 13 s.
886 943 19 14 v.
917 936 73 21 Frem-

167 966 68 27 lingar
250 965 49 20 leda
315 965 82 21 säledes
413 965 30 21 till
459 965 36 21 det
512 967 67 19 mesta
594 966 52 20 vära
656 965 95 21 fabriker
762 966 37 20 och
812 965 84 28 ätnjuta
906 965 84 20 derföre

167 996 58 18 stora
245 993 104 27 arvoden,
369 1000 49 14 resa
436 994 46 20 åter
501 994 48 20 bort
569 994 38 20 och
624 994 96 21 medföra
736 994 26 21 de
778 993 116 28 penningar
910 993 26 21 de
952 993 38 21 här

167 1022 85 27 samlat;
270 1029 48 14 men
334 1022 40 20 den
392 1022 171 27 konstfärdighet
579 1022 26 21 de
621 1023 38 20 här
676 1023 55 20 hade
749 1022 49 21 bort
808 1021 69 22 införa
888 1022 39 21 och
938 1023 52 26 göra

167 1051 104 24 rädande,
288 1050 40 21 den
344 1057 58 14 reser
418 1057 80 14 samma
513 1051 42 27 väg
570 1057 45 14 som
633 1050 35 27 de,
684 1051 39 20 och
739 1057 43 21 nya
797 1050 70 21 ledare
882 1051 67 20 mäste
960 1050 30 20 in-

166 1079 121 20 förskaffas.
312 1079 42 20 Det
370 1079 65 20 borde
452 1079 33 20 väl
501 1079 85 20 derföre
602 1086 63 14 anses
682 1079 48 21 vida
746 1079 149 26 önskvärdare,
909 1081 31 18 att
951 1079 39 20 hos

167 1115 35 12 oss
222 1109 50 26 eget
290 1107 60 21 lands
370 1109 63 19 söner
451 1107 69 21 skulle
539 1107 84 21 inöfvas
642 1107 52 21 eller
712 1114 52 14 vara
781 1107 6 20 i
803 1107 81 20 tillfälle
899 1109 32 18 att
946 1109 44 18 stu-

167 1136 51 20 dera
238 1136 26 20 de
282 1136 127 20 industriela
428 1136 76 27 yrken,
523 1136 24 20 sä
565 1138 32 18 att
616 1136 21 20 vi
654 1136 48 21 icke
718 1136 72 21 vidare
812 1136 84 20 utöfver
912 1136 77 20 hafven

167 1164 40 20 och
223 1164 47 20 från
287 1164 133 21 fremmande
435 1164 74 21 länder
525 1164 91 21 behöfde
630 1164 126 21 införskaffa
770 1164 85 21 teknici.
885 1164 31 20 På
927 1164 63 20 dessa

167 1193 46 20 skäl
231 1193 34 20 vill
279 1193 38 27 jag
331 1193 28 27 pä
374 1192 36 21 det
426 1195 106 18 varmaste
543 1192 86 22 förorda
639 1193 50 21 herr
700 1192 167 21 Nordenskiölds
880 1192 108 28 petitions-

167 1221 79 27 förslag
268 1222 39 20 och
331 1221 62 21 äfven
416 1221 117 27 tillstyrka,
552 1223 32 19 att
603 1221 36 21 det
656 1222 67 20 mätte
739 1221 31 21 till
787 1221 96 27 behörigt
906 1221 83 21 utskott

167 1250 130 20 remitteras.

235 1277 58 21 Herr
312 1284 46 14 von
374 1277 154 21 Bonsdorff:
554 1278 242 20 Petitionsmemorialet
816 1277 123 26 innehåller,
956 1279 32 19 att

166 1306 100 20 tekniska
290 1306 120 20 realskolan
431 1306 5 20 i
459 1305 136 29 Helsingfors
618 1306 7 20 i
643 1306 98 28 förening
760 1306 47 21 med
822 1306 164 20 forstinstitutet

166 1334 53 20 skall
244 1334 172 28 omorganiseras
439 1334 30 20 till
492 1341 25 13 en
540 1334 140 28 polyteknisk
699 1334 67 21 skola.
800 1335 40 19 Att
859 1334 128 21 sammanslä

166 1362 163 21 forstinstitutet
345 1362 49 21 med
410 1369 26 14 en
452 1362 112 21 mekanisk
580 1363 60 21 skola
655 1363 77 27 tycker
745 1363 38 27 jag
800 1370 49 13 vara
860 1362 38 21 bra
909 1363 78 27 besyn-

166 1390 88 28 nerligt,
271 1391 39 21 och
326 1392 56 19 ännu
399 1391 180 27 besynnerligare,
595 1398 34 14 om
645 1391 61 21 äfven
721 1391 128 27 jordbruket
864 1391 54 21 skall
935 1391 52 23 höra

166 1419 37 20 dit.
233 1419 250 27 Jordbrukskunskapen
503 1420 40 20 och
559 1420 182 26 forstkunskapen
756 1421 37 19 äro
809 1421 48 19 rent
874 1419 111 27 praktiska

167 1447 133 28 kunskaper;
316 1447 38 21 der
370 1448 38 20 bör
424 1448 69 20 theori
509 1448 39 20 och
564 1448 88 28 praktik
667 1448 27 27 gå
709 1447 57 21 hand
781 1448 6 20 i
799 1447 55 21 hand
866 1448 47 20 med
925 1448 61 20 hvar-

166 1475 76 27 andra,
258 1476 39 20 och
314 1476 26 20 dä
355 1476 74 20 vinnes
445 1476 65 27 nägot
526 1476 105 21 ändamäl.
662 1476 51 21 Icke
728 1476 101 20 behöfver
845 1482 25 14 en
887 1476 98 21 forstmä-
