1078 1700
853 92 41 20 359

103 145 84 19 senaste
203 144 101 27 landtdag
319 144 78 21 önskat
412 144 80 21 erhålla
507 146 92 20 nämnda
615 146 123 28 utredning,
753 153 88 15 numera
851 149 71 19 ansett

102 172 33 27 sig
149 171 53 21 böra
216 172 76 28 frångå
307 172 70 21 denna
392 173 105 21 anhållan.
528 174 50 20 Med
593 174 101 21 afseende
710 175 12 20 å
736 175 93 20 nämnda
844 174 78 22 brister

102 200 68 48 ir
179 200 38 27 jag
233 200 84 27 föreslå,
334 202 32 19 att
380 201 111 27 ingressen
507 202 7 20 i
529 202 32 20 sin
577 202 72 21 helhet
664 203 67 21 måtte
746 202 22 22 få
782 203 93 28 följande
890 204 32 26 ly-

117 235 53 14 else:

171 273 11 9 ,
184 256 74 21 Ehuru
276 256 115 22 ständerna
410 257 48 21 icke
479 258 86 20 beredts
584 258 81 21 tillfälle
684 260 31 20 att
734 259 81 21 erhålla
833 259 40 21 den
888 261 33 19 ut-

101 285 90 27 redning
209 285 6 20 i
234 285 60 21 detta
312 287 71 25 ämne,
402 292 35 14 om
455 286 86 20 hvilken
563 286 26 21 de
607 286 36 21 vid
661 289 85 19 senaste
766 287 102 27 landtdag
884 294 36 14 an-

101 313 60 21 hällit
175 313 40 21 och
230 320 34 14 om
280 313 64 21 hvars
360 313 131 28 behöflighet
506 314 26 21 de
548 314 61 21 äfven
625 322 29 13 nu
670 315 88 21 kommit
772 316 6 20 i
790 315 130 27 erfarenhet,

101 342 64 20 hafva
184 341 26 21 de
229 342 74 26 likväl,
324 343 52 19 enär
391 342 128 21 åtminstone
535 344 31 19 ett
581 342 74 22 försök
670 345 32 19 att
717 344 94 27 afhjelpa
825 343 26 21 de
866 350 28 14 nu
908 344 12 20 &

101 370 264 27 donationslägenheterna
380 370 93 21 rädande
488 370 212 22 missförhällandena
717 372 66 20 borde
813 370 59 28 göras,
882 378 37 14 an-

101 400 43 18 sett
162 398 33 27 sig
212 398 47 20 icke
278 398 72 20 kunna
370 398 42 20 läta
432 399 109 21 saknaden
556 399 62 21 deraf
631 399 110 21 föranleda
756 400 73 27 längre
844 400 76 20 tidsut-

101 426 62 28 drägt
178 426 49 20 med
242 426 86 27 frågans
343 426 104 28 lösning."

168 454 58 21 Herr
244 454 193 27 Björkenheim,
456 454 37 22 R.:
515 455 72 21 Ocksä
603 456 38 27 jag
659 462 63 14 anser
737 456 42 20 den
795 456 24 20 af
829 456 90 21 friherre

101 490 40 13 von
157 482 58 21 Born
230 482 122 28 föreslagna
367 482 139 22 redaktionen
522 484 23 20 af
558 484 110 28 ingressen
684 484 31 20 till
730 484 125 20 ständernas
870 491 49 14 svar

100 512 23 20 sä
133 511 47 21 litet
192 511 233 21 öfverensstämmande
438 511 49 21 med
499 512 41 20 den
553 512 64 27 äsigt,
634 519 46 13 som
690 512 68 21 under
769 512 149 21 diskussionen

99 539 75 28 gjorde
190 539 32 27 sig
236 539 108 28 gällande,
360 539 40 21 och
415 547 52 13 vara
482 540 23 20 sä
520 540 47 20 litet
582 540 127 27 motiverad,
725 542 31 19 att
769 541 39 27 jag
823 540 96 29 omöjligt

100 569 41 20 kan
157 567 114 28 godkänna
287 568 129 21 densamma.
447 569 40 20 Det
503 569 68 20 mäste
587 569 43 25 väl,
646 569 70 20 säsom
731 569 23 20 af
767 569 50 21 herr
831 569 87 27 Linder,

100 596 34 25 E.,
151 596 65 21 redan
235 597 120 26 anmärkts,
376 597 96 27 angifvas
492 597 65 27 nägot
576 597 55 26 skäl,
647 597 99 21 hvarföre
765 597 27 21 de
809 597 57 21 finna
885 597 33 21 för

99 625 52 28 godt
171 627 31 18 att
220 624 76 27 frängä
314 625 36 20 sitt
370 625 57 20 förut
442 625 6 20 i
463 626 72 20 ämnet
550 625 81 21 fattade
647 625 76 21 beslut.
753 625 68 22 Sedan
838 625 79 21 ridder-

100 653 77 28 skapet
193 653 39 20 och
247 653 62 20 adeln
324 653 66 20 redan
406 653 85 26 afslagit
507 655 31 19 att
553 653 7 21 i
575 655 73 19 svaret
663 653 73 28 intaga
750 653 41 21 den
803 653 23 21 af
834 653 83 22 utskot-

99 683 32 19 tet
145 681 121 28 föreslagna
281 681 141 21 redaktionen
437 681 23 20 af
473 682 120 27 ingressen,
605 681 85 21 hvilken
704 683 38 26 jag
753 682 117 21 emellertid
881 689 35 13 an-

100 717 33 13 ser
150 717 50 13 vara
215 709 40 21 den
272 710 71 26 bästa,
354 710 89 21 föreslår
451 710 38 27 jag
499 712 33 18 att
543 710 49 21 herr
602 709 101 27 Linders,
715 709 35 27 E.,
761 710 80 27 förslag
851 711 66 20 måtte

99 738 132 27 godkännas.

167 765 58 22 Herr
234 773 46 14 von
289 765 76 22 Born:
381 765 74 22 Redan
465 766 26 21 dä
499 766 70 21 denna
576 767 61 26 fräga
645 766 34 21 vid
688 768 84 19 senaste
781 766 85 27 plenum
875 766 41 21 dis-

99 795 124 25 kuterades,
242 794 142 27 meddelades,
404 796 31 19 att
454 795 115 20 ständerna
589 795 22 20 af
625 795 105 26 styrelsen
746 794 83 21 erhällit
845 794 70 28 uplys-

101 823 75 27 ningar
184 823 7 20 i
199 824 80 25 ämnet,
289 823 67 20 ehuru
364 823 48 20 icke
421 823 23 20 sä
451 822 138 29 fullständiga
597 829 45 14 som
652 823 26 20 de
688 823 82 26 önskat,
780 822 83 21 derföre
872 824 44 26 tyc-

100 851 38 20 ker
145 851 38 28 jag
194 853 31 18 att
236 851 60 21 ordet
308 851 187 27 ,,fullständigare'*
507 851 38 21 här
555 851 128 26 fullkomligt
693 851 106 20 försvarar
811 850 31 21 sin
854 851 61 26 plats.

99 879 65 21 Hvad
174 880 46 20 åter
229 879 89 21 betäffar
325 879 85 26 frågan,
421 879 99 21 hvarföre
532 879 116 21 ständerna
658 879 47 20 icke
714 879 84 27 förnyat
806 878 70 21 denna
884 879 32 20 sin

100 908 107 26 anhållan,
216 907 81 21 hvilket
305 908 49 21 herr
365 887 82 46 Linder,
457 907 31 27 E.,
502 908 77 20 önskat
588 909 31 19 att
632 907 68 21 skulle
712 907 6 20 i
729 907 109 27 ingressen
847 907 69 27 inryc-

100 936 50 26 kas,
168 937 23 20 så
211 936 102 21 behöfver
331 936 59 21 detta
405 936 47 21 icke
467 936 112 21 förklaras.
609 935 35 21 Då
658 935 61 21 Hans
735 935 101 27 Majestät
851 935 65 20 redan

100 964 109 27 förklarat,
225 966 31 19 att
272 964 48 21 icke
335 964 73 21 vidare
423 964 129 27 upplysning
567 963 149 27 meddelas,
692 959 24 37 är
726 963 36 21 det
772 963 87 20 alldeles
869 963 47 20 icke

101 993 27 26 på
143 993 32 20 sin
191 993 55 26 plats
262 994 31 19 att
308 994 48 19 röra
371 993 36 20 vid
423 993 48 20 hela
486 992 40 21 den
542 992 85 27 frågan;
643 991 39 21 och
694 991 26 21 då
731 991 66 27 enligt
807 991 43 20 min
862 991 54 27 åsigt

99 1021 90 20 friherre
205 1028 40 13 von
261 1021 69 20 Borns
344 1021 82 27 förslag
442 1021 30 20 till
491 1020 111 21 redaktion
613 1020 127 27 fullkomligt
751 1021 119 19 motsvarar
880 1019 37 20 allt

100 1049 57 21 hvad
167 1049 31 20 uti
208 1049 110 28 ingressen
329 1049 41 20 kan
383 1049 85 20 komma
478 1049 7 20 i
496 1049 59 27 fråga
567 1049 39 20 och
615 1048 80 28 jemväl
704 1047 97 48 föröfrigt
813 1048 23 19 är
847 1047 69 20 bättre

101 1077 38 21 och
155 1077 133 28 lämpligare,
304 1079 27 18 än
346 1077 36 20 det
398 1077 49 20 herr
463 1077 79 20 Linder
557 1076 113 25 framstält,
687 1077 23 20 så
726 1075 95 21 anhåller
833 1075 38 28 jag
886 1077 31 18 att

101 1106 35 20 det
151 1105 57 21 förra
223 1106 66 21 måtte
304 1105 124 28 godkännas
443 1105 24 20 af
479 1105 149 27 ridderskapet
643 1105 40 20 och
699 1104 67 21 adeln.
910 1125 5 4 N

169 1133 56 22 Herr
244 1133 193 29 Björkenheim,
453 1133 36 21 R.:
507 1133 42 27 Jag
568 1140 51 14 vore
640 1133 106 25 tacksam,
762 1138 34 14 om
811 1131 50 21 herr
876 1138 40 14 von

101 1162 58 20 Born
178 1162 48 21 ville
245 1162 91 28 upplysa
351 1162 85 21 ståndet
452 1168 34 14 om
502 1162 41 20 den
558 1160 125 28 utreduing,
699 1167 45 14 som
758 1160 7 20 i
780 1159 75 27 frågan
870 1159 47 21 blif-

100 1190 31 21 vit
154 1190 104 28 afgifven,
281 1190 54 21 efter
349 1190 37 21 det
401 1190 115 21 ständerna
532 1189 84 28 afgifvit
631 1190 37 20 sitt
684 1195 50 14 svar
751 1188 13 21 &
781 1187 35 21 vid
832 1190 85 18 senaste

100 1218 102 28 landtdag
216 1218 110 28 förelagda
340 1218 132 28 proposition
487 1218 7 20 i
510 1219 77 19 ämnet.

169 1246 57 22 Herr
241 1246 143 22 Molander:
400 1246 60 21 Hans
476 1246 102 27 Majestät
592 1245 98 21 lemnade
706 1244 75 27 redan,
793 1244 26 20 dä
830 1244 88 20 ärendet

101 1275 34 20 vid
147 1277 84 18 senaste
242 1275 101 27 landtdag
353 1274 91 27 förevar,
456 1274 154 27 upplysningar
620 1274 7 20 i
638 1274 82 24 ämnet,
732 1273 40 21 och
783 1271 83 21 säledes
877 1272 42 20 kan

101 1304 62 20 ordet
179 1303 187 27 ,fullständigare*
382 1302 61 21 äfven
459 1302 28 27 pä
502 1302 41 20 den
558 1302 70 27 grund
643 1302 96 20 försvara
750 1301 39 31 sin.
807 1300 53 26 lats;
870 1306 48 14 men

101 1332 36 20 det
153 1332 110 26 upplystes
279 1331 69 27 äfven,
364 1333 32 18 att
411 1331 70 27 nägon
496 1330 115 27 utredning
626 1336 28 14 nu
669 1329 90 21 kommit
775 1330 38 24 till,
825 1328 39 20 och
875 1330 45 24 tyc-

101 1360 38 20 ker
152 1360 48 27 jag,
216 1361 32 19 att
266 1359 66 28 sagda
350 1359 86 27 uttryck
455 1358 63 21 äfven
536 1358 85 20 derföre
640 1359 23 19 är
682 1358 28 26 pä
725 1357 37 21 sitt
778 1356 68 33 ställe.
877 1355 43 21 För

101 1387 65 28 öfrigt
181 1388 38 20 har
234 1387 38 21 här
288 1387 90 25 anförts,
395 1389 31 19 att
436 1386 48 22 icke
494 1386 67 27 några
571 1386 91 21 motiver
673 1385 68 21 blifvit
752 1384 94 32 angifna,
857 1384 61 32 hvar-

101 1416 46 20 före
165 1415 148 28 ridderskapet
332 1415 39 21 och
390 1415 61 21 adeln
469 1414 84 48 sija
570 1420 11 14 e
600 1414 32 20 sin
650 1414 104 27 begäran,
770 1419 47 14 men
831 1419 38 21 jag
884 1412 35 20 vill

101 1444 89 26 minnas,
206 1445 32 19 att
262 1443 127 21 ständernas
408 1450 49 14 svar
475 1442 68 21 skulle
578 1448 69 14 komma
666 1444 32 18 att
717 1442 85 20 affattas
821 1440 99 26 sälunda,

102 1474 31 18 att
149 1472 125 26 ständerna,
291 1471 33 21 för
339 1473 31 19 att
385 1471 48 21 ioke
447 1471 74 27 längre
537 1470 117 28 uppskjuta
670 1470 40 20 och
724 1469 95 27 fördröja
833 1468 87 28 frägans
