1078 1700
203 95 42 21 204

174 151 148 28 ersättningen
338 151 42 21 kan
396 150 81 21 således
494 151 20 27 ej
530 158 28 14 nu
573 152 77 26 utgöra
666 152 69 27 någon
752 151 75 28 grund,
843 154 50 18 utan
910 152 38 20 har
963 154 32 18 ut-

173 182 83 20 skottet
280 181 71 19 ansett
370 179 35 21 det
424 180 37 20 här
479 179 123 28 föreslagna
621 180 103 26 beloppet
743 187 51 13 vara
813 180 127 27 fullkomligt
956 180 40 20 till-

173 209 101 27 räckligt,
290 208 126 27 isynnerhet
431 214 55 20 som,
503 215 35 13 om
554 208 84 20 arbetet
654 208 31 20 till
696 208 52 27 följd
764 208 23 20 af
804 208 153 28 försäljningen
974 208 23 20 af

175 240 32 19 ett
230 238 70 20 större
319 236 77 27 belopp
418 236 115 27 stämpladt
552 243 82 21 papper
652 236 63 27 ökas,
738 236 122 21 inkomsten
879 236 32 21 för
934 236 62 21 dessa

173 266 132 28 tjenstemän
321 265 65 20 också
402 264 122 28 derigenom
535 265 40 20 blir
591 266 75 19 större.

244 293 58 21 Herr
317 292 122 28 Pipping,
456 292 99 21 Fredrik:
579 292 43 21 För
633 294 42 20 min
687 293 33 21 del
732 293 42 21 kan
784 294 36 27 jag
831 294 20 27 ej
862 293 67 21 heller
940 292 56 22 finna

175 325 32 18 att
218 322 26 21 de
260 324 34 18 tre
310 321 68 21 första
394 321 94 21 talarene
504 321 72 21 anfört
591 322 75 27 giltiga
681 322 46 20 skäl
740 322 34 20 för
785 322 119 27 antagande
920 321 22 21 af
956 321 40 21 den

175 351 77 27 nådiga
276 350 166 27 propositionen.
473 349 43 21 Det
535 351 24 19 är
577 356 26 14 en
622 350 92 27 gammal
733 350 57 20 känd
809 350 48 26 sak,
880 352 31 18 att
927 350 69 20 lands-

175 380 150 20 kamrerarnes
341 378 74 20 arbete
430 378 48 20 med
494 378 62 20 karta
575 378 91 27 sigillata
681 378 48 21 icke
745 379 23 19 är
784 378 69 28 ringa,
872 378 126 27 isynnerhet

173 408 8 20 i
217 408 28 20 Åbo
261 407 45 26 län,
322 406 70 21 såsom
411 406 40 20 den
467 406 66 20 förste
552 406 80 21 talaren
653 407 66 20 redan
735 408 119 25 omnämnt;
877 413 48 14 men
941 406 57 21 hvad

175 436 36 21 det
234 434 141 27 vidkommer,
394 436 32 19 att
446 436 14 18 t.
481 441 33 14 ex.
538 434 138 22 forststatens
698 435 122 21 inrättande
843 435 68 20 skulle
934 434 64 21 hafva

175 464 95 21 medfört
293 462 125 28 ytterligare
441 463 95 27 göromål
559 463 33 20 för
615 463 212 26 landskamrerarne,
850 465 31 19 att
901 463 97 20 undsätt-

175 491 192 29 ningsåtgärderna
389 493 41 19 tätt
449 491 39 21 och
507 491 45 21 ofta
570 492 41 20 öka
633 492 62 20 deras
714 492 74 20 arbete
807 492 40 20 och
865 493 31 19 att
916 491 81 21 skatte-

177 520 174 28 köpsärendenas
368 519 114 28 aftagande
498 520 93 20 minskat
607 520 61 20 deras
684 520 128 26 inkomster,
836 520 68 20 skulle
919 520 27 20 ha
961 520 37 20 nå-

175 552 38 25 got
228 548 156 28 sammanhang
399 548 48 21 med
465 548 141 21 förevarande
621 548 71 27 fråga,
712 548 36 21 det
763 548 41 21 kan
818 548 39 28 jag
871 548 47 21 icke
934 548 63 21 finna.

175 578 55 21 Lika
252 577 48 21 litet
320 577 42 20 kan
380 577 38 27 jag
436 577 67 20 förstå
522 577 54 20 huru
597 577 69 20 denna
684 577 226 28 procentbestämning
928 578 23 19 är
966 579 32 18 att

174 606 106 21 likställas
296 605 47 21 med
359 605 128 28 indragning
502 605 23 20 af
538 606 92 27 tjenster
646 605 40 21 och
702 605 42 21 den
759 605 188 28 grnndlagsenliga
961 605 36 21 be-

174 634 112 27 handling;
310 641 44 13 som
374 633 73 21 dervid
465 633 149 21 förekommer.
645 633 33 22 De
696 633 98 22 förefalla
813 633 43 28 mig
875 634 70 20 såsom
964 633 33 21 för

174 662 124 22 hvarandra
320 662 87 20 alldeles
429 662 132 20 fremmande
579 662 69 21 saker.
679 663 105 20 Deremot
801 662 38 20 har
858 663 27 25 på
903 662 43 20 min
966 661 30 21 öf-

175 691 124 28 vertygelse
317 690 45 21 helt
380 690 40 21 och
439 690 64 21 hållet
521 690 76 21 verkat
617 691 26 20 de
665 690 38 21 ord
721 691 106 20 utskottet
850 690 37 21 här
906 691 90 27 nyttjat:

175 720 64 25 »Men
260 719 36 21 det
314 719 64 28 följer
396 718 65 21 redan
480 719 23 20 af
521 719 289 27 stämpelpappersafgiftens
832 719 164 27 bevillningsna-

175 751 42 23 tur,
233 749 32 19 att
281 747 40 20 den
337 749 23 18 är
376 747 144 20 underkastad
535 747 144 28 föränderliga
694 747 159 28 bestämningar
869 747 38 20 och
924 749 31 18 att
970 747 26 20 de

175 776 93 28 sportlar
287 776 23 20 af
326 775 123 21 densamma
476 775 91 28 härflyta
585 775 48 21 icke
654 776 72 20 kunna
744 778 127 24 garanteras
896 775 101 21 förblifva

176 804 96 28 ständigt
287 804 53 24 lika,
361 803 100 22 hvarföre
475 804 48 20 icke
539 804 66 20 heller
621 811 25 13 en
662 804 157 27 förminskning
835 804 5 20 i
857 803 36 22 det
908 803 89 27 arvode,

175 835 89 19 hvarom
280 833 39 20 här
336 833 22 20 är
372 832 70 27 fråga,
462 833 41 20 kan
520 832 64 21 blifva
603 832 89 21 föremål
708 832 32 21 för
756 833 80 20 sådana
851 833 27 26 på
893 832 105 27 grundlag

175 861 78 22 stödda
271 861 173 26 reklamationer,
464 867 45 14 som
525 861 23 20 af
561 860 157 28 förminskning
732 861 7 20 i
755 861 68 27 öfriga
841 861 156 20 löneförmoner

176 891 72 20 kunna
266 889 138 21 motiveras".
435 889 58 20 Skall
512 889 75 27 hvarje
603 889 136 27 tjensteman,
756 896 44 14 som
817 889 73 21 mister
906 889 92 27 sportlar

177 919 27 27 på
218 919 67 26 något
301 919 42 19 sätt
359 919 91 19 ersättas
465 924 77 20 genom
560 925 26 13 en
602 925 28 20 ny
649 917 229 28 lagstiftningsåtgärd,
898 917 23 20 så
936 917 61 21 torde

177 947 21 20 vi
216 947 23 20 få
254 946 73 27 dylika
342 946 37 20 fall
395 947 69 26 jemnt
483 946 39 20 och
541 946 102 27 ständigt.
674 945 42 28 Jag
734 946 41 20 kan
799 946 82 21 således
898 946 19 27 ej
934 947 64 19 annat

176 977 25 18 än
217 975 109 27 tillstyrka
341 974 120 27 antagande
478 974 22 21 af
513 974 118 21 utskottets
647 974 137 21 betänkande
798 975 7 20 i
821 974 69 21 denna
906 974 40 20 del.

244 1003 59 21 Herr
319 1003 148 24 Schauman,
484 1002 19 21 J.
521 1003 34 20 A.:
579 1002 69 21 Sedan
666 1003 48 20 herr
725 1003 94 27 Pipping
829 1004 67 26 yttrat
907 1002 42 27 sig,
960 1002 38 21 har

173 1033 39 26 jag
227 1032 55 20 intet
297 1031 72 20 vidare
385 1033 32 18 att
435 1031 97 28 tillägga,
552 1033 50 18 utan
621 1031 36 20 vill
668 1031 62 21 "blott
746 1031 107 28 tillstyrka
868 1030 129 28 antagandet

175 1061 23 20 af
215 1060 119 21 utskottets
353 1059 146 27 betänkande,
522 1059 83 21 hvilket
621 1060 38 27 jag
676 1066 62 14 anser
753 1060 6 20 i
776 1059 70 21 denna
862 1059 69 28 punkt
946 1066 51 14 vara

177 1088 130 27 fullkomligt
322 1088 78 27 tydligt
415 1088 134 21 motiveradt.

246 1117 80 21 Grefve
342 1116 101 21 Creutz:
466 1116 43 28 Jag
523 1116 94 28 begärde
633 1116 121 28 egentligen
770 1116 69 27 ordet,
854 1116 33 21 för
902 1117 32 20 att
950 1115 48 22 med

176 1146 66 27 några
258 1145 38 21 ord
312 1145 88 21 bemöta
412 1145 73 27 grefve
501 1145 113 27 Armfelts,
628 1145 34 27 A.,
678 1145 111 27 yttrande,
805 1145 27 21 då
847 1145 41 21 han
904 1144 51 22 sade
966 1146 31 19 att

177 1174 209 24 landskamrerarne,
402 1180 32 14 om
451 1173 26 21 de
493 1173 66 21 också
569 1173 56 27 finge
641 1180 57 14 mera
715 1174 83 26 arbete,
815 1173 62 21 äfven
892 1173 22 21 få
929 1174 69 20 större

175 1202 102 21 inkomst.
307 1202 43 20 Det
366 1202 38 20 har
417 1202 37 27 jag
469 1202 69 26 aldrig
556 1202 102 20 bestridt:
681 1209 33 13 om
731 1202 25 20 de
772 1202 90 27 försälja
876 1208 60 14 mera
951 1202 47 20 kar-

177 1233 39 23 tor,
236 1230 41 21 blir
296 1230 65 21 också
380 1230 61 20 deras
460 1230 93 21 inkomst
572 1232 78 24 större,
672 1232 52 18 utan
736 1230 40 28 jag
790 1229 39 22 har
844 1230 75 20 endast
935 1230 63 26 visat,

176 1261 33 19 att
227 1258 42 21 den
288 1266 42 20 nya
348 1258 165 28 författningen,
535 1265 77 21 genom
631 1258 138 22 föreskriften
788 1260 32 19 att
837 1258 104 27 förslager
959 1258 39 20 och

176 1287 163 27 redovisningar
354 1287 61 20 skola
430 1287 90 27 afgifvas
536 1286 75 28 hvarje
631 1287 53 21 halft
702 1288 24 20 år
741 1287 6 20 i
763 1287 70 21 stället
851 1286 35 21 för
901 1293 27 14 en
943 1287 57 27 gång

176 1323 35 13 om
227 1316 56 25 året,
302 1315 62 27 gifvit
383 1315 47 21 dem
446 1315 88 21 dubbelt
553 1315 85 27 arbete,
660 1315 68 21 under
744 1315 36 21 det
796 1315 61 21 deras
872 1314 60 21 löner
946 1315 53 20 min-

177 1344 59 20 skats
251 1344 33 20 till
299 1344 86 20 hälften.

246 1372 99 20 Friherre
362 1379 49 13 von
426 1372 77 20 Born:
525 1372 42 28 Jag
583 1372 38 20 ber
636 1374 31 18 att
683 1372 21 20 få
719 1372 75 21 förena
809 1371 42 22 mid
867 1371 49 21 med
932 1372 25 20 de
968 1373 32 19 ta-

177 1401 53 26 lare,
254 1408 45 13 som
319 1400 97 21 förordat
438 1400 58 21 bifall
514 1400 31 21 till
564 1400 118 21 utskottets
705 1400 142 21 betänkande.
877 1400 43 27 Jag
938 1406 62 14 anser

177 1431 32 19 att
224 1429 26 21 de
266 1428 56 26 skäl,
339 1436 45 13 som
400 1429 107 21 utskottet
523 1428 71 21 anfört
609 1430 37 19 äro
662 1429 24 20 så
701 1429 85 21 talande
802 1430 31 20 att
844 1428 97 21 deremot
951 1428 49 21 med

177 1458 36 26 fog
229 1457 110 27 ingenting
354 1456 42 21 kan
412 1457 92 21 anföras.
535 1457 42 28 Jag
592 1457 38 21 ber
646 1459 32 19 att
694 1458 56 19 ännu
765 1457 22 21 få
798 1457 87 27 tillägga
896 1456 36 21 två
943 1456 57 28 skäl,

177 1486 72 20 hvilka
264 1485 58 27 icke,
340 1485 70 21 såvidt
422 1486 39 27 jag
476 1485 82 21 kunnat
573 1486 63 26 höra,
650 1485 127 21 framhållits
793 1486 23 20 af
827 1485 59 26 dem,
902 1491 45 15 som
958 1484 42 22 för-
