1078 1700
860 77 26 21 69

90 132 44 21 Det
152 132 39 20 har
209 132 109 21 anmärkts
334 134 32 19 att
381 132 145 27 socknestuga
541 132 63 21 äfven
620 132 69 21 skulle
704 132 73 22 kunna
792 132 123 28 inbegripas

90 160 8 21 i
113 160 41 21 den
173 160 122 28 föreslagna
310 160 151 27 redaktionen,
477 167 49 14 men
539 161 38 27 jag
592 161 39 21 ber
646 163 32 19 att
692 160 22 22 få
728 161 56 21 fästa
799 161 116 28 uppmärk-

90 188 112 22 samheten
224 188 35 22 vid
281 191 33 19 att
328 190 39 20 här
385 189 73 27 längre
478 188 55 21 fram
551 189 87 28 mycket
652 189 78 28 tydligt
745 189 88 28 stadgas
849 192 40 24 att,
907 190 6 20 i

89 217 38 21 fall
150 218 79 26 kapell-
252 218 40 20 och
310 217 227 28 moderförsamlingen
556 218 65 20 hafva
640 224 124 21 gemensam
783 218 132 21 kommunal-

90 245 141 29 förvaltning,
248 246 24 20 så
287 246 60 20 skola
362 246 27 21 de
404 246 63 20 äfven
483 248 134 25 gemensamt
628 246 124 21 underhålla
762 246 152 28 socknestuga.

91 286 26 3 —
134 274 64 21 Hvad
214 274 42 21 den
272 274 22 21 af
307 274 90 21 friherre
413 281 40 14 von
469 274 60 21 Born
544 274 115 21 förordade
674 274 150 28 förenklingen
841 274 23 22 af
872 274 42 22 den

90 302 24 21 af
131 303 44 27 mig
190 302 122 28 föreslagna
327 302 141 21 redaktionen
483 302 110 27 beträffar,
609 303 36 21 vill
658 303 39 27 jag
712 303 102 21 anmärka
830 305 32 19 att
875 303 40 28 jag

89 330 56 22 hade
167 331 111 27 föreslagit
297 331 111 27 uttrycket
426 333 65 24 ,,utan
511 331 86 21 bistånd
617 331 24 21 af
654 331 212 28 moderförsamling'
881 332 34 20 för

90 361 31 19 att
139 359 134 28 undanrödja
288 360 28 20 all
331 359 146 28 tvetydighet;
493 359 66 21 sådan
574 360 72 20 kunde
662 360 106 27 nemligen
784 360 79 27 uppstå
879 366 34 14 om

90 390 15 18 t.
121 395 34 13 ex.
171 395 26 13 en
214 391 77 24 patron
306 388 135 20 underhåller
456 388 84 28 kyrkan
556 388 39 20 och
611 388 100 28 bidrager
726 388 32 21 till
773 388 49 21 dess
836 388 78 21 under-

90 416 52 27 håll,
158 416 35 21 vid
209 416 81 21 hvilket
304 416 36 21 fall
356 416 226 28 moderförsamlingen
597 416 48 21 icke
662 416 61 21 torde
738 416 129 28 pretendera
882 416 32 21 bi-

90 444 53 28 drag
164 445 47 21 från
233 444 236 28 kapellförsamlingens
489 444 45 22 sida
552 445 33 21 för
601 445 133 21 underhållet
750 445 51 21 eller
815 445 99 28 uppbyg-

89 473 80 28 gandet
185 473 22 21 af
220 473 166 28 moderkyrkan.
410 472 62 22 Dock
487 473 38 21 har
538 474 39 27 jag
591 473 55 21 intet
661 476 58 18 emot
734 475 32 19 att
780 473 76 21 förena
870 474 44 27 mig

90 502 30 20 uti
136 501 41 22 den
193 502 23 20 af
229 502 89 20 friherre
334 508 41 14 von
390 501 59 21 Born
464 501 122 29 föreslagna
599 501 153 28 redaktionen,
763 501 84 22 hvilken
859 502 55 21 ändå

90 530 61 21 torde
167 537 51 14 vara
234 530 123 28 tillräckligt
372 530 74 28 tydlig.

158 558 100 22 Friherre
275 558 107 21 Linder:
409 558 40 21 Till
465 558 129 22 bemötande
609 558 25 22 af
646 558 56 22 hvad
717 558 90 22 friherre
818 558 98 21 Aminoff

90 587 71 21 anfört
179 594 35 14 om
230 589 32 20 att
277 594 27 14 en
320 587 191 28 bruksförsamling
526 588 69 20 skulle
611 587 73 21 kunna
698 587 111 28 indragas,
825 587 37 21 vill
875 587 39 28 jag

90 616 103 21 anmärka
213 618 31 19 att
263 616 77 21 sådant
355 617 19 26 ej
391 615 61 22 torde
467 615 44 22 låta
527 617 53 26 göra
595 617 33 26 sig
643 618 52 19 utan
711 615 146 28 vederbörligt
872 615 41 21 till-

89 644 70 21 stånd.
190 644 47 21 Och
258 644 28 21 då
305 645 39 28 jag
366 645 39 20 har
424 644 28 21 all
471 644 116 28 anledning
605 647 34 18 tro
658 646 32 19 att
709 644 62 21 äfven
791 651 26 14 en
833 644 81 27 kapell-

89 673 124 28 församling
227 673 36 21 vid
278 680 26 14 en
320 675 70 26 prests
406 673 79 28 afgång
500 673 42 20 kan
557 673 75 21 förena
647 673 33 27 sig
690 673 49 20 med
750 672 163 21 moderförsam-

90 701 81 28 lingen,
186 701 82 21 företer
282 701 33 28 sig
330 701 74 22 härvid
419 701 64 28 ingen
499 701 84 22 skilnad
594 701 90 22 emellan
696 701 74 21 bruks-
782 701 39 21 och
832 700 81 29 kapell-

89 730 156 27 församlingar.

159 758 100 21 Friherre
275 759 29 20 de
319 758 23 21 la
358 758 131 28 Chapelle:
511 758 12 21 I
533 758 115 27 anledning
658 758 23 21 af
690 757 88 22 friherre
790 764 41 15 von
842 757 70 21 Borns

89 787 101 48 [itrande
209 789 31 18 att
258 787 115 28 uttrycken
392 803 6 10 ,
400 787 85 27 kyrka,
501 787 144 27 klockstapel,
661 786 196 28 begrafningsplats
872 785 41 22 och

104 815 116 28 yrkomur*
240 815 66 21 redan
324 815 69 21 skulle
408 815 65 21 hafva
487 815 154 21 heltochhållet
655 817 79 19 uttömt
750 815 37 20 allt
802 813 57 22 hvad
874 814 39 21 här

89 844 91 27 åsyftas,
200 843 36 22 vill
253 844 39 27 jag
312 843 102 22 anmärka
430 846 31 19 att
476 843 141 21 obduktions-
633 843 40 21 och
688 843 70 21 likhus
774 842 75 22 dervid
864 843 48 20 icke

89 872 130 27 uppräknas.
250 873 42 27 Jag
310 872 32 21 får
360 872 85 21 derföre
464 872 87 21 förorda
567 872 40 21 den
623 871 123 28 föreslagna
760 871 152 21 redaktionen:

88 901 84 28 »kyrka
191 901 47 20 med
256 901 57 20 hvad
331 901 70 20 dertill
420 901 85 26 hörer',
525 901 70 20 såsom
614 901 31 20 uti
664 900 32 27 sig
712 899 147 21 innefattande
874 899 38 21 allt

89 929 56 21 hvad
161 929 75 21 härvid
251 929 43 21 kan
310 929 86 21 komma
410 929 7 20 i
432 929 67 28 fråga.

157 958 54 20 Herr
226 965 47 13 von
290 957 149 21 Bonsdorff:
469 957 102 21 Friherre
587 964 42 14 von
645 957 58 20 Born
719 957 38 20 har
772 956 139 21 missförstått

88 986 53 27 mig,
157 985 27 22 dä
199 986 41 21 han
256 986 106 27 uppgifvit
377 986 36 21 det
426 987 37 27 jag
479 986 69 21 skulle
559 986 57 20 velat
627 985 55 21 efter
693 985 61 20 ordet
765 985 147 27 ,,kyrkomur''

88 1014 51 28 foga
153 1014 63 27 ,,med
231 1015 56 20 hvad
303 1015 69 20 dertill
388 1015 84 20 hörer*'.
504 1015 44 20 Min
563 1014 87 27 mening
665 1021 38 14 var
718 1015 32 19 att
765 1013 64 27 ingen
844 1013 67 28 speci-

87 1042 89 28 ficering
198 1043 69 20 skulle
289 1043 120 28 företagas,
430 1045 8 18 ty
472 1043 73 27 börjar
561 1049 50 14 man
626 1049 26 14 en
668 1043 56 26 gäng
740 1041 88 22 dermed
843 1043 68 19 mäste

87 1078 49 13 man
151 1071 112 27 uppräkna
278 1071 38 21 allt
331 1071 40 21 och
386 1071 74 21 dervid
475 1071 43 21 kan
533 1071 37 21 det
585 1071 40 21 lätt
640 1071 71 20 hända
726 1072 32 19 att
772 1071 67 26 nägot
853 1070 58 21 bort-

87 1099 88 21 lemnas.

156 1127 58 21 Herr
235 1128 142 21 Molander:
407 1127 49 22 Just
475 1128 36 21 det
530 1127 21 22 af
569 1127 91 22 friherre
679 1127 27 21 de
721 1127 21 21 la
757 1127 102 28 Chapelle
874 1133 37 15 an-

86 1156 63 21 förda
171 1156 75 28 tyckes
270 1157 44 27 mig
337 1157 73 21 bevisa
428 1156 165 28 olämpligheten
615 1158 32 19 att
665 1156 56 21 efter
736 1156 61 21 ordet
812 1155 98 28 ,kyrka'

86 1185 80 21 insätta
181 1185 62 25 ,med
258 1185 56 21 hvad
329 1185 71 21 dertill
416 1185 87 27 hörer*';
517 1187 25 26 ty
556 1185 48 21 icke
619 1184 43 21 kan
677 1192 49 13 man
742 1184 34 21 väl
790 1191 51 14 anse
851 1186 14 18 t.
876 1190 34 14 ex.

87 1213 170 21 obduktionshus
272 1214 54 20 höra
340 1214 32 20 till
386 1214 75 27 kyrka.
487 1213 49 21 Den
551 1213 124 28 föreslagna
690 1212 141 22 redaktionen
842 1212 68 21 skulle

87 1242 83 21 säledes
193 1242 49 20 leda
260 1242 30 21 till
309 1244 32 19 att
359 1249 49 14 man
426 1242 68 21 skulle
513 1242 82 28 nödgas
611 1242 125 20 subsumera
751 1241 97 28 mycket,
864 1247 46 14 som

86 1270 48 22 icke
150 1270 39 20 har
204 1270 41 21 den
260 1271 79 20 minsta
354 1270 117 28 gemenskap
501 1270 49 21 med
566 1270 75 28 kyrka.

155 1298 58 21 Herr
229 1299 26 21 af
268 1299 140 27 Forselles,
424 1298 25 22 P.
475 1298 26 21 E.:
527 1298 44 28 Jag
585 1298 96 21 anhåller
696 1300 32 18 att
743 1298 21 21 få
779 1296 131 22 understöda

87 1327 41 21 den
150 1327 23 21 af
193 1327 50 21 herr
265 1334 41 14 von
325 1327 117 21 Bonsdorff
457 1327 122 28 föreslagna
597 1326 148 22 redaktionen.
775 1326 44 20 Det
838 1327 23 19 är
875 1325 35 21 väl

87 1357 48 20 sant
150 1358 32 18 att
197 1356 171 20 obduktionshus
383 1356 48 20 icke
447 1356 39 20 hör
501 1355 32 21 till
549 1355 92 28 kyrkan,
658 1362 48 14 men
718 1354 70 22 dertill
799 1354 38 20 hör
848 1355 15 19 t.
875 1360 34 14 ex.

86 1386 31 20 ett
131 1384 71 21 likhus
218 1384 40 21 och
273 1384 87 28 mycket
375 1386 65 19 annat
455 1390 46 14 som
517 1384 67 20 borde
598 1384 50 27 ingä
663 1384 45 20 här.

155 1412 101 22 Friherre
272 1413 126 21 Walleen:
424 1412 49 21 Med
489 1412 114 28 anledning
619 1412 24 20 af
656 1412 50 20 herr
721 1410 122 22 Molanders
858 1416 51 21 nyss

85 1440 76 29 gjorda
177 1441 141 27 anmärkning
332 1443 32 19 att
379 1441 70 27 någon
464 1440 102 27 domstol,
581 1440 88 21 hvilken
684 1439 108 21 tvistemål
806 1439 7 21 i
827 1438 83 22 föreva-

85 1469 66 21 rande
164 1470 37 21 fall
216 1470 71 21 blefve
302 1469 150 27 underställdt,
468 1469 102 28 möjligen
585 1468 71 22 kunde
672 1468 95 21 förklara
782 1469 32 19 att
829 1466 81 22 obduk-
