1078 1700
183 94 41 20 454

156 150 161 28 propositionen
344 159 33 14 om
404 152 193 28 hällskjutsningen
620 152 6 20 i
650 151 86 21 ståndet
762 151 154 26 behandlades,
941 158 35 14 an-

157 178 39 28 säg
211 186 49 14 man
276 180 37 21 det
328 187 51 14 vara
395 182 32 19 ett
441 180 91 28 ingrepp
547 180 6 21 i
569 180 153 27 eganderätten
739 182 33 18 att
787 180 50 27 vilja
851 180 74 27 päföra
936 180 40 20 den

157 208 159 27 priviligierade
336 209 78 27 jorden
437 208 292 28 skjutsningsskyldigheten.
760 208 64 21 Hvad
848 209 74 20 månne
942 208 34 21 det

157 242 63 20 vore,
242 236 44 21 ifall
310 244 47 14 man
378 237 48 21 ville
445 240 50 24 taga
511 237 48 21 bort
573 236 173 28 grundskatten?
776 236 146 21 Petitionären
940 236 37 21 har

158 264 64 21 bland
237 267 67 19 annat
320 266 80 26 anfört,
424 267 31 19 att
473 265 156 28 grundskatten
646 265 68 21 skulle
729 265 64 21 hafva
808 265 114 28 nediryckt
938 265 38 20 och

156 292 95 22 hämmat
266 293 142 28 jordbrukets
429 294 123 27 utveckling
567 294 6 20 i
589 294 47 20 vårt
651 293 55 21 land.
736 293 43 27 Jag
797 296 45 18 tror
857 295 31 19 att
903 293 6 21 i
924 293 52 21 Sve-

157 320 46 28 rige
213 322 128 26 jordbruket
358 322 115 28 ingalunda
489 323 23 19 är
528 321 124 28 nedtryckt,
668 322 65 20 likväl
749 322 105 20 existerar
864 322 37 20 der
912 321 64 21 också

157 349 163 27 grundskatten.
352 350 49 21 Man
425 350 103 21 behöfver
550 350 48 21 icke
618 350 66 21 tänka
706 350 34 28 sig
758 352 65 19 annat
839 352 24 19 än
881 350 31 21 ett
928 350 48 27 köp,

157 377 34 21 för
206 380 32 18 att
253 378 57 21 finna
326 380 32 20 att
373 379 156 27 grundskatten
545 379 48 21 icke
608 378 38 21 bör
661 379 92 27 aflyftas.
784 378 42 22 Vid
842 381 30 19 ett
887 379 42 26 köp
940 378 35 20 be-

158 406 78 21 räknar
250 414 50 14 man
316 407 136 28 naturligtvis
467 407 54 21 först
538 407 168 27 bruttorevenyn
726 407 22 21 af
771 407 140 27 egendomen,
930 407 46 20 der-

158 434 54 21 ifrån
228 435 101 28 afdrager
344 440 47 16 man
408 435 128 28 utgifterna,
552 435 110 21 deribland
678 436 62 20 äfven
758 436 99 27 beloppet
868 435 22 21 af
904 435 72 21 debet-

157 462 81 22 sedeln.
268 463 49 21 Den
340 464 137 21 återstående
500 470 96 14 summan
620 464 106 20 beräknas
742 464 69 21 såsom
828 465 60 19 ränta
903 464 27 27 pä
946 465 30 19 ett

158 491 53 20 visst
226 492 88 27 kapital.
345 492 43 21 Vill
405 499 48 14 man
469 492 57 28 köpa
541 499 26 14 en
583 492 103 28 egendom
704 492 38 21 och
759 494 23 19 är
795 492 76 28 jorden
882 492 47 21 icke
940 492 35 20 be-

157 519 97 28 skattad,
270 527 27 14 en
313 520 144 28 priviligierad
471 521 60 27 jord,
547 521 24 21 så
586 520 55 21 skall
656 527 26 14 en
699 520 67 28 högre
779 521 139 27 köpesumma
929 520 46 20 der-

155 547 48 22 före
218 548 90 22 betalas.
338 549 42 28 Jag
403 556 62 14 anser
488 548 83 23 derföre
594 551 32 19 att
641 549 156 27 grundskatten
813 549 38 21 bör
866 548 110 22 betraktas

157 577 71 21 såsom
242 578 64 20 ränta
320 578 28 27 på
363 579 32 20 ett
411 578 146 27 ouppsägbart
571 577 34 21 lån
622 578 31 20 till
670 577 91 26 kronan,
778 577 38 22 och
828 580 31 19 att
870 585 47 13 man
929 577 47 21 icke

157 605 28 27 på
200 606 65 27 något
287 607 43 20 sätt
352 606 43 21 kan
418 607 85 20 komma
519 606 31 21 till
565 605 127 28 aflyftandet
708 607 23 20 af
746 606 166 27 grundskatten,
927 613 48 13 man

158 634 34 20 må
208 633 122 22 undersöka
352 634 158 21 hurusomhelst
531 634 39 21 och
593 634 99 21 nedsätta
710 634 54 21 huru
780 635 77 27 många
873 634 103 21 komitéer

157 668 46 14 som
218 662 63 21 helst.
310 662 43 28 Jag
375 663 108 28 afstyrker
501 663 59 21 såväl
575 663 142 21 tillsättandet
732 663 24 21 af
772 663 40 20 den
828 663 86 24 komité,
930 670 45 13 som

157 697 29 14 nu
201 691 25 20 är
240 690 86 28 afsedd,
342 698 46 14 som
404 691 76 28 sjelfva
511 691 114 21 petitionens
641 691 127 28 antagande.

226 719 101 21 Friherre
342 719 132 28 Hisinger,
485 695 30 56 JA
526 719 27 21 V.
564 719 31 27 E,
611 719 99 28 uppläste
726 722 31 19 ett
772 719 116 28 sälydande
904 719 70 21 skrift-

157 746 39 28 ligt
211 747 147 28 andragande:
375 747 47 22 Den
439 748 23 21 af
475 748 48 21 herr
536 748 81 21 Linder
645 749 36 20 sitt
692 747 183 28 petitionsförslag
885 748 91 21 berörda

157 774 74 29 frägan
248 777 24 21 är
283 776 23 21 af
314 777 24 20 sä
348 778 46 19 stor
404 777 45 27 vigt
461 777 33 20 för
504 776 120 21 ordnandet
635 776 22 21 af
666 777 165 27 beskattningen
841 777 7 20 i
859 777 45 20 värt
916 776 58 27 land,

157 805 32 19 att
201 804 40 27 jag
256 804 85 21 befarar
357 805 37 20 dot
410 805 98 26 rättvisa,
524 805 51 20 reda
589 805 39 21 och
642 805 91 28 ordning
749 805 34 20 vid
798 805 146 27 fördelningen
955 805 23 20 af

157 831 155 22 skattebördan
330 833 48 21 icke
393 833 73 21 kunna
481 834 62 20 ernäs
559 835 51 18 utan
626 840 26 14 en
668 833 65 21 sädan
750 833 97 28 grundlig
863 833 113 27 utredning

157 867 45 13 som
214 860 51 26 den,
276 868 45 14 som
333 861 23 21 af
365 861 41 21 den
414 861 121 28 föreslagna
543 861 93 22 komit&n
648 861 68 21 skulle
727 862 86 21 komma
821 864 31 18 att
861 861 113 28 föratagas.

225 888 88 23 Statens
327 889 120 22 inkomster
462 890 71 21 kunna
549 889 47 22 icke
612 890 38 21 och
666 889 22 22 få
702 890 48 21 icke
765 889 103 28 minskas,
888 897 86 20 synner-

157 917 57 27 ligen
238 918 48 21 med
301 918 102 21 afseende
419 919 12 20 &
447 918 26 21 de
493 920 58 19 stora
567 918 119 27 anspråken
703 919 28 26 pä
747 918 148 21 statskomfort
912 919 18 19 vi
946 925 29 14 nu

157 945 72 22 hafva.
258 946 35 21 Då
308 946 144 27 petitionären
469 946 73 21 härvid
557 946 67 21 fästat
639 946 36 21 det
690 946 132 29 uttryckliga
838 946 90 21 vilkoret
943 949 33 18 att

157 974 170 27 grundskattens
343 974 117 29 aflyftande
477 975 75 21 endast
567 975 57 28 finge
639 975 96 28 försiggä
753 978 52 17 utan
820 975 156 28 förminskning

157 1002 24 21 af
194 1004 82 19 statens
292 1003 124 21 nuvarande
431 1003 107 21 ordinarie
553 1003 126 27 inkomster,
695 1011 66 20 vägar
774 1004 37 27 jag
826 1006 33 18 tro
870 1005 32 19 att
912 1004 63 26 ingen

157 1037 67 20 gerna
237 1031 42 21 kan
296 1033 102 19 motsätta
413 1032 32 27 sig
461 1031 40 22 den
517 1031 163 28 ifrägavarando
696 1031 194 28 undersökningen.

226 1059 42 21 Jag
284 1059 65 28 yrkar
364 1060 85 21 derförc
461 1061 27 27 pä
499 1060 128 28 petitionens
639 1060 120 28 antagande
770 1060 39 21 och
820 1059 112 28 derjemte,
944 1062 32 18 att

157 1087 141 22 medständen
321 1089 67 20 mätte
411 1089 98 27 inbjudas
533 1091 31 18 att
587 1089 85 27 deltaga
686 1089 7 20 i
709 1089 132 26 densamma,
864 1089 70 20 säsom
949 1095 26 14 en

157 1116 127 21 ständernas
299 1123 160 21 gemensamma
473 1117 97 27 petition.

225 1143 101 23 Friherre
343 1145 29 21 de
388 1145 24 21 la
427 1145 122 28 Chapelle
565 1146 98 27 uppläste
679 1147 31 19 ett
727 1146 102 27 skriftligt
839 1145 137 27 andragande

158 1173 23 20 af
194 1173 94 27 följande
304 1173 93 27 lydelse:
420 1173 167 28 Ifrågavarande
610 1174 89 27 petition
715 1174 88 28 åsyftar,
819 1176 32 18 att
866 1174 40 20 alla
921 1174 55 20 efter

158 1202 79 20 mantal
259 1201 31 21 till
306 1204 71 18 staten
394 1202 107 28 utgående
523 1202 118 27 utskylder,
661 1202 49 20 med
726 1202 108 27 undantag
850 1202 22 20 af
886 1202 89 20 vakans-

157 1229 100 28 afgiften,
273 1230 69 28 skylle
358 1230 92 27 aflyftas.
481 1230 62 21 Huru
559 1230 39 21 och
614 1232 27 26 på
657 1230 72 21 hvilka
748 1230 68 21 vilkor
834 1230 59 21 detta
908 1230 68 21 skulle

157 1258 128 21 verkställas
300 1259 39 20 och
356 1258 138 28 hvarigenom
510 1259 131 21 statsverket
659 1258 69 21 skulle
746 1260 91 19 ersättas
852 1259 32 20 för
900 1259 76 20 sakna-

158 1286 41 21 den
215 1286 23 21 af
251 1286 64 21 dessa
330 1286 31 21 till
377 1287 159 28 oundgängliga
551 1287 121 21 statsbehof
684 1286 122 28 påräknade
822 1286 77 27 medel,
915 1289 61 25 anty-

157 1314 38 21 der
213 1314 48 22 icke
278 1315 149 27 petitionären.
457 1315 43 28 Jag
515 1318 36 18 vet
567 1315 46 21 icke
630 1315 53 21 huru
700 1315 41 21 han
757 1315 60 21 tänkt
833 1315 32 27 sig
880 1315 96 27 grunden

157 1342 33 21 för
209 1342 40 22 den
272 1343 124 27 föreslagna
418 1343 110 27 åtgärden.
559 1344 75 20 Hvilar
656 1343 41 21 den
721 1344 76 20 endast
816 1344 27 27 på
857 1344 68 20 teorin
942 1350 34 14 om

158 1371 165 21 skattebördans
344 1372 74 26 jemna
440 1372 123 21 fördclande
579 1372 125 27 obetingadt
720 1372 51 20 eller
783 1371 62 21 äfven
861 1372 12 20 &
888 1372 36 20 det
941 1372 34 20 be-

158 1399 88 21 stående
261 1399 143 21 förhållandet
426 1403 55 17 samt
497 1400 89 21 rättvisa
602 1400 40 21 och
658 1400 108 27 billighet?
792 1400 48 20 Den
855 1400 121 27 föreslagna

158 1428 94 20 komitén
269 1428 61 20 torde
346 1428 129 21 ätminstone
494 1428 47 22 icke
557 1428 50 28 vilja
626 1428 118 21 framställa
764 1431 30 18 ett
817 1428 88 28 förslag,
930 1435 45 13 som

158 1456 93 20 beredde
274 1456 26 21 de
323 1463 27 13 nu
374 1456 168 28 skattdragande
565 1464 26 14 en
612 1456 68 21 skänk
704 1457 40 21 och
764 1456 87 28 påförde
866 1456 26 21 de
908 1456 68 28 öfriga

157 1484 267 22 samhällsmedlemmarne
440 1485 26 21 do
485 1485 156 28 skattebidrag,
654 1485 203 28 jordinnehafvaren
871 1485 57 21 förut
943 1487 32 19 ut-
