1078 1700
187 94 42 20 282

157 151 34 20 för
213 150 126 21 löftesmans
362 150 213 28 ansvarsskyldighet
590 158 27 13 m.
634 158 32 19 m.,
686 151 40 21 och
743 151 148 21 remitterades
910 151 70 21 denna

159 179 77 28 nådiga
252 179 133 27 proposition
402 179 30 20 till
448 179 149 27 lagutskottet.

227 236 34 20 2:o
278 235 28 21 H.
323 235 26 21 K.
367 236 111 27 Majestäts
494 236 77 28 nådiga
589 236 144 28 proposition,
753 236 110 28 angående
878 236 102 28 utvidgad

159 264 98 21 handels-
274 264 39 20 och
329 264 161 27 näringsfrihet,
507 265 89 20 hvarvid
611 265 93 27 följande
720 265 68 21 talare
804 265 85 27 yttrade
906 264 38 28 sig.

227 292 58 20 Herr
310 300 46 13 von
381 292 78 21 Born:
483 293 34 21 Då
540 293 69 21 denna
625 293 77 27 nådiga
718 294 133 26 proposition
866 293 116 21 innefattar

159 320 90 28 ändring
272 321 23 20 af
315 321 109 27 åtskilliga
443 322 25 26 $$
487 322 6 20 i
512 322 107 20 allmänna
636 322 73 27 lagen,
728 329 49 13 men
798 322 102 27 derjemte
918 323 24 19 är
960 321 24 20 af

159 349 127 21 ekonomisk
310 350 158 26 beskaffenhet,
492 350 68 21 skulle
578 350 38 28 jag
631 350 79 20 föreslå
724 352 32 19 att
772 350 123 21 densamma
912 350 69 20 blefve

158 378 126 20 remitterad
301 378 31 20 till
347 378 44 27 lag-
408 378 39 20 och
463 378 213 21 ekonomiutskottet.

228 406 58 20 Herr
302 406 103 27 Linder,
421 406 34 20 E.:
479 407 33 20 Då
527 408 74 26 frågan
618 407 34 21 vid
668 409 86 18 senaste
771 407 101 27 landtdag
888 406 93 21 behand-

158 434 59 21 lades
234 435 77 20 endast
327 434 23 21 af
364 435 215 27 ekonomiutskottet,
597 436 67 20 skulle
678 436 38 26 jag
732 436 107 27 tillstyrka
851 437 31 19 att
893 435 40 20 den
945 435 36 20 nå-

159 463 50 27 diga
224 463 162 27 propositionen
402 464 6 19 i
424 465 71 19 ämnet
511 464 64 20 äfven
590 471 29 13 nu
635 464 67 21 skulle
719 464 121 21 remitteras
857 464 30 20 till
902 470 80 14 samma

159 491 91 21 utskott.

228 519 58 21 Herr
310 520 162 27 Grotenfelt,
491 520 34 21 N.:
544 520 43 21 Vid
604 522 85 19 senaste
705 520 102 28 landtdag
823 528 38 13 var
876 521 36 20 det
927 520 55 21 blott

159 548 61 28 fråga
242 555 34 14 om
296 548 122 28 grunderna
437 549 32 20 för
487 549 163 28 författningen,
671 556 48 14 men
739 556 28 13 nu
783 550 23 19 är
821 549 37 20 det
873 549 59 28 fråga
948 556 33 13 om

158 577 167 27 författningens
350 577 86 28 lydelse.
466 578 41 27 Jag
529 585 64 14 anser
615 578 84 21 derföre
718 579 32 19 att
768 578 160 27 propositionen
944 577 38 21 bör

159 606 122 20 remitteras
298 605 31 20 till
344 605 43 28 lag-
404 606 39 21 och
461 607 212 20 ekonomiutskottet.

227 634 33 20 På
275 634 49 20 herr
344 634 153 21 ordförandens
517 635 156 27 framställning
692 635 69 20 beslöt
778 635 148 27 ridderskapet
942 635 40 20 och

160 663 62 20 adeln
239 662 57 27 härå,
314 664 30 18 att
359 663 162 27 ifrågavarande
537 663 77 28 nådiga
629 663 132 28 proposition
778 663 67 21 skulle
861 663 121 21 remitteras

159 691 32 20 till
206 691 43 28 lag-
266 691 39 21 och
322 691 212 22 ekonomiutskottet.

228 747 107 28 Företogs
354 748 31 20 till
405 748 120 21 diskussion
544 751 63 18 stats-
626 749 39 20 och
680 749 245 27 bevillningsutskottets
941 749 40 20 den

161 777 25 20 12
201 777 7 20 i
224 776 70 21 denna
315 777 77 20 månad
414 777 117 28 bordlagda
551 777 135 21 betänkande
706 777 41 20 N:o
766 779 18 24 2,
803 777 6 20 i
828 777 114 27 anledning
960 777 23 20 af

159 805 28 20 H.
204 804 27 21 K.
248 805 112 27 Majestäts
376 805 77 27 nådiga
469 806 131 27 proposition
613 805 110 28 angående
734 805 82 21 inlösen
827 806 24 20 af
859 805 121 21 donations-

159 833 82 28 godsen
256 833 7 20 i
279 833 102 27 Wiborgs
398 833 39 21 och
453 834 31 21 S:t
501 834 87 21 Michels
604 834 41 20 län.

228 861 83 21 Härvid
327 862 95 27 yttrade:

228 889 102 21 Friherre
348 890 26 20 af
392 890 133 21 Schultén:
548 890 43 21 Vid
609 893 86 18 senaste
714 891 102 27 landtdag
832 890 76 21 väckte
924 892 56 19 stän-

160 918 66 21 derna
241 918 61 27 fråga
317 925 33 14 om
367 925 25 14 en
409 919 148 20 kommissions
573 919 151 24 nedsättande,
742 919 32 20 för
790 921 31 19 att
834 921 98 19 närmare
943 926 37 13 un-

160 947 92 20 dersöka
267 947 123 27 grunderna
402 947 32 20 för
446 947 160 21 donatariernas
618 948 39 20 och
668 948 234 21 donationsböndernas
913 949 67 19 ömse-

160 975 68 27 sidiga
251 975 133 26 rättigheter.
415 975 72 28 Enligt
509 976 56 20 hvad
589 976 39 20 den
648 976 78 27 nådiga
745 977 158 26 propositionen
923 976 57 21 inne-

161 1003 73 26 häller,
250 1003 39 20 har
304 1003 28 20 H.
349 1003 27 21 K.
394 1004 99 27 Majestät
509 1004 22 21 af
545 1005 52 20 flera
612 1005 81 27 vigtiga
709 1005 47 20 skäl
771 1006 20 26 ej
806 1005 68 20 funnit
887 1004 51 27 godt
950 1006 31 19 att

161 1032 71 20 dertill
255 1031 79 21 bifalla.
366 1032 48 21 Men
439 1033 74 20 sådant
537 1033 88 20 oaktadt
644 1033 38 20 har
700 1033 107 21 utskottet
825 1033 31 20 uti
871 1033 110 27 ingressen

160 1060 30 20 till
208 1060 36 20 sitt
258 1060 135 21 betänkande
408 1061 105 26 förordat,
530 1063 31 18 att
573 1061 114 21 ständerna
698 1061 68 21 skulle
777 1062 68 20 uttala
856 1061 32 20 sin
901 1061 81 21 saknad

161 1088 100 21 deröfver
281 1090 31 19 att
331 1088 70 21 denna
420 1090 113 26 utredning
549 1090 20 27 ej
585 1090 101 20 erhållits.
716 1090 43 27 Jag
774 1091 67 26 vågar
856 1090 30 20 till
902 1090 80 20 ridder-

160 1117 76 27 skapet
253 1117 39 21 och
308 1117 62 21 adeln
390 1117 120 27 hemställa,
527 1118 105 21 huruvida
647 1119 36 20 det
702 1120 23 19 är
740 1119 97 27 lämpligt
852 1120 41 25 att,
909 1118 27 21 då
951 1120 31 19 ett

160 1146 108 20 bestämdt
288 1146 40 20 och
346 1146 128 21 motiveradt
493 1147 67 27 afslag
579 1149 35 25 egt
630 1154 46 13 rum
693 1148 27 26 på
736 1154 25 14 en
778 1147 124 21 ständernas
918 1147 64 21 fram-

161 1174 111 27 ställning,
287 1174 125 27 ytterligare
430 1175 64 28 draga
510 1176 66 19 saken
591 1175 67 21 under
672 1175 60 21 Hans
748 1176 112 27 Majestäts
873 1175 108 28 pröfning,

161 1202 126 28 isynnerhet
306 1209 46 13 som
370 1202 62 21 Hans
452 1203 99 27 Majestät
567 1204 6 19 i
589 1204 65 20 slutet
672 1204 24 20 af
709 1204 32 20 sin
757 1204 78 27 nådiga
851 1204 130 27 proposition

161 1231 112 27 uttrycker
288 1231 30 20 sin
335 1231 152 27 öfvertygelse,
505 1234 30 18 att
551 1232 115 20 ständerna
682 1232 60 20 skola
757 1232 56 21 finna
829 1232 35 20 det
881 1232 101 28 riktigare

161 1261 32 18 att
211 1261 51 19 utan
282 1259 101 27 dröjsmål
401 1260 53 20 söka
472 1260 105 27 förhjelpa
595 1260 41 20 den
655 1261 77 20 talrika
748 1260 132 28 befolkning,
896 1260 86 21 hvilken

160 1288 75 26 frågan
252 1288 72 26 gäller,
341 1288 31 20 till
388 1295 27 13 en
431 1288 116 28 lyckligare
565 1288 39 21 och
623 1288 47 21 med
687 1289 116 28 allmogens
819 1289 6 20 i
841 1289 67 27 öfriga
923 1289 60 20 delar

160 1316 23 20 af
204 1316 72 20 landet
296 1316 103 27 jemngod
418 1317 109 27 ställning,
546 1318 26 20 än
591 1319 32 18 att
641 1317 97 27 förlänga
756 1318 61 20 deras
838 1317 144 21 umbäranden

161 1351 76 20 genom
262 1344 191 28 undersökningar,
477 1345 72 21 hvilka
571 1345 68 21 skulle
662 1346 31 20 till
716 1352 27 14 en
766 1346 112 20 obestämd
896 1345 87 21 framtid

160 1372 118 27 uppskjuta
302 1372 40 20 den
364 1372 126 22 invecklade
513 1374 87 27 frågans
623 1374 94 27 lösning,
743 1374 39 21 och
805 1374 75 21 endast
905 1380 77 21 genom

160 1400 122 28 kränkning
304 1400 24 21 af
348 1401 37 20 det
408 1402 132 20 närvarande
559 1402 175 21 rättstillståndet
753 1402 71 21 kunde
843 1402 97 20 medföra
957 1409 25 13 en

161 1428 77 21 osäker
260 1429 75 20 fördel.
367 1430 50 20 Med
435 1430 100 21 afseende
551 1431 12 20 å
579 1430 26 20 de
624 1430 46 21 skäl
689 1438 46 13 som
754 1431 88 20 sålunda
857 1431 7 19 i
880 1431 64 20 slutet
962 1431 23 20 af

161 1457 41 20 den
224 1457 78 27 nådiga
325 1458 161 26 propositionen
509 1458 137 27 framställas,
667 1459 66 27 vågar
749 1460 38 26 jag
805 1459 131 21 öfverlemna
952 1459 31 21 till

160 1485 96 27 ståndet,
272 1486 105 21 huruvida
392 1486 37 21 det
439 1487 46 21 icke
502 1494 51 14 vore
568 1487 124 27 lämpligare
708 1487 39 21 och
764 1487 111 28 värdigare
890 1487 36 21 det
941 1487 42 21 för-
