1078 1700
199 103 27 20 68

171 159 137 28 kyrkomur*.
336 158 44 28 Jag
395 165 62 14 anser
473 158 36 21 det
523 164 52 15 vara
590 158 73 28 farligt
678 159 32 20 att
726 158 89 21 sålunda
830 158 124 27 specificera
968 158 27 21 de

171 187 134 29 byggnader,
320 187 47 21 från
383 187 83 21 hvilkas
481 186 134 22 bekostande
631 186 198 28 kapellförsamling
842 186 89 28 befrias;
944 194 50 13 man

171 216 43 21 kan
229 216 109 27 nemligen
354 215 56 22 ändå
424 214 47 22 icke
487 215 112 28 uppräkna
614 215 46 24 allt,
677 222 46 14 som
738 215 7 21 i
761 214 60 22 detta
835 214 102 22 afseende
952 215 42 21 kan

171 244 87 21 komma
272 244 7 20 i
295 244 67 27 fråga.
384 244 44 21 Det
443 243 68 21 finnes
527 245 14 19 t.
557 250 35 14 ex.
607 244 157 27 församlingar,
775 250 45 14 som
831 243 65 21 hafva
906 243 88 21 socken-

170 274 74 26 stuga,
263 272 172 22 obduktionshus
453 279 28 13 m.
499 278 26 14 m.
546 272 39 20 och
605 272 63 21 dessa
683 272 66 21 borde
766 272 33 20 väl
815 272 65 20 också
894 271 100 21 hänföras

170 301 32 21 till
224 308 83 14 samma
327 301 103 27 kategori.
461 301 40 27 Jag
524 300 68 21 skulle
615 300 83 21 således
718 300 80 21 föreslå
817 302 31 19 att
866 300 128 27 stadgandet

171 329 69 21 skulle
254 329 61 28 lyda:
337 331 43 25 ,att
395 329 57 21 inom
468 328 199 29 moderförsamling
682 329 94 21 bekosta
791 329 69 27 kyrka
874 328 49 22 med
938 328 56 21 hvad

170 358 71 21 dertill
256 358 82 21 hörer*.

238 386 102 21 Friherre
359 385 124 21 Aminoff:
513 385 49 21 Med
581 386 115 27 anledning
713 386 23 20 af
749 385 89 21 friherre
853 384 91 22 Linders
959 392 35 20 yr-

170 414 71 21 kande
257 415 28 27 på
300 414 104 28 rättighet
419 414 33 20 för
467 414 193 28 bruksförsamling
674 416 32 19 att
719 414 22 21 få
752 414 150 28 tillgodonjuta
912 420 82 14 samma

169 442 102 22 befrielse
287 450 46 14 som
348 442 249 28 kapellförsamlingarne
607 445 61 25 tager
676 443 38 27 jag
725 443 43 27 mig
779 442 91 21 friheten
881 442 112 27 anmärka,

169 473 32 19 att
217 471 245 27 bruksförsamlingarne
479 471 73 27 intaga
566 478 26 14 en
609 471 44 21 helt
663 471 41 21 och
714 471 66 21 hållet
791 470 134 28 exceptionel
936 470 57 21 ställ-

169 500 52 27 ning
236 500 48 20 från
301 499 26 21 de
342 499 85 28 vanliga
442 499 205 28 kyrkosamfunden.
670 500 34 20 De
720 500 28 20 ha
761 499 130 26 tillkommit,
903 501 45 19 tror
955 499 39 28 jag

169 528 141 27 åtminstone,
332 534 77 21 genom
428 527 159 29 bruksegarens
606 528 162 28 beredvillighet
784 530 31 18 att
829 527 103 21 förskaffa
946 528 47 20 sina

169 556 190 21 underhafvanden
376 562 54 22 egen
446 556 69 28 kyrka
530 556 39 21 och
583 556 27 21 de
621 556 72 21 kunna
703 556 98 28 upphöra
811 557 28 27 på
849 563 81 14 samma
940 557 52 26 sätt,

169 592 78 21 genom
263 585 54 20 hans
331 585 83 20 mindre
431 585 161 28 beredvillighet
609 585 76 26 dertill,
702 585 40 21 och
761 585 72 20 kunna
849 585 83 20 således
954 586 39 19 när

169 620 46 14 som
231 613 56 21 helst
302 613 50 28 ingå
365 613 8 21 i
392 613 41 21 den
451 613 207 28 moderförsamling,
678 613 86 21 hvartill
782 614 26 20 de
824 613 58 21 höra.
898 625 26 3 —
941 612 51 21 Vid-

169 641 129 22 kommande
314 642 47 20 åter
376 642 50 21 herr
440 649 41 13 von
497 641 127 22 Bonsdorffs
639 642 142 27 anmärkning
794 644 44 19 mot
849 641 143 28 stiliseringen

156 670 20 21 -i
191 670 119 21 utskottets
328 669 147 28 betänkande,
490 670 36 21 vill
538 671 39 27 jag
593 671 103 20 anmärka
711 672 32 19 att
758 670 41 21 den
815 671 87 20 baserar
918 669 32 28 sig
964 670 28 27 pä

171 699 9 20 1
201 699 12 27 8
232 699 28 20 28
280 699 49 20 kap.
347 698 26 21 B.
391 698 34 27 B.,
444 698 38 21 der
500 698 36 21 det
551 699 62 20 heter
635 701 33 18 att
682 699 153 27 församlingen
852 698 53 21 skall
920 698 72 28 bygga

168 727 71 21 kyrka
254 727 40 21 och
325 727 41 20 hvad
382 727 69 20 dertill
461 727 74 20 hörer:
549 727 71 21 såsom
632 727 144 28 klockstapel,
787 727 117 28 kyrkomur
915 733 45 14 o.s.
972 733 18 14 v.

189 755 91 21 illsätter
295 762 48 14 man
360 755 66 28 enligt
441 755 49 21 herr
505 762 41 14 von
562 755 126 21 Bonsdorffs
703 755 82 28 förslag
800 755 59 26 ,med
875 754 55 21 hvad
944 754 47 21 der-

169 783 32 21 till
216 783 82 28 hörer*,
313 783 68 21 skulle
398 791 25 13 en
434 783 78 21 latitud
522 784 141 27 uppkomma,
675 791 45 14 som
732 784 71 21 kunde
815 783 47 22 leda
872 783 31 21 till
914 784 77 27 många

167 811 165 28 förvecklingar.
362 811 87 28 Lagens
467 812 118 27 stadgande
605 812 97 21 deremot
720 814 24 19 är
763 813 78 27 tydligt
859 812 39 21 och
913 818 77 21 propo-

168 840 92 21 sitionen
281 840 73 21 stöder
372 840 33 28 sig
423 841 28 27 på
470 840 128 27 detsamma;
613 841 44 27 lag-
673 841 40 21 och
728 841 209 21 ekonomiutskottet
967 847 23 14 har

168 869 62 20 äfven
246 870 88 26 uppsatt
350 869 37 20 sitt
402 869 146 27 betänkande,
563 869 50 21 med
626 870 67 27 några
703 869 178 27 modifikationer,
895 869 3 20 i
910 875 80 14 samma

167 897 67 49 syfte,
250 897 40 21 och
305 897 33 21 får
350 897 39 28 jag
403 896 85 22 derföre
503 897 80 21 föreslå
597 899 32 19 att
644 897 147 22 betänkandet
800 898 66 21 måtte
877 897 23 21 af
909 897 80 21 ridder-

167 927 78 26 skapet
261 925 41 21 och
316 925 62 21 adeln
395 925 137 22 oförändradt
547 928 98 26 antagas.

236 953 102 22 Friherre
360 953 128 22 Walleen:
518 953 43 29 Jag
583 955 47 20 åter
648 954 68 21 skulle
736 955 112 20 hemställa
867 961 33 14 om
917 954 36 21 det
968 954 20 28 ej

167 989 53 14 vore
236 982 46 21 skäl
298 984 31 19 att
344 984 79 26 antaga
438 982 40 21 den
494 983 23 20 af
529 983 50 20 herr
595 989 40 14 von
651 982 119 22 Bonsdorff
782 983 120 27 föreslagna
913 983 75 20 redak-

167 1010 83 27 tionen,
266 1010 82 21 kanske
367 1011 83 20 likvisst
465 1011 49 20 med
533 1011 40 20 den
590 1011 125 28 förändring
730 1013 32 19 att
778 1011 65 21 orden
859 1011 59 26 ,med
933 1011 56 21 hvad

167 1038 71 21 dertill
254 1039 74 20 hörer*
344 1039 70 20 skulle
428 1039 96 28 placeras
539 1039 48 21 icke
603 1040 55 21 efter
674 1041 62 20 ordet
751 1040 97 27 ,kyrka*,
864 1041 60 24 utan,
940 1040 49 21 med

167 1067 151 21 bibehållande
334 1067 23 21 af
369 1067 118 21 utskottets
503 1068 125 27 stilisering,
644 1069 55 20 efter
714 1069 62 20 ordet
791 1068 145 28 ,kyrkomur*.

235 1095 101 22 Friherre
352 1103 49 14 von
416 1095 77 22 Born:
523 1096 71 21 Afven
609 1097 39 27 jag
663 1103 63 16 anser
742 1099 32 18 att
790 1096 109 28 uttrycket
913 1097 33 25 ,åt
956 1097 33 28 sig

167 1123 68 29 byggt
254 1124 40 21 och
312 1124 132 21 fortfarande
462 1124 147 22 underhåller"
629 1125 40 21 kan
690 1125 29 21 bli
736 1125 144 21 vilseledande
895 1125 35 21 vid
945 1125 43 21 för-

165 1152 133 21 fattningens
321 1153 143 28 tillämpning,
488 1153 40 21 och
549 1154 86 20 förenar
652 1154 44 27 mig
716 1153 83 21 således
817 1154 8 20 i
843 1153 40 21 den
904 1154 23 20 af
940 1154 49 20 herr

165 1156 113 57 Molätider
296 1181 76 28 gjorda
390 1181 150 28 anmärkning;
559 1182 56 21 dock
630 1182 68 21 skulle
710 1182 40 28 jag
764 1182 80 21 föreslå
858 1183 32 19 att
905 1182 33 20 för
952 1190 36 13 en-

166 1209 113 21 kelhetens
298 1210 54 20 skull
371 1209 128 28 stadgandet
518 1210 69 21 skulle
605 1210 86 22 komma
708 1212 32 19 att
755 1210 60 28 lyda:
838 1210 88 26 ,varder
940 1210 48 22 här-

165 1237 85 28 igenom
268 1238 100 27 stadgadt
384 1240 32 19 att
431 1238 205 28 kapellförsamling,
650 1246 46 14 som
707 1239 136 21 underhåller
854 1246 53 20 egen
919 1238 69 28 kyrka

165 1266 34 20 för
213 1266 189 27 upprätthållande
417 1266 31 21 af"
464 1274 18 13 o.
499 1274 16 14 s.
531 1274 20 14 v.
562 1279 29 3 —
625 1267 41 21 Hvad
682 1268 46 20 åter
745 1267 100 21 beträffar
860 1267 37 21 det
908 1267 22 21 af
939 1268 49 20 herr

165 1300 41 14 von
228 1294 118 21 Bonsdorff
366 1294 133 22 framställda
520 1295 81 28 förslag
624 1298 32 18 att
674 1296 60 26 ,med
753 1296 56 20 hvad
825 1295 71 21 dertill
914 1296 73 21 hörer*

165 1322 69 21 skulle
250 1323 98 27 tilläggas
364 1323 56 21 efter
435 1323 61 21 ordet
511 1323 146 28 ,kyrkomur*,
673 1331 65 14 anser
750 1324 39 28 jag
804 1324 118 20 detsamma
935 1324 52 20 min-

165 1350 38 22 dre
227 1351 106 28 lämpligt,
352 1352 88 20 emedan
460 1352 43 28 mig
523 1359 64 21 synes
602 1354 42 23 att,
659 1359 79 21 genom
753 1352 155 28 uppräknande
926 1352 23 21 af
961 1352 26 21 de

164 1378 99 28 föremål,
278 1380 47 20 från
340 1380 84 20 hvilkas
439 1380 132 21 bekostande
583 1380 250 28 kapellförsamlingarne
845 1380 87 32 befrias,
944 1382 43 19 äm-

163 1409 37 19 net
215 1407 66 21 redan
296 1409 89 19 uttömts
402 1409 23 20 sä
439 1411 32 18 att
486 1409 54 21 intet
558 1403 17 38 ,,
570 1409 49 21 med
634 1410 73 20 mera'
722 1408 103 22 behöfver
840 1409 88 27 tillägga
935 1416 16 13 s.

232 1436 58 21 Herr
308 1436 141 21 Molander:
479 1436 42 28 Jag
539 1437 33 20 för
591 1437 42 21 min
650 1437 34 21 del
699 1437 43 21 kan
758 1438 19 27 ej
794 1438 65 20 heller
874 1436 113 28 godkänna

163 1464 41 21 den
220 1464 24 20 af
258 1464 50 21 herr
322 1471 42 14 von
380 1464 117 22 Bonsdorff
510 1465 122 28 föreslagna
647 1466 141 20 redaktionen
799 1466 52 20 eller
861 1467 33 19 att
904 1465 26 21 de
940 1465 46 21 från

161 1492 107 21 allmänna
291 1492 61 28 lagen
372 1495 65 25 tagna
455 1493 88 21 alldeles
562 1494 125 27 expressiva
705 1494 66 21 orden
790 1494 68 20 skulle
873 1494 113 20 uteslutas.
