1078 1700
205 87 41 21 172

178 144 162 28 propositionen
362 144 68 21 skulle
451 145 168 21 återremitteras
643 146 30 20 till
694 148 64 18 stats-
778 146 39 21 och
836 146 160 28 bevillningsut-

178 173 82 21 skottet
279 172 33 21 för
330 174 32 19 att
381 174 51 26 taga
447 172 7 21 i
470 172 158 28 öfvervägande
644 174 36 20 det
695 174 6 20 i
718 174 40 21 den
774 174 76 28 nådiga
869 175 127 28 propositio-

177 208 41 14 nen
237 200 133 22 framställda
386 201 67 21 andra
468 201 147 27 alternativet,
631 209 46 14 som
692 202 70 21 lyder:
779 203 86 25 ,,Skulle
882 204 116 20 ständerna

178 230 61 25 icke
258 230 75 20 förena
352 230 32 26 sig
403 236 33 14 om
455 229 70 21 denna
544 230 99 28 ändring,
664 210 61 42 förda
742 231 25 21 de
783 231 56 21 finna
854 232 96 27 lämpligt
965 233 32 19 att

179 264 91 22 »genom
288 257 123 28 förhöjning
429 258 6 20 i
451 258 86 20 valören
550 258 13 21 å
578 258 36 21 det
629 259 183 28 stämpelpapper,
831 266 45 14 som
892 260 53 20 skall
961 260 35 20 vid

178 286 179 26 ,embetsverken
371 286 34 20 för
421 286 147 28 expeditioner
583 287 40 21 och
638 288 82 27 inlagor
733 288 118 27 begagnas,
866 288 131 21 tillförsäkra

177 314 133 22 statsverket
326 321 26 14 en
367 315 150 21 motsvarande
529 315 56 21 ökad
595 316 114 20 inkomst."
733 316 43 20 Det
788 316 68 21 skulle
867 316 27 21 då
904 316 92 21 tillkom-

177 350 36 14 ma
227 342 109 22 utskottet
350 346 32 18 att
398 345 96 25 uppgöra
510 345 31 19 ett
556 344 81 28 förslag
647 344 6 20 i
665 344 35 21 det
712 344 57 28 syfte
780 344 67 22 andra
858 345 138 21 alternativet

177 371 129 27 innehåller,
322 371 98 21 hvarföre
433 372 38 27 jag
486 372 79 20 önskar
575 374 40 23 att,
628 380 34 13 om
673 372 149 28 ridderskapet
833 373 39 21 och
882 373 62 21 adeln
955 373 40 21 fat-

178 402 33 19 tar
226 401 32 19 ett
274 400 76 20 sådant
366 400 78 26 beslut,
460 400 130 27 protokollet
606 401 59 21 öfver
680 401 40 21 den
736 408 28 13 nu
775 401 61 21 förda
847 402 148 21 diskussionen

177 429 7 21 i
199 428 69 21 sinom
283 428 31 20 tid
330 428 68 21 skulle
413 428 106 21 utskottet
537 428 119 28 meddelas,
675 436 45 14 som
736 429 27 21 då
778 436 51 14 vore
843 430 7 20 i
866 430 82 20 tillfälle
964 432 32 18 att

177 456 72 28 taga
241 452 16 38 i
268 456 158 28 öfvervägande
448 457 56 21 hvad
527 458 66 26 några
615 458 96 20 ståndets
730 458 137 20 medlemmar
885 458 111 28 föreslagit

177 485 49 21 med
240 484 101 22 afseende
356 486 12 20 å
383 485 121 27 förhöjning
519 485 23 21 af
556 492 25 14 en
598 486 40 20 och
653 493 70 13 annan
752 486 62 27 punkt,
830 486 72 21 hvilka
912 486 81 28 frågor,

177 514 68 20 ehuru
262 513 26 21 de
304 520 26 14 nu
347 514 47 20 icke
409 514 46 27 gått
470 514 95 27 igenom,
581 514 28 21 då
624 514 100 28 möjligen
756 515 55 21 kunde
827 516 95 26 antagas.

246 541 58 21 Herr
320 542 143 21 Molander:
479 542 32 21 På
526 542 25 21 de
568 542 45 21 skäl
627 543 37 28 jag
680 542 66 22 redan
762 543 79 27 anfört,
856 544 86 20 förenar
952 543 43 28 mig

176 571 44 28 mig
234 571 7 20 i
257 571 42 20 alla
314 571 58 20 delar
387 571 48 20 med
451 571 72 28 grefve
539 571 85 21 Creutz.

246 599 58 21 Herr
326 606 47 14 von
396 599 141 20 Bonsdorff
557 599 106 22 instämde
683 600 62 21 äfven
766 600 30 21 uti
815 600 74 28 grefve
909 600 85 21 Creutz”

175 628 109 28 yttrande.
899 647 5 6 ä

245 656 58 21 Herr
318 655 105 28 Linder,
439 656 34 21 E.:
493 657 42 26 Jag
550 656 43 21 kan
609 657 19 26 ej
645 657 56 20 finna
716 657 46 21 skäl
778 657 31 20 till
825 657 70 21 denna
910 657 84 27 åtgärd,

177 684 91 21 emedan
292 684 36 21 det
350 684 72 27 stånd,
447 691 45 14 som
515 685 68 20 skulle
601 685 53 20 afslå
673 685 35 21 det
725 693 45 13 som
786 693 28 13 nu
830 687 23 19 är
868 685 126 27 föreslaget,

177 713 68 20 skulle
261 713 107 20 sannolikt
384 713 65 20 också
464 713 53 21 afslå
533 720 26 13 en
574 713 124 28 förböjning
712 714 6 20 i
734 714 67 21 andra
815 713 123 22 afseenden.

247 741 80 21 Grefve
343 741 104 21 Creutz:
463 741 41 28 Jag
519 743 46 19 tror
580 741 54 21 visst
648 742 48 21 icke
712 744 32 19 att
759 749 81 14 samma
854 742 62 21 stånd
928 742 67 20 skulle

176 769 54 22 afslå
248 776 26 14 en
292 769 122 28 förhöjning
428 769 6 21 i
450 770 65 20 andra
533 769 92 28 punkter
643 772 27 19 än
686 771 46 26 just
747 771 7 20 i
770 770 77 25 denna,
866 771 128 20 åtminstone

176 798 85 27 tycktes
280 798 36 20 vid
333 798 118 21 utskottets
470 798 171 21 sammanträden
657 799 70 26 någon
744 799 147 28 obenägenhet
907 799 31 20 till
952 799 42 20 för-

176 827 80 27 slagets
271 826 127 21 biträdande
413 827 46 20 icke
474 826 139 22 förekomma.
637 827 91 20 Derföre
740 827 67 21 måste
816 827 38 28 jag
864 827 130 20 fortfarande

175 855 55 28 yrka
244 857 32 18 att
292 855 20 20 vi
328 855 68 20 skulle
412 857 49 25 taga
477 855 6 20 i
499 855 157 28 öfvervägande
672 855 36 21 det
723 863 75 13 senare
814 855 143 21 alternativet.

245 883 58 21 Herr
326 883 139 21 Molander:
490 883 34 21 Då
545 884 42 20 den
605 884 77 27 nådiga
701 884 159 27 propositionen
878 884 117 20 innehåller

176 914 79 19 tvenne
270 911 145 27 alternativer,
431 912 39 20 och
485 911 76 22 endast
577 912 36 21 det
628 913 68 20 första
711 912 138 21 alternativet
863 912 85 21 blifvit
941 907 10 36 i
962 914 32 19 ut-

177 940 81 21 skottet
276 940 140 26 behandladt,
435 941 24 20 så
477 940 67 21 skulle
561 941 38 27 jag
614 947 51 14 anse
680 941 33 20 för
729 941 100 27 skickligt
845 940 38 21 och
899 941 96 27 lämpligt

176 970 32 19 att
224 968 65 21 också
308 969 36 20 det
362 968 66 21 andra
443 969 136 20 alternativet
595 969 85 21 komme
696 969 31 20 till
742 969 100 27 pröfning
857 969 6 20 i
878 969 116 26 utskottet,

175 997 110 26 hvarföre,
300 997 7 20 i
322 996 101 21 händelse
445 996 67 22 första
534 997 138 21 alternativet
695 997 19 27 ej
732 997 7 20 i
755 997 41 21 alla
815 997 62 21 stånd
895 999 99 26 antoges,

173 1025 39 28 jag
227 1025 65 28 yrkar
308 1025 26 28 på
350 1025 128 21 återremiss.

244 1053 58 21 Herr
317 1053 195 22 landtmarskalken
527 1054 132 20 framställde
674 1054 32 20 till
722 1054 94 26 ståndet,
835 1053 105 21 huruvida
953 1054 41 20 rid-

176 1082 116 27 derskapet
316 1081 39 22 och
378 1082 61 20 adeln
462 1082 48 21 ville
533 1082 83 21 biträda
638 1082 74 27 grefve
732 1082 85 21 Creutz”
835 1082 80 27 förslag
932 1082 63 27 att,
984 1077 14 36 i

176 1110 101 21 händelse
292 1111 66 27 något
373 1111 23 20 af
410 1110 25 21 de
452 1110 68 28 öfriga
535 1111 90 20 stånden
641 1111 46 20 icke
703 1113 78 25 antoge
796 1111 168 27 anmärkningen
976 1111 18 27 1,

176 1139 127 21 återförvisa
318 1139 89 21 ärendet
423 1139 30 20 till
469 1141 62 19 stats-
547 1139 40 21 och
598 1140 246 27 bevillningsutskottets
857 1139 137 28 behandling;

176 1167 130 21 besvarades
322 1167 48 21 med
386 1167 157 27 öfvervägande
557 1168 29 27 ja.

246 1196 78 20 Grefve
342 1195 101 21 Creutz:
460 1196 43 20 Det
519 1203 50 13 vore
586 1196 82 20 kanske
684 1196 65 20 också
764 1196 96 27 lämpligt
876 1198 31 18 att
922 1195 26 21 de
964 1196 30 21 öf-

175 1224 47 27 riga
237 1224 91 20 stånden
343 1226 57 18 ännu
410 1224 7 20 i
428 1224 41 28 dag
479 1224 164 21 underrättades
654 1231 34 13 om
699 1224 160 27 ridderskapets
870 1224 40 21 och
922 1224 72 21 adelns

175 1252 70 21 beslut
260 1252 7 20 i
282 1252 81 27 frågan.

244 1280 58 21 Herr
318 1280 140 22 Molander:
473 1280 42 28 Jag
529 1280 100 21 betviflar
643 1280 153 28 lämpligheten
811 1280 24 21 af
845 1282 31 19 att
888 1281 106 21 medstån-

176 1309 40 21 den
233 1316 28 13 nu
277 1309 67 21 skulle
360 1309 74 21 härom
449 1309 146 26 underrättas;
611 1310 77 20 månne
704 1309 36 21 det
755 1309 47 21 icke
818 1309 68 21 skulle
903 1316 51 14 vara
964 1309 31 21 tid

176 1337 70 21 dertill
269 1337 65 21 sedan
359 1337 20 20 vi
402 1337 73 21 erfarit
497 1338 53 20 huru
570 1337 25 21 de
615 1337 68 27 öfriga
702 1337 100 21 ståndens
821 1337 70 21 beslut
910 1337 84 21 utfallit.

177 1365 81 27 Gjorde
273 1366 20 20 vi
312 1366 36 20 det
365 1372 37 20 nu,
419 1366 22 20 sä
457 1366 70 20 kunde
543 1366 60 21 detta
618 1366 82 20 kanske
716 1366 79 28 antyda
810 1368 32 18 att
858 1366 20 20 vi
893 1365 102 21 förutsett

176 1393 37 21 det
228 1394 26 20 de
270 1394 48 20 icke
334 1394 86 20 komma
435 1396 31 18 att
481 1396 78 25 antaga
575 1394 109 27 förslaget.

244 1422 58 20 Herr
318 1422 25 20 af
356 1422 139 27 Forselles,
512 1422 35 21 L.:
563 1422 43 28 Jag
621 1422 86 21 förenar
718 1422 42 28 mig
771 1422 49 21 med
831 1422 73 28 grefve
917 1422 77 20 Creutz

177 1450 69 21 deruti
265 1452 32 19 att
316 1450 138 21 medstånden
473 1450 66 22 borde
555 1458 34 14 om
605 1450 161 28 ridderskapets
782 1450 39 22 och
837 1450 73 21 adelns
925 1450 70 21 beslut

176 1485 28 14 nu
219 1480 78 26 genast
312 1478 142 22 underrättas.
