1078 1700
819 86 40 21 221

69 146 103 24 sitionen,
195 144 68 22 skulle
284 145 38 27 jag
334 144 110 21 vördsamt
459 144 80 20 föreslå
553 150 26 14 en
595 143 126 28 ytterligare
736 142 156 29 bordläggning

70 174 23 21 af
106 174 95 20 ärendet.
402 194 10 6 .

139 202 58 21 Herr
213 202 100 26 Linder,
336 201 38 21 E.:
397 201 72 22 Afven
485 202 38 26 jag
539 200 62 22 utber
617 201 43 27 mig
676 202 32 19 att
723 200 21 21 fä
759 200 74 21 förena
849 200 43 28 mig

68 232 7 20 i
92 231 98 21 anhällan
205 238 35 14 om
254 230 162 28 bordläggning.

137 259 101 21 Friherre
261 258 87 28 Boije:
371 258 128 21 Förenande
522 258 44 28 mig
581 264 34 14 om
632 258 41 20 den
690 257 23 21 af
733 257 50 21 herr
798 256 94 29 Pipping

69 288 96 21 uttalade
187 288 56 28 äsigt
266 294 33 14 om
323 287 125 28 ytterligare
464 286 167 28 bordläggning,
648 286 69 20 skulle
731 286 38 28 jag
785 286 50 27 vilja
850 286 41 20 till-

69 318 62 27 lägga
154 317 41 20 den
211 316 91 26 önskan,
322 318 32 18 att
369 315 25 21 de
411 316 74 20 herrar
500 315 127 26 ledamöter,
643 322 46 13 som
705 315 102 27 uppgjort
822 314 70 21 förän-

70 346 65 21 drade
157 344 214 28 redaktionsförslag,
394 344 69 21 skulle
487 344 75 20 affatta
585 344 48 20 dem
656 343 120 27 skriftligen
799 343 40 21 och
860 345 32 19 att

70 374 63 21 dessa
155 374 66 20 sedan
243 374 68 20 skulle
334 373 86 21 komma
435 375 34 19 att
484 372 58 28 ligga
557 373 28 27 pä
601 372 76 21 bordet
690 372 68 28 jemte
774 372 117 21 utskottets

70 402 144 22 betänkande.

137 431 59 21 Herr
218 430 132 21 Molander
370 430 146 21 understödde
539 429 64 21 äfven
625 429 104 28 förslaget
748 429 24 21 af
792 429 99 21 ärendets

70 460 160 28 bordläggning.

159 488 80 21 riherre
254 487 106 21 Wrede:
376 486 133 22 Biträdande
525 487 83 27 äsigten
625 488 31 19 att
671 486 152 21 instrumentet
833 486 59 21 öfver

72 517 139 27 afvittringen
228 516 65 21 borde
308 518 78 26 upptes
402 516 44 20 förr
462 517 26 19 än
506 516 84 27 lysning
606 515 31 21 till
647 514 121 28 äktenskap
779 514 56 29 finge
846 515 45 26 ske,

71 546 95 21 anhäller
176 546 38 27 jag
222 547 32 19 att
264 545 7 20 i
282 544 68 28 öfriga
358 544 58 21 delar
427 544 24 21 af
464 544 26 21 de
501 544 24 20 af
533 544 26 21 de
570 543 130 29 föregäende
711 543 94 21 talarene
816 543 77 29 gjorda

70 575 107 27 förslagen
201 575 21 20 få
244 575 58 26 yttra
324 580 26 14 en
372 573 115 21 afvikande
509 573 94 27 mening.
636 573 42 27 Jag
701 572 64 28 hyser
786 572 106 28 nemligen

71 603 73 21 starka
160 603 81 26 dubier,
256 601 106 22 huruvida
376 602 37 21 det
428 609 52 14 vore
495 602 98 27 lämpligt
609 604 32 18 att
656 601 151 21 instrumentet
823 601 69 21 skulle

71 632 100 27 uppvisas
195 631 33 21 för
251 631 110 26 domaren,
380 632 71 19 säsom
467 637 28 14 nu
511 632 23 19 är
549 630 123 27 föreslaget.
703 629 73 22 Skulle
792 630 19 21 vi
828 629 64 22 hafva

73 662 140 26 permanenta
228 659 116 21 domstolar
358 660 28 27 pä
401 659 82 26 landet,
500 659 24 20 sä
529 659 74 28 ginge
619 659 37 20 det
671 659 117 28 möjligtvis
804 665 33 14 an.
863 659 29 20 Så

71 691 59 19 snart
145 696 26 14 en
188 695 77 22 person
281 688 67 21 skulle
364 688 83 21 anmäla
463 690 32 18 att
510 687 42 21 han
568 687 90 21 ämnade
673 687 51 28 ingä
738 689 32 18 ett
780 689 48 26 nytt
838 687 53 28 gifte

71 717 39 22 och
132 718 75 26 frägan
229 717 112 28 uppstode,
357 717 105 20 huruvida
484 716 42 21 han
542 716 38 21 har
596 716 61 25 barn,
682 715 70 21 kunde
768 715 101 22 domaren
884 715 8 21 i

71 746 75 21 sädant
161 746 36 21 fall
212 748 75 25 genast
302 747 48 19 utse
365 745 136 28 förmyndare
517 745 33 20 för
566 745 57 26 dem,
644 744 82 21 hvilket
741 751 29 14 nu
784 744 108 21 erfordrar

72 782 26 13 en
122 775 74 27 längre
212 775 39 25 tid,
274 777 31 18 ett
321 774 63 26 halft,
402 774 32 20 till
450 774 39 21 och
506 773 49 21 med
570 775 31 19 ett
617 773 43 21 helt
676 774 31 25 är,
722 773 68 21 under
805 773 87 21 hvilken

72 803 31 21 tid
118 803 26 21 de
160 803 114 28 omyndiga
298 803 89 20 barnens
410 802 106 28 egendom
531 802 44 21 helt
591 802 40 21 och
646 801 65 21 hället
727 801 142 22 öfverlemnas
884 802 7 21 i

73 831 26 22 de
115 839 113 20 personers
251 831 86 27 händer,
360 838 45 13 som
422 831 36 21 vid
477 831 138 27 afvittringen
632 830 39 21 och
691 830 201 28 bouppteckningen

72 861 102 27 uppträdt
189 861 6 20 i
211 860 108 28 egenskap
335 860 23 21 af
371 859 54 28 gode
440 861 56 19 män.
527 859 41 20 Om
584 859 102 20 domaren
702 859 54 28 egde
772 861 31 18 att
819 866 72 13 ensam

72 889 119 21 bestämma
206 889 104 20 huruvida
325 888 137 28 afvittringen
480 890 23 19 är
519 888 65 27 riktig
600 888 50 20 eller
665 888 55 26 icke,
736 888 24 20 sä
771 887 64 21 borde
850 887 42 21 han

73 917 62 22 äfven
151 918 72 20 kunna
238 917 118 21 bestämma
371 924 34 13 om
421 917 56 28 gode
492 919 92 18 männen
603 918 37 19 äro
656 917 24 20 sä
696 916 149 28 gvalificerade
860 918 32 19 att

72 946 51 21 boet
139 946 42 21 kan
197 946 140 21 öfverlemnas
353 946 7 20 i
376 946 61 20 deras
452 945 87 21 händer.
564 945 45 20 Det
619 945 61 20 torde
691 945 64 20 likväl
764 951 51 14 vara
826 945 66 27 lämp-

73 975 66 27 ligare
155 977 31 18 att
202 975 130 21 öfverlemna
347 974 59 21 detta
422 973 162 22 bestämmande
600 973 22 21 ät
637 973 255 28 förmyndarenämnden
883 969 13 37 ,

73 1003 96 26 hvilken,
185 1003 65 28 enligt
266 1003 40 20 den
322 1003 52 20 sista
389 1003 151 27 förordningen
557 1002 23 21 af
593 1003 41 19 den
652 1003 24 20 19
692 1001 121 22 December
829 1003 63 26 1864,

73 1032 36 20 det
131 1032 129 20 tillkommer
279 1034 31 18 att
325 1034 47 18 utse
388 1031 143 28 förmyndare.
563 1031 40 20 Om
619 1030 152 28 förmyndaren
787 1031 68 20 skulle
871 1031 22 20 få

73 1061 273 27 afvittringsinstrumentet
369 1060 32 27 sig
416 1059 108 28 tillstälät,
541 1060 24 20 sä
580 1059 72 21 kunde
667 1059 41 20 han
724 1061 76 26 genast
816 1059 76 21 under-

73 1090 54 20 söka
139 1096 34 14 om
190 1089 117 20 detsamma
322 1090 23 19 är
360 1089 76 27 riktigt
446 1089 42 20 isä
503 1089 74 25 måtto,
593 1090 32 19 att
640 1088 41 21 alla
696 1088 136 27 arfvingarne
848 1088 45 21 deri

73 1119 36 20 äro
125 1120 109 26 upptagna
250 1117 39 21 och
304 1117 7 21 i
326 1117 74 21 hvems
424 1117 81 21 händer
520 1117 27 21 de
562 1116 126 28 omyndigas
704 1117 54 27 gods
773 1117 121 27 lämpligast

73 1146 72 21 kunde
168 1146 141 21 öfverlemnas
332 1146 51 21 eller
407 1146 54 21 huru
484 1145 150 29 gvalificerade
654 1146 26 20 de
695 1146 120 27 föreslagne
839 1145 54 28 gode

73 1176 91 20 männen
180 1177 44 19 äro.
254 1174 50 22 Man
320 1176 68 20 mäste
404 1175 116 21 förutsätta
535 1176 31 19 att
582 1174 245 27 förmyndarenämnden
843 1180 50 14 vore

73 1210 73 15 vuxen
162 1204 79 27 dertill,
258 1204 27 20 dä
300 1204 124 20 densamma
439 1204 69 27 älagts
525 1205 30 19 att
571 1203 94 27 granska
675 1202 148 29 förmyndares
833 1202 61 22 redo-

74 1232 90 28 visning.
194 1232 31 21 Af
244 1232 26 21 de
286 1239 28 13 nu
328 1232 89 20 anförda
439 1232 74 20 skälen
529 1238 63 15 anser
605 1232 39 27 jag
659 1233 31 19 att
706 1231 127 28 omyndigas
849 1232 43 20 rätt

74 1268 51 14 vore
141 1261 48 21 bäst
203 1261 120 27 iakttagen,
339 1268 33 14 om
389 1261 35 21 det
440 1260 115 28 stadgades
571 1262 32 19 att
619 1260 274 28 afvittringsinstrumentet

74 1290 68 20 skulle
157 1292 77 25 upptes
249 1290 33 20 för
300 1289 251 28 förmyndarenämnden.

141 1318 58 21 Herr
214 1318 192 21 Wallensköld:
422 1318 32 21 På
472 1318 26 20 de
512 1318 23 20 af
556 1316 275 29 lagsutskottsledamoten,
847 1317 49 21 herr

75 1347 130 26 Grotenfelt,
221 1346 34 27 A.,
270 1346 110 21 äfvensom
396 1347 49 20 herr
455 1354 20 13 v.
486 1346 110 28 Knorring
612 1346 39 20 och
666 1345 90 21 friherre
772 1346 27 20 de
809 1346 20 20 la
840 1346 54 20 Cha-

74 1375 55 28 pelle
145 1375 89 21 anförda
250 1375 84 26 skälen,
356 1382 63 14 anser
435 1376 38 27 jag
488 1375 33 20 för
536 1375 41 20 min
603 1374 34 21 del
660 1376 31 19 att
714 1375 70 20 säsom
807 1376 32 19 ett
857 1374 37 21 vil-

74 1404 40 20 kor
129 1404 33 20 för
178 1404 122 27 beviljande
315 1404 23 20 af
352 1404 84 28 lysning
452 1403 66 21 borde
534 1403 98 28 stadgas,
648 1405 31 18 att
695 1403 199 27 afvittringsinstru-

74 1435 60 18 ment
145 1433 71 20 blefve
228 1432 137 21 derförinnan
380 1432 33 21 för
429 1432 100 21 domaren
546 1431 122 28 uppvisadt.
699 1431 73 21 Ehuru
789 1432 38 27 jag
843 1432 51 20 säle-

75 1460 37 20 des
128 1461 7 20 i
150 1461 156 27 hufvudfrägan
324 1462 22 19 är
362 1468 51 14 ense
428 1461 48 20 med
492 1460 91 21 nämnde
599 1460 81 26 herrar,
691 1460 65 28 hyser
764 1460 37 28 jag
812 1466 26 15 en
849 1460 45 21 frän

75 1489 75 21 herrar
174 1489 122 21 Grotenfelt
318 1489 39 21 och
379 1496 40 14 von
435 1489 107 28 Knorring
565 1488 113 22 afvikande
694 1488 55 28 äsigt
764 1488 91 22 rörande
869 1496 27 14 en
