1078 1700
176 86 44 22 408

160 143 30 20 uti
207 143 11 27 8
235 143 13 20 9
263 142 89 48 intagna
374 141 127 27 stadgandet
523 140 88 28 vådligt.
642 140 43 27 För
708 140 43 21 min
773 140 33 21 del
825 140 41 21 kan
882 140 38 28 jag
935 140 47 21 icke

160 171 56 25 inse,
232 171 59 20 hvari
324 177 55 13 denna
395 169 54 21 våda
465 169 68 21 skulle
549 169 68 21 bestå.
642 169 32 20 Ar
689 176 26 14 en
731 169 90 27 flötning
835 170 24 20 af
871 169 40 21 den
928 169 54 27 vigt,

162 201 33 19 att
214 199 36 21 det
268 199 61 20 lönar
348 198 76 20 mödan
445 200 31 18 att
495 198 74 27 gräfva
589 198 87 20 kanaler
693 197 33 21 för
742 197 132 27 densamma,
889 198 24 20 så
927 198 57 19 inser

159 228 38 27 jag
219 227 57 26 icke,
299 226 100 21 hvarföre
422 233 25 13 en
469 226 114 28 jordegare
605 226 53 20 skall
683 226 116 27 berättigas
821 228 31 18 att
874 226 108 20 förhindra

161 256 81 20 sådant.
274 254 42 28 Jag
335 254 42 21 kan
392 254 47 21 icke
458 255 57 20 finna
537 256 74 24 annat,
627 256 26 18 än
672 256 32 18 att
723 254 36 20 det
774 254 5 20 i
796 254 11 27 $
823 254 87 28 intagna
926 254 56 20 stad-

161 284 81 27 gandet
265 283 87 28 mycket
375 283 33 20 väl
431 282 107 21 försvarar
557 282 32 20 sin
613 282 65 27 plats,
701 284 23 26 ty
747 282 62 21 äfven
832 282 151 27 stockflötning

161 314 24 18 är
203 319 27 14 en
249 311 122 27 berättigad
392 311 100 26 industri,
515 311 39 21 och
574 311 47 20 icke
640 310 60 21 torde
719 318 49 13 man
787 311 50 27 vilja
857 312 55 19 sätta
924 310 58 27 jord-

163 341 87 20 brukets
274 342 43 18 rätt
340 340 76 27 högre,
439 342 51 18 utan
509 341 22 19 är
547 340 36 20 det
603 346 25 14 en
647 340 57 26 gång
726 340 34 25 så,
776 341 31 19 att
829 339 86 21 stocken
936 339 46 20 icke

162 369 41 20 kan
222 369 64 20 flötas
304 368 133 20 annorlunda
459 369 26 19 än
509 368 124 20 förmedelst
655 367 109 27 gräfning,
787 368 23 20 så
828 367 86 21 hvarför
929 367 53 20 skall

162 398 70 26 någon
256 396 118 28 berättigas
396 398 32 18 att
446 396 77 20 hindra
542 396 76 26 sådan,
638 396 26 20 dä
683 396 41 20 han
744 396 82 20 derföre
842 396 94 27 ätnjuter
951 402 31 14 er-

162 425 110 27 sättning?

231 453 58 20 Herr
312 460 47 13 von
382 452 77 21 Born:
483 452 58 21 Skall
564 452 40 20 den
625 452 23 20 af
666 452 49 20 herr
733 452 122 20 Ehrnrooth
871 452 111 20 förordade

163 481 110 27 principen
289 481 77 27 hyllas,
384 482 23 19 så
423 480 64 21 borde
503 480 34 21 väl
553 480 85 22 hvilken
652 480 116 28 jordegare
786 488 45 13 som
846 480 55 21 helst
913 480 70 20 kunna

162 512 116 25 exportera
296 509 70 26 virke,
387 516 33 14 om
440 509 40 20 han
499 516 63 14 anser
581 509 32 20 sin
627 508 69 21 fördel
711 509 62 20 deraf
787 508 121 28 verkeligen
925 509 57 19 bero.

163 538 77 20 Denna
256 538 82 26 princip
354 539 23 19 är
392 538 47 20 icke
455 537 91 27 uttalad,
563 539 50 18 utan
632 539 108 25 motsäges
757 539 90 19 tvertom
863 537 6 20 i
885 536 97 28 gällande

162 566 152 28 författningar
330 573 34 13 om
378 566 166 27 expropriation.
568 565 40 21 Att
623 565 72 21 afvika
710 566 45 20 från
772 573 26 13 en
813 566 57 20 förut
885 566 97 20 faststäld

162 595 83 27 princip
264 594 34 21 för
316 596 31 19 ett
367 594 100 21 särskildt
491 594 50 21 eller
559 594 89 27 specielt
664 594 44 24 fall,
724 601 62 14 anser
799 594 38 27 jag
852 594 46 21 icke
914 594 68 20 öfver-

162 623 174 20 eusstämmande
351 622 49 21 med
415 623 41 20 den
471 623 122 26 värdighet,
612 629 45 14 som
676 622 38 21 bör
730 623 105 26 genomgå
850 622 73 27 hvarje
939 623 43 26 lag-

162 651 105 28 stiftning.

232 679 57 21 Herr
308 679 155 28 Stjernvall,
483 679 34 20 F.:
541 679 32 20 En
593 679 125 27 flötledning
734 680 23 19 är
772 679 47 20 icke
835 681 64 18 annat
915 680 25 19 än
956 686 26 13 en

163 707 194 27 kommunikation,
376 707 90 21 likasom
485 707 74 28 hvarje
578 714 80 19 annan,
674 714 50 13 vare
741 707 32 28 sig
789 707 111 27 landsväg,
916 707 66 27 segel-

163 737 38 20 bar
223 736 73 26 kanal,
316 736 92 27 jernväg
430 736 50 20 eller
499 736 81 20 hvilket
601 735 232 28 fortskaffningsmedel
857 742 43 13 som
920 735 61 21 helst.

161 764 135 27 Jordegaren
318 766 23 18 är
363 764 47 20 icke
430 764 120 27 berättigad
568 766 32 18 att
619 765 102 19 motsätta
739 764 33 27 sig
787 764 158 27 expropriation
962 765 23 19 af

162 793 61 20 mark
239 793 5 20 i
261 792 40 21 och
319 792 33 21 för
370 792 139 28 erforderliga
527 795 58 18 törra
605 792 232 27 fortskaffningsmedel
855 792 59 21 öfver
930 792 52 21 hans

162 828 62 20 egor;
240 821 99 20 hvarföre
359 820 53 21 skall
433 821 40 20 han
489 821 27 20 då
533 821 72 20 kunna
620 822 102 19 motsätta
737 821 32 27 sig
784 821 88 26 sådana,
889 828 45 13 som
950 828 32 13 er-

161 849 74 21 fordra
250 851 81 18 vatten.
362 848 42 28 Jag
420 849 85 20 förenar
520 849 44 28 mig
580 849 47 20 med
644 849 48 20 herr
707 849 130 20 Ehrnrooth.

231 877 101 21 Friherre
350 884 48 13 von
417 877 77 21 Born:
517 877 45 28 Mig
581 884 63 21 synes
660 879 32 18 att
708 877 154 28 öfverbyggare
878 878 38 20 bör
931 885 51 12 vara

161 906 44 20 lika
222 905 120 28 berättigad
360 907 33 18 att
413 906 60 27 njuta
492 906 83 20 bistånd
591 906 24 20 af
629 905 171 28 underbyggare,
816 907 33 19 för
864 908 31 18 att
911 906 70 20 kunna

162 934 143 27 tillgodogöra
328 933 145 27 produkterna
491 934 44 20 från
556 934 32 20 sin
607 934 62 27 skog,
689 941 45 14 som
750 936 31 18 att
797 934 139 27 tillgodogöra
952 934 29 20 af-

161 963 129 27 kastningen
309 963 23 19 af
347 962 31 20 sin
398 962 105 27 åkerjord.
534 962 42 27 Jag
595 969 63 14 anser
676 963 83 20 således
778 963 27 27 på
827 963 26 20 de
872 963 45 20 skäl
933 963 49 20 herr

162 991 117 28 Stjernvall
298 991 80 25 anfört,
397 993 31 18 att
445 991 165 27 underbyggare
630 991 43 20 lika
691 991 46 20 litet
753 991 38 20 bör
807 991 71 20 kunna
894 991 88 20 förneka

161 1019 172 27 öfverbyggaren
352 1021 42 24 väg
411 1019 32 20 för
461 1019 48 20 dess
529 1019 90 26 timmer,
639 1026 44 13 som
704 1019 70 28 aflopp
793 1019 32 20 för
845 1019 36 21 det
899 1022 81 21 vatten,

161 1047 42 21 han
220 1047 35 20 vill
270 1047 75 20 afleda.
376 1047 43 20 För
434 1048 65 26 öfrigt
515 1047 36 20 ber
565 1048 38 27 jag
618 1049 31 18 att
664 1047 22 20 få
700 1048 111 25 anmärka,
828 1050 31 18 att
875 1047 36 21 det
924 1048 22 19 af
955 1054 26 13 en

161 1078 112 18 reservant
296 1075 121 27 åberopade
440 1076 128 27 stadgandet
591 1083 33 13 om
648 1076 121 27 kungsådra
792 1076 46 21 icke
857 1083 63 20 synes
939 1076 43 27 mig

161 1104 48 21 fullt
226 1104 128 27 tillämpligt.
385 1103 64 21 Hvad
467 1104 38 20 här
523 1104 87 28 stadgas
629 1104 109 27 angående
755 1105 131 27 kungsådras
902 1106 79 26 öppen-

161 1132 108 27 hållande,
285 1132 56 21 afser
356 1132 66 21 redan
439 1132 108 28 hefintliga
564 1132 136 28 vattendrag,
716 1133 110 21 hvaremot
839 1133 38 21 här
888 1137 22 16 är
921 1133 60 27 fråga

161 1168 34 13 om
211 1160 121 22 inrättande
348 1161 24 20 af
385 1168 29 20 ny
428 1161 145 27 flötningsled,
590 1161 37 21 der
643 1161 36 21 det
694 1162 58 20 förut
767 1162 103 20 måhända
886 1161 46 21 icke
944 1161 36 21 fin-

161 1196 37 14 nes
214 1190 65 26 något
295 1189 135 27 vattendrag,
447 1192 51 18 utan
514 1189 61 28 fråga
590 1191 23 19 är
627 1197 34 13 om
677 1192 31 18 att
723 1190 75 27 gräfva
809 1197 25 13 en
846 1190 134 27 flötningsled

159 1224 78 20 genom
257 1224 25 14 en
302 1224 81 14 annans
402 1224 57 21 egor.
490 1218 42 27 Jag
550 1218 33 20 får
599 1218 81 20 således
697 1218 106 28 tillstyrka
819 1218 57 21 bifall
893 1218 30 21 till
940 1218 40 20 den

160 1246 78 27 nådiga
254 1246 172 27 propositionen,
443 1253 45 13 som
504 1246 63 21 äfven
583 1247 23 19 af
619 1246 107 21 utskottet
742 1246 112 28 godkänts.

228 1274 11 20 I
254 1274 115 27 anledning
384 1275 23 19 af
420 1274 36 20 det
471 1274 130 28 föregående
617 1275 131 27 uppställdes
766 1276 168 26 propositionen:

229 1318 10 9 »
243 1302 43 20 Vill
301 1302 151 28 ridderskapet
467 1303 39 21 och
522 1303 61 21 adeln
600 1303 114 27 godkänna
730 1304 11 26 8
758 1305 12 19 9
786 1304 22 21 af
816 1304 117 20 utskottets
946 1304 34 20 be-

159 1330 108 21 tänkande
282 1331 142 20 oförändrad?

228 1358 96 26 »Vinner
339 1360 45 26 nej,
400 1360 104 20 uteslutes
520 1360 11 27 &
547 1367 25 13 ur
587 1360 262 27 författningsförslaget''.

227 1387 47 21 Den
292 1387 99 21 häröfver
408 1388 26 26 på
450 1388 92 27 begäran
559 1388 106 20 anställda
682 1389 125 27 voteringen
823 1389 70 21 utföll:

364 1416 4 20 i
387 1417 53 19 1:sta
455 1416 28 21 kl.
500 1416 47 21 med
565 1418 26 19 10
604 1417 24 27 ja
644 1417 37 20 och
699 1418 12 20 3
728 1418 42 26 nej.

362 1444 6 20 i
385 1444 59 21 2:dra
463 1461 11 9 ,
519 1462 12 8 on
579 1446 89 24 Ino»
698 1447 13 19 2

362 1472 6 20 i
384 1472 57 28 8:dje
468 1490 6 8 »
520 1490 11 9 »
566 1474 56 25 15»
656 1490 11 9 »
698 1475 12 19 6
742 1490 11 9 >
