1078 1700
192 99 42 21 102

165 156 106 28 derjemte
286 155 82 21 fattade
379 156 78 26 beslut,
469 158 32 18 tre
515 155 119 21 ledamöter
645 155 39 21 och
695 162 27 14 en
732 155 115 27 suppleant
858 155 46 21 från
915 155 73 27 hvarje

166 184 65 21 klass.
261 184 59 21 Derä

234 212 59 21 Herr
308 213 106 26 Linder,
431 212 30 27 E.,
479 212 92 28 begärde
587 212 61 21 ordet
665 212 39 21 och
719 212 95 28 yttrade:

236 241 55 21 Förr
314 243 26 19 än
364 241 205 28 petitionsförslaget
587 242 122 20 remitteras
728 241 31 20 till
778 240 96 21 ståndets
894 241 96 21 enskilda

167 270 185 26 besvärsutskott,
372 270 68 20 skulle
457 270 37 27 jag
513 270 68 21 önska
599 272 31 18 att
646 270 119 20 detsamma
782 269 69 21 blefve
866 269 123 28 bordlagdt,

168 299 34 20 för
217 301 32 18 att
265 298 143 21 underkastas
423 305 26 14 en
465 298 122 27 preliminär
603 298 137 28 granskning.

237 326 81 22 Grefve
334 327 104 21 Creutz:
455 327 33 21 Då
501 328 38 26 jag
555 327 108 27 uppfattat
678 326 50 21 herr
744 326 65 21 baron
827 327 39 21 och
877 326 112 21 landtmar-

168 356 102 20 skalkens
294 356 155 27 framställning
473 363 34 13 om
527 356 142 20 tillsättandet
684 355 24 21 af
724 357 32 19 ett
774 355 160 27 ridderskapets
950 355 39 20 och

168 384 74 21 adelps
258 384 98 20 enskilda
372 384 173 21 besvärsutskott
561 384 100 26 sålunda,
677 386 31 18 att
724 384 77 20 sådant
817 384 65 21 borde
898 384 38 20 ske
952 390 37 20 nu,

167 413 34 20 för
216 414 32 19 att
263 412 64 21 hafva
343 413 106 20 utskottet
464 412 89 28 färdigt,
569 412 45 21 ifall
629 412 163 28 ifrågavarande
810 412 180 28 petitionsförslag

168 441 69 21 skulle
253 448 65 14 anses
334 442 52 20 böra
401 442 122 20 remitteras
536 442 32 20 till
579 442 117 20 utskottets
707 442 143 26 granskning;
861 442 24 20 så
896 440 94 22 önskade

168 470 64 20 äfven
246 470 38 28 jag
300 469 156 29 bordläggning
471 470 31 20 till
518 471 62 19 nästa
596 470 92 28 plenum.

237 498 33 21 På
286 498 23 21 af
322 498 49 21 herr
390 498 196 21 landtmarskalken
607 498 63 28 gjord
685 498 156 28 framställning
856 498 83 26 härom,
955 498 35 20 be-

168 527 42 20 slöt
226 527 86 21 ståndet
327 529 32 19 att
374 527 49 21 herr
439 527 152 21 Schatelovitz”
608 527 184 27 petitionsförslag
808 527 68 21 skulle
890 527 73 27 läggas
979 528 13 19 å

170 555 76 22 bordet
263 556 31 20 till
310 557 62 20 nästa
387 556 165 21 sammanträde.

237 612 59 21 Herr
317 613 197 21 landtmarskalken
533 613 104 20 förmälde
658 615 31 18 att
706 613 41 20 den
767 615 12 18 3
799 613 190 20 nästinstundande

170 642 57 19 Mars
246 641 114 21 inträffade
379 641 105 28 årsdagen
502 642 33 20 för
555 641 28 21 H.
597 641 28 21 K.
642 642 122 27 Majestäts,
783 641 102 21 Finlands
904 641 87 21 storfur-

169 672 44 18 stes
237 670 198 28 thronbestigning,
454 673 55 19 samt
531 672 32 19 att
583 670 68 21 under
670 672 85 19 senaste
778 669 101 28 landtdag
895 670 98 27 samtliga

170 698 90 21 ständen
284 699 39 20 den
344 700 12 19 3
375 699 58 20 Mars
456 700 54 20 1864
525 706 78 21 genom
619 699 125 27 deputation
760 699 119 27 uppvaktat
897 698 95 28 general-

170 729 137 25 guvernören
322 728 7 19 i
345 727 83 26 landet,
444 727 35 21 för
494 730 31 18 att
541 727 86 21 anhälla
643 727 36 21 det
697 727 41 20 han
758 727 109 28 behagade
883 727 31 20 till
932 727 60 20 Hans

171 755 103 28 Majestät
297 755 106 28 Kejsaren
423 744 109 33 Trambära
551 756 127 21 ständernas
696 743 147 40 underdåniga
861 755 131 28 lyckönskan

170 784 32 21 till
226 784 70 21 denna
318 784 34 21 för
370 785 48 20 hela
435 785 92 20 Finland
546 785 23 20 så
588 785 124 28 glädjefulla
728 784 79 28 högtid.
839 784 153 21 Talmanskon-

169 813 101 20 ferensen
288 813 54 20 hade
362 813 34 21 vid
412 814 6 20 i
433 813 42 33 dag
494 813 65 21 hållet
578 813 157 21 sammanträde
752 815 71 18 ansett
838 815 32 18 att
886 813 61 20 äfven
963 819 29 14 nu

171 848 27 14 en
217 841 127 28 deputation
362 842 67 21 borde
444 842 6 20 i
467 849 81 14 samma
567 842 57 28 syfte
643 842 49 27 afgä
710 841 31 21 till
760 841 232 28 generalguvernören,

171 870 39 21 och
233 870 127 21 hemställde
384 871 84 20 derförc
491 871 49 20 herr
558 865 207 32 landtmarskalken,
784 870 105 21 huruvida
910 869 84 21 ståndet

171 898 49 21 ville
244 901 41 24 att,
304 899 7 20 i
329 899 67 21 likhet
419 899 47 21 med
485 899 57 21 hvad
561 899 35 20 vid
615 899 53 21 sista
682 887 131 40 landtdagen
828 899 122 27 iakttagits,
967 905 25 14 en

171 927 126 36 deputation
314 928 12 20 å
341 928 150 27 ridderskapet
509 928 39 21 och
568 928 75 20 adelns
663 929 87 26 vägnar,
769 929 140 19 sammansatt
924 927 69 20 såsom

171 955 42 21 den
232 956 24 20 så
275 956 84 21 kallade
382 956 58 21 störa
463 957 164 26 deputationen,
647 956 68 21 skulle
735 956 50 27 afgå
799 955 41 22 den
856 957 12 19 3
885 956 107 20 nästkom-

172 984 78 21 mande
274 985 57 20 Mars
354 985 31 20 till
404 985 226 28 generalguvernören
648 985 33 20 för
700 987 31 19 att
750 985 85 20 anhålla
851 986 31 19 att
897 984 97 21 ståndets

171 1013 148 28 underdåniga
334 1014 133 27 lyckönskan
483 1014 68 20 skulle
567 1021 78 20 genom
661 1014 77 20 honom
754 1013 31 21 till
800 1013 118 20 monarken
931 1012 63 21 fram-

172 1041 74 26 bäras,
263 1041 85 21 hvilken
365 1043 127 20 hemställan
509 1043 22 20 af
544 1042 87 21 ståndet
646 1042 102 27 enhälligt
764 1041 76 21 bifölls.
872 1041 69 21 Sedan

242 1070 81 21 Grefve
348 1070 92 21 Creutz
463 1071 99 20 anmärkt
581 1073 31 18 att
632 1071 58 20 förra
709 1071 83 27 gången
810 1070 138 21 medlemmar
963 1069 31 21 till

172 1099 70 20 denna
258 1099 126 28 deputation
400 1099 101 21 särskildt
516 1100 88 26 invalts,

242 1128 135 27 uppmanade
394 1128 49 21 herr
459 1128 197 21 landtmarskalken
672 1128 75 20 herrar
762 1127 108 21 elektorer
885 1129 32 19 att
933 1127 61 21 verk-

173 1156 62 20 ställa
258 1156 34 21 val
315 1157 30 20 till
365 1157 90 21 berörda
475 1157 137 27 deputation,
631 1159 55 18 samt
702 1156 35 21 vid
753 1158 61 19 nästa
828 1155 166 26 sammanträde,

173 1191 45 14 som
235 1185 69 21 skulle
321 1192 40 21 ega
377 1192 47 14 rum
439 1192 33 14 om
489 1186 86 27 lördag,
591 1186 93 20 inlemna
700 1184 171 28 valprotokollet.

242 1213 59 21 Derå
317 1214 150 27 ridderskapet
479 1214 39 21 och
529 1214 63 21 adeln
604 1213 102 22 åtskildes
718 1214 26 20 20
755 1214 93 20 minuter
857 1213 46 21 före
914 1214 12 19 2
938 1220 18 13 e.
968 1220 27 13 m.

797 1261 21 15 In
831 1260 62 16 fidem:

700 1300 72 20 Victor
787 1301 25 19 de
827 1300 21 20 la
865 1299 103 28 Chapelle.

414 1408 49 26 Den
481 1407 14 26 2
513 1407 64 27 Mars
596 1408 33 26 kl.
648 1408 27 25 11
692 1407 17 27 £
727 1414 30 19 m.

243 1470 58 21 Herr
316 1471 197 21 landtmarskalken
529 1470 144 28 tillkännagaf
687 1472 41 25 att,
742 1471 67 27 enligt
819 1471 56 21 hvad
886 1472 110 21 ordföran-

175 1499 41 21 den
236 1500 30 20 uti
286 1499 221 21 riddarhusutskottet
526 1500 75 27 grefve
617 1499 97 21 Aminoff
728 1500 88 27 anmält,
833 1500 47 20 herr
897 1503 100 18 senatorn
