1078 1700
837 100 39 21 187

84 157 55 20 dock
158 164 51 14 vara
227 157 113 27 meningen
359 158 31 19 att
409 157 22 20 af
447 157 82 21 banker
544 156 113 22 utfärdade
673 156 81 27 vexlar,
770 156 134 28 postremiss-

85 185 73 21 vexlar
181 185 38 21 och
243 185 137 27 anvisningar
402 185 60 21 skola
481 185 42 21 alla
541 185 96 21 utfärdas
655 186 27 26 på
698 186 26 20 60
740 184 75 28 pennis
835 185 69 20 karta.

84 213 67 21 Detta
173 215 23 19 är
215 213 32 21 väl
266 213 124 28 meningen,
409 215 22 26 ty
450 220 78 14 annars
544 220 50 14 vore
611 213 35 21 det
660 214 24 27 ju
700 213 41 21 den
758 214 79 20 största
852 213 52 20 obil-

83 242 76 27 lighet,
175 244 32 18 att
222 248 26 14 en
264 242 62 20 vexel
342 242 68 20 måste
426 242 97 20 utfärdas
538 242 28 27 på
581 242 28 20 60
624 242 75 27 pennis
713 242 71 26 karta,
798 248 48 14 men
856 241 48 21 icke

84 277 25 13 en
127 277 76 13 annan.
233 270 42 27 Jag
291 277 63 13 anser
370 270 84 20 derföre
470 270 42 20 alla
527 270 84 26 vexlar,
627 277 45 13 som
683 270 97 20 utställas
793 266 25 36 af
822 270 83 20 banker

84 298 39 21 och
142 298 130 27 bankbolag,
292 299 51 20 böra
360 298 98 21 utfärdas
478 299 27 27 på
522 300 27 19 60
568 298 74 27 pennis
658 298 62 21 karta
736 298 40 21 och
796 298 69 21 dertill
880 300 24 18 är

84 327 24 21 så
129 327 86 27 mycket
238 334 58 13 mera
314 327 57 25 skäl,
391 334 44 13 som
455 327 63 21 dessa
536 327 75 21 vexlar
629 327 99 27 ofantligt
746 326 83 21 minska
845 334 59 13 assu-

84 355 139 27 ransafgiften
240 355 35 20 vid
291 355 131 27 postverket.
448 355 35 21 Då
498 356 34 20 må
547 357 71 19 staten
634 355 27 21 ha
676 355 40 21 den
733 356 128 26 ersättning,
872 357 32 19 att

83 384 205 26 postremissvexlar,
311 390 46 14 som
379 384 23 20 af
423 384 152 26 privatbanker
594 384 106 26 utställas,
720 384 95 20 utfärdas
834 384 28 27 på
877 384 27 20 60

84 412 75 26 pennis
175 412 71 26 karta;
262 411 36 21 det
313 414 23 18 är
352 412 47 20 icke
415 414 65 18 annat
497 413 25 19 än
538 412 7 20 i
559 412 78 27 högsta
652 412 53 27 grad
721 412 74 20 billigt.

152 440 100 21 Friherre
267 440 82 27 Boije:
368 440 42 20 För
426 440 41 20 min
485 440 33 21 del
533 440 42 21 kan
589 441 38 27 jag
643 440 46 21 icke
700 441 57 21 finna
766 419 37 42 det
814 440 88 28 skäligt,

83 470 32 19 att
131 469 32 20 för
178 468 83 21 ökande
277 469 23 20 af
313 469 148 20 inkomsterna
475 469 76 27 frångå
566 469 41 21 den
623 469 89 27 princip,
728 476 46 13 som
788 469 116 27 genomgår

83 496 49 21 hela
151 496 80 21 denhär
249 496 161 28 författningen.
440 496 116 28 Principen
575 499 23 19 är
617 497 40 21 den
674 499 31 19 att
720 497 62 21 karta
798 496 107 22 erfordras

83 525 77 21 endast
182 525 33 20 för
236 525 132 27 handlingar,
387 532 44 14 som
451 526 96 20 utfärdas
567 526 23 20 af
603 526 234 27 embetsmyndigheter
853 525 52 21 eller

83 553 34 22 för
135 553 132 28 handlingar,
286 560 46 14 som
351 554 104 21 inlemnas
475 554 31 21 till
523 554 131 28 myndighet.
684 554 35 21 Då
734 561 26 14 en
777 554 128 27 privatbank

83 582 97 21 utfärdar
203 581 25 22 en
248 582 72 26 vexel,
339 589 63 14 anser
419 583 37 27 jag
475 583 40 20 den
532 583 47 20 icke
596 583 52 20 böra
663 583 97 20 karteras
775 583 73 20 förrän
863 582 41 21 den

83 611 80 20 företes
179 611 35 20 vid
230 611 98 20 domstol.
353 610 43 28 Jag
408 611 87 27 medger
507 613 31 18 att
549 611 60 20 detta
619 611 159 21 åstadkommer
788 618 27 14 en
825 611 80 20 minsk-

83 639 52 27 ning
151 639 22 20 af
187 639 40 20 den
243 639 93 20 inkomst
352 646 48 13 man
417 639 23 20 af
453 639 255 28 kartasigillata-afgiften
726 639 113 26 beräknat,
856 645 48 15 men

83 667 33 21 för
134 669 32 18 att
185 667 108 28 principen
312 668 74 21 stricte
402 668 34 20 må
451 668 6 20 i
472 667 154 28 författningen
644 668 124 26 bibehållas,
785 667 68 22 skulle
866 668 39 27 jag

84 697 59 20 rösta
164 695 33 21 för
215 698 31 18 att
265 695 128 28 stadgandet
410 696 91 26 derhän,
520 699 32 18 att
570 697 23 20 af
606 696 81 21 banker
702 696 113 21 utfärdade
830 696 74 21 vexlar

85 724 39 21 och
139 724 137 27 anvisningar
291 724 60 21 skola
366 724 92 21 skrifvas
474 725 27 27 på
517 725 116 27 stämpladt
648 731 88 21 papper,
748 725 67 20 måtte
825 731 26 14 ur
861 724 43 21 för-

84 752 120 27 fattningen
224 753 51 27 utgå
294 753 39 20 och
353 755 32 18 att
403 753 26 20 de
445 753 53 20 först
514 753 35 20 vid
563 753 135 20 inlemnande
714 753 30 20 till
761 753 91 20 domstol
868 753 36 20 be-

85 781 64 20 höfde
164 781 102 27 beläggas
282 781 48 20 med
346 781 62 21 karta
424 781 51 20 eller
490 781 69 20 förses
575 781 48 21 med
639 781 186 28 stämpelmärken.

153 809 50 20 Med
217 809 153 21 föranledande
386 809 24 21 af
422 809 69 21 denna
503 809 131 27 diskussion,
646 809 120 28 uppställde
777 809 48 21 herr
835 809 69 21 landt-

85 837 135 21 marskalken
235 838 170 27 propositionen:

153 882 4 8 »
160 865 48 26 Vill
231 866 149 27 ridderskapet
403 866 40 21 och
465 866 62 21 adeln
552 866 67 21 under
642 866 60 21 titeln
726 883 5 8 ,
734 866 169 28 Förskrifning'

84 896 95 25 upptaga
197 894 227 27 postremissvexlar?''

153 939 4 8 »
160 921 88 26 Vinner
264 923 41 27 nej,
324 923 104 21 uteslutes
445 923 217 27 ,,postremissvexel'*
679 930 25 13 ur
719 923 81 20 titeln''.

152 951 48 20 Den
216 951 98 20 häröfver
330 951 95 27 begärda
440 951 126 27 voteringen
582 951 62 20 utföll

288 979 8 20 i
313 980 53 20 1:sta
380 980 28 20 kl.
425 979 49 21 med
491 981 26 20 10
530 980 24 27 ja
569 979 39 21 och
627 980 8 20 1
653 980 45 27 nej,

288 1008 7 20 i
310 1007 60 21 2:dra
395 1024 5 9 ,
445 1024 12 9 »
505 1009 43 24 5»
587 1024 11 9 »
628 1009 51 24 On

290 1036 6 20 i
312 1036 56 27 8:dje
390 1053 12 8 n
448 1053 11 8 »
507 1037 43 24 In
588 1053 12 8 »
632 1037 49 24 Ton

83 1064 6 20 i
105 1063 53 28 följd
174 1064 75 21 hvaraf
262 1064 59 21 titeln
338 1065 69 20 skulle
438 1065 73 20 qvarstå
529 1065 135 20 oförändrad.

153 1091 101 22 Härefter
275 1093 133 20 framställde
445 1100 34 13 herr
502 1093 196 20 landtmarskalken
721 1100 26 13 en
771 1093 23 20 så
812 1093 92 27 lydande

83 1121 143 27 proposition:

152 1148 144 26 »Godkänner
318 1149 150 28 ridderskapet
491 1150 40 20 och
549 1150 62 20 adeln
631 1150 36 21 det
686 1150 30 20 uti
735 1150 76 27 nådiga
827 1156 77 21 propo-

83 1177 92 21 sitionen
190 1178 122 27 föreslagna
327 1178 141 27 kartabelopp
484 1178 33 20 för
533 1178 139 27 förskrifning
687 1186 27 13 m.
730 1178 56 20 m.?'

153 1222 4 8 »
160 1205 87 25 Vinner
263 1206 41 27 nej,
320 1206 87 28 stadgas
423 1208 32 19 att
470 1206 139 28 förskrifning
625 1214 25 13 m.
662 1214 28 13 m.
701 1206 54 21 skall
766 1206 98 21 karteras
874 1207 30 20 ef-

83 1236 34 18 ter
132 1234 194 28 kapitalbeloppet:

254 1262 31 21 till
300 1263 39 20 och
355 1263 49 21 med
420 1264 41 20 200
476 1264 62 20 mark
553 1276 29 2 —
597 1264 28 20 20
640 1264 74 26 penni,

254 1293 55 19 samt
325 1291 123 21 derutöfver
463 1292 38 27 1/:9
515 1292 49 26 %**.

151 1318 166 28 Propositionen
332 1319 131 21 besvarades
479 1320 49 20 med
546 1320 157 27 öfvervägande
719 1320 45 28 nej,
780 1320 40 20 och
835 1320 68 20 skulle

84 1346 83 22 säledes
189 1347 123 28 förändring
334 1348 98 28 vidtagas
453 1348 7 20 i
478 1348 95 28 enlighet
591 1348 50 21 med
656 1348 247 27 kontrapropositionen.

153 1375 170 21 Vidkommande
342 1376 129 28 stadgandet
489 1383 34 14 om
543 1376 22 21 af
582 1376 82 21 banker
679 1376 39 21 och
735 1376 122 28 bankbolag
872 1379 32 18 ut-

83 1403 90 21 färdade
188 1404 74 20 vexlar
276 1404 40 20 och
332 1404 137 28 anvisningar
485 1404 105 28 begärdes
606 1404 62 22 ordet
683 1405 23 20 af

152 1431 58 21 Herr
224 1432 196 28 Montgomerie,
435 1440 45 13 som
497 1433 94 27 yttrade:
616 1432 36 22 Då
666 1433 37 21 det
719 1433 47 21 icke
781 1432 62 22 torde
854 1439 52 15 vara

84 1460 114 27 meningen
213 1462 32 19 att
260 1460 67 21 under
342 1461 60 21 detta
419 1460 118 28 stadgande
548 1461 136 21 underförstä
696 1461 208 28 postremissvexlar,

83 1487 62 21 torde
167 1488 37 20 det
226 1494 52 15 vara
300 1489 47 20 skäl
371 1491 32 19 att
425 1489 146 28 uttryckligen
590 1489 122 28 undantaga
732 1489 48 21 dem
800 1489 104 27 härifrån,
