1078 1700
202 98 42 22 430

175 157 65 19 annat
255 155 27 19 än
299 154 97 26 rättvist,
412 155 31 19 att
459 154 53 21 hvar
527 154 39 20 och
583 160 33 20 en,
633 161 44 14 som
694 154 32 20 får
742 154 46 21 sina
803 161 83 14 mossar
896 154 40 21 och
948 155 50 20 kärr

174 182 126 28 uttappade,
316 182 24 20 så
356 184 31 18 att
403 182 26 20 de
445 182 71 20 kunna
532 182 65 26 odlas,
607 183 68 20 måste
691 183 43 20 låta
744 183 140 27 expropriera
894 183 58 26 dem,
965 183 31 20 så-

173 212 65 20 framt
255 210 41 20 han
312 210 99 21 tredskas
430 210 47 21 med
497 212 30 19 att
545 210 85 21 biträda
649 211 35 20 vid
699 211 91 21 arbetet.
821 211 43 21 Det
883 211 67 21 finnes
966 213 31 18 ett

175 242 42 18 sätt
233 239 34 20 för
290 238 78 21 honom
391 241 32 19 att
443 239 21 20 få
482 239 83 21 behålla
585 239 31 20 sin
633 239 60 21 mark
709 240 39 20 och
764 240 36 20 det
816 241 29 22 är,
862 242 31 18 att
909 240 42 20 han
967 240 30 20 uti

175 268 108 26 företaget
300 266 102 28 deltager.

244 295 100 21 Friherre
361 296 29 20 de
405 296 24 20 la
444 295 134 27 Chapelle:
602 296 46 20 Här
663 296 38 20 har
712 295 68 21 under
791 296 148 21 diskussionen
952 296 45 20 blif-

175 325 30 21 vit
220 324 110 26 anmärkt,
349 326 31 18 att
399 324 27 20 då
445 330 26 14 en
491 324 98 27 delegare
604 324 7 20 i
627 331 26 14 en
668 331 70 14 mosse
754 324 47 28 låge
816 324 7 21 i
839 326 68 26 vägen
923 324 33 20 för
971 331 25 14 en

174 360 71 14 annan
261 352 111 28 delegare,
392 352 41 21 den
453 359 75 14 senare
547 359 52 14 vore
615 352 110 22 nödsakad
741 354 32 19 att
788 353 152 27 genomgräfva
956 352 41 21 den

175 380 171 28 underliggande
368 388 86 13 mossen
479 381 38 20 och
541 380 82 21 således
649 381 85 21 komma
757 382 27 26 på
805 381 123 26 kostnader,
952 388 44 13 som

175 411 86 19 komme
277 409 41 21 den
334 409 166 27 underliggande
516 409 31 21 till
563 410 62 26 godo.
655 409 11 21 I
680 409 114 28 anledning
805 410 62 20 deraf
876 410 121 26 åberopade

173 440 39 26 jag
228 438 11 27 &
256 438 20 26 2,
292 444 45 14 som
352 438 113 26 förklarar,
481 440 31 18 att
527 444 26 14 en
565 438 66 20 sådan
643 438 168 28 underliggande
821 435 133 41 mossegare,
971 438 27 20 då

175 466 142 27 utdikningen
334 466 110 28 verkligen
461 466 126 27 tillskyndar
603 466 78 20 honom
696 473 67 21 gagn,
778 466 47 21 icke
842 468 23 19 är
876 466 121 28 berättigad

175 495 32 21 till
225 495 72 27 någon
315 483 128 39 ersättning,
463 496 51 24 utan
530 496 91 18 tvärtom
638 496 22 19 är
676 482 87 40 skyldig
777 497 32 18 att
824 495 31 20 uti
870 494 127 28 gräfningen

175 524 40 20 och
230 522 134 22 underhållet
380 523 91 27 deltaga.
494 516 32 28 Är
541 524 46 19 åter
595 523 142 21 förhållandet
748 523 86 27 sådant,
846 525 31 19 att
889 523 40 21 den
940 524 57 20 tred-

177 552 93 21 skandes
288 551 62 21 andel
366 551 68 28 ligger
451 551 63 21 ofvan
530 558 45 20 om,
591 551 40 21 blir
642 551 52 21 hans
706 558 70 15 mosse
786 540 48 33 icke
845 552 63 20 odlad
919 558 77 21 genom

176 580 191 27 underbyggarens
388 568 187 40 odlingsföretag,
589 580 39 21 och
652 580 71 21 denna
740 581 96 20 kommer
852 580 82 21 således
950 580 47 21 icke

177 611 32 19 att
224 608 128 27 tillskyndas
368 609 67 26 några
451 609 69 20 ökade
536 609 116 20 kostnader
663 615 77 21 genom
752 609 88 28 dikning
851 609 11 20 å
873 609 40 20 den
925 609 71 20 ofvan-

175 637 100 28 liggande
291 643 148 21 mossegarens
451 637 68 26 andel,
536 637 23 20 så
574 637 65 20 framt
650 644 49 13 man
710 637 46 20 icke
771 639 95 26 antager,
878 639 31 18 att
918 637 78 20 under-

177 666 112 27 byggaren
306 665 35 20 vill
357 665 49 20 leda
416 667 84 19 vattnet
511 666 73 26 uppåt.
609 666 66 20 Dessa
686 665 182 28 omständigheter
879 673 64 20 synas
955 666 43 20 tala

177 694 126 27 tillräckligt
318 693 40 27 för,
374 696 32 18 att
422 695 65 26 något
503 693 118 28 stadgande
637 701 32 13 om
686 694 158 27 mossodlingen
856 694 37 20 här
904 694 46 21 icke
962 694 35 21 be-

177 722 76 21 höfver
269 722 81 27 inflyta,
367 722 39 20 och
426 722 105 27 åberopar
547 723 39 26 jag
601 722 32 21 för
649 722 65 27 öfrigt
729 722 55 21 hvad
798 723 39 27 jag
852 722 64 21 redan
933 723 63 27 angå-

178 751 55 20 ende
248 751 28 20 22
292 751 12 26 $
320 751 77 20 anfört.

247 779 80 20 Grefve
349 779 123 26 Armfelt,
495 779 36 20 A.:
555 778 10 21 I
589 779 101 20 händelse
710 778 150 28 ridderskapet
878 779 40 20 och
936 779 62 20 adeln

178 807 46 21 icke
240 807 96 21 besluter
352 809 31 18 att
399 808 156 20 återremittera
571 807 75 27 frågan
657 807 31 20 till
699 807 116 26 utskottet,
832 807 78 20 önskar
918 808 38 27 jag
966 808 32 20 fö-

179 843 52 14 rena
254 836 44 27 mig
320 835 31 21 uti
374 835 36 21 det
434 836 23 20 af
473 835 49 21 herr
541 835 131 21 Silfversvan
690 835 76 28 gjorda
785 835 214 28 redaktionsförslag,

178 864 55 21 dock
257 864 47 20 med
321 864 40 20 den
378 864 100 27 ändring,
494 866 31 18 att
544 864 66 20 orden
629 865 55 24 ,,och
702 864 66 21 andra
789 864 146 27 vattensjuka,
951 864 47 21 icke

177 892 123 28 uppodlade
320 893 65 26 egor'
406 893 67 20 skulle
491 893 62 26 utgå,
572 892 27 21 då
620 893 26 20 de
664 893 73 20 kunna
756 893 140 26 missförstås,
912 893 39 20 och
968 895 31 18 att

179 921 37 20 det
231 921 83 20 således
331 921 85 20 komme
431 923 33 18 att
479 921 50 20 heta
545 937 12 9 ,,
559 921 50 20 kärr
625 921 38 20 och
679 923 103 18 mossar*.

248 949 57 21 Herr
320 949 198 28 Björkenheim,
534 948 37 21 R.:
587 949 100 21 Friherre
703 956 42 14 von
762 949 69 20 Troils
851 949 91 27 förslag,
954 956 45 13 som

179 978 35 20 vid
228 977 70 21 denna
314 978 11 26 8
342 978 46 20 åter
404 977 89 21 kommit
509 977 31 21 till
556 977 135 28 behandling,
703 979 37 19 har
752 977 126 28 visserligen
888 977 48 21 icke
948 984 51 13 vun-

179 1007 32 20 nit
229 1006 93 21 medhåll
341 1006 23 20 af
380 1007 78 26 många
477 1006 118 20 ledamöter
615 1007 5 19 i
637 1007 95 25 ståndet,
748 1012 48 14 men
813 1006 38 27 jag
864 1007 65 26 vågar
945 1006 54 20 dock

179 1037 56 18 ännu
252 1034 56 21 fästa
325 1035 97 20 ståndets
439 1034 216 27 uppmärksamheten
671 1035 28 26 på
714 1035 72 26 vigten
802 1035 23 19 af
838 1035 59 19 detta
912 1034 86 27 förslag.

180 1063 41 20 Om
237 1070 48 13 man
302 1063 112 26 erkänner,
431 1065 32 18 att
478 1063 80 20 frosten
575 1065 23 18 är
611 1063 39 20 den
663 1064 97 19 svåraste
780 1062 76 27 fiende,
877 1069 44 14 som
940 1063 59 26 jord-

181 1091 77 20 bruket
269 1091 6 20 i
285 1091 91 20 Finland
392 1091 38 20 har
446 1093 31 18 att
493 1091 106 28 bekämpa
615 1091 37 21 och
670 1093 31 18 att
716 1091 54 20 intet
786 1091 77 26 finnes,
880 1098 44 13 som
941 1098 58 13 mera

180 1119 124 21 framkallar
319 1119 54 21 frost
388 1120 13 20 å
417 1127 25 13 en
459 1121 42 25 ort,
518 1121 26 19 än
560 1127 83 13 mossar
659 1119 38 21 och
714 1115 67 44 kärr,
791 1119 67 21 måste
874 1126 48 14 man
934 1119 65 21 också

180 1148 107 26 erkänna,
304 1150 31 18 att
349 1144 162 44 torrläggandet
528 1148 23 20 af
564 1148 79 21 sådana
657 1148 86 20 marker
759 1148 26 27 på
800 1148 37 20 allt
853 1149 42 19 sätt
911 1148 38 20 bör
965 1148 36 20 be-

179 1176 94 26 fordras;
282 1164 40 33 och
333 1177 23 19 då
371 1176 40 21 den
423 1176 77 28 nådiga
511 1177 158 27 propositionen
680 1177 42 20 lika
730 1176 46 20 litet
786 1183 44 13 som
839 1176 116 21 utskottets
966 1178 34 18 be-

181 1192 108 34 tänkande
296 1201 117 34 innehåller
420 1193 65 39 något
492 1203 33 22 för
533 1205 173 20 underlättandet
713 1205 22 20 af
738 1204 79 21 sådana
824 1205 89 27 företag,
920 1205 80 27 nödgas

177 1234 39 27 jag
231 1233 6 20 i
253 1233 67 20 likhet
336 1234 48 20 med
395 1233 90 21 friherre
496 1240 40 14 von
549 1233 58 21 Troil
617 1233 54 27 yrka
683 1234 35 27 pä,
730 1235 31 18 att
772 1232 144 21 betänkandet
927 1233 31 20 till
968 1235 32 18 ut-

181 1262 81 20 skottet
277 1262 170 20 äterremitteras
463 1262 32 20 för
511 1263 30 19 att
558 1262 25 20 de
599 1262 36 26 $$,
650 1268 45 14 som
707 1261 87 21 dermed
805 1261 72 21 kunna
888 1261 62 21 hafva
965 1268 36 21 ge-

181 1290 111 27 menskap,
306 1290 67 20 mätte
393 1290 120 20 omarbetas
529 1290 6 20 i
552 1290 36 20 det
603 1290 55 28 syfte
675 1290 49 20 herr
740 1290 129 20 Silfversvan
884 1289 117 28 föreslagit.

250 1318 58 20 Herr
327 1318 173 21 Silfversvan:
520 1318 10 20 I
549 1318 101 20 händelse
665 1318 149 27 ridderskapet
830 1318 39 20 och
885 1318 62 20 adeln
963 1318 39 20 fin-

182 1353 38 14 ner
237 1347 66 27 några
318 1346 173 28 betänkligheter
508 1346 33 20 vid
557 1349 32 18 att
605 1347 42 20 låta
663 1346 65 21 orden
741 1346 151 27 ,,vattensjuka
904 1347 97 20 marker'*

181 1376 7 19 i
209 1375 36 21 det
266 1375 22 20 af
305 1375 43 27 mig
367 1374 136 28 uppkastade
521 1375 104 27 förslaget
645 1374 106 26 bortfalla,
771 1374 37 20 har
821 1375 38 26 jag
873 1374 47 21 icke
936 1375 66 27 något

182 1406 57 18 emot
257 1405 31 18 att
307 1403 35 27 de,
364 1404 70 19 såsom
452 1403 73 27 grefve
544 1403 92 20 Armfelt
654 1403 120 27 föreslagit,
786 1402 92 20 derifrån
890 1402 112 20 uteslutas.

252 1431 58 20 Herr
325 1431 197 21 landtmarskalken
539 1431 132 21 framställde
686 1432 52 19 härå
754 1431 170 27 propositionen:

252 1459 146 26 »Godkänner
418 1459 151 27 ridderskapet
593 1460 39 20 och
655 1460 61 20 adeln
736 1460 12 26 &
764 1460 26 19 22
806 1459 23 20 af
841 1459 162 27 ifrågavarande

182 1488 218 28 författningsförslag
416 1488 49 20 med
481 1488 51 20 eller
547 1490 52 18 utan
614 1488 104 28 ändring?
