1078 1700
183 102 41 22 396

223 161 58 21 Herr
296 161 187 21 Wallensköld:
507 161 42 28 Jag
563 161 87 21 förenar
664 161 44 27 mig
722 161 64 21 äfven
801 160 50 22 med
865 162 49 20 herr
924 161 48 21 Silf-

156 196 100 20 versvan,
275 190 25 20 sä
317 190 88 26 mycket
426 196 45 14 mer
489 196 45 14 som
553 189 62 21 ordet
633 189 157 26 ,oförtöfvadt'*
810 190 110 27 uttrycker
938 189 34 21 för

155 218 91 27 mycken
262 218 112 27 stränghet
384 218 40 20 och
434 218 33 20 för
478 220 45 18 stor
533 218 82 20 förmån
626 218 32 20 för
669 218 168 27 öfverbyggare,
849 219 54 19 samt
914 218 57 20 dess-

155 248 59 18 utom
231 246 42 20 kan
289 246 59 28 gifva
362 246 115 27 anledning
487 246 31 20 till
529 246 76 21 tvister
619 246 38 20 och
668 246 66 20 avdra
744 246 162 28 förvecklingar.
929 246 43 20 Det

155 274 64 21 beror
234 275 28 27 på
277 275 109 27 pröfning,
402 274 105 21 huruvida
521 274 149 28 skyldigheten
688 274 37 21 bör
741 276 51 18 utan
808 274 100 28 dröjsmål
919 281 53 21 upp-

155 302 63 28 fyllas
234 303 51 21 eller
297 303 55 21 icke.
376 303 71 21 Ocksä
455 304 38 26 jag
503 302 99 28 päyrkar,
614 304 31 19 att
656 303 171 27 propositionens
840 302 132 29 ordalydelse

156 331 66 21 måtte
237 331 129 21 oförändrad
382 334 96 25 antagas.

224 359 58 22 Herr
297 360 97 21 Taube:
417 360 11 20 I
443 361 89 19 motsats
548 361 58 19 emot
621 360 74 20 herrar
710 359 150 21 Wallensköld
874 360 38 20 och
924 360 48 20 Silf-

156 394 90 14 versvan
266 388 33 21 får
315 388 38 28 jag
368 388 155 21 vördsammast
537 388 55 27 yrka
607 388 28 27 på
650 388 130 27 antagandet
796 388 22 20 af
832 388 11 27 8
860 388 65 28 enligt
940 390 32 18 ut-

156 416 93 20 skottets
260 417 86 28 förslag.
370 416 44 21 Det
429 417 41 20 kan
481 416 123 28 verkeligen
616 416 85 21 inträffa
712 416 80 21 sådana
800 416 46 26 fall,
856 419 30 18 att
894 416 78 21 istånd-

157 444 108 21 sättandet
284 445 23 21 af
325 447 32 19 ett
372 445 132 27 afloppsdike
520 446 23 19 är
558 446 23 19 så
597 445 121 27 angeläget,
735 446 32 19 att
782 444 41 21 den
839 445 133 27 försumliga,

155 472 34 20 för
207 475 32 18 att
254 473 47 21 icke
322 475 51 26 göra
389 474 32 20 sin
436 480 80 21 granne
532 473 90 27 ofantlig
637 473 77 25 skada,
730 473 39 20 bör
784 473 138 26 oförtöfvadt,
938 480 33 14 om

157 500 62 21 äfven
239 501 49 21 med
306 502 159 20 åsidosättande
484 502 23 20 af
524 501 65 21 andra
608 508 54 21 egna
682 502 186 26 angelägenheter,
883 502 90 27 fullgöra

157 529 32 21 sin
205 530 129 28 skyldighet.
364 530 42 28 Jag
422 537 62 14 anser
499 532 31 19 att
545 530 62 20 ordet
623 530 156 25 ,,oförtöfvadt'
795 531 24 19 är
834 530 27 27 pä
874 530 31 20 sin
918 530 54 27 plats

157 558 40 20 och
212 558 43 21 kan
271 559 119 28 förebygga
406 560 44 19 stor
465 558 72 21 skada.

224 586 60 22 Herr
306 587 156 26 Ehrnrooth,
481 587 23 20 O.
523 587 37 20 A.:
586 587 10 20 I
615 587 26 20 de
659 587 29 27 88
708 587 24 20 af
749 587 162 28 författningen,
927 594 45 14 som

157 615 65 20 redan
241 617 37 20 äro
297 616 23 20 af
335 616 150 27 ridderskapet
503 615 39 21 och
562 615 61 21 adeln
640 617 102 26 antagna,
760 617 24 18 är
799 615 173 28 underbyggares

157 643 123 28 skyldighet
295 645 5 20 i
317 644 101 21 afseende
434 645 12 20 &
461 644 59 21 diket
539 643 104 21 bestämd.
673 643 125 21 Uraktläter
813 644 41 21 han
869 644 32 21 sin
917 644 57 27 skyl-

157 671 83 28 dighet,
256 672 39 21 har
310 673 40 20 han
364 673 24 27 ju
405 673 65 20 brutit
485 674 57 19 emot
558 672 56 21 hvad
631 672 76 21 honom
722 672 87 27 åligger.
836 672 34 21 Nu
885 673 32 20 får
932 672 41 21 han

157 700 109 21 dessutom
282 701 116 28 tillsägelse
414 701 23 20 af
451 701 170 27 öfverbyggaren
637 702 31 19 att
684 700 94 27 afhjelpa
788 700 184 28 bristfälligheten.

158 728 41 21 Om
215 729 40 21 han
270 729 48 21 icke
339 729 151 21 efterkommer
505 729 41 20 den
561 729 140 27 tillsägelsen,
718 729 24 20 sä
756 735 63 14 anser
831 730 38 27 jag
884 729 89 21 verkeli-

157 763 51 21 gen,
228 760 32 18 att
278 757 41 21 den
339 765 45 14 som
403 758 53 21 lider
475 757 67 21 skada
560 759 23 18 är
588 753 12 36 i
621 757 30 20 sin
670 757 51 20 fulla
737 759 43 19 rätt
799 759 31 19 att
850 759 12 19 &
876 758 32 20 sin
929 757 45 21 sida

157 785 88 28 vidtaga
260 786 100 27 ätgärder
376 787 31 20 till
423 786 92 21 skadans
531 785 148 28 afhjelpande,
695 785 39 21 och
750 785 40 21 den
801 785 124 28 försumliga
936 786 38 20 har

158 813 66 21 redan
239 814 41 21 fätt
296 815 150 27 tillgodonjuta
460 815 27 20 all
498 815 40 20 den
549 813 179 28 grannlagenhet,
741 814 27 27 pä
778 813 85 22 hvilken
874 814 40 21 han
926 814 48 21 skä-

157 841 56 28 ligen
233 843 41 20 kan
293 844 52 26 göra
361 843 100 28 anspråk.
491 842 42 28 Jag
548 849 63 14 anscr
626 842 92 27 således,
736 844 31 19 att
783 842 36 21 det
834 843 23 20 af
869 843 105 20 utskottet

157 869 40 21 här
214 870 122 29 föreslagna
359 871 106 28 tillägget,
486 871 137 27 hvarigenom
643 877 26 14 en
686 870 133 28 bestämning
838 871 89 27 åsyftas,
943 873 31 18 att

157 898 165 29 underbyggare
341 900 48 21 icke
409 899 71 21 alltför
499 899 60 28 länge
578 899 39 20 bör
632 900 102 19 motsätta
750 899 32 27 sig
797 899 142 28 fullgörandet
954 899 23 20 af

157 927 33 20 sin
205 927 133 28 skyldighet,
354 928 34 21 väl
402 928 107 21 försvarar
523 928 32 20 sin
572 927 61 28 plats.

227 955 58 22 Herr
301 956 105 27 Linder,
423 956 31 27 E.,
471 956 100 21 förenade
588 956 32 27 sig
636 956 47 21 med
699 956 49 20 herr
763 955 128 22 Ehrnrooth.

227 983 58 22 Herr
303 992 47 13 von
370 985 78 20 Born:
471 985 42 27 Jag
531 985 38 20 ber
587 984 65 21 också
670 986 32 19 att
720 984 21 20 få
757 984 82 21 biträda
855 984 55 21 hvad
926 984 48 21 herr

159 1011 122 22 Ehrnrooth
298 1015 77 25 yttrat,
391 1013 48 21 med
455 1013 35 20 det
505 1013 74 27 tillägg
589 1015 42 24 att,
642 1019 33 14 om
686 1013 48 20 icke
745 1012 61 21 ordet
817 1013 157 25 ,,oförtöfvadt'*

159 1041 38 20 här
215 1041 89 27 införes,
324 1041 22 21 sä
366 1041 39 22 blir
423 1041 36 21 det
473 1041 144 28 tvifvelaktigt
643 1041 54 20 huru
715 1041 63 27 länge
804 1041 170 28 öfverbyggaren

158 1069 53 20 skall
228 1071 72 26 vänta,
316 1070 65 21 innan
397 1070 40 20 han
454 1070 42 20 kan
511 1070 43 21 läta
567 1070 76 20 utreda
654 1069 70 21 dikets
735 1069 96 21 tillständ
841 1077 76 20 genom
928 1077 46 20 syn.

159 1097 59 20 Skall
241 1097 41 21 han
302 1100 64 19 vänta
384 1099 36 20 tvä
439 1098 51 21 eller
510 1100 31 19 tre
560 1098 80 27 dagar?
666 1097 76 21 Under
760 1097 58 22 tiden
838 1098 40 21 kan
897 1098 77 21 honom

158 1125 39 21 ske
213 1128 45 18 stor
273 1127 68 21 skada
356 1127 52 21 eller
424 1127 120 27 olägenhet.
570 1126 43 21 Det
629 1127 41 20 kan
685 1126 86 21 inträffa
781 1126 156 27 förhällanden,
949 1126 27 22 dä

159 1154 36 20 det
213 1156 24 18 är
255 1156 173 27 oundgängligen
447 1155 139 28 nödvändigt,
602 1157 32 19 att
650 1156 82 20 vattnet
748 1155 45 21 frän
813 1162 78 20 egorna
906 1157 70 19 straxt

159 1184 84 20 afföres.
269 1184 32 20 Ar
316 1183 142 21 förhållandet
475 1184 74 20 sådant
565 1184 40 20 och
620 1184 129 27 tillsägelsen
764 1183 47 21 icke
825 1183 151 21 efterkommes

159 1212 163 28 ofördröjligen,
338 1213 23 20 sä
377 1212 39 20 bör
431 1212 41 20 han
488 1214 69 18 straxt
573 1212 21 21 fä
609 1212 90 20 anställa
714 1218 39 21 syn
769 1212 39 20 och
824 1212 87 20 sälunda
921 1212 55 20 före-

159 1240 85 21 komma
260 1241 77 27 mänga
352 1240 79 21 skador
447 1241 40 20 och
503 1240 144 28 olägenheter.

228 1268 50 21 Med
293 1268 115 28 anledning
423 1269 23 20 af
457 1269 130 27 föregäende
598 1268 121 21 diskussion
730 1268 142 21 framställdes
883 1268 93 28 följande

159 1296 143 28 proposition:

228 1341 6 9 »
236 1325 138 25 Godkänner
389 1325 150 28 ridderskapet
554 1326 40 20 och
610 1325 62 21 adeln
688 1326 12 20 6
716 1326 22 26 &,
754 1325 69 21 såsom
840 1325 40 21 den
894 1326 23 20 är
928 1325 6 20 i
945 1327 32 18 ut-

159 1354 93 20 skottets
268 1354 138 20 betänkande
422 1354 103 20 affattad?

228 1398 4 9 »
236 1382 88 25 Vinner
342 1383 45 27 nej,
406 1384 89 26 antages
514 1383 12 20 6
543 1382 11 27 $
571 1382 5 20 i
596 1382 93 27 enlighet
708 1381 48 21 med
775 1381 41 21 den
835 1382 76 28 nådiga
930 1388 47 21 pro-

159 1410 141 27 positionen'*.

227 1438 59 21 Enär
299 1439 23 27 ja
336 1438 6 20 i
358 1438 27 21 de
401 1438 51 21 härä
467 1439 24 21 af
502 1438 85 22 ständet
598 1438 97 21 lemnade
706 1446 77 13 svaren
795 1438 46 21 utaf
851 1439 48 20 herr
909 1438 69 20 landt-

159 1467 137 20 marskalken
319 1467 77 27 ansågs
416 1474 50 14 vara
486 1466 166 28 öfvervägande,
671 1466 134 22 förklarades
824 1468 11 27 &
855 1468 11 20 6
886 1468 92 28 antagen

162 1495 66 28 enligt
244 1495 104 29 förslaget
363 1495 7 20 i
386 1495 117 21 utskottets
519 1495 143 21 betänkande,
