1078 1700
817 81 40 21 461

66 138 48 21 icke
136 138 90 20 allenast
249 137 101 21 afskaffas
373 137 70 21 denna
465 137 86 27 ojemna
575 136 129 28 fördelning,
729 138 52 20 utan
800 137 87 28 gjordes

66 166 90 21 fastmer
171 168 31 18 ett
217 165 76 27 vigtigt
308 165 39 21 och
363 165 85 21 liberalt
466 167 48 25 steg
533 165 86 25 framåt,
640 172 34 14 om
690 164 40 21 den
746 165 141 21 kameralisti-

67 195 40 21 ska
122 194 99 25 enheten,
237 194 84 20 hvilken
338 200 48 14 man
402 200 28 14 nu
445 193 68 21 kallar
527 193 80 21 mantal
618 193 40 21 och
668 200 45 14 som
725 194 38 20 har
773 193 40 21 den
825 200 63 22 egen-

67 223 81 27 skapen
165 225 31 19 att
212 229 51 14 vara
279 222 234 20 inkommensusurabel
529 222 5 20 i
551 221 57 21 olika
623 221 59 21 delar
693 222 23 20 af
725 222 78 27 landet,
819 222 69 21 skulle

67 251 115 21 försvinna.
213 251 48 20 Den
277 250 38 21 har
330 250 109 21 dessutom
456 257 26 14 en
498 257 69 14 annan
591 250 115 28 olägenhet
721 250 48 21 med
785 251 38 27 sig.
855 250 34 22 En

67 280 35 21 hel
122 280 78 20 kohort
220 279 22 21 af
259 279 130 27 tjenstemän
412 279 39 20 blir
473 285 77 21 genom
571 278 157 28 behandlingen
747 278 23 22 af
786 279 26 21 de
828 279 62 21 deraf

67 308 173 28 uppkommande
266 308 118 27 otympliga
410 307 53 21 bråk
491 307 24 21 så
539 307 114 27 otympligt
682 306 148 26 konservativ,
857 309 31 19 att

68 337 100 27 slutligen
191 336 36 21 det
248 336 47 20 icke
318 336 68 20 finnes
409 336 69 27 någon
500 335 67 28 utsigt
583 335 31 21 till
630 342 26 14 en
672 335 86 21 reform.
788 336 41 20 Jan
845 336 42 21 kan

67 365 48 21 icke
131 367 58 26 yttra
204 365 43 27 mig
261 364 133 21 annorlunda
408 364 60 21 öfver
483 365 75 26 sättet,
574 364 28 27 på
617 363 81 21 hvilket
714 371 48 13 man
778 364 38 21 här
831 364 58 21 velat

67 393 116 21 formulera
197 394 70 20 denna
282 393 66 27 fråga,
365 392 27 21 då
406 400 49 13 man
471 392 101 21 benämnt
595 392 125 21 ständernas
740 392 149 28 sjelfbeskatt-

67 422 107 28 ningsrätt
189 422 69 20 såsom
275 428 25 14 en
316 421 158 21 kammarteori.
505 420 75 21 Staten
596 420 42 21 kan
652 420 48 21 icke
716 420 66 22 heller
799 421 43 21 lida
859 422 29 27 pä

68 457 26 14 en
111 450 65 21 sådan
199 450 85 26 reform,
308 450 90 20 emedan
414 450 7 20 i
436 450 39 20 och
492 449 47 21 med
564 449 118 21 detsamma
704 450 126 27 regeringen
854 450 35 21 be-

68 478 73 22 träder
156 486 25 14 en
197 478 163 21 konstitutionel
384 480 47 26 väg,
447 485 26 13 en
489 478 66 20 sådan
572 477 74 28 åtgärd
661 478 48 20 icke
725 478 42 20 kan
782 480 65 19 annat
862 480 27 19 än

68 507 110 21 förmildra
193 507 48 21 dess
256 506 73 21 börda.
360 506 44 21 Det
419 506 42 21 kan
477 506 125 28 visserligen
618 513 52 14 vara
685 508 69 24 sannt,
770 508 31 19 att
812 514 77 20 genom

68 536 168 27 grundskattens
259 535 133 21 afskaffande
416 534 203 22 statsinkomsterna
641 534 31 21 till
688 541 26 15 en
730 534 75 28 början
821 535 69 21 skulle

69 564 134 21 förminskas.
234 564 49 21 Men
298 564 6 20 i
320 564 40 21 och
376 563 49 21 med
440 563 119 22 detsamma
575 563 69 21 denna
659 562 61 29 fråga
735 563 68 21 skulle
819 564 70 21 såsom

69 599 26 14 en
111 593 64 27 nådig
190 592 132 29 proposition
338 592 116 21 ständerna
469 592 131 27 föreläggas,
619 591 55 22 hade
689 599 48 14 man
754 592 66 21 hellre
843 593 45 20 skäl

69 623 32 19 att
116 623 88 26 antaga,
226 621 61 21 Hans
311 621 101 27 Majestät
436 621 68 20 skulle
523 627 52 14 anse
594 620 116 21 ständerna
725 621 23 20 så
764 627 49 21 pass
829 628 59 21 myn-

70 649 60 28 diga,
146 652 31 19 att
192 649 44 21 ifall
252 649 26 21 de
293 649 100 28 borttoge
412 656 27 14 en
455 650 68 26 skatt,
542 649 26 20 de
587 649 62 20 äfven
665 649 68 20 skulle
748 649 57 21 finna
820 649 70 21 medel

70 680 32 19 att
118 680 80 19 ersätta
213 679 40 20 den
272 685 76 20 genom
366 685 27 14 en
412 685 76 13 annan.
519 677 42 28 Jag
579 677 42 21 kan
636 677 73 21 vidare
724 677 48 22 icke
786 685 52 13 anse
853 685 36 13 an-

70 708 47 25 nat,
140 708 27 19 än
183 709 31 19 att
230 706 75 21 sådant
323 707 41 20 kan
384 706 63 21 lända
469 708 70 19 staten
560 705 39 21 och
618 706 126 27 regeringen
768 706 77 21 endast
859 706 31 21 till

70 735 97 27 fromma,
183 742 34 14 om
233 735 62 21 äfven
311 735 107 20 härunder
433 735 68 20 skulle
516 734 57 28 ligga
591 741 26 14 en
632 734 90 21 tendens
733 734 33 21 för
776 735 115 20 ständerna

70 765 32 19 att
125 766 74 19 votera
221 763 169 28 statsbudgeten.
424 763 32 21 En
481 763 64 21 sådan
569 763 98 27 votering
688 763 24 20 af
727 763 163 28 statsbudgeten

70 792 69 21 skulle
154 793 6 20 i
177 792 117 27 väsendtlig
309 792 49 20 mån
374 792 122 21 underlätta
518 791 138 28 regeringens
676 791 120 28 allvarliga,
821 793 70 26 öppna

71 821 130 26 sträfvande,
216 823 23 25 ty
256 821 40 20 den
312 820 68 21 skulle
396 821 121 20 underlätta
535 820 159 28 förvaltningen
710 820 22 21 af
746 820 40 21 den
802 820 38 20 hos
857 827 33 14 oss

70 849 24 20 så
109 850 63 20 svåra
189 849 195 28 finansportföljen,
409 856 45 14 som
472 849 39 20 har
529 850 32 19 att
579 848 78 27 kämpa
680 850 44 19 mot
748 855 26 14 en
794 848 96 28 opinion,

70 884 45 14 som
131 879 52 19 nära
197 885 43 20 nog
254 877 69 21 liknar
338 879 72 19 skrän.

139 905 57 22 Herr
213 906 185 27 Montgomerie
422 905 99 28 uppläste
543 907 32 19 ett
597 905 102 28 skriftligt
719 905 136 28 andragande
871 905 23 21 af

69 934 96 28 följande
180 935 90 26 lydelse:
288 935 44 20 Det
347 935 41 20 kan
405 934 47 21 icke
468 936 66 19 annat
550 935 26 19 än
591 933 99 28 förvåna,
704 933 28 21 då
746 941 49 13 man
811 933 39 21 hör
864 933 27 22 de

71 963 172 27 betänkligheter
266 963 38 20 och
328 963 36 20 det
386 962 119 27 motstånd,
522 963 24 27 ja
565 962 41 21 den
626 962 134 27 fiendtlighet
776 969 45 14 som
837 962 53 21 ifrån

70 991 108 28 åtskilliga
193 991 41 21 håll
250 991 53 21 låter
318 991 113 21 förnimma
447 991 32 28 sig
499 993 58 19 emot
573 990 40 21 den
633 990 23 21 af
677 990 143 28 petitionären
835 990 55 21 före-

70 1019 75 28 slagna
161 1020 81 27 åtgärd.
272 1019 47 22 Och
334 1019 62 27 dock,
412 1019 87 21 hvarom
515 1021 24 19 är
547 1019 36 20 det
594 1019 74 27 frågan
679 1019 121 28 egentligen
811 1019 81 27 gäller?

71 1047 31 21 Ar
125 1049 36 20 det
176 1048 33 21 väl
228 1048 111 28 meningen
364 1050 31 19 att
416 1048 139 27 undandraga
577 1047 81 21 kronan
682 1054 26 14 en
730 1047 161 27 inkomstkälla,

71 1077 51 20 eller
137 1078 32 19 att
184 1077 110 20 förvandla
308 1083 26 14 en
350 1077 29 20 fix
396 1077 38 20 och
451 1076 62 21 säker
529 1076 66 21 sådan
611 1076 31 20 till
657 1075 113 22 obestämd
786 1075 38 21 och
841 1082 50 14 vex-

70 1105 69 20 lande.
170 1104 126 28 Ingalunda,
310 1107 23 26 ty
348 1105 6 20 i
370 1104 207 29 petitionsförslaget
594 1105 62 27 ingår
669 1105 24 26 ju
708 1104 127 27 uttryckligt
849 1104 43 21 för-

72 1133 80 27 behåll,
168 1136 31 18 att
215 1133 91 21 kronans
322 1133 106 22 ordinarie
444 1133 117 21 inkomster
576 1133 49 21 icke
647 1133 66 21 borde
728 1133 22 21 få
764 1133 128 20 förminskas

70 1168 79 21 genom
171 1162 40 21 den
234 1162 125 28 ifrågasatta
374 1162 187 21 skattereformen.
591 1161 52 21 Icke
659 1162 66 20 heller
743 1161 95 21 föröfvas
854 1161 38 21 här

67 1191 25 27 ju
108 1191 65 27 något
189 1192 91 19 attentat
303 1193 57 19 emot
383 1190 116 28 enskildas,
523 1197 51 14 vare
590 1190 32 28 sig
637 1190 143 28 säteriegares
796 1190 51 20 eller
861 1190 31 20 in-

70 1218 198 28 delningshafvares
289 1221 49 22 rätt.
368 1219 26 27 Ej
419 1226 37 14 ens
475 1221 32 20 ett
526 1218 57 28 syfte
599 1220 32 19 att
646 1226 63 20 spara
722 1218 76 28 jorden
814 1218 27 28 på
856 1225 36 13 an-

71 1247 38 21 dra
123 1248 182 27 industrigrenars
327 1248 127 20 bekostnad.
485 1247 63 21 Hvad
567 1254 45 14 som
635 1246 68 22 blifvit
726 1247 65 21 stäldt
810 1247 7 20 i
832 1246 61 27 fråga

70 1276 40 20 och
126 1282 45 14 som
188 1283 61 14 anses
273 1276 129 21 åtminstone
425 1276 93 28 förtjena
541 1276 114 27 utredning
677 1277 29 24 är,
726 1275 105 21 huruvida
846 1275 48 21 icke

70 1311 26 13 en
113 1304 124 28 lämpligare
256 1305 72 21 metod
344 1306 26 19 än
386 1305 42 21 den
451 1304 122 21 nuvarande
597 1304 71 21 kunde
690 1304 93 20 utfinnas
802 1304 33 20 för
848 1304 45 27 jor-

71 1332 52 22 dens
140 1333 75 27 bidrag
231 1334 29 20 till
277 1334 26 20 de
318 1333 106 21 allmänna
438 1332 169 22 statsbehofven.
638 1332 37 21 Uti
691 1332 47 21 hela
754 1332 87 21 verlden
855 1332 38 20 har

70 1368 49 14 man
142 1361 128 28 längesedan
294 1363 70 19 ansett
387 1362 106 20 bristerna
515 1362 24 20 af
556 1362 31 20 ett
601 1360 292 28 jordbeskattningssystem,

71 1396 45 14 som
133 1397 26 13 en
175 1390 55 28 gång
246 1390 32 21 för
293 1390 41 21 alla
348 1390 87 27 ålägger
453 1390 58 20 vissa
530 1390 89 27 stycken
639 1390 22 20 af
680 1389 76 27 jorden
783 1388 110 22 bestämda

70 1418 145 27 prestationer
238 1420 50 19 utan
312 1418 100 21 afscende
429 1419 26 27 på
471 1418 26 20 de
511 1418 157 27 förändringar,
685 1424 46 14 som
752 1417 58 21 tiden
827 1424 67 21 oupp-

70 1446 79 28 hörligt
165 1447 81 21 medför
262 1447 5 20 i
284 1447 26 21 de
326 1446 74 26 vilkor,
416 1446 77 22 hvaraf
513 1446 169 28 produktionens
702 1446 114 21 resultater
835 1446 58 20 bero.

70 1474 45 21 Det
130 1476 24 19 är
169 1475 55 21 klart
240 1477 32 19 att
287 1482 26 14 en
329 1475 65 21 sådan
411 1475 144 27 beskattning,
572 1474 63 22 äfven
650 1476 88 26 antaget
753 1476 32 20 att
800 1474 41 21 den
857 1474 35 21 vid
