<?xml version="1.0" encoding="UTF-8"?>
<alto xmlns="http://www.loc.gov/standards/alto/ns-v3#" xmlns:xlink="http://www.w3.org/1999/xlink" xmlns:xsi="http://www.w3.org/2001/XMLSchema-instance" xsi:schemaLocation="http://www.loc.gov/standards/alto/ns-v3# http://www.loc.gov/alto/v3/alto-3-0.xsd">
	<Description>
		<MeasurementUnit>pixel</MeasurementUnit>
		<sourceImageInformation>
			<fileName>/tmp/tess_lwqztrxu_input.PNG</fileName>
		</sourceImageInformation>
		<OCRProcessing ID="OCR_0">
			<ocrProcessingStep>
				<processingSoftware>
					<softwareName>tesseract 5.3.4</softwareName>
				</processingSoftware>
			</ocrProcessingStep>
		</OCRProcessing>
	</Description>
	<Layout>
		<Page WIDTH="1078" HEIGHT="1700" PHYSICAL_IMG_NR="0" ID="page_0">
			<PrintSpace HPOS="0" VPOS="0" WIDTH="1078" HEIGHT="1700">
				<GraphicalElement ID="cblock_0" HPOS="0" VPOS="333" WIDTH="4" HEIGHT="801"></GraphicalElement >
				<GraphicalElement ID="cblock_1" HPOS="0" VPOS="1357" WIDTH="2" HEIGHT="317"></GraphicalElement >
				<ComposedBlock ID="cblock_2" HPOS="201" VPOS="79" WIDTH="41" HEIGHT="21">
					<TextBlock ID="block_0" HPOS="201" VPOS="79" WIDTH="41" HEIGHT="21">
						<TextLine ID="line_0" HPOS="201" VPOS="79" WIDTH="41" HEIGHT="21">
							<String ID="string_0" HPOS="201" VPOS="79" WIDTH="41" HEIGHT="21" WC="0.94" CONTENT="274"/>
						</TextLine>
					</TextBlock>
				</ComposedBlock>
				<ComposedBlock ID="cblock_3" HPOS="168" VPOS="135" WIDTH="829" HEIGHT="1366">
					<TextBlock ID="block_1" HPOS="173" VPOS="135" WIDTH="824" HEIGHT="135">
						<TextLine ID="line_1" HPOS="173" VPOS="135" WIDTH="824" HEIGHT="28">
							<String ID="string_1" HPOS="173" VPOS="135" WIDTH="27" HEIGHT="21" WC="0.93" CONTENT="då"/><SP WIDTH="15" VPOS="135" HPOS="200"/>
							<String ID="string_2" HPOS="215" VPOS="136" WIDTH="82" HEIGHT="20" WC="0.92" CONTENT="enhvar"/><SP WIDTH="16" VPOS="136" HPOS="297"/>
							<String ID="string_3" HPOS="313" VPOS="142" WIDTH="51" HEIGHT="21" WC="0.95" CONTENT="eger"/><SP WIDTH="22" VPOS="142" HPOS="364"/>
							<String ID="string_4" HPOS="386" VPOS="135" WIDTH="102" HEIGHT="28" WC="0.96" CONTENT="rättighet"/><SP WIDTH="20" VPOS="135" HPOS="488"/>
							<String ID="string_5" HPOS="508" VPOS="136" WIDTH="31" HEIGHT="20" WC="0.96" CONTENT="att"/><SP WIDTH="20" VPOS="136" HPOS="539"/>
							<String ID="string_6" HPOS="559" VPOS="135" WIDTH="79" HEIGHT="21" WC="0.96" CONTENT="besitta"/><SP WIDTH="18" VPOS="135" HPOS="638"/>
							<String ID="string_7" HPOS="656" VPOS="135" WIDTH="66" HEIGHT="21" WC="0.96" CONTENT="sådan"/><SP WIDTH="16" VPOS="135" HPOS="722"/>
							<String ID="string_8" HPOS="738" VPOS="136" WIDTH="56" HEIGHT="27" WC="0.96" CONTENT="jord."/><SP WIDTH="31" VPOS="136" HPOS="794"/>
							<String ID="string_9" HPOS="825" VPOS="135" WIDTH="46" HEIGHT="21" WC="0.84" CONTENT="Och"/><SP WIDTH="15" VPOS="135" HPOS="871"/>
							<String ID="string_10" HPOS="886" VPOS="136" WIDTH="7" HEIGHT="20" WC="0.96" CONTENT="i"/><SP WIDTH="16" VPOS="136" HPOS="893"/>
							<String ID="string_11" HPOS="909" VPOS="136" WIDTH="88" HEIGHT="21" WC="0.96" CONTENT="främsta"/>
						</TextLine>
						<TextLine ID="line_2" HPOS="173" VPOS="164" WIDTH="823" HEIGHT="28">
							<String ID="string_12" HPOS="173" VPOS="166" WIDTH="93" HEIGHT="19" WC="0.95" CONTENT="rummet"/><SP WIDTH="22" VPOS="166" HPOS="266"/>
							<String ID="string_13" HPOS="288" VPOS="164" WIDTH="40" HEIGHT="20" WC="0.96" CONTENT="bör"/><SP WIDTH="22" VPOS="164" HPOS="328"/>
							<String ID="string_14" HPOS="350" VPOS="164" WIDTH="36" HEIGHT="20" WC="0.96" CONTENT="det"/><SP WIDTH="23" VPOS="164" HPOS="386"/>
							<String ID="string_15" HPOS="409" VPOS="171" WIDTH="51" HEIGHT="14" WC="0.92" CONTENT="vara"/><SP WIDTH="23" VPOS="171" HPOS="460"/>
							<String ID="string_16" HPOS="483" VPOS="164" WIDTH="162" HEIGHT="27" WC="0.92" CONTENT="ridderskapets"/><SP WIDTH="23" VPOS="164" HPOS="645"/>
							<String ID="string_17" HPOS="668" VPOS="164" WIDTH="39" HEIGHT="21" WC="0.96" CONTENT="och"/><SP WIDTH="26" VPOS="164" HPOS="707"/>
							<String ID="string_18" HPOS="733" VPOS="164" WIDTH="73" HEIGHT="20" WC="0.96" CONTENT="adelns"/><SP WIDTH="19" VPOS="164" HPOS="806"/>
							<String ID="string_19" HPOS="825" VPOS="164" WIDTH="123" HEIGHT="28" WC="0.96" CONTENT="skyldighet"/><SP WIDTH="18" VPOS="164" HPOS="948"/>
							<String ID="string_20" HPOS="966" VPOS="166" WIDTH="30" HEIGHT="19" WC="0.96" CONTENT="att"/>
						</TextLine>
						<TextLine ID="line_3" HPOS="173" VPOS="192" WIDTH="822" HEIGHT="28">
							<String ID="string_21" HPOS="173" VPOS="192" WIDTH="85" HEIGHT="28" WC="0.96" CONTENT="skydda"/><SP WIDTH="15" VPOS="192" HPOS="258"/>
							<String ID="string_22" HPOS="273" VPOS="192" WIDTH="26" HEIGHT="21" WC="0.96" CONTENT="de"/><SP WIDTH="16" VPOS="192" HPOS="299"/>
							<String ID="string_23" HPOS="315" VPOS="199" WIDTH="109" HEIGHT="21" WC="0.96" CONTENT="personer,"/><SP WIDTH="17" VPOS="199" HPOS="424"/>
							<String ID="string_24" HPOS="441" VPOS="199" WIDTH="44" HEIGHT="14" WC="0.96" CONTENT="som"/><SP WIDTH="18" VPOS="199" HPOS="485"/>
							<String ID="string_25" HPOS="503" VPOS="192" WIDTH="78" HEIGHT="21" WC="0.96" CONTENT="besitta"/><SP WIDTH="16" VPOS="192" HPOS="581"/>
							<String ID="string_26" HPOS="597" VPOS="192" WIDTH="65" HEIGHT="21" WC="0.96" CONTENT="sådan"/><SP WIDTH="14" VPOS="192" HPOS="662"/>
							<String ID="string_27" HPOS="676" VPOS="192" WIDTH="49" HEIGHT="28" WC="0.96" CONTENT="jord"/><SP WIDTH="11" VPOS="192" HPOS="725"/>
							<String ID="string_28" HPOS="736" VPOS="194" WIDTH="51" HEIGHT="19" WC="0.95" CONTENT="utan"/><SP WIDTH="13" VPOS="194" HPOS="787"/>
							<String ID="string_29" HPOS="800" VPOS="195" WIDTH="31" HEIGHT="18" WC="0.96" CONTENT="att"/><SP WIDTH="11" VPOS="195" HPOS="831"/>
							<String ID="string_30" HPOS="842" VPOS="193" WIDTH="87" HEIGHT="21" WC="0.93" CONTENT="tillhöra"/><SP WIDTH="11" VPOS="193" HPOS="929"/>
							<String ID="string_31" HPOS="940" VPOS="194" WIDTH="55" HEIGHT="20" WC="0.90" CONTENT="stån-"/>
						</TextLine>
						<TextLine ID="line_4" HPOS="173" VPOS="220" WIDTH="824" HEIGHT="28">
							<String ID="string_32" HPOS="173" VPOS="221" WIDTH="47" HEIGHT="27" WC="0.96" CONTENT="det,"/><SP WIDTH="16" VPOS="221" HPOS="220"/>
							<String ID="string_33" HPOS="236" VPOS="220" WIDTH="91" HEIGHT="22" WC="0.96" CONTENT="emedan"/><SP WIDTH="16" VPOS="220" HPOS="327"/>
							<String ID="string_34" HPOS="343" VPOS="221" WIDTH="26" HEIGHT="21" WC="0.96" CONTENT="de"/><SP WIDTH="16" VPOS="221" HPOS="369"/>
							<String ID="string_35" HPOS="385" VPOS="221" WIDTH="47" HEIGHT="21" WC="0.96" CONTENT="icke"/><SP WIDTH="16" VPOS="221" HPOS="432"/>
							<String ID="string_36" HPOS="448" VPOS="222" WIDTH="35" HEIGHT="19" WC="0.96" CONTENT="äro"/><SP WIDTH="17" VPOS="222" HPOS="483"/>
							<String ID="string_37" HPOS="500" VPOS="221" WIDTH="6" HEIGHT="20" WC="0.96" CONTENT="i"/><SP WIDTH="16" VPOS="221" HPOS="506"/>
							<String ID="string_38" HPOS="522" VPOS="220" WIDTH="81" HEIGHT="21" WC="0.95" CONTENT="tillfälle"/><SP WIDTH="16" VPOS="220" HPOS="603"/>
							<String ID="string_39" HPOS="619" VPOS="223" WIDTH="31" HEIGHT="18" WC="0.93" CONTENT="att"/><SP WIDTH="16" VPOS="223" HPOS="650"/>
							<String ID="string_40" HPOS="666" VPOS="221" WIDTH="95" HEIGHT="21" WC="0.91" CONTENT="hvarken"/><SP WIDTH="13" VPOS="221" HPOS="761"/>
							<String ID="string_41" HPOS="774" VPOS="222" WIDTH="69" HEIGHT="19" WC="0.96" CONTENT="såsom"/><SP WIDTH="12" VPOS="222" HPOS="843"/>
							<String ID="string_42" HPOS="855" VPOS="222" WIDTH="79" HEIGHT="20" WC="0.95" CONTENT="ombud"/><SP WIDTH="12" VPOS="222" HPOS="934"/>
							<String ID="string_43" HPOS="946" VPOS="222" WIDTH="51" HEIGHT="20" WC="0.95" CONTENT="eller"/>
						</TextLine>
						<TextLine ID="line_5" HPOS="173" VPOS="249" WIDTH="362" HEIGHT="21">
							<String ID="string_44" HPOS="173" VPOS="250" WIDTH="85" HEIGHT="20" WC="0.90" CONTENT="valmän"/><SP WIDTH="16" VPOS="250" HPOS="258"/>
							<String ID="string_45" HPOS="274" VPOS="249" WIDTH="38" HEIGHT="21" WC="0.96" CONTENT="här"/><SP WIDTH="15" VPOS="249" HPOS="312"/>
							<String ID="string_46" HPOS="327" VPOS="250" WIDTH="97" HEIGHT="20" WC="0.96" CONTENT="försvara"/><SP WIDTH="15" VPOS="250" HPOS="424"/>
							<String ID="string_47" HPOS="439" VPOS="249" WIDTH="32" HEIGHT="20" WC="0.96" CONTENT="sin"/><SP WIDTH="16" VPOS="249" HPOS="471"/>
							<String ID="string_48" HPOS="487" VPOS="251" WIDTH="48" HEIGHT="19" WC="0.94" CONTENT="rätt."/>
						</TextLine>
					</TextBlock>
					<TextBlock ID="block_2" HPOS="173" VPOS="277" WIDTH="824" HEIGHT="738">
						<TextLine ID="line_6" HPOS="243" VPOS="277" WIDTH="754" HEIGHT="29">
							<String ID="string_49" HPOS="243" VPOS="278" WIDTH="101" HEIGHT="20" WC="0.96" CONTENT="Friherre"/><SP WIDTH="19" VPOS="278" HPOS="344"/>
							<String ID="string_50" HPOS="363" VPOS="285" WIDTH="46" HEIGHT="13" WC="0.96" CONTENT="von"/><SP WIDTH="17" VPOS="285" HPOS="409"/>
							<String ID="string_51" HPOS="426" VPOS="277" WIDTH="79" HEIGHT="26" WC="0.93" CONTENT="Troil,"/><SP WIDTH="20" VPOS="277" HPOS="505"/>
							<String ID="string_52" HPOS="525" VPOS="278" WIDTH="21" HEIGHT="20" WC="0.89" CONTENT="S."/><SP WIDTH="21" VPOS="278" HPOS="546"/>
							<String ID="string_53" HPOS="567" VPOS="277" WIDTH="46" HEIGHT="21" WC="0.92" CONTENT="W.:"/><SP WIDTH="24" VPOS="277" HPOS="613"/>
							<String ID="string_54" HPOS="637" VPOS="278" WIDTH="33" HEIGHT="20" WC="0.96" CONTENT="De"/><SP WIDTH="19" VPOS="278" HPOS="670"/>
							<String ID="string_55" HPOS="689" VPOS="278" WIDTH="166" HEIGHT="27" WC="0.96" CONTENT="anmärkningar"/><SP WIDTH="16" VPOS="278" HPOS="855"/>
							<String ID="string_56" HPOS="871" VPOS="278" WIDTH="38" HEIGHT="28" WC="0.96" CONTENT="jag"/><SP WIDTH="20" VPOS="278" HPOS="909"/>
							<String ID="string_57" HPOS="929" VPOS="278" WIDTH="68" HEIGHT="21" WC="0.96" CONTENT="skulle"/>
						</TextLine>
						<TextLine ID="line_7" HPOS="173" VPOS="306" WIDTH="824" HEIGHT="27">
							<String ID="string_58" HPOS="173" VPOS="306" WIDTH="47" HEIGHT="20" WC="0.96" CONTENT="haft"/><SP WIDTH="19" VPOS="306" HPOS="220"/>
							<String ID="string_59" HPOS="239" VPOS="308" WIDTH="32" HEIGHT="18" WC="0.96" CONTENT="att"/><SP WIDTH="18" VPOS="308" HPOS="271"/>
							<String ID="string_60" HPOS="289" VPOS="306" WIDTH="118" HEIGHT="21" WC="0.95" CONTENT="framställa"/><SP WIDTH="19" VPOS="306" HPOS="407"/>
							<String ID="string_61" HPOS="426" VPOS="308" WIDTH="57" HEIGHT="18" WC="0.96" CONTENT="emot"/><SP WIDTH="21" VPOS="308" HPOS="483"/>
							<String ID="string_62" HPOS="504" VPOS="306" WIDTH="160" HEIGHT="27" WC="0.96" CONTENT="propositionen"/><SP WIDTH="20" VPOS="306" HPOS="664"/>
							<String ID="string_63" HPOS="684" VPOS="306" WIDTH="64" HEIGHT="21" WC="0.96" CONTENT="hafva"/><SP WIDTH="19" VPOS="306" HPOS="748"/>
							<String ID="string_64" HPOS="767" VPOS="306" WIDTH="65" HEIGHT="21" WC="0.96" CONTENT="redan"/><SP WIDTH="20" VPOS="306" HPOS="832"/>
							<String ID="string_65" HPOS="852" VPOS="308" WIDTH="22" HEIGHT="19" WC="0.96" CONTENT="af"/><SP WIDTH="17" VPOS="308" HPOS="874"/>
							<String ID="string_66" HPOS="891" VPOS="307" WIDTH="49" HEIGHT="20" WC="0.96" CONTENT="herr"/><SP WIDTH="16" VPOS="307" HPOS="940"/>
							<String ID="string_67" HPOS="956" VPOS="314" WIDTH="41" HEIGHT="14" WC="0.95" CONTENT="von"/>
						</TextLine>
						<TextLine ID="line_8" HPOS="174" VPOS="334" WIDTH="822" HEIGHT="28">
							<String ID="string_68" HPOS="174" VPOS="334" WIDTH="59" HEIGHT="21" WC="0.96" CONTENT="Born"/><SP WIDTH="16" VPOS="334" HPOS="233"/>
							<String ID="string_69" HPOS="249" VPOS="334" WIDTH="40" HEIGHT="20" WC="0.96" CONTENT="och"/><SP WIDTH="16" VPOS="334" HPOS="289"/>
							<String ID="string_70" HPOS="305" VPOS="334" WIDTH="90" HEIGHT="21" WC="0.96" CONTENT="friherre"/><SP WIDTH="16" VPOS="334" HPOS="395"/>
							<String ID="string_71" HPOS="411" VPOS="334" WIDTH="26" HEIGHT="20" WC="0.96" CONTENT="de"/><SP WIDTH="16" VPOS="334" HPOS="437"/>
							<String ID="string_72" HPOS="453" VPOS="334" WIDTH="20" HEIGHT="21" WC="0.95" CONTENT="la"/><SP WIDTH="15" VPOS="334" HPOS="473"/>
							<String ID="string_73" HPOS="488" VPOS="334" WIDTH="102" HEIGHT="28" WC="0.95" CONTENT="Chapelle"/><SP WIDTH="18" VPOS="334" HPOS="590"/>
							<String ID="string_74" HPOS="608" VPOS="334" WIDTH="68" HEIGHT="21" WC="0.93" CONTENT="blifvit"/><SP WIDTH="15" VPOS="334" HPOS="676"/>
							<String ID="string_75" HPOS="691" VPOS="334" WIDTH="136" HEIGHT="27" WC="0.92" CONTENT="framhållna,"/><SP WIDTH="17" VPOS="334" HPOS="827"/>
							<String ID="string_76" HPOS="844" VPOS="336" WIDTH="23" HEIGHT="20" WC="0.96" CONTENT="så"/><SP WIDTH="14" VPOS="336" HPOS="867"/>
							<String ID="string_77" HPOS="881" VPOS="338" WIDTH="32" HEIGHT="18" WC="0.96" CONTENT="att"/><SP WIDTH="11" VPOS="338" HPOS="913"/>
							<String ID="string_78" HPOS="924" VPOS="335" WIDTH="72" HEIGHT="21" WC="0.95" CONTENT="derom"/>
						</TextLine>
						<TextLine ID="line_9" HPOS="174" VPOS="362" WIDTH="822" HEIGHT="29">
							<String ID="string_79" HPOS="174" VPOS="362" WIDTH="47" HEIGHT="21" WC="0.96" CONTENT="icke"/><SP WIDTH="16" VPOS="362" HPOS="221"/>
							<String ID="string_80" HPOS="237" VPOS="362" WIDTH="73" HEIGHT="21" WC="0.96" CONTENT="vidare"/><SP WIDTH="16" VPOS="362" HPOS="310"/>
							<String ID="string_81" HPOS="326" VPOS="364" WIDTH="23" HEIGHT="19" WC="0.96" CONTENT="är"/><SP WIDTH="17" VPOS="364" HPOS="349"/>
							<String ID="string_82" HPOS="366" VPOS="364" WIDTH="31" HEIGHT="19" WC="0.96" CONTENT="att"/><SP WIDTH="19" VPOS="364" HPOS="397"/>
							<String ID="string_83" HPOS="416" VPOS="362" WIDTH="61" HEIGHT="28" WC="0.96" CONTENT="orda;"/><SP WIDTH="16" VPOS="362" HPOS="477"/>
							<String ID="string_84" HPOS="493" VPOS="370" WIDTH="48" HEIGHT="13" WC="0.96" CONTENT="men"/><SP WIDTH="17" VPOS="370" HPOS="541"/>
							<String ID="string_85" HPOS="558" VPOS="362" WIDTH="27" HEIGHT="21" WC="0.96" CONTENT="då"/><SP WIDTH="14" VPOS="362" HPOS="585"/>
							<String ID="string_86" HPOS="599" VPOS="363" WIDTH="89" HEIGHT="21" WC="0.96" CONTENT="friherre"/><SP WIDTH="17" VPOS="363" HPOS="688"/>
							<String ID="string_87" HPOS="705" VPOS="370" WIDTH="42" HEIGHT="14" WC="0.96" CONTENT="von"/><SP WIDTH="17" VPOS="370" HPOS="747"/>
							<String ID="string_88" HPOS="764" VPOS="363" WIDTH="58" HEIGHT="20" WC="0.96" CONTENT="Born"/><SP WIDTH="17" VPOS="363" HPOS="822"/>
							<String ID="string_89" HPOS="839" VPOS="370" WIDTH="61" HEIGHT="21" WC="0.93" CONTENT="nyss,"/><SP WIDTH="17" VPOS="370" HPOS="900"/>
							<String ID="string_90" HPOS="917" VPOS="364" WIDTH="79" HEIGHT="20" WC="0.92" CONTENT="beträf-"/>
						</TextLine>
						<TextLine ID="line_10" HPOS="174" VPOS="391" WIDTH="822" HEIGHT="28">
							<String ID="string_91" HPOS="174" VPOS="391" WIDTH="63" HEIGHT="21" WC="0.92" CONTENT="fande"/><SP WIDTH="23" VPOS="391" HPOS="237"/>
							<String ID="string_92" HPOS="260" VPOS="391" WIDTH="189" HEIGHT="21" WC="0.91" CONTENT="arrendatorernas"/><SP WIDTH="20" VPOS="391" HPOS="449"/>
							<String ID="string_93" HPOS="469" VPOS="391" WIDTH="22" HEIGHT="21" WC="0.93" CONTENT="af"/><SP WIDTH="16" VPOS="391" HPOS="491"/>
							<String ID="string_94" HPOS="507" VPOS="391" WIDTH="155" HEIGHT="27" WC="0.91" CONTENT="kungsgårdar,"/><SP WIDTH="23" VPOS="391" HPOS="662"/>
							<String ID="string_95" HPOS="685" VPOS="392" WIDTH="199" HEIGHT="27" WC="0.92" CONTENT="kungsladugårdar"/><SP WIDTH="18" VPOS="392" HPOS="884"/>
							<String ID="string_96" HPOS="902" VPOS="392" WIDTH="40" HEIGHT="20" WC="0.93" CONTENT="och"/><SP WIDTH="18" VPOS="392" HPOS="942"/>
							<String ID="string_97" HPOS="960" VPOS="392" WIDTH="36" HEIGHT="20" WC="0.89" CONTENT="bo-"/>
						</TextLine>
						<TextLine ID="line_11" HPOS="174" VPOS="419" WIDTH="822" HEIGHT="29">
							<String ID="string_98" HPOS="174" VPOS="419" WIDTH="76" HEIGHT="21" WC="0.96" CONTENT="ställen"/><SP WIDTH="16" VPOS="419" HPOS="250"/>
							<String ID="string_99" HPOS="266" VPOS="419" WIDTH="65" HEIGHT="21" WC="0.96" CONTENT="frihet"/><SP WIDTH="23" VPOS="419" HPOS="331"/>
							<String ID="string_100" HPOS="354" VPOS="421" WIDTH="42" HEIGHT="25" WC="0.96" CONTENT="att,"/><SP WIDTH="17" VPOS="421" HPOS="396"/>
							<String ID="string_101" HPOS="413" VPOS="420" WIDTH="23" HEIGHT="20" WC="0.96" CONTENT="så"/><SP WIDTH="14" VPOS="420" HPOS="436"/>
							<String ID="string_102" HPOS="450" VPOS="420" WIDTH="63" HEIGHT="26" WC="0.96" CONTENT="länge"/><SP WIDTH="16" VPOS="420" HPOS="513"/>
							<String ID="string_103" HPOS="529" VPOS="420" WIDTH="36" HEIGHT="20" WC="0.96" CONTENT="det"/><SP WIDTH="19" VPOS="420" HPOS="565"/>
							<String ID="string_104" HPOS="584" VPOS="420" WIDTH="122" HEIGHT="20" WC="0.93" CONTENT="nuvarande"/><SP WIDTH="20" VPOS="420" HPOS="706"/>
							<String ID="string_105" HPOS="726" VPOS="420" WIDTH="100" HEIGHT="21" WC="0.92" CONTENT="arrendet"/><SP WIDTH="15" VPOS="420" HPOS="826"/>
							<String ID="string_106" HPOS="841" VPOS="420" WIDTH="88" HEIGHT="28" WC="0.96" CONTENT="fortgår,"/><SP WIDTH="20" VPOS="420" HPOS="929"/>
							<String ID="string_107" HPOS="949" VPOS="420" WIDTH="47" HEIGHT="21" WC="0.96" CONTENT="icke"/>
						</TextLine>
						<TextLine ID="line_12" HPOS="174" VPOS="448" WIDTH="822" HEIGHT="28">
							<String ID="string_108" HPOS="174" VPOS="448" WIDTH="92" HEIGHT="20" WC="0.91" CONTENT="behöfva"/><SP WIDTH="16" VPOS="448" HPOS="266"/>
							<String ID="string_109" HPOS="282" VPOS="448" WIDTH="86" HEIGHT="28" WC="0.96" CONTENT="deltaga"/><SP WIDTH="15" VPOS="448" HPOS="368"/>
							<String ID="string_110" HPOS="383" VPOS="448" WIDTH="7" HEIGHT="20" WC="0.93" CONTENT="i"/><SP WIDTH="16" VPOS="448" HPOS="390"/>
							<String ID="string_111" HPOS="406" VPOS="448" WIDTH="203" HEIGHT="27" WC="0.90" CONTENT="hållskjutsningens"/><SP WIDTH="20" VPOS="448" HPOS="609"/>
							<String ID="string_112" HPOS="629" VPOS="448" WIDTH="129" HEIGHT="28" WC="0.96" CONTENT="utgörande,"/><SP WIDTH="21" VPOS="448" HPOS="758"/>
							<String ID="string_113" HPOS="779" VPOS="448" WIDTH="103" HEIGHT="28" WC="0.93" CONTENT="åberopat"/><SP WIDTH="17" VPOS="448" HPOS="882"/>
							<String ID="string_114" HPOS="899" VPOS="449" WIDTH="97" HEIGHT="20" WC="0.92" CONTENT="ständer-"/>
						</TextLine>
						<TextLine ID="line_13" HPOS="175" VPOS="476" WIDTH="820" HEIGHT="28">
							<String ID="string_115" HPOS="175" VPOS="483" WIDTH="38" HEIGHT="13" WC="0.96" CONTENT="nas"/><SP WIDTH="16" VPOS="483" HPOS="213"/>
							<String ID="string_116" HPOS="229" VPOS="476" WIDTH="35" HEIGHT="20" WC="0.96" CONTENT="vid"/><SP WIDTH="17" VPOS="476" HPOS="264"/>
							<String ID="string_117" HPOS="281" VPOS="478" WIDTH="86" HEIGHT="19" WC="0.93" CONTENT="senaste"/><SP WIDTH="17" VPOS="478" HPOS="367"/>
							<String ID="string_118" HPOS="384" VPOS="476" WIDTH="101" HEIGHT="28" WC="0.92" CONTENT="landtdag"/><SP WIDTH="16" VPOS="476" HPOS="485"/>
							<String ID="string_119" HPOS="501" VPOS="476" WIDTH="80" HEIGHT="28" WC="0.91" CONTENT="afgifna"/><SP WIDTH="16" VPOS="476" HPOS="581"/>
							<String ID="string_120" HPOS="597" VPOS="476" WIDTH="146" HEIGHT="28" WC="0.92" CONTENT="underdåniga"/><SP WIDTH="11" VPOS="476" HPOS="743"/>
							<String ID="string_121" HPOS="754" VPOS="484" WIDTH="49" HEIGHT="14" WC="0.96" CONTENT="svar"/><SP WIDTH="10" VPOS="484" HPOS="803"/>
							<String ID="string_122" HPOS="813" VPOS="478" WIDTH="28" HEIGHT="26" WC="0.91" CONTENT="på"/><SP WIDTH="11" VPOS="478" HPOS="841"/>
							<String ID="string_123" HPOS="852" VPOS="477" WIDTH="26" HEIGHT="20" WC="0.88" CONTENT="H."/><SP WIDTH="12" VPOS="477" HPOS="878"/>
							<String ID="string_124" HPOS="890" VPOS="477" WIDTH="27" HEIGHT="21" WC="0.92" CONTENT="K."/><SP WIDTH="12" VPOS="477" HPOS="917"/>
							<String ID="string_125" HPOS="929" VPOS="477" WIDTH="66" HEIGHT="27" WC="0.91" CONTENT="Maje-"/>
						</TextLine>
						<TextLine ID="line_14" HPOS="175" VPOS="504" WIDTH="821" HEIGHT="29">
							<String ID="string_126" HPOS="175" VPOS="506" WIDTH="53" HEIGHT="19" WC="0.92" CONTENT="stäts"/><SP WIDTH="17" VPOS="506" HPOS="228"/>
							<String ID="string_127" HPOS="245" VPOS="504" WIDTH="27" HEIGHT="21" WC="0.96" CONTENT="då"/><SP WIDTH="16" VPOS="504" HPOS="272"/>
							<String ID="string_128" HPOS="288" VPOS="505" WIDTH="31" HEIGHT="20" WC="0.96" CONTENT="till"/><SP WIDTH="17" VPOS="505" HPOS="319"/>
							<String ID="string_129" HPOS="336" VPOS="505" WIDTH="47" HEIGHT="20" WC="0.93" CONTENT="dem"/><SP WIDTH="21" VPOS="505" HPOS="383"/>
							<String ID="string_130" HPOS="404" VPOS="505" WIDTH="79" HEIGHT="27" WC="0.92" CONTENT="afgifna"/><SP WIDTH="18" VPOS="505" HPOS="483"/>
							<String ID="string_131" HPOS="501" VPOS="505" WIDTH="133" HEIGHT="27" WC="0.96" CONTENT="proposition"/><SP WIDTH="15" VPOS="505" HPOS="634"/>
							<String ID="string_132" HPOS="649" VPOS="505" WIDTH="7" HEIGHT="20" WC="0.96" CONTENT="i"/><SP WIDTH="16" VPOS="505" HPOS="656"/>
							<String ID="string_133" HPOS="672" VPOS="506" WIDTH="82" HEIGHT="26" WC="0.96" CONTENT="ämnet,"/><SP WIDTH="20" VPOS="506" HPOS="754"/>
							<String ID="string_134" HPOS="774" VPOS="506" WIDTH="35" HEIGHT="20" WC="0.96" CONTENT="vill"/><SP WIDTH="16" VPOS="506" HPOS="809"/>
							<String ID="string_135" HPOS="825" VPOS="506" WIDTH="38" HEIGHT="27" WC="0.96" CONTENT="jag"/><SP WIDTH="15" VPOS="506" HPOS="863"/>
							<String ID="string_136" HPOS="878" VPOS="506" WIDTH="32" HEIGHT="20" WC="0.93" CONTENT="till"/><SP WIDTH="16" VPOS="506" HPOS="910"/>
							<String ID="string_137" HPOS="926" VPOS="506" WIDTH="70" HEIGHT="20" WC="0.91" CONTENT="bemö-"/>
						</TextLine>
						<TextLine ID="line_15" HPOS="174" VPOS="533" WIDTH="822" HEIGHT="29">
							<String ID="string_138" HPOS="174" VPOS="533" WIDTH="64" HEIGHT="20" WC="0.96" CONTENT="tande"/><SP WIDTH="20" VPOS="533" HPOS="238"/>
							<String ID="string_139" HPOS="258" VPOS="533" WIDTH="63" HEIGHT="21" WC="0.96" CONTENT="häraf"/><SP WIDTH="16" VPOS="533" HPOS="321"/>
							<String ID="string_140" HPOS="337" VPOS="533" WIDTH="112" HEIGHT="25" WC="0.96" CONTENT="anmärka,"/><SP WIDTH="23" VPOS="533" HPOS="449"/>
							<String ID="string_141" HPOS="472" VPOS="535" WIDTH="31" HEIGHT="19" WC="0.93" CONTENT="att"/><SP WIDTH="22" VPOS="535" HPOS="503"/>
							<String ID="string_142" HPOS="525" VPOS="533" WIDTH="130" HEIGHT="27" WC="0.91" CONTENT="stadgandet"/><SP WIDTH="19" VPOS="533" HPOS="655"/>
							<String ID="string_143" HPOS="674" VPOS="541" WIDTH="34" HEIGHT="13" WC="0.92" CONTENT="om"/><SP WIDTH="16" VPOS="541" HPOS="708"/>
							<String ID="string_144" HPOS="724" VPOS="534" WIDTH="169" HEIGHT="27" WC="0.90" CONTENT="kungsgårdars,"/><SP WIDTH="25" VPOS="534" HPOS="893"/>
							<String ID="string_145" HPOS="918" VPOS="534" WIDTH="78" HEIGHT="28" WC="0.91" CONTENT="kungs-"/>
						</TextLine>
						<TextLine ID="line_16" HPOS="174" VPOS="561" WIDTH="822" HEIGHT="29">
							<String ID="string_146" HPOS="174" VPOS="561" WIDTH="141" HEIGHT="28" WC="0.90" CONTENT="ladugårdars"/><SP WIDTH="17" VPOS="561" HPOS="315"/>
							<String ID="string_147" HPOS="332" VPOS="562" WIDTH="39" HEIGHT="21" WC="0.92" CONTENT="och"/><SP WIDTH="15" VPOS="562" HPOS="371"/>
							<String ID="string_148" HPOS="386" VPOS="562" WIDTH="115" HEIGHT="21" WC="0.92" CONTENT="boställens"/><SP WIDTH="16" VPOS="562" HPOS="501"/>
							<String ID="string_149" HPOS="517" VPOS="562" WIDTH="127" HEIGHT="27" WC="0.96" CONTENT="deltagande"/><SP WIDTH="16" VPOS="562" HPOS="644"/>
							<String ID="string_150" HPOS="660" VPOS="562" WIDTH="5" HEIGHT="21" WC="0.93" CONTENT="i"/><SP WIDTH="17" VPOS="562" HPOS="665"/>
							<String ID="string_151" HPOS="682" VPOS="562" WIDTH="191" HEIGHT="28" WC="0.90" CONTENT="hållskjutsningen"/><SP WIDTH="17" VPOS="562" HPOS="873"/>
							<String ID="string_152" HPOS="890" VPOS="562" WIDTH="47" HEIGHT="21" WC="0.90" CONTENT="icke"/><SP WIDTH="15" VPOS="562" HPOS="937"/>
							<String ID="string_153" HPOS="952" VPOS="563" WIDTH="44" HEIGHT="27" WC="0.90" CONTENT="gäl-"/>
						</TextLine>
						<TextLine ID="line_17" HPOS="174" VPOS="590" WIDTH="822" HEIGHT="29">
							<String ID="string_154" HPOS="174" VPOS="590" WIDTH="31" HEIGHT="20" WC="0.93" CONTENT="ler"/><SP WIDTH="17" VPOS="590" HPOS="205"/>
							<String ID="string_155" HPOS="222" VPOS="590" WIDTH="190" HEIGHT="27" WC="0.91" CONTENT="arrendatorerna,"/><SP WIDTH="17" VPOS="590" HPOS="412"/>
							<String ID="string_156" HPOS="429" VPOS="593" WIDTH="49" HEIGHT="18" WC="0.96" CONTENT="utan"/><SP WIDTH="20" VPOS="593" HPOS="478"/>
							<String ID="string_157" HPOS="498" VPOS="591" WIDTH="89" HEIGHT="20" WC="0.95" CONTENT="kronan."/><SP WIDTH="31" VPOS="591" HPOS="587"/>
							<String ID="string_158" HPOS="618" VPOS="591" WIDTH="44" HEIGHT="20" WC="0.95" CONTENT="Det"/><SP WIDTH="16" VPOS="591" HPOS="662"/>
							<String ID="string_159" HPOS="678" VPOS="592" WIDTH="23" HEIGHT="19" WC="0.91" CONTENT="är"/><SP WIDTH="15" VPOS="592" HPOS="701"/>
							<String ID="string_160" HPOS="716" VPOS="591" WIDTH="105" HEIGHT="28" WC="0.91" CONTENT="nemligen"/><SP WIDTH="16" VPOS="591" HPOS="821"/>
							<String ID="string_161" HPOS="837" VPOS="592" WIDTH="112" HEIGHT="27" WC="0.96" CONTENT="naturligt,"/><SP WIDTH="16" VPOS="592" HPOS="949"/>
							<String ID="string_162" HPOS="965" VPOS="593" WIDTH="31" HEIGHT="19" WC="0.95" CONTENT="att"/>
						</TextLine>
						<TextLine ID="line_18" HPOS="175" VPOS="619" WIDTH="820" HEIGHT="28">
							<String ID="string_163" HPOS="175" VPOS="619" WIDTH="81" HEIGHT="20" WC="0.96" CONTENT="kronan"/><SP WIDTH="17" VPOS="619" HPOS="256"/>
							<String ID="string_164" HPOS="273" VPOS="619" WIDTH="53" HEIGHT="20" WC="0.96" CONTENT="skall"/><SP WIDTH="17" VPOS="619" HPOS="326"/>
							<String ID="string_165" HPOS="343" VPOS="619" WIDTH="72" HEIGHT="20" WC="0.96" CONTENT="kunna"/><SP WIDTH="15" VPOS="619" HPOS="415"/>
							<String ID="string_166" HPOS="430" VPOS="619" WIDTH="32" HEIGHT="20" WC="0.96" CONTENT="för"/><SP WIDTH="15" VPOS="619" HPOS="462"/>
							<String ID="string_167" HPOS="477" VPOS="619" WIDTH="92" HEIGHT="20" WC="0.96" CONTENT="berörda"/><SP WIDTH="15" VPOS="619" HPOS="569"/>
							<String ID="string_168" HPOS="584" VPOS="619" WIDTH="124" HEIGHT="28" WC="0.96" CONTENT="lägenheter"/><SP WIDTH="14" VPOS="619" HPOS="708"/>
							<String ID="string_169" HPOS="722" VPOS="619" WIDTH="87" HEIGHT="28" WC="0.96" CONTENT="deltaga"/><SP WIDTH="10" VPOS="619" HPOS="809"/>
							<String ID="string_170" HPOS="819" VPOS="620" WIDTH="6" HEIGHT="19" WC="0.92" CONTENT="i"/><SP WIDTH="12" VPOS="620" HPOS="825"/>
							<String ID="string_171" HPOS="837" VPOS="620" WIDTH="158" HEIGHT="27" WC="0.90" CONTENT="skjutsningen,"/>
						</TextLine>
						<TextLine ID="line_19" HPOS="174" VPOS="647" WIDTH="821" HEIGHT="28">
							<String ID="string_172" HPOS="174" VPOS="647" WIDTH="62" HEIGHT="20" WC="0.96" CONTENT="äfven"/><SP WIDTH="18" VPOS="647" HPOS="236"/>
							<String ID="string_173" HPOS="254" VPOS="653" WIDTH="33" HEIGHT="14" WC="0.96" CONTENT="om"/><SP WIDTH="17" VPOS="653" HPOS="287"/>
							<String ID="string_174" HPOS="304" VPOS="647" WIDTH="47" HEIGHT="20" WC="0.93" CONTENT="icke"/><SP WIDTH="17" VPOS="647" HPOS="351"/>
							<String ID="string_175" HPOS="368" VPOS="647" WIDTH="177" HEIGHT="21" WC="0.91" CONTENT="arrendatorerna"/><SP WIDTH="17" VPOS="647" HPOS="545"/>
							<String ID="string_176" HPOS="562" VPOS="647" WIDTH="90" HEIGHT="21" WC="0.91" CONTENT="behöfva"/><SP WIDTH="16" VPOS="647" HPOS="652"/>
							<String ID="string_177" HPOS="668" VPOS="649" WIDTH="52" HEIGHT="26" WC="0.96" CONTENT="göra"/><SP WIDTH="16" VPOS="649" HPOS="720"/>
							<String ID="string_178" HPOS="736" VPOS="648" WIDTH="44" HEIGHT="27" WC="0.96" CONTENT="det,"/><SP WIDTH="17" VPOS="648" HPOS="780"/>
							<String ID="string_179" HPOS="797" VPOS="648" WIDTH="56" HEIGHT="20" WC="0.96" CONTENT="helst"/><SP WIDTH="15" VPOS="648" HPOS="853"/>
							<String ID="string_180" HPOS="868" VPOS="649" WIDTH="82" HEIGHT="20" WC="0.96" CONTENT="kronan"/><SP WIDTH="11" VPOS="649" HPOS="950"/>
							<String ID="string_181" HPOS="961" VPOS="649" WIDTH="34" HEIGHT="20" WC="0.96" CONTENT="vid"/>
						</TextLine>
						<TextLine ID="line_20" HPOS="174" VPOS="675" WIDTH="821" HEIGHT="29">
							<String ID="string_182" HPOS="174" VPOS="675" WIDTH="87" HEIGHT="27" WC="0.96" CONTENT="nyligen"/><SP WIDTH="24" VPOS="675" HPOS="261"/>
							<String ID="string_183" HPOS="285" VPOS="675" WIDTH="356" HEIGHT="21" WC="0.93" CONTENT="verkställda"/><SP WIDTH="-216" VPOS="675" HPOS="641"/>
							<String ID="string_184" HPOS="425" VPOS="671" WIDTH="8" HEIGHT="37" WC="0.83" CONTENT="&#39;"/><SP WIDTH="11" VPOS="671" HPOS="433"/>
							<String ID="string_185" HPOS="444" VPOS="675" WIDTH="197" HEIGHT="21" WC="0.87" CONTENT="arrendeauktioner"/><SP WIDTH="23" VPOS="675" HPOS="641"/>
							<String ID="string_186" HPOS="664" VPOS="677" WIDTH="12" HEIGHT="19" WC="0.89" CONTENT="&amp;"/><SP WIDTH="22" VPOS="677" HPOS="676"/>
							<String ID="string_187" HPOS="698" VPOS="676" WIDTH="148" HEIGHT="27" WC="0.92" CONTENT="ifrågakomna"/><SP WIDTH="25" VPOS="676" HPOS="846"/>
							<String ID="string_188" HPOS="871" VPOS="677" WIDTH="124" HEIGHT="27" WC="0.96" CONTENT="lägenheter"/>
						</TextLine>
						<TextLine ID="line_21" HPOS="174" VPOS="703" WIDTH="821" HEIGHT="28">
							<String ID="string_189" HPOS="174" VPOS="703" WIDTH="41" HEIGHT="21" WC="0.96" CONTENT="fått"/><SP WIDTH="19" VPOS="703" HPOS="215"/>
							<String ID="string_190" HPOS="234" VPOS="703" WIDTH="99" HEIGHT="28" WC="0.95" CONTENT="ofantligt"/><SP WIDTH="19" VPOS="703" HPOS="333"/>
							<String ID="string_191" HPOS="352" VPOS="704" WIDTH="55" HEIGHT="27" WC="0.96" CONTENT="höga"/><SP WIDTH="20" VPOS="704" HPOS="407"/>
							<String ID="string_192" HPOS="427" VPOS="705" WIDTH="110" HEIGHT="20" WC="0.92" CONTENT="arrenden."/><SP WIDTH="30" VPOS="705" HPOS="537"/>
							<String ID="string_193" HPOS="567" VPOS="704" WIDTH="40" HEIGHT="21" WC="0.81" CONTENT="Att"/><SP WIDTH="22" VPOS="704" HPOS="607"/>
							<String ID="string_194" HPOS="629" VPOS="705" WIDTH="80" HEIGHT="20" WC="0.96" CONTENT="kronan"/><SP WIDTH="20" VPOS="705" HPOS="709"/>
							<String ID="string_195" HPOS="729" VPOS="705" WIDTH="67" HEIGHT="20" WC="0.96" CONTENT="under"/><SP WIDTH="20" VPOS="705" HPOS="796"/>
							<String ID="string_196" HPOS="816" VPOS="707" WIDTH="31" HEIGHT="18" WC="0.95" CONTENT="ett"/><SP WIDTH="18" VPOS="707" HPOS="847"/>
							<String ID="string_197" HPOS="865" VPOS="705" WIDTH="53" HEIGHT="20" WC="0.95" CONTENT="halft"/><SP WIDTH="19" VPOS="705" HPOS="918"/>
							<String ID="string_198" HPOS="937" VPOS="705" WIDTH="58" HEIGHT="20" WC="0.96" CONTENT="sekel"/>
						</TextLine>
						<TextLine ID="line_22" HPOS="175" VPOS="732" WIDTH="820" HEIGHT="29">
							<String ID="string_199" HPOS="175" VPOS="732" WIDTH="68" HEIGHT="20" WC="0.95" CONTENT="skulle"/><SP WIDTH="24" VPOS="732" HPOS="243"/>
							<String ID="string_200" HPOS="267" VPOS="739" WIDTH="50" HEIGHT="13" WC="0.96" CONTENT="vara"/><SP WIDTH="27" VPOS="739" HPOS="317"/>
							<String ID="string_201" HPOS="344" VPOS="732" WIDTH="82" HEIGHT="21" WC="0.93" CONTENT="befriad"/><SP WIDTH="19" VPOS="732" HPOS="426"/>
							<String ID="string_202" HPOS="445" VPOS="733" WIDTH="46" HEIGHT="20" WC="0.96" CONTENT="från"/><SP WIDTH="20" VPOS="733" HPOS="491"/>
							<String ID="string_203" HPOS="511" VPOS="732" WIDTH="150" HEIGHT="28" WC="0.96" CONTENT="skyldigheten"/><SP WIDTH="24" VPOS="732" HPOS="661"/>
							<String ID="string_204" HPOS="685" VPOS="735" WIDTH="32" HEIGHT="18" WC="0.96" CONTENT="att"/><SP WIDTH="17" VPOS="735" HPOS="717"/>
							<String ID="string_205" HPOS="734" VPOS="733" WIDTH="34" HEIGHT="20" WC="0.96" CONTENT="för"/><SP WIDTH="19" VPOS="733" HPOS="768"/>
							<String ID="string_206" HPOS="787" VPOS="733" WIDTH="62" HEIGHT="20" WC="0.96" CONTENT="dessa"/><SP WIDTH="22" VPOS="733" HPOS="849"/>
							<String ID="string_207" HPOS="871" VPOS="734" WIDTH="124" HEIGHT="27" WC="0.95" CONTENT="lägenheter"/>
						</TextLine>
						<TextLine ID="line_23" HPOS="173" VPOS="760" WIDTH="822" HEIGHT="29">
							<String ID="string_208" HPOS="173" VPOS="762" WIDTH="78" HEIGHT="25" WC="0.93" CONTENT="utgöra"/><SP WIDTH="16" VPOS="762" HPOS="251"/>
							<String ID="string_209" HPOS="267" VPOS="760" WIDTH="122" HEIGHT="27" WC="0.91" CONTENT="hållskjuts,"/><SP WIDTH="17" VPOS="760" HPOS="389"/>
							<String ID="string_210" HPOS="406" VPOS="761" WIDTH="41" HEIGHT="20" WC="0.96" CONTENT="kan"/><SP WIDTH="13" VPOS="761" HPOS="447"/>
							<String ID="string_211" HPOS="460" VPOS="761" WIDTH="37" HEIGHT="28" WC="0.96" CONTENT="jag"/><SP WIDTH="16" VPOS="761" HPOS="497"/>
							<String ID="string_212" HPOS="513" VPOS="761" WIDTH="46" HEIGHT="21" WC="0.96" CONTENT="icke"/><SP WIDTH="17" VPOS="761" HPOS="559"/>
							<String ID="string_213" HPOS="576" VPOS="768" WIDTH="51" HEIGHT="14" WC="0.95" CONTENT="anse"/><SP WIDTH="17" VPOS="768" HPOS="627"/>
							<String ID="string_214" HPOS="644" VPOS="769" WIDTH="50" HEIGHT="13" WC="0.95" CONTENT="vara"/><SP WIDTH="16" VPOS="769" HPOS="694"/>
							<String ID="string_215" HPOS="710" VPOS="762" WIDTH="78" HEIGHT="27" WC="0.96" CONTENT="billigt,"/><SP WIDTH="16" VPOS="762" HPOS="788"/>
							<String ID="string_216" HPOS="804" VPOS="762" WIDTH="25" HEIGHT="20" WC="0.96" CONTENT="då"/><SP WIDTH="12" VPOS="762" HPOS="829"/>
							<String ID="string_217" HPOS="841" VPOS="762" WIDTH="96" HEIGHT="21" WC="0.93" CONTENT="enskilda"/><SP WIDTH="11" VPOS="762" HPOS="937"/>
							<String ID="string_218" HPOS="948" VPOS="769" WIDTH="47" HEIGHT="20" WC="0.92" CONTENT="per-"/>
						</TextLine>
						<TextLine ID="line_24" HPOS="174" VPOS="789" WIDTH="821" HEIGHT="29">
							<String ID="string_219" HPOS="174" VPOS="795" WIDTH="68" HEIGHT="18" WC="0.95" CONTENT="soner,"/><SP WIDTH="18" VPOS="795" HPOS="242"/>
							<String ID="string_220" HPOS="260" VPOS="795" WIDTH="46" HEIGHT="14" WC="0.96" CONTENT="som"/><SP WIDTH="17" VPOS="795" HPOS="306"/>
							<String ID="string_221" HPOS="323" VPOS="789" WIDTH="74" HEIGHT="20" WC="0.93" CONTENT="hittills"/><SP WIDTH="17" VPOS="789" HPOS="397"/>
							<String ID="string_222" HPOS="414" VPOS="789" WIDTH="54" HEIGHT="27" WC="0.96" CONTENT="varit"/><SP WIDTH="13" VPOS="789" HPOS="468"/>
							<String ID="string_223" HPOS="481" VPOS="789" WIDTH="94" HEIGHT="21" WC="0.96" CONTENT="befriade"/><SP WIDTH="16" VPOS="789" HPOS="575"/>
							<String ID="string_224" HPOS="591" VPOS="790" WIDTH="45" HEIGHT="20" WC="0.96" CONTENT="från"/><SP WIDTH="18" VPOS="790" HPOS="636"/>
							<String ID="string_225" HPOS="654" VPOS="797" WIDTH="81" HEIGHT="13" WC="0.93" CONTENT="samma"/><SP WIDTH="14" VPOS="797" HPOS="735"/>
							<String ID="string_226" HPOS="749" VPOS="797" WIDTH="62" HEIGHT="19" WC="0.91" CONTENT="onus,"/><SP WIDTH="17" VPOS="797" HPOS="811"/>
							<String ID="string_227" HPOS="828" VPOS="792" WIDTH="35" HEIGHT="19" WC="0.95" CONTENT="äro"/><SP WIDTH="11" VPOS="792" HPOS="863"/>
							<String ID="string_228" HPOS="874" VPOS="791" WIDTH="121" HEIGHT="27" WC="0.95" CONTENT="föreslagna"/>
						</TextLine>
						<TextLine ID="line_25" HPOS="174" VPOS="817" WIDTH="823" HEIGHT="28">
							<String ID="string_229" HPOS="174" VPOS="819" WIDTH="31" HEIGHT="18" WC="0.92" CONTENT="att"/><SP WIDTH="17" VPOS="819" HPOS="205"/>
							<String ID="string_230" HPOS="222" VPOS="817" WIDTH="45" HEIGHT="20" WC="0.91" CONTENT="deri"/><SP WIDTH="15" VPOS="817" HPOS="267"/>
							<String ID="string_231" HPOS="282" VPOS="819" WIDTH="77" HEIGHT="25" WC="0.96" CONTENT="genast"/><SP WIDTH="16" VPOS="819" HPOS="359"/>
							<String ID="string_232" HPOS="375" VPOS="818" WIDTH="91" HEIGHT="27" WC="0.96" CONTENT="deltaga."/><SP WIDTH="31" VPOS="818" HPOS="466"/>
							<String ID="string_233" HPOS="497" VPOS="818" WIDTH="41" HEIGHT="27" WC="0.96" CONTENT="Jag"/><SP WIDTH="16" VPOS="818" HPOS="538"/>
							<String ID="string_234" HPOS="554" VPOS="821" WIDTH="45" HEIGHT="18" WC="0.96" CONTENT="tror"/><SP WIDTH="14" VPOS="821" HPOS="599"/>
							<String ID="string_235" HPOS="613" VPOS="818" WIDTH="125" HEIGHT="27" WC="0.96" CONTENT="ingalunda,"/><SP WIDTH="24" VPOS="818" HPOS="738"/>
							<String ID="string_236" HPOS="762" VPOS="820" WIDTH="32" HEIGHT="19" WC="0.96" CONTENT="att"/><SP WIDTH="16" VPOS="820" HPOS="794"/>
							<String ID="string_237" HPOS="810" VPOS="820" WIDTH="148" HEIGHT="19" WC="0.96" CONTENT="arrendatorer"/><SP WIDTH="16" VPOS="820" HPOS="958"/>
							<String ID="string_238" HPOS="974" VPOS="819" WIDTH="23" HEIGHT="20" WC="0.95" CONTENT="af"/>
						</TextLine>
						<TextLine ID="line_26" HPOS="173" VPOS="845" WIDTH="821" HEIGHT="29">
							<String ID="string_239" HPOS="173" VPOS="845" WIDTH="201" HEIGHT="28" WC="0.90" CONTENT="kronolägenbeter,"/><SP WIDTH="25" VPOS="845" HPOS="374"/>
							<String ID="string_240" HPOS="399" VPOS="846" WIDTH="70" HEIGHT="21" WC="0.96" CONTENT="hvilka"/><SP WIDTH="18" VPOS="846" HPOS="469"/>
							<String ID="string_241" HPOS="487" VPOS="847" WIDTH="47" HEIGHT="20" WC="0.95" CONTENT="icke"/><SP WIDTH="19" VPOS="847" HPOS="534"/>
							<String ID="string_242" HPOS="553" VPOS="847" WIDTH="67" HEIGHT="27" WC="0.96" CONTENT="åtagit"/><SP WIDTH="21" VPOS="847" HPOS="620"/>
							<String ID="string_243" HPOS="641" VPOS="847" WIDTH="32" HEIGHT="27" WC="0.93" CONTENT="sig"/><SP WIDTH="23" VPOS="847" HPOS="673"/>
							<String ID="string_244" HPOS="696" VPOS="847" WIDTH="123" HEIGHT="27" WC="0.91" CONTENT="hållskjuts,"/><SP WIDTH="24" VPOS="847" HPOS="819"/>
							<String ID="string_245" HPOS="843" VPOS="848" WIDTH="61" HEIGHT="20" WC="0.96" CONTENT="skola"/><SP WIDTH="20" VPOS="848" HPOS="904"/>
							<String ID="string_246" HPOS="924" VPOS="847" WIDTH="70" HEIGHT="20" WC="0.96" CONTENT="kunna"/>
						</TextLine>
						<TextLine ID="line_27" HPOS="174" VPOS="874" WIDTH="820" HEIGHT="29">
							<String ID="string_247" HPOS="174" VPOS="874" WIDTH="86" HEIGHT="27" WC="0.94" CONTENT="åläggas"/><SP WIDTH="18" VPOS="874" HPOS="260"/>
							<String ID="string_248" HPOS="278" VPOS="875" WIDTH="32" HEIGHT="19" WC="0.96" CONTENT="att"/><SP WIDTH="14" VPOS="875" HPOS="310"/>
							<String ID="string_249" HPOS="324" VPOS="876" WIDTH="52" HEIGHT="19" WC="0.96" CONTENT="utan"/><SP WIDTH="20" VPOS="876" HPOS="376"/>
							<String ID="string_250" HPOS="396" VPOS="875" WIDTH="119" HEIGHT="26" WC="0.96" CONTENT="ersättning"/><SP WIDTH="19" VPOS="875" HPOS="515"/>
							<String ID="string_251" HPOS="534" VPOS="882" WIDTH="91" HEIGHT="13" WC="0.96" CONTENT="ansvara"/><SP WIDTH="18" VPOS="882" HPOS="625"/>
							<String ID="string_252" HPOS="643" VPOS="875" WIDTH="33" HEIGHT="20" WC="0.91" CONTENT="för"/><SP WIDTH="13" VPOS="875" HPOS="676"/>
							<String ID="string_253" HPOS="689" VPOS="875" WIDTH="161" HEIGHT="28" WC="0.91" CONTENT="skjutsningens"/><SP WIDTH="16" VPOS="875" HPOS="850"/>
							<String ID="string_254" HPOS="866" VPOS="876" WIDTH="128" HEIGHT="27" WC="0.96" CONTENT="utgörande,"/>
						</TextLine>
						<TextLine ID="line_28" HPOS="173" VPOS="903" WIDTH="821" HEIGHT="28">
							<String ID="string_255" HPOS="173" VPOS="909" WIDTH="49" HEIGHT="14" WC="0.96" CONTENT="men"/><SP WIDTH="14" VPOS="909" HPOS="222"/>
							<String ID="string_256" HPOS="236" VPOS="903" WIDTH="38" HEIGHT="26" WC="0.96" CONTENT="jag"/><SP WIDTH="19" VPOS="903" HPOS="274"/>
							<String ID="string_257" HPOS="293" VPOS="909" WIDTH="35" HEIGHT="13" WC="0.96" CONTENT="ser"/><SP WIDTH="19" VPOS="909" HPOS="328"/>
							<String ID="string_258" HPOS="347" VPOS="903" WIDTH="47" HEIGHT="20" WC="0.96" CONTENT="icke"/><SP WIDTH="20" VPOS="903" HPOS="394"/>
							<String ID="string_259" HPOS="414" VPOS="903" WIDTH="63" HEIGHT="27" WC="0.96" CONTENT="något"/><SP WIDTH="19" VPOS="903" HPOS="477"/>
							<String ID="string_260" HPOS="496" VPOS="903" WIDTH="75" HEIGHT="20" WC="0.96" CONTENT="hinder"/><SP WIDTH="15" VPOS="903" HPOS="571"/>
							<String ID="string_261" HPOS="586" VPOS="903" WIDTH="33" HEIGHT="20" WC="0.96" CONTENT="för"/><SP WIDTH="16" VPOS="903" HPOS="619"/>
							<String ID="string_262" HPOS="635" VPOS="903" WIDTH="80" HEIGHT="21" WC="0.96" CONTENT="kronan"/><SP WIDTH="24" VPOS="903" HPOS="715"/>
							<String ID="string_263" HPOS="739" VPOS="906" WIDTH="31" HEIGHT="18" WC="0.96" CONTENT="att"/><SP WIDTH="20" VPOS="906" HPOS="770"/>
							<String ID="string_264" HPOS="790" VPOS="905" WIDTH="69" HEIGHT="20" WC="0.92" CONTENT="såsom"/><SP WIDTH="21" VPOS="905" HPOS="859"/>
							<String ID="string_265" HPOS="880" VPOS="904" WIDTH="114" HEIGHT="27" WC="0.89" CONTENT="jordegare"/>
						</TextLine>
						<TextLine ID="line_29" HPOS="173" VPOS="931" WIDTH="821" HEIGHT="28">
							<String ID="string_266" HPOS="173" VPOS="933" WIDTH="76" HEIGHT="24" WC="0.95" CONTENT="genast"/><SP WIDTH="16" VPOS="933" HPOS="249"/>
							<String ID="string_267" HPOS="265" VPOS="931" WIDTH="61" HEIGHT="26" WC="0.96" CONTENT="börja"/><SP WIDTH="15" VPOS="931" HPOS="326"/>
							<String ID="string_268" HPOS="341" VPOS="931" WIDTH="98" HEIGHT="26" WC="0.93" CONTENT="dermed,"/><SP WIDTH="16" VPOS="931" HPOS="439"/>
							<String ID="string_269" HPOS="455" VPOS="932" WIDTH="124" HEIGHT="27" WC="0.92" CONTENT="isynnerhet"/><SP WIDTH="16" VPOS="932" HPOS="579"/>
							<String ID="string_270" HPOS="595" VPOS="939" WIDTH="45" HEIGHT="13" WC="0.96" CONTENT="som"/><SP WIDTH="8" VPOS="939" HPOS="640"/>
							<String ID="string_271" HPOS="648" VPOS="932" WIDTH="38" HEIGHT="27" WC="0.96" CONTENT="jag"/><SP WIDTH="14" VPOS="932" HPOS="686"/>
							<String ID="string_272" HPOS="700" VPOS="934" WIDTH="52" HEIGHT="25" WC="0.96" CONTENT="tror,"/><SP WIDTH="16" VPOS="934" HPOS="752"/>
							<String ID="string_273" HPOS="768" VPOS="934" WIDTH="31" HEIGHT="19" WC="0.96" CONTENT="att"/><SP WIDTH="15" VPOS="934" HPOS="799"/>
							<String ID="string_274" HPOS="814" VPOS="933" WIDTH="92" HEIGHT="20" WC="0.96" CONTENT="kronans"/><SP WIDTH="11" VPOS="933" HPOS="906"/>
							<String ID="string_275" HPOS="917" VPOS="933" WIDTH="77" HEIGHT="20" WC="0.96" CONTENT="affärer"/>
						</TextLine>
						<TextLine ID="line_30" HPOS="173" VPOS="959" WIDTH="821" HEIGHT="29">
							<String ID="string_276" HPOS="173" VPOS="961" WIDTH="37" HEIGHT="18" WC="0.96" CONTENT="äro"/><SP WIDTH="16" VPOS="961" HPOS="210"/>
							<String ID="string_277" HPOS="226" VPOS="959" WIDTH="48" HEIGHT="20" WC="0.96" CONTENT="fullt"/><SP WIDTH="16" VPOS="959" HPOS="274"/>
							<String ID="string_278" HPOS="290" VPOS="959" WIDTH="42" HEIGHT="20" WC="0.96" CONTENT="lika"/><SP WIDTH="14" VPOS="959" HPOS="332"/>
							<String ID="string_279" HPOS="346" VPOS="959" WIDTH="57" HEIGHT="28" WC="0.96" CONTENT="goda"/><SP WIDTH="15" VPOS="959" HPOS="403"/>
							<String ID="string_280" HPOS="418" VPOS="966" WIDTH="45" HEIGHT="14" WC="0.96" CONTENT="som"/><SP WIDTH="16" VPOS="966" HPOS="463"/>
							<String ID="string_281" HPOS="479" VPOS="960" WIDTH="25" HEIGHT="21" WC="0.95" CONTENT="de"/><SP WIDTH="17" VPOS="960" HPOS="504"/>
							<String ID="string_282" HPOS="521" VPOS="959" WIDTH="118" HEIGHT="28" WC="0.95" CONTENT="enskildas,"/><SP WIDTH="16" VPOS="959" HPOS="639"/>
							<String ID="string_283" HPOS="655" VPOS="960" WIDTH="72" HEIGHT="21" WC="0.96" CONTENT="hvilka"/><SP WIDTH="15" VPOS="960" HPOS="727"/>
							<String ID="string_284" HPOS="742" VPOS="967" WIDTH="28" HEIGHT="14" WC="0.96" CONTENT="nu"/><SP WIDTH="14" VPOS="967" HPOS="770"/>
							<String ID="string_285" HPOS="784" VPOS="962" WIDTH="36" HEIGHT="19" WC="0.96" CONTENT="äro"/><SP WIDTH="11" VPOS="962" HPOS="820"/>
							<String ID="string_286" HPOS="831" VPOS="961" WIDTH="121" HEIGHT="27" WC="0.96" CONTENT="föreslagna"/><SP WIDTH="11" VPOS="961" HPOS="952"/>
							<String ID="string_287" HPOS="963" VPOS="963" WIDTH="31" HEIGHT="18" WC="0.96" CONTENT="att"/>
						</TextLine>
						<TextLine ID="line_31" HPOS="173" VPOS="987" WIDTH="278" HEIGHT="28">
							<String ID="string_288" HPOS="173" VPOS="987" WIDTH="85" HEIGHT="28" WC="0.95" CONTENT="deltaga"/><SP WIDTH="16" VPOS="987" HPOS="258"/>
							<String ID="string_289" HPOS="274" VPOS="987" WIDTH="6" HEIGHT="20" WC="0.92" CONTENT="i"/><SP WIDTH="16" VPOS="987" HPOS="280"/>
							<String ID="string_290" HPOS="296" VPOS="987" WIDTH="155" HEIGHT="28" WC="0.91" CONTENT="skjutsningen."/>
						</TextLine>
					</TextBlock>
					<TextBlock ID="block_3" HPOS="168" VPOS="1015" WIDTH="826" HEIGHT="486">
						<TextLine ID="line_32" HPOS="241" VPOS="1015" WIDTH="753" HEIGHT="30">
							<String ID="string_291" HPOS="241" VPOS="1015" WIDTH="58" HEIGHT="21" WC="0.96" CONTENT="Herr"/><SP WIDTH="15" VPOS="1015" HPOS="299"/>
							<String ID="string_292" HPOS="314" VPOS="1015" WIDTH="160" HEIGHT="27" WC="0.96" CONTENT="Ehrnrooth,"/><SP WIDTH="17" VPOS="1015" HPOS="474"/>
							<String ID="string_293" HPOS="491" VPOS="1017" WIDTH="23" HEIGHT="20" WC="0.87" CONTENT="C."/><SP WIDTH="17" VPOS="1017" HPOS="514"/>
							<String ID="string_294" HPOS="531" VPOS="1017" WIDTH="36" HEIGHT="20" WC="0.92" CONTENT="A.:"/><SP WIDTH="24" VPOS="1017" HPOS="567"/>
							<String ID="string_295" HPOS="591" VPOS="1017" WIDTH="42" HEIGHT="28" WC="0.96" CONTENT="Jag"/><SP WIDTH="18" VPOS="1017" HPOS="633"/>
							<String ID="string_296" HPOS="651" VPOS="1017" WIDTH="69" HEIGHT="21" WC="0.96" CONTENT="skulle"/><SP WIDTH="20" VPOS="1017" HPOS="720"/>
							<String ID="string_297" HPOS="740" VPOS="1017" WIDTH="26" HEIGHT="21" WC="0.96" CONTENT="be"/><SP WIDTH="16" VPOS="1017" HPOS="766"/>
							<String ID="string_298" HPOS="782" VPOS="1019" WIDTH="31" HEIGHT="18" WC="0.96" CONTENT="att"/><SP WIDTH="16" VPOS="1019" HPOS="813"/>
							<String ID="string_299" HPOS="829" VPOS="1017" WIDTH="21" HEIGHT="21" WC="0.96" CONTENT="få"/><SP WIDTH="16" VPOS="1017" HPOS="850"/>
							<String ID="string_300" HPOS="866" VPOS="1017" WIDTH="47" HEIGHT="21" WC="0.96" CONTENT="med"/><SP WIDTH="15" VPOS="1017" HPOS="913"/>
							<String ID="string_301" HPOS="928" VPOS="1018" WIDTH="66" HEIGHT="27" WC="0.95" CONTENT="några"/>
						</TextLine>
						<TextLine ID="line_33" HPOS="173" VPOS="1044" WIDTH="819" HEIGHT="29">
							<String ID="string_302" HPOS="173" VPOS="1044" WIDTH="38" HEIGHT="21" WC="0.96" CONTENT="ord"/><SP WIDTH="15" VPOS="1044" HPOS="211"/>
							<String ID="string_303" HPOS="226" VPOS="1044" WIDTH="144" HEIGHT="27" WC="0.96" CONTENT="komplettera"/><SP WIDTH="22" VPOS="1044" HPOS="370"/>
							<String ID="string_304" HPOS="392" VPOS="1045" WIDTH="55" HEIGHT="20" WC="0.96" CONTENT="hvad"/><SP WIDTH="19" VPOS="1045" HPOS="447"/>
							<String ID="string_305" HPOS="466" VPOS="1045" WIDTH="89" HEIGHT="21" WC="0.95" CONTENT="friherre"/><SP WIDTH="20" VPOS="1045" HPOS="555"/>
							<String ID="string_306" HPOS="575" VPOS="1053" WIDTH="41" HEIGHT="13" WC="0.96" CONTENT="von"/><SP WIDTH="19" VPOS="1053" HPOS="616"/>
							<String ID="string_307" HPOS="635" VPOS="1045" WIDTH="58" HEIGHT="21" WC="0.96" CONTENT="Born"/><SP WIDTH="17" VPOS="1045" HPOS="693"/>
							<String ID="string_308" HPOS="710" VPOS="1048" WIDTH="78" HEIGHT="25" WC="0.96" CONTENT="yttrat,"/><SP WIDTH="23" VPOS="1048" HPOS="788"/>
							<String ID="string_309" HPOS="811" VPOS="1047" WIDTH="110" HEIGHT="26" WC="0.93" CONTENT="angående"/><SP WIDTH="17" VPOS="1047" HPOS="921"/>
							<String ID="string_310" HPOS="938" VPOS="1049" WIDTH="54" HEIGHT="18" WC="0.91" CONTENT="stän-"/>
						</TextLine>
						<TextLine ID="line_34" HPOS="172" VPOS="1072" WIDTH="821" HEIGHT="30">
							<String ID="string_311" HPOS="172" VPOS="1072" WIDTH="77" HEIGHT="21" WC="0.92" CONTENT="dernas"/><SP WIDTH="16" VPOS="1072" HPOS="249"/>
							<String ID="string_312" HPOS="265" VPOS="1079" WIDTH="49" HEIGHT="14" WC="0.96" CONTENT="svar"/><SP WIDTH="16" VPOS="1079" HPOS="314"/>
							<String ID="string_313" HPOS="330" VPOS="1074" WIDTH="27" HEIGHT="26" WC="0.96" CONTENT="på"/><SP WIDTH="15" VPOS="1074" HPOS="357"/>
							<String ID="string_314" HPOS="372" VPOS="1073" WIDTH="160" HEIGHT="28" WC="0.95" CONTENT="propositionen"/><SP WIDTH="19" VPOS="1073" HPOS="532"/>
							<String ID="string_315" HPOS="551" VPOS="1074" WIDTH="35" HEIGHT="20" WC="0.95" CONTENT="vid"/><SP WIDTH="19" VPOS="1074" HPOS="586"/>
							<String ID="string_316" HPOS="605" VPOS="1074" WIDTH="57" HEIGHT="21" WC="0.93" CONTENT="förra"/><SP WIDTH="15" VPOS="1074" HPOS="662"/>
							<String ID="string_317" HPOS="677" VPOS="1074" WIDTH="108" HEIGHT="28" WC="0.91" CONTENT="landtdag."/><SP WIDTH="30" VPOS="1074" HPOS="785"/>
							<String ID="string_318" HPOS="815" VPOS="1074" WIDTH="68" HEIGHT="21" WC="0.95" CONTENT="Detta"/><SP WIDTH="16" VPOS="1074" HPOS="883"/>
							<String ID="string_319" HPOS="899" VPOS="1082" WIDTH="48" HEIGHT="13" WC="0.92" CONTENT="svar"/><SP WIDTH="15" VPOS="1082" HPOS="947"/>
							<String ID="string_320" HPOS="962" VPOS="1075" WIDTH="31" HEIGHT="20" WC="0.91" CONTENT="åt-"/>
						</TextLine>
						<TextLine ID="line_35" HPOS="171" VPOS="1101" WIDTH="822" HEIGHT="29">
							<String ID="string_321" HPOS="171" VPOS="1101" WIDTH="77" HEIGHT="27" WC="0.96" CONTENT="följdes"/><SP WIDTH="16" VPOS="1101" HPOS="248"/>
							<String ID="string_322" HPOS="264" VPOS="1101" WIDTH="23" HEIGHT="20" WC="0.93" CONTENT="af"/><SP WIDTH="13" VPOS="1101" HPOS="287"/>
							<String ID="string_323" HPOS="300" VPOS="1101" WIDTH="160" HEIGHT="28" WC="0.91" CONTENT="ridderskapets"/><SP WIDTH="17" VPOS="1101" HPOS="460"/>
							<String ID="string_324" HPOS="477" VPOS="1102" WIDTH="38" HEIGHT="21" WC="0.96" CONTENT="och"/><SP WIDTH="20" VPOS="1102" HPOS="515"/>
							<String ID="string_325" HPOS="535" VPOS="1102" WIDTH="73" HEIGHT="21" WC="0.93" CONTENT="adelns"/><SP WIDTH="19" VPOS="1102" HPOS="608"/>
							<String ID="string_326" HPOS="627" VPOS="1103" WIDTH="252" HEIGHT="27" WC="0.88" CONTENT="omröstningsprotokoll"/><SP WIDTH="16" VPOS="1103" HPOS="879"/>
							<String ID="string_327" HPOS="895" VPOS="1103" WIDTH="6" HEIGHT="20" WC="0.96" CONTENT="i"/><SP WIDTH="16" VPOS="1103" HPOS="901"/>
							<String ID="string_328" HPOS="917" VPOS="1103" WIDTH="76" HEIGHT="27" WC="0.96" CONTENT="saken,"/>
						</TextLine>
						<TextLine ID="line_36" HPOS="172" VPOS="1129" WIDTH="820" HEIGHT="30">
							<String ID="string_329" HPOS="172" VPOS="1130" WIDTH="23" HEIGHT="20" WC="0.96" CONTENT="så"/><SP WIDTH="23" VPOS="1130" HPOS="195"/>
							<String ID="string_330" HPOS="218" VPOS="1131" WIDTH="30" HEIGHT="19" WC="0.96" CONTENT="att"/><SP WIDTH="24" VPOS="1131" HPOS="248"/>
							<String ID="string_331" HPOS="272" VPOS="1129" WIDTH="26" HEIGHT="21" WC="0.93" CONTENT="de"/><SP WIDTH="19" VPOS="1129" HPOS="298"/>
							<String ID="string_332" HPOS="317" VPOS="1130" WIDTH="86" HEIGHT="27" WC="0.90" CONTENT="åsigter,"/><SP WIDTH="24" VPOS="1130" HPOS="403"/>
							<String ID="string_333" HPOS="427" VPOS="1138" WIDTH="44" HEIGHT="14" WC="0.96" CONTENT="som"/><SP WIDTH="22" VPOS="1138" HPOS="471"/>
							<String ID="string_334" HPOS="493" VPOS="1131" WIDTH="27" HEIGHT="21" WC="0.96" CONTENT="då"/><SP WIDTH="21" VPOS="1131" HPOS="520"/>
							<String ID="string_335" HPOS="541" VPOS="1131" WIDTH="24" HEIGHT="21" WC="0.96" CONTENT="af"/><SP WIDTH="12" VPOS="1131" HPOS="565"/>
							<String ID="string_336" HPOS="577" VPOS="1131" WIDTH="151" HEIGHT="27" WC="0.96" CONTENT="ridderskapet"/><SP WIDTH="16" VPOS="1131" HPOS="728"/>
							<String ID="string_337" HPOS="744" VPOS="1131" WIDTH="40" HEIGHT="21" WC="0.95" CONTENT="och"/><SP WIDTH="15" VPOS="1131" HPOS="784"/>
							<String ID="string_338" HPOS="799" VPOS="1131" WIDTH="62" HEIGHT="21" WC="0.95" CONTENT="adeln"/><SP WIDTH="15" VPOS="1131" HPOS="861"/>
							<String ID="string_339" HPOS="876" VPOS="1132" WIDTH="116" HEIGHT="27" WC="0.96" CONTENT="uttalades,"/>
						</TextLine>
						<TextLine ID="line_37" HPOS="172" VPOS="1158" WIDTH="822" HEIGHT="29">
							<String ID="string_340" HPOS="172" VPOS="1165" WIDTH="51" HEIGHT="13" WC="0.96" CONTENT="voro"/><SP WIDTH="17" VPOS="1165" HPOS="223"/>
							<String ID="string_341" HPOS="240" VPOS="1158" WIDTH="40" HEIGHT="20" WC="0.96" CONTENT="och"/><SP WIDTH="15" VPOS="1158" HPOS="280"/>
							<String ID="string_342" HPOS="295" VPOS="1158" WIDTH="47" HEIGHT="21" WC="0.96" CONTENT="icke"/><SP WIDTH="14" VPOS="1158" HPOS="342"/>
							<String ID="string_343" HPOS="356" VPOS="1158" WIDTH="72" HEIGHT="22" WC="0.95" CONTENT="kunde"/><SP WIDTH="20" VPOS="1158" HPOS="428"/>
							<String ID="string_344" HPOS="448" VPOS="1166" WIDTH="51" HEIGHT="14" WC="0.95" CONTENT="vara"/><SP WIDTH="19" VPOS="1166" HPOS="499"/>
							<String ID="string_345" HPOS="518" VPOS="1162" WIDTH="65" HEIGHT="18" WC="0.95" CONTENT="annat"/><SP WIDTH="20" VPOS="1162" HPOS="583"/>
							<String ID="string_346" HPOS="603" VPOS="1162" WIDTH="26" HEIGHT="18" WC="0.96" CONTENT="än"/><SP WIDTH="20" VPOS="1162" HPOS="629"/>
							<String ID="string_347" HPOS="649" VPOS="1160" WIDTH="105" HEIGHT="27" WC="0.96" CONTENT="styrelsen"/><SP WIDTH="16" VPOS="1160" HPOS="754"/>
							<String ID="string_348" HPOS="770" VPOS="1160" WIDTH="100" HEIGHT="21" WC="0.96" CONTENT="bekanta."/><SP WIDTH="30" VPOS="1160" HPOS="870"/>
							<String ID="string_349" HPOS="900" VPOS="1160" WIDTH="44" HEIGHT="22" WC="0.96" CONTENT="Det"/><SP WIDTH="15" VPOS="1160" HPOS="944"/>
							<String ID="string_350" HPOS="959" VPOS="1162" WIDTH="35" HEIGHT="20" WC="0.96" CONTENT="må"/>
						</TextLine>
						<TextLine ID="line_38" HPOS="171" VPOS="1186" WIDTH="822" HEIGHT="30">
							<String ID="string_351" HPOS="171" VPOS="1186" WIDTH="83" HEIGHT="21" WC="0.96" CONTENT="således"/><SP WIDTH="16" VPOS="1186" HPOS="254"/>
							<String ID="string_352" HPOS="270" VPOS="1186" WIDTH="48" HEIGHT="21" WC="0.96" CONTENT="icke"/><SP WIDTH="16" VPOS="1186" HPOS="318"/>
							<String ID="string_353" HPOS="334" VPOS="1194" WIDTH="62" HEIGHT="14" WC="0.95" CONTENT="anses"/><SP WIDTH="16" VPOS="1194" HPOS="396"/>
							<String ID="string_354" HPOS="412" VPOS="1187" WIDTH="139" HEIGHT="27" WC="0.96" CONTENT="förvånande,"/><SP WIDTH="18" VPOS="1187" HPOS="551"/>
							<String ID="string_355" HPOS="569" VPOS="1195" WIDTH="34" HEIGHT="14" WC="0.96" CONTENT="om"/><SP WIDTH="15" VPOS="1195" HPOS="603"/>
							<String ID="string_356" HPOS="618" VPOS="1188" WIDTH="150" HEIGHT="28" WC="0.96" CONTENT="ridderskapet"/><SP WIDTH="16" VPOS="1188" HPOS="768"/>
							<String ID="string_357" HPOS="784" VPOS="1188" WIDTH="40" HEIGHT="21" WC="0.96" CONTENT="och"/><SP WIDTH="15" VPOS="1188" HPOS="824"/>
							<String ID="string_358" HPOS="839" VPOS="1189" WIDTH="71" HEIGHT="27" WC="0.96" CONTENT="adeln,"/><SP WIDTH="19" VPOS="1189" HPOS="910"/>
							<String ID="string_359" HPOS="929" VPOS="1190" WIDTH="64" HEIGHT="20" WC="0.95" CONTENT="hvars"/>
						</TextLine>
						<TextLine ID="line_39" HPOS="171" VPOS="1215" WIDTH="823" HEIGHT="29">
							<String ID="string_360" HPOS="171" VPOS="1215" WIDTH="131" HEIGHT="27" WC="0.90" CONTENT="protokoller"/><SP WIDTH="14" VPOS="1215" HPOS="302"/>
							<String ID="string_361" HPOS="316" VPOS="1216" WIDTH="38" HEIGHT="26" WC="0.96" CONTENT="jag"/><SP WIDTH="15" VPOS="1216" HPOS="354"/>
							<String ID="string_362" HPOS="369" VPOS="1216" WIDTH="39" HEIGHT="20" WC="0.95" CONTENT="har"/><SP WIDTH="15" VPOS="1216" HPOS="408"/>
							<String ID="string_363" HPOS="423" VPOS="1216" WIDTH="31" HEIGHT="20" WC="0.96" CONTENT="till"/><SP WIDTH="16" VPOS="1216" HPOS="454"/>
							<String ID="string_364" HPOS="470" VPOS="1216" WIDTH="67" HEIGHT="21" WC="0.96" CONTENT="hands"/><SP WIDTH="16" VPOS="1216" HPOS="537"/>
							<String ID="string_365" HPOS="553" VPOS="1216" WIDTH="40" HEIGHT="21" WC="0.96" CONTENT="och"/><SP WIDTH="15" VPOS="1216" HPOS="593"/>
							<String ID="string_366" HPOS="608" VPOS="1217" WIDTH="47" HEIGHT="20" WC="0.96" CONTENT="från"/><SP WIDTH="15" VPOS="1217" HPOS="655"/>
							<String ID="string_367" HPOS="670" VPOS="1217" WIDTH="72" HEIGHT="21" WC="0.96" CONTENT="hvilka"/><SP WIDTH="13" VPOS="1217" HPOS="742"/>
							<String ID="string_368" HPOS="755" VPOS="1218" WIDTH="38" HEIGHT="26" WC="0.96" CONTENT="jag"/><SP WIDTH="15" VPOS="1218" HPOS="793"/>
							<String ID="string_369" HPOS="808" VPOS="1217" WIDTH="80" HEIGHT="27" WC="0.96" CONTENT="kunde,"/><SP WIDTH="20" VPOS="1217" HPOS="888"/>
							<String ID="string_370" HPOS="908" VPOS="1225" WIDTH="34" HEIGHT="14" WC="0.96" CONTENT="om"/><SP WIDTH="15" VPOS="1225" HPOS="942"/>
							<String ID="string_371" HPOS="957" VPOS="1218" WIDTH="37" HEIGHT="20" WC="0.96" CONTENT="det"/>
						</TextLine>
						<TextLine ID="line_40" HPOS="170" VPOS="1244" WIDTH="823" HEIGHT="30">
							<String ID="string_372" HPOS="170" VPOS="1244" WIDTH="47" HEIGHT="20" WC="0.93" CONTENT="icke"/><SP WIDTH="16" VPOS="1244" HPOS="217"/>
							<String ID="string_373" HPOS="233" VPOS="1244" WIDTH="66" HEIGHT="26" WC="0.93" CONTENT="droge"/><SP WIDTH="16" VPOS="1244" HPOS="299"/>
							<String ID="string_374" HPOS="315" VPOS="1244" WIDTH="33" HEIGHT="20" WC="0.96" CONTENT="för"/><SP WIDTH="15" VPOS="1244" HPOS="348"/>
							<String ID="string_375" HPOS="363" VPOS="1244" WIDTH="50" HEIGHT="27" WC="0.96" CONTENT="lång"/><SP WIDTH="16" VPOS="1244" HPOS="413"/>
							<String ID="string_376" HPOS="429" VPOS="1244" WIDTH="39" HEIGHT="26" WC="0.93" CONTENT="tid,"/><SP WIDTH="17" VPOS="1244" HPOS="468"/>
							<String ID="string_377" HPOS="485" VPOS="1245" WIDTH="90" HEIGHT="27" WC="0.92" CONTENT="uppläsa"/><SP WIDTH="10" VPOS="1245" HPOS="575"/>
							<String ID="string_378" HPOS="585" VPOS="1245" WIDTH="127" HEIGHT="27" WC="0.96" CONTENT="yttranden,"/><SP WIDTH="16" VPOS="1245" HPOS="712"/>
							<String ID="string_379" HPOS="728" VPOS="1245" WIDTH="72" HEIGHT="21" WC="0.96" CONTENT="hvilka"/><SP WIDTH="11" VPOS="1245" HPOS="800"/>
							<String ID="string_380" HPOS="811" VPOS="1246" WIDTH="71" HEIGHT="20" WC="0.95" CONTENT="kunde"/><SP WIDTH="11" VPOS="1246" HPOS="882"/>
							<String ID="string_381" HPOS="893" VPOS="1246" WIDTH="59" HEIGHT="28" WC="0.95" CONTENT="tjena"/><SP WIDTH="10" VPOS="1246" HPOS="952"/>
							<String ID="string_382" HPOS="962" VPOS="1246" WIDTH="31" HEIGHT="21" WC="0.96" CONTENT="till"/>
						</TextLine>
						<TextLine ID="line_41" HPOS="170" VPOS="1271" WIDTH="822" HEIGHT="31">
							<String ID="string_383" HPOS="170" VPOS="1271" WIDTH="118" HEIGHT="28" WC="0.92" CONTENT="styrkande"/><SP WIDTH="16" VPOS="1271" HPOS="288"/>
							<String ID="string_384" HPOS="304" VPOS="1272" WIDTH="69" HEIGHT="24" WC="0.96" CONTENT="deraf,"/><SP WIDTH="20" VPOS="1272" HPOS="373"/>
							<String ID="string_385" HPOS="393" VPOS="1274" WIDTH="31" HEIGHT="19" WC="0.96" CONTENT="att"/><SP WIDTH="15" VPOS="1274" HPOS="424"/>
							<String ID="string_386" HPOS="439" VPOS="1273" WIDTH="112" HEIGHT="27" WC="0.96" CONTENT="missnöjet"/><SP WIDTH="16" VPOS="1273" HPOS="551"/>
							<String ID="string_387" HPOS="567" VPOS="1274" WIDTH="52" HEIGHT="20" WC="0.93" CONTENT="eller"/><SP WIDTH="16" VPOS="1274" HPOS="619"/>
							<String ID="string_388" HPOS="635" VPOS="1274" WIDTH="88" HEIGHT="27" WC="0.91" CONTENT="oviljan,"/><SP WIDTH="21" VPOS="1274" HPOS="723"/>
							<String ID="string_389" HPOS="744" VPOS="1281" WIDTH="34" HEIGHT="13" WC="0.96" CONTENT="om"/><SP WIDTH="14" VPOS="1281" HPOS="778"/>
							<String ID="string_390" HPOS="792" VPOS="1274" WIDTH="37" HEIGHT="28" WC="0.96" CONTENT="jag"/><SP WIDTH="16" VPOS="1274" HPOS="829"/>
							<String ID="string_391" HPOS="845" VPOS="1275" WIDTH="23" HEIGHT="20" WC="0.96" CONTENT="så"/><SP WIDTH="14" VPOS="1275" HPOS="868"/>
							<String ID="string_392" HPOS="882" VPOS="1276" WIDTH="35" HEIGHT="20" WC="0.96" CONTENT="må"/><SP WIDTH="15" VPOS="1276" HPOS="917"/>
							<String ID="string_393" HPOS="932" VPOS="1276" WIDTH="60" HEIGHT="26" WC="0.95" CONTENT="säga,"/>
						</TextLine>
						<TextLine ID="line_42" HPOS="169" VPOS="1300" WIDTH="823" HEIGHT="30">
							<String ID="string_394" HPOS="169" VPOS="1303" WIDTH="45" HEIGHT="17" WC="0.96" CONTENT="mot"/><SP WIDTH="15" VPOS="1303" HPOS="214"/>
							<String ID="string_395" HPOS="229" VPOS="1300" WIDTH="41" HEIGHT="20" WC="0.96" CONTENT="den"/><SP WIDTH="17" VPOS="1300" HPOS="270"/>
							<String ID="string_396" HPOS="287" VPOS="1300" WIDTH="34" HEIGHT="20" WC="0.96" CONTENT="vid"/><SP WIDTH="15" VPOS="1300" HPOS="321"/>
							<String ID="string_397" HPOS="336" VPOS="1300" WIDTH="58" HEIGHT="21" WC="0.92" CONTENT="förra"/><SP WIDTH="22" VPOS="1300" HPOS="394"/>
							<String ID="string_398" HPOS="416" VPOS="1301" WIDTH="130" HEIGHT="28" WC="0.91" CONTENT="landtdagen"/><SP WIDTH="23" VPOS="1301" HPOS="546"/>
							<String ID="string_399" HPOS="569" VPOS="1302" WIDTH="121" HEIGHT="27" WC="0.96" CONTENT="föreslagna"/><SP WIDTH="23" VPOS="1302" HPOS="690"/>
							<String ID="string_400" HPOS="713" VPOS="1302" WIDTH="104" HEIGHT="28" WC="0.96" CONTENT="åtgärden"/><SP WIDTH="15" VPOS="1302" HPOS="817"/>
							<String ID="string_401" HPOS="832" VPOS="1303" WIDTH="38" HEIGHT="27" WC="0.96" CONTENT="gaf"/><SP WIDTH="14" VPOS="1303" HPOS="870"/>
							<String ID="string_402" HPOS="884" VPOS="1303" WIDTH="32" HEIGHT="27" WC="0.96" CONTENT="sig"/><SP WIDTH="16" VPOS="1303" HPOS="916"/>
							<String ID="string_403" HPOS="932" VPOS="1303" WIDTH="38" HEIGHT="21" WC="0.96" CONTENT="luft"/><SP WIDTH="16" VPOS="1303" HPOS="970"/>
							<String ID="string_404" HPOS="986" VPOS="1304" WIDTH="6" HEIGHT="19" WC="0.96" CONTENT="i"/>
						</TextLine>
						<TextLine ID="line_43" HPOS="170" VPOS="1329" WIDTH="822" HEIGHT="28">
							<String ID="string_405" HPOS="170" VPOS="1329" WIDTH="48" HEIGHT="20" WC="0.96" CONTENT="vida"/><SP WIDTH="16" VPOS="1329" HPOS="218"/>
							<String ID="string_406" HPOS="234" VPOS="1329" WIDTH="98" HEIGHT="21" WC="0.96" CONTENT="starkare"/><SP WIDTH="19" VPOS="1329" HPOS="332"/>
							<String ID="string_407" HPOS="351" VPOS="1330" WIDTH="88" HEIGHT="26" WC="0.96" CONTENT="uttryck"/><SP WIDTH="18" VPOS="1330" HPOS="439"/>
							<String ID="string_408" HPOS="457" VPOS="1332" WIDTH="27" HEIGHT="18" WC="0.96" CONTENT="än"/><SP WIDTH="20" VPOS="1332" HPOS="484"/>
							<String ID="string_409" HPOS="504" VPOS="1330" WIDTH="35" HEIGHT="26" WC="0.96" CONTENT="de,"/><SP WIDTH="20" VPOS="1330" HPOS="539"/>
							<String ID="string_410" HPOS="559" VPOS="1337" WIDTH="44" HEIGHT="13" WC="0.96" CONTENT="som"/><SP WIDTH="20" VPOS="1337" HPOS="603"/>
							<String ID="string_411" HPOS="623" VPOS="1338" WIDTH="28" HEIGHT="14" WC="0.90" CONTENT="nu"/><SP WIDTH="16" VPOS="1338" HPOS="651"/>
							<String ID="string_412" HPOS="667" VPOS="1330" WIDTH="69" HEIGHT="21" WC="0.96" CONTENT="blifvit"/><SP WIDTH="16" VPOS="1330" HPOS="736"/>
							<String ID="string_413" HPOS="752" VPOS="1331" WIDTH="75" HEIGHT="26" WC="0.96" CONTENT="fällda;"/><SP WIDTH="18" VPOS="1331" HPOS="827"/>
							<String ID="string_414" HPOS="845" VPOS="1331" WIDTH="36" HEIGHT="21" WC="0.96" CONTENT="det"/><SP WIDTH="15" VPOS="1331" HPOS="881"/>
							<String ID="string_415" HPOS="896" VPOS="1332" WIDTH="34" HEIGHT="20" WC="0.96" CONTENT="må"/><SP WIDTH="15" VPOS="1332" HPOS="930"/>
							<String ID="string_416" HPOS="945" VPOS="1332" WIDTH="47" HEIGHT="20" WC="0.96" CONTENT="icke"/>
						</TextLine>
						<TextLine ID="line_44" HPOS="168" VPOS="1357" WIDTH="824" HEIGHT="30">
							<String ID="string_417" HPOS="168" VPOS="1357" WIDTH="103" HEIGHT="20" WC="0.91" CONTENT="förundra"/><SP WIDTH="16" VPOS="1357" HPOS="271"/>
							<String ID="string_418" HPOS="287" VPOS="1358" WIDTH="79" HEIGHT="27" WC="0.96" CONTENT="någon,"/><SP WIDTH="18" VPOS="1358" HPOS="366"/>
							<String ID="string_419" HPOS="384" VPOS="1360" WIDTH="62" HEIGHT="25" WC="0.96" CONTENT="säger"/><SP WIDTH="13" VPOS="1360" HPOS="446"/>
							<String ID="string_420" HPOS="459" VPOS="1359" WIDTH="47" HEIGHT="27" WC="0.96" CONTENT="jag,"/><SP WIDTH="17" VPOS="1359" HPOS="506"/>
							<String ID="string_421" HPOS="523" VPOS="1366" WIDTH="33" HEIGHT="13" WC="0.96" CONTENT="om"/><SP WIDTH="16" VPOS="1366" HPOS="556"/>
							<String ID="string_422" HPOS="572" VPOS="1359" WIDTH="94" HEIGHT="25" WC="0.96" CONTENT="ståndet,"/><SP WIDTH="17" VPOS="1359" HPOS="666"/>
							<String ID="string_423" HPOS="683" VPOS="1359" WIDTH="27" HEIGHT="21" WC="0.96" CONTENT="då"/><SP WIDTH="16" VPOS="1359" HPOS="710"/>
							<String ID="string_424" HPOS="726" VPOS="1359" WIDTH="36" HEIGHT="21" WC="0.96" CONTENT="det"/><SP WIDTH="16" VPOS="1359" HPOS="762"/>
							<String ID="string_425" HPOS="778" VPOS="1366" WIDTH="28" HEIGHT="14" WC="0.96" CONTENT="nu"/><SP WIDTH="15" VPOS="1366" HPOS="806"/>
							<String ID="string_426" HPOS="821" VPOS="1360" WIDTH="33" HEIGHT="20" WC="0.96" CONTENT="för"/><SP WIDTH="11" VPOS="1360" HPOS="854"/>
							<String ID="string_427" HPOS="865" VPOS="1360" WIDTH="66" HEIGHT="21" WC="0.93" CONTENT="andra"/><SP WIDTH="10" VPOS="1360" HPOS="931"/>
							<String ID="string_428" HPOS="941" VPOS="1360" WIDTH="51" HEIGHT="27" WC="0.92" CONTENT="gån-"/>
						</TextLine>
						<TextLine ID="line_45" HPOS="169" VPOS="1386" WIDTH="822" HEIGHT="28">
							<String ID="string_429" HPOS="169" VPOS="1392" WIDTH="40" HEIGHT="21" WC="0.96" CONTENT="gen"/><SP WIDTH="16" VPOS="1392" HPOS="209"/>
							<String ID="string_430" HPOS="225" VPOS="1386" WIDTH="33" HEIGHT="20" WC="0.93" CONTENT="får"/><SP WIDTH="16" VPOS="1386" HPOS="258"/>
							<String ID="string_431" HPOS="274" VPOS="1388" WIDTH="109" HEIGHT="25" WC="0.92" CONTENT="emottaga"/><SP WIDTH="16" VPOS="1388" HPOS="383"/>
							<String ID="string_432" HPOS="399" VPOS="1393" WIDTH="25" HEIGHT="14" WC="0.96" CONTENT="en"/><SP WIDTH="16" VPOS="1393" HPOS="424"/>
							<String ID="string_433" HPOS="440" VPOS="1387" WIDTH="142" HEIGHT="27" WC="0.96" CONTENT="proposition,"/><SP WIDTH="17" VPOS="1387" HPOS="582"/>
							<String ID="string_434" HPOS="599" VPOS="1390" WIDTH="50" HEIGHT="18" WC="0.96" CONTENT="utan"/><SP WIDTH="16" VPOS="1390" HPOS="649"/>
							<String ID="string_435" HPOS="665" VPOS="1389" WIDTH="32" HEIGHT="19" WC="0.96" CONTENT="att"/><SP WIDTH="15" VPOS="1389" HPOS="697"/>
							<String ID="string_436" HPOS="712" VPOS="1388" WIDTH="48" HEIGHT="20" WC="0.96" CONTENT="med"/><SP WIDTH="17" VPOS="1388" HPOS="760"/>
							<String ID="string_437" HPOS="777" VPOS="1390" WIDTH="30" HEIGHT="18" WC="0.96" CONTENT="ett"/><SP WIDTH="14" VPOS="1390" HPOS="807"/>
							<String ID="string_438" HPOS="821" VPOS="1388" WIDTH="54" HEIGHT="20" WC="0.96" CONTENT="enda"/><SP WIDTH="11" VPOS="1388" HPOS="875"/>
							<String ID="string_439" HPOS="886" VPOS="1389" WIDTH="38" HEIGHT="20" WC="0.93" CONTENT="ord"/><SP WIDTH="11" VPOS="1389" HPOS="924"/>
							<String ID="string_440" HPOS="935" VPOS="1390" WIDTH="56" HEIGHT="19" WC="0.91" CONTENT="stån-"/>
						</TextLine>
						<TextLine ID="line_46" HPOS="169" VPOS="1414" WIDTH="823" HEIGHT="30">
							<String ID="string_441" HPOS="169" VPOS="1414" WIDTH="46" HEIGHT="20" WC="0.96" CONTENT="dets"/><SP WIDTH="23" VPOS="1414" HPOS="215"/>
							<String ID="string_442" HPOS="238" VPOS="1414" WIDTH="57" HEIGHT="20" WC="0.96" CONTENT="förut"/><SP WIDTH="21" VPOS="1414" HPOS="295"/>
							<String ID="string_443" HPOS="316" VPOS="1414" WIDTH="95" HEIGHT="21" WC="0.93" CONTENT="uttalade"/><SP WIDTH="23" VPOS="1414" HPOS="411"/>
							<String ID="string_444" HPOS="434" VPOS="1416" WIDTH="55" HEIGHT="27" WC="0.92" CONTENT="åsigt"/><SP WIDTH="23" VPOS="1416" HPOS="489"/>
							<String ID="string_445" HPOS="512" VPOS="1416" WIDTH="67" HEIGHT="20" WC="0.93" CONTENT="finnes"/><SP WIDTH="22" VPOS="1416" HPOS="579"/>
							<String ID="string_446" HPOS="601" VPOS="1416" WIDTH="90" HEIGHT="28" WC="0.92" CONTENT="antydd,"/><SP WIDTH="24" VPOS="1416" HPOS="691"/>
							<String ID="string_447" HPOS="715" VPOS="1418" WIDTH="51" HEIGHT="19" WC="0.96" CONTENT="utan"/><SP WIDTH="18" VPOS="1418" HPOS="766"/>
							<String ID="string_448" HPOS="784" VPOS="1418" WIDTH="92" HEIGHT="19" WC="0.96" CONTENT="tvärtom"/><SP WIDTH="19" VPOS="1418" HPOS="876"/>
							<String ID="string_449" HPOS="895" VPOS="1417" WIDTH="97" HEIGHT="21" WC="0.96" CONTENT="förefalla"/>
						</TextLine>
						<TextLine ID="line_47" HPOS="168" VPOS="1442" WIDTH="824" HEIGHT="31">
							<String ID="string_450" HPOS="168" VPOS="1442" WIDTH="139" HEIGHT="27" WC="0.91" CONTENT="temmeligen"/><SP WIDTH="17" VPOS="1442" HPOS="307"/>
							<String ID="string_451" HPOS="324" VPOS="1442" WIDTH="82" HEIGHT="28" WC="0.96" CONTENT="enkelt,"/><SP WIDTH="20" VPOS="1442" HPOS="406"/>
							<String ID="string_452" HPOS="426" VPOS="1445" WIDTH="31" HEIGHT="19" WC="0.96" CONTENT="att"/><SP WIDTH="19" VPOS="1445" HPOS="457"/>
							<String ID="string_453" HPOS="476" VPOS="1444" WIDTH="85" HEIGHT="21" WC="0.96" CONTENT="ståndet"/><SP WIDTH="19" VPOS="1444" HPOS="561"/>
							<String ID="string_454" HPOS="580" VPOS="1445" WIDTH="130" HEIGHT="20" WC="0.96" CONTENT="åtminstone"/><SP WIDTH="16" VPOS="1445" HPOS="710"/>
							<String ID="string_455" HPOS="726" VPOS="1445" WIDTH="54" HEIGHT="20" WC="0.96" CONTENT="skall"/><SP WIDTH="16" VPOS="1445" HPOS="780"/>
							<String ID="string_456" HPOS="796" VPOS="1452" WIDTH="51" HEIGHT="14" WC="0.93" CONTENT="vara"/><SP WIDTH="14" VPOS="1452" HPOS="847"/>
							<String ID="string_457" HPOS="861" VPOS="1445" WIDTH="131" HEIGHT="28" WC="0.91" CONTENT="berättigadt"/>
						</TextLine>
						<TextLine ID="line_48" HPOS="169" VPOS="1471" WIDTH="725" HEIGHT="30">
							<String ID="string_458" HPOS="169" VPOS="1472" WIDTH="32" HEIGHT="20" WC="0.95" CONTENT="att"/><SP WIDTH="15" VPOS="1472" HPOS="201"/>
							<String ID="string_459" HPOS="216" VPOS="1471" WIDTH="102" HEIGHT="27" WC="0.96" CONTENT="uttrycka"/><SP WIDTH="15" VPOS="1471" HPOS="318"/>
							<String ID="string_460" HPOS="333" VPOS="1471" WIDTH="37" HEIGHT="21" WC="0.93" CONTENT="sitt"/><SP WIDTH="16" VPOS="1471" HPOS="370"/>
							<String ID="string_461" HPOS="386" VPOS="1472" WIDTH="167" HEIGHT="28" WC="0.91" CONTENT="missbilligande"/><SP WIDTH="16" VPOS="1472" HPOS="553"/>
							<String ID="string_462" HPOS="569" VPOS="1473" WIDTH="22" HEIGHT="21" WC="0.96" CONTENT="af"/><SP WIDTH="14" VPOS="1473" HPOS="591"/>
							<String ID="string_463" HPOS="605" VPOS="1480" WIDTH="26" HEIGHT="14" WC="0.96" CONTENT="en"/><SP WIDTH="15" VPOS="1480" HPOS="631"/>
							<String ID="string_464" HPOS="646" VPOS="1473" WIDTH="66" HEIGHT="21" WC="0.96" CONTENT="sådan"/><SP WIDTH="18" VPOS="1473" HPOS="712"/>
							<String ID="string_465" HPOS="730" VPOS="1473" WIDTH="164" HEIGHT="28" WC="0.96" CONTENT="omständighet."/>
						</TextLine>
					</TextBlock>
				</ComposedBlock>
			</PrintSpace>
		</Page>
	</Layout>
</alto>
