1078 1700
841 103 40 21 277

156 158 58 20 Herr
237 165 47 13 von
307 159 131 25 Kraemer,
462 158 34 21 C.:
521 159 71 20 Jemte
614 159 36 21 det
670 159 38 27 jag
730 159 7 21 i
760 160 149 21 hufvudsaken

87 187 86 20 förenar
199 186 43 28 mig
268 194 32 13 om
320 186 25 21 de
364 186 117 28 meningar,
505 187 51 21 eller
576 188 41 20 den
643 194 158 20 gemensamma
824 188 86 28 mening

88 215 93 26 kanske,
197 215 73 27 grefve
286 215 98 27 Armfelt,
401 215 33 26 A.,
451 215 39 21 och
507 216 48 20 herr
571 216 133 26 Ehrnrooth,
728 216 24 20 C.
768 217 34 26 A.,
819 218 68 26 yttrat
903 218 6 19 i

87 243 74 27 frägan
185 250 33 14 om
242 242 152 28 säterijordens
418 244 126 27 deltagande
560 244 6 20 i
582 244 191 28 hällskjutsningen
790 245 40 21 och
846 244 63 22 äfven

87 272 32 20 för
136 272 41 20 min
194 272 33 20 del
243 278 61 14 anser
320 272 41 20 den
378 272 76 27 nädiga
469 272 172 27 propositionen,
657 272 44 21 deri
716 273 63 27 ingen
791 274 119 27 ersättning

87 300 100 26 föreslås,
213 300 33 20 för
272 302 30 18 ett
327 300 90 27 ingrepp
440 300 6 20 i
470 300 163 28 eganderätten,
661 301 37 21 ber
720 302 38 26 jag
776 303 31 19 att
830 301 21 21 få
872 302 37 27 pä-

87 329 63 27 yrka,
167 331 32 17 att
215 329 81 19 kronan
312 328 32 20 för
360 329 46 20 sina
417 330 58 19 stora
486 328 84 28 gårdar,
587 329 136 27 egendomar,
740 330 113 27 bebyggda
868 330 40 21 och

87 356 128 28 obebyggda
231 357 84 20 marker
336 358 44 26 bör,
404 364 34 13 om
454 357 65 21 också
534 357 47 21 icke
597 358 7 20 i
620 364 81 14 samma
716 358 131 20 förhållande
863 365 45 13 som

87 385 69 27 öfriga
179 385 129 27 egendomar
325 386 7 19 i
350 385 81 26 landet,
454 386 23 20 sä
500 386 129 20 åtminstone
657 386 55 20 efter
735 386 70 27 någon
827 386 81 21 mindre

87 414 70 23 skala,
173 413 95 21 ähälfvas
284 414 150 27 skyldigheten
453 416 32 18 att
501 414 86 28 deltaga
602 414 5 20 i
625 414 198 28 hällskjutsningen.
854 415 54 21 Der-

87 442 34 20 vid
137 442 39 20 ber
189 442 38 27 jag
245 444 31 18 att
292 442 21 20 fä
328 442 80 26 erinra,
425 442 35 20 det
476 449 27 13 en
519 442 32 21 del
568 442 23 21 af
605 442 63 21 dessa
681 442 75 28 jordar
771 443 137 27 ingenstädes

87 470 69 21 blifvit
172 470 136 26 omnämnda,
322 470 38 27 jag
376 472 44 18 tror
436 472 31 19 att
483 470 42 21 dei
537 471 116 21 allmänhet
669 471 72 20 kunna
755 471 67 21 kallas
833 472 75 27 skogs-

87 498 119 28 räntejord;
229 498 41 21 den
291 498 83 21 utdelas
396 498 23 21 af
440 498 81 21 kronan
544 499 49 21 med
617 500 99 26 frikostig
733 500 56 20 hand
808 502 57 18 emot
881 500 27 27 1/,

87 528 51 20 eller
154 527 27 27 1/,
196 526 82 28 kopeks
294 529 62 19 ränta
370 534 39 20 per
424 528 103 20 tunnland
543 530 51 18 utan
611 528 69 27 någon
696 528 73 20 vidare
780 528 127 28 skyldighet.

86 556 33 21 De
136 556 65 21 borde
213 555 65 22 ocksä
293 555 86 28 deltaga
394 556 6 20 i
416 556 291 28 skjutsningsskyldigheten.
737 556 44 21 För
796 556 65 28 öfrigt
875 556 33 21 fär

86 585 63 20 äfven
163 585 38 26 jag
216 584 33 21 för
265 585 42 20 min
323 584 34 21 del
372 585 59 20 rösta
445 585 33 20 för
494 586 31 19 att
541 585 75 27 frägan
634 585 54 20 först
704 585 66 20 mätte
786 585 121 21 remitteras

87 613 30 20 till
133 613 230 27 grundlagsutskottet.

155 640 58 21 Herr
228 641 150 26 Schauman,
396 641 23 21 B.
436 641 35 20 O.:
494 641 43 27 Jag
555 641 42 21 kan
613 641 47 21 icke
680 641 112 21 underlåta
809 642 98 20 attilik-

86 670 37 20 het
145 669 49 20 med
212 669 102 21 herrarne
333 676 41 14 von
388 669 134 21 Willebrand
545 669 38 21 och
604 669 112 21 Molander
731 670 135 21 tillbakavisa
881 670 26 21 de

86 697 126 28 yttranden,
227 699 66 26 några
310 698 73 21 herrar
399 698 70 21 tillåtit
481 698 32 27 sig
523 700 44 19 mot
579 699 137 26 regeringen,
732 698 27 21 dä
770 699 26 20 de
806 699 102 20 benämnt

86 726 39 21 den
143 726 144 21 revolutionär
302 727 40 21 och
358 726 155 26 omstörtande,
536 727 27 27 dä
579 727 40 20 den
635 727 7 20 i
657 727 65 27 laglig
738 727 89 27 ordning
842 727 65 20 vändt

86 755 33 27 sig
134 755 31 20 till
181 755 122 20 ständerna.
333 755 91 20 Widare
440 755 48 20 ville
502 755 38 27 jag
556 757 57 18 emot
628 755 50 20 herr
694 754 133 27 Ehrnrooth,
840 755 66 26 C.A,

87 783 112 26 anmärka,
223 785 32 18 att
278 783 126 28 regeringen
420 783 6 20 i
441 783 32 21 sin
496 783 131 27 proposition
649 783 81 21 vänder
752 783 32 28 sig
805 783 48 21 icke
876 784 32 20 till

87 811 150 27 ridderskapet
252 812 39 20 och
307 811 61 21 adeln
381 811 77 27 allena,
475 817 50 14 utan
537 811 31 21 till
579 811 124 24 ständerna,
720 811 45 21 deri
776 812 59 20 detta
845 812 62 20 ständ

88 841 62 26 utgör
166 840 55 20 blott
237 847 26 14 en
278 840 110 27 fjerdedel.
419 839 58 22 Herr
491 839 131 27 Ehrnrooth,
639 839 23 22 C.
674 840 35 25 A.,
726 840 74 27 tyckes
811 847 52 14 anse
874 842 32 19 att

87 869 127 27 regeringen
241 869 47 20 bort
314 868 56 21 fästa
396 868 100 21 afseende
521 868 76 21 endast
623 869 35 20 vid
684 868 159 27 ridderskapets
867 869 39 20 och

86 897 73 21 adelns
175 897 138 27 protokoller.

154 925 100 21 Friherre
272 925 84 28 Boije:
379 925 43 27 Jag
436 925 39 20 ber
491 926 31 19 att
537 925 22 20 fä
574 925 86 20 bemöta
674 925 90 20 friherre
780 931 41 14 von
837 925 69 20 Borns

87 953 100 28 yttrande
211 955 40 25 att,
271 953 65 21 sedan
355 953 150 28 ridderskapet
521 953 39 21 och
576 953 61 21 adeln
654 953 35 20 vid
705 955 84 18 senaste
803 953 103 28 landtdag

86 983 69 26 afsagt
171 982 32 27 sig
219 982 31 20 sin
267 982 136 21 uteslutande
418 983 43 19 rätt
477 983 32 19 att
527 981 80 21 besitta
626 981 95 26 säterier,
745 981 160 27 ridderskapets

87 1011 39 20 och
141 1010 72 21 adelns
229 1013 49 18 veto
294 1011 6 19 i
315 1011 76 27 frägan
407 1017 33 13 om
456 1010 129 21 säteriernas
604 1009 199 28 skyldigkännande
819 1011 32 19 att
862 1010 44 20 del-

86 1041 51 25 taga
151 1039 7 20 i
173 1039 141 27 hällskjutsen
333 1039 47 20 icke
400 1039 67 20 skulle
483 1045 51 14 vara
550 1038 23 21 af
587 1039 69 26 nägon
673 1038 111 27 betydelse
800 1040 58 19 emot
872 1040 33 19 tre

86 1067 73 21 ständs
175 1067 78 20 beslut.
284 1067 28 21 Sä
327 1067 63 28 länge
412 1067 68 27 tredje
502 1067 97 27 punkten
614 1067 23 20 af
650 1066 118 27 förenings-
783 1067 39 20 och
834 1066 71 21 säker-

86 1095 114 21 hetsakten
216 1096 103 27 gvarstär,
335 1097 45 19 tror
393 1095 46 28 jag,
456 1097 33 18 att
505 1095 36 20 det
556 1095 83 20 fordras
655 1095 47 27 fyra
713 1095 73 20 ständs
798 1094 107 21 öfverens-

87 1123 132 22 stämmande
238 1124 70 21 beslut
327 1124 32 21 för
378 1126 32 19 att
428 1124 75 27 älägga
519 1124 118 20 säterierna
652 1130 27 14 en
694 1123 66 21 sädan
776 1122 128 28 skyldighet.

154 1152 58 21 Herr
227 1160 47 13 von
290 1152 79 21 Born:
394 1152 43 21 Det
456 1152 38 21 har
510 1154 79 26 yttrats
605 1154 32 19 att
652 1152 35 20 vid
703 1154 85 18 senaste
804 1151 102 28 landtdag

86 1180 149 28 ridderskapet
251 1181 39 21 och
306 1181 62 21 adeln
384 1182 56 20 ännu
455 1180 54 28 egde
525 1181 70 27 nägon
610 1180 114 27 anledning
740 1182 31 18 att
787 1180 68 20 uttala
868 1180 38 20 sitt

85 1211 50 19 veto
145 1209 8 20 i
163 1208 70 22 denna
248 1209 48 27 sak,
311 1216 48 14 men
376 1211 32 19 att
423 1209 35 21 det
474 1216 89 13 numera
577 1209 47 21 icke
640 1208 71 21 kunde
727 1208 48 27 ske,
792 1208 64 20 sedan
865 1208 41 20 alla

86 1237 224 27 medborgareklasser
334 1238 53 27 egde
409 1239 42 19 rätt
467 1239 32 19 att
515 1237 78 21 besitta
616 1237 95 21 säterier.
742 1236 42 28 Jag
799 1236 36 21 vill
850 1236 56 21 fästa

86 1266 218 27 uppmärksamheten
320 1266 74 27 derpä,
418 1268 31 18 att
464 1266 67 20 redan
549 1265 60 28 längt
627 1265 72 21 förrän
714 1265 75 27 frägan
805 1271 34 15 om
855 1264 51 21 häll-

86 1294 150 28 skjutsningen
252 1294 36 21 vid
303 1296 85 19 senaste
411 1294 100 27 landtdag
532 1294 128 26 handlades,
682 1293 55 21 hade
752 1292 29 21 H.
798 1294 23 20 K.
839 1292 67 28 Maje-

86 1324 55 20 stäts
156 1322 78 28 nädiga
248 1322 124 28 förordning
390 1322 106 21 utfärdats
515 1322 39 20 och
573 1322 63 21 äfven
652 1321 117 21 meddelats
784 1321 122 21 ridderska-

86 1353 36 25 pet
133 1351 39 21 och
183 1351 61 20 adeln
256 1351 82 26 derom,
350 1353 31 19 att
391 1350 140 28 medborgare
543 1350 22 21 af
575 1350 40 21 alla
625 1350 83 21 klasser
719 1350 53 27 egde
784 1352 31 18 att
825 1349 81 21 besitta

86 1379 65 21 sädan
164 1379 56 27 jord.
252 1379 89 21 Säledes
359 1386 38 14 var
416 1379 39 21 den
473 1378 76 28 frägan
564 1378 66 22 redan
645 1378 84 28 afgjord
744 1378 35 25 dä,
803 1378 40 21 och
858 1377 48 21 med

86 1414 81 14 samma
183 1408 45 20 skäl
244 1414 45 14 som
306 1407 84 21 ständet
406 1408 27 20 dä
447 1407 96 21 uttalade
560 1407 37 21 sitt
612 1409 58 23 veto,
687 1413 50 21 eger
752 1406 37 21 det
804 1406 63 21 äfven
878 1412 29 14 nu

86 1437 52 26 göra
153 1435 42 21 det.
226 1436 44 20 För
286 1436 64 28 öfrigt
364 1438 46 18 tror
424 1436 37 27 jag
479 1437 31 19 att
528 1436 75 27 frägan
623 1442 76 20 genom
718 1435 91 21 nämnda
824 1434 83 21 förord-

86 1464 51 27 ning
151 1464 48 21 icke
215 1464 90 21 kommit
319 1465 7 19 i
341 1465 65 27 något
421 1464 125 20 förändradt
560 1464 68 20 skick.
658 1463 76 21 Redan
744 1463 162 27 ridderskapets

87 1492 39 20 och
142 1492 73 20 adelus
233 1493 123 27 privilegier
376 1492 105 28 berättiga
497 1492 76 20 ofrälse
592 1498 109 21 personer,
720 1498 46 14 som
781 1498 78 21 genom
875 1490 34 22 arf
