1078 1700
193 86 43 20 312

164 142 94 21 behöfva
273 141 103 21 utfärdas.
407 141 42 21 Det
465 148 50 14 vore
531 141 35 21 illa
581 143 33 19 att
629 142 129 20 åtminstone
774 141 47 21 icke
836 142 69 20 lemna
917 141 70 21 denna

165 172 66 26 utväg
254 172 80 26 öppen,
357 170 39 21 och
415 170 7 20 i
439 170 64 28 ingen
522 170 102 20 händelse
643 170 68 20 finner
727 170 38 28 jag
783 170 70 28 någon
872 170 114 28 olägenhet

165 199 72 21 kunna
253 199 53 27 följa
322 199 23 20 af
358 199 114 27 förslagets
488 198 129 28 antagande.

234 227 57 21 Herr
306 227 197 28 Montgomerie:
526 227 42 27 Jag
591 227 42 21 kan
655 227 47 21 icke
725 228 45 20 inse
794 227 55 21 huru
872 227 23 21 af
917 228 70 27 någon

165 256 76 21 bankir
261 256 121 20 utomlands
401 258 31 19 ett
450 256 219 20 amortissementslån
695 256 70 21 kunde
784 256 90 20 erhållas
897 256 48 20 med
964 256 24 20 så

165 285 51 27 lång
230 284 174 28 amorteringstid
420 292 45 13 som
480 284 133 28 föreslagits,
628 287 52 18 utan
695 287 32 18 att
743 284 86 21 utställa
845 284 141 28 obligationer

166 314 39 20 och
221 313 91 28 utbjuda
328 312 48 22 dem
391 314 27 27 på
434 313 131 21 marknaden
581 313 53 21 hvar
649 320 46 14 som
710 313 62 21 helst.
803 313 51 21 Icke
866 313 41 21 kan
918 313 69 27 någon

166 342 76 20 bankir
258 342 27 28 gå
301 343 19 19 in
337 343 57 27 uppå
409 344 31 18 att
456 342 57 27 gifva
528 349 26 13 en
571 342 23 20 så
609 344 45 18 stor
670 348 82 14 summa
768 349 45 13 som
825 342 47 27 fyra
889 342 99 28 miljoner

166 370 61 21 mark
252 372 58 19 emot
333 370 128 21 skuldsedel.
493 370 57 21 Vore
571 370 36 20 det
622 371 27 27 på
664 370 86 21 kortare
767 370 39 27 tid,
829 371 24 20 så
868 370 68 21 skulle
952 370 36 20 det

167 406 51 14 vara
241 406 27 14 en
291 406 70 14 annan
384 399 44 21 sak.
458 399 49 21 Men
523 399 28 21 då
571 399 38 27 jag
627 399 104 27 granskar
746 399 70 21 denna
831 398 59 28 plan,
907 400 23 20 så
946 398 41 21 kan

163 428 38 27 jag
224 428 47 20 icke
295 428 45 20 inse
366 430 32 18 att
420 427 36 21 det
479 429 23 19 är
521 428 60 27 fråga
607 434 34 14 om
664 428 69 27 någon
759 428 87 20 kortare
872 428 40 26 tid,
936 429 51 19 utan

167 458 94 19 tvertom
278 463 27 13 en
321 456 82 28 ganska
418 456 55 28 lång.

235 484 57 21 Herr
308 484 194 28 Björkenheim,
519 484 35 21 R.:
577 484 43 28 Jag
643 491 61 14 anser
725 484 56 21 dock
803 487 32 18 att
851 484 19 21 vi
885 484 101 28 möjligen

166 513 72 21 kunde
254 513 75 28 lyckas
348 515 32 19 att
396 513 78 21 erhålla
490 515 31 19 ett
537 513 76 21 sådant
628 513 44 27 lån,
688 514 27 20 då
732 513 202 28 amorteringstiden
945 513 42 20 kan

167 542 65 20 blifva
257 541 95 21 särdeles
375 542 55 20 kort.
461 542 48 20 Med
530 542 102 20 afseende
652 542 52 20 derå
718 544 33 18 att
766 542 115 20 ständerna
896 541 92 28 anslagit

167 571 92 26 200,000
275 570 61 21 mark
351 571 23 20 af
387 571 40 20 den
447 571 107 20 blifvande
574 571 188 20 bränvinsskatten
779 570 30 21 till
825 571 162 20 underlättande

166 599 23 21 af
203 599 70 21 denna
296 599 121 27 operation,
440 599 41 21 kan
504 599 201 28 amorteringstiden
726 600 27 27 på
771 601 31 19 ett
817 599 47 28 fyra
880 599 108 28 miljoners

167 627 34 21 lån
216 628 67 21 blifva
305 628 82 27 ganska
406 628 59 27 kort,
484 628 40 21 och
540 627 27 21 då
583 627 73 22 kunde
671 628 100 27 möjligen
787 628 58 21 lånet
861 628 90 21 erhållas
967 628 23 21 af

167 657 70 27 någon
262 657 78 26 barkir,
364 658 51 19 utan
434 658 31 19 att
481 657 142 27 obligationer
646 656 91 21 behöfde
760 657 102 20 utfärdas.
894 657 42 27 Jag
952 657 36 20 vill

166 685 48 20 icke
237 686 52 27 säga
312 686 32 19 att
366 685 36 21 det
425 686 22 19 är
471 685 83 28 troligt,
577 692 48 14 men
648 686 36 20 det
706 685 68 28 ligger
797 685 56 20 inom
877 685 110 27 möjlighe-

168 716 48 18 tens
232 715 70 26 gräns.

238 742 69 21 Sedan
323 742 28 27 på
366 742 48 21 herr
430 742 154 21 ordförandens
607 742 155 28 framställning
785 742 148 28 ridderskapet
948 742 39 21 och

167 770 62 21 adeln
254 771 96 27 godkänt
373 771 117 20 utskottets
514 771 136 20 betänkande
665 771 6 20 i
687 771 71 20 denna
775 771 78 27 punkt,
877 771 110 20 fortsattes

168 799 48 20 med
232 799 156 28 behandlingen
404 799 23 20 af
440 806 81 14 samma
540 799 142 27 betänkande,
698 799 7 21 i
720 799 81 21 hvilket
820 799 100 21 afseende
936 807 51 20 upp-

167 827 65 21 lästes
249 827 91 28 stycket,
358 835 46 13 som
420 828 71 27 börjar
507 828 12 20 &
535 827 62 22 10:de
613 828 58 21 sidan
688 828 48 21 med
749 829 76 20 orden:
849 827 47 26 ,,De
911 835 75 20 genom

168 856 59 21 detta
246 857 35 20 lån
300 856 118 27 inflytande
441 856 82 21 medel
548 857 39 20 och
607 857 66 20 slutar
688 857 13 20 å
718 857 45 20 11:e
783 856 60 21 sidan
859 856 48 21 med
922 857 65 20 orden

169 885 175 27 »löseskillingen
360 885 107 28 erlägga".

238 913 100 21 Rörande
354 913 70 21 denna
439 913 34 22 del
487 913 24 21 af
525 913 145 22 betänkandet
686 914 96 27 yttrade:

237 941 80 22 Grefve
333 942 123 27 Armfelt,
472 942 36 21 A.:
532 941 42 28 Jag
597 942 87 21 förenar
701 943 43 27 mig
763 943 48 20 med
826 942 49 21 herr
891 943 97 26 Montgo-

169 971 65 20 merie
251 971 5 20 i
272 970 70 21 denna
356 971 75 27 punkt.
462 970 42 28 Jag
519 977 64 14 anser
601 971 87 20 alldeles
706 971 131 28 nödvändigt
862 973 31 18 att
920 971 68 20 öfver-

168 999 70 21 lemna
254 1000 22 20 åt
291 999 105 28 styrelsen
421 999 170 21 bestämmandet
607 999 22 21 af
644 1002 116 24 procenten
775 999 40 21 och
831 999 77 28 dylikt,
932 1006 56 14 eme-

168 1027 42 21 dan
225 1028 37 20 det
277 1027 39 21 har
331 1028 55 20 visat
402 1028 38 27 sig,
457 1030 32 19 att
505 1035 81 20 papper
602 1028 48 21 med
665 1028 58 28 lägre
738 1030 62 19 ränta
815 1028 44 21 ofta
874 1029 34 20 stå
923 1028 65 27 högre

168 1058 27 19 än
213 1056 27 21 de
259 1056 49 21 med
327 1056 74 28 högre.
431 1056 42 28 Jag
496 1056 68 21 skulle
587 1057 48 20 icke
657 1057 60 27 vilja,
740 1059 32 18 att
791 1056 35 21 det
845 1063 50 14 vore
914 1057 24 20 så
953 1057 35 20 be-

169 1085 79 20 stämdt
264 1084 63 28 sagdt
342 1085 94 20 hvarken
453 1092 34 13 om
502 1086 63 19 ränta
580 1085 52 21 eller
647 1085 137 28 amortering.

238 1113 56 22 Herr
311 1113 143 21 Molander:
477 1113 42 29 Jag
538 1113 39 21 ber
592 1116 32 19 att
639 1114 20 21 få
674 1114 75 21 förena
764 1115 43 27 mig
822 1114 7 20 i
844 1114 54 21 hvad
914 1114 74 27 grefve

169 1142 93 21 Armfelt
286 1142 118 28 föreslagit,
428 1142 105 28 nemligen
553 1144 31 19 att
600 1143 70 21 lemna
685 1144 22 20 åt
723 1143 105 27 styrelsen
844 1143 23 21 så
882 1145 44 19 stor
942 1143 46 20 lati-

169 1170 38 21 tud
222 1178 45 13 som
283 1171 92 27 möjligt,
392 1173 23 25 ty
431 1171 106 27 styrelsen
556 1171 96 21 kommer
671 1172 71 20 säkert
758 1174 32 18 att
805 1172 55 20 efter
875 1171 113 21 förhållan-

169 1197 66 23 d&rna
257 1200 57 20 rätta
336 1199 46 21 sina
404 1200 135 26 operationer
562 1200 41 21 och
625 1202 97 26 uppgöra
748 1200 48 21 dem
812 1200 24 20 så
850 1200 139 27 fördelaktigt

170 1234 45 14 som
231 1228 89 27 möjligt.
350 1228 40 20 Att
405 1234 28 14 nu
449 1228 38 20 här
503 1228 77 28 stadga
595 1228 113 27 bestämdt,
724 1230 32 19 att
767 1228 156 28 amorteringen
935 1228 55 21 skall

170 1263 50 14 vara
236 1263 26 14 en
280 1256 42 21 viss
341 1259 89 25 procent
450 1256 39 22 och
510 1257 74 21 vidare
603 1264 34 14 om
656 1257 152 28 utlottningen,
832 1257 67 21 skulle
915 1256 75 22 endast

170 1284 64 21 binda
258 1284 108 21 händerna
389 1285 27 28 på
437 1285 114 27 styrelsen.
581 1286 50 20 Man
650 1286 38 20 har
706 1288 47 26 sagt
768 1288 32 18 att
816 1285 118 25 bönderna,
957 1286 33 20 för

170 1315 32 19 att
218 1313 170 27 köpeskillingen
412 1314 67 20 skulle
501 1314 74 21 kunna
594 1314 120 26 nedsättas,
736 1322 51 13 vore
803 1314 137 28 beredvilliga
958 1316 32 19 att

170 1343 52 25 göra
238 1343 69 19 större
322 1342 163 28 inbetalningar.
516 1343 29 21 Sä
560 1342 81 22 skedde
656 1343 40 21 ock
711 1343 7 21 i
733 1343 152 21 Jaakimvaara
900 1342 89 27 socken,

171 1370 37 20 der
223 1370 110 21 bönderna
355 1370 104 22 förbundo
483 1371 32 27 sig
534 1373 33 19 att
585 1372 52 27 göra
656 1372 23 20 så
698 1375 57 17 stora
778 1371 164 27 afbetalningar,
958 1373 32 19 att

171 1398 169 28 köpeskillingen
369 1399 57 21 inom
452 1400 108 28 tjuguåtta
587 1400 24 20 år
636 1400 70 21 blefve
732 1400 128 21 amorterad.
898 1400 91 20 Derföre

172 1427 68 21 skulle
252 1427 48 27 jag,
316 1427 7 21 i
338 1428 93 27 enlighet
447 1428 48 20 med
510 1428 75 28 grefve
601 1429 101 26 Armfelt,
724 1429 78 21 föreslå
818 1431 31 18 att
864 1428 125 21 ständernas

171 1456 85 27 garanti
271 1456 67 21 skulle
355 1456 98 28 beviljas,
477 1464 47 14 men
540 1457 33 20 för
589 1457 64 27 öfrigt
668 1458 141 21 öfverlemnas
825 1458 22 20 åt
862 1458 126 27 regeringen

171 1485 32 19 att
218 1485 98 20 närmare
331 1484 55 22 efter
401 1486 212 28 omständigheterna
626 1486 86 21 förfara.
