1078 1700
836 74 41 22 235

87 131 126 28 verkställd,
229 138 48 14 men
293 132 101 21 domaren
411 131 55 21 skall
481 131 104 28 derjemte
602 131 74 21 utöfva
691 131 92 21 kontroll
796 131 66 27 öfver,
874 133 32 19 att

86 160 152 21 instrumentet
259 160 40 21 blir
316 160 118 22 inlemnadt
449 160 32 20 till
496 162 63 18 rätta.
591 160 66 21 Detta
672 160 38 20 har
725 159 50 21 herr
790 166 41 15 von
847 160 59 20 Born

86 196 28 13 nu
137 188 133 27 modifierat,
294 196 48 14 men
365 189 49 21 med
434 188 115 28 anledning
568 188 23 21 af
608 189 40 21 den
665 188 37 21 här
718 188 23 21 af
754 188 43 28 mig
811 188 95 28 antydda

86 218 82 20 bristen
184 217 40 21 och
239 217 41 21 den
296 218 79 20 dubbla
390 217 132 25 kontrollen,
533 217 68 21 skulle
615 218 37 27 jag
668 224 58 19 anse,
742 219 31 19 att
788 217 60 21 detta
862 217 43 21 för-

87 246 45 28 slag
154 246 49 21 icke
225 246 67 21 borde
314 247 70 20 såsom
403 246 210 28 kontraproposition
628 246 58 20 inom
700 245 150 28 ridderskapet
865 246 41 21 och

87 274 62 22 adeln
164 276 113 26 upptagas.
307 274 65 22 Emot
387 274 51 22 herr
456 274 159 22 Wallenskölds
630 274 111 21 redaktion
761 274 37 21 ber
818 274 40 28 jag
873 276 33 19 att

86 303 22 21 få
123 303 111 27 anmärka,
250 305 32 19 att
297 304 60 20 detta
372 304 81 27 förslag
468 303 48 21 icke
531 304 24 20 är
571 303 23 21 så
609 303 87 28 tydligt,
712 310 45 14 som
772 310 49 14 man
837 303 69 21 skulle

87 332 84 27 önskat,
187 332 27 20 då
229 332 37 21 det
280 332 66 28 gäller
361 339 26 14 en
403 332 136 28 författning,
551 338 46 15 som
613 332 53 20 skall
682 333 66 19 sättas
764 332 7 20 i
786 332 72 20 stället
872 332 34 20 för

88 362 53 20 1734
157 361 35 21 års
207 360 40 28 lag.
278 361 174 28 Ordställningen
467 362 24 19 är
501 360 106 28 nemligen
619 360 76 27 sådan,
706 362 32 19 att
748 360 24 21 af
782 360 124 22 densamma

87 390 19 28 ej
122 389 79 29 tydligt
216 389 99 28 framgår,
330 396 35 14 om
380 389 38 21 det
431 391 24 19 är
470 389 32 21 till
517 389 102 21 domaren
635 389 51 21 eller
700 389 32 21 till
748 391 95 26 presten,
860 396 45 14 som

87 418 273 28 afvittringsinstrumentet
375 418 58 22 skall.
444 418 114 27 inlemnas;
574 420 52 19 utan
642 418 69 21 denna
721 418 80 28 vigtiga
812 420 92 19 omstän-

87 447 74 28 dighet
175 446 33 21 får
223 454 48 13 man
286 447 32 21 lof
330 449 32 19 att
378 447 57 28 gissa
451 446 33 28 sig
499 446 38 21 till.
567 446 83 22 Träffar
658 447 38 27 jag
706 446 37 21 det
756 448 66 26 rätta,
833 446 28 22 då
868 447 38 28 jag

86 478 90 26 antager
187 477 41 25 att,
239 476 65 27 enligt
315 475 49 22 herr
377 475 160 21 Wallenskölds
549 475 96 28 mening,
656 475 250 28 afvittringsinstrumen-

86 506 32 20 tet
133 504 55 21 skall
202 504 103 21 inlemnas
320 504 32 21 till
367 504 102 27 domstol,
492 504 24 21 så
531 511 64 21 synes
611 504 49 21 herr
676 504 160 21 Wallenskölds
851 504 55 21 före-

87 533 62 21 skrift
171 532 34 21 för
226 535 72 25 parter
314 535 31 19 att
364 534 104 20 dessutom
482 533 33 21 för
531 532 103 22 domaren
649 532 83 22 anmäla
748 532 32 21 sin
796 532 63 28 afsigt
875 534 31 20 att

86 562 51 27 ingå
152 563 48 26 nytt
222 561 52 28 gifte
292 562 129 28 fullkomligt
436 561 89 29 onödig,
541 563 23 26 ty
581 561 124 28 derigenom
720 563 32 20 att
767 561 139 29 afvittringen

87 590 70 21 blifvit
180 590 125 27 verkställd,
328 592 24 19 är
372 591 24 28 ju
411 591 76 28 lagens
502 591 50 20 kraf
571 590 106 29 uppfyldt.
708 590 10 21 I
740 590 89 21 friherre
845 590 26 21 de
886 590 20 22 la

87 619 113 28 Chapelles
222 619 80 28 förslag
324 620 115 21 återfinner
459 619 38 28 jag
512 619 7 21 i
535 619 36 21 det
593 621 109 19 närmaste
724 619 40 21 den
783 619 123 27 redaktion,

87 655 46 14 som
146 648 39 28 jag
199 647 110 29 föreslagit
324 648 7 21 i
346 648 41 21 den
403 648 133 21 reservation
549 648 39 28 jag
603 648 81 27 bifogat
700 648 116 21 utskottets
831 647 75 22 betän-

88 676 77 27 kande,
185 683 48 14 men
248 676 90 22 friherre
354 677 26 21 de
395 677 21 21 la
431 677 102 27 Chapelle
549 676 46 26 vill,
611 678 32 19 att
658 676 36 21 det
709 677 54 20 blott
781 676 54 21 skall
857 676 49 22 heta

87 707 31 19 att
134 705 273 28 afvittringsinstrumentet
422 705 55 21 skall
491 705 42 21 alla
547 705 108 28 arfvingar
671 705 39 21 och
726 705 61 21 deras
802 705 104 21 målsmän

87 733 104 29 delgifvas
207 734 39 21 och
261 734 53 25 icke,
330 735 70 20 såsom
414 734 38 28 jag
468 734 108 27 upptagit,
591 733 24 22 af
627 733 137 28 arfvingarne
775 733 131 22 underskrif-

88 769 47 20 vas,
151 763 24 20 så
186 764 42 25 att,
239 763 67 28 enligt
320 763 116 21 friherrens
451 763 66 27 åsigt,
533 762 147 28 arfvingarnes
690 762 155 21 underskrifter
855 769 51 15 vore

88 791 127 28 obehöfliga.
244 791 49 21 Men
309 791 27 21 då
351 791 119 22 emellertid
485 791 111 28 afvittring
607 793 24 19 är
641 791 76 21 endast
727 793 31 19 ett
768 793 65 19 annat
843 798 63 15 namn

88 821 27 27 på
131 819 97 22 arfskifte
245 820 39 21 och
298 820 8 21 i
322 821 23 20 11
369 821 6 27 $
394 821 27 21 12
440 821 49 27 kap.
505 819 27 22 A.
548 820 25 21 B.
590 820 145 28 uttryckligen
756 820 96 28 stadgas,
875 822 32 19 att

87 849 42 20 alla
144 849 263 21 arfskiftesinstrumenter
422 849 61 21 skola
498 848 160 22 underskrifvas
673 849 23 20 af
709 849 136 28 arfvingarne
856 849 51 21 eller

88 877 62 21 deras
173 877 147 27 ombudsmän,
344 878 25 21 så
390 878 43 21 kan
456 885 49 14 man
520 877 49 22 icke
584 877 70 28 slippa
672 877 98 21 derifrån.
801 877 30 21 Så
845 877 63 29 länge

90 907 25 20 12
131 906 48 27 kap.
195 905 27 22 A.
238 905 25 21 B.
287 906 73 28 gäller,
383 907 24 20 sä
421 906 64 28 länge
503 907 68 20 måste
587 905 67 22 sådan
672 905 130 22 underskrift
816 905 90 22 fordras.

89 935 78 20 Denna
182 935 44 20 min
241 935 141 28 anmärkning
397 935 40 21 och
452 935 88 21 rättelse
555 935 68 28 gäller
637 934 34 21 för
686 935 64 27 öfrigt
760 935 47 21 icke
818 935 89 21 allenast

88 963 91 21 friherre
195 963 25 21 de
232 963 19 21 la
262 963 123 28 Chapelles,
401 966 52 19 utan
469 963 63 21 äfven
548 964 101 20 herrarne
665 970 41 14 von
716 963 70 21 Borns
797 963 40 21 och
847 963 60 22 Wal-

87 991 112 22 lenskölds
222 992 214 28 redaktionsförslag,
460 992 72 21 hvilka
555 992 20 27 ej
591 992 67 21 heller
674 992 32 21 stå
721 992 7 21 i
744 992 163 21 öfverensstäm-

89 1020 66 21 melse
172 1021 48 20 med
236 1021 26 21 12
278 1021 48 28 kap.
343 1021 26 20 Ä.
386 1021 25 21 B.
442 1021 104 21 Deremot
562 1021 38 20 har
616 1021 49 20 herr
680 1027 41 14 von
737 1020 108 28 Knorring
859 1021 5 20 i
876 1021 31 20 öf-

89 1049 200 21 verensstämmelse
312 1049 49 22 med
380 1049 153 28 lagutskottets
551 1049 134 21 betänkande
700 1049 99 28 upptagit
813 1049 41 21 slik
869 1057 38 14 un-

89 1078 102 21 derskrift
206 1079 69 20 såsom
290 1078 128 28 nödvändig.
442 1079 48 20 Den
507 1077 55 22 enda
573 1078 83 21 skilnad
668 1078 7 21 i
686 1078 48 27 sak,
745 1085 45 14 som
801 1077 105 22 förekom-

89 1113 45 14 mer
157 1107 90 20 emellan
270 1107 46 20 mitt
340 1107 40 21 och
402 1107 49 21 herr
472 1113 42 14 von
529 1106 121 28 Knorrings
665 1107 89 27 förslag,
770 1108 24 19 är
809 1106 51 27 den,
875 1109 33 19 att

89 1135 50 21 herr
160 1142 42 14 von
218 1135 108 29 Knorring
340 1136 44 21 lika
397 1136 49 21 med
461 1136 56 22 1734
532 1136 35 20 års
582 1136 35 27 lag
632 1135 88 24 fordrar,
740 1137 31 19 att
786 1135 121 28 uppteende

89 1163 24 21 af
125 1164 252 28 afvittringsinstrument
392 1165 76 21 endast
483 1164 105 21 behöfver
602 1164 75 21 föregå
693 1164 66 28 vigsel
770 1164 31 21 till
811 1166 49 26 nytt
870 1164 37 21 äk-

89 1193 99 27 tenskap,
211 1193 27 21 då
258 1194 38 27 jag
310 1193 7 21 i
333 1193 222 21 öfverensstämmelse
571 1192 49 22 med
658 1193 56 27 Kongl.
730 1192 83 22 brefvet
829 1193 24 21 af
866 1193 41 21 den

91 1222 23 20 11
131 1220 122 23 December
276 1222 60 27 1750,
356 1222 41 21 den
415 1222 78 28 nådiga
507 1221 161 28 propositionen
684 1222 40 20 och
739 1222 117 20 utskottets
870 1222 37 21 be-

89 1250 108 21 tänkande
221 1250 101 28 påpekar,
346 1252 32 19 att
394 1251 95 27 enkling,
506 1250 56 21 enka
577 1250 52 20 eller
643 1250 104 21 frånskild
762 1250 63 21 maka
839 1250 69 22 måste

89 1280 52 26 göra
156 1280 44 19 rätt
221 1279 34 21 för
270 1279 41 28 sig,
327 1279 65 21 innan
407 1279 86 28 lysning
508 1279 31 21 till
555 1280 48 26 nytt
618 1278 120 28 äktenskap
753 1278 31 22 får
800 1286 39 20 ega
853 1286 53 14 rum.

89 1307 77 21 Denna
188 1308 42 20 min
252 1308 55 28 åsigt
330 1308 63 21 utber
413 1308 38 28 jag
473 1308 43 27 mig
531 1309 32 19 att
578 1314 28 14 nu
621 1307 22 21 få
658 1309 50 26 taga
723 1307 7 21 i
745 1307 89 21 försvar.
864 1307 43 22 Det

89 1336 108 21 förefaller
215 1336 53 28 mig,
284 1337 70 20 såsom
376 1344 50 14 vore
449 1336 36 21 det
507 1336 82 21 mindre
605 1336 106 28 lämpligt,
731 1338 32 18 att
778 1336 84 28 lysning
877 1336 31 21 till

89 1364 120 29 äktenskap
225 1365 54 21 skall
294 1365 116 27 afkunnas,
427 1366 23 20 så
465 1365 62 27 länge
543 1364 76 21 hinder
633 1366 44 19 mot
693 1365 153 27 äktenskapets
861 1364 46 21 full-

89 1393 108 21 bordande
213 1394 113 26 existerar;
344 1394 38 21 och
398 1394 137 28 pröfningen,
551 1400 33 14 om
601 1393 39 21 och
655 1394 39 20 när
705 1395 31 19 ett
751 1393 68 28 dylikt
833 1393 76 21 hinder

88 1422 103 28 upphört,
214 1422 56 21 lärer
290 1422 48 21 med
361 1424 69 20 större
449 1422 102 28 trygghet
567 1422 72 20 kunna
655 1422 106 20 anförtros
776 1422 22 20 åt
814 1424 73 25 pastor
901 1422 7 20 i

88 1450 161 28 församlingen,
266 1458 44 14 som
326 1451 6 20 i
348 1451 66 21 sådan
434 1451 109 27 egenskap
567 1450 96 21 utfärdar
678 1450 94 28 lysning,
788 1452 26 19 än
830 1451 22 21 åt
867 1451 42 21 den

88 1481 59 25 prest
169 1486 46 14 som
237 1479 76 21 anlitas
335 1486 34 14 om
385 1480 93 28 vigselns
498 1479 140 28 förrättande,
654 1478 90 22 emedan
760 1479 67 27 valet,
843 1479 66 28 enligt
