1078 1700
185 74 26 20 70

154 130 66 20 tions-
236 129 40 21 och
291 129 71 21 likhus
377 128 48 22 icke
439 129 53 20 höra
507 128 31 21 till
554 128 81 28 kyrka,
652 128 68 21 skulle
732 128 39 28 jag
781 128 79 21 föreslå
870 129 32 20 att
913 128 66 21 orden

154 175 5 10 s
162 158 55 27 med
234 158 56 20 hvad
306 158 71 20 dertill
392 158 77 20 hörer'*
485 157 69 21 skulle
570 157 96 28 placeras
681 156 48 21 icke
745 156 54 22 efter
815 156 98 28 ,,kyrka'
927 159 53 19 utan

155 187 56 21 efter
226 203 12 8 ,
240 186 132 28 kyrkomur'*
389 186 40 21 och
443 185 142 21 redaktionen
601 186 6 20 i
622 185 117 21 utskottets
750 185 137 21 betänkande
897 185 7 21 i
915 186 65 27 öfrigt

156 215 88 28 gvarstä
260 214 136 22 oförändrad.
788 234 3 3 .

224 242 59 22 Herr
298 243 26 21 af
338 242 141 27 Forselles,
495 242 25 21 P.
536 242 36 21 E.:
599 242 48 21 Den
663 242 23 21 af
699 242 52 21 siste
767 242 82 21 talaren
860 242 121 28 föreslagna

156 272 141 21 redaktionen
320 278 64 14 anser
400 272 38 27 jag
456 272 19 26 ej
494 278 52 14 vara
564 271 97 27 lämplig,
680 272 23 26 ty
720 270 27 21 dä
762 270 68 21 skulle
846 271 63 26 ,med
925 270 56 21 hvad

157 300 69 21 dertill
250 300 78 21 hörer'*
346 300 87 20 komma
451 302 32 18 att
502 300 90 20 hänföra
611 299 32 28 sig
662 299 32 21 till
713 298 118 28 kyrkomur
851 299 39 21 och
905 299 37 21 det
958 300 24 20 är

159 329 35 21 väl
209 328 115 28 ingalunda
340 328 120 28 meningen.

226 357 58 21 Herr
306 356 159 27 Ehrnrooth,
488 356 23 20 C.
531 356 37 21 A.:
599 356 43 28 Jag
664 356 39 20 ber
726 357 31 19 att
778 356 21 20 få
821 356 55 20 fästa
895 355 85 28 höglofi.

157 386 161 27 ridderskapets
338 385 39 21 och
396 385 73 21 adelns
488 384 191 28 uppmärksamhot
695 384 27 28 pä
738 386 32 19 att
784 384 39 21 här
839 392 28 13 nu
882 386 24 19 är
921 384 61 27 fräga

157 421 34 13 om
208 414 26 21 de
249 414 143 20 förbindelser
408 420 26 14 en
449 413 109 21 församling
591 413 38 21 har
644 413 30 21 till
692 414 26 20 en
734 420 69 13 annan
817 413 6 20 i
835 412 147 22 ecklesiastikt

157 442 133 27 hänseende,
306 443 70 19 säsom
392 442 37 20 vid
443 441 134 28 uppförande
592 442 23 20 af
626 441 69 28 kyrka
705 441 50 21 med
766 441 55 21 hvad
832 442 69 26 dertill
912 441 70 26 hörer,

157 478 50 13 men
230 471 138 20 kommunala
386 470 125 28 byggnader
529 470 72 20 säsom
620 470 207 27 socknemagasiner,
843 470 139 20 obduktions-

158 499 40 21 hus
215 506 18 14 o.
249 506 17 13 s.
283 506 27 19 v,
326 499 72 20 kunna
414 499 19 27 ej
449 498 100 21 hänföras
565 499 40 24 dit,
621 501 51 18 utan
688 505 34 13 om
736 498 49 21 dem
800 498 67 21 finnes
882 498 101 20 särskildt

158 527 106 28 stadgadt.
296 527 10 21 I
322 527 160 28 propositionen
497 527 62 27 ingår
575 527 66 21 också
656 526 118 28 stadgande
790 527 83 27 derom,
890 528 42 25 att,
948 533 35 14 om

159 556 26 21 de
201 556 36 21 två
252 556 179 27 församlingarne
447 557 36 19 äro
499 555 70 21 skilda
583 556 6 20 i
604 555 134 22 kommunalt
754 555 130 27 hänseende,
899 556 23 20 så
933 555 50 20 skil-

155 585 36 27 jas
214 584 66 21 också
302 584 63 21 deras
385 584 136 21 kommunala
540 584 131 28 byggnader,
690 584 72 21 såsom
780 584 144 27 socknestuga
944 583 40 22 och

158 613 53 21 flere
227 613 73 20 andra.
327 613 43 20 För
384 613 44 20 min
444 612 34 21 del
493 613 68 20 skulle
569 613 40 27 jag
620 615 33 18 tro
664 614 32 19 att
707 612 117 21 utskottets
835 612 148 26 betänkande,

159 642 70 21 såsom
244 641 37 20 det
291 649 29 12 nu
331 643 23 18 är
365 641 131 27 redigeradt,
510 643 51 18 utan
574 641 47 20 fara
631 641 33 20 för
674 641 149 20 missförstånd
834 641 42 20 kan
888 643 96 25 antagas.

229 670 101 21 Friherre
345 676 48 14 von
410 669 77 21 Born:
512 669 43 28 Jag
569 669 36 20 vill
622 669 86 27 endast,
724 669 6 20 i
746 669 115 28 anledning
874 670 23 19 af
906 669 78 28 yrkan-

160 698 37 21 det
216 700 33 19 att
268 698 62 21 äfven
350 697 71 21 likhus
441 697 67 21 borde
527 697 102 22 hänföras
648 698 32 20 till
697 697 39 21 här
754 697 148 28 ifrågakomna
917 697 67 28 bygg-

159 727 75 26 nader,
256 727 104 20 anmärka
382 728 32 19 att
436 726 71 21 likhus
529 726 48 21 icke
600 726 39 21 hör
661 726 31 21 till
715 726 27 21 de
760 726 133 27 byggnader,
912 726 73 21 hvilka

160 755 74 27 hvarje
254 755 125 27 församling
402 756 23 19 är
444 755 62 27 ålagd
524 756 32 19 att
574 755 102 27 uppföra,
695 756 52 19 utan
766 755 63 20 beror
848 755 36 20 det
900 755 26 27 på
941 755 43 20 för-

160 784 131 27 samlingens
307 783 152 28 godtfinnande
476 790 32 13 om
526 783 41 21 den
583 783 36 20 vill
634 783 64 20 hafva
713 783 71 20 likhus
800 783 51 20 eller
866 783 27 28 ej.

230 811 71 21 Sedan
324 811 148 21 diskussionen
491 811 52 21 härå
563 811 108 21 afstannat
689 811 70 21 beslöt
778 811 148 28 ridderskapet
946 811 39 20 och

161 840 72 27 adeln,
249 841 27 26 på
292 840 50 21 herr
356 839 208 22 landtmarskalkens
579 840 72 21 derom
663 840 77 28 gjorda
750 840 70 27 fråga,
830 842 32 18 att
872 840 47 20 icke
930 839 56 21 fästa

160 869 102 20 afseende
278 869 36 20 vid
330 868 36 21 det
382 869 23 20 af
418 868 89 21 friherre
522 868 81 21 Linder
618 869 76 27 gjorda
710 868 149 21 amendement
873 868 112 27 angående

162 897 228 27 bruksförsamlingars
406 897 134 20 likställande
557 897 48 20 med
622 896 226 29 kapellförsamlingar.

231 925 57 21 Herr
304 925 195 21 landtmarskalken
515 925 133 21 framställde
665 925 73 21 vidare
753 925 32 21 till
801 925 131 21 besvarande
946 925 39 20 föl-

160 953 66 28 jande
243 953 143 28 proposition:

230 998 5 11 »
238 982 50 25 Vill
311 981 150 28 ridderskapet
483 982 40 21 och
543 982 62 21 adeln
623 981 116 28 godkänna
758 982 44 27 lag-
822 982 39 21 och
877 982 109 21 ekonomi-

162 1011 120 20 utskottets
297 1010 164 28 ifrågavarande
476 1011 137 20 betänkande
627 1010 155 21 oförändradt?

234 1055 11 10 »
249 1039 81 20 Vinner
345 1039 46 27 nej,
407 1039 85 21 komma
507 1039 116 28 ändringar
633 1039 6 20 i
651 1039 145 20 betänkandet
807 1041 32 18 att
849 1039 89 20 föreslås
949 1045 37 21 ge-

161 1074 51 15 nom
228 1067 106 20 särskilda
346 1067 179 28 propositioner''.

231 1095 167 28 Propositionen
414 1095 153 21 besvararades
584 1095 48 21 med
643 1096 23 27 ja
677 1096 40 21 och
728 1096 44 27 nej,
784 1098 51 18 utan
847 1095 83 28 afgjord
941 1095 46 28 plu-

163 1124 71 22 ralitet
250 1125 28 27 pä
293 1124 123 28 nägondera
429 1124 69 27 sidan,
510 1124 99 21 hvarföre
621 1124 75 21 skreds
708 1125 30 20 till
750 1125 108 27 votering,
869 1131 45 14 som
927 1124 60 21 utföll

336 1153 6 20 i
360 1154 53 19 1:sta
429 1152 85 21 klassen
531 1153 49 20 med
611 1154 11 20 7
636 1153 23 27 ja
675 1153 39 21 och
745 1154 12 19 9
773 1153 45 27 nej;

336 1182 5 19 i
358 1181 59 21 2:dra
467 1197 12 11 =,
549 1197 12 11 »
613 1182 48 26 Sja
690 1198 12 10 »
747 1182 11 19 7
774 1182 45 26 nej;

335 1210 7 20 i
358 1210 56 27 3:dje
468 1226 12 10 ”
551 1226 11 10 »
601 1210 22 20 11
640 1210 23 27 ja
692 1226 12 10 ,,
734 1211 26 20 27
776 1210 45 27 nej;

163 1238 41 21 och
220 1245 45 13 som
281 1238 162 27 propositionen
459 1238 90 20 sålunda
565 1238 66 21 borde
647 1246 61 13 anses
723 1238 97 21 nekande
831 1238 105 21 besvarad
948 1238 40 21 och

163 1266 91 28 ändring
272 1266 7 20 i
298 1266 118 21 utskottets
431 1266 134 21 betänkande
581 1267 86 20 kommu
682 1269 31 18 att
728 1267 48 26 ske,
792 1266 130 21 framställde
938 1266 50 21 herr

163 1294 199 22 landtmarskalken
378 1295 31 21 till
425 1294 86 22 ståndet
526 1294 105 21 huruvida
646 1295 157 21 betänkandets
818 1295 86 27 uttryck
920 1295 68 27 ,,hvil-

163 1324 42 20 ken
225 1324 21 20 ät
262 1323 33 27 sig
311 1323 67 28 byggt
394 1323 39 21 och
448 1323 132 21 fortfarande
596 1323 136 21 underhåller
748 1324 83 27 kyrka'*
848 1324 74 26 borde,
934 1324 6 20 i
952 1330 36 14 en-

163 1351 68 28 lighet
247 1351 48 21 med
312 1352 40 20 den
368 1352 24 20 af
404 1352 51 20 herr
471 1351 111 21 Molander
596 1351 39 21 och
646 1352 89 20 friherre
746 1359 41 14 von
799 1352 58 20 Born
867 1352 122 27 föreslagna

165 1380 150 24 redaktionen,
331 1380 77 21 ändras
424 1380 32 20 till
471 1380 102 26 ,,hvilken
588 1380 136 21 underhåller
739 1380 90 28 kyrka".

233 1408 58 20 Herr
309 1408 121 28 Pipping,
449 1408 24 20 F.
492 1408 28 26 J.,
539 1408 71 21 anhöll
629 1408 52 21 härå
700 1416 34 13 om
754 1408 61 21 ordet
833 1409 39 21 och
891 1408 97 28 yttrade:

164 1436 49 21 Den
233 1436 121 28 föreslagna
372 1436 117 28 ändringen
509 1439 23 18 är
550 1437 125 27 visserligen
692 1436 23 22 af
728 1437 82 27 ganska
826 1437 62 21 enkel
905 1436 83 21 beskaf-

164 1465 84 27 fenhet;
270 1472 49 14 men
338 1465 34 21 för
390 1465 43 21 min
452 1465 33 21 del
501 1472 63 14 anser
577 1465 38 28 jag
631 1465 35 21 det
681 1465 7 21 i
704 1465 115 21 allmänhet
835 1472 51 14 vara
901 1465 88 28 mycket
