1078 1700
199 96 42 21 380

171 154 61 27 ning,
247 152 121 22 försvinner
384 152 31 21 till
431 159 26 14 en
473 152 156 28 obetydlighet,
646 159 33 14 om
692 159 48 14 man
751 152 127 27 öfverväger
888 152 37 21 det
936 159 56 20 gagn

170 182 33 20 för
226 181 122 25 samhället,
369 188 46 13 som
431 181 86 20 dermed
539 180 88 28 åsyftas.
658 180 225 21 Industrins-ffamtid
903 180 39 21 hos
958 188 34 13 oss

170 210 68 20 måste
258 210 51 20 bero
324 209 23 20 af
360 209 40 20 den
417 209 94 27 bildning
529 210 19 19 vi
564 209 126 27 möjliggöra
707 209 33 20 för
754 208 58 27 dem,
829 216 45 13 som
890 216 55 20 egna
960 210 33 26 sig

171 238 22 20 åt
216 238 60 20 detta
298 237 54 27 håll,
371 237 39 21 och
429 237 22 21 af
468 237 71 21 hvilka
557 237 105 21 måhända
677 238 91 26 mången
784 237 48 21 med
848 237 144 21 framstående

170 266 84 27 talang,
274 266 125 26 oförmögen
418 268 31 18 att
468 266 51 20 ernå
538 272 26 14 en
583 266 65 20 sådan
667 266 95 26 bildning
778 265 129 27 utomlands,
924 266 68 20 skulle

171 294 125 28 härigenom
315 296 67 18 sättas
398 294 7 20 i
420 293 81 21 tillfälle
521 296 31 18 att
571 294 30 20 till
617 294 37 20 sitt
669 294 118 20 fosterland
802 294 99 20 återbära
917 294 75 27 betyd-

171 323 43 27 liga
234 324 74 19 räntor
324 323 12 20 &
351 322 118 21 kostnaden
492 322 33 20 för
548 322 31 20 sin
599 322 101 27 bildning.
731 322 41 21 Låt
791 329 52 13 vara
861 324 32 18 att
909 329 26 13 en
952 322 39 20 och

171 358 80 20 annan,
266 351 7 20 i
289 350 53 21 brist
358 351 28 27 på
401 351 175 27 verkningskrets
592 351 57 20 inom
665 353 59 25 eget,
743 350 68 21 skulle
827 350 31 21 till
874 357 26 14 en
917 351 74 27 början

170 379 81 27 nödgas
268 379 52 21 söka
336 379 69 21 denna
421 379 175 27 verkningskrets
612 379 31 20 uti
658 381 30 19 ett
699 379 130 21 fremmande
841 379 59 26 land,
912 391 26 3 -—
950 379 40 20 han

171 408 53 20 skall
247 407 56 21 dock
325 408 43 20 förr
392 408 51 20 eller
465 414 76 14 senare
560 407 132 21 återkomma
710 407 32 21 till
760 407 101 21 fädernas
874 407 59 27 jord,
949 407 43 21 han

171 436 53 20 skall
240 436 49 20 med
305 436 25 20 de
346 435 145 27 ihopsamlade
507 435 110 21 skatterna
632 436 62 20 äfven
710 436 28 27 på
751 435 58 21 detta
821 437 41 19 sätt
873 442 70 20 gagna
954 435 38 21 sitt

171 466 49 25 eget
239 464 53 20 kära
311 464 56 20 land.
398 464 77 20 Låtom
494 470 34 14 oss
547 464 84 20 derföre
648 464 105 27 godtgöra
768 464 56 20 hvad
839 464 36 20 det
890 464 102 20 förflutna

170 492 138 26 försummat,
331 492 39 20 och
393 494 23 18 är
434 492 37 20 det
489 492 49 20 med
557 492 70 20 denna
642 492 144 27 öfvertygelse
798 492 39 27 jag
851 492 27 27 på
894 492 36 20 det
945 499 47 13 var-

171 523 68 18 maste
260 520 98 21 förordar
381 520 39 21 och
443 520 49 21 med
509 520 42 20 min
571 520 123 27 obetydliga
712 522 45 18 röst
777 520 151 28 understödjer
951 520 40 20 den

171 548 163 28 ifrågavarande
353 548 128 28 petitionen,
500 548 84 21 hvaruti
603 548 61 21 äfven
686 548 24 21 de
727 548 67 28 öfriga
809 548 90 21 stånden
916 561 26 2 —
959 549 32 20 sä-

170 577 49 20 vida
242 577 124 20 densamma
386 577 81 27 åsyftar
486 579 31 18 ett
536 577 86 24 allmänt
642 577 97 20 ändamål
754 589 27 3 —
796 577 66 20 borde
877 577 31 20 till
924 577 66 20 delta-

170 605 69 28 gande
258 605 106 27 inbjudas.
396 605 104 28 Slutligen
519 605 48 21 ville
583 606 38 27 jag
641 605 78 21 föreslå
735 605 128 27 petitionens
879 605 111 21 öfverlem-

171 633 69 21 nande
253 633 83 21 direkte
352 633 31 21 till
399 634 105 20 allmänna
520 634 201 20 besvärsutskottet.

239 661 101 21 Friherre
357 662 29 20 de
406 662 25 20 la
449 661 122 28 Chapelle
592 662 98 27 uppläste
710 662 62 21 äfven
788 663 32 19 ett
836 661 102 28 skriftligt
954 669 36 13 an-

170 690 109 27 dragande
297 690 23 20 af
336 690 94 27 följande
449 690 90 28 lydelse:
555 690 75 21 Ehuru
643 691 39 26 jag
696 691 48 20 icke
761 690 64 27 hyser
840 690 66 27 några
922 690 68 21 öfver-

171 718 69 21 drifna
258 718 175 27 förhoppningar,
449 721 31 18 att
494 725 25 14 en
535 720 98 19 närmare
649 718 159 28 undersökning
823 718 23 21 af
859 718 36 21 det
910 718 81 28 förslag

171 747 39 20 och
226 747 26 20 de
268 747 76 25 siffror,
362 747 48 20 herr
427 747 167 20 Nordenskiölds
611 747 88 27 petition
715 747 123 26 innehåller,
857 746 54 21 skall
927 746 63 21 fram-

171 775 76 27 bringa
269 775 156 27 öfvertygande
447 775 46 20 skäl
516 782 34 13 om
569 775 101 20 behofvet
688 775 40 21 och
746 775 150 27 lämpligheten
912 775 24 20 af
949 775 40 20 den

170 803 127 28 utvidgning
312 804 47 20 utaf
372 803 133 21 härvarande
521 803 114 27 realskola,
651 803 103 28 förslaget
764 803 63 26 afser,
839 805 53 18 samt
904 810 34 13 ora
949 803 40 21 den

171 831 123 21 beräknade
309 832 132 20 kostnadens
456 832 159 27 tillräcklighet,
632 838 64 21 synes
715 831 64 26 dock,
798 831 48 21 med
861 831 101 21 afseende
978 833 12 19 &

171 859 36 21 det
221 860 128 27 inflytande,
365 860 27 21 de
408 860 111 27 praktiska
534 861 81 26 yrkena
631 860 73 21 utöfva
715 861 27 26 på
753 862 31 18 ett
795 859 59 21 lands
867 860 123 27 utveckling

171 888 40 21 och
226 888 106 27 välstånd,
348 890 32 19 ett
396 890 97 19 närmare
509 888 160 21 skärskådande
687 888 23 21 af
728 888 113 27 förslagets
857 889 133 27 antaglighet

170 917 53 20 böra
241 916 35 21 vid
295 917 97 20 enskilda
411 917 105 20 utskottet
535 917 100 27 försiggä.
666 916 64 21 Evois
749 917 139 20 forstinstitut
903 917 39 20 bör
957 917 33 20 för

171 952 35 13 oss
221 946 77 26 utgöra
314 947 31 18 ett
360 945 109 20 varnande
487 945 98 27 exempel
605 947 31 18 att
651 945 47 20 icke
714 945 111 27 utsträcka
841 946 50 20 våra
907 946 83 27 organi-

171 973 183 27 sationsätgärder
376 973 85 21 utöfver
483 974 50 20 vära
551 973 67 21 behof
636 973 39 21 och
696 974 50 20 vära
761 973 119 28 tillgängar.
911 974 79 27 Kongl.

171 1001 151 28 teknologiska
337 1001 107 21 institutet
460 1002 5 20 i
482 1001 123 21 Stockholm
624 1002 53 20 hade
693 1003 23 19 är
734 1002 52 20 1859
802 1004 32 18 tre
850 1003 140 26 professorer,

171 1032 32 18 tre
218 1029 162 21 tillförordnade
399 1030 78 26 lärare,
497 1037 26 14 en
538 1030 108 21 laborator
662 1030 40 21 och
718 1037 26 14 en
760 1032 61 19 extra
836 1031 74 20 lärare.
942 1030 48 21 Den

171 1058 126 27 inrättning,
313 1058 103 27 förslaget
431 1058 63 26 afser,
511 1058 67 21 skulle
589 1058 83 21 säledes
683 1059 65 20 blifva
760 1059 22 20 af
792 1065 68 14 annan
871 1059 40 20 och
922 1060 68 19 större

172 1086 155 21 beskaffenhet.
358 1086 151 21 Kostnaderna
524 1087 30 20 till
570 1087 146 20 realskolorna
731 1087 106 20 bestridas
853 1087 23 20 af
887 1087 103 21 bankvin-

171 1117 53 19 sten.
255 1115 73 27 Nägra
347 1115 70 21 ökade
436 1115 73 27 anslag
525 1115 27 27 pä
568 1115 143 21 bankvinsten
728 1115 40 21 kan
785 1115 66 21 under
867 1116 123 21 nuvarande

171 1143 147 21 förhällanden
332 1144 48 20 icke
391 1144 86 20 komma
491 1144 7 20 i
514 1144 65 27 fräga.
606 1144 39 20 Att
656 1144 130 20 statsverket
797 1144 117 28 medgifver
924 1145 67 27 nägra

171 1172 90 26 sådana,
278 1174 44 18 tror
335 1172 39 27 jag
389 1172 47 20 icke
452 1172 71 20 heller.
555 1172 41 20 Om
612 1172 130 21 statsverket
759 1172 40 20 kan
815 1173 88 20 umbära
918 1173 26 21 de
960 1173 31 21 till

171 1200 75 26 Evois,
262 1200 24 20 af
299 1200 106 21 allmänna
416 1200 107 21 omdömet
534 1200 65 21 redan
613 1200 62 28 länge
686 1200 102 21 utdömda
798 1200 148 28 forstinstitut,
958 1204 32 18 ut-

171 1228 83 28 gäende
270 1228 82 28 anslag,
369 1236 64 20 synas
449 1229 62 20 dessa
526 1236 51 14 vara
593 1229 26 20 de
635 1229 63 26 enda,
710 1236 45 13 som
774 1229 34 20 vid
819 1230 172 26 organisationen

171 1256 23 21 af
208 1258 31 19 ett
255 1256 147 28 polytekniskt
418 1257 83 21 institut
517 1258 33 20 stä
565 1257 31 21 till
611 1257 136 27 förfogande,
764 1258 67 26 jemte
847 1258 97 27 anslaget
959 1258 32 20 till

171 1285 119 21 realskolan
306 1286 7 19 i
328 1285 143 27 Helsingfors.
497 1286 45 20 Gör
558 1286 82 20 säledes
656 1286 151 27 polytekniska
819 1286 107 21 institutet
938 1286 53 21 real-

171 1313 73 21 skolan
260 1313 7 21 i
282 1313 70 21 denna
368 1314 48 20 stad
431 1314 39 20 och
485 1313 65 21 Evois
567 1314 134 21 forstanstalt
717 1314 128 28 obehöfliga,
866 1314 38 21 och
922 1315 69 20 dertili

170 1341 82 21 lemnar
267 1342 81 20 tillfälle
364 1342 31 20 till
415 1342 160 28 fullständigare
591 1342 152 28 undervisning
758 1343 6 19 i
780 1342 26 21 de
822 1343 111 27 praktiska
948 1344 42 20 äm-

170 1377 65 19 nena,
258 1372 52 18 utan
332 1372 32 18 att
382 1370 84 21 derförc
481 1371 7 19 i
504 1372 69 26 nägon
593 1372 47 19 män
659 1371 126 27 ytterligare
801 1371 83 21 belasta
899 1371 91 27 kronan,

171 1398 67 20 finner
251 1398 38 27 jag
307 1398 54 20 intet
380 1398 45 21 skäl
441 1401 32 19 att
489 1399 96 27 afstyrka
600 1400 159 20 institutionens
775 1399 215 28 tillvägabringande,

171 1426 27 20 dä
220 1426 123 21 densamma
366 1427 129 21 ätminstone
513 1428 7 20 i
538 1428 114 20 framtiden
674 1428 54 20 skall
746 1428 66 20 verka
830 1428 128 27 välgörande
979 1429 12 20 &

170 1455 38 20 vär
222 1454 112 21 inhemska
348 1455 91 21 industri
455 1456 40 20 och
510 1456 102 21 förskaffa
628 1456 91 21 Finland
733 1458 31 18 ett
782 1456 74 21 aktadt
870 1463 46 13 rum
926 1456 64 21 bland

170 1482 185 22 industriidkande
370 1484 104 21 nationer.
