1078 1700
209 95 41 20 410
367 92 6 5 N

179 150 55 22 hvad
248 151 39 27 jag
303 150 63 22 äfven
382 158 28 14 nu
425 150 106 28 förordat,
552 152 52 20 eller
619 153 32 19 att
667 158 25 14 en
708 152 70 27 tredje
794 152 33 20 del
843 152 22 20 af
879 152 122 20 vattendra-

179 181 37 25 get
231 179 69 21 skulle
316 179 67 21 hällas
399 181 80 25 öppen,
496 180 19 20 d.
533 187 18 13 v.
568 187 16 13 s.
601 182 32 18 att
648 187 27 14 en
690 180 106 28 tredjedel
811 180 23 20 af
848 180 39 21 den
899 180 103 21 rinnande

180 209 160 19 vattenmassan
364 208 68 20 skulle
450 208 21 20 fä
489 209 28 27 gä
535 208 52 21 fritt.
618 208 77 21 Denna
714 210 144 19 vattenmassa
876 210 23 19 är
914 209 88 20 alldeles

179 236 48 20 icke
242 236 110 20 beroende
368 236 22 20 af
404 239 93 18 vattnets
514 237 76 25 bredd,
607 239 23 25 ty
646 237 40 21 den
704 238 64 20 beror
783 237 44 21 helt
842 237 39 21 och
897 237 65 21 hållet
976 238 27 27 pä

180 264 89 27 profilen
285 264 53 21 eller
352 265 207 27 genomskärningen
575 266 24 20 af
612 267 166 19 vattenmassan.
803 265 41 27 Jag
859 265 41 21 kan
912 265 22 21 få
944 272 58 21 myc-

179 292 38 21 ket
232 300 46 13 mer
294 294 26 19 än
337 300 25 13 en
380 293 104 28 tredjedel
499 293 24 21 af
536 296 161 19 vattenmassan
713 296 31 19 att
761 295 101 19 strömma
876 294 28 27 pä
914 301 25 13 en
951 301 51 20 gan-

181 321 38 20 ska
234 321 53 21 liten
304 321 94 27 sträcka,
414 322 39 20 och
470 324 98 18 tvertom.
595 322 34 20 Då
641 322 39 28 jag
694 322 35 21 vid
746 324 85 18 senaste
842 322 110 27 landtdag,
964 324 38 18 när

181 356 80 14 samma
277 350 79 20 ärende
372 350 6 20 i
394 350 85 20 ständet
495 350 153 26 behandlades,
665 350 89 21 anförde
771 350 55 21 hvad
837 351 37 27 jag
886 358 28 13 nu
925 352 77 26 yttrat,

180 378 126 20 vederlades
328 378 38 28 jag
388 378 33 20 väl
440 378 57 26 icke,
517 386 48 13 men
585 381 32 18 ett
633 379 22 21 af
669 379 49 21 herr
732 378 132 26 Ehrnrooth,
880 380 70 20 säsom
965 379 37 27 jag

180 406 110 27 päminner
314 406 52 28 mig,
390 406 34 21 vid
447 407 149 21 diskussionen
619 407 143 21 framkastadt
784 407 89 27 förslag,
894 407 108 21 öfverens-

179 434 135 22 stämmande
330 435 48 20 med
394 434 126 28 utskottets,
537 437 76 26 antogs
630 436 22 20 af
665 436 150 27 ridderskapet
826 436 39 20 och
876 436 72 25 adeln,
962 436 40 20 och

179 463 75 27 frägan
269 462 78 22 förföll.
374 463 42 28 Jag
430 463 123 21 hemställer
568 464 84 21 derföre
668 471 38 19 nu,
723 464 104 20 huruvida
842 464 47 20 icke
905 464 49 20 hela
966 464 36 20 be-

180 491 135 28 stämningen
340 498 32 14 om
397 492 122 27 kungsädra
537 492 68 20 skulle
625 492 80 21 lemnas
724 492 115 26 beroende,
857 492 51 21 eller
924 499 33 13 om
976 499 25 13 en

180 520 65 20 sädan
262 520 54 20 skall
333 520 138 27 bestämmas,
488 520 36 21 det
540 520 27 21 dä
583 521 34 21 mä
632 521 60 26 heta,
709 523 31 19 att
756 520 134 28 kungsädran
902 521 38 20 bör
952 528 50 13 vara

181 549 24 20 sä
220 548 122 27 beskaffad,
358 551 31 18 att
405 556 26 13 en
447 548 105 29 tredjedel
567 549 24 21 af
604 549 40 21 den
656 551 155 25 vattenmassa,
823 556 44 14 som
881 549 121 21 vattendra-

180 579 36 26 get
232 577 110 26 afbördar,
359 577 66 21 mätte
440 577 46 21 fritt
502 577 123 28 derigenom
641 585 95 20 passera.

249 605 101 21 Friherre
372 605 85 28 Boije:
479 606 42 27 Jag
543 606 94 21 anhäller
656 607 76 20 endast
750 608 32 19 att
798 606 70 20 säsom
884 608 30 19 ett
930 606 71 21 bemö-

179 633 65 22 tande
267 633 24 21 af
311 633 90 22 friherre
423 634 92 21 Linders
535 635 101 27 yttrande
655 637 44 18 mot
714 635 12 27 8
744 635 22 20 11
787 635 21 20 få
823 635 83 26 anföra,
922 636 31 19 att
969 636 32 19 ut-

181 663 81 20 skottet
277 662 117 27 ingalunda
408 663 100 20 förbisett
524 663 25 20 de
565 663 23 20 af
601 663 58 21 älder
675 662 162 29 privilegierade
851 663 150 27 inrättningar-

180 698 37 14 nes
241 692 43 19 rätt
307 692 31 19 att
358 692 76 27 stänga
453 693 83 18 vattnet
551 691 6 20 i
573 691 36 22 det
630 691 136 28 vattendrag,
786 691 77 20 hvaraf
876 691 26 20 de
918 691 32 27 sig
966 691 35 20 be-

179 727 81 20 gagna,
276 726 47 13 men
340 721 31 18 att
386 719 106 21 utskottet
505 720 46 27 just
566 720 7 20 i
589 719 52 28 följd
657 720 63 20 deraf
733 719 142 28 omredigerat
891 720 11 26 &
921 720 31 25 13,
964 719 38 21 der

180 748 37 21 det
236 747 71 21 heter:
327 747 102 26 ,,Strand-
447 748 52 21 eller
517 749 215 26 vattenverksegare,
752 755 45 14 som
813 747 85 28 styrker
913 750 31 18 att
959 747 41 21 han

179 777 58 20 förut
260 776 55 21 varit
338 776 91 27 lagligen
453 777 118 27 berättigad
595 778 32 19 att
648 777 117 20 inskränka
784 776 121 27 kungsädra
924 776 31 20 till
974 783 26 14 en

180 804 102 28 sjettedel
298 805 23 20 af
335 807 83 18 vattnet
433 805 51 20 eller
500 805 91 26 mindre,
607 805 39 21 och
662 807 32 18 att
709 805 70 27 någon
796 804 66 21 skada
877 805 123 26 derigenom

179 833 49 21 icke
248 833 75 26 vällas,
342 833 65 20 varde
426 833 34 20 vid
476 833 65 21 sådan
558 834 102 27 rättighet
675 833 141 21 bibehållen."
847 833 33 20 Då
896 833 105 20 utskottet

180 862 23 21 af
217 862 70 20 denna
303 861 133 27 ordalydelse
452 864 70 18 ansett
537 862 62 27 följa,
615 864 31 19 att
662 862 6 20 i
684 862 41 20 alla
740 862 35 20 fall
792 868 24 14 en
833 861 33 20 del
882 861 22 20 af
918 863 82 18 vatten-

180 891 75 26 draget
279 889 66 21 borde
369 889 65 22 hällas
457 892 80 25 öppen,
561 891 38 20 har
617 890 107 21 utskottet
739 890 7 20 i
762 890 47 21 dess
829 897 41 20 nya
888 889 112 21 redaktion

179 919 113 27 föreslagit
307 918 148 27 ordalydelsen
472 925 64 18 ,,vare
552 919 35 20 vid
603 919 64 20 sådan
684 918 102 28 rättighet
803 918 118 21 bibehållen
933 918 68 20 under

180 947 26 21 de
221 947 75 24 vilkor,
311 953 45 14 som
372 947 6 20 i
394 947 76 20 sådant
485 947 101 21 afseende
602 947 120 21 fastställde
739 949 57 18 äro.'*
828 946 92 21 Sålunda
939 946 61 21 torde

179 976 152 21 innehafvares
347 975 23 20 af
383 975 161 28 ifrågavarande
560 976 53 20 verk
629 978 42 19 rätt
688 976 26 27 på
730 975 54 21 intet
799 977 43 19 sätt
858 982 50 13 vara
923 981 77 21 genom

180 1005 12 26 8
209 1005 23 20 11
251 1004 85 20 kränkt.

248 1032 58 21 Herr
321 1032 26 21 af
361 1031 140 28 Forselles,
517 1032 36 21 L.:
569 1032 42 28 Jag
627 1034 22 19 är
664 1033 6 20 i
687 1031 120 22 hufvudsak
823 1031 145 22 förekommen
980 1031 22 20 af

179 1061 91 21 friherre
293 1061 68 27 Boije.
392 1061 41 26 Jag
455 1061 67 20 skulle
546 1061 55 20 dock
623 1061 51 27 vilja
692 1061 97 28 tillägga,
807 1062 32 19 att
855 1061 37 20 här
908 1061 23 19 är
946 1060 54 20 blott

179 1090 60 27 fråga
262 1089 84 26 derom,
370 1092 31 17 att
422 1089 122 28 kungsådra
563 1089 54 20 skall
636 1089 66 20 hållas
722 1091 69 26 öppen
809 1088 75 21 endast
899 1089 6 20 i
922 1088 79 21 sådana

179 1120 121 24 strömmar,
320 1118 36 20 der
374 1117 42 21 far-
435 1117 39 22 och
493 1118 136 28 flötningsled
647 1117 77 27 finnes,
741 1117 51 21 eller
807 1117 33 21 för
856 1117 78 21 fiskens
950 1117 50 21 ned-

179 1147 39 21 och
235 1146 150 28 uppstigande.
409 1146 41 28 Jag
465 1153 62 14 anser
543 1147 36 20 det
595 1154 50 13 vara
661 1146 87 28 skäligt,
760 1148 32 18 att
803 1146 121 28 kungsådra
935 1145 65 21 hålles

179 1177 71 26 öppen
266 1176 6 19 i
288 1175 39 21 och
346 1175 34 20 för
399 1175 78 20 fiskens
496 1175 152 27 uppstigande,
664 1175 63 20 äfven
744 1182 32 13 om
794 1176 67 26 någon
878 1174 122 27 derigenom

179 1204 69 20 skulle
264 1203 42 21 lida
321 1203 73 21 skada.
424 1203 42 21 För
482 1203 25 21 de
523 1204 37 20 fall
577 1203 38 21 der
630 1203 127 21 vattenverk
773 1204 36 20 äro
825 1202 89 28 anlagda
929 1203 6 19 i
952 1203 48 20 bäc-

179 1233 45 23 kar,
240 1239 45 13 som
302 1232 47 20 icke
365 1234 37 18 äro
418 1232 32 20 för
465 1232 41 20 far-
522 1232 52 20 eller
585 1232 83 20 flottled
679 1232 146 26 användbara,
837 1231 84 21 finnes
911 1227 11 37 i
934 1232 24 20 13
970 1232 30 26 8:s

179 1267 76 15 senare
274 1262 94 18 moment
388 1260 108 27 stadgadt,
515 1262 32 18 att
564 1260 45 25 ,,uti
625 1261 45 19 små
686 1260 138 27 vattendrag,
841 1266 45 14 som
901 1260 47 20 icke
964 1261 36 19 äro

179 1290 32 20 för
227 1289 41 20 far-
285 1288 51 21 eller
352 1288 83 21 flottled
450 1289 147 25 användbara,
612 1288 39 21 och
667 1288 83 21 hvilkas
766 1288 116 28 stängande
898 1288 47 21 icke
959 1288 41 20 kan

180 1318 55 20 vålla
257 1317 147 27 uppdämning
428 1317 32 20 för
483 1317 66 27 några
571 1317 145 21 öfverboende
740 1317 51 21 eller
816 1316 128 21 vattenbrist
968 1316 33 20 för

180 1346 58 26 dem,
258 1352 44 14 som
322 1345 116 21 nedanföre
457 1345 77 26 finnas,
554 1346 34 20 må
607 1346 36 20 det
659 1352 51 14 vara
724 1345 114 28 jordegare
854 1345 100 27 obetaget
970 1346 31 18 att

180 1374 55 21 hålla
251 1374 47 20 hela
315 1374 150 28 vattendraget
481 1374 96 27 stängdt,
594 1374 90 20 allenast
700 1374 79 20 fiskens
791 1380 51 20 upp-
854 1373 38 21 och
903 1373 99 27 nedgång

179 1410 78 20 genom
278 1402 74 27 tjenlig
371 1402 94 27 öppning
483 1402 136 28 befrämjas."
650 1402 42 27 Jag
711 1409 63 13 anser
790 1402 81 20 således
887 1404 31 18 att
934 1402 67 20 första

180 1433 118 19 momentet
313 1430 23 20 af
350 1431 11 26 8
380 1432 24 19 12
421 1430 127 28 fullkomligt
563 1431 108 20 försvarar
687 1430 32 21 sin
734 1430 62 28 plats.

250 1459 99 21 Friherre
366 1459 104 21 Linder:
494 1459 49 21 Med
561 1459 115 27 anledning
694 1459 23 20 af
730 1458 56 21 hvad
801 1466 26 13 en
843 1458 65 21 aktad
924 1458 77 26 talare,

180 1488 90 21 friherre
287 1487 71 27 Boije,
375 1488 80 26 anfört,
471 1488 78 20 tilläter
562 1488 38 27 jag
615 1488 43 27 mig
674 1488 88 27 tillägga
776 1487 55 21 hvad
843 1487 37 27 jag
891 1486 57 22 förut
959 1488 42 26 ytt-
