1078 1700
199 70 41 22 190

169 126 126 29 isynnerhet
318 133 45 15 som
382 126 85 21 banken
485 133 76 21 gerna,
582 134 34 14 om
637 127 89 28 tillgång
740 127 77 27 finnes,
833 128 57 20 löser
905 127 21 21 in
942 127 50 21 den-

169 162 83 14 samma
270 156 25 20 så
312 157 60 19 snart
390 155 40 21 den
446 157 148 25 presenteras,
610 157 52 19 utan
678 155 100 21 afseende
794 156 27 27 på
836 156 156 28 uppsägnings-

169 184 67 21 tiden.
263 184 35 20 Då
313 184 84 20 banken
413 183 33 21 för
461 183 62 21 dessa
539 184 201 27 postremissvexlar
755 184 47 21 icke
819 184 103 21 behöfver
938 184 55 20 hålla

169 213 71 27 någon
261 212 102 20 säkerhet
382 211 51 21 eller
450 212 72 27 någon
541 212 83 26 valuta,
643 212 23 20 så
681 214 24 18 är
720 212 37 20 det
772 214 24 18 så
808 212 87 28 mycket
910 212 82 21 mindre

170 240 47 21 skäl
235 242 33 20 att
286 240 39 21 här
342 240 123 28 undantaga
483 240 118 26 desamma,
620 240 26 21 då
662 240 120 28 ordentliga
797 240 73 22 vexlar
886 240 40 22 och
941 241 51 20 ban-

169 269 54 20 kens
240 268 69 28 öfriga
325 268 137 28 anvisningar
477 269 104 27 stämplas
595 268 50 22 med
660 269 27 21 60
702 269 76 27 pennis
795 269 68 21 karta.

238 296 60 22 Herr
316 296 105 27 Linder,
436 296 35 21 E.:
497 296 10 21 I
525 297 68 21 likhet
615 297 50 21 med
686 297 91 21 friherre
796 296 61 29 Boije
876 304 64 14 anser
955 298 38 26 jag

170 327 33 19 att
224 325 166 28 ifrågavarande
411 327 94 19 moment
524 325 71 21 kunde
614 326 61 27 utgå,
694 327 23 26 ty
733 325 37 21 det
786 326 68 21 skulle
869 326 33 20 stå
918 326 6 20 i
940 325 53 21 strid

169 353 51 21 med
235 353 41 21 den
293 354 82 27 princip
392 360 45 14 som
453 353 73 21 hittills
543 353 69 21 blifvit
627 354 62 27 följd,
707 356 32 18 att
754 354 106 28 nemligen
876 354 116 21 dokumen-

170 384 33 18 ter
218 382 48 21 icke
282 382 62 20 skola
353 382 106 26 karteras,
471 384 60 18 utom
547 382 27 20 då
589 382 26 20 de
630 382 80 21 företes
726 382 35 21 vid
777 382 97 21 domstol.
898 382 42 28 Jag
951 382 41 20 kan

170 410 48 21 icke
234 410 68 21 heller
317 410 58 21 finna
389 410 65 28 något
468 410 56 27 skäl,
540 410 100 21 hvarföre
655 410 153 28 privatbanker
823 410 68 22 skulle
906 410 86 21 beskat-

170 441 43 22 tas,
230 438 28 21 då
272 438 99 21 enskilda
387 445 108 21 personer,
511 445 45 14 som
573 438 101 21 bedrifvit
690 438 51 21 eller
756 438 102 29 möjligen
874 438 72 22 kunde
956 438 36 21 be-

170 467 70 21 drifva
258 466 155 28 vexelrörelse,
431 467 48 21 icke
499 466 92 22 behöfva
611 468 52 26 göra
678 467 43 21 det.
751 466 64 22 Hvad
831 467 101 21 särskildt
947 466 45 22 vid-

172 496 97 20 kommer
292 495 206 28 postremissvexlar,
517 496 24 20 så
559 495 39 21 ber
614 496 38 27 jag
669 497 33 19 att
716 496 23 20 få
754 496 102 20 anmärka
871 498 32 18 att
918 496 36 20 det
970 496 23 20 är

171 526 32 19 ett
221 525 43 19 sätt
283 530 45 14 som
345 524 81 20 banker
440 524 99 27 begagna
553 524 33 20 för
601 526 32 18 att
648 526 148 26 transportera
811 524 46 20 sina
873 524 120 28 disponibla

171 552 119 28 penningar
313 552 46 21 från
383 554 31 19 ett
433 552 76 21 kontor
528 552 31 21 till
579 554 30 19 ett
627 555 74 24 annat,
718 552 80 21 hvilket
814 552 86 28 mycket
915 552 77 21 under-

171 581 64 20 lättar
251 580 91 21 trafiken
358 581 33 20 för
406 580 149 21 allmänheten.
581 580 50 21 Men
647 588 26 13 en
690 580 63 21 vexel
768 583 15 18 t.
796 587 33 14 ex.
842 581 27 27 pä
881 581 40 21 100
931 581 61 20 mark

171 609 42 21 kan
228 609 21 28 ej
267 610 51 20 bära
333 616 26 13 en
375 609 138 27 beskattning
528 609 23 20 af
565 610 27 20 60
607 609 74 28 penni,
697 609 37 20 det
749 609 41 20 blir
804 611 51 19 nära
871 616 43 21 nog
926 609 66 27 omöj-

170 637 46 28 ligt.
247 637 65 21 Hvad
327 637 36 21 det
378 637 99 28 slutligen
493 637 103 21 beträffar
612 639 32 19 att
657 638 200 27 postremissvexlar
868 637 62 21 äfven
942 644 51 14 vore

171 668 32 19 ett
225 665 58 28 slags
302 665 129 28 sedelmynt,
451 666 23 20 sä
492 667 23 18 är
533 665 98 22 deremot
648 666 34 20 för
700 666 36 20 det
752 666 67 20 första
834 668 32 19 att
881 665 111 27 anmärka,

171 696 33 19 att
219 694 28 21 dä
263 694 66 21 borde
344 694 38 21 allt
398 694 119 27 sedelmynt
533 695 66 26 enligt
615 694 163 28 konsegvensen
792 694 108 26 karteras,
912 694 81 21 hvilket

171 723 21 27 ej
207 722 118 27 förordats,
342 723 39 20 och
396 722 34 21 för
445 722 36 21 det
497 722 66 21 andra
579 723 42 20 slär
636 723 76 20 sädant
726 722 48 21 icke
784 723 20 20 in
816 723 6 20 i
833 722 159 27 verkligheten,

171 751 91 21 emedan
281 751 149 20 erfarenheten
449 751 58 20 visar
526 753 31 18 att
576 751 26 20 de
618 751 130 27 utelöpande
764 751 228 27 postremissvexlarne

171 780 46 20 frän
233 779 196 28 föreningsbanken
440 779 46 21 icke
497 780 102 27 uppstiga
609 779 31 21 till
651 779 94 20 särdeles
756 781 54 19 stort
821 779 84 28 belopp.
929 779 63 20 Hvad

172 808 36 21 det
224 807 102 22 beträffar
342 810 32 19 att
390 808 83 20 vinsten
489 807 23 20 af
526 808 62 21 dessa
603 807 74 21 vexlar
693 814 51 14 vore
760 808 24 20 sä
799 809 51 24 stor,
866 810 31 18 att
908 807 85 21 banken

171 836 72 21 kunde
265 836 49 21 dela
332 836 48 21 med
399 836 41 27 sig,
460 837 22 20 sä
501 837 68 20 mäste
585 837 38 27 jag
642 836 99 27 päminna
756 838 32 19 att
803 836 83 21 banken
903 836 33 20 för
952 835 40 21 den

171 865 85 20 vinsten
280 865 98 27 erlägger
402 865 125 26 bevillning,
545 865 90 20 likasom
654 864 33 21 för
706 864 27 21 all
748 871 70 14 annan
834 865 103 26 inkomst,
954 865 38 20 och

171 894 61 20 detta
248 893 66 20 borde
330 893 35 20 väl
382 899 50 14 vara
447 900 48 20 nog.
862 892 3 3 i

240 921 58 21 Herr
315 921 195 28 Montgomerie:
533 921 42 28 Jag
591 921 69 20 skulle
676 921 54 20 blott
745 921 27 20 be
788 923 31 18 att
834 921 22 21 fä
870 923 78 18 nämna
963 923 31 18 att

172 950 27 21 de
218 950 46 27 slag
282 950 24 20 af
322 950 207 27 postremissvexlar,
553 957 45 13 som
623 949 40 21 den
682 949 128 28 föregäende
829 949 64 21 ärade
913 949 80 21 talaren

172 978 92 28 äsyftat,
280 979 106 27 nemligen
403 978 208 27 postremissvexlar,
627 977 103 21 utställda
745 978 27 27 pä
788 978 164 26 innehafvaren,
968 978 27 27 pä

173 1013 76 14 senare
272 1006 56 21 tider
350 1007 36 20 vid
409 1006 40 21 den
472 1006 55 21 enda
549 1006 97 21 enskilda
670 1005 57 22 bank
746 1013 45 14 som
811 1007 6 20 i
835 1006 73 21 landet
926 1006 68 20 finnes

173 1036 76 19 nästan
273 1035 87 20 alldeles
382 1035 90 20 kommit
490 1042 25 13 ur
535 1035 60 21 bruk.
626 1034 34 21 De
679 1034 108 21 användas
805 1041 87 14 numera
908 1035 87 27 mycket

173 1063 48 21 litet
236 1063 40 21 och
292 1063 84 21 banken
392 1063 39 20 har
445 1063 48 21 icke
509 1063 66 21 heller
591 1063 23 21 af
627 1063 49 20 dem
688 1063 68 27 nägon
769 1063 108 28 synnerlig
888 1063 106 27 förtjenst.

173 1091 300 21 Postremissvexel-rörelsen
491 1092 73 21 bestär
583 1092 33 20 för
639 1091 133 21 närvarande
791 1091 22 21 af
830 1091 80 21 sädana
925 1091 70 20 sedlar

173 1127 46 14 som
234 1120 54 21 böra
303 1120 136 27 endosseras,
455 1120 40 21 och
511 1120 36 21 det
560 1122 24 19 är
596 1120 49 21 dem
656 1120 60 21 detta
726 1119 118 28 stadgande
855 1119 97 21 kommer
964 1121 31 19 att

173 1148 62 28 gälla.
266 1148 64 21 Hvad
352 1148 51 21 herr
424 1148 81 22 Linder
522 1151 69 25 yttrat
610 1148 84 27 derom,
713 1150 32 19 att
760 1148 26 21 de
802 1148 68 21 skulle
886 1148 108 20 användas

173 1177 33 20 för
220 1179 32 19 att
268 1177 112 21 remittera
395 1177 118 27 penningar
529 1177 46 21 frän
591 1184 26 14 en
634 1179 34 19 ort
683 1177 31 21 till
730 1184 25 14 en
772 1184 79 19 annan,
868 1177 23 20 sä
902 1178 23 19 är
936 1176 60 21 detta

171 1205 46 27 just
232 1206 49 20 icke
296 1205 66 21 fallet.

242 1233 58 21 Herr
319 1234 26 20 af
361 1233 140 27 Forselles,
521 1233 35 21 L.:
581 1233 43 28 Jag
643 1234 68 20 skulle
730 1234 76 20 endast
824 1233 85 21 anhålla
928 1235 31 19 att
974 1233 22 20 få

173 1262 76 20 förena
264 1262 44 27 mig
323 1262 48 21 med
388 1262 89 20 friherre
492 1262 63 28 Boije
571 1269 34 14 om
622 1264 128 19 momentets
766 1261 142 21 uteslutande.

242 1290 58 21 Herr
323 1290 197 21 landtmarskalken
539 1290 133 21 framställde
691 1290 51 21 härä
761 1290 31 20 till
809 1290 95 20 ständets
920 1290 76 20 besva-

173 1318 67 21 rande
256 1326 25 14 en
299 1319 23 20 sä
337 1318 93 28 lydande
446 1319 143 27 proposition:

242 1363 5 9 »
250 1346 50 26 Vill
315 1347 150 27 ridderskapet
481 1347 40 21 och
537 1347 72 25 adeln,
621 1347 48 21 med
681 1346 52 21 eller
743 1349 51 18 utan
806 1346 99 28 ändring,
918 1348 78 25 antaga

173 1375 139 28 stadgandet,
336 1378 31 18 att
390 1376 23 20 af
433 1376 81 20 banker
537 1376 39 20 och
599 1375 124 27 bankbolag
745 1374 102 21 utställda
866 1375 74 20 vexlar
956 1375 39 19 och

173 1404 139 27 anvisningar
334 1404 62 20 skola
417 1404 96 20 utfärdas
536 1404 28 28 pä
587 1403 117 28 stämpladt
726 1410 81 21 papper
831 1403 22 21 af
874 1404 26 20 60
920 1403 76 27 pennis

174 1432 56 21 valör
238 1432 25 20 P':
443 1435 2 2 N

243 1476 5 10 »
251 1460 89 26 Vinner
356 1461 41 27 nej,
413 1461 63 27 utgår
491 1460 130 28 stadgandet
636 1467 25 13 ur
677 1460 175 27 författningen."
