1078 1700
187 96 42 21 428

160 153 40 21 ock
215 152 103 21 rubriken
334 152 32 20 till
381 152 92 27 kapitlet
491 152 66 27 lyder,
576 152 106 28 sänkning
698 152 23 21 af
735 152 57 27 sjöar
807 152 39 20 och
863 152 120 20 strömmar.

160 182 58 20 Herr
233 180 125 21 Ehrnrooth
381 181 79 26 måste,
483 181 70 20 såsom
573 180 40 20 han
630 180 64 21 också
710 180 50 28 sjelf
775 182 67 26 säger,
858 180 47 20 icke
921 180 63 20 hafva

160 210 49 21 hört
224 209 48 21 mitt
287 208 96 28 förslag,
394 211 24 25 ty
433 208 38 22 der
487 209 54 20 talas
556 208 47 22 icke
620 216 32 14 om
669 208 158 28 skogsmarker,
842 211 50 18 utan
908 208 76 20 endast

161 246 33 13 om
210 244 90 18 mossar,
316 237 50 20 kärr
382 237 40 21 och
437 237 66 21 andra
523 237 165 21 vattendränkta
711 244 59 21 egor,
790 244 44 14 som
850 244 76 20 genom
942 237 42 27 sjö-

160 267 89 26 fällning
272 265 66 21 blifva
360 265 119 28 torrlagda;
503 265 66 21 andra
588 272 82 14 mossar
686 266 72 20 kunna
773 266 99 20 hänföras
887 265 31 21 till
934 266 11 26 $
963 266 21 25 1,

161 296 37 20 der
221 294 37 21 det
278 294 54 20 talas
356 300 34 14 om
414 294 117 28 utdikning.
562 294 81 20 Vidare
662 294 38 20 ber
712 294 39 28 jag
766 296 32 18 att
812 294 22 20 få
849 294 79 22 erinra,
952 295 32 19 att

160 324 90 20 friherre
266 329 41 14 von
324 322 70 21 Borns
410 322 39 21 och
465 322 47 21 mitt
528 322 79 28 förslag
622 322 83 28 grunda
721 323 32 27 sig
766 322 89 28 ungefär
866 323 27 27 på
904 329 80 13 samma

161 352 92 28 princip,
269 351 108 27 nemligen
394 351 50 26 den,
461 353 32 19 att
508 351 146 27 ersättningen
671 351 53 21 skall
741 351 104 21 beräknas
861 351 54 21 efter
929 358 55 13 mar-

161 381 48 20 kets
224 380 66 21 värde
305 380 7 20 i
328 379 49 21 dess
394 380 133 26 ouppodlade
543 379 66 21 skick.
641 379 65 21 Utom
722 379 26 21 de
762 379 65 21 redan
843 379 87 21 anförda
946 379 38 20 fin-

161 416 38 14 nes
215 410 57 19 ännu
288 409 32 19 ett
335 408 47 20 skäl
397 408 33 20 för
445 410 31 18 ett
492 408 75 20 sådant
590 408 181 28 beräkningssätt.
802 408 50 26 Om,
868 408 69 20 såsom
953 408 31 20 uti

161 436 162 30 propositionen
339 438 23 18 är
378 436 125 28 föreslaget,
527 436 71 21 lösens
621 436 77 28 belopp
718 453 4 9 ,
726 436 133 28 uppskattas
874 436 54 20 efter
944 436 40 20 den

161 465 99 22 afträdda
275 464 109 28 grundens
404 464 64 21 värde
483 465 7 20 i
505 465 49 20 dess
570 464 132 21 förbättrade
726 465 71 26 skick,
821 464 55 21 dock
892 464 47 21 med
954 464 30 21 af-

161 494 53 28 drag
229 494 23 20 af
266 493 41 21 den
323 492 65 28 utgift
406 493 33 20 för
454 493 94 27 arbetet,
572 500 45 14 som
634 494 26 26 på
676 493 60 21 detta
758 493 127 28 egoområde
900 493 33 27 sig
949 493 35 21 be-

161 524 67 26 löper,
242 522 68 28 jemte
326 523 62 19 ränta
404 522 71 26 derå,'
492 522 23 20 så
530 522 42 20 kan
589 522 36 20 det
645 522 75 26 hända,
737 524 31 18 att
784 522 42 20 min
837 528 81 21 granne
929 522 56 20 före-

161 554 61 25 tager
239 551 32 27 sig
288 552 31 19 ett
334 550 76 21 arbete
425 550 48 21 med
489 551 22 20 så
527 550 131 21 öfverdrifna
673 550 123 27 kostnader,
813 552 30 19 att
855 550 61 21 dessa
928 550 56 21 med-

162 582 50 25 taga
227 579 49 21 hela
292 579 42 20 den
350 579 121 27 ersättning
483 579 37 27 jag
535 579 33 20 för
583 579 43 20 min
640 579 49 27 jord
713 579 49 20 bort
780 579 85 20 erhålla.
896 579 89 20 Kanske

162 608 68 21 skulle
243 608 39 27 jag
298 609 14 18 t.
329 614 19 14 o.
365 614 27 13 m.
409 607 81 27 nödgas
507 607 71 20 betala
593 609 31 18 ett
640 607 98 26 tillskott,
755 607 39 21 och
809 607 60 21 detta
885 614 50 14 vore
951 607 34 21 väl

162 637 41 21 den
219 638 80 19 största
315 635 116 28 obillighet,
447 635 100 21 hvarföre
553 636 38 27 jag
602 635 100 27 anhäller,
714 638 32 18 att
757 636 35 20 det
803 636 115 27 höglofliga
928 636 57 20 stän-

163 665 36 21 det
214 665 68 20 mätte
298 666 79 25 antaga
392 664 36 21 det
443 664 24 21 af
480 664 90 27 friherre
586 671 41 14 von
641 664 57 21 Born
710 664 39 21 och
760 665 43 26 mig
813 664 75 27 gjorda
898 665 87 27 förslag.

230 692 60 21 Herr
305 692 107 27 Linder,
428 692 35 21 E.:
485 692 70 21 Äfven
577 693 38 27 jag
631 699 62 14 anser
710 695 31 18 ett
756 693 74 27 tillägg
845 693 7 20 i
868 693 35 20 det
918 693 67 27 syfte,

163 723 48 20 herr
234 721 131 21 Silfversvan
381 721 120 27 föreslagit,
517 728 50 13 vara
583 721 23 20 af
619 721 101 20 behofvet
740 721 114 28 päkalladt.
884 721 44 20 Det
944 721 42 21 kan

162 751 86 27 mycket
265 750 39 20 lätt
321 749 77 26 hända,
416 751 30 19 att
462 757 48 13 man
526 756 77 21 genom
619 749 87 28 fällning
722 750 22 20 af
758 757 26 13 en
800 749 31 28 sjö
842 749 22 21 af
874 745 36 37 fem
922 752 62 18 tunn-

162 779 61 21 lands
247 778 59 21 areal
330 778 42 20 kan
398 778 108 27 torrlägga
521 785 26 14 en
563 785 71 13 mossa
655 778 23 20 af
691 780 62 19 tusen
770 778 108 26 tunnland,
895 778 38 21 och
950 778 36 21 det

163 814 51 14 vore
229 807 35 21 väl
279 807 84 27 ganska
379 806 90 27 obilligt,
492 813 34 14 om
549 813 80 20 egaren
645 807 31 20 till
693 807 70 20 denna
778 813 69 14 mosse
862 813 76 21 genom
954 809 33 18 att

162 836 48 21 icke
233 835 87 27 deltaga
336 835 6 20 i
358 835 93 26 arbetet,
475 837 50 18 utan
541 835 44 20 låta
601 835 139 27 expropriera
755 837 32 18 ett
804 835 97 24 tunland,
918 835 68 20 skulle

164 865 51 20 ernä
238 864 70 21 denna
330 863 69 20 fördel
422 864 72 27 gratis.
525 863 83 20 Genom
628 865 30 19 ett
677 863 76 21 sädant
776 863 117 28 stadgande
916 863 70 21 kunde

163 893 77 27 mänga
254 892 86 27 nyttiga
355 891 84 28 företag
456 892 64 20 blifva
536 891 123 21 äsidosatta.
690 892 42 27 Jag
748 892 85 20 förenar
847 892 43 27 mig
901 892 85 21 derföre

163 921 44 21 helt
223 921 39 21 och
278 920 66 21 hället
360 920 49 21 med
425 920 48 21 herr
489 920 131 21 Silfversvan
636 927 34 14 om
686 921 40 20 den
742 921 23 20 af
778 920 77 21 honom
866 920 121 28 föreslagna

163 949 147 28 ordalydelsen
327 949 23 20 af
364 948 60 21 detta
447 951 100 18 moment.
579 949 138 20 Beträffande
736 949 46 20 åter
797 949 52 20 sista
871 951 116 18 momentet

163 978 52 21 eller
230 977 97 28 grunden
344 977 33 20 för
393 978 156 26 ersättningens
567 977 170 27 bestämmande,
754 977 58 21 delar
825 977 37 28 jag
873 977 40 20 den
925 977 61 28 äsigt,

163 1013 46 14 som
224 1007 68 20 finnes
309 1005 84 21 uttalad
408 1006 7 20 i
431 1005 40 21 den
487 1005 78 28 nädiga
581 1006 166 26 propositionen.
778 1005 43 21 Det
836 1005 61 21 torde
913 1006 73 20 nemli-

163 1042 40 21 gen
220 1042 51 13 vara
287 1034 125 27 meningen,
428 1036 31 19 att
475 1034 82 21 vinsten
570 1033 24 21 af
603 1034 149 27 sjöfällningen
770 1034 52 21 skall
838 1034 82 20 tillfalla
931 1034 55 27 dem,

163 1071 45 13 som
224 1063 99 27 företaga
338 1063 95 24 arbetet,
453 1063 3 20 i
472 1063 48 20 män
539 1062 22 21 af
581 1062 25 21 de
625 1069 52 20 egor
692 1062 26 21 de
734 1063 75 27 sjelfva
825 1062 57 21 förut
898 1063 88 24 besitta,

164 1091 39 22 och
218 1091 48 21 icke
282 1093 32 18 att
330 1091 26 20 de
372 1091 60 20 skola
449 1093 52 25 göra
516 1091 69 27 någon
602 1091 54 20 affär
672 1091 26 27 pä
714 1091 58 26 dem,
792 1098 43 13 som
851 1091 47 20 icke
915 1091 50 27 vilja
980 1091 6 20 i

163 1121 84 20 arbetet
262 1120 93 27 deltaga.
386 1119 103 21 Tvärtom
505 1119 52 21 böra
573 1119 32 21 väl
623 1119 61 21 dessa
700 1119 47 21 icke
767 1120 72 20 kunna
853 1119 86 21 hindras
956 1121 30 19 att

163 1149 66 27 draga
245 1150 62 26 nytta
323 1148 23 20 af
360 1148 47 20 sina
422 1155 57 20 egor.
510 1148 99 20 Friherre
626 1154 40 14 von
683 1148 59 20 Born
753 1148 38 21 har
801 1150 77 26 yttrat,
895 1150 31 18 att
937 1155 49 14 man

163 1177 71 21 kunde
257 1177 80 21 förlora
353 1178 32 19 ett
400 1176 52 28 godt
467 1176 53 21 fiske
539 1176 39 21 och
594 1176 6 20 i
615 1176 71 20 stället
708 1176 80 21 erhälla
806 1183 26 13 en
848 1176 55 28 dälig
918 1177 68 21 mark.

164 1206 76 20 Denna
263 1205 89 27 farhäga
371 1206 24 19 är
412 1205 128 20 ätminstone
565 1204 121 28 ogrundad,
706 1212 33 14 om
765 1212 47 14 man
829 1207 88 25 antager
937 1205 49 21 herr

164 1234 143 20 Silfversvans
323 1233 215 27 redaktionsförslag,
555 1234 23 19 sä
593 1233 58 27 längt
660 1234 38 26 jag
708 1233 95 21 förordat
820 1233 41 21 det.
892 1233 43 21 Det
950 1234 36 20 he-

163 1265 34 18 ter
212 1262 117 27 nemligen,
353 1264 33 18 att
408 1262 137 27 deltagarena
560 1261 6 21 i
582 1262 84 20 arbetet
686 1262 61 20 skola
763 1262 80 20 erhålla
863 1262 40 25 ,,all
920 1262 66 20 skada

164 1292 39 20 och
218 1291 84 25 förlust,
318 1297 46 13 som
380 1290 125 27 derigenom
520 1290 126 27 tillskyndas
663 1290 26 20 de
705 1290 89 27 öfriga*.

233 1319 101 20 Friherre
350 1325 50 14 von
416 1318 81 26 Troil,
515 1318 20 20 8.
552 1318 46 20 W.:
615 1318 33 21 De
665 1318 172 28 betänkligheter
852 1318 49 21 herr
917 1318 68 21 Ehrn-

164 1348 63 20 rooth
243 1349 69 26 yttrat
328 1349 58 18 emot
401 1347 49 20 mitt
465 1347 89 27 förslag,
566 1348 32 19 att
608 1347 153 27 författningen
776 1347 79 27 jemväl
865 1347 66 21 borde
942 1354 44 13 om-

164 1376 55 20 fatta
234 1375 167 27 mossodlingar,
417 1375 116 21 bestäende
549 1375 178 28 hufvudsakligen
740 1375 54 26 deri,
805 1377 32 19 att
846 1375 66 21 under
924 1375 62 21 dessa

165 1412 82 13 mossar
264 1404 70 20 kunde
351 1404 78 20 förstäs
445 1404 73 26 hvarje
535 1404 123 26 vattensjuk
673 1403 70 26 mark,
760 1410 62 14 anser
835 1404 39 27 jag
887 1404 45 27 just
942 1404 44 20 tala

163 1434 34 20 för
211 1433 48 20 mitt
274 1432 92 28 förslag,
382 1434 32 18 att
430 1432 89 20 ärendet
534 1432 6 20 i
556 1432 41 20 den
613 1432 61 20 delen
691 1432 65 20 borde
772 1432 166 20 äterremitteras
954 1432 32 20 till

165 1462 113 20 utskottet.
310 1460 64 21 Hvad
396 1460 91 20 friherre
506 1460 25 20 de
550 1460 21 21 la
591 1460 101 28 Chapelle
708 1460 80 27 anfört,
804 1462 31 19 att
851 1460 106 28 nemligen
973 1461 11 27 $

164 1490 13 20 2
199 1490 31 20 uti
248 1488 243 28 författningsförslaget
509 1488 68 21 skulle
598 1488 107 22 innehålla
727 1488 128 28 tillräckliga
876 1489 109 27 garantier
