1078 1700
184 90 42 20 486

156 147 44 21 bär.
230 146 49 20 Den
295 145 68 26 lösen,
379 152 46 13 som
441 144 35 21 vid
492 144 105 21 ordinarie
613 144 73 27 tingen
703 144 52 20 eller
770 144 26 21 de
812 144 120 26 föreslagna
947 144 32 20 så-

156 175 84 20 kallade
256 173 315 27 rättegångssammanträdena
587 172 84 21 komme
687 174 31 19 att
734 172 83 28 inflyta,
841 172 70 21 kunde
928 172 51 27 möj-

156 203 72 28 ligtvis
244 209 78 21 genom
339 208 125 21 noggranna
479 201 161 27 förteckningar
654 201 32 20 fås
703 201 51 21 reda
770 202 63 26 uppå;
849 208 46 13 men
907 200 73 20 doma-

157 239 36 13 ren
216 230 98 22 utfärdar
336 230 33 20 för
391 230 64 27 öfrigt
478 229 89 21 emellan
591 229 73 27 tingen
684 229 51 21 eller
752 228 185 22 sammanträdena
953 235 26 13 en

156 260 78 27 mängd
251 258 157 28 expeditioner,
424 265 33 13 om
473 258 72 20 hvilka
561 257 39 21 och
617 258 32 20 för
665 258 48 20 dem
729 258 112 27 uppburen
864 258 58 20 lösen
944 256 36 21 det

156 288 48 21 icke
220 290 24 18 är
260 287 100 21 tänkbart
377 288 31 19 att
424 286 80 21 erhålla
520 287 67 27 några
602 286 160 28 upplysningar.
793 286 61 20 Huru
870 287 23 19 är
907 285 36 21 det
954 285 26 20 då

157 316 92 28 möjligt,
274 317 32 19 att
328 322 49 14 man
400 315 54 20 skall
477 315 72 20 kunna
572 314 64 20 vinna
655 314 88 27 behörig
762 314 118 21 kännedom
897 314 83 26 derom,

158 345 53 20 huru
228 344 87 26 mycket
331 343 101 21 domaren
449 350 33 14 om
499 344 46 20 året
560 343 6 20 i
582 343 58 21 lösen
660 343 102 27 uppburit
778 343 38 20 och
833 343 37 20 bör
885 342 31 21 till
933 342 47 21 kro-

157 380 41 14 nan
214 373 98 25 aflemna,
329 372 39 20 och
384 374 32 18 att
431 372 132 20 kontrollera
578 371 111 27 beloppet;
703 372 38 26 jag
756 374 45 18 tror
815 371 56 26 icke,
880 373 31 18 att
922 370 58 21 detta

157 401 67 21 under
240 400 134 21 närvarande
391 400 147 20 förhållanden
554 401 23 19 är
593 400 161 24 verkställbart,
770 400 98 20 hvarföre
881 400 38 27 jag
933 399 47 20 icke

157 430 66 20 heller
239 430 43 20 kan
298 428 86 21 biträda
406 428 89 20 friherre
512 428 92 20 Wredes
627 428 91 27 petition
734 428 6 20 i
756 428 69 21 denna
841 428 38 20 del.
910 427 69 21 Emel-

157 458 62 20 lertid
243 464 65 14 anser
328 458 37 26 jag
388 456 74 27 frågan
481 463 33 14 om
534 457 69 26 någon
620 456 56 28 slags
695 463 126 21 permanens
837 456 35 20 vid
887 456 93 20 domsto-

158 486 58 20 larne
232 487 28 25 på
275 485 74 21 landet
364 492 52 14 vara
431 485 23 20 af
467 485 24 20 så
507 485 90 27 mycken
615 485 45 27 vigt
681 484 39 21 och
736 484 141 28 betydenhet,
897 486 31 19 att
944 484 36 20 det

158 515 38 20 bör
219 514 143 20 öfverlemnas
385 513 31 21 till
439 515 31 19 ett
493 513 84 21 utskott
592 515 31 19 att
639 514 97 20 närmare
759 513 90 20 bedöma
864 513 39 20 och
918 513 62 20 fram-

158 543 68 25 ställa,
250 542 106 20 huruvida
378 542 71 20 denna
471 541 60 28 fråga
553 542 42 20 kan
619 541 135 28 genomföras
770 542 6 20 i
792 541 40 21 den
855 541 23 20 af
890 541 90 21 friherre

159 571 81 21 Wrede
262 571 133 20 framställda
418 570 149 27 utsträckning
589 570 52 21 eller
664 570 100 27 möjligen
780 577 85 13 snarare
880 569 7 21 i
902 569 41 21 den
960 570 22 20 af

158 600 44 27 mig
224 599 106 28 antydda,
353 605 46 14 som
422 599 122 26 egentligen
561 599 63 26 utgör
640 600 30 19 ett
685 598 228 27 förmedlingsförslag,
930 598 50 21 eller

159 628 40 21 ock
215 628 27 27 på
257 627 67 21 andra
346 627 101 27 grunder,
470 627 40 20 och
532 627 32 20 får
585 627 38 27 jag
641 626 84 21 derföre
748 627 120 25 hemställa,
884 633 33 14 om
933 627 47 20 icke

159 656 118 27 petitionen
302 655 71 21 kunde
397 655 141 21 öfverlemnas
565 655 54 20 först
645 655 31 20 till
703 655 95 21 ständets
825 655 95 20 enskilda
946 655 34 20 be-

159 684 155 25 svärsutskott,
338 684 63 20 innan
417 683 150 28 ridderskapet
591 683 39 21 och
652 683 62 21 adeln
731 685 96 19 närmare
844 685 68 26 yttrar
928 683 31 27 sig
975 683 6 20 i

159 714 72 19 ämnet
247 712 40 21 och
302 712 60 27 fråga
378 719 33 13 om
429 711 26 21 de
466 712 68 27 öfriga
545 711 101 22 ståndens
657 712 132 27 inbjudande
799 714 32 18 att
842 711 43 21 deri
897 711 83 28 deltaga

159 741 41 20 kan
216 741 85 26 uppstå.

228 769 100 20 Friherre
345 775 48 14 von
410 769 76 20 Born:
509 768 79 27 Vigten
608 768 23 21 af
648 768 40 21 den
708 769 48 20 utaf
772 769 89 20 friherre
882 768 99 21 Wrede
972 764 14 35 i

159 797 49 21 dess
224 797 215 27 petitionsmemorial
455 797 122 27 föreslagna
593 797 184 27 omorganisering
793 797 22 20 af
829 797 152 20 häradsrätter-

159 833 38 13 nas
214 825 138 21 verksamhet
367 825 88 25 derhän,
471 827 32 19 att
519 825 25 20 de
560 825 70 21 blefve
646 827 148 26 permanenta,
814 825 60 20 torde
894 832 51 13 vara
961 825 23 20 af

160 861 26 13 en
202 854 52 20 hvar
271 853 23 21 af
308 853 96 21 ståndets
425 853 64 21 ärade
507 853 139 21 medlemmar
668 853 81 21 insedd.
781 853 41 21 För
838 853 42 21 min
896 853 33 20 del
945 860 36 13 an-

160 889 35 14 ser
208 882 38 27 jag
262 889 27 13 en
306 882 58 27 dylik
388 882 124 27 förändring
527 882 28 27 på
571 882 36 20 det
623 883 77 26 högsta
723 882 116 26 önskvärd,
855 881 39 21 och
910 881 72 26 äfven,

160 911 70 20 såsom
246 917 50 14 man
312 910 38 21 bör
366 910 88 27 hoppas,
470 911 73 26 möjlig
559 912 32 19 att
607 910 165 21 åstadkommas.
802 910 42 27 Jag
859 910 66 21 finner
936 910 46 20 der-

159 938 46 21 före
229 939 118 27 petitionen
370 939 90 27 förtjent
483 939 22 20 af
527 939 26 20 all
578 939 190 27 uppmärksamhet
791 939 38 20 och
850 939 130 27 fördenskull

160 967 53 20 böra
235 967 121 20 remitteras
380 967 31 20 till
434 967 155 21 förberedande
613 967 150 28 behandling
754 963 12 36 i
780 969 30 18 ett
826 967 88 20 utskott.
943 967 39 20 Åt-

160 995 84 28 skilliga
260 995 166 28 anmärkningar
442 996 39 21 och
498 995 172 28 betänkligheter
688 995 64 21 hufva
770 995 67 21 blifvit
853 995 131 21 framställda

160 1023 23 21 af
196 1024 52 20 flera
264 1023 64 21 ärade
345 1024 67 21 talare
428 1024 6 20 i
450 1024 56 20 vissa
522 1024 57 20 delar
595 1024 23 20 af
632 1024 60 21 detta
708 1025 67 20 ämne.
806 1023 41 28 Jag
862 1024 42 20 kan
919 1024 65 21 också

160 1052 47 21 icke
224 1052 48 21 med
288 1052 43 21 min
348 1053 45 20 röst
416 1053 109 26 tillstyrka
548 1053 75 20 remiss
640 1053 6 20 i
662 1053 67 20 andra
744 1052 65 27 delar,
833 1053 26 19 än
874 1052 109 27 angående

160 1080 156 21 domstolarnes
333 1087 135 20 permanens.
499 1081 32 20 De
547 1081 94 27 följande
652 1081 120 27 punkterna
789 1081 5 20 i
810 1080 128 28 petitionen,
950 1087 34 14 om

160 1109 132 20 anställande
309 1109 22 20 af
345 1109 114 28 ansvariga
479 1109 100 26 notarier,
603 1116 34 13 om
660 1109 148 28 upphörandet
827 1109 23 20 af
868 1109 116 27 sportelvä-

160 1137 83 27 sendet,
260 1144 34 14 om
310 1137 114 21 domarens
447 1138 102 26 aflöning,
573 1138 42 20 kan
628 1138 38 27 jag
681 1138 48 20 icke
745 1138 83 20 biträda
843 1138 27 26 pä
886 1138 25 20 de
928 1138 56 26 skäl,

161 1172 44 14 som
222 1166 65 20 redan
304 1166 70 20 blifvit
390 1166 95 20 deremot
501 1166 96 20 anförda.
629 1166 33 20 Dä
676 1166 37 28 jag
729 1166 31 20 till
770 1166 26 21 de
808 1166 175 27 betänkligheter,

161 1200 45 14 som
222 1194 82 21 anförts
320 1194 111 27 angäende
447 1194 66 21 första
529 1194 105 28 punkten,
650 1196 56 19 ännu
722 1194 98 28 tillägger
835 1201 32 19 en,
884 1194 48 20 sker
948 1194 36 21 det

161 1222 117 28 ingalunda
292 1222 34 21 för
342 1225 31 18 att
389 1222 122 28 derigenom
528 1224 53 20 söka
596 1223 112 20 motverka
722 1223 113 27 förslaget,
854 1222 80 21 hvilket
946 1223 38 27 jag

161 1257 63 14 anser
240 1251 7 20 i
263 1250 116 22 allmänhet
394 1251 106 27 lämpligt,
524 1253 51 19 utan
595 1251 75 21 endast
686 1251 32 21 för
734 1253 30 19 att
781 1251 66 28 derpä
861 1251 55 21 fästa
931 1258 52 20 upp-

161 1278 173 22 märksamheten
352 1280 38 20 hos
407 1280 36 20 det
459 1279 89 25 utskott,
565 1286 44 14 som
627 1279 53 21 skall
695 1280 120 27 handlägga
832 1280 80 26 frägan.
942 1279 42 28 Jag

160 1307 127 21 förutsätter
303 1307 86 27 härvid,
406 1310 31 18 att
453 1308 48 20 med
517 1308 65 20 orden
603 1310 139 25 permanenta
765 1308 115 21 domstolar
903 1308 81 27 äsyftas

162 1336 43 26 det,
220 1338 31 18 att
267 1336 175 20 häradsrätterna
456 1336 60 21 skola
532 1336 75 21 liksom
624 1336 74 27 hvarje
714 1338 64 19 annat
790 1336 135 21 embetsverk
940 1336 44 20 häl-

162 1364 30 20 las
209 1364 133 28 tillgängliga
357 1365 41 20 alla
414 1364 76 28 dagar;
501 1365 39 27 jag
555 1364 64 28 hyser
635 1364 71 21 denna
720 1364 118 27 förmodan,
854 1364 87 21 emedan
954 1365 30 20 ät-

162 1392 107 21 minstone
285 1392 47 21 icke
343 1393 117 27 någonting
472 1396 64 18 annat
550 1393 38 21 har
599 1393 69 20 blifvit
683 1393 124 21 förklaradt.
839 1392 79 21 Härvid
930 1393 54 20 före-

162 1422 33 19 ter
212 1421 32 27 sig
260 1420 63 21 bland
340 1421 67 21 andra
422 1422 133 27 svärigheter
570 1422 63 20 äfven
652 1422 51 26 den,
722 1423 32 19 att
770 1421 168 21 nämndemanna
954 1421 30 20 in-

163 1449 126 21 stitutionen
306 1450 67 20 mäste
389 1450 118 20 förändras.
538 1450 202 20 Nämndemännens
758 1450 84 28 uppgift
861 1451 23 19 är
903 1450 81 20 mindre

163 1479 32 19 att
218 1477 50 21 med
290 1477 102 21 domaren
416 1478 85 28 deltaga
516 1478 6 21 i
538 1478 74 28 lagens
634 1478 107 28 tolkning,
757 1480 27 19 än
799 1480 32 19 att
846 1478 70 20 lemna
931 1484 53 21 upp-

756 1554 8 8 €
