1078 1700
213 84 39 20 100

183 140 124 22 nuvarande
323 140 41 21 och
378 140 109 21 blifvande
503 140 145 21 institutioner
663 140 33 20 för
712 140 104 21 industrin
833 140 38 21 och
880 140 126 28 jordbruks-

185 169 105 21 krediten.

252 198 106 26 Slutligen
377 199 23 19 är
420 197 162 21 återställandet
601 198 39 20 och
660 198 177 20 underhållandet
853 198 22 20 af
889 198 50 20 våra
955 198 50 20 han-

183 226 188 21 delsförbindelser
387 226 57 21 såväl
460 226 49 20 med
524 226 98 21 utlandet
637 233 45 14 som
693 226 126 28 isynnerhet
830 226 48 21 med
888 226 116 28 Ryssland,

182 255 32 21 till
229 255 82 21 hvilket
326 254 92 21 Finland
433 256 126 26 exporterat
575 256 68 19 större
660 255 61 21 delen
738 255 22 20 af
774 255 46 21 sina
836 255 106 27 afsättliga
956 262 48 20 pro-

183 284 84 26 dukter,
286 286 32 18 ett
336 282 108 29 oafvisligt
463 283 69 21 vilkor
551 283 34 21 för
601 283 158 28 betryggandet
775 284 23 20 af
811 284 38 20 vår
865 284 140 20 ekonomiska

182 312 101 28 ställning
306 312 39 20 och
369 312 33 20 för
424 312 164 21 återvinnandet
610 312 24 20 af
654 312 47 20 vårt
719 312 104 27 förspilda
843 312 103 21 välstånd.
977 312 27 21 Vi

182 341 52 21 böra
250 340 82 22 sträfva
347 342 32 19 att
394 340 133 28 undanrödja
543 341 41 20 alla
600 340 25 21 de
642 340 74 21 hinder
732 348 45 13 som
794 341 56 27 ligga
860 341 6 21 i
878 342 68 26 vägen
958 340 46 21 der-

180 369 56 27 före,
253 371 56 19 samt
325 370 31 20 att
372 376 76 21 genom
464 369 41 21 alla
521 369 31 21 till
568 369 53 21 buds
633 369 89 21 stående
734 369 69 21 medel
814 370 97 27 upplifva
922 369 82 21 landets

181 405 28 13 nu
225 398 143 28 nedliggande
384 398 77 20 handel
478 398 39 20 och
533 398 108 27 naturliga
658 398 175 27 industrigrenar.

250 426 42 21 Om
312 426 139 21 förenämnda
474 426 103 21 reformer
597 426 39 21 och
654 426 67 21 andra
739 426 31 21 till
786 426 84 22 landets
888 426 116 22 materiella

181 455 124 28 utveckling
320 455 79 28 nödiga
414 454 101 28 åtgärder
531 455 60 21 skola
602 455 72 21 kunna
685 455 184 28 tillvägabringas,
881 458 55 18 samt
947 455 56 21 med-

181 484 46 21 föra
250 484 41 21 den
313 484 99 27 åsyftade
431 484 90 26 verkan,
542 484 39 20 blir
601 484 36 20 det
656 486 30 18 ett
702 484 108 20 oafvisligt
826 484 68 20 vilkor
910 486 31 18 att
957 484 47 20 vårt

181 512 77 29 högsta
282 512 145 28 styrelseverk
453 512 107 28 undergår
583 519 25 14 en
633 514 43 19 mot
700 512 121 21 ändamålet
845 512 103 21 svarande
971 520 38 13 re--

182 542 154 27 organisation.

248 570 44 28 Jag
314 577 63 14 anser
400 569 35 21 det
459 569 136 29 öfverflödigt
613 572 32 18 att
668 571 97 20 närmare
784 570 132 27 ådagalägga
935 571 68 20 denna

180 599 170 28 nödvändighet,
365 599 87 20 hvilken
468 598 66 21 redan
551 598 67 21 under
634 601 84 18 senaste
734 599 103 28 landtdag
853 599 22 20 af
888 599 115 21 ständerna

180 627 102 28 enhälligt
306 627 106 21 erkändes
436 629 55 19 samt
513 627 76 21 vunnit
609 627 28 20 H.
657 627 25 20 K.
702 627 113 28 Majestäts
839 627 77 28 nådiga
938 627 63 21 bifall.

180 656 42 27 Jag
245 657 106 26 åberopar
370 655 84 22 derföre
473 656 54 21 blott
548 655 25 22 de
595 656 46 20 skäl
661 663 45 13 som
723 656 116 21 ständerna
855 656 69 21 anfört
939 657 6 19 i
962 656 39 21 den

179 685 147 28 underdåniga
349 685 90 27 petition
459 691 44 14 som
522 685 5 20 i
549 684 60 21 detta
629 685 101 20 afseende
755 685 30 20 till
805 684 28 21 H.
854 684 27 21 K.
903 685 99 27 Majestät

180 714 27 20 då
225 713 138 21 aflemnades.
394 713 39 20 Att
452 720 26 14 en
497 713 132 27 ombildning
647 713 22 21 af
683 713 77 28 högsta
776 713 169 28 styrelseverket
960 713 41 21 kan

179 742 130 21 iverksättas
331 744 52 19 utan
402 741 107 28 rubbning
527 742 7 20 i
553 741 119 22 ärendenas
694 743 58 26 gång
770 742 39 20 och
827 744 51 19 utan
900 741 101 22 förökade

180 771 122 26 kostnader,
322 770 62 21 torde
402 770 83 27 framgå
500 777 25 14 ur
541 771 36 20 det
593 770 80 28 förslag
691 771 63 20 hvars
773 770 131 28 grundlinier
917 771 39 27 jag
971 773 30 18 ta-

179 806 37 21 ger
232 800 44 27 mig
291 799 91 21 friheten
399 799 38 21 här
452 799 30 20 till
499 799 115 28 höglofliga
629 799 161 27 ridderskapets
802 799 39 21 och
853 799 73 21 adelns
937 799 63 21 bedö-

179 828 77 21 mande
271 828 125 27 framlägga.

247 857 44 20 För
307 859 31 18 att
353 856 116 28 förtydliga
485 856 40 21 den
542 855 65 22 tanke
624 863 44 14 som
684 856 68 27 ligger
768 856 31 21 till
814 856 70 27 grund
898 856 33 21 för
942 857 58 20 detta

179 882 89 31 förslag,
285 885 32 21 får
330 885 38 28 jag
384 885 133 20 förutskicka
533 884 40 21 den
594 885 142 27 anmärkning
752 887 31 18 att
797 885 38 28 jag
850 891 63 14 anser
928 885 72 27 hvarje

176 914 92 27 juridisk
292 913 147 28 ansvarighet,
464 921 69 13 annan
553 915 26 19 än
600 913 41 21 den
659 914 51 20 våra
727 913 61 28 lagar
802 913 65 21 redan
884 913 115 27 innehålla,

178 943 33 20 för
226 943 77 27 högsta
319 943 105 27 styrelsen
443 942 48 21 icke
511 942 72 21 kunna
599 942 85 21 komma
700 942 5 20 i
722 942 66 27 fråga.
820 942 48 21 Men
881 942 38 27 jag
934 942 66 21 fäster

179 972 23 20 så
220 971 87 28 mycket
330 972 69 19 större
422 971 44 27 vigt
486 970 34 21 vid
540 971 40 20 den
599 971 111 20 moraliskt
725 971 122 27 personliga
863 971 136 27 ansvarighet

179 1007 45 14 som
236 1000 96 27 uppstår,
344 1006 33 14 om
389 999 77 28 högsta
475 999 117 28 styrelsens
601 999 159 21 verkställande
768 999 138 21 medlemmar
916 999 83 21 komme

173 1031 36 18 -att
228 1029 74 27 intaga
320 1035 25 14 en
366 1027 143 28 sjelfständig,
529 1027 47 21 från
596 1027 126 22 hämmande
740 1027 114 29 kollegiala
869 1028 79 21 former
963 1028 35 21 be-

177 1057 54 21 friad
251 1057 107 27 ställning.
389 1056 58 21 Mina
465 1056 92 21 Herrar!
576 1057 63 20 hvem
659 1057 40 20 kan
718 1056 90 21 förneka
824 1057 40 20 den
881 1057 118 27 menskliga

177 1086 131 27 svaghetens
324 1085 68 26 makt,
410 1085 35 21 det
460 1085 118 28 inflytande
595 1092 45 14 som
656 1085 73 20 beröm
746 1085 52 21 eller
813 1085 57 27 påtal
882 1085 74 21 utöfva
970 1085 28 20 äf-

177 1122 41 14 ven
241 1115 28 28 på
293 1114 40 21 den
352 1114 91 21 fastaste
461 1113 108 22 karakter.
600 1114 35 21 Då
653 1122 24 12 en
696 1121 48 13 man
764 1114 43 20 står
823 1113 34 21 för
871 1113 127 29 handlingen

177 1144 40 20 och
232 1144 70 20 måste
317 1143 97 27 uppbära
430 1143 109 27 påföljden
556 1142 23 21 af
592 1143 40 21 den
648 1143 76 27 åtgärd
740 1142 41 21 han
798 1142 104 21 föranledt
916 1143 39 21 och
967 1146 31 18 ut-

177 1173 52 26 fört,
246 1172 24 21 så
285 1172 55 20 skall
354 1171 53 27 han,
423 1171 48 21 med
487 1171 49 21 hela
551 1171 84 21 landets
650 1171 82 21 blickar
742 1171 85 21 riktade
838 1172 27 27 på
877 1172 41 27 sig,
930 1172 19 26 ej
962 1178 36 14 un-

177 1201 82 21 derlåta
278 1203 31 19 att
328 1200 81 21 sträfva
427 1200 30 21 till
476 1200 117 21 ernåendet
612 1200 23 21 af
648 1200 36 21 det
699 1200 78 28 högsta
792 1200 65 21 målet
873 1212 25 3 —
915 1200 83 21 landets

178 1230 88 20 välfärd.

246 1258 48 20 Den
310 1257 122 27 föreslagna
447 1257 159 27 ombildningen
623 1257 84 21 komme
726 1257 107 27 sjelffallet
849 1259 31 19 att
895 1257 103 21 innefatta

174 1286 277 29 justitie-departementets
466 1286 6 20 i
488 1286 115 27 kejserliga
619 1288 89 18 senaten
721 1286 136 28 förvandling
868 1286 30 20 till
910 1293 26 13 en
947 1286 50 27 hög-

177 1319 33 18 sta
225 1315 101 27 domstol;
343 1314 40 22 och
398 1314 116 28 kejserliga
529 1317 100 18 senatens
646 1314 270 28 ekonomie-departement
930 1314 68 21 skulle

177 1344 89 21 sålunda
289 1344 57 20 bilda
368 1343 41 21 den
432 1344 76 27 högsta
531 1343 115 27 styrelsen,
666 1343 40 21 och
724 1343 86 21 komma
829 1346 31 18 att
875 1344 85 26 utgöras
976 1343 24 20 af

177 1372 127 22 ordförande
320 1372 40 21 och
375 1371 74 28 nödigt
464 1372 59 20 antal
538 1372 124 26 ledamöter,
679 1372 77 20 hvaraf
764 1373 32 19 ett
806 1372 43 21 viss
860 1372 56 21 antal
928 1371 70 21 blefve

177 1401 159 21 verkställande
352 1400 109 21 ministrar
476 1400 48 21 med
540 1400 94 28 portfölj.

245 1429 57 21 Hela
325 1429 72 28 vigten
416 1428 36 21 vid
471 1429 172 27 organisationen
663 1428 97 21 kommer
779 1430 31 20 att
826 1429 57 27 ligga
898 1429 58 27 uppå
970 1436 27 13 en

176 1458 168 28 ändamålsenlig
364 1457 121 28 fördelning
504 1457 23 21 af
544 1458 26 20 de
593 1457 91 21 ärender
702 1464 46 14 som
764 1457 12 21 å
792 1464 39 14 ena
851 1457 59 21 sidan
929 1457 67 21 skulle

176 1487 85 21 tillhöra
276 1488 100 19 senatens
392 1486 20 20 in
429 1486 62 28 pleno
507 1486 130 28 behandling
650 1486 39 21 och
705 1486 12 21 å
733 1486 65 21 andra
813 1486 60 21 sidan
886 1486 110 21 öfverlem-
