1020 1709
240 137 41 21 556

211 202 99 26 rotande,
326 201 39 21 der
380 201 26 21 de
420 203 36 19 äro
473 202 23 19 af
509 202 77 20 nöden.
609 201 49 20 Den
673 201 53 20 sista
739 200 222 28 hufvudsynpunkten

214 236 102 28 slutligen
337 237 24 19 är
381 235 312 28 nybyggesangelägenheten,
711 234 155 22 befordrandet
880 234 24 21 af
917 235 45 20 lan-

213 270 47 21 dets
283 269 133 22 fortfarande
439 269 120 28 uppodling
581 269 40 21 och
644 269 152 21 kolonisation.
834 269 44 21 Det
901 269 61 21 torde

213 304 131 28 medgifvas,
370 305 32 20 att
424 304 93 21 Finland
540 310 77 22 genom
642 303 87 29 spridda
751 303 117 28 nybyggen
891 303 72 22 blifvit

213 338 124 29 uppodladt.
363 338 43 28 Jag
420 339 44 20 tror
481 338 39 21 och
533 339 39 27 jag
586 338 40 21 har
641 339 7 20 i
665 338 45 21 min
726 338 73 28 inlaga
810 338 48 21 sökt
868 338 95 27 häntyda

213 373 76 27 derpå,
310 374 32 19 att
362 373 7 20 i
390 373 43 20 alla
454 373 55 20 tider
529 373 39 20 och
589 373 43 20 alla
648 372 75 21 länder
738 372 154 21 erfarenheten
907 373 56 20 visat

214 407 124 20 detsamma.
373 406 43 27 Jag
435 408 45 19 tror
500 407 63 20 äfven
584 408 31 19 att
635 406 221 28 historiekunskapen
872 407 19 27 ej
909 407 54 20 skall

211 440 61 28 jäfva
292 441 37 20 det
349 441 128 27 påstående,
499 442 32 19 att
546 442 31 19 ett
592 440 51 21 land
659 440 69 27 aldrig
745 440 71 21 blifvit
832 441 131 20 civiliseradt

213 481 79 21 genom
312 474 185 21 kolonisationens
517 475 99 27 hopande
633 475 29 26 på
676 475 58 20 vissa
749 474 99 21 enskilda
862 474 101 28 punkter,

214 515 34 14 om
269 509 36 20 det
325 509 184 28 mellanliggande
529 509 73 20 landet
623 508 107 21 förblifvit
751 509 139 30 ouppodladt.
926 509 37 20 Ett

214 543 76 21 sådant
312 545 80 26 system
414 543 42 20 kan
481 543 76 21 endast
579 543 48 21 leda
650 543 33 20 till
705 543 48 20 rika
773 543 190 21 handelskolonier

213 577 50 21 med
276 579 32 19 ett
321 577 137 28 omgifvande
472 578 43 21 rått
528 578 39 20 och
579 577 128 22 förslafvadt
718 577 52 21 folk.
791 578 50 21 Men
854 578 40 21 den
906 579 58 20 rätta

214 611 173 22 kolonisationen
416 612 49 21 sker
487 619 79 21 genom
590 612 129 28 nybyggens
745 612 115 27 spridande
885 619 77 22 genom

214 647 41 25 ett,
275 653 33 14 om
329 645 41 22 ock
389 647 122 26 obemärkt,
533 646 54 21 dock
607 646 65 27 flitigt
688 647 39 25 och
743 646 110 21 verksamt
869 647 93 27 pionier-

212 680 82 20 arbete.
324 680 84 21 Härvid
427 681 40 20 bör
487 680 90 21 sålunda
596 680 111 21 betraktas
723 680 165 28 nybyggarenes
904 681 58 28 isyn-

214 713 77 21 nerhet
311 715 27 26 på
353 714 153 27 kronojorden,
527 715 26 20 de
569 714 109 21 såkallade
694 715 205 27 kronotorparenes,
915 721 48 22 pre-

213 747 53 21 kära
288 748 39 20 och
350 747 83 22 kanske
455 748 47 20 helt
524 748 39 21 och
584 748 68 21 hållet
671 748 24 21 af
713 748 118 27 godtycket
854 749 108 20 beroende

213 781 111 28 ställning.
354 781 226 28 Anmärkningsvärdt
600 782 76 21 härvid
694 784 24 19 är
733 782 103 28 slutligen
852 782 36 21 det
904 783 59 20 inom

213 816 187 27 kronoskogarne,
421 817 70 20 såsom
507 817 40 27 jag
562 818 50 25 tror,
628 816 87 21 införda
731 817 40 20 och
786 817 49 21 med
851 817 36 20 det
903 817 60 21 öfver

214 850 39 21 allt
273 850 105 29 afskydda
395 851 110 22 såkallade
522 851 84 27 ,robot*
622 853 52 19 nära
690 851 126 29 beslägtade
828 851 135 30 jordtorpar-

213 887 105 26 systemet
332 885 48 22 med
397 886 38 27 thy
450 885 119 28 åtföljande
584 886 250 28 dagsverksskyldighet,
848 887 47 21 från
910 887 53 21 hvil-

213 919 38 21 ket
271 921 80 26 system
372 920 36 21 det
428 927 87 14 snarare
536 927 50 14 vore
602 921 29 20 all
647 921 118 28 anledning
780 923 31 18 att
826 922 53 21 söka
895 921 68 22 befria

212 954 43 28 sig,
276 954 38 21 der
334 954 37 21 det
390 955 68 20 redan
478 954 76 21 finnes.
587 955 71 20 Dessa
677 955 48 27 fyra
744 955 220 29 hufvudsynpunkter

214 989 36 19 äro
266 988 32 26 de,
320 995 46 14 som
378 989 40 27 jag
432 989 47 20 haft
493 989 7 20 i
517 989 55 28 sigte
588 989 36 20 vid
639 989 127 21 affattandet
781 990 24 20 af
818 991 50 20 mitt
883 998 80 14 memo-

213 1022 46 21 rial.
290 1022 42 21 Till
352 1023 54 28 följe
426 1023 23 20 af
467 1023 56 21 hvad
543 1030 26 14 en
590 1023 52 21 ärad
661 1024 169 21 ständsledamot
844 1025 59 28 gjort
919 1026 44 27 mig

213 1056 154 28 uppmärksam
387 1057 37 28 pä,
444 1057 38 22 ber
495 1057 39 28 jag
550 1059 31 19 att
596 1059 58 19 ännu
669 1058 22 21 fä
707 1058 113 27 anmärka,
837 1061 31 18 att
883 1059 27 20 dä
923 1059 38 28 jag

213 1091 7 20 i
236 1091 136 20 memorialet
387 1091 92 21 nämnde
495 1091 96 28 Kajanas
608 1091 134 28 ödemarker,
758 1093 81 20 skedde
851 1093 36 21 det
898 1094 19 27 ej
929 1093 34 21 för

212 1127 32 18 att
264 1125 80 28 utpeka
359 1125 71 21 denna
445 1127 33 19 ort
494 1125 71 22 säsom
580 1125 178 29 svedjelägornas
774 1127 149 28 brännpunkt,
940 1130 22 25 ty

212 1159 64 21 äfven
295 1160 39 27 jag
352 1161 45 19 tror
413 1161 30 19 att
460 1160 193 28 tjärubränningen
669 1161 38 21 der
722 1163 24 18 är
760 1161 128 22 hufvudsak.
920 1163 42 27 Jag

212 1194 39 20 har
267 1193 76 21 endast
358 1195 58 20 velat
431 1195 90 27 päpeka,
537 1197 32 18 att
584 1195 56 20 intet
651 1197 72 25 annat,
734 1203 61 14 mera
804 1196 159 29 kompliceradt

213 1227 99 28 redskap,
329 1229 26 19 än
372 1228 41 21 den
430 1228 109 21 säkallade
555 1229 162 28 svedjeplogen,
734 1232 58 19 ännu
806 1231 28 27 pä
850 1231 63 27 länge
925 1231 37 20 der

211 1261 43 20 kan
275 1261 87 20 komma
382 1261 77 27 ifräga,
480 1262 83 20 hvilket
577 1262 93 27 redskap
687 1263 64 20 ocksä
764 1264 39 27 jag
818 1263 34 20 för
867 1265 44 20 min
927 1264 35 21 del

211 1301 65 13 anser
296 1294 132 27 fullkomligt
444 1295 127 27 tillräckligt
586 1295 44 21 der.
661 1296 108 27 Slutligen
786 1304 63 14 anser
862 1298 39 27 jag
917 1298 45 28 mig

212 1327 86 28 skyldig
318 1329 31 19 att
369 1328 33 21 för
421 1329 41 20 den
483 1329 65 21 ärade
567 1329 156 28 församlingen
739 1332 100 20 närmare
855 1332 106 28 redogöra

210 1362 34 21 för
260 1362 37 20 det
312 1362 77 27 medel,
406 1369 44 14 som
464 1363 40 28 jag
518 1363 120 28 föreslagit,
654 1365 110 28 nemligen
779 1365 111 22 bildandet
901 1367 24 20 af
934 1373 26 14 en

211 1396 89 21 komit6.
331 1397 42 27 Jag
393 1397 38 21 har
451 1397 75 22 dervid
546 1398 70 27 utgått
632 1398 49 21 från
697 1399 41 21 den
754 1400 94 29 princip,
865 1408 46 13 som
927 1408 32 14 re-

210 1431 105 28 geringen
338 1432 7 20 i
368 1432 39 28 fjol
430 1432 36 22 vid
490 1433 209 23 sammankallandet
721 1434 24 23 af
763 1435 195 28 januariutskottet
