1006 1711
763 112 41 22 715

90 176 76 22 endast
181 178 31 19 ett
226 177 48 21 litet
289 176 136 28 potatisland.
448 177 44 28 Jag
506 177 38 21 ber
559 177 109 21 dessutom
682 179 33 19 att
729 176 22 23 få
761 177 71 23 erinra

90 212 41 20 den
147 211 65 21 ärade
229 212 139 20 reservanten
388 218 44 20 om,
448 212 56 20 hvad
519 212 51 20 flere
586 212 67 20 talare
668 212 66 21 redan
749 212 37 21 vid
801 214 31 19 ett

89 247 67 19 annat
176 246 84 20 tillfälle
280 246 76 27 yttrat,
376 248 31 18 att
427 246 83 28 ägande
530 246 22 21 af
570 246 112 27 fastighet,
702 246 83 21 således
804 248 26 19 än

90 280 83 21 mindre
193 280 55 20 blott
260 280 160 20 innehafvande
435 280 67 26 deraf,
518 280 20 26 ej
554 282 64 25 utgör
632 280 67 27 något
712 280 71 21 vilkor
798 281 33 21 för

88 313 70 22 finska
172 313 74 21 adelns
262 314 233 27 representationsrätt.

156 348 102 21 Friherre
277 347 81 22 Munck
376 348 39 21 har
435 349 63 20 äfven
520 349 8 20 i
550 356 27 13 en
599 348 147 22 betänkandet
768 349 63 22 åtföl-

85 383 67 28 jande
172 383 133 21 reservation
323 382 112 28 föreslagit
450 390 27 14 en
492 383 92 28 ändring.
598 383 24 20 af
635 390 81 14 samma
731 385 13 20 4
760 391 71 20 mom.,

88 426 46 14 som
149 418 69 28 enligt
232 417 118 22 friherrens
365 417 57 28 äsigt
438 417 65 22 borde
518 418 63 27 lyda:
593 417 135 28 ,Adelsman,
742 418 88 22 hvilken

87 453 50 22 med
155 455 43 19 tro-
214 453 40 21 och
272 452 130 21 huldhetsed
420 453 33 27 sig
472 453 112 28 förpligtat
602 454 58 19 emot
674 460 71 15 annan
761 454 69 21 öfver-

87 489 37 20 het
139 490 27 19 än
182 488 48 26 den,
242 489 58 19 emot
312 487 88 21 hvilken
416 487 207 27 Storfurstendömet
635 487 93 22 Finland
738 488 35 28 sig
787 488 43 21 för-

87 523 97 28 pligtat.*
213 522 78 27 Någon
311 521 150 28 skiljaktighet
476 522 7 20 i
499 522 77 27 sjelfvä
591 521 126 28 meningens
732 523 98 21 innehåll

87 557 93 21 emellan
200 557 60 20 detta
277 556 83 27 förslag
374 556 40 20 och
430 556 36 20 det
481 562 45 15 som
542 555 219 23 riddarhusutskottet
776 565 53 20 upp-

87 592 59 28 gjort
163 591 42 21 kan
222 591 40 27 jag
282 591 19 27 ej
321 590 93 28 päfinna.
443 590 44 21 Det
504 592 24 19 är
543 590 75 21 endast
632 590 83 22 formen
731 598 46 14 som
792 598 37 15 en-

86 626 42 27 ligt
147 625 45 22 min
212 625 57 27 äsigt
288 624 71 21 blifvit
374 624 90 27 ändrad,
485 625 23 20 sä
522 626 122 19 att:satsen
660 626 69 27 gjorts
744 627 85 27 tyngre,

86 662 33 19 att
134 660 47 20 icke
197 662 58 26 säga,
269 659 145 29 oformligare..
443 658 38 28 Jag
495 659 77 21 tvekar
587 658 83 22 således
685 659 48 21 icke
749 662 32 19 att
793 660 36 21 vid

86 694 58 21 valet
160 694 91 21 emellan
268 694 62 20 dessa
345 693 55 21 båda
414 693 137 22 redaktioner
561 693 58 27 välja
630 693 48 27 den,
691 701 45 14 som
746 694 82 22 riddar-

86 729 147 21 husutskottet
252 728 121 27 föreslagit,
397 728 105 27 nemligen
514 728 100 21 rörande
635 728 67 21 första
722 728 63 21 delen
807 730 24 20 af

85 765 125 20 momentet.
239 762 64 22 Hvad
318 762 46 21 äter
379 761 92 22 friherre
486 762 163 27 Muncks'äsigt
663 763 112 27 angäende
787 763 42 21 den

86 799 90 21 sednare
191 797 64 22 delen
270 796 108 27 beträffar,
390 797 52 20 eller
457 798 32 19 att
506 797 67 21 denna
588 797 67 21 borde
665 797 128 28 utelemnas,
804 798 23 21 sä

84 834 128 21 instämmer
224 833 39 27 jag
278 831 133 27 fullkomligt
426 831 52 21 deri.

154 866 42 28 Jag
209 867 39 22 har
264 866 67 27 nägot
344 866 76 27 längre
435 866 119 28 uppehällit
564 865 45 29 mig
619 866 35 20 vid
665 866 162 28 granskningen

85 902 23 21 af
122 902 63 20 dessa
202 900 50 22 båda
268 900 164 27 reservationer,
445 900 23 21 af
478 900 40 22 den
533 900 118 28 anledning
664 902 32 20 att
705 902 80 20 tvenne
796 903 31 19 ta:

84 938 45 20 lare
145 936 64 21 hafva
223 935 97 21 förordat
334 934 110 22 desamma
460 935 39 21 och
514 935 84 21 förenat
614 935 66 21 dem
665 930 11 38 i
693 936 31 20 ett
739 936 88 28 förslag,

84 978 46 14 som
150 971 26 20 de
196 970 102 28 framlagt
312 969 33 21 för
361 969 91 27 ständet,
467 969 109 28 nemligen
590 969 55 21 bäda
659 970 104 21 herrarne
779 970 48 21 Gri-

82 1006 105 28 penberg,
204 1004 19 22 J.
239 1004 26 22 U.
282 1004 22 21 8.
323 1004 39 21 och
378 1004 20 21 J.
418 1004 25 20 F.
464 1004 22 21 S.
514 1004 34 21 De
566 1004 182 22 ärade:herrarne
763 1005 65 21 hafva

83 1040 90 22 sålunda
193 1040 68 27 hyllat
280 1039 41 21 den
342 1039 63 27 äsigt,
426 1041 31 18 att
476 1039 74 27 hvarje
565 1038 56 30 finsk
636 1038 109 22 adelsman
760 1039 67 21 borde

83 1082 51 14 vara
147 1074 122 28 berättigad
284 1074 32 20 till
332 1075 45 19 säte
393 1073 41 21 och
448 1075 90 19 stämma
552 1074 14 20 &
580 1073 142 27 riddarhuset,
733 1076 52 19 utan
795 1074 32 21 af-

83 1109 80 23 seende
183 1109 28 28 pä
231 1115 35 14 om
284 1108 42 21 han
340 1110 24 22 är
380 1108 70 21 bosatt
465 1108 59 21 inom
539 1108 53 21 eller
607 1109 59 19 utom
682 1108 144 22 Storfursten-

83 1143 90 26 dömets;
184 1143 32 27 ja!
232 1142 98 28 Europas
346 1143 96 27 gränsor,
454 1143 52 20 utan
520 1142 101 21 afseende
637 1142 27 27 pä
680 1149 34 14 om
729 1143 43 20 han
787 1149 38 14 un-

82 1177 101 28 derlyder
198 1177 84 20 landets
301 1177 61 27 lagar
381 1177 53 20 eller
455 1177 96 27 deltager
570 1177 7 20 i
597 1176 48 21 dess
666 1177 88 21 skatter.
785 1177 42 28 Jag

83 1214 45 19 tror
148 1211 45 28 mig
213 1211 72 21 alltför
300 1211 35 20 väl
350 1210 72 21 känna
437 1211 69 20 finska
520 1210 161 28 ridderskapets
697 1211 39 20 oéh
752 1211 74 20 adelns

81 1245 78 22 kärlek
174 1245 33 20 till
222 1245 47 20 sina
284 1245 62 20 ärfda
360 1245 112 27 lagar-och
484 1245 154 26 institutioner,
649 1245 33 20 för
692 1246 32 19 att
733 1244 94 21 behöfva

82 1280 73 20 frukta
174 1281 32 19 att
226 1281 31 19 ett
277 1279 83 21 sädant
374 1279 110 27 oformligt
498 1279 82 27 förslag
596 1278 68 21 skulle
679 1278 65 21 hafva
758 1279 69 28 utsigt

82 1316 32 19 att
129 1314 28 27 gä
171 1313 95 28 igenom.
542 1328 2 2 :

148 1347 59 21 Herr
228 1347 146 28 Gripenberg,
394 1347 20 23 J.
435 1347 27 20 U.
481 1347 32 26 S.,
533 1347 39 20 har
592 1347 85 20 likvisst
697 1347 57 20 velat
774 1348 54 26 göra

81 1382 68 27 några
162 1381 190 28 inskränkningar.
381 1381 50 22 Den
446 1381 64 20 värde
526 1380 122 30 ledamoten
663 1381 38 19 har
715 1381 7 20 i
735 1376 23 38 5.
763 1386 63 15 mom.

80 1416 120 27 föreslagit,
214 1417 32 19 att
259 1422 27 14 en
301 1415 117 27 adelsman,
433 1414 87 22 hvilken
534 1415 70 27 flyttat
620 1414 36 21 sitt
671 1415 27 20 bo
714 1414 38 21 och
768 1414 59 21 hem-
