1009 1709
739 127 39 22 601

67 187 70 25 förmå
156 196 79 23 genom
255 190 67 30 tjenst
342 190 53 24 eller
415 191 73 23 arbete
508 193 39 21 hos
565 193 46 21 sina
626 194 181 27 medmenniskor,

66 225 103 21 förskaffa
184 226 33 28 sig
233 226 81 28 dagligt
328 227 60 21 bröd.

134 260 28 20 Vi
183 260 68 21 måste
272 260 102 28 erkänna,
395 262 31 20 att
446 262 71 20 denna
531 262 58 20 klass
603 262 24 20 af
640 262 113 21 samhället
767 262 40 21 har

66 293 41 22 fått
126 295 29 27 på
169 295 33 20 sin
217 295 41 20 lott
277 297 32 18 att
323 295 52 21 bära
390 297 124 20 samhällets
533 298 88 27 tyngsta
636 297 75 26 börda,
727 299 32 18 att
774 297 33 20 för

67 328 135 21 densammas
221 329 99 28 bildning
339 329 57 22 intill
415 331 134 21 närvarande
568 330 41 27 tid,
625 332 59 19 snart
699 331 62 28 sagdt
775 331 32 21 in-

66 363 91 28 genting
171 363 72 22 blifvit
258 364 84 27 gjordt;
357 371 50 14 men
421 365 91 21 framför
526 365 45 27 allt,
586 367 31 19 att
632 373 49 13 man
695 365 114 28 ingenting

65 398 59 28 gjort
139 398 34 21 för
188 400 31 19 att
229 399 106 28 betrygga
346 399 62 22 deras
419 400 110 21 ålderdom
541 401 57 20 emot
609 399 53 22 brist
674 400 39 21 och
725 400 82 21 elände.

67 426 107 28 Öfverallt
191 433 8 21 i
218 433 49 22 hela
285 433 73 22 landet
373 434 40 21 hör
427 441 50 14 man
493 435 42 20 den
548 435 79 28 klagan
643 434 67 28 föras,
725 436 32 19 att
772 435 36 21 det

67 468 23 20 är
110 467 53 28 ondt
183 474 34 14 om
237 468 52 28 godt
304 468 39 21 och
358 468 123 29 beskedligt
495 469 135 28 tjenstefolk;
646 471 31 18 att
692 469 116 22 förhällan-

66 501 37 21 det
123 502 93 21 emellan
235 502 159 22 husbondefolk
414 503 39 21 och
473 504 84 27 tjenare
580 503 42 21 blir
641 503 39 21 allt
701 511 46 13 mer
768 504 39 21 och

66 543 46 14 mer
130 536 135 22 främmande
283 537 40 21 och
338 537 99 28 liknöjät.
466 538 51 21 Man
532 538 75 27 klagar
623 537 60 22 öfver
697 538 110 28 tjenarens

66 570 39 21 allt
122 577 46 14 mer
188 571 39 21 och
242 579 46 14 mer
303 572 126 28 tilltagande
444 572 94 29 anspräk
552 573 28 27 pä
594 572 67 28 högre
677 572 46 27 lön,
737 573 71 21 bättre

66 605 50 21 kost
130 605 40 21 och
183 606 68 21 andra
260 607 111 20 förmäner
381 607 40 21 och
431 607 99 27 friheter,
546 607 60 21 öfver
616 607 53 20 hans
680 606 127 29 tilltagande

66 639 82 28 böjelse
168 640 34 21 för
223 640 103 22 öfverflöd
340 641 8 20 i
362 641 89 27 klädsel,
467 641 48 22 med
530 648 65 14 mera.
627 641 48 21 Den
698 641 45 21 ofta
765 649 43 21 nog

66 674 184 22 otillfredsställde
266 676 98 27 tjenaren
384 675 111 22 fortsätter
510 676 49 21 med
573 676 103 27 missnöje
689 676 33 21 sin
735 677 73 27 tjenst,

66 709 29 20 tä]
117 709 68 21 sällan
205 709 64 22 äfven
289 717 27 14 en
336 710 61 28 billig
415 710 177 28 tillrättavisning
607 710 52 21 eller
673 711 135 28 päminnelse

67 749 34 15 om
119 743 133 22 försummad
269 744 126 29 fullgörelse
415 745 24 20 af
456 745 78 28 ätagen
554 745 139 27 förbindelse,
711 746 39 20 och
769 747 39 20 när

66 778 129 27 tjensteäret
215 780 23 19 är
255 779 34 20 till
309 779 64 27 ända,
393 779 72 28 flyttar
484 779 43 21 han
548 779 32 21 till
600 786 70 14 annan
690 779 118 28 husbonde,

67 812 38 21 der
124 812 44 21 han
187 812 48 22 icke
254 813 39 21 har
313 813 37 21 det
368 813 77 28 bättre,
466 813 40 22 och
525 813 90 22 sälunda
633 813 63 28 byter
715 814 43 21 han
774 821 34 14 om

66 847 68 28 tjenst
152 848 54 20 nära
225 847 28 29 pä
271 847 75 29 hvarje
365 848 24 21 är
404 848 40 21 och
458 848 67 21 slutar
540 848 49 21 med
603 849 32 20 att
649 847 111 30 tillbringa
775 849 33 21 sin

66 881 111 29 bräckliga
192 882 110 21 älderdom
317 883 7 20 i
339 883 66 28 nägot
420 883 105 28 fattighus
540 883 53 20 eller
607 883 28 28 pä
649 883 71 28 nägon
735 883 73 28 fattig-

66 917 57 26 rota;
138 916 8 21 i
160 916 119 29 lyckligare
299 917 39 21 fall
357 924 46 14 som
418 924 28 14 en
461 917 108 22 utsvulten
584 917 197 28 backstugusittare
796 919 13 20 &

66 957 82 15 annans
161 951 56 27 jord.

134 985 49 21 Den
198 985 51 22 tafla
261 986 40 28 jag
315 986 39 21 här
369 986 88 21 afmälat
469 988 24 19 är
503 986 127 29 visserligen
645 986 83 29 ganska
741 987 68 27 mörk,

67 1027 49 14 men
132 1019 41 22 den
189 1021 30 26 är,
234 1021 83 27 tyvärr!
332 1021 48 21 icke
394 1021 83 21 mindre
492 1028 60 14 sann.

134 1053 51 22 Man
201 1054 38 21 har
255 1055 12 21 &
281 1055 60 21 detta
352 1062 47 15 rum
409 1057 119 26 uppmanat
538 1055 149 28 ridderskapet
697 1056 39 21 och
747 1055 63 22 adeln

67 1090 31 19 att
118 1089 55 20 afstä
192 1089 56 20 ifrän
268 1089 47 21 sina
334 1089 124 22 häfdvunna
477 1089 131 29 privilegier.
638 1089 45 22 Min
703 1090 66 28 afsigt
787 1092 23 19 är

67 1123 48 20 icke
134 1124 32 20 att
185 1123 40 21 här
244 1123 67 22 inläta
329 1123 45 29 mig
393 1123 7 22 i
416 1124 142 21 betraktelser
578 1124 60 21 öfver
657 1124 153 28 rättsgrunden

67 1157 33 21 till
120 1157 62 22 dessa
201 1158 136 28 privilegiers
352 1158 125 29 uppkomst,
492 1158 49 21 icke
556 1159 68 20 heller
639 1160 32 19 att
686 1159 59 21 öfver
761 1159 48 21 dem

67 1192 69 21 uttala
155 1192 96 21 hvarken
271 1193 128 20 förkastelse
415 1193 53 21 eller
483 1193 167 28 godkännande;
667 1193 40 28 jag
721 1193 37 21 vill
773 1200 37 15 en-

68 1226 48 21 dast
130 1227 7 20 i
151 1226 141 28 förbigående
307 1228 89 26 nämna,
415 1229 32 18 att
461 1227 72 21 denna
547 1227 133 28 uppmaning
694 1227 117 22 innefattar

68 1263 30 18 ett
118 1261 138 21 erkännande
277 1261 23 21 af
315 1261 249 28 jemlikhetsprincipen,
579 1268 46 14 som
640 1262 92 28 mängen
748 1269 63 14 anser

68 1295 34 21 för
121 1295 134 28 grundvalen
276 1296 33 21 till
327 1296 29 21 all
375 1296 172 28 samhällslyeka.
576 1296 93 28 Tyvärr!
689 1297 24 20 är
731 1296 36 21 det
781 1303 29 14 nu

68 1336 27 14 en
110 1330 58 27 gäng
183 1330 24 20 sä
221 1330 104 21 inrättadt
340 1330 39 21 här
393 1331 8 20 i
416 1331 95 26 verlden,
527 1332 32 19 att
573 1331 41 20 den
628 1330 117 21 moraliska
758 1331 53 20 kän-

69 1363 57 20 slans
146 1363 123 28 fordringar
288 1363 93 28 mängen
401 1364 57 27 gäng
478 1364 68 21 mäste
565 1363 34 21 stä
618 1363 89 22 tillbaka
721 1364 34 21 för
770 1364 41 21 den

68 1397 104 28 politiska
184 1397 135 28 klokhetens,
331 1397 39 22 och
380 1398 35 20 mä
426 1405 26 14 en
462 1398 60 27 hvar,
533 1398 54 21 efter
597 1397 34 22 sin
640 1397 140 29 uppfattning
790 1396 24 23 af

70 1432 128 28 ställningar
213 1432 40 22 och
267 1432 160 28 förhällanden,
446 1432 114 22 bedömma
574 1432 56 22 hvad
645 1440 45 14 som
705 1432 24 22 af
742 1433 70 21 denna
