1006 1709
215 134 41 24 678

186 200 200 23 marskalksbordet
407 208 18 13 6.
447 209 16 13 s.
484 200 31 22 v.
546 195 82 27 Sådant
649 199 62 23 torde
732 208 51 14 vara
805 196 134 33 nödvändigt

187 236 33 20 för
234 236 162 20 bibehällandet
417 235 23 21 af
459 236 43 27 god
521 235 93 28 ordning
635 235 40 21 och
695 235 33 21 för
744 237 31 19 att
791 235 148 22 ästadkomma

188 270 156 28 skyndsamhet
359 270 36 20 vid
410 269 35 21 val
461 270 40 21 och
516 269 131 28 voteringar,
664 269 40 21 och
721 270 86 20 derföre
823 277 64 14 anser
900 270 39 28 jag

189 305 71 21 denna
275 304 139 28 bestämning
430 304 19 28 ej
466 311 52 14 vara
534 304 75 21 ditsatt
624 306 52 19 utan
692 304 56 28 goda
764 304 53 21 skäl.

255 338 58 22 Herr
332 338 97 21 Taube:
450 338 43 28 Jag
513 339 87 21 förenar
619 339 46 27 mig
685 338 50 21 med
755 339 50 21 herr
820 338 120 22 Edelsköld

187 374 40 20 och
242 373 99 21 anhäller
356 373 55 21 blott
427 375 32 18 att
473 373 23 21 fä
511 373 56 21 fästa
582 373 221 27 uppmärksamheten
815 373 82 27 dervid,
908 375 31 19 att

186 408 158 27 numreringen
364 408 23 20 af
407 407 134 21 stolraderna
561 407 61 21 torde
638 414 51 14 vara
704 408 125 28 nödvändig
843 408 37 20 vid
895 414 44 14 om-

187 442 161 28 röstningarne,
364 441 26 21 dä
406 442 113 21 klasserna
533 442 104 28 upphöra.

255 476 31 21 Af
299 476 51 21 herr
365 476 199 21 landtmarskalken
580 476 146 21 framställdes
741 476 53 21 härä
809 477 33 21 till
858 476 82 21 ridder-

188 511 88 29 skapets
292 511 39 21 och
348 510 75 21 adelns
439 511 134 21 besvarande
589 511 175 27 propositionen:

255 562 9 10 »
265 546 47 21 Vill
327 545 152 29 ridderskapet
487 546 40 20 och
539 545 62 21 adeln
614 545 115 28 godkänna
743 545 68 21 första
821 545 118 28 meningen

188 580 24 21 af
226 580 41 21 den
287 580 49 21 utaf
353 580 223 21 riddarhusutskottet
591 580 125 28 föreslagna
733 580 25 21 12
774 580 12 28 &
802 580 137 21 oförändrad.

256 615 48 21 Den
320 621 46 14 som
381 614 37 21 vill
435 616 79 26 antaga
530 615 11 27 $
557 614 132 22 oförändrad
705 622 74 14 svarar
791 615 34 28 ja;
846 615 42 21 den
904 614 35 22 det

189 649 48 23 icke
252 649 38 21 vill
307 656 73 14 svarar
395 650 44 27 nej.

255 684 86 21 Vinner
356 684 35 28 nej
408 684 87 28 utbytas
511 684 78 21 orden:
605 684 147 28 ,stolraderna
767 684 8 21 i
785 684 156 29 plenirummet

188 726 126 14 numereras
331 719 24 20 sä
370 720 52 19 etc.*
439 720 57 20 emot
511 719 121 28 uttrycket:
649 719 35 26 ,af
697 720 136 21 stolraderna
848 720 7 20 i
871 720 69 28 pleni-

188 755 94 20 rummet
297 753 42 21 blir
355 752 42 22 den
412 753 91 21 främsta
519 755 52 19 etc."

256 788 46 21 Och
322 794 46 14 som
389 788 115 28 stridighet
524 788 7 20 i
551 788 111 28 åsigterna
677 788 103 29 yppades,
795 789 80 22 skedde
891 790 48 22 här-

189 824 60 20 öfver
265 822 137 28 omröstning
418 829 46 14 som
479 822 74 22 utföll:

348 858 8 20 i
371 857 58 28 3:dje
444 857 29 21 kl.
489 857 50 21 med
556 858 25 20 18
591 859 30 27 ja
637 857 39 21 och
692 858 27 21 24
734 860 43 27 nej,

347 908 9 10 3
372 892 60 20 SÄ
570 892 45 26 I,
653 908 9 10 »
707 893 12 20 8

347 942 9 11 »
373 928 54 19 1:sta
461 942 4 11 »
511 943 8 10 »
559 927 58 26 138,
655 943 8 11 ,
696 928 65 26 11,

186 961 34 21 till
240 961 55 27 följe
314 961 78 21 hvaraf
411 960 68 22 första
499 961 116 27 meningen
636 962 32 20 uti
688 962 25 20 12
729 962 11 27 &
756 969 38 14 var
810 962 131 22 oförändrad

187 996 25 20 af
225 995 87 22 ståndet
332 997 101 26 antagen.
463 995 60 21 Härä
543 995 147 22 framställdes
711 996 24 21 af
752 996 51 22 herr
822 997 119 21 landtmar-

188 1030 92 20 skalken
296 1030 33 20 till
345 1030 86 20 ståndet
447 1036 26 14 en
490 1030 23 20 så
528 1029 94 29 lydande
638 1030 146 28 proposition:

256 1080 9 10 »
266 1064 47 21 Vill
333 1064 152 28 ridderskapet
505 1064 40 21 och
565 1064 63 21 adeln
644 1066 80 26 antaga
740 1065 67 21 andra
822 1066 118 28 meningen

187 1098 24 21 af
224 1098 43 21 den
282 1098 125 28 föreslagna
424 1099 25 20 12
465 1099 11 27 $
493 1098 136 21 oförändrad.

256 1132 49 21 Den
322 1139 45 13 som
382 1132 37 21 vill
435 1135 80 25 antaga
529 1132 166 28 ifrågavarande
711 1133 90 29 mening
811 1135 130 21 oförändrad

188 1174 74 14 svarar
276 1168 33 26 ja;
326 1166 41 21 den
383 1166 36 21 det
435 1166 48 22 icke
499 1167 38 21 vill
553 1174 74 14 svarar
644 1168 43 27 nej.

255 1201 85 21 Vinner
355 1201 36 27 nej
407 1202 87 27 utbytes
510 1202 68 20 första
589 1208 76 14 mom.:
682 1202 52 26 ,Vid
744 1202 77 28 början
833 1203 24 21 af
865 1203 75 29 hvarje

187 1235 105 28 landtdag
306 1236 132 20 bestämmes
454 1236 53 20 hvar
526 1236 39 20 och
585 1242 26 14 en
627 1236 100 21 lefvande
742 1238 42 18 ätts
799 1238 57 26 plats
869 1238 13 19 å
897 1238 44 20 viss

187 1268 60 27 stolt,
268 1270 58 19 emot
347 1268 96 28 följande
463 1269 24 20 af
503 1270 50 20 herr
573 1276 42 14 von
635 1269 66 27 Born,
721 1270 28 21 K.
765 1270 32 27 F.,
817 1271 124 27 föreslagna

186 1302 127 21 redaktion:
330 1302 93 29 ,Hvarje
439 1303 73 21 ständs
528 1303 93 21 medlem
641 1304 86 28 intager
743 1304 34 21 för
792 1304 41 22 den
849 1306 32 20 ätt
898 1305 43 22 han

187 1339 163 25 representerar
370 1338 56 27 plats
447 1338 12 20 &
479 1338 43 21 viss
543 1338 52 27 stol,
615 1338 88 22 försedd
723 1339 50 21 med
793 1341 71 20 ättens
878 1347 62 14 num-

186 1378 57 21 mer;
261 1372 132 29 kommande
414 1372 74 22 dervid
504 1373 115 27 grefvarne
636 1380 18 14 o.
669 1381 16 13 s.
701 1376 38 25 v.*,
756 1376 55 19 samt
827 1375 53 21 sista
896 1382 44 15 me-

188 1406 81 29 ningen
284 1407 64 29 utgär
364 1406 44 22 helt
424 1407 40 21 och
479 1407 86 22 hället.*

750 909 9 11 ”
