1006 1709
752 122 41 25 675

68 186 85 27 landets
174 186 102 33 gällande
296 190 132 30 grundlagar
447 188 34 24 till
497 190 163 28 efterrättelse*,
680 192 24 20 så
719 192 44 20 står
779 191 41 21 den

69 226 7 20 i
92 228 52 19 nära
160 226 226 21 öfverensstämmelse
402 226 50 20 med
468 226 40 20 den
524 226 106 26 lokution,
646 232 46 14 som
708 226 7 20 i
731 225 90 21 allmän-

68 260 38 20 het
122 260 79 20 brukas
217 260 33 20 för
266 260 110 20 fullmakt:
394 260 50 26 ,och
460 260 69 20 håller
542 260 40 27 jag
594 260 34 20 för
640 260 52 27 godt
703 260 56 20 hvad
771 260 50 20 mitt

69 294 79 20 ombud
171 294 96 27 lagligen
288 296 40 26 gör
348 294 40 20 och
408 294 74 20 låter.<
516 293 34 21 En
571 294 70 20 såsom
662 294 99 21 lokution
781 294 40 20 har

69 328 65 20 också
149 328 141 21 förekommit
305 328 7 20 i
325 328 25 21 de
363 328 129 21 formulärer
504 328 33 21 till
548 328 133 26 fullmakter,
695 335 47 14 som
754 328 66 20 sedan

68 362 76 28 längre
160 363 31 20 tid
210 363 91 21 tillbaka
316 362 34 22 för
365 362 125 28 fullmäktig
505 363 27 28 på
548 362 136 21 riddarhuset
700 362 72 21 blifvit
787 364 33 19 ut-

68 396 96 28 färdade,
186 397 39 21 och
246 398 69 20 finnes
335 397 66 21 också
416 397 123 21 bibehållen
556 397 31 21 uti
604 397 41 21 den
661 399 73 19 senast
749 397 42 21 den
807 398 12 20 4

64 431 88 27 januari
174 432 54 20 1855
249 432 6 20 i
272 431 90 28 Sverige
381 431 114 21 utfärdade
515 431 246 28 riddarhusordningen;
780 432 40 27 jag

67 466 70 20 finner
156 466 36 20 det
208 466 41 20 ock
264 466 83 28 ganska
362 466 102 28 lämpligt
478 468 31 18 att
524 466 71 20 denna
610 466 89 27 mening
715 466 105 27 qvarstår.

136 500 58 21 Herr
212 500 160 27 Ehrnrooth,
390 500 22 21 K
431 501 37 20 A.:
492 500 11 21 I
522 500 118 28 anledning
660 500 25 21 af
697 500 58 21 hvad
770 500 50 20 herr

68 535 74 21 Taube
157 536 67 27 yttrat
238 536 34 20 får
284 535 40 28 jag
339 535 114 27 anmärka,
470 536 31 20 att
515 535 39 21 här
570 536 23 20 är
608 535 62 27 fråga
685 542 34 13 om
735 534 85 22 landets

67 570 68 20 första
156 570 72 27 stånd,
249 571 65 20 hvars
334 570 140 21 medlemmar
495 570 53 21 hvar
569 570 40 20 och
624 577 27 13 en
666 570 69 20 måste
751 570 68 20 förut-

68 606 66 19 sättas
150 612 52 14 vara
217 605 153 27 skrifkunniga
391 605 40 21 och
447 605 23 20 så
485 612 49 21 pass
550 604 86 21 hemma
651 604 7 21 i
673 604 99 28 logiken,
789 606 31 19 att

68 639 26 21 de
114 639 74 21 kunna
208 639 86 21 utfärda
315 647 27 13 en
362 639 65 21 enkel
447 639 111 27 fullmakt,
579 642 52 17 utan
647 641 31 19 att
693 639 7 21 i
716 638 26 22 de
758 639 62 21 flesta

68 674 38 21 fall
126 675 67 27 något
208 674 152 22 missförstånd
376 674 55 21 skall
446 674 74 21 kunna
535 674 85 28 uppstå.
650 674 44 21 Det
709 674 72 20 kunde
794 674 27 27 ju

66 708 72 22 hända
158 711 32 18 att
210 716 27 14 en
257 709 103 21 fullmakt
380 709 70 21 skulle
469 710 87 20 komma
572 710 31 20 att
617 708 101 22 kasseras
733 708 86 21 derföre

67 745 32 19 att
114 743 38 21 der
168 744 79 21 saknas
263 751 27 14 en
306 744 86 28 i-prick.

138 778 104 22 Friherre
265 778 140 29 Carpelan:
431 778 38 22 Uti
492 779 110 21 allmänna
623 779 63 21 lifvet
708 778 38 23 har
769 786 50 15 man

68 814 72 28 någon
156 814 58 28 gång
229 814 41 21 fått
283 822 22 14 se
321 814 55 21 huru
392 814 132 27 fullmakter,
535 814 64 21 äfven
609 814 85 28 utgifne
705 815 23 21 af
738 814 82 22 ridder-

68 849 88 28 skapets
172 849 40 21 och
227 849 75 21 adelns
318 849 146 27 medlemmar,
480 849 72 21 blifvit
567 849 254 29 kasserade,
711 845 13 37 —
734 845 38 37 och
785 845 40 37 jag

67 884 39 20 har
126 884 72 20 funnit
218 884 116 21 huruledes
351 890 26 15 en
393 884 111 28 menighet
519 884 28 28 på
563 884 70 28 grund
648 884 24 20 af
685 890 27 15 en
728 883 93 29 felaktig

68 918 107 27 fullmakt,
192 926 34 13 om
241 918 64 21 hvars
316 918 114 28 duglighet
441 919 130 21 författaren
582 918 111 22 sannolikt
703 918 57 22 varit
771 918 50 22 fullt

67 952 134 29 öfvertygad,
217 953 91 21 förlorat
324 953 34 21 sin
373 954 66 20 talan.
462 953 276 28 Landtdagsmannakallet
750 955 24 19 är
786 954 33 20 för

66 988 164 28 betydelsefullt
250 988 33 21 för
304 990 32 18 att
351 988 157 28 undertryckas
524 994 79 22 genom
620 995 25 13 en
662 988 93 28 felaktig
770 988 49 21 full-

67 1023 66 20 makt.
168 1022 38 21 Ett
226 1022 112 28 godkändt
358 1023 40 20 och
419 1024 89 26 antaget
530 1022 105 21 formulär
656 1022 72 21 dertill
750 1024 69 20 måste

66 1057 84 21 således
166 1056 98 22 medföra
280 1059 45 19 stor
339 1057 71 21 fördel
420 1058 34 20 för
464 1057 128 21 utställaren
608 1057 24 21 af
645 1059 31 19 ett
690 1057 50 21 slikt
752 1057 67 21 doku-

66 1093 67 24 ment,
149 1091 27 21 då
191 1091 43 21 han
250 1098 78 21 genom
344 1092 130 20 detsammas
489 1092 141 26 iakttagande
644 1091 44 21 kan
704 1098 52 14 vara
771 1092 50 20 fullt

66 1125 108 21 förvissad
189 1127 32 19 att
236 1125 124 28 fullmäktig
376 1125 79 28 alldrig
470 1125 160 21 underkännes.
652 1125 44 21 Det
712 1126 107 28 tillägget,

67 1162 31 19 att
113 1160 125 28 fullmäktig
252 1160 69 20 måste
337 1160 64 20 ställa
416 1160 34 28 sig
466 1160 84 21 landets
566 1160 132 27 grundlagar
710 1160 33 20 till
755 1160 65 21 efter-

67 1194 101 27 rättelse,
189 1201 63 14 anser
265 1195 39 27 jag
320 1194 64 21 också
400 1194 194 21 öfverensstämma
609 1194 50 20 med
675 1194 42 21 den
733 1194 88 28 vanliga

66 1228 85 22 formen
170 1229 33 20 för
224 1236 27 14 en
270 1228 129 28 fullständig
414 1229 110 26 fullmakt,
546 1230 40 19 och
606 1228 36 21 det
661 1230 23 19 är
700 1228 34 21 för
749 1229 70 20 landt-

67 1263 177 28 dagsmannenen
265 1270 27 14 en
313 1270 29 21 ny
356 1263 135 28 påminnelse
508 1270 34 14 om
558 1263 36 21 det
610 1263 82 27 vigtiga
707 1263 55 27 kall,
777 1263 43 21 han

66 1298 39 20 har
120 1300 32 18 att
168 1298 77 21 utföra.
276 1298 43 28 Jag
334 1298 65 27 yrkar
413 1297 86 21 derföre
514 1299 32 19 att
562 1298 126 21 formuläret
704 1298 6 20 i
726 1298 32 20 sin
775 1298 44 20 hel-

67 1332 37 20 het
119 1332 67 20 måtte
202 1334 97 25 antagas.

134 1366 50 20 Den
202 1365 8 20 i
226 1365 118 28 anledning
358 1364 64 23 häraf
436 1365 23 21 af
472 1366 50 21 herr
537 1364 200 22 landtmarskalken
754 1365 65 21 fram-

66 1398 71 24 stälda
152 1400 173 29 propositionen:
