<?xml version="1.0" encoding="UTF-8"?>
<alto xmlns="http://www.loc.gov/standards/alto/ns-v3#" xmlns:xlink="http://www.w3.org/1999/xlink" xmlns:xsi="http://www.w3.org/2001/XMLSchema-instance" xsi:schemaLocation="http://www.loc.gov/standards/alto/ns-v3# http://www.loc.gov/alto/v3/alto-3-0.xsd">
	<Description>
		<MeasurementUnit>pixel</MeasurementUnit>
		<sourceImageInformation>
			<fileName>/tmp/tess_3efkxxt9_input.PNG</fileName>
		</sourceImageInformation>
		<OCRProcessing ID="OCR_0">
			<ocrProcessingStep>
				<processingSoftware>
					<softwareName>tesseract 5.3.4</softwareName>
				</processingSoftware>
			</ocrProcessingStep>
		</OCRProcessing>
	</Description>
	<Layout>
		<Page WIDTH="1017" HEIGHT="1706" PHYSICAL_IMG_NR="0" ID="page_0">
			<PrintSpace HPOS="0" VPOS="0" WIDTH="1017" HEIGHT="1706">
				<ComposedBlock ID="cblock_0" HPOS="764" VPOS="123" WIDTH="42" HEIGHT="24">
					<TextBlock ID="block_0" HPOS="764" VPOS="123" WIDTH="42" HEIGHT="24">
						<TextLine ID="line_0" HPOS="764" VPOS="123" WIDTH="42" HEIGHT="24">
							<String ID="string_0" HPOS="764" VPOS="123" WIDTH="42" HEIGHT="24" WC="0.90" CONTENT="821"/>
						</TextLine>
					</TextBlock>
				</ComposedBlock>
				<ComposedBlock ID="cblock_1" HPOS="86" VPOS="183" WIDTH="759" HEIGHT="1266">
					<TextBlock ID="block_1" HPOS="86" VPOS="183" WIDTH="754" HEIGHT="438">
						<TextLine ID="line_1" HPOS="88" VPOS="183" WIDTH="748" HEIGHT="35">
							<String ID="string_1" HPOS="88" VPOS="184" WIDTH="34" HEIGHT="25" WC="0.93" CONTENT="får"/><SP WIDTH="20" VPOS="184" HPOS="122"/>
							<String ID="string_2" HPOS="142" VPOS="183" WIDTH="86" HEIGHT="27" WC="0.92" CONTENT="derföre"/><SP WIDTH="20" VPOS="183" HPOS="228"/>
							<String ID="string_3" HPOS="248" VPOS="185" WIDTH="124" HEIGHT="31" WC="0.92" CONTENT="hemställa,"/><SP WIDTH="21" VPOS="185" HPOS="372"/>
							<String ID="string_4" HPOS="393" VPOS="195" WIDTH="34" HEIGHT="15" WC="0.96" CONTENT="om"/><SP WIDTH="21" VPOS="195" HPOS="427"/>
							<String ID="string_5" HPOS="448" VPOS="186" WIDTH="19" HEIGHT="31" WC="0.96" CONTENT="ej"/><SP WIDTH="22" VPOS="186" HPOS="467"/>
							<String ID="string_6" HPOS="489" VPOS="186" WIDTH="7" HEIGHT="24" WC="0.93" CONTENT="i"/><SP WIDTH="20" VPOS="186" HPOS="496"/>
							<String ID="string_7" HPOS="516" VPOS="189" WIDTH="11" HEIGHT="27" WC="0.91" CONTENT="$"/><SP WIDTH="18" VPOS="189" HPOS="527"/>
							<String ID="string_8" HPOS="545" VPOS="187" WIDTH="8" HEIGHT="23" WC="0.93" CONTENT="1"/><SP WIDTH="18" VPOS="187" HPOS="553"/>
							<String ID="string_9" HPOS="571" VPOS="185" WIDTH="72" HEIGHT="25" WC="0.96" CONTENT="kunde"/><SP WIDTH="21" VPOS="185" HPOS="643"/>
							<String ID="string_10" HPOS="664" VPOS="187" WIDTH="101" HEIGHT="31" WC="0.96" CONTENT="tilläggas"/><SP WIDTH="19" VPOS="187" HPOS="765"/>
							<String ID="string_11" HPOS="784" VPOS="191" WIDTH="52" HEIGHT="27" WC="0.96" CONTENT="mål,"/>
						</TextLine>
						<TextLine ID="line_2" HPOS="86" VPOS="223" WIDTH="750" HEIGHT="29">
							<String ID="string_12" HPOS="86" VPOS="224" WIDTH="94" HEIGHT="20" WC="0.93" CONTENT="rörande"/><SP WIDTH="21" VPOS="224" HPOS="180"/>
							<String ID="string_13" HPOS="201" VPOS="223" WIDTH="310" HEIGHT="28" WC="0.91" CONTENT="förmyndareredovisningar."/><SP WIDTH="30" VPOS="223" HPOS="511"/>
							<String ID="string_14" HPOS="541" VPOS="224" WIDTH="11" HEIGHT="20" WC="0.95" CONTENT="I"/><SP WIDTH="19" VPOS="224" HPOS="552"/>
							<String ID="string_15" HPOS="571" VPOS="224" WIDTH="65" HEIGHT="20" WC="0.96" CONTENT="slutet"/><SP WIDTH="15" VPOS="224" HPOS="636"/>
							<String ID="string_16" HPOS="651" VPOS="224" WIDTH="24" HEIGHT="20" WC="0.97" CONTENT="af"/><SP WIDTH="12" VPOS="224" HPOS="675"/>
							<String ID="string_17" HPOS="687" VPOS="224" WIDTH="68" HEIGHT="21" WC="0.96" CONTENT="första"/><SP WIDTH="15" VPOS="224" HPOS="755"/>
							<String ID="string_18" HPOS="770" VPOS="226" WIDTH="12" HEIGHT="26" WC="0.66" CONTENT="8"/><SP WIDTH="15" VPOS="226" HPOS="782"/>
							<String ID="string_19" HPOS="797" VPOS="225" WIDTH="39" HEIGHT="21" WC="0.96" CONTENT="har"/>
						</TextLine>
						<TextLine ID="line_3" HPOS="88" VPOS="257" WIDTH="749" HEIGHT="29">
							<String ID="string_20" HPOS="88" VPOS="257" WIDTH="144" HEIGHT="27" WC="0.96" CONTENT="lagutskottet"/><SP WIDTH="20" VPOS="257" HPOS="232"/>
							<String ID="string_21" HPOS="252" VPOS="257" WIDTH="33" HEIGHT="21" WC="0.96" CONTENT="till"/><SP WIDTH="19" VPOS="257" HPOS="285"/>
							<String ID="string_22" HPOS="304" VPOS="257" WIDTH="105" HEIGHT="27" WC="0.96" CONTENT="förslaget"/><SP WIDTH="20" VPOS="257" HPOS="409"/>
							<String ID="string_23" HPOS="429" VPOS="258" WIDTH="6" HEIGHT="20" WC="0.96" CONTENT="i"/><SP WIDTH="16" VPOS="258" HPOS="435"/>
							<String ID="string_24" HPOS="451" VPOS="258" WIDTH="79" HEIGHT="28" WC="0.96" CONTENT="nådiga"/><SP WIDTH="14" VPOS="258" HPOS="530"/>
							<String ID="string_25" HPOS="544" VPOS="258" WIDTH="165" HEIGHT="28" WC="0.96" CONTENT="propositionen"/><SP WIDTH="15" VPOS="258" HPOS="709"/>
							<String ID="string_26" HPOS="724" VPOS="259" WIDTH="72" HEIGHT="27" WC="0.96" CONTENT="tillagt"/><SP WIDTH="13" VPOS="259" HPOS="796"/>
							<String ID="string_27" HPOS="809" VPOS="265" WIDTH="28" HEIGHT="15" WC="0.96" CONTENT="en"/>
						</TextLine>
						<TextLine ID="line_4" HPOS="89" VPOS="290" WIDTH="748" HEIGHT="29">
							<String ID="string_28" HPOS="89" VPOS="290" WIDTH="117" HEIGHT="28" WC="0.91" CONTENT="sålydande"/><SP WIDTH="14" VPOS="290" HPOS="206"/>
							<String ID="string_29" HPOS="220" VPOS="291" WIDTH="99" HEIGHT="27" WC="0.91" CONTENT="mening:"/><SP WIDTH="21" VPOS="291" HPOS="319"/>
							<String ID="string_30" HPOS="340" VPOS="292" WIDTH="85" HEIGHT="26" WC="0.91" CONTENT=",bifoge"/><SP WIDTH="16" VPOS="292" HPOS="425"/>
							<String ID="string_31" HPOS="441" VPOS="292" WIDTH="40" HEIGHT="20" WC="0.96" CONTENT="ock"/><SP WIDTH="16" VPOS="292" HPOS="481"/>
							<String ID="string_32" HPOS="497" VPOS="292" WIDTH="24" HEIGHT="20" WC="0.96" CONTENT="de"/><SP WIDTH="16" VPOS="292" HPOS="521"/>
							<String ID="string_33" HPOS="537" VPOS="292" WIDTH="69" HEIGHT="26" WC="0.96" CONTENT="förre,"/><SP WIDTH="15" VPOS="292" HPOS="606"/>
							<String ID="string_34" HPOS="621" VPOS="292" WIDTH="37" HEIGHT="20" WC="0.95" CONTENT="vid"/><SP WIDTH="15" VPOS="292" HPOS="658"/>
							<String ID="string_35" HPOS="673" VPOS="292" WIDTH="113" HEIGHT="21" WC="0.93" CONTENT="enahanda"/><SP WIDTH="14" VPOS="292" HPOS="786"/>
							<String ID="string_36" HPOS="800" VPOS="293" WIDTH="37" HEIGHT="26" WC="0.90" CONTENT="på-"/>
						</TextLine>
						<TextLine ID="line_5" HPOS="88" VPOS="324" WIDTH="749" HEIGHT="29">
							<String ID="string_37" HPOS="88" VPOS="324" WIDTH="65" HEIGHT="28" WC="0.96" CONTENT="följd,"/><SP WIDTH="21" VPOS="324" HPOS="153"/>
							<String ID="string_38" HPOS="174" VPOS="324" WIDTH="139" HEIGHT="29" WC="0.96" CONTENT="förteckning"/><SP WIDTH="20" VPOS="324" HPOS="313"/>
							<String ID="string_39" HPOS="333" VPOS="325" WIDTH="60" HEIGHT="21" WC="0.96" CONTENT="öfver"/><SP WIDTH="20" VPOS="325" HPOS="393"/>
							<String ID="string_40" HPOS="413" VPOS="326" WIDTH="42" HEIGHT="20" WC="0.96" CONTENT="alla"/><SP WIDTH="20" VPOS="326" HPOS="455"/>
							<String ID="string_41" HPOS="475" VPOS="326" WIDTH="69" HEIGHT="20" WC="0.96" CONTENT="under"/><SP WIDTH="20" VPOS="326" HPOS="544"/>
							<String ID="string_42" HPOS="564" VPOS="326" WIDTH="47" HEIGHT="20" WC="0.96" CONTENT="året"/><SP WIDTH="14" VPOS="326" HPOS="611"/>
							<String ID="string_43" HPOS="625" VPOS="326" WIDTH="58" HEIGHT="20" WC="0.96" CONTENT="inom"/><SP WIDTH="17" VPOS="326" HPOS="683"/>
							<String ID="string_44" HPOS="700" VPOS="326" WIDTH="62" HEIGHT="20" WC="0.93" CONTENT="deras"/><SP WIDTH="16" VPOS="326" HPOS="762"/>
							<String ID="string_45" HPOS="778" VPOS="326" WIDTH="59" HEIGHT="21" WC="0.91" CONTENT="dom-"/>
						</TextLine>
						<TextLine ID="line_6" HPOS="87" VPOS="359" WIDTH="751" HEIGHT="29">
							<String ID="string_46" HPOS="87" VPOS="359" WIDTH="61" HEIGHT="21" WC="0.93" CONTENT="krets"/><SP WIDTH="15" VPOS="359" HPOS="148"/>
							<String ID="string_47" HPOS="163" VPOS="359" WIDTH="116" HEIGHT="21" WC="0.91" CONTENT="förefallna"/><SP WIDTH="15" VPOS="359" HPOS="279"/>
							<String ID="string_48" HPOS="294" VPOS="360" WIDTH="48" HEIGHT="26" WC="0.96" CONTENT="ting"/><SP WIDTH="14" VPOS="360" HPOS="342"/>
							<String ID="string_49" HPOS="356" VPOS="361" WIDTH="57" HEIGHT="19" WC="0.96" CONTENT="samt"/><SP WIDTH="16" VPOS="361" HPOS="413"/>
							<String ID="string_50" HPOS="429" VPOS="361" WIDTH="61" HEIGHT="20" WC="0.96" CONTENT="extra"/><SP WIDTH="15" VPOS="361" HPOS="490"/>
							<String ID="string_51" HPOS="505" VPOS="360" WIDTH="175" HEIGHT="28" WC="0.73" CONTENT="förrättningar.&quot;"/><SP WIDTH="27" VPOS="360" HPOS="680"/>
							<String ID="string_52" HPOS="707" VPOS="360" WIDTH="46" HEIGHT="28" WC="0.96" CONTENT="Mig"/><SP WIDTH="15" VPOS="360" HPOS="753"/>
							<String ID="string_53" HPOS="768" VPOS="360" WIDTH="70" HEIGHT="22" WC="0.96" CONTENT="skulle"/>
						</TextLine>
						<TextLine ID="line_7" HPOS="88" VPOS="393" WIDTH="752" HEIGHT="29">
							<String ID="string_54" HPOS="88" VPOS="393" WIDTH="84" HEIGHT="27" WC="0.96" CONTENT="tyckas,"/><SP WIDTH="22" VPOS="393" HPOS="172"/>
							<String ID="string_55" HPOS="194" VPOS="400" WIDTH="46" HEIGHT="14" WC="0.96" CONTENT="som"/><SP WIDTH="20" VPOS="400" HPOS="240"/>
							<String ID="string_56" HPOS="260" VPOS="393" WIDTH="59" HEIGHT="21" WC="0.96" CONTENT="detta"/><SP WIDTH="20" VPOS="393" HPOS="319"/>
							<String ID="string_57" HPOS="339" VPOS="393" WIDTH="118" HEIGHT="28" WC="0.95" CONTENT="stadgande"/><SP WIDTH="21" VPOS="393" HPOS="457"/>
							<String ID="string_58" HPOS="478" VPOS="395" WIDTH="43" HEIGHT="20" WC="0.96" CONTENT="står"/><SP WIDTH="20" VPOS="395" HPOS="521"/>
							<String ID="string_59" HPOS="541" VPOS="394" WIDTH="8" HEIGHT="20" WC="0.96" CONTENT="i"/><SP WIDTH="20" VPOS="394" HPOS="549"/>
							<String ID="string_60" HPOS="569" VPOS="394" WIDTH="23" HEIGHT="20" WC="0.96" CONTENT="så"/><SP WIDTH="20" VPOS="394" HPOS="592"/>
							<String ID="string_61" HPOS="612" VPOS="396" WIDTH="53" HEIGHT="18" WC="0.96" CONTENT="nära"/><SP WIDTH="18" VPOS="396" HPOS="665"/>
							<String ID="string_62" HPOS="683" VPOS="394" WIDTH="157" HEIGHT="28" WC="0.96" CONTENT="sammanhang"/>
						</TextLine>
						<TextLine ID="line_8" HPOS="88" VPOS="427" WIDTH="750" HEIGHT="22">
							<String ID="string_63" HPOS="88" VPOS="427" WIDTH="50" HEIGHT="21" WC="0.93" CONTENT="med"/><SP WIDTH="18" VPOS="427" HPOS="138"/>
							<String ID="string_64" HPOS="156" VPOS="427" WIDTH="147" HEIGHT="21" WC="0.88" CONTENT="hofrätternas"/><SP WIDTH="20" VPOS="427" HPOS="303"/>
							<String ID="string_65" HPOS="323" VPOS="427" WIDTH="96" HEIGHT="21" WC="0.96" CONTENT="kontroll"/><SP WIDTH="22" VPOS="427" HPOS="419"/>
							<String ID="string_66" HPOS="441" VPOS="427" WIDTH="59" HEIGHT="22" WC="0.93" CONTENT="öfver"/><SP WIDTH="18" VPOS="427" HPOS="500"/>
							<String ID="string_67" HPOS="518" VPOS="427" WIDTH="187" HEIGHT="22" WC="0.90" CONTENT="underdomarena"/><SP WIDTH="15" VPOS="427" HPOS="705"/>
							<String ID="string_68" HPOS="720" VPOS="429" WIDTH="40" HEIGHT="20" WC="0.96" CONTENT="och"/><SP WIDTH="15" VPOS="429" HPOS="760"/>
							<String ID="string_69" HPOS="775" VPOS="428" WIDTH="63" HEIGHT="21" WC="0.95" CONTENT="deras"/>
						</TextLine>
						<TextLine ID="line_9" HPOS="88" VPOS="461" WIDTH="750" HEIGHT="29">
							<String ID="string_70" HPOS="88" VPOS="461" WIDTH="148" HEIGHT="27" WC="0.95" CONTENT="verksamhet,"/><SP WIDTH="23" VPOS="461" HPOS="236"/>
							<String ID="string_71" HPOS="259" VPOS="463" WIDTH="32" HEIGHT="20" WC="0.96" CONTENT="att"/><SP WIDTH="20" VPOS="463" HPOS="291"/>
							<String ID="string_72" HPOS="311" VPOS="461" WIDTH="36" HEIGHT="21" WC="0.96" CONTENT="det"/><SP WIDTH="19" VPOS="461" HPOS="347"/>
							<String ID="string_73" HPOS="366" VPOS="461" WIDTH="67" HEIGHT="21" WC="0.95" CONTENT="borde"/><SP WIDTH="21" VPOS="461" HPOS="433"/>
							<String ID="string_74" HPOS="454" VPOS="462" WIDTH="73" HEIGHT="28" WC="0.91" CONTENT="åligga"/><SP WIDTH="20" VPOS="462" HPOS="527"/>
							<String ID="string_75" HPOS="547" VPOS="462" WIDTH="136" HEIGHT="21" WC="0.91" CONTENT="hofrätterne"/><SP WIDTH="22" VPOS="462" HPOS="683"/>
							<String ID="string_76" HPOS="705" VPOS="463" WIDTH="82" HEIGHT="26" WC="0.96" CONTENT="allena,"/><SP WIDTH="19" VPOS="463" HPOS="787"/>
							<String ID="string_77" HPOS="806" VPOS="465" WIDTH="32" HEIGHT="19" WC="0.96" CONTENT="att"/>
						</TextLine>
						<TextLine ID="line_10" HPOS="88" VPOS="495" WIDTH="750" HEIGHT="29">
							<String ID="string_78" HPOS="88" VPOS="495" WIDTH="75" HEIGHT="22" WC="0.96" CONTENT="derom"/><SP WIDTH="16" VPOS="495" HPOS="163"/>
							<String ID="string_79" HPOS="179" VPOS="495" WIDTH="102" HEIGHT="22" WC="0.95" CONTENT="förordna"/><SP WIDTH="15" VPOS="495" HPOS="281"/>
							<String ID="string_80" HPOS="296" VPOS="495" WIDTH="40" HEIGHT="21" WC="0.96" CONTENT="och"/><SP WIDTH="15" VPOS="495" HPOS="336"/>
							<String ID="string_81" HPOS="351" VPOS="497" WIDTH="32" HEIGHT="19" WC="0.96" CONTENT="att"/><SP WIDTH="16" VPOS="497" HPOS="383"/>
							<String ID="string_82" HPOS="399" VPOS="496" WIDTH="37" HEIGHT="20" WC="0.96" CONTENT="det"/><SP WIDTH="16" VPOS="496" HPOS="436"/>
							<String ID="string_83" HPOS="452" VPOS="497" WIDTH="19" HEIGHT="27" WC="0.96" CONTENT="ej"/><SP WIDTH="17" VPOS="497" HPOS="471"/>
							<String ID="string_84" HPOS="488" VPOS="496" WIDTH="118" HEIGHT="28" WC="0.96" CONTENT="lämpligen"/><SP WIDTH="15" VPOS="496" HPOS="606"/>
							<String ID="string_85" HPOS="621" VPOS="496" WIDTH="43" HEIGHT="21" WC="0.96" CONTENT="kan"/><SP WIDTH="16" VPOS="496" HPOS="664"/>
							<String ID="string_86" HPOS="680" VPOS="497" WIDTH="51" HEIGHT="27" WC="0.93" CONTENT="ingå"/><SP WIDTH="14" VPOS="497" HPOS="731"/>
							<String ID="string_87" HPOS="745" VPOS="496" WIDTH="44" HEIGHT="21" WC="0.91" CONTENT="i&#39;en"/><SP WIDTH="11" VPOS="496" HPOS="789"/>
							<String ID="string_88" HPOS="800" VPOS="497" WIDTH="38" HEIGHT="20" WC="0.91" CONTENT="all-"/>
						</TextLine>
						<TextLine ID="line_11" HPOS="89" VPOS="529" WIDTH="750" HEIGHT="29">
							<String ID="string_89" HPOS="89" VPOS="531" WIDTH="51" HEIGHT="20" WC="0.96" CONTENT="män"/><SP WIDTH="15" VPOS="531" HPOS="140"/>
							<String ID="string_90" HPOS="155" VPOS="530" WIDTH="24" HEIGHT="21" WC="0.96" CONTENT="af"/><SP WIDTH="14" VPOS="530" HPOS="179"/>
							<String ID="string_91" HPOS="193" VPOS="529" WIDTH="54" HEIGHT="22" WC="0.96" CONTENT="båda"/><SP WIDTH="15" VPOS="529" HPOS="247"/>
							<String ID="string_92" HPOS="262" VPOS="530" WIDTH="169" HEIGHT="21" WC="0.96" CONTENT="statsmakterna"/><SP WIDTH="10" VPOS="530" HPOS="431"/>
							<String ID="string_93" HPOS="441" VPOS="531" WIDTH="100" HEIGHT="21" WC="0.96" CONTENT="besluten"/><SP WIDTH="11" VPOS="531" HPOS="541"/>
							<String ID="string_94" HPOS="552" VPOS="531" WIDTH="45" HEIGHT="27" WC="0.96" CONTENT="lag;"/><SP WIDTH="12" VPOS="531" HPOS="597"/>
							<String ID="string_95" HPOS="609" VPOS="531" WIDTH="36" HEIGHT="20" WC="0.96" CONTENT="det"/><SP WIDTH="10" VPOS="531" HPOS="645"/>
							<String ID="string_96" HPOS="655" VPOS="533" WIDTH="24" HEIGHT="19" WC="0.96" CONTENT="är"/><SP WIDTH="11" VPOS="533" HPOS="679"/>
							<String ID="string_97" HPOS="690" VPOS="531" WIDTH="65" HEIGHT="20" WC="0.96" CONTENT="också"/><SP WIDTH="10" VPOS="531" HPOS="755"/>
							<String ID="string_98" HPOS="765" VPOS="531" WIDTH="74" HEIGHT="27" WC="0.96" CONTENT="kändt,"/>
						</TextLine>
						<TextLine ID="line_12" HPOS="89" VPOS="564" WIDTH="751" HEIGHT="22">
							<String ID="string_99" HPOS="89" VPOS="566" WIDTH="32" HEIGHT="18" WC="0.96" CONTENT="att"/><SP WIDTH="20" VPOS="566" HPOS="121"/>
							<String ID="string_100" HPOS="141" VPOS="565" WIDTH="35" HEIGHT="20" WC="0.96" CONTENT="två"/><SP WIDTH="20" VPOS="565" HPOS="176"/>
							<String ID="string_101" HPOS="196" VPOS="565" WIDTH="25" HEIGHT="20" WC="0.96" CONTENT="af"/><SP WIDTH="15" VPOS="565" HPOS="221"/>
							<String ID="string_102" HPOS="236" VPOS="564" WIDTH="83" HEIGHT="21" WC="0.93" CONTENT="landets"/><SP WIDTH="16" VPOS="564" HPOS="319"/>
							<String ID="string_103" HPOS="335" VPOS="565" WIDTH="106" HEIGHT="20" WC="0.92" CONTENT="hofrätter"/><SP WIDTH="15" VPOS="565" HPOS="441"/>
							<String ID="string_104" HPOS="456" VPOS="565" WIDTH="66" HEIGHT="21" WC="0.96" CONTENT="redan"/><SP WIDTH="17" VPOS="565" HPOS="522"/>
							<String ID="string_105" HPOS="539" VPOS="565" WIDTH="30" HEIGHT="20" WC="0.79" CONTENT="tid"/><SP WIDTH="17" VPOS="565" HPOS="569"/>
							<String ID="string_106" HPOS="586" VPOS="565" WIDTH="56" HEIGHT="21" WC="0.79" CONTENT="efter"/><SP WIDTH="15" VPOS="565" HPOS="642"/>
							<String ID="string_107" HPOS="657" VPOS="571" WIDTH="72" HEIGHT="15" WC="0.95" CONTENT="annan"/><SP WIDTH="15" VPOS="571" HPOS="729"/>
							<String ID="string_108" HPOS="744" VPOS="565" WIDTH="96" HEIGHT="21" WC="0.96" CONTENT="utfärdat"/>
						</TextLine>
						<TextLine ID="line_13" HPOS="89" VPOS="599" WIDTH="319" HEIGHT="22">
							<String ID="string_109" HPOS="89" VPOS="599" WIDTH="137" HEIGHT="20" WC="0.96" CONTENT="föreskrifter"/><SP WIDTH="15" VPOS="599" HPOS="226"/>
							<String ID="string_110" HPOS="241" VPOS="599" WIDTH="7" HEIGHT="21" WC="0.96" CONTENT="i"/><SP WIDTH="16" VPOS="599" HPOS="248"/>
							<String ID="string_111" HPOS="264" VPOS="599" WIDTH="59" HEIGHT="22" WC="0.96" CONTENT="detta"/><SP WIDTH="15" VPOS="599" HPOS="323"/>
							<String ID="string_112" HPOS="338" VPOS="601" WIDTH="70" HEIGHT="19" WC="0.95" CONTENT="ämne."/>
						</TextLine>
					</TextBlock>
					<TextBlock ID="block_2" HPOS="89" VPOS="633" WIDTH="756" HEIGHT="816">
						<TextLine ID="line_14" HPOS="157" VPOS="633" WIDTH="681" HEIGHT="27">
							<String ID="string_113" HPOS="157" VPOS="633" WIDTH="38" HEIGHT="20" WC="0.96" CONTENT="Uti"/><SP WIDTH="21" VPOS="633" HPOS="195"/>
							<String ID="string_114" HPOS="216" VPOS="634" WIDTH="11" HEIGHT="26" WC="0.91" CONTENT="8"/><SP WIDTH="21" VPOS="634" HPOS="227"/>
							<String ID="string_115" HPOS="248" VPOS="635" WIDTH="12" HEIGHT="19" WC="0.96" CONTENT="3"/><SP WIDTH="20" VPOS="635" HPOS="260"/>
							<String ID="string_116" HPOS="280" VPOS="634" WIDTH="40" HEIGHT="20" WC="0.93" CONTENT="har"/><SP WIDTH="19" VPOS="634" HPOS="320"/>
							<String ID="string_117" HPOS="339" VPOS="634" WIDTH="81" HEIGHT="20" WC="0.91" CONTENT="influtit"/><SP WIDTH="20" VPOS="634" HPOS="420"/>
							<String ID="string_118" HPOS="440" VPOS="633" WIDTH="112" HEIGHT="22" WC="0.95" CONTENT="föreskrift"/><SP WIDTH="16" VPOS="633" HPOS="552"/>
							<String ID="string_119" HPOS="568" VPOS="634" WIDTH="6" HEIGHT="19" WC="0.95" CONTENT="i"/><SP WIDTH="17" VPOS="634" HPOS="574"/>
							<String ID="string_120" HPOS="591" VPOS="635" WIDTH="33" HEIGHT="20" WC="0.96" CONTENT="ett"/><SP WIDTH="19" VPOS="635" HPOS="624"/>
							<String ID="string_121" HPOS="643" VPOS="635" WIDTH="70" HEIGHT="25" WC="0.96" CONTENT="ämne,"/><SP WIDTH="16" VPOS="635" HPOS="713"/>
							<String ID="string_122" HPOS="729" VPOS="640" WIDTH="46" HEIGHT="15" WC="0.96" CONTENT="som"/><SP WIDTH="15" VPOS="640" HPOS="775"/>
							<String ID="string_123" HPOS="790" VPOS="634" WIDTH="48" HEIGHT="21" WC="0.96" CONTENT="icke"/>
						</TextLine>
						<TextLine ID="line_15" HPOS="89" VPOS="667" WIDTH="751" HEIGHT="28">
							<String ID="string_124" HPOS="89" VPOS="667" WIDTH="72" HEIGHT="21" WC="0.96" CONTENT="blifvit"/><SP WIDTH="20" VPOS="667" HPOS="161"/>
							<String ID="string_125" HPOS="181" VPOS="668" WIDTH="24" HEIGHT="20" WC="0.94" CONTENT="af"/><SP WIDTH="19" VPOS="668" HPOS="205"/>
							<String ID="string_126" HPOS="224" VPOS="668" WIDTH="130" HEIGHT="27" WC="0.96" CONTENT="regeringen"/><SP WIDTH="23" VPOS="668" HPOS="354"/>
							<String ID="string_127" HPOS="377" VPOS="668" WIDTH="34" HEIGHT="20" WC="0.96" CONTENT="till"/><SP WIDTH="22" VPOS="668" HPOS="411"/>
							<String ID="string_128" HPOS="433" VPOS="668" WIDTH="128" HEIGHT="21" WC="0.96" CONTENT="ständernas"/><SP WIDTH="22" VPOS="668" HPOS="561"/>
							<String ID="string_129" HPOS="583" VPOS="668" WIDTH="77" HEIGHT="27" WC="0.93" CONTENT="åtgärd"/><SP WIDTH="22" VPOS="668" HPOS="660"/>
							<String ID="string_130" HPOS="682" VPOS="668" WIDTH="158" HEIGHT="26" WC="0.90" CONTENT="öfverlemnad,"/>
						</TextLine>
						<TextLine ID="line_16" HPOS="89" VPOS="701" WIDTH="751" HEIGHT="28">
							<String ID="string_131" HPOS="89" VPOS="701" WIDTH="110" HEIGHT="28" WC="0.92" CONTENT="nemligen"/><SP WIDTH="23" VPOS="701" HPOS="199"/>
							<String ID="string_132" HPOS="222" VPOS="701" WIDTH="74" HEIGHT="28" WC="0.96" CONTENT="frågan"/><SP WIDTH="22" VPOS="701" HPOS="296"/>
							<String ID="string_133" HPOS="318" VPOS="709" WIDTH="34" HEIGHT="13" WC="0.96" CONTENT="om"/><SP WIDTH="21" VPOS="709" HPOS="352"/>
							<String ID="string_134" HPOS="373" VPOS="702" WIDTH="96" HEIGHT="27" WC="0.96" CONTENT="lindring"/><SP WIDTH="18" VPOS="702" HPOS="469"/>
							<String ID="string_135" HPOS="487" VPOS="702" WIDTH="24" HEIGHT="20" WC="0.93" CONTENT="af"/><SP WIDTH="17" VPOS="702" HPOS="511"/>
							<String ID="string_136" HPOS="528" VPOS="702" WIDTH="177" HEIGHT="27" WC="0.91" CONTENT="magistraternes"/><SP WIDTH="21" VPOS="702" HPOS="705"/>
							<String ID="string_137" HPOS="726" VPOS="702" WIDTH="114" HEIGHT="27" WC="0.91" CONTENT="åliggande"/>
						</TextLine>
						<TextLine ID="line_17" HPOS="89" VPOS="735" WIDTH="751" HEIGHT="28">
							<String ID="string_138" HPOS="89" VPOS="737" WIDTH="33" HEIGHT="19" WC="0.96" CONTENT="att"/><SP WIDTH="15" VPOS="737" HPOS="122"/>
							<String ID="string_139" HPOS="137" VPOS="735" WIDTH="33" HEIGHT="21" WC="0.93" CONTENT="till"/><SP WIDTH="18" VPOS="735" HPOS="170"/>
							<String ID="string_140" HPOS="188" VPOS="735" WIDTH="82" HEIGHT="21" WC="0.92" CONTENT="hofrätt"/><SP WIDTH="22" VPOS="735" HPOS="270"/>
							<String ID="string_141" HPOS="292" VPOS="735" WIDTH="91" HEIGHT="21" WC="0.90" CONTENT="insända"/><SP WIDTH="22" VPOS="735" HPOS="383"/>
							<String ID="string_142" HPOS="405" VPOS="735" WIDTH="124" HEIGHT="21" WC="0.90" CONTENT="renskrifna"/><SP WIDTH="22" VPOS="735" HPOS="529"/>
							<String ID="string_143" HPOS="551" VPOS="735" WIDTH="134" HEIGHT="28" WC="0.89" CONTENT="protokoller"/><SP WIDTH="20" VPOS="735" HPOS="685"/>
							<String ID="string_144" HPOS="705" VPOS="736" WIDTH="6" HEIGHT="20" WC="0.92" CONTENT="i"/><SP WIDTH="21" VPOS="736" HPOS="711"/>
							<String ID="string_145" HPOS="732" VPOS="736" WIDTH="108" HEIGHT="20" WC="0.90" CONTENT="hallrätts-"/>
						</TextLine>
						<TextLine ID="line_18" HPOS="90" VPOS="769" WIDTH="752" HEIGHT="28">
							<String ID="string_146" HPOS="90" VPOS="770" WIDTH="101" HEIGHT="21" WC="0.91" CONTENT="ärender:"/><SP WIDTH="22" VPOS="770" HPOS="191"/>
							<String ID="string_147" HPOS="213" VPOS="769" WIDTH="42" HEIGHT="28" WC="0.96" CONTENT="Jag"/><SP WIDTH="16" VPOS="769" HPOS="255"/>
							<String ID="string_148" HPOS="271" VPOS="769" WIDTH="70" HEIGHT="22" WC="0.96" CONTENT="skulle"/><SP WIDTH="20" VPOS="769" HPOS="341"/>
							<String ID="string_149" HPOS="361" VPOS="777" WIDTH="52" HEIGHT="13" WC="0.96" CONTENT="anse"/><SP WIDTH="21" VPOS="777" HPOS="413"/>
							<String ID="string_150" HPOS="434" VPOS="771" WIDTH="31" HEIGHT="19" WC="0.96" CONTENT="att"/><SP WIDTH="20" VPOS="771" HPOS="465"/>
							<String ID="string_151" HPOS="485" VPOS="770" WIDTH="140" HEIGHT="27" WC="0.96" CONTENT="regeringen,"/><SP WIDTH="20" VPOS="770" HPOS="625"/>
							<String ID="string_152" HPOS="645" VPOS="770" WIDTH="28" HEIGHT="27" WC="0.97" CONTENT="på"/><SP WIDTH="15" VPOS="770" HPOS="673"/>
							<String ID="string_153" HPOS="688" VPOS="769" WIDTH="82" HEIGHT="28" WC="0.96" CONTENT="ganska"/><SP WIDTH="16" VPOS="769" HPOS="770"/>
							<String ID="string_154" HPOS="786" VPOS="769" WIDTH="56" HEIGHT="28" WC="0.96" CONTENT="goda"/>
						</TextLine>
						<TextLine ID="line_19" HPOS="90" VPOS="803" WIDTH="752" HEIGHT="29">
							<String ID="string_155" HPOS="90" VPOS="804" WIDTH="54" HEIGHT="27" WC="0.92" CONTENT="skäl,"/><SP WIDTH="15" VPOS="804" HPOS="144"/>
							<String ID="string_156" HPOS="159" VPOS="804" WIDTH="104" HEIGHT="27" WC="0.92" CONTENT="förbigått"/><SP WIDTH="10" VPOS="804" HPOS="263"/>
							<String ID="string_157" HPOS="273" VPOS="805" WIDTH="32" HEIGHT="20" WC="0.96" CONTENT="att"/><SP WIDTH="10" VPOS="805" HPOS="305"/>
							<String ID="string_158" HPOS="315" VPOS="804" WIDTH="33" HEIGHT="20" WC="0.96" CONTENT="till"/><SP WIDTH="12" VPOS="804" HPOS="348"/>
							<String ID="string_159" HPOS="360" VPOS="803" WIDTH="127" HEIGHT="22" WC="0.95" CONTENT="ständernas"/><SP WIDTH="10" VPOS="803" HPOS="487"/>
							<String ID="string_160" HPOS="497" VPOS="803" WIDTH="134" HEIGHT="22" WC="0.96" CONTENT="bedömande"/><SP WIDTH="11" VPOS="803" HPOS="631"/>
							<String ID="string_161" HPOS="642" VPOS="803" WIDTH="118" HEIGHT="29" WC="0.96" CONTENT="hänskjuta"/><SP WIDTH="10" VPOS="803" HPOS="760"/>
							<String ID="string_162" HPOS="770" VPOS="804" WIDTH="72" HEIGHT="21" WC="0.96" CONTENT="denna"/>
						</TextLine>
						<TextLine ID="line_20" HPOS="89" VPOS="837" WIDTH="753" HEIGHT="30">
							<String ID="string_163" HPOS="89" VPOS="839" WIDTH="71" HEIGHT="28" WC="0.93" CONTENT="fråga;"/><SP WIDTH="12" VPOS="839" HPOS="160"/>
							<String ID="string_164" HPOS="172" VPOS="838" WIDTH="129" HEIGHT="28" WC="0.92" CONTENT="stadgandet"/><SP WIDTH="7" VPOS="838" HPOS="301"/>
							<String ID="string_165" HPOS="308" VPOS="845" WIDTH="34" HEIGHT="14" WC="0.96" CONTENT="om"/><SP WIDTH="10" VPOS="845" HPOS="342"/>
							<String ID="string_166" HPOS="352" VPOS="837" WIDTH="26" HEIGHT="22" WC="0.96" CONTENT="de"/><SP WIDTH="9" VPOS="837" HPOS="378"/>
							<String ID="string_167" HPOS="387" VPOS="838" WIDTH="109" HEIGHT="21" WC="0.93" CONTENT="allmänna"/><SP WIDTH="8" VPOS="838" HPOS="496"/>
							<String ID="string_168" HPOS="504" VPOS="838" WIDTH="222" HEIGHT="27" WC="0.90" CONTENT="underdomstolarne,"/><SP WIDTH="9" VPOS="838" HPOS="726"/>
							<String ID="string_169" HPOS="735" VPOS="839" WIDTH="107" HEIGHT="26" WC="0.91" CONTENT="lagmans-"/>
						</TextLine>
						<TextLine ID="line_21" HPOS="90" VPOS="872" WIDTH="752" HEIGHT="28">
							<String ID="string_170" HPOS="90" VPOS="873" WIDTH="40" HEIGHT="21" WC="0.93" CONTENT="och"/><SP WIDTH="15" VPOS="873" HPOS="130"/>
							<String ID="string_171" HPOS="145" VPOS="872" WIDTH="141" HEIGHT="27" WC="0.91" CONTENT="häradsrätts,"/><SP WIDTH="15" VPOS="872" HPOS="286"/>
							<String ID="string_172" HPOS="301" VPOS="872" WIDTH="122" HEIGHT="21" WC="0.91" CONTENT="rådstufvu-"/><SP WIDTH="17" VPOS="872" HPOS="423"/>
							<String ID="string_173" HPOS="440" VPOS="873" WIDTH="39" HEIGHT="20" WC="0.93" CONTENT="och"/><SP WIDTH="16" VPOS="873" HPOS="479"/>
							<String ID="string_174" HPOS="495" VPOS="873" WIDTH="156" HEIGHT="20" WC="0.92" CONTENT="kämnersrätts"/><SP WIDTH="16" VPOS="873" HPOS="651"/>
							<String ID="string_175" HPOS="667" VPOS="872" WIDTH="125" HEIGHT="28" WC="0.96" CONTENT="skyldighet"/><SP WIDTH="18" VPOS="872" HPOS="792"/>
							<String ID="string_176" HPOS="810" VPOS="875" WIDTH="32" HEIGHT="18" WC="0.96" CONTENT="att"/>
						</TextLine>
						<TextLine ID="line_22" HPOS="90" VPOS="905" WIDTH="751" HEIGHT="29">
							<String ID="string_177" HPOS="90" VPOS="907" WIDTH="33" HEIGHT="21" WC="0.93" CONTENT="till"/><SP WIDTH="15" VPOS="907" HPOS="123"/>
							<String ID="string_178" HPOS="138" VPOS="907" WIDTH="82" HEIGHT="21" WC="0.91" CONTENT="hofrätt"/><SP WIDTH="14" VPOS="907" HPOS="220"/>
							<String ID="string_179" HPOS="234" VPOS="907" WIDTH="90" HEIGHT="20" WC="0.93" CONTENT="insända"/><SP WIDTH="11" VPOS="907" HPOS="324"/>
							<String ID="string_180" HPOS="335" VPOS="907" WIDTH="124" HEIGHT="20" WC="0.92" CONTENT="renskrifna"/><SP WIDTH="15" VPOS="907" HPOS="459"/>
							<String ID="string_181" HPOS="474" VPOS="907" WIDTH="111" HEIGHT="27" WC="0.96" CONTENT="exemplar"/><SP WIDTH="14" VPOS="907" HPOS="585"/>
							<String ID="string_182" HPOS="599" VPOS="906" WIDTH="23" HEIGHT="21" WC="0.96" CONTENT="af"/><SP WIDTH="9" VPOS="906" HPOS="622"/>
							<String ID="string_183" HPOS="631" VPOS="907" WIDTH="62" HEIGHT="20" WC="0.93" CONTENT="deras"/><SP WIDTH="11" VPOS="907" HPOS="693"/>
							<String ID="string_184" HPOS="704" VPOS="905" WIDTH="137" HEIGHT="28" WC="0.92" CONTENT="domböcker,"/>
						</TextLine>
						<TextLine ID="line_23" HPOS="90" VPOS="940" WIDTH="752" HEIGHT="30">
							<String ID="string_185" HPOS="90" VPOS="941" WIDTH="146" HEIGHT="21" WC="0.96" CONTENT="förekommer"/><SP WIDTH="20" VPOS="941" HPOS="236"/>
							<String ID="string_186" HPOS="256" VPOS="942" WIDTH="31" HEIGHT="20" WC="0.96" CONTENT="uti"/><SP WIDTH="18" VPOS="942" HPOS="287"/>
							<String ID="string_187" HPOS="305" VPOS="941" WIDTH="54" HEIGHT="20" WC="0.96" CONTENT="1734"/><SP WIDTH="16" VPOS="941" HPOS="359"/>
							<String ID="string_188" HPOS="375" VPOS="941" WIDTH="34" HEIGHT="21" WC="0.96" CONTENT="års"/><SP WIDTH="16" VPOS="941" HPOS="409"/>
							<String ID="string_189" HPOS="425" VPOS="948" WIDTH="80" HEIGHT="22" WC="0.96" CONTENT="genom"/><SP WIDTH="15" VPOS="948" HPOS="505"/>
							<String ID="string_190" HPOS="520" VPOS="941" WIDTH="56" HEIGHT="20" WC="0.96" CONTENT="båda"/><SP WIDTH="16" VPOS="941" HPOS="576"/>
							<String ID="string_191" HPOS="592" VPOS="940" WIDTH="179" HEIGHT="21" WC="0.92" CONTENT="statsmakternas"/><SP WIDTH="16" VPOS="940" HPOS="771"/>
							<String ID="string_192" HPOS="787" VPOS="948" WIDTH="55" HEIGHT="14" WC="0.91" CONTENT="sam-"/>
						</TextLine>
						<TextLine ID="line_24" HPOS="90" VPOS="974" WIDTH="751" HEIGHT="28">
							<String ID="string_193" HPOS="90" VPOS="975" WIDTH="82" HEIGHT="21" WC="0.93" CONTENT="verkan"/><SP WIDTH="14" VPOS="975" HPOS="172"/>
							<String ID="string_194" HPOS="186" VPOS="975" WIDTH="113" HEIGHT="21" WC="0.92" CONTENT="tillkomne"/><SP WIDTH="12" VPOS="975" HPOS="299"/>
							<String ID="string_195" HPOS="311" VPOS="975" WIDTH="110" HEIGHT="21" WC="0.96" CONTENT="allmänna"/><SP WIDTH="12" VPOS="975" HPOS="421"/>
							<String ID="string_196" HPOS="433" VPOS="976" WIDTH="46" HEIGHT="26" WC="0.93" CONTENT="lag;"/><SP WIDTH="16" VPOS="976" HPOS="479"/>
							<String ID="string_197" HPOS="495" VPOS="976" WIDTH="72" HEIGHT="26" WC="0.96" CONTENT="någon"/><SP WIDTH="12" VPOS="976" HPOS="567"/>
							<String ID="string_198" HPOS="579" VPOS="974" WIDTH="128" HEIGHT="28" WC="0.93" CONTENT="förändring"/><SP WIDTH="8" VPOS="974" HPOS="707"/>
							<String ID="string_199" HPOS="715" VPOS="974" WIDTH="46" HEIGHT="21" WC="0.93" CONTENT="deri"/><SP WIDTH="9" VPOS="974" HPOS="761"/>
							<String ID="string_200" HPOS="770" VPOS="974" WIDTH="71" HEIGHT="22" WC="0.95" CONTENT="kunde"/>
						</TextLine>
						<TextLine ID="line_25" HPOS="90" VPOS="1008" WIDTH="754" HEIGHT="29">
							<String ID="string_201" HPOS="90" VPOS="1010" WIDTH="151" HEIGHT="27" WC="0.90" CONTENT="följakteligen"/><SP WIDTH="22" VPOS="1010" HPOS="241"/>
							<String ID="string_202" HPOS="263" VPOS="1010" WIDTH="19" HEIGHT="27" WC="0.96" CONTENT="ej"/><SP WIDTH="22" VPOS="1010" HPOS="282"/>
							<String ID="string_203" HPOS="304" VPOS="1009" WIDTH="67" HEIGHT="21" WC="0.96" CONTENT="heller"/><SP WIDTH="21" VPOS="1009" HPOS="371"/>
							<String ID="string_204" HPOS="392" VPOS="1009" WIDTH="98" HEIGHT="27" WC="0.96" CONTENT="vidtagas"/><SP WIDTH="20" VPOS="1009" HPOS="490"/>
							<String ID="string_205" HPOS="510" VPOS="1010" WIDTH="52" HEIGHT="19" WC="0.95" CONTENT="utan"/><SP WIDTH="19" VPOS="1010" HPOS="562"/>
							<String ID="string_206" HPOS="581" VPOS="1010" WIDTH="134" HEIGHT="26" WC="0.96" CONTENT="gemensamt"/><SP WIDTH="18" VPOS="1010" HPOS="715"/>
							<String ID="string_207" HPOS="733" VPOS="1008" WIDTH="72" HEIGHT="22" WC="0.95" CONTENT="beslut"/><SP WIDTH="15" VPOS="1008" HPOS="805"/>
							<String ID="string_208" HPOS="820" VPOS="1009" WIDTH="24" HEIGHT="21" WC="0.96" CONTENT="af"/>
						</TextLine>
						<TextLine ID="line_26" HPOS="89" VPOS="1042" WIDTH="752" HEIGHT="30">
							<String ID="string_209" HPOS="89" VPOS="1044" WIDTH="104" HEIGHT="28" WC="0.95" CONTENT="regering"/><SP WIDTH="11" VPOS="1044" HPOS="193"/>
							<String ID="string_210" HPOS="204" VPOS="1044" WIDTH="39" HEIGHT="20" WC="0.95" CONTENT="och"/><SP WIDTH="10" VPOS="1044" HPOS="243"/>
							<String ID="string_211" HPOS="253" VPOS="1043" WIDTH="95" HEIGHT="21" WC="0.96" CONTENT="ständer."/><SP WIDTH="25" VPOS="1043" HPOS="348"/>
							<String ID="string_212" HPOS="373" VPOS="1044" WIDTH="144" HEIGHT="20" WC="0.96" CONTENT="Annorlunda"/><SP WIDTH="10" VPOS="1044" HPOS="517"/>
							<String ID="string_213" HPOS="527" VPOS="1042" WIDTH="103" HEIGHT="22" WC="0.87" CONTENT="förhåller"/><SP WIDTH="10" VPOS="1042" HPOS="630"/>
							<String ID="string_214" HPOS="640" VPOS="1042" WIDTH="34" HEIGHT="28" WC="0.93" CONTENT="sig"/><SP WIDTH="10" VPOS="1042" HPOS="674"/>
							<String ID="string_215" HPOS="684" VPOS="1043" WIDTH="98" HEIGHT="21" WC="0.91" CONTENT="deremot"/><SP WIDTH="10" VPOS="1043" HPOS="782"/>
							<String ID="string_216" HPOS="792" VPOS="1042" WIDTH="49" HEIGHT="22" WC="0.96" CONTENT="med"/>
						</TextLine>
						<TextLine ID="line_27" HPOS="91" VPOS="1077" WIDTH="754" HEIGHT="29">
							<String ID="string_217" HPOS="91" VPOS="1078" WIDTH="76" HEIGHT="28" WC="0.96" CONTENT="frågan"/><SP WIDTH="21" VPOS="1078" HPOS="167"/>
							<String ID="string_218" HPOS="188" VPOS="1084" WIDTH="34" HEIGHT="14" WC="0.93" CONTENT="om"/><SP WIDTH="20" VPOS="1084" HPOS="222"/>
							<String ID="string_219" HPOS="242" VPOS="1078" WIDTH="133" HEIGHT="27" WC="0.91" CONTENT="protokoller"/><SP WIDTH="19" VPOS="1078" HPOS="375"/>
							<String ID="string_220" HPOS="394" VPOS="1077" WIDTH="7" HEIGHT="21" WC="0.92" CONTENT="i"/><SP WIDTH="15" VPOS="1077" HPOS="401"/>
							<String ID="string_221" HPOS="416" VPOS="1077" WIDTH="202" HEIGHT="27" WC="0.91" CONTENT="hallrättsärender;"/><SP WIDTH="21" VPOS="1077" HPOS="618"/>
							<String ID="string_222" HPOS="639" VPOS="1077" WIDTH="166" HEIGHT="27" WC="0.91" CONTENT="hallordningen"/><SP WIDTH="16" VPOS="1077" HPOS="805"/>
							<String ID="string_223" HPOS="821" VPOS="1078" WIDTH="24" HEIGHT="20" WC="0.96" CONTENT="af"/>
						</TextLine>
						<TextLine ID="line_28" HPOS="91" VPOS="1111" WIDTH="751" HEIGHT="29">
							<String ID="string_224" HPOS="91" VPOS="1113" WIDTH="42" HEIGHT="21" WC="0.96" CONTENT="den"/><SP WIDTH="16" VPOS="1113" HPOS="133"/>
							<String ID="string_225" HPOS="149" VPOS="1113" WIDTH="12" HEIGHT="20" WC="0.96" CONTENT="2"/><SP WIDTH="16" VPOS="1113" HPOS="161"/>
							<String ID="string_226" HPOS="177" VPOS="1112" WIDTH="55" HEIGHT="28" WC="0.96" CONTENT="april"/><SP WIDTH="18" VPOS="1112" HPOS="232"/>
							<String ID="string_227" HPOS="250" VPOS="1113" WIDTH="53" HEIGHT="20" WC="0.96" CONTENT="1770"/><SP WIDTH="15" VPOS="1113" HPOS="303"/>
							<String ID="string_228" HPOS="318" VPOS="1112" WIDTH="40" HEIGHT="21" WC="0.96" CONTENT="har"/><SP WIDTH="15" VPOS="1112" HPOS="358"/>
							<String ID="string_229" HPOS="373" VPOS="1112" WIDTH="126" HEIGHT="21" WC="0.96" CONTENT="tillkommit"/><SP WIDTH="15" VPOS="1112" HPOS="499"/>
							<String ID="string_230" HPOS="514" VPOS="1112" WIDTH="28" HEIGHT="28" WC="0.96" CONTENT="på"/><SP WIDTH="15" VPOS="1112" HPOS="542"/>
							<String ID="string_231" HPOS="557" VPOS="1111" WIDTH="160" HEIGHT="21" WC="0.96" CONTENT="administrativ"/><SP WIDTH="16" VPOS="1111" HPOS="717"/>
							<String ID="string_232" HPOS="733" VPOS="1113" WIDTH="50" HEIGHT="26" WC="0.93" CONTENT="väg;"/><SP WIDTH="22" VPOS="1113" HPOS="783"/>
							<String ID="string_233" HPOS="805" VPOS="1118" WIDTH="37" HEIGHT="14" WC="0.88" CONTENT="en-"/>
						</TextLine>
						<TextLine ID="line_29" HPOS="91" VPOS="1145" WIDTH="752" HEIGHT="29">
							<String ID="string_234" HPOS="91" VPOS="1148" WIDTH="41" HEIGHT="26" WC="0.96" CONTENT="ligt"/><SP WIDTH="14" VPOS="1148" HPOS="132"/>
							<String ID="string_235" HPOS="146" VPOS="1147" WIDTH="57" HEIGHT="21" WC="0.93" CONTENT="hvad"/><SP WIDTH="11" VPOS="1147" HPOS="203"/>
							<String ID="string_236" HPOS="214" VPOS="1146" WIDTH="261" HEIGHT="28" WC="0.91" CONTENT="riksdagshandlingarne"/><SP WIDTH="16" VPOS="1146" HPOS="475"/>
							<String ID="string_237" HPOS="491" VPOS="1146" WIDTH="33" HEIGHT="21" WC="0.96" CONTENT="för"/><SP WIDTH="17" VPOS="1146" HPOS="524"/>
							<String ID="string_238" HPOS="541" VPOS="1146" WIDTH="54" HEIGHT="20" WC="0.96" CONTENT="1769"/><SP WIDTH="17" VPOS="1146" HPOS="595"/>
							<String ID="string_239" HPOS="612" VPOS="1146" WIDTH="34" HEIGHT="20" WC="0.96" CONTENT="års"/><SP WIDTH="16" VPOS="1146" HPOS="646"/>
							<String ID="string_240" HPOS="662" VPOS="1146" WIDTH="80" HEIGHT="20" WC="0.96" CONTENT="urtima"/><SP WIDTH="12" VPOS="1146" HPOS="742"/>
							<String ID="string_241" HPOS="754" VPOS="1145" WIDTH="89" HEIGHT="28" WC="0.95" CONTENT="riksdag"/>
						</TextLine>
						<TextLine ID="line_30" HPOS="92" VPOS="1180" WIDTH="750" HEIGHT="28">
							<String ID="string_242" HPOS="92" VPOS="1182" WIDTH="40" HEIGHT="20" WC="0.96" CONTENT="och"/><SP WIDTH="17" VPOS="1182" HPOS="132"/>
							<String ID="string_243" HPOS="149" VPOS="1182" WIDTH="54" HEIGHT="20" WC="0.96" CONTENT="1765"/><SP WIDTH="15" VPOS="1182" HPOS="203"/>
							<String ID="string_244" HPOS="218" VPOS="1182" WIDTH="35" HEIGHT="20" WC="0.95" CONTENT="års"/><SP WIDTH="16" VPOS="1182" HPOS="253"/>
							<String ID="string_245" HPOS="269" VPOS="1181" WIDTH="109" HEIGHT="21" WC="0.96" CONTENT="ordinarie"/><SP WIDTH="15" VPOS="1181" HPOS="378"/>
							<String ID="string_246" HPOS="393" VPOS="1180" WIDTH="90" HEIGHT="28" WC="0.96" CONTENT="riksdag"/><SP WIDTH="16" VPOS="1180" HPOS="483"/>
							<String ID="string_247" HPOS="499" VPOS="1181" WIDTH="76" HEIGHT="25" WC="0.95" CONTENT="utvisa,"/><SP WIDTH="15" VPOS="1181" HPOS="575"/>
							<String ID="string_248" HPOS="590" VPOS="1180" WIDTH="40" HEIGHT="21" WC="0.93" CONTENT="har"/><SP WIDTH="14" VPOS="1180" HPOS="630"/>
							<String ID="string_249" HPOS="644" VPOS="1180" WIDTH="166" HEIGHT="27" WC="0.91" CONTENT="hallordningen"/><SP WIDTH="12" VPOS="1180" HPOS="810"/>
							<String ID="string_250" HPOS="822" VPOS="1181" WIDTH="20" HEIGHT="27" WC="0.95" CONTENT="ej"/>
						</TextLine>
						<TextLine ID="line_31" HPOS="91" VPOS="1213" WIDTH="752" HEIGHT="24">
							<String ID="string_251" HPOS="91" VPOS="1216" WIDTH="71" HEIGHT="21" WC="0.95" CONTENT="blifvit"/><SP WIDTH="11" VPOS="1216" HPOS="162"/>
							<String ID="string_252" HPOS="173" VPOS="1216" WIDTH="23" HEIGHT="20" WC="0.93" CONTENT="af"/><SP WIDTH="9" VPOS="1216" HPOS="196"/>
							<String ID="string_253" HPOS="205" VPOS="1215" WIDTH="115" HEIGHT="21" WC="0.93" CONTENT="ständerne"/><SP WIDTH="11" VPOS="1215" HPOS="320"/>
							<String ID="string_254" HPOS="331" VPOS="1214" WIDTH="126" HEIGHT="22" WC="0.96" CONTENT="diskuterad"/><SP WIDTH="11" VPOS="1214" HPOS="457"/>
							<String ID="string_255" HPOS="468" VPOS="1215" WIDTH="52" HEIGHT="20" WC="0.96" CONTENT="eller"/><SP WIDTH="10" VPOS="1215" HPOS="520"/>
							<String ID="string_256" HPOS="530" VPOS="1214" WIDTH="39" HEIGHT="21" WC="0.96" CONTENT="har"/><SP WIDTH="11" VPOS="1214" HPOS="569"/>
							<String ID="string_257" HPOS="580" VPOS="1214" WIDTH="41" HEIGHT="21" WC="0.93" CONTENT="den"/><SP WIDTH="12" VPOS="1214" HPOS="621"/>
							<String ID="string_258" HPOS="633" VPOS="1214" WIDTH="110" HEIGHT="21" WC="0.90" CONTENT="förevarit."/><SP WIDTH="25" VPOS="1214" HPOS="743"/>
							<String ID="string_259" HPOS="768" VPOS="1213" WIDTH="75" HEIGHT="21" WC="0.96" CONTENT="Under"/>
						</TextLine>
						<TextLine ID="line_32" HPOS="92" VPOS="1248" WIDTH="751" HEIGHT="29">
							<String ID="string_260" HPOS="92" VPOS="1250" WIDTH="77" HEIGHT="22" WC="0.96" CONTENT="sådant"/><SP WIDTH="19" VPOS="1250" HPOS="169"/>
							<String ID="string_261" HPOS="188" VPOS="1249" WIDTH="134" HEIGHT="21" WC="0.96" CONTENT="förhållande"/><SP WIDTH="16" VPOS="1249" HPOS="322"/>
							<String ID="string_262" HPOS="338" VPOS="1249" WIDTH="39" HEIGHT="21" WC="0.96" CONTENT="har"/><SP WIDTH="14" VPOS="1249" HPOS="377"/>
							<String ID="string_263" HPOS="391" VPOS="1250" WIDTH="130" HEIGHT="27" WC="0.96" CONTENT="regeringen"/><SP WIDTH="16" VPOS="1250" HPOS="521"/>
							<String ID="string_264" HPOS="537" VPOS="1248" WIDTH="56" HEIGHT="22" WC="0.96" CONTENT="varit"/><SP WIDTH="16" VPOS="1248" HPOS="593"/>
							<String ID="string_265" HPOS="609" VPOS="1249" WIDTH="6" HEIGHT="19" WC="0.96" CONTENT="i"/><SP WIDTH="16" VPOS="1249" HPOS="615"/>
							<String ID="string_266" HPOS="631" VPOS="1248" WIDTH="33" HEIGHT="21" WC="0.96" CONTENT="sin"/><SP WIDTH="16" VPOS="1248" HPOS="664"/>
							<String ID="string_267" HPOS="680" VPOS="1248" WIDTH="53" HEIGHT="20" WC="0.96" CONTENT="fulla"/><SP WIDTH="15" VPOS="1248" HPOS="733"/>
							<String ID="string_268" HPOS="748" VPOS="1249" WIDTH="52" HEIGHT="26" WC="0.95" CONTENT="rätt,"/><SP WIDTH="16" VPOS="1249" HPOS="800"/>
							<String ID="string_269" HPOS="816" VPOS="1248" WIDTH="27" HEIGHT="20" WC="0.96" CONTENT="då"/>
						</TextLine>
						<TextLine ID="line_33" HPOS="90" VPOS="1282" WIDTH="754" HEIGHT="30">
							<String ID="string_270" HPOS="90" VPOS="1284" WIDTH="132" HEIGHT="28" WC="0.96" CONTENT="regeringen"/><SP WIDTH="16" VPOS="1284" HPOS="222"/>
							<String ID="string_271" HPOS="238" VPOS="1286" WIDTH="51" HEIGHT="18" WC="0.96" CONTENT="utan"/><SP WIDTH="16" VPOS="1286" HPOS="289"/>
							<String ID="string_272" HPOS="305" VPOS="1283" WIDTH="127" HEIGHT="21" WC="0.96" CONTENT="ständernas"/><SP WIDTH="16" VPOS="1283" HPOS="432"/>
							<String ID="string_273" HPOS="448" VPOS="1282" WIDTH="131" HEIGHT="22" WC="0.96" CONTENT="medverkan"/><SP WIDTH="15" VPOS="1282" HPOS="579"/>
							<String ID="string_274" HPOS="594" VPOS="1288" WIDTH="78" HEIGHT="22" WC="0.95" CONTENT="genom"/><SP WIDTH="16" VPOS="1288" HPOS="672"/>
							<String ID="string_275" HPOS="688" VPOS="1282" WIDTH="156" HEIGHT="27" WC="0.95" CONTENT="förordningen"/>
						</TextLine>
						<TextLine ID="line_34" HPOS="92" VPOS="1316" WIDTH="752" HEIGHT="29">
							<String ID="string_276" HPOS="92" VPOS="1318" WIDTH="42" HEIGHT="21" WC="0.96" CONTENT="den"/><SP WIDTH="16" VPOS="1318" HPOS="134"/>
							<String ID="string_277" HPOS="150" VPOS="1318" WIDTH="26" HEIGHT="20" WC="0.96" CONTENT="12"/><SP WIDTH="16" VPOS="1318" HPOS="176"/>
							<String ID="string_278" HPOS="192" VPOS="1318" WIDTH="114" HEIGHT="20" WC="0.96" CONTENT="december"/><SP WIDTH="17" VPOS="1318" HPOS="306"/>
							<String ID="string_279" HPOS="323" VPOS="1318" WIDTH="53" HEIGHT="20" WC="0.93" CONTENT="1859"/><SP WIDTH="16" VPOS="1318" HPOS="376"/>
							<String ID="string_280" HPOS="392" VPOS="1317" WIDTH="114" HEIGHT="28" WC="0.92" CONTENT="upphäfvit"/><SP WIDTH="15" VPOS="1317" HPOS="506"/>
							<String ID="string_281" HPOS="521" VPOS="1316" WIDTH="142" HEIGHT="21" WC="0.90" CONTENT="hallrätterne"/><SP WIDTH="16" VPOS="1316" HPOS="663"/>
							<String ID="string_282" HPOS="679" VPOS="1316" WIDTH="39" HEIGHT="20" WC="0.93" CONTENT="och"/><SP WIDTH="17" VPOS="1316" HPOS="718"/>
							<String ID="string_283" HPOS="735" VPOS="1316" WIDTH="109" HEIGHT="20" WC="0.92" CONTENT="öfverlåtit"/>
						</TextLine>
						<TextLine ID="line_35" HPOS="94" VPOS="1349" WIDTH="750" HEIGHT="29">
							<String ID="string_284" HPOS="94" VPOS="1351" WIDTH="62" HEIGHT="22" WC="0.92" CONTENT="deras"/><SP WIDTH="20" VPOS="1351" HPOS="156"/>
							<String ID="string_285" HPOS="176" VPOS="1350" WIDTH="131" HEIGHT="28" WC="0.96" CONTENT="åligganden"/><SP WIDTH="20" VPOS="1350" HPOS="307"/>
							<String ID="string_286" HPOS="327" VPOS="1351" WIDTH="22" HEIGHT="19" WC="0.93" CONTENT="ät"/><SP WIDTH="20" VPOS="1351" HPOS="349"/>
							<String ID="string_287" HPOS="369" VPOS="1350" WIDTH="176" HEIGHT="27" WC="0.90" CONTENT="magistraterne;"/><SP WIDTH="19" VPOS="1350" HPOS="545"/>
							<String ID="string_288" HPOS="564" VPOS="1349" WIDTH="50" HEIGHT="21" WC="0.96" CONTENT="med"/><SP WIDTH="19" VPOS="1349" HPOS="614"/>
							<String ID="string_289" HPOS="633" VPOS="1356" WIDTH="83" HEIGHT="14" WC="0.96" CONTENT="samma"/><SP WIDTH="20" VPOS="1356" HPOS="716"/>
							<String ID="string_290" HPOS="736" VPOS="1351" WIDTH="42" HEIGHT="18" WC="0.96" CONTENT="rätt"/><SP WIDTH="23" VPOS="1351" HPOS="778"/>
							<String ID="string_291" HPOS="801" VPOS="1349" WIDTH="43" HEIGHT="20" WC="0.45" CONTENT="till"/>
						</TextLine>
						<TextLine ID="line_36" HPOS="92" VPOS="1383" WIDTH="752" HEIGHT="29">
							<String ID="string_292" HPOS="92" VPOS="1386" WIDTH="99" HEIGHT="21" WC="0.96" CONTENT="kommer"/><SP WIDTH="15" VPOS="1386" HPOS="191"/>
							<String ID="string_293" HPOS="206" VPOS="1384" WIDTH="36" HEIGHT="21" WC="0.93" CONTENT="det"/><SP WIDTH="16" VPOS="1384" HPOS="242"/>
							<String ID="string_294" HPOS="258" VPOS="1384" WIDTH="40" HEIGHT="21" WC="0.96" CONTENT="ock"/><SP WIDTH="15" VPOS="1384" HPOS="298"/>
							<String ID="string_295" HPOS="313" VPOS="1384" WIDTH="129" HEIGHT="28" WC="0.96" CONTENT="regeringen"/><SP WIDTH="17" VPOS="1384" HPOS="442"/>
							<String ID="string_296" HPOS="459" VPOS="1386" WIDTH="31" HEIGHT="18" WC="0.93" CONTENT="att"/><SP WIDTH="15" VPOS="1386" HPOS="490"/>
							<String ID="string_297" HPOS="505" VPOS="1385" WIDTH="84" HEIGHT="19" WC="0.96" CONTENT="ensamt"/><SP WIDTH="15" VPOS="1385" HPOS="589"/>
							<String ID="string_298" HPOS="604" VPOS="1383" WIDTH="85" HEIGHT="21" WC="0.96" CONTENT="besluta"/><SP WIDTH="14" VPOS="1383" HPOS="689"/>
							<String ID="string_299" HPOS="703" VPOS="1389" WIDTH="34" HEIGHT="15" WC="0.93" CONTENT="om"/><SP WIDTH="12" VPOS="1389" HPOS="737"/>
							<String ID="string_300" HPOS="749" VPOS="1383" WIDTH="95" HEIGHT="26" WC="0.96" CONTENT="lindring"/>
						</TextLine>
						<TextLine ID="line_37" HPOS="91" VPOS="1416" WIDTH="753" HEIGHT="33">
							<String ID="string_301" HPOS="91" VPOS="1421" WIDTH="10" HEIGHT="22" WC="0.92" CONTENT="i"/><SP WIDTH="7" VPOS="1421" HPOS="101"/>
							<String ID="string_302" HPOS="108" VPOS="1419" WIDTH="181" HEIGHT="30" WC="0.89" CONTENT="magistraternes"/><SP WIDTH="16" VPOS="1419" HPOS="289"/>
							<String ID="string_303" HPOS="305" VPOS="1418" WIDTH="130" HEIGHT="29" WC="0.91" CONTENT="äligganden"/><SP WIDTH="16" VPOS="1418" HPOS="435"/>
							<String ID="string_304" HPOS="451" VPOS="1420" WIDTH="32" HEIGHT="19" WC="0.93" CONTENT="att"/><SP WIDTH="16" VPOS="1420" HPOS="483"/>
							<String ID="string_305" HPOS="499" VPOS="1417" WIDTH="90" HEIGHT="22" WC="0.91" CONTENT="insända"/><SP WIDTH="10" VPOS="1417" HPOS="589"/>
							<String ID="string_306" HPOS="599" VPOS="1417" WIDTH="124" HEIGHT="21" WC="0.92" CONTENT="renskrifna"/><SP WIDTH="12" VPOS="1417" HPOS="723"/>
							<String ID="string_307" HPOS="735" VPOS="1416" WIDTH="109" HEIGHT="32" WC="0.88" CONTENT="exemplar"/>
						</TextLine>
					</TextBlock>
				</ComposedBlock>
				<GraphicalElement ID="cblock_2" HPOS="1010" VPOS="1193" WIDTH="7" HEIGHT="513"></GraphicalElement >
			</PrintSpace>
		</Page>
	</Layout>
</alto>
