1009 1709
759 140 41 22 635

76 214 49 14 nen.
148 208 53 20 Men
217 208 27 20 då
259 206 132 22 hufvudman
407 208 40 20 och
463 207 55 21 hans
533 207 70 21 äldste
619 214 39 14 son
669 207 76 29 afgått,
756 208 23 20 så
791 207 36 21 be-

75 241 77 21 höfves
173 242 20 26 ej
215 242 73 27 någon
307 248 30 21 ny
357 241 150 21 introduktion
522 242 34 20 för
572 241 41 21 den
629 248 69 21 yngre
713 248 68 14 sonen
797 243 32 19 att

75 276 75 27 intaga
168 275 42 21 den
226 275 125 28 friherrliga
367 275 52 21 eller
435 275 91 29 grefliga
540 277 71 19 ättens
627 277 53 25 säte,
696 276 40 21 och
753 276 36 20 det
804 278 24 18 är

75 309 75 29 härpå,
171 316 45 14 som
237 309 41 21 den
298 310 7 20 i
327 308 93 23 svenska
434 309 238 28 riddarhusordningen
687 310 90 28 intagna
791 310 37 21 be-

75 344 141 20 stämmelsen
232 344 74 27 syftar.
337 343 42 28 Jag
395 350 64 14 anser
474 344 122 21 emellertid
612 344 35 21 det
662 344 166 28 ifrågavarande

75 378 100 28 tillägget
197 385 52 15 vara
269 378 7 20 i
296 378 39 21 vår
353 377 209 29 riddarhusordning
577 378 89 22 alldeles
682 378 145 29 öfverflödigt,

76 413 33 21 till
125 412 40 22 och
181 412 50 22 med
245 412 49 21 litet
307 412 153 22 vilseledande.

142 447 59 21 Herr
216 447 152 26 Schauman,
385 447 20 21 J.
422 447 37 21 A.:
476 447 43 28 Jag
535 447 32 21 får
583 447 50 21 med
647 447 103 21 afseende
766 448 12 20 å
789 448 38 20 fri-

75 482 62 22 herre
154 482 118 28 Carpelans
293 482 101 28 yttrande
409 482 114 27 anmärka,
542 483 32 19 att
589 488 82 15 samma
685 482 143 27 förhållande,

76 524 45 13 som
145 517 106 20 existerar
274 516 50 21 med
344 515 26 22 de
391 516 124 21 nuvarande
536 516 91 28 grefliga
648 516 40 22 och
703 516 124 28 friherrliga

74 552 86 20 ätterna
179 551 6 20 i
202 550 101 29 Sverige,
323 552 52 26 äger
390 550 65 21 också
470 558 48 14 rum
533 550 51 22 med
599 550 67 28 några
681 550 74 28 dylika
771 552 56 20 ätter

74 586 38 20 här
128 585 39 21 hos
183 592 42 14 oss.

142 619 49 21 Den
212 619 23 21 af
248 619 51 21 herr
314 619 200 22 landtmarskalken
529 619 53 21 härå
597 618 135 22 framställda
746 627 79 21 propo-

74 654 95 21 sitionen
186 661 37 13 var
239 654 24 21 af
277 654 96 27 följande
390 654 92 27 lydelse:

144 688 144 27 »Godkänner
307 688 152 28 ridderskapet
475 688 40 21 och
531 688 63 21 adeln
611 688 12 21 7
632 684 12 36 8
653 688 12 27 i
678 688 105 28 förslaget
794 688 32 21 till

73 722 209 28 riddarhusordning
302 722 31 21 uti
353 722 42 21 den
415 722 7 20 i
440 722 232 22 riddarhusutskottets
688 722 137 22 betänkande

72 757 124 28 föreslagna
212 757 90 27 lydelse.

140 792 50 20 Den
211 798 46 14 som
276 790 38 22 vill
334 790 117 28 godkänna
471 790 42 22 den
533 790 125 28 föreslagna
674 790 151 29 ordalydelsen

74 833 74 13 svarar
161 826 34 27 ja;
211 824 42 22 den
269 825 37 21 det
321 825 48 21 icke
384 825 39 21 vill
439 832 74 14 svarar
528 825 43 27 nej.

141 860 84 21 Vinner
241 860 46 28 nej,
303 860 106 21 uteslutes
424 860 48 21 från
488 859 165 29 ifrågavarande
669 860 12 27 &
695 860 67 21 orden
773 860 56 26 ,och'

72 902 46 14 som
134 894 53 28 sjelf
200 895 20 27 ej
235 894 128 22 innehafver
377 894 68 28 högre
461 894 115 28 värdighet
591 895 28 27 på
634 894 155 27 riddarhuset";

72 930 89 20 hvilken
179 929 137 28 proposition:
335 929 23 21 af
372 929 87 21 ståndet
473 928 131 22 besvarades
619 928 50 21 med
684 929 47 27 nej;
747 928 7 21 i
769 928 56 29 följd

71 964 79 22 hvaraf
163 963 158 39 ofvanberörde
337 963 39 22 ord
392 964 70 20 skulle
478 964 48 21 från
542 963 93 21 nämnde
651 964 11 26 $
678 963 57 28 utgå.

423 998 46 27 88

140 1032 103 22 Rörande
259 1032 70 21 denna
345 1033 11 26 $
372 1032 96 28 yttrade:

140 1067 58 21 Herr
214 1066 188 22 Schatelovitz:
422 1066 77 21 Denna
515 1067 11 27 8
543 1066 69 21 skulle
626 1066 39 27 jag
680 1066 33 21 för
729 1066 44 21 min
788 1066 35 22 del

72 1101 68 21 önska
160 1102 31 20 att
211 1101 33 21 till
264 1101 85 28 princip
371 1101 40 21 och
431 1101 97 21 innehåll
543 1100 22 21 få
581 1100 46 21 helt
643 1100 39 21 och
698 1100 68 21 hållet
781 1100 44 21 för-

72 1135 88 27 ändrad,
177 1135 91 21 sålunda
282 1135 117 27 nemligen,
411 1136 32 20 att
453 1134 152 29 ridderskapet
617 1134 40 21 och
669 1134 64 22 adeln
745 1141 78 21 genom

73 1171 33 20 val
128 1170 55 20 skall
203 1172 48 18 utse
271 1169 75 21 femtio
367 1170 55 20 eller
442 1170 69 20 sextio
531 1168 23 22 af
571 1168 97 22 ständets
684 1169 141 21 medlemmar

72 1205 33 20 för
121 1206 31 19 att
168 1204 69 21 under
251 1203 104 28 landtdag
370 1208 153 24 representera
539 1203 92 21 ständet.

142 1239 65 21 Utom
228 1238 25 21 af
266 1238 26 21 de
308 1238 54 28 skäl,
378 1246 46 13 som
440 1238 33 21 för
489 1245 28 13 en
533 1238 66 21 sädan
615 1237 127 28 förändring
757 1222 66 36 redan

72 1274 24 20 af
110 1280 26 14 en
152 1273 52 21 ärad
220 1273 93 21 medlem
329 1272 23 21 af
366 1272 86 21 ståndet
467 1272 59 21 förut
541 1272 72 21 blifvit
628 1271 91 21 anförda
735 1272 40 20 och
791 1272 33 20 till

72 1308 113 28 principen
206 1307 90 21 allmänt
316 1306 89 28 gillade,
427 1306 124 21 föranledes
563 1306 40 28 jag
618 1306 33 20 till
667 1306 61 21 detta
743 1306 82 27 förslag

72 1342 64 20 äfven
152 1341 24 20 af
189 1341 41 20 den
247 1341 71 25 orsak,
334 1343 32 18 att
376 1341 127 26 härigenom
516 1340 43 20 alla
571 1340 26 20 de
609 1340 134 27 svårigheter
752 1340 72 20 kunde

73 1374 116 27 undvikas,
204 1374 75 21 hvilka
294 1374 73 21 säkert
382 1374 79 27 uppstå
477 1373 36 21 vid
527 1374 13 20 4
555 1373 39 21 och
611 1374 12 19 5
638 1375 150 19 momenterna
803 1372 24 21 af

72 1409 147 29 nästföljande
240 1410 11 20 9
273 1410 18 26 $.
321 1408 33 28 Ty
374 1408 37 21 det
431 1415 63 21 synes
515 1408 45 28 mig
578 1406 58 22 klart
651 1408 31 20 att
697 1407 67 29 sagde
780 1414 44 14 mo-

72 1447 84 20 menter
172 1444 40 22 lätt
227 1444 74 22 kunna
316 1443 103 22 bortfalla
434 1450 34 15 om
483 1442 50 22 mitt
547 1442 83 32 förslag
645 1444 96 30 antages.
