<?xml version="1.0" encoding="UTF-8"?>
<alto xmlns="http://www.loc.gov/standards/alto/ns-v3#" xmlns:xlink="http://www.w3.org/1999/xlink" xmlns:xsi="http://www.w3.org/2001/XMLSchema-instance" xsi:schemaLocation="http://www.loc.gov/standards/alto/ns-v3# http://www.loc.gov/alto/v3/alto-3-0.xsd">
	<Description>
		<MeasurementUnit>pixel</MeasurementUnit>
		<sourceImageInformation>
			<fileName>/tmp/tess_km7p1ao1_input.PNG</fileName>
		</sourceImageInformation>
		<OCRProcessing ID="OCR_0">
			<ocrProcessingStep>
				<processingSoftware>
					<softwareName>tesseract 5.3.4</softwareName>
				</processingSoftware>
			</ocrProcessingStep>
		</OCRProcessing>
	</Description>
	<Layout>
		<Page WIDTH="1025" HEIGHT="1714" PHYSICAL_IMG_NR="0" ID="page_0">
			<PrintSpace HPOS="0" VPOS="0" WIDTH="1025" HEIGHT="1714">
				<ComposedBlock ID="cblock_0" HPOS="214" VPOS="119" WIDTH="41" HEIGHT="20">
					<TextBlock ID="block_0" HPOS="214" VPOS="119" WIDTH="41" HEIGHT="20">
						<TextLine ID="line_0" HPOS="214" VPOS="119" WIDTH="41" HEIGHT="20">
							<String ID="string_0" HPOS="214" VPOS="119" WIDTH="41" HEIGHT="20" WC="0.96" CONTENT="876"/>
						</TextLine>
					</TextBlock>
				</ComposedBlock>
				<ComposedBlock ID="cblock_1" HPOS="185" VPOS="180" WIDTH="756" HEIGHT="1262">
					<TextBlock ID="block_1" HPOS="185" VPOS="180" WIDTH="755" HEIGHT="98">
						<TextLine ID="line_1" HPOS="185" VPOS="180" WIDTH="755" HEIGHT="30">
							<String ID="string_1" HPOS="185" VPOS="182" WIDTH="178" HEIGHT="28" WC="0.92" CONTENT="höfdingedöme,"/><SP WIDTH="21" VPOS="182" HPOS="363"/>
							<String ID="string_2" HPOS="384" VPOS="184" WIDTH="52" HEIGHT="18" WC="0.96" CONTENT="utan"/><SP WIDTH="21" VPOS="184" HPOS="436"/>
							<String ID="string_3" HPOS="457" VPOS="182" WIDTH="62" HEIGHT="21" WC="0.96" CONTENT="äfven"/><SP WIDTH="23" VPOS="182" HPOS="519"/>
							<String ID="string_4" HPOS="542" VPOS="183" WIDTH="68" HEIGHT="20" WC="0.96" CONTENT="större"/><SP WIDTH="22" VPOS="183" HPOS="610"/>
							<String ID="string_5" HPOS="632" VPOS="181" WIDTH="53" HEIGHT="21" WC="0.96" CONTENT="eller"/><SP WIDTH="19" VPOS="181" HPOS="685"/>
							<String ID="string_6" HPOS="704" VPOS="180" WIDTH="84" HEIGHT="22" WC="0.96" CONTENT="mindre"/><SP WIDTH="21" VPOS="180" HPOS="788"/>
							<String ID="string_7" HPOS="809" VPOS="181" WIDTH="88" HEIGHT="21" WC="0.95" CONTENT="andelar"/><SP WIDTH="19" VPOS="181" HPOS="897"/>
							<String ID="string_8" HPOS="916" VPOS="180" WIDTH="24" HEIGHT="22" WC="0.96" CONTENT="af"/>
						</TextLine>
						<TextLine ID="line_2" HPOS="185" VPOS="215" WIDTH="753" HEIGHT="29">
							<String ID="string_9" HPOS="185" VPOS="216" WIDTH="67" HEIGHT="21" WC="0.96" CONTENT="andra"/><SP WIDTH="20" VPOS="216" HPOS="252"/>
							<String ID="string_10" HPOS="272" VPOS="216" WIDTH="151" HEIGHT="28" WC="0.96" CONTENT="angränsande"/><SP WIDTH="20" VPOS="216" HPOS="423"/>
							<String ID="string_11" HPOS="443" VPOS="216" WIDTH="34" HEIGHT="20" WC="0.96" CONTENT="län"/><SP WIDTH="22" VPOS="216" HPOS="477"/>
							<String ID="string_12" HPOS="499" VPOS="217" WIDTH="28" HEIGHT="27" WC="0.96" CONTENT="pä"/><SP WIDTH="21" VPOS="217" HPOS="527"/>
							<String ID="string_13" HPOS="548" VPOS="218" WIDTH="31" HEIGHT="18" WC="0.93" CONTENT="ett"/><SP WIDTH="19" VPOS="218" HPOS="579"/>
							<String ID="string_14" HPOS="598" VPOS="215" WIDTH="87" HEIGHT="21" WC="0.92" CONTENT="afstånd"/><SP WIDTH="21" VPOS="215" HPOS="685"/>
							<String ID="string_15" HPOS="706" VPOS="216" WIDTH="23" HEIGHT="20" WC="0.96" CONTENT="af"/><SP WIDTH="19" VPOS="216" HPOS="729"/>
							<String ID="string_16" HPOS="748" VPOS="215" WIDTH="101" HEIGHT="28" WC="0.93" CONTENT="omkring"/><SP WIDTH="18" VPOS="215" HPOS="849"/>
							<String ID="string_17" HPOS="867" VPOS="216" WIDTH="71" HEIGHT="20" WC="0.88" CONTENT="8—12"/>
						</TextLine>
						<TextLine ID="line_3" HPOS="185" VPOS="250" WIDTH="328" HEIGHT="28">
							<String ID="string_18" HPOS="185" VPOS="250" WIDTH="70" HEIGHT="21" WC="0.96" CONTENT="finska"/><SP WIDTH="14" VPOS="250" HPOS="255"/>
							<String ID="string_19" HPOS="269" VPOS="250" WIDTH="39" HEIGHT="21" WC="0.96" CONTENT="mil"/><SP WIDTH="15" VPOS="250" HPOS="308"/>
							<String ID="string_20" HPOS="323" VPOS="250" WIDTH="49" HEIGHT="21" WC="0.96" CONTENT="från"/><SP WIDTH="16" VPOS="250" HPOS="372"/>
							<String ID="string_21" HPOS="388" VPOS="250" WIDTH="125" HEIGHT="28" WC="0.96" CONTENT="Jyväskylä."/>
						</TextLine>
					</TextBlock>
					<TextBlock ID="block_2" HPOS="185" VPOS="283" WIDTH="755" HEIGHT="193">
						<TextLine ID="line_4" HPOS="253" VPOS="283" WIDTH="686" HEIGHT="29">
							<String ID="string_22" HPOS="253" VPOS="284" WIDTH="49" HEIGHT="21" WC="0.95" CONTENT="Den"/><SP WIDTH="16" VPOS="284" HPOS="302"/>
							<String ID="string_23" HPOS="318" VPOS="291" WIDTH="58" HEIGHT="20" WC="0.96" CONTENT="unga"/><SP WIDTH="15" VPOS="291" HPOS="376"/>
							<String ID="string_24" HPOS="391" VPOS="284" WIDTH="128" HEIGHT="28" WC="0.96" CONTENT="uppgående"/><SP WIDTH="17" VPOS="284" HPOS="519"/>
							<String ID="string_25" HPOS="536" VPOS="284" WIDTH="74" HEIGHT="21" WC="0.96" CONTENT="staden"/><SP WIDTH="17" VPOS="284" HPOS="610"/>
							<String ID="string_26" HPOS="627" VPOS="283" WIDTH="99" HEIGHT="21" WC="0.96" CONTENT="kommer"/><SP WIDTH="11" VPOS="283" HPOS="726"/>
							<String ID="string_27" HPOS="737" VPOS="283" WIDTH="90" HEIGHT="21" WC="0.96" CONTENT="sålunda"/><SP WIDTH="10" VPOS="283" HPOS="827"/>
							<String ID="string_28" HPOS="837" VPOS="285" WIDTH="32" HEIGHT="19" WC="0.96" CONTENT="att"/><SP WIDTH="10" VPOS="285" HPOS="869"/>
							<String ID="string_29" HPOS="879" VPOS="284" WIDTH="60" HEIGHT="27" WC="0.96" CONTENT="ligga"/>
						</TextLine>
						<TextLine ID="line_5" HPOS="185" VPOS="317" WIDTH="755" HEIGHT="29">
							<String ID="string_30" HPOS="185" VPOS="318" WIDTH="7" HEIGHT="20" WC="0.96" CONTENT="i"/><SP WIDTH="16" VPOS="318" HPOS="192"/>
							<String ID="string_31" HPOS="208" VPOS="318" WIDTH="170" HEIGHT="28" WC="0.96" CONTENT="medelpunkten"/><SP WIDTH="16" VPOS="318" HPOS="378"/>
							<String ID="string_32" HPOS="394" VPOS="318" WIDTH="24" HEIGHT="21" WC="0.95" CONTENT="af"/><SP WIDTH="13" VPOS="318" HPOS="418"/>
							<String ID="string_33" HPOS="431" VPOS="318" WIDTH="36" HEIGHT="20" WC="0.95" CONTENT="det"/><SP WIDTH="16" VPOS="318" HPOS="467"/>
							<String ID="string_34" HPOS="483" VPOS="326" WIDTH="43" HEIGHT="20" WC="0.96" CONTENT="nya"/><SP WIDTH="14" VPOS="326" HPOS="526"/>
							<String ID="string_35" HPOS="540" VPOS="319" WIDTH="66" HEIGHT="20" WC="0.96" CONTENT="länet."/><SP WIDTH="27" VPOS="319" HPOS="606"/>
							<String ID="string_36" HPOS="633" VPOS="317" WIDTH="81" HEIGHT="21" WC="0.94" CONTENT="Staden"/><SP WIDTH="14" VPOS="317" HPOS="714"/>
							<String ID="string_37" HPOS="728" VPOS="318" WIDTH="45" HEIGHT="20" WC="0.96" CONTENT="står"/><SP WIDTH="10" VPOS="318" HPOS="773"/>
							<String ID="string_38" HPOS="783" VPOS="318" WIDTH="65" HEIGHT="20" WC="0.96" CONTENT="redan"/><SP WIDTH="12" VPOS="318" HPOS="848"/>
							<String ID="string_39" HPOS="860" VPOS="318" WIDTH="7" HEIGHT="20" WC="0.93" CONTENT="i"/><SP WIDTH="11" VPOS="318" HPOS="867"/>
							<String ID="string_40" HPOS="878" VPOS="318" WIDTH="62" HEIGHT="21" WC="0.93" CONTENT="kom-"/>
						</TextLine>
						<TextLine ID="line_6" HPOS="186" VPOS="352" WIDTH="754" HEIGHT="28">
							<String ID="string_41" HPOS="186" VPOS="352" WIDTH="135" HEIGHT="22" WC="0.91" CONTENT="munikation"/><SP WIDTH="24" VPOS="352" HPOS="321"/>
							<String ID="string_42" HPOS="345" VPOS="353" WIDTH="51" HEIGHT="20" WC="0.95" CONTENT="med"/><SP WIDTH="19" VPOS="353" HPOS="396"/>
							<String ID="string_43" HPOS="415" VPOS="352" WIDTH="59" HEIGHT="21" WC="0.93" CONTENT="detta"/><SP WIDTH="19" VPOS="352" HPOS="474"/>
							<String ID="string_44" HPOS="493" VPOS="353" WIDTH="73" HEIGHT="27" WC="0.91" CONTENT="gebiet"/><SP WIDTH="20" VPOS="353" HPOS="566"/>
							<String ID="string_45" HPOS="586" VPOS="352" WIDTH="48" HEIGHT="21" WC="0.96" CONTENT="icke"/><SP WIDTH="21" VPOS="352" HPOS="634"/>
							<String ID="string_46" HPOS="655" VPOS="352" WIDTH="55" HEIGHT="21" WC="0.96" CONTENT="blott"/><SP WIDTH="21" VPOS="352" HPOS="710"/>
							<String ID="string_47" HPOS="731" VPOS="359" WIDTH="78" HEIGHT="21" WC="0.93" CONTENT="genom"/><SP WIDTH="20" VPOS="359" HPOS="809"/>
							<String ID="string_48" HPOS="829" VPOS="353" WIDTH="111" HEIGHT="20" WC="0.93" CONTENT="allmänna"/>
						</TextLine>
						<TextLine ID="line_7" HPOS="185" VPOS="386" WIDTH="754" HEIGHT="29">
							<String ID="string_49" HPOS="185" VPOS="386" WIDTH="136" HEIGHT="29" WC="0.96" CONTENT="landsvägar,"/><SP WIDTH="16" VPOS="386" HPOS="321"/>
							<String ID="string_50" HPOS="337" VPOS="387" WIDTH="74" HEIGHT="21" WC="0.91" CONTENT="hvilka"/><SP WIDTH="15" VPOS="387" HPOS="411"/>
							<String ID="string_51" HPOS="426" VPOS="388" WIDTH="75" HEIGHT="26" WC="0.91" CONTENT="utlöpa"/><SP WIDTH="14" VPOS="388" HPOS="501"/>
							<String ID="string_52" HPOS="515" VPOS="387" WIDTH="7" HEIGHT="21" WC="0.96" CONTENT="i"/><SP WIDTH="16" VPOS="387" HPOS="522"/>
							<String ID="string_53" HPOS="538" VPOS="388" WIDTH="43" HEIGHT="20" WC="0.95" CONTENT="alla"/><SP WIDTH="15" VPOS="388" HPOS="581"/>
							<String ID="string_54" HPOS="596" VPOS="386" WIDTH="122" HEIGHT="28" WC="0.96" CONTENT="riktningar"/><SP WIDTH="15" VPOS="386" HPOS="718"/>
							<String ID="string_55" HPOS="733" VPOS="386" WIDTH="79" HEIGHT="21" WC="0.93" CONTENT="liksom"/><SP WIDTH="11" VPOS="386" HPOS="812"/>
							<String ID="string_56" HPOS="823" VPOS="387" WIDTH="72" HEIGHT="21" WC="0.92" CONTENT="radier"/><SP WIDTH="11" VPOS="387" HPOS="895"/>
							<String ID="string_57" HPOS="906" VPOS="387" WIDTH="33" HEIGHT="20" WC="0.96" CONTENT="till"/>
						</TextLine>
						<TextLine ID="line_8" HPOS="185" VPOS="420" WIDTH="753" HEIGHT="29">
							<String ID="string_58" HPOS="185" VPOS="420" WIDTH="127" HEIGHT="28" WC="0.91" CONTENT="periferien,"/><SP WIDTH="16" VPOS="420" HPOS="312"/>
							<String ID="string_59" HPOS="328" VPOS="423" WIDTH="52" HEIGHT="19" WC="0.95" CONTENT="utan"/><SP WIDTH="22" VPOS="423" HPOS="380"/>
							<String ID="string_60" HPOS="402" VPOS="421" WIDTH="39" HEIGHT="21" WC="0.96" CONTENT="ock"/><SP WIDTH="20" VPOS="421" HPOS="441"/>
							<String ID="string_61" HPOS="461" VPOS="428" WIDTH="79" HEIGHT="20" WC="0.92" CONTENT="genom"/><SP WIDTH="20" VPOS="428" HPOS="540"/>
							<String ID="string_62" HPOS="560" VPOS="421" WIDTH="92" HEIGHT="28" WC="0.90" CONTENT="Päijäne"/><SP WIDTH="20" VPOS="421" HPOS="652"/>
							<String ID="string_63" HPOS="672" VPOS="422" WIDTH="167" HEIGHT="27" WC="0.93" CONTENT="vattensystem,"/><SP WIDTH="22" VPOS="422" HPOS="839"/>
							<String ID="string_64" HPOS="861" VPOS="421" WIDTH="77" HEIGHT="21" WC="0.90" CONTENT="åtmin-"/>
						</TextLine>
						<TextLine ID="line_9" HPOS="186" VPOS="455" WIDTH="152" HEIGHT="21">
							<String ID="string_65" HPOS="186" VPOS="456" WIDTH="62" HEIGHT="20" WC="0.96" CONTENT="stone"/><SP WIDTH="15" VPOS="456" HPOS="248"/>
							<String ID="string_66" HPOS="263" VPOS="455" WIDTH="75" HEIGHT="21" WC="0.95" CONTENT="delvis."/>
						</TextLine>
					</TextBlock>
					<TextBlock ID="block_3" HPOS="186" VPOS="489" WIDTH="754" HEIGHT="132">
						<TextLine ID="line_10" HPOS="254" VPOS="489" WIDTH="685" HEIGHT="27">
							<String ID="string_67" HPOS="254" VPOS="490" WIDTH="51" HEIGHT="20" WC="0.96" CONTENT="Men"/><SP WIDTH="21" VPOS="490" HPOS="305"/>
							<String ID="string_68" HPOS="326" VPOS="490" WIDTH="47" HEIGHT="21" WC="0.93" CONTENT="icke"/><SP WIDTH="21" VPOS="490" HPOS="373"/>
							<String ID="string_69" HPOS="394" VPOS="490" WIDTH="93" HEIGHT="21" WC="0.91" CONTENT="allenast"/><SP WIDTH="19" VPOS="490" HPOS="487"/>
							<String ID="string_70" HPOS="506" VPOS="490" WIDTH="6" HEIGHT="20" WC="0.93" CONTENT="i"/><SP WIDTH="20" VPOS="490" HPOS="512"/>
							<String ID="string_71" HPOS="532" VPOS="490" WIDTH="118" HEIGHT="21" WC="0.92" CONTENT="medlersta"/><SP WIDTH="14" VPOS="490" HPOS="650"/>
							<String ID="string_72" HPOS="664" VPOS="489" WIDTH="104" HEIGHT="27" WC="0.96" CONTENT="Finland,"/><SP WIDTH="17" VPOS="489" HPOS="768"/>
							<String ID="string_73" HPOS="785" VPOS="492" WIDTH="51" HEIGHT="19" WC="0.96" CONTENT="utan"/><SP WIDTH="17" VPOS="492" HPOS="836"/>
							<String ID="string_74" HPOS="853" VPOS="490" WIDTH="63" HEIGHT="21" WC="0.95" CONTENT="äfven"/><SP WIDTH="16" VPOS="490" HPOS="916"/>
							<String ID="string_75" HPOS="932" VPOS="490" WIDTH="7" HEIGHT="20" WC="0.96" CONTENT="i"/>
						</TextLine>
						<TextLine ID="line_11" HPOS="187" VPOS="518" WIDTH="752" HEIGHT="33">
							<String ID="string_76" HPOS="187" VPOS="530" WIDTH="63" HEIGHT="15" WC="0.96" CONTENT="norra"/><SP WIDTH="16" VPOS="530" HPOS="250"/>
							<String ID="string_77" HPOS="266" VPOS="524" WIDTH="105" HEIGHT="27" WC="0.95" CONTENT="Karelen,"/><SP WIDTH="15" VPOS="524" HPOS="371"/>
							<String ID="string_78" HPOS="386" VPOS="524" WIDTH="8" HEIGHT="21" WC="0.95" CONTENT="i"/><SP WIDTH="15" VPOS="524" HPOS="394"/>
							<String ID="string_79" HPOS="409" VPOS="531" WIDTH="66" HEIGHT="14" WC="0.96" CONTENT="norra"/><SP WIDTH="16" VPOS="531" HPOS="475"/>
							<String ID="string_80" HPOS="491" VPOS="518" WIDTH="140" HEIGHT="27" WC="0.96" CONTENT="Österbotten"/><SP WIDTH="17" VPOS="518" HPOS="631"/>
							<String ID="string_81" HPOS="648" VPOS="524" WIDTH="39" HEIGHT="21" WC="0.96" CONTENT="och"/><SP WIDTH="17" VPOS="524" HPOS="687"/>
							<String ID="string_82" HPOS="704" VPOS="524" WIDTH="107" HEIGHT="21" WC="0.93" CONTENT="måhända"/><SP WIDTH="15" VPOS="524" HPOS="811"/>
							<String ID="string_83" HPOS="826" VPOS="526" WIDTH="113" HEIGHT="19" WC="0.90" CONTENT="annorstä-"/>
						</TextLine>
						<TextLine ID="line_12" HPOS="186" VPOS="558" WIDTH="754" HEIGHT="29">
							<String ID="string_84" HPOS="186" VPOS="558" WIDTH="38" HEIGHT="21" WC="0.96" CONTENT="des"/><SP WIDTH="20" VPOS="558" HPOS="224"/>
							<String ID="string_85" HPOS="244" VPOS="558" WIDTH="66" HEIGHT="21" WC="0.96" CONTENT="borde"/><SP WIDTH="21" VPOS="558" HPOS="310"/>
							<String ID="string_86" HPOS="331" VPOS="566" WIDTH="43" HEIGHT="21" WC="0.96" CONTENT="nya"/><SP WIDTH="19" VPOS="566" HPOS="374"/>
							<String ID="string_87" HPOS="393" VPOS="559" WIDTH="36" HEIGHT="20" WC="0.96" CONTENT="län"/><SP WIDTH="20" VPOS="559" HPOS="429"/>
							<String ID="string_88" HPOS="449" VPOS="559" WIDTH="79" HEIGHT="27" WC="0.96" CONTENT="bildas,"/><SP WIDTH="22" VPOS="559" HPOS="528"/>
							<String ID="string_89" HPOS="550" VPOS="561" WIDTH="55" HEIGHT="19" WC="0.96" CONTENT="samt"/><SP WIDTH="20" VPOS="561" HPOS="605"/>
							<String ID="string_90" HPOS="625" VPOS="559" WIDTH="68" HEIGHT="20" WC="0.96" CONTENT="andra"/><SP WIDTH="14" VPOS="559" HPOS="693"/>
							<String ID="string_91" HPOS="707" VPOS="559" WIDTH="154" HEIGHT="27" WC="0.96" CONTENT="förändringar"/><SP WIDTH="15" VPOS="559" HPOS="861"/>
							<String ID="string_92" HPOS="876" VPOS="559" WIDTH="25" HEIGHT="20" WC="0.96" CONTENT="af"/><SP WIDTH="12" VPOS="559" HPOS="901"/>
							<String ID="string_93" HPOS="913" VPOS="559" WIDTH="27" HEIGHT="21" WC="0.96" CONTENT="de"/>
						</TextLine>
						<TextLine ID="line_13" HPOS="187" VPOS="593" WIDTH="326" HEIGHT="28">
							<String ID="string_94" HPOS="187" VPOS="593" WIDTH="125" HEIGHT="20" WC="0.96" CONTENT="nuvarande"/><SP WIDTH="15" VPOS="593" HPOS="312"/>
							<String ID="string_95" HPOS="327" VPOS="593" WIDTH="66" HEIGHT="20" WC="0.96" CONTENT="länen"/><SP WIDTH="16" VPOS="593" HPOS="393"/>
							<String ID="string_96" HPOS="409" VPOS="593" WIDTH="104" HEIGHT="28" WC="0.96" CONTENT="vidtagas."/>
						</TextLine>
					</TextBlock>
					<TextBlock ID="block_4" HPOS="254" VPOS="627" WIDTH="233" HEIGHT="27">
						<TextLine ID="line_14" HPOS="254" VPOS="627" WIDTH="233" HEIGHT="27">
							<String ID="string_97" HPOS="254" VPOS="627" WIDTH="61" HEIGHT="27" WC="0.92" CONTENT="Men,"/><SP WIDTH="16" VPOS="627" HPOS="315"/>
							<String ID="string_98" HPOS="331" VPOS="627" WIDTH="156" HEIGHT="21" WC="0.91" CONTENT="kostnaderne!"/>
						</TextLine>
					</TextBlock>
					<TextBlock ID="block_5" HPOS="255" VPOS="661" WIDTH="636" HEIGHT="28">
						<TextLine ID="line_15" HPOS="255" VPOS="661" WIDTH="636" HEIGHT="28">
							<String ID="string_99" HPOS="255" VPOS="661" WIDTH="79" HEIGHT="28" WC="0.95" CONTENT="Någon"/><SP WIDTH="16" VPOS="661" HPOS="334"/>
							<String ID="string_100" HPOS="350" VPOS="661" WIDTH="112" HEIGHT="28" WC="0.96" CONTENT="synnerlig"/><SP WIDTH="15" VPOS="661" HPOS="462"/>
							<String ID="string_101" HPOS="477" VPOS="662" WIDTH="117" HEIGHT="27" WC="0.96" CONTENT="tillökning"/><SP WIDTH="16" VPOS="662" HPOS="594"/>
							<String ID="string_102" HPOS="610" VPOS="661" WIDTH="23" HEIGHT="21" WC="0.96" CONTENT="af"/><SP WIDTH="13" VPOS="661" HPOS="633"/>
							<String ID="string_103" HPOS="646" VPOS="661" WIDTH="49" HEIGHT="21" WC="0.96" CONTENT="dem"/><SP WIDTH="16" VPOS="661" HPOS="695"/>
							<String ID="string_104" HPOS="711" VPOS="661" WIDTH="109" HEIGHT="22" WC="0.96" CONTENT="erfordras"/><SP WIDTH="15" VPOS="661" HPOS="820"/>
							<String ID="string_105" HPOS="835" VPOS="662" WIDTH="56" HEIGHT="21" WC="0.96" CONTENT="icke."/>
						</TextLine>
					</TextBlock>
					<TextBlock ID="block_6" HPOS="187" VPOS="695" WIDTH="754" HEIGHT="131">
						<TextLine ID="line_16" HPOS="254" VPOS="695" WIDTH="687" HEIGHT="29">
							<String ID="string_106" HPOS="254" VPOS="695" WIDTH="50" HEIGHT="21" WC="0.93" CONTENT="Ifall"/><SP WIDTH="19" VPOS="695" HPOS="304"/>
							<String ID="string_107" HPOS="323" VPOS="696" WIDTH="77" HEIGHT="21" WC="0.92" CONTENT="länens"/><SP WIDTH="16" VPOS="696" HPOS="400"/>
							<String ID="string_108" HPOS="416" VPOS="696" WIDTH="59" HEIGHT="21" WC="0.96" CONTENT="antal"/><SP WIDTH="15" VPOS="696" HPOS="475"/>
							<String ID="string_109" HPOS="490" VPOS="696" WIDTH="63" HEIGHT="27" WC="0.96" CONTENT="ökas,"/><SP WIDTH="16" VPOS="696" HPOS="553"/>
							<String ID="string_110" HPOS="569" VPOS="696" WIDTH="95" HEIGHT="21" WC="0.96" CONTENT="minskas"/><SP WIDTH="16" VPOS="696" HPOS="664"/>
							<String ID="string_111" HPOS="680" VPOS="697" WIDTH="139" HEIGHT="27" WC="0.95" CONTENT="naturligtvis"/><SP WIDTH="16" VPOS="697" HPOS="819"/>
							<String ID="string_112" HPOS="835" VPOS="697" WIDTH="6" HEIGHT="20" WC="0.96" CONTENT="i"/><SP WIDTH="16" VPOS="697" HPOS="841"/>
							<String ID="string_113" HPOS="857" VPOS="703" WIDTH="84" HEIGHT="14" WC="0.96" CONTENT="samma"/>
						</TextLine>
						<TextLine ID="line_17" HPOS="187" VPOS="730" WIDTH="753" HEIGHT="29">
							<String ID="string_114" HPOS="187" VPOS="730" WIDTH="135" HEIGHT="21" WC="0.93" CONTENT="förhållande"/><SP WIDTH="16" VPOS="730" HPOS="322"/>
							<String ID="string_115" HPOS="338" VPOS="730" WIDTH="131" HEIGHT="21" WC="0.92" CONTENT="ärendernas"/><SP WIDTH="16" VPOS="730" HPOS="469"/>
							<String ID="string_116" HPOS="485" VPOS="731" WIDTH="80" HEIGHT="27" WC="0.96" CONTENT="mängd"/><SP WIDTH="15" VPOS="731" HPOS="565"/>
							<String ID="string_117" HPOS="580" VPOS="730" WIDTH="36" HEIGHT="21" WC="0.96" CONTENT="vid"/><SP WIDTH="15" VPOS="730" HPOS="616"/>
							<String ID="string_118" HPOS="631" VPOS="730" WIDTH="26" HEIGHT="21" WC="0.96" CONTENT="de"/><SP WIDTH="16" VPOS="730" HPOS="657"/>
							<String ID="string_119" HPOS="673" VPOS="731" WIDTH="60" HEIGHT="20" WC="0.93" CONTENT="äldre"/><SP WIDTH="16" VPOS="731" HPOS="733"/>
							<String ID="string_120" HPOS="749" VPOS="731" WIDTH="191" HEIGHT="28" WC="0.88" CONTENT="länestyrelserna."/>
						</TextLine>
						<TextLine ID="line_18" HPOS="187" VPOS="763" WIDTH="753" HEIGHT="29">
							<String ID="string_121" HPOS="187" VPOS="763" WIDTH="43" HEIGHT="21" WC="0.96" CONTENT="Vid"/><SP WIDTH="23" VPOS="763" HPOS="230"/>
							<String ID="string_122" HPOS="253" VPOS="763" WIDTH="63" HEIGHT="22" WC="0.96" CONTENT="dessa"/><SP WIDTH="23" VPOS="763" HPOS="316"/>
							<String ID="string_123" HPOS="339" VPOS="764" WIDTH="74" HEIGHT="21" WC="0.95" CONTENT="kunna"/><SP WIDTH="21" VPOS="764" HPOS="413"/>
							<String ID="string_124" HPOS="434" VPOS="765" WIDTH="84" HEIGHT="20" WC="0.95" CONTENT="således"/><SP WIDTH="21" VPOS="765" HPOS="518"/>
							<String ID="string_125" HPOS="539" VPOS="765" WIDTH="67" HEIGHT="27" WC="0.93" CONTENT="några"/><SP WIDTH="20" VPOS="765" HPOS="606"/>
							<String ID="string_126" HPOS="626" VPOS="765" WIDTH="131" HEIGHT="27" WC="0.91" CONTENT="tjenstemän"/><SP WIDTH="21" VPOS="765" HPOS="757"/>
							<String ID="string_127" HPOS="778" VPOS="765" WIDTH="101" HEIGHT="21" WC="0.91" CONTENT="umbäras"/><SP WIDTH="21" VPOS="765" HPOS="879"/>
							<String ID="string_128" HPOS="900" VPOS="765" WIDTH="40" HEIGHT="21" WC="0.97" CONTENT="och"/>
						</TextLine>
						<TextLine ID="line_19" HPOS="188" VPOS="798" WIDTH="513" HEIGHT="28">
							<String ID="string_129" HPOS="188" VPOS="800" WIDTH="159" HEIGHT="26" WC="0.96" CONTENT="transporteras"/><SP WIDTH="14" VPOS="800" HPOS="347"/>
							<String ID="string_130" HPOS="361" VPOS="798" WIDTH="33" HEIGHT="21" WC="0.96" CONTENT="till"/><SP WIDTH="16" VPOS="798" HPOS="394"/>
							<String ID="string_131" HPOS="410" VPOS="799" WIDTH="25" HEIGHT="20" WC="0.96" CONTENT="de"/><SP WIDTH="16" VPOS="799" HPOS="435"/>
							<String ID="string_132" HPOS="451" VPOS="805" WIDTH="43" HEIGHT="21" WC="0.93" CONTENT="nya"/><SP WIDTH="15" VPOS="805" HPOS="494"/>
							<String ID="string_133" HPOS="509" VPOS="799" WIDTH="192" HEIGHT="27" WC="0.92" CONTENT="länestyrelserna."/>
						</TextLine>
					</TextBlock>
					<TextBlock ID="block_7" HPOS="188" VPOS="832" WIDTH="753" HEIGHT="62">
						<TextLine ID="line_20" HPOS="255" VPOS="832" WIDTH="686" HEIGHT="29">
							<String ID="string_134" HPOS="255" VPOS="832" WIDTH="44" HEIGHT="21" WC="0.96" CONTENT="Vid"/><SP WIDTH="15" VPOS="832" HPOS="299"/>
							<String ID="string_135" HPOS="314" VPOS="833" WIDTH="26" HEIGHT="20" WC="0.96" CONTENT="de"/><SP WIDTH="17" VPOS="833" HPOS="340"/>
							<String ID="string_136" HPOS="357" VPOS="833" WIDTH="133" HEIGHT="20" WC="0.96" CONTENT="sistnämnde"/><SP WIDTH="15" VPOS="833" HPOS="490"/>
							<String ID="string_137" HPOS="505" VPOS="840" WIDTH="52" HEIGHT="14" WC="0.96" CONTENT="vore"/><SP WIDTH="17" VPOS="840" HPOS="557"/>
							<String ID="string_138" HPOS="574" VPOS="833" WIDTH="64" HEIGHT="20" WC="0.96" CONTENT="också"/><SP WIDTH="14" VPOS="833" HPOS="638"/>
							<String ID="string_139" HPOS="652" VPOS="833" WIDTH="67" HEIGHT="27" WC="0.93" CONTENT="några"/><SP WIDTH="11" VPOS="833" HPOS="719"/>
							<String ID="string_140" HPOS="730" VPOS="833" WIDTH="92" HEIGHT="28" WC="0.92" CONTENT="tjenster"/><SP WIDTH="11" VPOS="833" HPOS="822"/>
							<String ID="string_141" HPOS="833" VPOS="833" WIDTH="108" HEIGHT="22" WC="0.96" CONTENT="måhända"/>
						</TextLine>
						<TextLine ID="line_21" HPOS="188" VPOS="867" WIDTH="616" HEIGHT="27">
							<String ID="string_142" HPOS="188" VPOS="867" WIDTH="128" HEIGHT="27" WC="0.92" CONTENT="obehöfliga,"/><SP WIDTH="16" VPOS="867" HPOS="316"/>
							<String ID="string_143" HPOS="332" VPOS="869" WIDTH="15" HEIGHT="18" WC="0.92" CONTENT="t."/><SP WIDTH="16" VPOS="869" HPOS="347"/>
							<String ID="string_144" HPOS="363" VPOS="874" WIDTH="34" HEIGHT="13" WC="0.93" CONTENT="ex."/><SP WIDTH="16" VPOS="874" HPOS="397"/>
							<String ID="string_145" HPOS="413" VPOS="867" WIDTH="310" HEIGHT="27" WC="0.92" CONTENT="länearkitektsbefattningen"/><SP WIDTH="16" VPOS="867" HPOS="723"/>
							<String ID="string_146" HPOS="739" VPOS="874" WIDTH="28" HEIGHT="13" WC="0.96" CONTENT="m."/><SP WIDTH="17" VPOS="874" HPOS="767"/>
							<String ID="string_147" HPOS="784" VPOS="867" WIDTH="20" HEIGHT="21" WC="0.85" CONTENT="fi."/>
						</TextLine>
					</TextBlock>
					<TextBlock ID="block_8" HPOS="186" VPOS="901" WIDTH="755" HEIGHT="96">
						<TextLine ID="line_22" HPOS="255" VPOS="901" WIDTH="686" HEIGHT="28">
							<String ID="string_148" HPOS="255" VPOS="901" WIDTH="117" HEIGHT="21" WC="0.95" CONTENT="Dessutom"/><SP WIDTH="21" VPOS="901" HPOS="372"/>
							<String ID="string_149" HPOS="393" VPOS="901" WIDTH="72" HEIGHT="20" WC="0.93" CONTENT="kunde"/><SP WIDTH="21" VPOS="901" HPOS="465"/>
							<String ID="string_150" HPOS="486" VPOS="901" WIDTH="106" HEIGHT="21" WC="0.92" CONTENT="mähända"/><SP WIDTH="21" VPOS="901" HPOS="592"/>
							<String ID="string_151" HPOS="613" VPOS="901" WIDTH="162" HEIGHT="28" WC="0.96" CONTENT="förvaltningen"/><SP WIDTH="21" VPOS="901" HPOS="775"/>
							<String ID="string_152" HPOS="796" VPOS="901" WIDTH="7" HEIGHT="20" WC="0.93" CONTENT="i"/><SP WIDTH="19" VPOS="901" HPOS="803"/>
							<String ID="string_153" HPOS="822" VPOS="902" WIDTH="119" HEIGHT="21" WC="0.92" CONTENT="allmänhet"/>
						</TextLine>
						<TextLine ID="line_23" HPOS="186" VPOS="935" WIDTH="754" HEIGHT="28">
							<String ID="string_154" HPOS="186" VPOS="935" WIDTH="112" HEIGHT="21" WC="0.91" CONTENT="förenklas"/><SP WIDTH="20" VPOS="935" HPOS="298"/>
							<String ID="string_155" HPOS="318" VPOS="935" WIDTH="40" HEIGHT="21" WC="0.96" CONTENT="och"/><SP WIDTH="19" VPOS="935" HPOS="358"/>
							<String ID="string_156" HPOS="377" VPOS="935" WIDTH="149" HEIGHT="21" WC="0.93" CONTENT="kostnaderna"/><SP WIDTH="18" VPOS="935" HPOS="526"/>
							<String ID="string_157" HPOS="544" VPOS="935" WIDTH="90" HEIGHT="22" WC="0.92" CONTENT="sälunda"/><SP WIDTH="16" VPOS="935" HPOS="634"/>
							<String ID="string_158" HPOS="650" VPOS="935" WIDTH="141" HEIGHT="28" WC="0.92" CONTENT="förminskas,"/><SP WIDTH="15" VPOS="935" HPOS="791"/>
							<String ID="string_159" HPOS="806" VPOS="938" WIDTH="53" HEIGHT="19" WC="0.93" CONTENT="utan"/><SP WIDTH="16" VPOS="938" HPOS="859"/>
							<String ID="string_160" HPOS="875" VPOS="936" WIDTH="65" HEIGHT="21" WC="0.91" CONTENT="mehn"/>
						</TextLine>
						<TextLine ID="line_24" HPOS="187" VPOS="969" WIDTH="262" HEIGHT="28">
							<String ID="string_161" HPOS="187" VPOS="969" WIDTH="34" HEIGHT="20" WC="0.93" CONTENT="för"/><SP WIDTH="15" VPOS="969" HPOS="221"/>
							<String ID="string_162" HPOS="236" VPOS="970" WIDTH="133" HEIGHT="20" WC="0.92" CONTENT="ärendernas"/><SP WIDTH="16" VPOS="970" HPOS="369"/>
							<String ID="string_163" HPOS="385" VPOS="969" WIDTH="64" HEIGHT="28" WC="0.92" CONTENT="gäng."/>
						</TextLine>
					</TextBlock>
					<TextBlock ID="block_9" HPOS="187" VPOS="1003" WIDTH="754" HEIGHT="97">
						<TextLine ID="line_25" HPOS="254" VPOS="1003" WIDTH="687" HEIGHT="29">
							<String ID="string_164" HPOS="254" VPOS="1003" WIDTH="44" HEIGHT="21" WC="0.95" CONTENT="Vid"/><SP WIDTH="22" VPOS="1003" HPOS="298"/>
							<String ID="string_165" HPOS="320" VPOS="1003" WIDTH="71" HEIGHT="21" WC="0.93" CONTENT="denna"/><SP WIDTH="19" VPOS="1003" HPOS="391"/>
							<String ID="string_166" HPOS="410" VPOS="1004" WIDTH="111" HEIGHT="28" WC="0.92" CONTENT="reglering"/><SP WIDTH="18" VPOS="1004" HPOS="521"/>
							<String ID="string_167" HPOS="539" VPOS="1003" WIDTH="67" HEIGHT="22" WC="0.93" CONTENT="borde"/><SP WIDTH="20" VPOS="1003" HPOS="606"/>
							<String ID="string_168" HPOS="626" VPOS="1003" WIDTH="105" HEIGHT="29" WC="0.92" CONTENT="derjemte"/><SP WIDTH="16" VPOS="1003" HPOS="731"/>
							<String ID="string_169" HPOS="747" VPOS="1004" WIDTH="43" HEIGHT="21" WC="0.96" CONTENT="alla"/><SP WIDTH="15" VPOS="1004" HPOS="790"/>
							<String ID="string_170" HPOS="805" VPOS="1004" WIDTH="36" HEIGHT="21" WC="0.96" CONTENT="län"/><SP WIDTH="16" VPOS="1004" HPOS="841"/>
							<String ID="string_171" HPOS="857" VPOS="1004" WIDTH="84" HEIGHT="21" WC="0.95" CONTENT="indelas"/>
						</TextLine>
						<TextLine ID="line_26" HPOS="187" VPOS="1038" WIDTH="754" HEIGHT="28">
							<String ID="string_172" HPOS="187" VPOS="1038" WIDTH="7" HEIGHT="20" WC="0.93" CONTENT="i"/><SP WIDTH="20" VPOS="1038" HPOS="194"/>
							<String ID="string_173" HPOS="214" VPOS="1038" WIDTH="104" HEIGHT="28" WC="0.91" CONTENT="lämpliga"/><SP WIDTH="20" VPOS="1038" HPOS="318"/>
							<String ID="string_174" HPOS="338" VPOS="1038" WIDTH="97" HEIGHT="26" WC="0.89" CONTENT="distrikt,"/><SP WIDTH="20" VPOS="1038" HPOS="435"/>
							<String ID="string_175" HPOS="455" VPOS="1038" WIDTH="24" HEIGHT="20" WC="0.92" CONTENT="s&amp;"/><SP WIDTH="20" VPOS="1038" HPOS="479"/>
							<String ID="string_176" HPOS="499" VPOS="1040" WIDTH="32" HEIGHT="19" WC="0.93" CONTENT="att"/><SP WIDTH="19" VPOS="1040" HPOS="531"/>
							<String ID="string_177" HPOS="550" VPOS="1039" WIDTH="76" HEIGHT="27" WC="0.92" CONTENT="hvarje"/><SP WIDTH="20" VPOS="1039" HPOS="626"/>
							<String ID="string_178" HPOS="646" VPOS="1038" WIDTH="24" HEIGHT="20" WC="0.96" CONTENT="af"/><SP WIDTH="18" VPOS="1038" HPOS="670"/>
							<String ID="string_179" HPOS="688" VPOS="1038" WIDTH="63" HEIGHT="21" WC="0.95" CONTENT="dessa"/><SP WIDTH="21" VPOS="1038" HPOS="751"/>
							<String ID="string_180" HPOS="772" VPOS="1039" WIDTH="69" HEIGHT="20" WC="0.96" CONTENT="skulle"/><SP WIDTH="21" VPOS="1039" HPOS="841"/>
							<String ID="string_181" HPOS="862" VPOS="1040" WIDTH="79" HEIGHT="26" WC="0.96" CONTENT="utgöra"/>
						</TextLine>
						<TextLine ID="line_27" HPOS="187" VPOS="1072" WIDTH="716" HEIGHT="28">
							<String ID="string_182" HPOS="187" VPOS="1072" WIDTH="92" HEIGHT="28" WC="0.90" CONTENT="fögderi,"/><SP WIDTH="15" VPOS="1072" HPOS="279"/>
							<String ID="string_183" HPOS="294" VPOS="1072" WIDTH="109" HEIGHT="28" WC="0.92" CONTENT="domsaga,"/><SP WIDTH="14" VPOS="1072" HPOS="403"/>
							<String ID="string_184" HPOS="417" VPOS="1072" WIDTH="85" HEIGHT="21" WC="0.92" CONTENT="läkare-"/><SP WIDTH="16" VPOS="1072" HPOS="502"/>
							<String ID="string_185" HPOS="518" VPOS="1073" WIDTH="40" HEIGHT="20" WC="0.93" CONTENT="och"/><SP WIDTH="16" VPOS="1073" HPOS="558"/>
							<String ID="string_186" HPOS="574" VPOS="1072" WIDTH="243" HEIGHT="22" WC="0.89" CONTENT="landtmätare-distrikt"/><SP WIDTH="15" VPOS="1072" HPOS="817"/>
							<String ID="string_187" HPOS="832" VPOS="1080" WIDTH="28" HEIGHT="14" WC="0.96" CONTENT="m."/><SP WIDTH="16" VPOS="1080" HPOS="860"/>
							<String ID="string_188" HPOS="876" VPOS="1080" WIDTH="27" HEIGHT="14" WC="0.97" CONTENT="m."/>
						</TextLine>
					</TextBlock>
					<TextBlock ID="block_10" HPOS="188" VPOS="1106" WIDTH="752" HEIGHT="62">
						<TextLine ID="line_28" HPOS="255" VPOS="1106" WIDTH="685" HEIGHT="22">
							<String ID="string_189" HPOS="255" VPOS="1106" WIDTH="67" HEIGHT="21" WC="0.91" CONTENT="Detta"/><SP WIDTH="21" VPOS="1106" HPOS="322"/>
							<String ID="string_190" HPOS="343" VPOS="1113" WIDTH="51" HEIGHT="14" WC="0.96" CONTENT="vore"/><SP WIDTH="16" VPOS="1113" HPOS="394"/>
							<String ID="string_191" HPOS="410" VPOS="1106" WIDTH="7" HEIGHT="20" WC="0.95" CONTENT="i"/><SP WIDTH="16" VPOS="1106" HPOS="417"/>
							<String ID="string_192" HPOS="433" VPOS="1106" WIDTH="117" HEIGHT="21" WC="0.93" CONTENT="statistiskt"/><SP WIDTH="15" VPOS="1106" HPOS="550"/>
							<String ID="string_193" HPOS="565" VPOS="1114" WIDTH="27" HEIGHT="13" WC="0.96" CONTENT="m."/><SP WIDTH="16" VPOS="1114" HPOS="592"/>
							<String ID="string_194" HPOS="608" VPOS="1106" WIDTH="20" HEIGHT="20" WC="0.85" CONTENT="fl."/><SP WIDTH="18" VPOS="1106" HPOS="628"/>
							<String ID="string_195" HPOS="646" VPOS="1106" WIDTH="118" HEIGHT="22" WC="0.92" CONTENT="afseenden"/><SP WIDTH="15" VPOS="1106" HPOS="764"/>
							<String ID="string_196" HPOS="779" VPOS="1107" WIDTH="24" HEIGHT="20" WC="0.93" CONTENT="af"/><SP WIDTH="18" VPOS="1107" HPOS="803"/>
							<String ID="string_197" HPOS="821" VPOS="1107" WIDTH="119" HEIGHT="21" WC="0.91" CONTENT="oberäkne-"/>
						</TextLine>
						<TextLine ID="line_29" HPOS="188" VPOS="1140" WIDTH="96" HEIGHT="28">
							<String ID="string_198" HPOS="188" VPOS="1140" WIDTH="31" HEIGHT="28" WC="0.96" CONTENT="lig"/><SP WIDTH="13" VPOS="1140" HPOS="219"/>
							<String ID="string_199" HPOS="232" VPOS="1140" WIDTH="52" HEIGHT="28" WC="0.92" CONTENT="vigt,"/>
						</TextLine>
					</TextBlock>
					<TextBlock ID="block_11" HPOS="187" VPOS="1174" WIDTH="754" HEIGHT="268">
						<TextLine ID="line_30" HPOS="256" VPOS="1174" WIDTH="685" HEIGHT="28">
							<String ID="string_200" HPOS="256" VPOS="1174" WIDTH="46" HEIGHT="21" WC="0.92" CONTENT="Hos"/><SP WIDTH="21" VPOS="1174" HPOS="302"/>
							<String ID="string_201" HPOS="323" VPOS="1174" WIDTH="148" HEIGHT="28" WC="0.91" CONTENT="högvälborne"/><SP WIDTH="20" VPOS="1174" HPOS="471"/>
							<String ID="string_202" HPOS="491" VPOS="1175" WIDTH="51" HEIGHT="20" WC="0.95" CONTENT="herr"/><SP WIDTH="20" VPOS="1175" HPOS="542"/>
							<String ID="string_203" HPOS="562" VPOS="1175" WIDTH="68" HEIGHT="20" WC="0.95" CONTENT="baron"/><SP WIDTH="16" VPOS="1175" HPOS="630"/>
							<String ID="string_204" HPOS="646" VPOS="1175" WIDTH="39" HEIGHT="21" WC="0.92" CONTENT="och"/><SP WIDTH="16" VPOS="1175" HPOS="685"/>
							<String ID="string_205" HPOS="701" VPOS="1175" WIDTH="199" HEIGHT="21" WC="0.90" CONTENT="landtmarskalken"/><SP WIDTH="17" VPOS="1175" HPOS="900"/>
							<String ID="string_206" HPOS="917" VPOS="1176" WIDTH="24" HEIGHT="20" WC="0.96" CONTENT="så"/>
						</TextLine>
						<TextLine ID="line_31" HPOS="188" VPOS="1208" WIDTH="753" HEIGHT="29">
							<String ID="string_207" HPOS="188" VPOS="1208" WIDTH="41" HEIGHT="20" WC="0.93" CONTENT="ock"/><SP WIDTH="14" VPOS="1208" HPOS="229"/>
							<String ID="string_208" HPOS="243" VPOS="1208" WIDTH="119" HEIGHT="28" WC="0.92" CONTENT="högloflige"/><SP WIDTH="16" VPOS="1208" HPOS="362"/>
							<String ID="string_209" HPOS="378" VPOS="1208" WIDTH="151" HEIGHT="28" WC="0.96" CONTENT="ridderskapet"/><SP WIDTH="15" VPOS="1208" HPOS="529"/>
							<String ID="string_210" HPOS="544" VPOS="1209" WIDTH="39" HEIGHT="20" WC="0.96" CONTENT="och"/><SP WIDTH="17" VPOS="1209" HPOS="583"/>
							<String ID="string_211" HPOS="600" VPOS="1209" WIDTH="63" HEIGHT="20" WC="0.96" CONTENT="adeln"/><SP WIDTH="15" VPOS="1209" HPOS="663"/>
							<String ID="string_212" HPOS="678" VPOS="1209" WIDTH="33" HEIGHT="21" WC="0.96" CONTENT="får"/><SP WIDTH="13" VPOS="1209" HPOS="711"/>
							<String ID="string_213" HPOS="724" VPOS="1210" WIDTH="39" HEIGHT="27" WC="0.92" CONTENT="jag"/><SP WIDTH="16" VPOS="1210" HPOS="763"/>
							<String ID="string_214" HPOS="779" VPOS="1208" WIDTH="86" HEIGHT="22" WC="0.92" CONTENT="derföre"/><SP WIDTH="14" VPOS="1208" HPOS="865"/>
							<String ID="string_215" HPOS="879" VPOS="1209" WIDTH="62" HEIGHT="21" WC="0.92" CONTENT="vörd-"/>
						</TextLine>
						<TextLine ID="line_32" HPOS="188" VPOS="1242" WIDTH="753" HEIGHT="28">
							<String ID="string_216" HPOS="188" VPOS="1244" WIDTH="55" HEIGHT="18" WC="0.95" CONTENT="samt"/><SP WIDTH="20" VPOS="1244" HPOS="243"/>
							<String ID="string_217" HPOS="263" VPOS="1242" WIDTH="90" HEIGHT="26" WC="0.96" CONTENT="föreslå,"/><SP WIDTH="22" VPOS="1242" HPOS="353"/>
							<String ID="string_218" HPOS="375" VPOS="1244" WIDTH="31" HEIGHT="18" WC="0.96" CONTENT="att"/><SP WIDTH="21" VPOS="1244" HPOS="406"/>
							<String ID="string_219" HPOS="427" VPOS="1243" WIDTH="85" HEIGHT="20" WC="0.96" CONTENT="ståndet"/><SP WIDTH="20" VPOS="1243" HPOS="512"/>
							<String ID="string_220" HPOS="532" VPOS="1243" WIDTH="51" HEIGHT="20" WC="0.96" CONTENT="ville"/><SP WIDTH="16" VPOS="1243" HPOS="583"/>
							<String ID="string_221" HPOS="599" VPOS="1242" WIDTH="77" HEIGHT="21" WC="0.96" CONTENT="förena"/><SP WIDTH="15" VPOS="1242" HPOS="676"/>
							<String ID="string_222" HPOS="691" VPOS="1243" WIDTH="33" HEIGHT="26" WC="0.93" CONTENT="sig"/><SP WIDTH="15" VPOS="1243" HPOS="724"/>
							<String ID="string_223" HPOS="739" VPOS="1243" WIDTH="8" HEIGHT="20" WC="0.96" CONTENT="i"/><SP WIDTH="16" VPOS="1243" HPOS="747"/>
							<String ID="string_224" HPOS="763" VPOS="1250" WIDTH="26" HEIGHT="13" WC="0.93" CONTENT="en"/><SP WIDTH="16" VPOS="1250" HPOS="789"/>
							<String ID="string_225" HPOS="805" VPOS="1243" WIDTH="136" HEIGHT="27" WC="0.91" CONTENT="underdånig"/>
						</TextLine>
						<TextLine ID="line_33" HPOS="188" VPOS="1275" WIDTH="753" HEIGHT="29">
							<String ID="string_226" HPOS="188" VPOS="1276" WIDTH="92" HEIGHT="27" WC="0.95" CONTENT="petition"/><SP WIDTH="20" VPOS="1276" HPOS="280"/>
							<String ID="string_227" HPOS="300" VPOS="1275" WIDTH="82" HEIGHT="26" WC="0.96" CONTENT="derom,"/><SP WIDTH="21" VPOS="1275" HPOS="382"/>
							<String ID="string_228" HPOS="403" VPOS="1277" WIDTH="31" HEIGHT="19" WC="0.92" CONTENT="att"/><SP WIDTH="15" VPOS="1277" HPOS="434"/>
							<String ID="string_229" HPOS="449" VPOS="1276" WIDTH="28" HEIGHT="20" WC="0.91" CONTENT="H."/><SP WIDTH="15" VPOS="1276" HPOS="477"/>
							<String ID="string_230" HPOS="492" VPOS="1276" WIDTH="61" HEIGHT="27" WC="0.92" CONTENT="Kejs."/><SP WIDTH="16" VPOS="1276" HPOS="553"/>
							<String ID="string_231" HPOS="569" VPOS="1276" WIDTH="63" HEIGHT="27" WC="0.96" CONTENT="Maj:t"/><SP WIDTH="20" VPOS="1276" HPOS="632"/>
							<String ID="string_232" HPOS="652" VPOS="1276" WIDTH="6" HEIGHT="19" WC="0.96" CONTENT="i"/><SP WIDTH="21" VPOS="1276" HPOS="658"/>
							<String ID="string_233" HPOS="679" VPOS="1276" WIDTH="66" HEIGHT="20" WC="0.95" CONTENT="nåder"/><SP WIDTH="21" VPOS="1276" HPOS="745"/>
							<String ID="string_234" HPOS="766" VPOS="1276" WIDTH="67" HEIGHT="20" WC="0.96" CONTENT="måtte"/><SP WIDTH="20" VPOS="1276" HPOS="833"/>
							<String ID="string_235" HPOS="853" VPOS="1276" WIDTH="88" HEIGHT="28" WC="0.96" CONTENT="vidtaga"/>
						</TextLine>
						<TextLine ID="line_34" HPOS="187" VPOS="1308" WIDTH="754" HEIGHT="28">
							<String ID="string_236" HPOS="187" VPOS="1308" WIDTH="77" HEIGHT="28" WC="0.96" CONTENT="åtgärd"/><SP WIDTH="20" VPOS="1308" HPOS="264"/>
							<String ID="string_237" HPOS="284" VPOS="1309" WIDTH="33" HEIGHT="20" WC="0.95" CONTENT="till"/><SP WIDTH="21" VPOS="1309" HPOS="317"/>
							<String ID="string_238" HPOS="338" VPOS="1310" WIDTH="108" HEIGHT="20" WC="0.95" CONTENT="vinnande"/><SP WIDTH="21" VPOS="1310" HPOS="446"/>
							<String ID="string_239" HPOS="467" VPOS="1310" WIDTH="24" HEIGHT="20" WC="0.93" CONTENT="af"/><SP WIDTH="18" VPOS="1310" HPOS="491"/>
							<String ID="string_240" HPOS="509" VPOS="1309" WIDTH="160" HEIGHT="21" WC="0.91" CONTENT="ofvannämnda"/><SP WIDTH="15" VPOS="1309" HPOS="669"/>
							<String ID="string_241" HPOS="684" VPOS="1310" WIDTH="33" HEIGHT="20" WC="0.96" CONTENT="för"/><SP WIDTH="15" VPOS="1310" HPOS="717"/>
							<String ID="string_242" HPOS="732" VPOS="1310" WIDTH="105" HEIGHT="21" WC="0.91" CONTENT="Finlands"/><SP WIDTH="16" VPOS="1310" HPOS="837"/>
							<String ID="string_243" HPOS="853" VPOS="1310" WIDTH="88" HEIGHT="21" WC="0.91" CONTENT="framåt-"/>
						</TextLine>
						<TextLine ID="line_35" HPOS="187" VPOS="1343" WIDTH="754" HEIGHT="30">
							<String ID="string_244" HPOS="187" VPOS="1343" WIDTH="116" HEIGHT="22" WC="0.92" CONTENT="skridande"/><SP WIDTH="16" VPOS="1343" HPOS="303"/>
							<String ID="string_245" HPOS="319" VPOS="1343" WIDTH="123" HEIGHT="29" WC="0.96" CONTENT="angelägna"/><SP WIDTH="15" VPOS="1343" HPOS="442"/>
							<String ID="string_246" HPOS="457" VPOS="1344" WIDTH="107" HEIGHT="26" WC="0.96" CONTENT="ändamål,"/><SP WIDTH="17" VPOS="1344" HPOS="564"/>
							<String ID="string_247" HPOS="581" VPOS="1344" WIDTH="39" HEIGHT="20" WC="0.96" CONTENT="och"/><SP WIDTH="16" VPOS="1344" HPOS="620"/>
							<String ID="string_248" HPOS="636" VPOS="1346" WIDTH="38" HEIGHT="25" WC="0.96" CONTENT="att,"/><SP WIDTH="16" VPOS="1346" HPOS="674"/>
							<String ID="string_249" HPOS="690" VPOS="1344" WIDTH="56" HEIGHT="21" WC="0.96" CONTENT="intill"/><SP WIDTH="16" VPOS="1344" HPOS="746"/>
							<String ID="string_250" HPOS="762" VPOS="1344" WIDTH="49" HEIGHT="22" WC="0.96" CONTENT="dess"/><SP WIDTH="16" VPOS="1344" HPOS="811"/>
							<String ID="string_251" HPOS="827" VPOS="1351" WIDTH="27" HEIGHT="15" WC="0.96" CONTENT="en"/><SP WIDTH="15" VPOS="1351" HPOS="854"/>
							<String ID="string_252" HPOS="869" VPOS="1345" WIDTH="24" HEIGHT="21" WC="0.93" CONTENT="så"/><SP WIDTH="11" VPOS="1345" HPOS="893"/>
							<String ID="string_253" HPOS="904" VPOS="1352" WIDTH="37" HEIGHT="21" WC="0.92" CONTENT="ge-"/>
						</TextLine>
						<TextLine ID="line_36" HPOS="187" VPOS="1377" WIDTH="753" HEIGHT="31">
							<String ID="string_254" HPOS="187" VPOS="1377" WIDTH="158" HEIGHT="29" WC="0.91" CONTENT="nomgripande"/><SP WIDTH="20" VPOS="1377" HPOS="345"/>
							<String ID="string_255" HPOS="365" VPOS="1378" WIDTH="80" HEIGHT="21" WC="0.96" CONTENT="reform"/><SP WIDTH="22" VPOS="1378" HPOS="445"/>
							<String ID="string_256" HPOS="467" VPOS="1378" WIDTH="39" HEIGHT="21" WC="0.96" CONTENT="och"/><SP WIDTH="22" VPOS="1378" HPOS="506"/>
							<String ID="string_257" HPOS="528" VPOS="1378" WIDTH="79" HEIGHT="22" WC="0.96" CONTENT="allmän"/><SP WIDTH="20" VPOS="1378" HPOS="607"/>
							<String ID="string_258" HPOS="627" VPOS="1379" WIDTH="111" HEIGHT="28" WC="0.96" CONTENT="reglering"/><SP WIDTH="15" VPOS="1379" HPOS="738"/>
							<String ID="string_259" HPOS="753" VPOS="1379" WIDTH="78" HEIGHT="21" WC="0.93" CONTENT="hinner"/><SP WIDTH="20" VPOS="1379" HPOS="831"/>
							<String ID="string_260" HPOS="851" VPOS="1387" WIDTH="89" HEIGHT="21" WC="0.92" CONTENT="genom-"/>
						</TextLine>
						<TextLine ID="line_37" HPOS="187" VPOS="1413" WIDTH="753" HEIGHT="29">
							<String ID="string_261" HPOS="187" VPOS="1414" WIDTH="67" HEIGHT="26" WC="0.96" CONTENT="föras,"/><SP WIDTH="21" VPOS="1414" HPOS="254"/>
							<String ID="string_262" HPOS="275" VPOS="1413" WIDTH="146" HEIGHT="28" WC="0.93" CONTENT="provisoriska"/><SP WIDTH="22" VPOS="1413" HPOS="421"/>
							<String ID="string_263" HPOS="443" VPOS="1413" WIDTH="155" HEIGHT="28" WC="0.92" CONTENT="länestyrelser"/><SP WIDTH="20" VPOS="1413" HPOS="598"/>
							<String ID="string_264" HPOS="618" VPOS="1414" WIDTH="67" HEIGHT="20" WC="0.96" CONTENT="måtte"/><SP WIDTH="17" VPOS="1414" HPOS="685"/>
							<String ID="string_265" HPOS="702" VPOS="1414" WIDTH="101" HEIGHT="27" WC="0.93" CONTENT="inrättas,"/><SP WIDTH="17" VPOS="1414" HPOS="803"/>
							<String ID="string_266" HPOS="820" VPOS="1415" WIDTH="120" HEIGHT="27" WC="0.91" CONTENT="nemligen:"/>
						</TextLine>
					</TextBlock>
				</ComposedBlock>
			</PrintSpace>
		</Page>
	</Layout>
</alto>
