1023 1709
209 138 41 20 524

181 202 55 20 dock
255 203 33 19 tre
306 202 28 27 på
352 202 120 20 hvarandra
488 201 94 28 följande
598 200 184 26 sammanträden;
804 206 50 14 vare
869 199 53 26 han,

181 243 33 13 om
231 236 24 20 så
269 236 103 27 påyrkas,
388 236 32 20 sin
435 236 237 27 landtdagsmannarätt
687 234 33 20 för
736 234 40 20 den
790 232 132 28 landtdagen

181 270 107 28 förlustig.
310 270 48 28 Lag
375 277 82 13 samma
474 277 58 19 vare,
551 276 33 14 om
600 269 84 21 valman
701 268 53 20 eller
769 266 153 22 utskottsleda-

182 306 53 25 mot,
258 306 52 19 utan
326 304 70 28 styrkt
410 304 49 28 laga
474 304 81 26 förfall,
578 303 72 28 dröjer
668 303 62 21 borta
745 303 35 20 två
795 302 79 21 veckor
890 303 32 19 ut-

182 338 60 22 öfver
258 338 96 22 erhållen
370 339 104 27 ledighet;
489 338 105 26 börande,
610 339 39 19 när
664 337 76 21 sådant
755 336 104 27 inträffar,
876 336 46 21 der-

182 380 34 14 om
236 374 77 27 genast
333 373 24 21 af
374 374 140 20 valmännens
534 372 53 22 eller
607 372 117 21 utskottets
739 370 129 23 ordförande
884 370 39 22 hos

181 407 152 29 ridderskapet
349 408 39 20 och
404 407 63 22 adeln
482 406 183 29 tillkännagifvas.

522 477 11 27 8
548 477 34 21 26.

249 510 143 22 Oförändrad.

521 546 12 26 8
549 546 33 20 27.

251 580 64 21 Säväl
335 579 160 29 ridderskapets
515 580 39 20 och
575 578 74 22 adelns
669 579 73 27 plena,
765 585 46 14 som
827 578 98 21 valmans

182 614 40 22 och
237 613 269 22 utskottssammanträden
523 614 60 21 skola
597 613 86 27 föregäs
699 613 24 21 af
731 612 85 28 anslag,
832 620 45 14 som
888 612 36 21 da-

181 656 43 21 gen
244 648 58 22 förut
322 648 65 22 innan
407 648 94 22 klockan
520 648 41 21 tolf
574 647 103 22 utfärdas.
707 647 75 21 Skulle
798 647 68 21 under
880 646 44 22 för-

181 683 188 29 middagsplenum
390 683 140 28 fortsättning
550 683 63 21 deraf
628 682 87 28 pröfvas
736 681 66 29 nödig
816 682 29 28 på
860 682 64 20 efter-

182 718 126 28 middagen,
323 718 40 21 bör
378 718 76 21 sådant
468 718 7 20 i
489 718 87 28 plenum
587 716 176 28 tillkännagifvas
774 716 40 22 och
825 716 101 22 särskildt

182 752 76 28 anslag
274 752 74 22 derom
364 754 68 19 straxt
447 753 97 21 utsättas.

523 816 12 26 $
549 816 33 20 28.

250 849 146 29 Fullständigt
419 849 90 21 diarium
534 849 59 21 öfver
616 849 42 21 alla
680 849 7 20 i
709 849 86 21 ståndet
817 849 108 21 förekom-

182 885 78 21 mande
276 884 92 21 ärender
382 884 55 21 skall
452 884 68 21 under
536 884 74 28 hvarje
628 884 104 27 landtdag
749 890 52 14 vara
816 885 31 19 att
862 884 6 20 i
884 884 41 20 rid-

182 919 174 21 darhuskansliet
371 919 67 27 tillgå.

249 953 228 29 Föredragningslista
499 954 38 20 bör
559 953 34 21 för
615 953 74 28 hvarje
709 953 89 28 plenum
817 954 108 27 uppgöras

182 988 39 21 och
242 990 31 19 ett
293 988 111 28 exemplar
424 988 63 21 deraf
504 988 69 28 dagen
593 988 58 20 förut
666 989 55 19 samt
736 987 68 21 under
820 994 106 14 samman-

183 1022 70 22 trädet
268 1022 69 21 finnes
352 1023 8 20 i
374 1022 175 21 riddarhussalen
569 1022 139 28 tillgängligt.
739 1022 55 20 Sker
808 1022 65 20 sedan
889 1023 37 20 nå-

182 1064 43 21 gon
240 1057 128 27 förändring
382 1057 7 20 i
405 1056 297 29 föredragningsordningen,
717 1056 66 21 varde
799 1056 76 21 sådant
890 1063 36 21 ge-

182 1093 49 19 nast
246 1092 13 20 å
274 1092 65 20 listan
354 1090 105 22 anmärkt.

524 1132 11 26 $
551 1132 33 20 29.

249 1165 35 21 Då
304 1165 36 21 vid
358 1165 157 28 föredragning
529 1166 24 20 af
566 1165 258 27 utskotisbetänkanden,
848 1166 78 20 sädane

181 1199 121 28 mundtliga
316 1200 171 26 anmärkningar
502 1200 97 20 deremot
613 1201 73 25 göras,
702 1206 44 14 som
758 1200 34 20 till
803 1200 124 20 äterremiss

180 1234 122 26 föranleda,
317 1233 52 21 böra
386 1233 118 27 desamma,
521 1234 122 26 skriftligen
660 1235 110 26 uppsatte,
786 1234 58 20 inom
856 1234 70 26 tredje

182 1266 70 28 dagen
272 1268 33 19 till
324 1266 207 22 riddarhuskansliet
546 1268 110 20 aflemnas.
686 1268 139 20 Försummas
841 1267 86 27 sådant,

182 1301 145 21 öfverlemnas
346 1300 90 21 ärendet
454 1300 33 22 till
502 1302 108 20 utskottet
622 1301 69 27 jemte
707 1301 197 28 anmärkningarne
920 1302 7 20 i

182 1336 41 20 den
239 1335 65 27 form,
318 1335 61 21 desse
393 1335 73 21 blifvit
480 1335 7 21 i
502 1336 133 27 protokollet
649 1335 133 29 uppfattade.
813 1336 115 28 Skriftliga

182 1370 133 21 anföranden
332 1370 92 27 afgifvas
438 1371 77 27 genast
526 1370 55 21 efter
591 1370 143 29 uppläsandet
745 1370 33 21 till
788 1370 138 28 protokollet.

250 1404 92 21 Sednast
361 1404 59 21 inom
441 1405 45 21 ätta
506 1404 65 29 dagar
592 1406 55 20 efter
667 1405 75 29 hvarje
762 1405 89 29 plenum
871 1406 55 22 skall

180 1439 133 29 protokollet
328 1439 56 22 inför
400 1440 86 21 ständet
499 1440 102 28 justeras.
