1031 1711
228 135 40 21 498

198 200 87 22 hvilken
302 200 135 28 proposition
452 199 129 21 besvarades
597 200 35 20 vid
645 200 82 27 jemväl
741 199 93 21 anställd
847 198 101 28 votering

359 234 8 20 i
383 234 56 28 3:dje
455 234 30 20 kl.
500 234 50 20 med
565 234 26 21 29
602 234 29 28 ja
647 234 39 20 och
703 234 25 20 13
743 235 42 27 nej,

359 284 8 11 n
383 268 92 26 2:00
520 284 8 10 x
567 269 58 25 TOn
663 284 9 10 4
717 268 12 20 2
760 284 9 10 %

357 303 118 26 niistä
468 299 20 43 »
521 318 8 11 »
581 303 44 25 I»
663 318 9 11 »
717 303 52 26 6»

267 337 59 22 Herr
343 336 200 22 landtmarskalken
557 336 129 21 hemställde
701 336 54 21 härå
769 336 106 21 huruvida
890 337 58 20 stån-

200 372 36 21 det
250 379 30 14 nu
294 371 53 21 ville
363 371 134 21 öfverlemna
511 371 76 28 frågan
603 371 22 20 åt
639 370 244 29 expeditionsutskottet
893 372 56 19 samt

200 405 121 22 emellertid
341 413 78 20 genom
434 405 200 29 protokollsutdrag
649 405 99 21 meddela
763 405 26 21 de
805 405 70 28 öfrige
891 405 57 21 stån-

200 441 41 21 den
257 441 38 20 sitt
309 440 78 21 beslut.

266 474 12 21 I
293 474 118 28 anledning
426 474 65 21 häraf
504 474 113 21 anmärkte

267 509 59 22 Herr
344 515 41 15 von
401 508 152 27 Haartman,
573 509 38 26 V.,
630 510 31 19 att
677 508 36 21 det
727 508 72 22 blefve
815 515 27 14 en
858 508 92 29 ofantlig

199 544 81 28 mängd
294 543 206 28 protokollsutdrag,
516 543 6 20 i
536 542 103 22 händelse
651 543 74 27 hvarje
736 543 161 28 ridderskapets
909 543 40 21 och

199 579 75 21 adelns
288 578 73 21 beslut
376 577 90 21 sålunda
480 577 138 21 meddelades
633 577 150 21 medstånden.
806 577 94 21 Talaren
912 584 36 14 an-

200 614 38 27 såg
258 612 87 22 derföre
364 614 31 19 att
411 614 31 19 ett
457 612 51 21 slikt
523 612 142 21 meddelande
683 612 124 28 lämpligast
821 612 73 21 kunde
911 612 37 21 ske

199 654 79 22 genom
294 647 159 28 deputationer.

266 682 57 22 Herr
337 688 42 14 von
395 681 142 28 Knorring:
553 680 11 22 I
579 681 73 28 frågor
668 681 23 21 af
705 681 71 21 denna
790 681 53 28 vigt,
859 682 38 20 när
913 681 37 21 det

199 717 69 28 gäller
283 716 142 28 regeringens
440 716 167 28 propositioner,
623 715 70 21 skulle
705 716 40 28 jag
760 722 52 14 anse
826 715 123 21 meddelan-

200 751 36 21 det
255 751 53 21 böra
329 751 37 20 ske
387 757 78 21 genom
485 749 208 29 protokollsutdrag,
714 750 7 21 i
739 749 74 29 frågor
828 749 24 22 af
865 749 84 22 mindre

198 786 47 28 vigt
260 785 98 22 deremot
373 791 78 22 genom
467 785 158 27 deputationer.

267 820 102 21 Friherre
391 819 136 28 Carpelan:
548 819 76 22 Praxis
644 819 36 21 vid
699 819 133 28 föregående
851 819 98 21 landtda-

200 862 38 20 gar
253 855 38 20 har
306 854 63 21 alltid
383 854 57 20 varit
455 850 72 30 sådan,
544 855 31 19 att
589 853 26 21 de
628 853 69 28 öfrige
709 853 90 21 stånden
811 860 78 21 genom
900 860 49 21 pro-

199 888 159 28 tokollsutdrag
377 888 146 21 underrättats
545 895 34 14 om
599 888 111 28 utgången
731 888 23 20 af
771 888 83 28 vigtiga
869 887 80 29 frågor,

200 924 40 20 och
255 923 33 21 till
304 922 81 22 sådana
401 922 70 22 skulle
484 923 39 27 jag
535 929 52 14 anse
596 922 26 21 de
631 922 60 28 Kejs.
700 922 189 28 propositionerna
897 922 53 21 böra

199 957 86 21 räknas.
315 956 76 27 Enligt
406 956 45 20 min
466 956 66 21 tanke
547 956 40 21 bör
603 955 70 22 denna
687 956 74 28 praxis
775 956 64 21 äfven
850 963 29 14 nu
889 956 60 21 bibe-

198 991 76 22 hållas.

266 1025 58 21 Herr
344 1024 211 22 landtmarskalkens
576 1024 135 22 förbemälde
731 1025 130 21 hemställan
876 1025 74 21 bifölls

199 1060 24 22 af
240 1059 96 27 ståndet;
360 1059 39 21 och
411 1059 79 21 "skulle
511 1059 84 21 således
617 1059 200 29 protokollsutdrag
837 1060 59 21 såväl
916 1060 34 21 till

198 1094 143 22 medstånden
357 1100 45 14 som
419 1094 244 28 expeditionsutskottet
679 1094 134 28 expedieras.

198 1197 106 21 utskottet
324 1203 91 14 numera
434 1196 103 21 aflemnat
556 1196 138 21 betänkande
715 1197 7 20 i
742 1196 119 29 anledning
876 1197 23 20 af
913 1197 37 20 det

199 1231 32 20 till
252 1231 66 27 sagde
338 1230 84 21 utskott
442 1230 141 21 remitterade
603 1230 105 27 förslaget
728 1231 33 20 till
782 1237 29 21 ny
825 1231 124 20 riddarhus-

199 1264 101 27 ordning;
316 1269 50 14 men
383 1263 90 20 emedan
489 1263 92 21 nämnde
596 1263 137 21 betänkande
749 1270 51 14 vore
811 1265 84 26 ganska
905 1265 45 20 vid-

198 1297 75 28 lyftigt
288 1297 40 21 och
344 1297 96 20 ståndets
456 1297 101 27 samtliga
571 1296 141 21 medlemmar
723 1297 84 21 således
817 1298 49 20 icke
876 1298 74 21 hunne

198 1334 32 19 att
252 1331 69 21 under
341 1338 28 14 en
388 1331 75 28 vanlig
482 1331 160 28 bordläggning
665 1331 62 21 deraf
745 1333 51 27 taga
815 1331 134 28 kännedom,

197 1365 130 22 hemställde
342 1365 50 21 herr
407 1365 208 27 landtmarskalken,
631 1372 34 14 om
681 1366 48 20 icke
745 1366 86 21 ståndet
846 1367 51 20 ville
913 1367 37 21 be-

198 1401 56 21 sluta
275 1402 31 19 att
325 1400 231 21 riddarhusutskottets
571 1400 144 21 omförmälda
730 1400 137 22 betänkande
879 1401 70 28 jemte

198 1435 73 23 dertill
292 1434 97 22 hörande
411 1435 92 22 motiver
523 1435 40 24 och
583 1435 160 23 reservationer
763 1435 70 23 skulle
851 1435 98 29 tryckas,
