1006 1714
734 127 41 25 659

54 192 41 27 den
116 193 124 32 föreslagne
260 193 107 25 tillsatsen
387 197 32 21 uti
438 193 47 25 4:de
500 195 96 48 moment
611 195 12 23 9
639 199 13 25 8
668 197 24 21 af
705 197 41 21 den
761 205 42 21 nya

53 231 243 28 riddarhusordningen.

121 266 67 20 Detta
203 268 97 19 moment
314 266 105 21 utesluter
434 266 49 21 icke
499 266 91 21 allenast
605 266 26 21 de
642 267 59 20 utom
710 265 93 22 Finland

54 300 6 20 i
76 300 52 27 rysk
143 300 68 27 tjenst
227 301 89 20 stäende
332 300 69 21 finska
417 301 115 26 adelsmän,
548 301 37 22 det
601 300 161 28 undantränger
773 301 31 20 äf-

53 341 42 14 ven
110 334 56 21 ifrän
183 334 134 29 delaktighet
327 335 7 20 i
344 335 202 28 representationen
562 329 43 27 alla
618 335 55 26 dem,
686 342 46 14 som
743 335 61 28 tjena

53 369 36 21 vid
104 369 42 21 den
162 369 7 20 i
184 369 93 22 Finland
292 369 97 28 förlagde
405 369 65 28 ryska
485 370 116 27 militären,
614 370 28 27 pä
653 369 70 28 grund
735 370 68 26 deraf,

53 405 32 20 att
105 403 26 22 de
153 405 37 20 äro
210 404 52 29 rysk
282 404 118 28 militärlag
415 405 165 21 underkastade.
610 404 65 21 Emot
690 405 41 21 den
747 405 56 21 före-

54 439 74 28 slagne
149 438 188 29 inskränkningen
357 445 51 14 vore
429 439 83 22 mindre
532 441 31 19 att
583 439 113 27 anmärka,
717 446 35 14 om
768 439 52 21 det
808 434 16 37 *

54 473 69 21 skulle
138 473 32 21 stä
183 473 7 21 i
204 474 74 27 hvarje
293 473 55 21 finsk
361 473 121 22 adelsmans
499 481 54 21 egen
570 469 60 30 makt
642 476 31 19 att
684 474 119 21 bestämma

54 515 34 14 om
104 508 37 20 sitt
157 508 40 21 och
213 509 47 20 sina
275 508 65 21 barns
356 507 39 22 öde
411 509 40 20 och
466 510 32 19 att
513 509 47 20 fritt
577 508 73 21 kunna
663 508 58 28 välja
731 508 71 21 banan

53 543 34 21 för
106 543 32 20 sin
154 543 96 21 utkomst
266 543 40 20 och
321 543 112 21 förkofran
449 544 58 20 inom
523 545 50 26 eget
588 543 60 27 land,
669 543 83 20 hvilket
767 543 36 20 be-

53 577 112 28 klagligen
182 578 20 27 ej
218 580 23 19 är
257 578 68 27 fallet,
341 578 90 21 emedan
447 585 27 14 en
487 578 52 21 hvar
551 577 24 21 af
584 568 84 32 landets
680 579 65 19 söner
755 577 48 21 icke

53 612 101 28 erbjudes
177 612 87 21 tillfälle
285 612 33 20 till
339 613 31 20 ett
389 612 138 28 lefnadsyrke
548 607 104 33 förenligt
672 612 49 20 med
741 612 62 20 deras

53 646 98 29 förmåga
172 646 40 21 och
232 646 110 28 naturliga
361 646 101 28 böjelser.
482 646 46 21 :Nu
543 644 107 31 deremot,
666 646 27 21 dä
708 646 95 21 nödvän-

53 680 103 29 digheten
176 682 86 27 tvingar
280 681 94 29 mången
390 681 111 21 adelsman
517 683 31 19 att
562 676 59 31 inom
636 680 168 28 Kejsaredömet

54 716 53 21 söka
126 716 34 21 sin
180 716 106 27 utkomst,
306 716 55 21 efter
380 716 84 21 hvilket
482 716 43 20 han
541 716 7 20 i
564 718 50 26 eget
628 715 51 21 land
693 715 110 29 förgäfves

53 751 99 27 sträfvar,
168 751 23 20 så
207 753 23 18 är
246 750 41 22 den
303 750 160 28 ifrågastående
477 747 187 31 inskränkhingen
679 750 56 21 både
749 750 54 22 hård

54 785 39 21 och
109 785 81 28 obillig.
213 784 59 22 Vore
288 785 104 21 Finlands
408 785 48 21 adel
471 786 7 19 i
494 784 126 29 åtnjutande
636 784 25 21 af
670 784 133 29 privilegier,

53 826 45 15 som
114 820 34 20 för
164 820 47 20 dem
228 818 111 22 medförde
355 820 72 27 någon
439 819 95 22 särdeles
545 821 69 26 nytta,
626 819 39 21 och
677 826 35 14 om
723 826 79 20 genom

52 853 132 23 bivistandet
204 854 24 21 af
240 853 132 29 landtdagen
388 854 85 21 tillfälle
487 854 110 28 öppnades
613 854 34 20 för
662 853 56 21 finsk
733 854 68 20 adels-

52 896 51 14 man
122 891 32 19 att
174 888 126 28 derigenom
320 888 138 22 uteslutande
478 889 100 21 tillvinna
598 888 33 28 :sig
649 888 68 28 några
735 890 67 19 mate-

52 924 62 21 riella
130 924 101 26 fördelar,
247 924 24 20 så
286 924 70 20 skulle
372 922 83 22 önskan
471 925 31 19 att
516 923 109 24 bibehålla
641 922 33 21 sin
689 929 114 22 represen-

52 959 124 21 tationsrätt
192 958 107 21 måhända
313 958 74 21 kunna
402 957 128 22 tillskrifvas
545 958 84 20 mindre
645 957 48 21 ädla
704 958 97 21 motiver.

52 993 51 21 Men
122 1000 45 14 som
184 992 146 22 förhållandet
344 1000 30 14 nu
389 994 30 25 är,
435 992 43 22 kan
492 993 55 20 blott
562 992 105 22 kärleken
683 992 33 21 till
731 992 71 21 fäder-

53 1028 114 20 neslandet
188 1027 112 21 föranleda
320 1034 27 14 en
365 1027 7 21 i
392 1027 52 28 rysk
459 1028 67 27 tjenst
542 1026 88 22 stående
645 1026 111 22 adelsman
772 1029 31 19 att

52 1062 50 22 med
123 1062 125 28 uppoffring
268 1062 24 21 af
309 1062 32 20 tid
361 1062 39 20 och
420 1062 117 21 kostnader
557 1062 53 27 vilja
631 1060 86 30 deltaga
732 1062 7 20 i
755 1062 47 21 råd-

52 1097 130 28 plägningar
198 1103 35 15 om
248 1096 106 21 Finlands
369 1096 126 28 dyrbaraste
510 1097 115 29 intressen.
649 1095 112 22 Huruvida
775 1103 26 13 en

52 1132 8 20 i
75 1131 110 28 Ryssland
201 1131 102 29 tjenande
319 1131 56 21 finsk
391 1130 121 22 adelsmans
524 1129 136 26 uteslutande
669 1138 38 13 ens
715 1132 24 19 är
749 1132 53 19 rätt-

53 1167 84 27 mätigt,
153 1166 83 21 lemnar
249 1166 39 28 jag
304 1165 88 27 derhän,
405 1172 50 14 men
468 1168 32 18 att
510 1165 91 21 förneka
613 1172 27 14 en
651 1165 7 21 i
669 1165 52 28 rysk
734 1166 67 27 tjenst

52 1201 95 21 varande
163 1200 56 22 finsk
234 1201 118 25 adelsman,
368 1207 46 14 som
430 1202 23 19 är
467 1201 73 20 bosatt
555 1200 58 31 inom
630 1200 81 27 landet,
727 1200 75 28 rättig-

53 1236 66 21 heten
143 1236 82 26 dertill,
248 1242 52 14 vore
323 1237 31 19 att
373 1235 112 21 förhindra
505 1227 84 29 honom!
605 1236 33 19 att
658 1212 97 54 uppfylla
775 1242 26 13 en

53 1271 65 28 pligt;
140 1270 40 22 och
196 1252 76 39 sådant
286 1277 52 14 vore
354 1276 26 15 en
394 1270 113 27 orättvisa,
528 1276 45 14 som
587 1270 21 27 ej
624 1269 43 21 kan
683 1269 118 27 försvaras,

53 1306 23 20 så
96 1306 88 26 mycket
204 1312 52 20 mer,
277 1312 46 14 som
342 1304 43 22 han
404 1305 39 21 har
462 1304 110 29 grundade
588 1304 94 28 anspråk
697 1304 63 21 äfven
774 1304 27 28 på

53 1347 26 12 en
100 1340 66 19 sådan
187 1339 115 26 rättighet,
322 1339 90 20 emedan
433 1339 42 20 han
493 1340 8 18 i
516 1339 27 19 de
558 1338 169 26 väsendtligaste
742 1338 60 19 delar

53 1374 23 19 är
92 1373 6 19 i
113 1373 43 20 alla
174 1372 116 20 händelser
304 1371 147 21 underkastad
466 1371 26 21 de
507 1372 8 19 i
529 1371 75 21 landet
619 1371 100 27 gällande
734 1371 67 26 lagar.

122 1406 80 21 Grefve
224 1406 104 21 Creutz:
350 1405 47 22 Hos
417 1405 52 21 herr
488 1405 67 21 baron
576 1405 40 20 och
636 1403 165 23 landtmarskal-

53 1440 42 23 ken
111 1441 33 22 får
156 1441 40 28 jag
211 1440 123 29 ödmjukast
350 1440 92 27 anhålla,
458 1442 37 25 att,
511 1440 27 21 då
553 1440 54 21 flera
622 1439 67 22 talare
700 1440 102 29 uppträdt
