1031 1714
754 133 41 21 919

81 199 78 21 funnes
179 199 116 28 inrättade,
316 199 72 22 kunde
403 199 111 23 åhvälfvas
534 207 26 14 en
576 199 59 30 dylik
648 200 175 21 kontrollerande

82 234 134 27 befattning,
236 235 120 27 hvarjemte
375 235 58 20 inom
454 235 141 28 lagutskottet
613 235 8 21 i
641 235 112 21 enahanda
768 234 56 29 syfte

81 268 127 21 framställts
226 269 82 28 förslag
323 276 33 13 om
373 269 121 21 inrättande
509 269 23 21 af
545 276 27 14 en
586 271 127 27 permanent
727 270 97 22 kommu-

82 303 141 20 nalinstution
236 303 23 20 af
269 303 55 27 gode
336 305 55 25 män,
401 310 45 14 som
455 303 54 28 ägde
518 303 111 28 öfvertaga
641 304 40 21 den
692 311 28 14 nu
731 305 94 21 nämnda

80 337 130 22 kontrollen.

150 372 74 27 Begge
244 372 63 21 dessa
327 372 81 28 förslag
429 379 64 21 synas
513 373 44 27 mig
576 372 57 29 syfta
648 373 22 20 ät
685 380 81 15 samma
781 375 44 20 mål

82 406 53 21 eller
156 406 198 28 åvägabringandet
369 401 63 26 af'6n
448 407 83 28 verklig
545 407 94 20 kontroll
655 407 60 22 öfver
729 408 96 28 förmyn-

83 440 133 21 darevården
236 441 48 20 från
304 441 142 21 kommunens
467 441 52 21 sida.
548 441 44 21 För
611 441 44 21 min
673 442 34 21 del
723 443 50 21 ville
786 443 39 28 jag

84 475 40 21 ock
139 475 7 20 i
161 475 23 21 så
204 475 68 21 måtto
292 475 115 28 godkänna
427 476 48 20 dem
496 476 77 28 begge,
588 477 31 20 att
635 475 35 22 det
685 477 72 21 kunde
773 477 51 21 bero

83 511 28 27 på
130 510 156 21 kommunerna
306 512 32 19 att
357 510 104 28 antingen
481 510 111 29 uppdraga
612 517 27 14 en
659 511 54 21 eller
732 511 52 22 flere
804 512 24 21 af

83 545 244 27 kommunalstyrelsens
348 545 119 21 ledamöter
483 547 31 19 att
529 545 74 22 utöfva
618 545 73 28 tillsyn
707 545 60 22 öfver
782 547 43 21 för-

83 579 174 28 mynderskapen
273 579 60 27 eller,
343 580 28 27 på
386 579 26 21 de
428 581 57 20 orter
499 580 38 21 der
551 579 216 29 kommunalstyrelse
777 581 48 21 icke

83 614 86 21 komme
185 614 32 20 till
233 613 63 22 stånd
311 614 40 21 och
367 613 37 22 der
420 614 41 21 den
477 615 91 28 ansåges
582 615 53 21 böra
650 615 61 28 njuta
724 615 101 22 befrielse

83 649 47 20 från
150 649 60 20 detta
229 648 125 28 åliggande,
374 650 47 19 utse
441 655 27 14 en
489 649 91 21 särskild
599 649 89 27 nämnd,
704 656 46 15 som
770 649 55 28 ägde

83 683 121 21 handhafva
217 682 165 28 ifrågavarande
397 682 81 29 tillsyn.

150 717 128 21 Emellertid
297 717 66 20 hafva
382 717 63 21 dessa
464 717 81 28 förslag
565 724 34 14 om
615 724 26 15 en
656 717 94 22 kontroll
766 718 60 21 öfver

84 751 207 28 förmynderskapen
307 751 48 20 från
370 751 141 22 kommunens
527 752 45 21 sida
587 751 47 22 icke
649 752 77 21 vunnit
737 753 89 27 plurali-

84 787 71 20 tetens
170 786 58 21 inom
244 785 142 28 lagutskottet
401 785 164 28 godkännande,
577 788 51 19 utan
639 787 7 20 i
657 787 72 21 stället
744 793 34 21 en,
790 793 36 15 en-

84 821 40 28 ligt
146 821 45 21 min
212 820 76 27 tanke,
307 820 83 21 mindre
412 820 100 22 verksam
531 821 94 21 kontroll
643 827 78 22 genom
739 821 88 22 fränder

85 856 46 26 och,
147 862 35 14 om
198 855 79 21 sådane
293 854 112 28 saknades,
421 855 33 20 för
469 855 74 28 hvarje
557 855 57 29 gång
626 855 101 22 särskildt
737 855 89 22 utsedde

84 890 145 21 kontrollörer
244 889 72 21 blifvit
331 889 24 20 af
368 889 105 21 utskottet
489 889 128 29 föreslagen.

152 924 43 28 Jag
214 923 86 22 befarar
319 923 65 28 dock,
400 925 32 20 att
450 931 34 14 om
504 924 153 27 lagutskottets
671 924 82 29 förslag
767 926 60 20 anta-

85 966 44 21 ges,
144 959 113 21 inseendet
272 959 60 21 öfver
347 958 218 29 förmyndarevården
576 959 115 21 framdeles
702 959 71 21 blefve
783 959 44 21 lika

85 993 126 28 bristfälligt
226 1000 46 14 som
286 993 85 26 hittills,
381 993 92 21 likasom
486 994 39 27 jag
535 993 41 21 ock
585 993 116 27 förmodar,
711 995 32 19 att
755 993 72 22 doma-

84 1035 52 14 rene
149 1029 27 27 på
187 1027 80 27 landet,
276 1027 73 22 hvilka
360 1027 66 22 redan
438 1027 58 21 förut
507 1029 36 20 äro
556 1027 145 29 öfverhopade
709 1028 24 21 af
739 1029 88 20 arbeten

85 1063 23 20 af
121 1062 147 28 hvarjehanda
282 1062 55 28 slag,
353 1062 47 21 icke
416 1062 101 27 rimligen
532 1062 73 21 kunna
620 1063 89 28 åläggas
724 1064 31 19 att
771 1064 57 19 ännu

86 1097 108 21 dessutom
205 1096 132 21 kontrollera
348 1096 41 21 alla
400 1096 221 29 förmyndareskapen
634 1097 59 21 inom
704 1097 124 28 domsagan.

152 1131 44 21 Det
212 1133 22 19 är
249 1131 28 28 på
292 1131 142 21 förenämnda
449 1131 54 27 skäl,
519 1131 39 21 och
574 1131 27 22 då
617 1138 27 14 en
659 1131 94 22 kontroll
769 1131 60 22 öfver

86 1166 207 28 förmynderskapen
314 1165 48 22 från
382 1165 141 22 kommunens
542 1166 46 21 sida
603 1173 64 22 synes
682 1166 45 28 mig
742 1173 51 14 vara
807 1165 25 21 af

87 1201 100 21 behofvet
202 1200 109 28 påkallad,
325 1201 39 26 jag
383 1201 66 27 vågar
464 1200 86 27 föreslå,
566 1203 31 19 att
612 1201 141 21 förevarande
769 1200 61 27 fråga

86 1243 34 13 om
136 1234 219 29 förmyndarevården
369 1234 72 21 kunde
457 1234 169 22 återremitteras
638 1235 33 20 till
681 1234 149 29 lagutskottet,

87 1277 44 14 som
148 1269 54 28 ägde
218 1271 31 18 att
265 1269 110 20 omarbeta
391 1268 26 21 de
433 1269 34 27 sju
482 1269 67 21 första
564 1269 156 28 paragraferna
733 1269 8 20 i
754 1268 76 21 försla-

87 1306 37 26 get
142 1303 33 21 till
193 1303 130 27 författning
343 1303 112 27 angående
471 1303 191 28 förmyndarevård
677 1303 6 20 i
699 1303 36 21 det
749 1302 25 21 af
786 1302 45 27 mig

87 1337 129 22 omnämnda
237 1337 65 27 syfte,
318 1337 112 20 hvaremot
449 1339 22 24 8,
488 1338 22 24 9,
527 1339 34 24 10,
579 1339 32 23 11,
632 1338 25 19 12
673 1337 38 20 och
729 1337 25 19 13
769 1343 62 20 para-

88 1367 110 33 graferna,
214 1371 27 27 på
261 1370 73 21 hvilka
354 1370 76 27 frågan
451 1377 34 14 om
504 1370 143 21 kommunens
662 1370 95 21 kontroll
772 1370 60 21 öfver

88 1405 208 28 förmyndarskapen
313 1404 49 21 icke
384 1404 109 27 inverkar,
513 1404 71 21 kunde
605 1404 69 27 enligt
693 1404 44 21 min
757 1403 74 27 tanke,

89 1439 142 23 oförändrade
246 1441 96 26 antagas.

134 1481 51 22 Högl.
198 1480 52 17 Ridd.
263 1481 29 16 och
304 1480 64 17 Adelns
380 1480 66 17 Protok.
458 1479 27 18 II.
744 1480 22 16 59
