<?xml version="1.0" encoding="UTF-8"?>
<alto xmlns="http://www.loc.gov/standards/alto/ns-v3#" xmlns:xlink="http://www.w3.org/1999/xlink" xmlns:xsi="http://www.w3.org/2001/XMLSchema-instance" xsi:schemaLocation="http://www.loc.gov/standards/alto/ns-v3# http://www.loc.gov/alto/v3/alto-3-0.xsd">
	<Description>
		<MeasurementUnit>pixel</MeasurementUnit>
		<sourceImageInformation>
			<fileName>/tmp/tess_3mkiqwy9_input.PNG</fileName>
		</sourceImageInformation>
		<OCRProcessing ID="OCR_0">
			<ocrProcessingStep>
				<processingSoftware>
					<softwareName>tesseract 5.3.4</softwareName>
				</processingSoftware>
			</ocrProcessingStep>
		</OCRProcessing>
	</Description>
	<Layout>
		<Page WIDTH="1028" HEIGHT="1709" PHYSICAL_IMG_NR="0" ID="page_0">
			<PrintSpace HPOS="0" VPOS="0" WIDTH="1028" HEIGHT="1709">
				<ComposedBlock ID="cblock_0" HPOS="213" VPOS="117" WIDTH="41" HEIGHT="21">
					<TextBlock ID="block_0" HPOS="213" VPOS="117" WIDTH="41" HEIGHT="21">
						<TextLine ID="line_0" HPOS="213" VPOS="117" WIDTH="41" HEIGHT="21">
							<String ID="string_0" HPOS="213" VPOS="117" WIDTH="41" HEIGHT="21" WC="0.93" CONTENT="910"/>
						</TextLine>
					</TextBlock>
				</ComposedBlock>
				<ComposedBlock ID="cblock_1" HPOS="183" VPOS="179" WIDTH="750" HEIGHT="1267">
					<TextBlock ID="block_1" HPOS="183" VPOS="179" WIDTH="746" HEIGHT="64">
						<TextLine ID="line_1" HPOS="183" VPOS="179" WIDTH="746" HEIGHT="29">
							<String ID="string_1" HPOS="183" VPOS="181" WIDTH="35" HEIGHT="21" WC="0.95" CONTENT="lan"/><SP WIDTH="16" VPOS="181" HPOS="218"/>
							<String ID="string_2" HPOS="234" VPOS="182" WIDTH="37" HEIGHT="20" WC="0.96" CONTENT="det"/><SP WIDTH="15" VPOS="182" HPOS="271"/>
							<String ID="string_3" HPOS="286" VPOS="181" WIDTH="101" HEIGHT="27" WC="0.96" CONTENT="svenska,"/><SP WIDTH="17" VPOS="181" HPOS="387"/>
							<String ID="string_4" HPOS="404" VPOS="182" WIDTH="39" HEIGHT="20" WC="0.96" CONTENT="och"/><SP WIDTH="15" VPOS="182" HPOS="443"/>
							<String ID="string_5" HPOS="458" VPOS="182" WIDTH="59" HEIGHT="20" WC="0.96" CONTENT="detta"/><SP WIDTH="15" VPOS="182" HPOS="517"/>
							<String ID="string_6" HPOS="532" VPOS="181" WIDTH="90" HEIGHT="21" WC="0.96" CONTENT="sålunda"/><SP WIDTH="13" VPOS="181" HPOS="622"/>
							<String ID="string_7" HPOS="635" VPOS="179" WIDTH="114" HEIGHT="23" WC="0.96" CONTENT="efterhand"/><SP WIDTH="15" VPOS="179" HPOS="749"/>
							<String ID="string_8" HPOS="764" VPOS="183" WIDTH="32" HEIGHT="19" WC="0.96" CONTENT="ett"/><SP WIDTH="14" VPOS="183" HPOS="796"/>
							<String ID="string_9" HPOS="810" VPOS="180" WIDTH="71" HEIGHT="22" WC="0.96" CONTENT="medel"/><SP WIDTH="15" VPOS="180" HPOS="881"/>
							<String ID="string_10" HPOS="896" VPOS="182" WIDTH="33" HEIGHT="19" WC="0.96" CONTENT="att"/>
						</TextLine>
						<TextLine ID="line_2" HPOS="184" VPOS="214" WIDTH="743" HEIGHT="29">
							<String ID="string_11" HPOS="184" VPOS="217" WIDTH="52" HEIGHT="26" WC="0.95" CONTENT="göra"/><SP WIDTH="20" VPOS="217" HPOS="236"/>
							<String ID="string_12" HPOS="256" VPOS="215" WIDTH="38" HEIGHT="21" WC="0.93" CONTENT="allt"/><SP WIDTH="20" VPOS="215" HPOS="294"/>
							<String ID="string_13" HPOS="314" VPOS="216" WIDTH="118" HEIGHT="27" WC="0.92" CONTENT="menskligt"/><SP WIDTH="17" VPOS="216" HPOS="432"/>
							<String ID="string_14" HPOS="449" VPOS="216" WIDTH="93" HEIGHT="20" WC="0.95" CONTENT="vetande"/><SP WIDTH="20" VPOS="216" HPOS="542"/>
							<String ID="string_15" HPOS="562" VPOS="216" WIDTH="132" HEIGHT="27" WC="0.95" CONTENT="tillgängligt"/><SP WIDTH="15" VPOS="216" HPOS="694"/>
							<String ID="string_16" HPOS="709" VPOS="215" WIDTH="34" HEIGHT="21" WC="0.96" CONTENT="för"/><SP WIDTH="16" VPOS="215" HPOS="743"/>
							<String ID="string_17" HPOS="759" VPOS="215" WIDTH="100" HEIGHT="27" WC="0.95" CONTENT="Sveriges"/><SP WIDTH="16" VPOS="215" HPOS="859"/>
							<String ID="string_18" HPOS="875" VPOS="214" WIDTH="52" HEIGHT="21" WC="0.92" CONTENT="folk."/>
						</TextLine>
					</TextBlock>
					<TextBlock ID="block_2" HPOS="183" VPOS="243" WIDTH="748" HEIGHT="481">
						<TextLine ID="line_3" HPOS="251" VPOS="243" WIDTH="678" HEIGHT="28">
							<String ID="string_19" HPOS="251" VPOS="250" WIDTH="74" HEIGHT="21" WC="0.96" CONTENT="Annat"/><SP WIDTH="14" VPOS="250" HPOS="325"/>
							<String ID="string_20" HPOS="339" VPOS="249" WIDTH="48" HEIGHT="22" WC="0.96" CONTENT="blef"/><SP WIDTH="12" VPOS="249" HPOS="387"/>
							<String ID="string_21" HPOS="399" VPOS="250" WIDTH="143" HEIGHT="21" WC="0.96" CONTENT="förhållandet"/><SP WIDTH="16" VPOS="250" HPOS="542"/>
							<String ID="string_22" HPOS="558" VPOS="250" WIDTH="38" HEIGHT="21" WC="0.96" CONTENT="hos"/><SP WIDTH="15" VPOS="250" HPOS="596"/>
							<String ID="string_23" HPOS="611" VPOS="256" WIDTH="41" HEIGHT="15" WC="0.96" CONTENT="oss."/><SP WIDTH="23" VPOS="256" HPOS="652"/>
							<String ID="string_24" HPOS="675" VPOS="243" WIDTH="71" HEIGHT="28" WC="0.96" CONTENT="Äfven"/><SP WIDTH="16" VPOS="243" HPOS="746"/>
							<String ID="string_25" HPOS="762" VPOS="249" WIDTH="39" HEIGHT="21" WC="0.96" CONTENT="här"/><SP WIDTH="16" VPOS="249" HPOS="801"/>
							<String ID="string_26" HPOS="817" VPOS="249" WIDTH="54" HEIGHT="21" WC="0.96" CONTENT="hade"/><SP WIDTH="16" VPOS="249" HPOS="871"/>
							<String ID="string_27" HPOS="887" VPOS="248" WIDTH="42" HEIGHT="22" WC="0.96" CONTENT="den"/>
						</TextLine>
						<TextLine ID="line_4" HPOS="184" VPOS="283" WIDTH="745" HEIGHT="30">
							<String ID="string_28" HPOS="184" VPOS="284" WIDTH="170" HEIGHT="27" WC="0.96" CONTENT="protestantiska"/><SP WIDTH="14" VPOS="284" HPOS="354"/>
							<String ID="string_29" HPOS="368" VPOS="285" WIDTH="61" HEIGHT="20" WC="0.96" CONTENT="läran"/><SP WIDTH="18" VPOS="285" HPOS="429"/>
							<String ID="string_30" HPOS="447" VPOS="285" WIDTH="72" HEIGHT="20" WC="0.91" CONTENT="blifvit"/><SP WIDTH="15" VPOS="285" HPOS="519"/>
							<String ID="string_31" HPOS="534" VPOS="285" WIDTH="122" HEIGHT="21" WC="0.91" CONTENT="förkunnad"/><SP WIDTH="14" VPOS="285" HPOS="656"/>
							<String ID="string_32" HPOS="670" VPOS="285" WIDTH="28" HEIGHT="28" WC="0.96" CONTENT="på"/><SP WIDTH="15" VPOS="285" HPOS="698"/>
							<String ID="string_33" HPOS="713" VPOS="284" WIDTH="80" HEIGHT="21" WC="0.96" CONTENT="folkets"/><SP WIDTH="16" VPOS="284" HPOS="793"/>
							<String ID="string_34" HPOS="809" VPOS="284" WIDTH="65" HEIGHT="27" WC="0.95" CONTENT="språk"/><SP WIDTH="15" VPOS="284" HPOS="874"/>
							<String ID="string_35" HPOS="889" VPOS="283" WIDTH="40" HEIGHT="21" WC="0.96" CONTENT="och"/>
						</TextLine>
						<TextLine ID="line_5" HPOS="185" VPOS="318" WIDTH="745" HEIGHT="28">
							<String ID="string_36" HPOS="185" VPOS="318" WIDTH="89" HEIGHT="21" WC="0.96" CONTENT="sålunda"/><SP WIDTH="20" VPOS="318" HPOS="274"/>
							<String ID="string_37" HPOS="294" VPOS="319" WIDTH="49" HEIGHT="20" WC="0.96" CONTENT="dess"/><SP WIDTH="16" VPOS="319" HPOS="343"/>
							<String ID="string_38" HPOS="359" VPOS="319" WIDTH="161" HEIGHT="21" WC="0.96" CONTENT="användbarhet"/><SP WIDTH="15" VPOS="319" HPOS="520"/>
							<String ID="string_39" HPOS="535" VPOS="319" WIDTH="33" HEIGHT="21" WC="0.93" CONTENT="till"/><SP WIDTH="15" VPOS="319" HPOS="568"/>
							<String ID="string_40" HPOS="583" VPOS="319" WIDTH="143" HEIGHT="27" WC="0.92" CONTENT="uttryckande"/><SP WIDTH="16" VPOS="319" HPOS="726"/>
							<String ID="string_41" HPOS="742" VPOS="318" WIDTH="24" HEIGHT="21" WC="0.96" CONTENT="af"/><SP WIDTH="13" VPOS="318" HPOS="766"/>
							<String ID="string_42" HPOS="779" VPOS="318" WIDTH="26" HEIGHT="21" WC="0.96" CONTENT="de"/><SP WIDTH="15" VPOS="318" HPOS="805"/>
							<String ID="string_43" HPOS="820" VPOS="319" WIDTH="35" HEIGHT="20" WC="0.93" CONTENT="för"/><SP WIDTH="14" VPOS="319" HPOS="855"/>
							<String ID="string_44" HPOS="869" VPOS="325" WIDTH="61" HEIGHT="14" WC="0.91" CONTENT="men-"/>
						</TextLine>
						<TextLine ID="line_6" HPOS="184" VPOS="353" WIDTH="746" HEIGHT="28">
							<String ID="string_45" HPOS="184" VPOS="353" WIDTH="77" HEIGHT="20" WC="0.92" CONTENT="niskan"/><SP WIDTH="20" VPOS="353" HPOS="261"/>
							<String ID="string_46" HPOS="281" VPOS="353" WIDTH="78" HEIGHT="28" WC="0.96" CONTENT="högsta"/><SP WIDTH="15" VPOS="353" HPOS="359"/>
							<String ID="string_47" HPOS="374" VPOS="353" WIDTH="117" HEIGHT="28" WC="0.96" CONTENT="sanningar"/><SP WIDTH="14" VPOS="353" HPOS="491"/>
							<String ID="string_48" HPOS="505" VPOS="353" WIDTH="109" HEIGHT="28" WC="0.96" CONTENT="praktiskt"/><SP WIDTH="15" VPOS="353" HPOS="614"/>
							<String ID="string_49" HPOS="629" VPOS="353" WIDTH="89" HEIGHT="20" WC="0.96" CONTENT="bevisad"/><SP WIDTH="15" VPOS="353" HPOS="718"/>
							<String ID="string_50" HPOS="733" VPOS="359" WIDTH="78" HEIGHT="22" WC="0.95" CONTENT="genom"/><SP WIDTH="15" VPOS="359" HPOS="811"/>
							<String ID="string_51" HPOS="826" VPOS="353" WIDTH="104" HEIGHT="27" WC="0.96" CONTENT="Agricola"/>
						</TextLine>
						<TextLine ID="line_7" HPOS="185" VPOS="386" WIDTH="745" HEIGHT="29">
							<String ID="string_52" HPOS="185" VPOS="387" WIDTH="39" HEIGHT="20" WC="0.96" CONTENT="och"/><SP WIDTH="15" VPOS="387" HPOS="224"/>
							<String ID="string_53" HPOS="239" VPOS="386" WIDTH="49" HEIGHT="21" WC="0.96" CONTENT="dess"/><SP WIDTH="15" VPOS="386" HPOS="288"/>
							<String ID="string_54" HPOS="303" VPOS="387" WIDTH="156" HEIGHT="21" WC="0.96" CONTENT="medarbetare."/><SP WIDTH="23" VPOS="387" HPOS="459"/>
							<String ID="string_55" HPOS="482" VPOS="387" WIDTH="51" HEIGHT="21" WC="0.93" CONTENT="Men"/><SP WIDTH="15" VPOS="387" HPOS="533"/>
							<String ID="string_56" HPOS="548" VPOS="387" WIDTH="153" HEIGHT="28" WC="0.92" CONTENT="beklagligtvis"/><SP WIDTH="13" VPOS="387" HPOS="701"/>
							<String ID="string_57" HPOS="714" VPOS="387" WIDTH="96" HEIGHT="27" WC="0.96" CONTENT="fortgick"/><SP WIDTH="10" VPOS="387" HPOS="810"/>
							<String ID="string_58" HPOS="820" VPOS="394" WIDTH="51" HEIGHT="13" WC="0.96" CONTENT="man"/><SP WIDTH="10" VPOS="394" HPOS="871"/>
							<String ID="string_59" HPOS="881" VPOS="386" WIDTH="49" HEIGHT="21" WC="0.96" CONTENT="icke"/>
						</TextLine>
						<TextLine ID="line_8" HPOS="184" VPOS="421" WIDTH="747" HEIGHT="28">
							<String ID="string_60" HPOS="184" VPOS="421" WIDTH="27" HEIGHT="27" WC="0.95" CONTENT="på"/><SP WIDTH="21" VPOS="421" HPOS="211"/>
							<String ID="string_61" HPOS="232" VPOS="428" WIDTH="81" HEIGHT="14" WC="0.95" CONTENT="samma"/><SP WIDTH="19" VPOS="428" HPOS="313"/>
							<String ID="string_62" HPOS="332" VPOS="421" WIDTH="62" HEIGHT="21" WC="0.95" CONTENT="bana."/><SP WIDTH="30" VPOS="421" HPOS="394"/>
							<String ID="string_63" HPOS="424" VPOS="421" WIDTH="43" HEIGHT="21" WC="0.96" CONTENT="Det"/><SP WIDTH="19" VPOS="421" HPOS="467"/>
							<String ID="string_64" HPOS="486" VPOS="428" WIDTH="38" HEIGHT="14" WC="0.93" CONTENT="var"/><SP WIDTH="19" VPOS="428" HPOS="524"/>
							<String ID="string_65" HPOS="543" VPOS="422" WIDTH="73" HEIGHT="27" WC="0.93" CONTENT="vigare"/><SP WIDTH="20" VPOS="422" HPOS="616"/>
							<String ID="string_66" HPOS="636" VPOS="423" WIDTH="32" HEIGHT="18" WC="0.96" CONTENT="att"/><SP WIDTH="16" VPOS="423" HPOS="668"/>
							<String ID="string_67" HPOS="684" VPOS="421" WIDTH="106" HEIGHT="21" WC="0.96" CONTENT="behandla"/><SP WIDTH="16" VPOS="421" HPOS="790"/>
							<String ID="string_68" HPOS="806" VPOS="421" WIDTH="42" HEIGHT="20" WC="0.96" CONTENT="alla"/><SP WIDTH="15" VPOS="421" HPOS="848"/>
							<String ID="string_69" HPOS="863" VPOS="421" WIDTH="68" HEIGHT="21" WC="0.95" CONTENT="andra"/>
						</TextLine>
						<TextLine ID="line_9" HPOS="184" VPOS="455" WIDTH="746" HEIGHT="28">
							<String ID="string_70" HPOS="184" VPOS="455" WIDTH="191" HEIGHT="28" WC="0.92" CONTENT="kunskapsgrenar"/><SP WIDTH="20" VPOS="455" HPOS="375"/>
							<String ID="string_71" HPOS="395" VPOS="457" WIDTH="28" HEIGHT="26" WC="0.96" CONTENT="pä"/><SP WIDTH="17" VPOS="457" HPOS="423"/>
							<String ID="string_72" HPOS="440" VPOS="456" WIDTH="54" HEIGHT="21" WC="0.97" CONTENT="latin"/><SP WIDTH="16" VPOS="456" HPOS="494"/>
							<String ID="string_73" HPOS="510" VPOS="456" WIDTH="52" HEIGHT="21" WC="0.96" CONTENT="eller"/><SP WIDTH="16" VPOS="456" HPOS="562"/>
							<String ID="string_74" HPOS="578" VPOS="456" WIDTH="101" HEIGHT="27" WC="0.96" CONTENT="svenska;"/><SP WIDTH="17" VPOS="456" HPOS="679"/>
							<String ID="string_75" HPOS="696" VPOS="455" WIDTH="36" HEIGHT="21" WC="0.96" CONTENT="det"/><SP WIDTH="15" VPOS="455" HPOS="732"/>
							<String ID="string_76" HPOS="747" VPOS="462" WIDTH="38" HEIGHT="14" WC="0.93" CONTENT="var"/><SP WIDTH="15" VPOS="462" HPOS="785"/>
							<String ID="string_77" HPOS="800" VPOS="455" WIDTH="130" HEIGHT="28" WC="0.92" CONTENT="begvämare"/>
						</TextLine>
						<TextLine ID="line_10" HPOS="185" VPOS="489" WIDTH="744" HEIGHT="27">
							<String ID="string_78" HPOS="185" VPOS="490" WIDTH="30" HEIGHT="19" WC="0.92" CONTENT="att"/><SP WIDTH="19" VPOS="490" HPOS="215"/>
							<String ID="string_79" HPOS="234" VPOS="489" WIDTH="81" HEIGHT="20" WC="0.96" CONTENT="inrätta"/><SP WIDTH="15" VPOS="489" HPOS="315"/>
							<String ID="string_80" HPOS="330" VPOS="490" WIDTH="92" HEIGHT="21" WC="0.93" CONTENT="svenska"/><SP WIDTH="16" VPOS="490" HPOS="422"/>
							<String ID="string_81" HPOS="438" VPOS="490" WIDTH="78" HEIGHT="26" WC="0.96" CONTENT="skolor,"/><SP WIDTH="16" VPOS="490" HPOS="516"/>
							<String ID="string_82" HPOS="532" VPOS="490" WIDTH="57" HEIGHT="21" WC="0.93" CONTENT="helst"/><SP WIDTH="15" VPOS="490" HPOS="589"/>
							<String ID="string_83" HPOS="604" VPOS="489" WIDTH="80" HEIGHT="22" WC="0.94" CONTENT="sådana"/><SP WIDTH="12" VPOS="489" HPOS="684"/>
							<String ID="string_84" HPOS="696" VPOS="489" WIDTH="7" HEIGHT="21" WC="0.96" CONTENT="i"/><SP WIDTH="14" VPOS="489" HPOS="703"/>
							<String ID="string_85" HPOS="717" VPOS="490" WIDTH="43" HEIGHT="21" WC="0.96" CONTENT="alla"/><SP WIDTH="15" VPOS="490" HPOS="760"/>
							<String ID="string_86" HPOS="775" VPOS="489" WIDTH="38" HEIGHT="21" WC="0.93" CONTENT="fall"/><SP WIDTH="14" VPOS="489" HPOS="813"/>
							<String ID="string_87" HPOS="827" VPOS="496" WIDTH="52" HEIGHT="15" WC="0.91" CONTENT="vore"/><SP WIDTH="14" VPOS="496" HPOS="879"/>
							<String ID="string_88" HPOS="893" VPOS="489" WIDTH="36" HEIGHT="21" WC="0.84" CONTENT="be-"/>
						</TextLine>
						<TextLine ID="line_11" HPOS="184" VPOS="522" WIDTH="745" HEIGHT="29">
							<String ID="string_89" HPOS="184" VPOS="522" WIDTH="80" HEIGHT="29" WC="0.83" CONTENT="höfliga"/><SP WIDTH="15" VPOS="522" HPOS="264"/>
							<String ID="string_90" HPOS="279" VPOS="524" WIDTH="34" HEIGHT="20" WC="0.96" CONTENT="för"/><SP WIDTH="15" VPOS="524" HPOS="313"/>
							<String ID="string_91" HPOS="328" VPOS="524" WIDTH="27" HEIGHT="21" WC="0.88" CONTENT="de"/><SP WIDTH="14" VPOS="524" HPOS="355"/>
							<String ID="string_92" HPOS="369" VPOS="524" WIDTH="8" HEIGHT="20" WC="0.96" CONTENT="i"/><SP WIDTH="15" VPOS="524" HPOS="377"/>
							<String ID="string_93" HPOS="392" VPOS="525" WIDTH="47" HEIGHT="20" WC="0.96" CONTENT="vårt"/><SP WIDTH="14" VPOS="525" HPOS="439"/>
							<String ID="string_94" HPOS="453" VPOS="524" WIDTH="51" HEIGHT="21" WC="0.93" CONTENT="land"/><SP WIDTH="14" VPOS="524" HPOS="504"/>
							<String ID="string_95" HPOS="518" VPOS="525" WIDTH="85" HEIGHT="20" WC="0.93" CONTENT="bosatta"/><SP WIDTH="15" VPOS="525" HPOS="603"/>
							<String ID="string_96" HPOS="618" VPOS="524" WIDTH="140" HEIGHT="27" WC="0.92" CONTENT="svenskarne,"/><SP WIDTH="11" VPOS="524" HPOS="758"/>
							<String ID="string_97" HPOS="769" VPOS="525" WIDTH="27" HEIGHT="20" WC="0.97" CONTENT="än"/><SP WIDTH="12" VPOS="525" HPOS="796"/>
							<String ID="string_98" HPOS="808" VPOS="526" WIDTH="31" HEIGHT="19" WC="0.96" CONTENT="att"/><SP WIDTH="11" VPOS="526" HPOS="839"/>
							<String ID="string_99" HPOS="850" VPOS="530" WIDTH="79" HEIGHT="21" WC="0.96" CONTENT="genom"/>
						</TextLine>
						<TextLine ID="line_12" HPOS="185" VPOS="557" WIDTH="744" HEIGHT="29">
							<String ID="string_100" HPOS="185" VPOS="557" WIDTH="105" HEIGHT="21" WC="0.92" CONTENT="särskilda"/><SP WIDTH="19" VPOS="557" HPOS="290"/>
							<String ID="string_101" HPOS="309" VPOS="557" WIDTH="72" HEIGHT="22" WC="0.92" CONTENT="skolor"/><SP WIDTH="20" VPOS="557" HPOS="381"/>
							<String ID="string_102" HPOS="401" VPOS="559" WIDTH="50" HEIGHT="20" WC="0.93" CONTENT="med"/><SP WIDTH="18" VPOS="559" HPOS="451"/>
							<String ID="string_103" HPOS="469" VPOS="559" WIDTH="66" HEIGHT="20" WC="0.92" CONTENT="finskt"/><SP WIDTH="15" VPOS="559" HPOS="535"/>
							<String ID="string_104" HPOS="550" VPOS="559" WIDTH="110" HEIGHT="27" WC="0.92" CONTENT="tungomäl"/><SP WIDTH="16" VPOS="559" HPOS="660"/>
							<String ID="string_105" HPOS="676" VPOS="560" WIDTH="53" HEIGHT="26" WC="0.93" CONTENT="göra"/><SP WIDTH="15" VPOS="560" HPOS="729"/>
							<String ID="string_106" HPOS="744" VPOS="557" WIDTH="127" HEIGHT="29" WC="0.92" CONTENT="bildningen"/><SP WIDTH="16" VPOS="557" HPOS="871"/>
							<String ID="string_107" HPOS="887" VPOS="558" WIDTH="42" HEIGHT="21" WC="0.89" CONTENT="till-"/>
						</TextLine>
						<TextLine ID="line_13" HPOS="185" VPOS="591" WIDTH="744" HEIGHT="29">
							<String ID="string_108" HPOS="185" VPOS="591" WIDTH="88" HEIGHT="28" WC="0.96" CONTENT="gänglig"/><SP WIDTH="23" VPOS="591" HPOS="273"/>
							<String ID="string_109" HPOS="296" VPOS="591" WIDTH="34" HEIGHT="22" WC="0.96" CONTENT="för"/><SP WIDTH="21" VPOS="591" HPOS="330"/>
							<String ID="string_110" HPOS="351" VPOS="593" WIDTH="40" HEIGHT="20" WC="0.96" CONTENT="den"/><SP WIDTH="20" VPOS="593" HPOS="391"/>
							<String ID="string_111" HPOS="411" VPOS="595" WIDTH="59" HEIGHT="19" WC="0.96" CONTENT="stora"/><SP WIDTH="19" VPOS="595" HPOS="470"/>
							<String ID="string_112" HPOS="489" VPOS="600" WIDTH="85" HEIGHT="15" WC="0.96" CONTENT="massan"/><SP WIDTH="23" VPOS="600" HPOS="574"/>
							<String ID="string_113" HPOS="597" VPOS="593" WIDTH="23" HEIGHT="21" WC="0.93" CONTENT="af"/><SP WIDTH="20" VPOS="593" HPOS="620"/>
							<String ID="string_114" HPOS="640" VPOS="594" WIDTH="47" HEIGHT="19" WC="0.96" CONTENT="vårt"/><SP WIDTH="23" VPOS="594" HPOS="687"/>
							<String ID="string_115" HPOS="710" VPOS="593" WIDTH="63" HEIGHT="21" WC="0.96" CONTENT="lands"/><SP WIDTH="21" VPOS="593" HPOS="773"/>
							<String ID="string_116" HPOS="794" VPOS="593" WIDTH="135" HEIGHT="27" WC="0.95" CONTENT="befolkning."/>
						</TextLine>
						<TextLine ID="line_14" HPOS="185" VPOS="625" WIDTH="744" HEIGHT="31">
							<String ID="string_117" HPOS="185" VPOS="625" WIDTH="94" HEIGHT="22" WC="0.96" CONTENT="Sålunda"/><SP WIDTH="20" VPOS="625" HPOS="279"/>
							<String ID="string_118" HPOS="299" VPOS="627" WIDTH="40" HEIGHT="20" WC="0.96" CONTENT="har"/><SP WIDTH="20" VPOS="627" HPOS="339"/>
							<String ID="string_119" HPOS="359" VPOS="635" WIDTH="26" HEIGHT="13" WC="0.93" CONTENT="en"/><SP WIDTH="22" VPOS="635" HPOS="385"/>
							<String ID="string_120" HPOS="407" VPOS="627" WIDTH="103" HEIGHT="29" WC="0.92" CONTENT="söndring"/><SP WIDTH="20" VPOS="627" HPOS="510"/>
							<String ID="string_121" HPOS="530" VPOS="628" WIDTH="92" HEIGHT="21" WC="0.96" CONTENT="emellan"/><SP WIDTH="21" VPOS="628" HPOS="622"/>
							<String ID="string_122" HPOS="643" VPOS="627" WIDTH="25" HEIGHT="21" WC="0.93" CONTENT="de"/><SP WIDTH="21" VPOS="627" HPOS="668"/>
							<String ID="string_123" HPOS="689" VPOS="627" WIDTH="87" HEIGHT="22" WC="0.96" CONTENT="bildade"/><SP WIDTH="19" VPOS="627" HPOS="776"/>
							<String ID="string_124" HPOS="795" VPOS="627" WIDTH="134" HEIGHT="22" WC="0.95" CONTENT="klasserna"/><SP WIDTH="-14" VPOS="627" HPOS="929"/>
							<String ID="string_125" HPOS="915" VPOS="621" WIDTH="17" HEIGHT="39" WC="0.95" CONTENT="i"/>
						</TextLine>
						<TextLine ID="line_15" HPOS="183" VPOS="660" WIDTH="746" HEIGHT="28">
							<String ID="string_126" HPOS="183" VPOS="660" WIDTH="74" HEIGHT="21" WC="0.96" CONTENT="landet"/><SP WIDTH="12" VPOS="660" HPOS="257"/>
							<String ID="string_127" HPOS="269" VPOS="661" WIDTH="39" HEIGHT="21" WC="0.96" CONTENT="och"/><SP WIDTH="11" VPOS="661" HPOS="308"/>
							<String ID="string_128" HPOS="319" VPOS="661" WIDTH="41" HEIGHT="21" WC="0.96" CONTENT="den"/><SP WIDTH="11" VPOS="661" HPOS="360"/>
							<String ID="string_129" HPOS="371" VPOS="663" WIDTH="58" HEIGHT="20" WC="0.96" CONTENT="stora"/><SP WIDTH="10" VPOS="663" HPOS="429"/>
							<String ID="string_130" HPOS="439" VPOS="669" WIDTH="85" HEIGHT="14" WC="0.96" CONTENT="massan"/><SP WIDTH="12" VPOS="669" HPOS="524"/>
							<String ID="string_131" HPOS="536" VPOS="663" WIDTH="24" HEIGHT="20" WC="0.96" CONTENT="af"/><SP WIDTH="8" VPOS="663" HPOS="560"/>
							<String ID="string_132" HPOS="568" VPOS="662" WIDTH="68" HEIGHT="21" WC="0.93" CONTENT="folket"/><SP WIDTH="12" VPOS="662" HPOS="636"/>
							<String ID="string_133" HPOS="648" VPOS="662" WIDTH="69" HEIGHT="21" WC="0.91" CONTENT="blifvit"/><SP WIDTH="11" VPOS="662" HPOS="717"/>
							<String ID="string_134" HPOS="728" VPOS="661" WIDTH="136" HEIGHT="27" WC="0.92" CONTENT="framkallad,"/><SP WIDTH="10" VPOS="661" HPOS="864"/>
							<String ID="string_135" HPOS="874" VPOS="661" WIDTH="55" HEIGHT="22" WC="0.91" CONTENT="hvil-"/>
						</TextLine>
						<TextLine ID="line_16" HPOS="184" VPOS="694" WIDTH="392" HEIGHT="30">
							<String ID="string_136" HPOS="184" VPOS="694" WIDTH="42" HEIGHT="21" WC="0.93" CONTENT="ken"/><SP WIDTH="15" VPOS="694" HPOS="226"/>
							<String ID="string_137" HPOS="241" VPOS="696" WIDTH="79" HEIGHT="20" WC="0.91" CONTENT="väcker"/><SP WIDTH="16" VPOS="696" HPOS="320"/>
							<String ID="string_138" HPOS="336" VPOS="703" WIDTH="37" HEIGHT="14" WC="0.96" CONTENT="oro"/><SP WIDTH="15" VPOS="703" HPOS="373"/>
							<String ID="string_139" HPOS="388" VPOS="697" WIDTH="40" HEIGHT="20" WC="0.93" CONTENT="och"/><SP WIDTH="14" VPOS="697" HPOS="428"/>
							<String ID="string_140" HPOS="442" VPOS="695" WIDTH="134" HEIGHT="29" WC="0.91" CONTENT="bekymmer."/>
						</TextLine>
					</TextBlock>
					<TextBlock ID="block_3" HPOS="184" VPOS="729" WIDTH="749" HEIGHT="511">
						<TextLine ID="line_17" HPOS="251" VPOS="729" WIDTH="679" HEIGHT="30">
							<String ID="string_141" HPOS="251" VPOS="729" WIDTH="35" HEIGHT="22" WC="0.96" CONTENT="Då"/><SP WIDTH="12" VPOS="729" HPOS="286"/>
							<String ID="string_142" HPOS="298" VPOS="731" WIDTH="41" HEIGHT="27" WC="0.96" CONTENT="jag"/><SP WIDTH="15" VPOS="731" HPOS="339"/>
							<String ID="string_143" HPOS="354" VPOS="733" WIDTH="62" HEIGHT="26" WC="0.96" CONTENT="säger"/><SP WIDTH="15" VPOS="733" HPOS="416"/>
							<String ID="string_144" HPOS="431" VPOS="731" WIDTH="67" HEIGHT="26" WC="0.95" CONTENT="detta,"/><SP WIDTH="15" VPOS="731" HPOS="498"/>
							<String ID="string_145" HPOS="513" VPOS="731" WIDTH="50" HEIGHT="21" WC="0.97" CONTENT="sker"/><SP WIDTH="15" VPOS="731" HPOS="563"/>
							<String ID="string_146" HPOS="578" VPOS="731" WIDTH="37" HEIGHT="21" WC="0.93" CONTENT="det"/><SP WIDTH="15" VPOS="731" HPOS="615"/>
							<String ID="string_147" HPOS="630" VPOS="731" WIDTH="19" HEIGHT="28" WC="0.96" CONTENT="ej"/><SP WIDTH="17" VPOS="731" HPOS="649"/>
							<String ID="string_148" HPOS="666" VPOS="731" WIDTH="34" HEIGHT="20" WC="0.96" CONTENT="för"/><SP WIDTH="15" VPOS="731" HPOS="700"/>
							<String ID="string_149" HPOS="715" VPOS="732" WIDTH="33" HEIGHT="20" WC="0.93" CONTENT="att"/><SP WIDTH="13" VPOS="732" HPOS="748"/>
							<String ID="string_150" HPOS="761" VPOS="730" WIDTH="92" HEIGHT="21" WC="0.92" CONTENT="klandra"/><SP WIDTH="11" VPOS="730" HPOS="853"/>
							<String ID="string_151" HPOS="864" VPOS="730" WIDTH="66" HEIGHT="21" WC="0.92" CONTENT="fram-"/>
						</TextLine>
						<TextLine ID="line_18" HPOS="185" VPOS="763" WIDTH="745" HEIGHT="31">
							<String ID="string_152" HPOS="185" VPOS="763" WIDTH="61" HEIGHT="22" WC="0.92" CONTENT="farna"/><SP WIDTH="15" VPOS="763" HPOS="246"/>
							<String ID="string_153" HPOS="261" VPOS="764" WIDTH="93" HEIGHT="29" WC="0.92" CONTENT="slägten,"/><SP WIDTH="16" VPOS="764" HPOS="354"/>
							<String ID="string_154" HPOS="370" VPOS="765" WIDTH="63" HEIGHT="21" WC="0.93" CONTENT="deras"/><SP WIDTH="15" VPOS="765" HPOS="433"/>
							<String ID="string_155" HPOS="448" VPOS="765" WIDTH="81" HEIGHT="28" WC="0.92" CONTENT="äsigter"/><SP WIDTH="15" VPOS="765" HPOS="529"/>
							<String ID="string_156" HPOS="544" VPOS="765" WIDTH="40" HEIGHT="22" WC="0.93" CONTENT="och"/><SP WIDTH="13" VPOS="765" HPOS="584"/>
							<String ID="string_157" HPOS="597" VPOS="765" WIDTH="157" HEIGHT="29" WC="0.90" CONTENT="tillgöranden,"/><SP WIDTH="16" VPOS="765" HPOS="754"/>
							<String ID="string_158" HPOS="770" VPOS="765" WIDTH="26" HEIGHT="21" WC="0.96" CONTENT="de"/><SP WIDTH="15" VPOS="765" HPOS="796"/>
							<String ID="string_159" HPOS="811" VPOS="765" WIDTH="38" HEIGHT="21" WC="0.93" CONTENT="der"/><SP WIDTH="15" VPOS="765" HPOS="849"/>
							<String ID="string_160" HPOS="864" VPOS="765" WIDTH="66" HEIGHT="21" WC="0.93" CONTENT="oftast"/>
						</TextLine>
						<TextLine ID="line_19" HPOS="185" VPOS="798" WIDTH="745" HEIGHT="30">
							<String ID="string_161" HPOS="185" VPOS="798" WIDTH="89" HEIGHT="21" WC="0.91" CONTENT="handlat"/><SP WIDTH="15" VPOS="798" HPOS="274"/>
							<String ID="string_162" HPOS="289" VPOS="799" WIDTH="6" HEIGHT="20" WC="0.93" CONTENT="i"/><SP WIDTH="16" VPOS="799" HPOS="295"/>
							<String ID="string_163" HPOS="311" VPOS="802" WIDTH="86" HEIGHT="18" WC="0.93" CONTENT="renaste"/><SP WIDTH="16" VPOS="802" HPOS="397"/>
							<String ID="string_164" HPOS="413" VPOS="800" WIDTH="78" HEIGHT="28" WC="0.92" CONTENT="uppsät"/><SP WIDTH="15" VPOS="800" HPOS="491"/>
							<String ID="string_165" HPOS="506" VPOS="802" WIDTH="32" HEIGHT="19" WC="0.93" CONTENT="att"/><SP WIDTH="16" VPOS="802" HPOS="538"/>
							<String ID="string_166" HPOS="554" VPOS="800" WIDTH="105" HEIGHT="28" WC="0.92" CONTENT="befrämja"/><SP WIDTH="14" VPOS="800" HPOS="659"/>
							<String ID="string_167" HPOS="673" VPOS="800" WIDTH="48" HEIGHT="21" WC="0.93" CONTENT="värt"/><SP WIDTH="15" VPOS="800" HPOS="721"/>
							<String ID="string_168" HPOS="736" VPOS="800" WIDTH="58" HEIGHT="21" WC="0.96" CONTENT="folks"/><SP WIDTH="15" VPOS="800" HPOS="794"/>
							<String ID="string_169" HPOS="809" VPOS="807" WIDTH="68" HEIGHT="13" WC="0.97" CONTENT="sanna"/><SP WIDTH="11" VPOS="807" HPOS="877"/>
							<String ID="string_170" HPOS="888" VPOS="800" WIDTH="42" HEIGHT="21" WC="0.96" CONTENT="väl."/>
						</TextLine>
						<TextLine ID="line_20" HPOS="185" VPOS="832" WIDTH="745" HEIGHT="31">
							<String ID="string_171" HPOS="185" VPOS="832" WIDTH="11" HEIGHT="22" WC="0.95" CONTENT="I"/><SP WIDTH="15" VPOS="832" HPOS="196"/>
							<String ID="string_172" HPOS="211" VPOS="833" WIDTH="98" HEIGHT="22" WC="0.95" CONTENT="nittonde"/><SP WIDTH="16" VPOS="833" HPOS="309"/>
							<String ID="string_173" HPOS="325" VPOS="834" WIDTH="69" HEIGHT="21" WC="0.96" CONTENT="seklet"/><SP WIDTH="15" VPOS="834" HPOS="394"/>
							<String ID="string_174" HPOS="409" VPOS="834" WIDTH="43" HEIGHT="22" WC="0.96" CONTENT="kan"/><SP WIDTH="16" VPOS="834" HPOS="452"/>
							<String ID="string_175" HPOS="468" VPOS="835" WIDTH="36" HEIGHT="21" WC="0.97" CONTENT="det"/><SP WIDTH="15" VPOS="835" HPOS="504"/>
							<String ID="string_176" HPOS="519" VPOS="842" WIDTH="51" HEIGHT="15" WC="0.96" CONTENT="vara"/><SP WIDTH="13" VPOS="842" HPOS="570"/>
							<String ID="string_177" HPOS="583" VPOS="836" WIDTH="40" HEIGHT="20" WC="0.96" CONTENT="lätt"/><SP WIDTH="15" VPOS="836" HPOS="623"/>
							<String ID="string_178" HPOS="638" VPOS="836" WIDTH="31" HEIGHT="20" WC="0.96" CONTENT="att"/><SP WIDTH="15" VPOS="836" HPOS="669"/>
							<String ID="string_179" HPOS="684" VPOS="835" WIDTH="59" HEIGHT="21" WC="0.93" CONTENT="finna"/><SP WIDTH="15" VPOS="835" HPOS="743"/>
							<String ID="string_180" HPOS="758" VPOS="835" WIDTH="119" HEIGHT="28" WC="0.96" CONTENT="misstagen"/><SP WIDTH="14" VPOS="835" HPOS="877"/>
							<String ID="string_181" HPOS="891" VPOS="834" WIDTH="39" HEIGHT="21" WC="0.97" CONTENT="hos"/>
						</TextLine>
						<TextLine ID="line_21" HPOS="185" VPOS="868" WIDTH="746" HEIGHT="30">
							<String ID="string_182" HPOS="185" VPOS="868" WIDTH="110" HEIGHT="27" WC="0.96" CONTENT="sjuttonde"/><SP WIDTH="16" VPOS="868" HPOS="295"/>
							<String ID="string_183" HPOS="311" VPOS="869" WIDTH="80" HEIGHT="21" WC="0.96" CONTENT="seklets"/><SP WIDTH="15" VPOS="869" HPOS="391"/>
							<String ID="string_184" HPOS="406" VPOS="871" WIDTH="57" HEIGHT="19" WC="0.96" CONTENT="män."/><SP WIDTH="23" VPOS="871" HPOS="463"/>
							<String ID="string_185" HPOS="486" VPOS="869" WIDTH="40" HEIGHT="22" WC="0.96" CONTENT="Om"/><SP WIDTH="14" VPOS="869" HPOS="526"/>
							<String ID="string_186" HPOS="540" VPOS="870" WIDTH="38" HEIGHT="27" WC="0.93" CONTENT="jag"/><SP WIDTH="15" VPOS="870" HPOS="578"/>
							<String ID="string_187" HPOS="593" VPOS="869" WIDTH="85" HEIGHT="22" WC="0.93" CONTENT="derföre"/><SP WIDTH="17" VPOS="869" HPOS="678"/>
							<String ID="string_188" HPOS="695" VPOS="871" WIDTH="70" HEIGHT="27" WC="0.96" CONTENT="säger,"/><SP WIDTH="17" VPOS="871" HPOS="765"/>
							<String ID="string_189" HPOS="782" VPOS="871" WIDTH="32" HEIGHT="20" WC="0.96" CONTENT="att"/><SP WIDTH="15" VPOS="871" HPOS="814"/>
							<String ID="string_190" HPOS="829" VPOS="869" WIDTH="41" HEIGHT="22" WC="0.96" CONTENT="den"/><SP WIDTH="11" VPOS="869" HPOS="870"/>
							<String ID="string_191" HPOS="881" VPOS="869" WIDTH="50" HEIGHT="21" WC="0.96" CONTENT="med"/>
						</TextLine>
						<TextLine ID="line_22" HPOS="185" VPOS="903" WIDTH="744" HEIGHT="30">
							<String ID="string_192" HPOS="185" VPOS="904" WIDTH="56" HEIGHT="19" WC="0.96" CONTENT="rätta"/><SP WIDTH="15" VPOS="904" HPOS="241"/>
							<String ID="string_193" HPOS="256" VPOS="903" WIDTH="71" HEIGHT="21" WC="0.96" CONTENT="såsom"/><SP WIDTH="15" VPOS="903" HPOS="327"/>
							<String ID="string_194" HPOS="342" VPOS="904" WIDTH="48" HEIGHT="20" WC="0.96" CONTENT="vårt"/><SP WIDTH="15" VPOS="904" HPOS="390"/>
							<String ID="string_195" HPOS="405" VPOS="904" WIDTH="61" HEIGHT="21" WC="0.96" CONTENT="lands"/><SP WIDTH="15" VPOS="904" HPOS="466"/>
							<String ID="string_196" HPOS="481" VPOS="905" WIDTH="113" HEIGHT="28" WC="0.93" CONTENT="välgörare"/><SP WIDTH="15" VPOS="905" HPOS="594"/>
							<String ID="string_197" HPOS="609" VPOS="904" WIDTH="113" HEIGHT="28" WC="0.93" CONTENT="beprisade"/><SP WIDTH="12" VPOS="904" HPOS="722"/>
							<String ID="string_198" HPOS="734" VPOS="904" WIDTH="100" HEIGHT="21" WC="0.91" CONTENT="stiftaren"/><SP WIDTH="11" VPOS="904" HPOS="834"/>
							<String ID="string_199" HPOS="845" VPOS="904" WIDTH="24" HEIGHT="21" WC="0.93" CONTENT="af"/><SP WIDTH="9" VPOS="904" HPOS="869"/>
							<String ID="string_200" HPOS="878" VPOS="903" WIDTH="51" HEIGHT="21" WC="0.92" CONTENT="Fin-"/>
						</TextLine>
						<TextLine ID="line_23" HPOS="184" VPOS="937" WIDTH="746" HEIGHT="29">
							<String ID="string_201" HPOS="184" VPOS="937" WIDTH="61" HEIGHT="21" WC="0.94" CONTENT="lands"/><SP WIDTH="16" VPOS="937" HPOS="245"/>
							<String ID="string_202" HPOS="261" VPOS="937" WIDTH="112" HEIGHT="28" WC="0.96" CONTENT="högskola,"/><SP WIDTH="16" VPOS="937" HPOS="373"/>
							<String ID="string_203" HPOS="389" VPOS="939" WIDTH="74" HEIGHT="27" WC="0.96" CONTENT="grefve"/><SP WIDTH="15" VPOS="939" HPOS="463"/>
							<String ID="string_204" HPOS="478" VPOS="938" WIDTH="79" HEIGHT="27" WC="0.96" CONTENT="Brahe,"/><SP WIDTH="11" VPOS="938" HPOS="557"/>
							<String ID="string_205" HPOS="568" VPOS="939" WIDTH="40" HEIGHT="20" WC="0.96" CONTENT="och"/><SP WIDTH="16" VPOS="939" HPOS="608"/>
							<String ID="string_206" HPOS="624" VPOS="938" WIDTH="36" HEIGHT="21" WC="0.96" CONTENT="det"/><SP WIDTH="10" VPOS="938" HPOS="660"/>
							<String ID="string_207" HPOS="670" VPOS="939" WIDTH="71" HEIGHT="20" WC="0.96" CONTENT="finska"/><SP WIDTH="11" VPOS="939" HPOS="741"/>
							<String ID="string_208" HPOS="752" VPOS="939" WIDTH="135" HEIGHT="20" WC="0.93" CONTENT="skolverkets"/><SP WIDTH="10" VPOS="939" HPOS="887"/>
							<String ID="string_209" HPOS="897" VPOS="938" WIDTH="33" HEIGHT="21" WC="0.92" CONTENT="ni-"/>
						</TextLine>
						<TextLine ID="line_24" HPOS="185" VPOS="971" WIDTH="748" HEIGHT="30">
							<String ID="string_210" HPOS="185" VPOS="971" WIDTH="56" HEIGHT="21" WC="0.96" CONTENT="tiska"/><SP WIDTH="20" VPOS="971" HPOS="241"/>
							<String ID="string_211" HPOS="261" VPOS="972" WIDTH="136" HEIGHT="27" WC="0.96" CONTENT="reformator,"/><SP WIDTH="18" VPOS="972" HPOS="397"/>
							<String ID="string_212" HPOS="415" VPOS="973" WIDTH="78" HEIGHT="28" WC="0.96" CONTENT="biskop"/><SP WIDTH="21" VPOS="973" HPOS="493"/>
							<String ID="string_213" HPOS="514" VPOS="973" WIDTH="110" HEIGHT="21" WC="0.96" CONTENT="Johannes"/><SP WIDTH="20" VPOS="973" HPOS="624"/>
							<String ID="string_214" HPOS="644" VPOS="973" WIDTH="100" HEIGHT="21" WC="0.96" CONTENT="Gezelius"/><SP WIDTH="18" VPOS="973" HPOS="744"/>
							<String ID="string_215" HPOS="762" VPOS="980" WIDTH="52" HEIGHT="14" WC="0.96" CONTENT="voro"/><SP WIDTH="16" VPOS="980" HPOS="814"/>
							<String ID="string_216" HPOS="830" VPOS="975" WIDTH="63" HEIGHT="18" WC="0.96" CONTENT="söner"/><SP WIDTH="15" VPOS="975" HPOS="893"/>
							<String ID="string_217" HPOS="908" VPOS="972" WIDTH="25" HEIGHT="21" WC="0.96" CONTENT="af"/>
						</TextLine>
						<TextLine ID="line_25" HPOS="185" VPOS="1006" WIDTH="744" HEIGHT="29">
							<String ID="string_218" HPOS="185" VPOS="1006" WIDTH="33" HEIGHT="20" WC="0.96" CONTENT="sin"/><SP WIDTH="16" VPOS="1006" HPOS="218"/>
							<String ID="string_219" HPOS="234" VPOS="1006" WIDTH="40" HEIGHT="26" WC="0.93" CONTENT="tid,"/><SP WIDTH="16" VPOS="1006" HPOS="274"/>
							<String ID="string_220" HPOS="290" VPOS="1006" WIDTH="107" HEIGHT="21" WC="0.96" CONTENT="handlade"/><SP WIDTH="16" VPOS="1006" HPOS="397"/>
							<String ID="string_221" HPOS="413" VPOS="1007" WIDTH="68" HEIGHT="28" WC="0.95" CONTENT="enligt"/><SP WIDTH="19" VPOS="1007" HPOS="481"/>
							<String ID="string_222" HPOS="500" VPOS="1007" WIDTH="48" HEIGHT="21" WC="0.93" CONTENT="dess"/><SP WIDTH="16" VPOS="1007" HPOS="548"/>
							<String ID="string_223" HPOS="564" VPOS="1007" WIDTH="80" HEIGHT="28" WC="0.91" CONTENT="åsigter"/><SP WIDTH="15" VPOS="1007" HPOS="644"/>
							<String ID="string_224" HPOS="659" VPOS="1007" WIDTH="41" HEIGHT="21" WC="0.96" CONTENT="och"/><SP WIDTH="16" VPOS="1007" HPOS="700"/>
							<String ID="string_225" HPOS="716" VPOS="1007" WIDTH="34" HEIGHT="20" WC="0.96" CONTENT="till"/><SP WIDTH="15" VPOS="1007" HPOS="750"/>
							<String ID="string_226" HPOS="765" VPOS="1014" WIDTH="27" HEIGHT="13" WC="0.96" CONTENT="en"/><SP WIDTH="15" VPOS="1014" HPOS="792"/>
							<String ID="string_227" HPOS="807" VPOS="1007" WIDTH="34" HEIGHT="21" WC="0.93" CONTENT="del"/><SP WIDTH="16" VPOS="1007" HPOS="841"/>
							<String ID="string_228" HPOS="857" VPOS="1007" WIDTH="72" HEIGHT="20" WC="0.91" CONTENT="föran-"/>
						</TextLine>
						<TextLine ID="line_26" HPOS="184" VPOS="1039" WIDTH="746" HEIGHT="30">
							<String ID="string_229" HPOS="184" VPOS="1039" WIDTH="45" HEIGHT="22" WC="0.92" CONTENT="ledt"/><SP WIDTH="15" VPOS="1039" HPOS="229"/>
							<String ID="string_230" HPOS="244" VPOS="1040" WIDTH="41" HEIGHT="21" WC="0.96" CONTENT="den"/><SP WIDTH="16" VPOS="1040" HPOS="285"/>
							<String ID="string_231" HPOS="301" VPOS="1047" WIDTH="29" HEIGHT="14" WC="0.93" CONTENT="nu"/><SP WIDTH="16" VPOS="1047" HPOS="330"/>
							<String ID="string_232" HPOS="346" VPOS="1041" WIDTH="154" HEIGHT="28" WC="0.91" CONTENT="öfverklagade"/><SP WIDTH="16" VPOS="1041" HPOS="500"/>
							<String ID="string_233" HPOS="516" VPOS="1042" WIDTH="137" HEIGHT="27" WC="0.91" CONTENT="söndringen,"/><SP WIDTH="15" VPOS="1042" HPOS="653"/>
							<String ID="string_234" HPOS="668" VPOS="1042" WIDTH="44" HEIGHT="20" WC="0.96" CONTENT="kan"/><SP WIDTH="11" VPOS="1042" HPOS="712"/>
							<String ID="string_235" HPOS="723" VPOS="1041" WIDTH="76" HEIGHT="21" WC="0.96" CONTENT="sådant"/><SP WIDTH="11" VPOS="1041" HPOS="799"/>
							<String ID="string_236" HPOS="810" VPOS="1042" WIDTH="22" HEIGHT="20" WC="0.96" CONTENT="så"/><SP WIDTH="11" VPOS="1042" HPOS="832"/>
							<String ID="string_237" HPOS="843" VPOS="1041" WIDTH="87" HEIGHT="28" WC="0.96" CONTENT="mycket"/>
						</TextLine>
						<TextLine ID="line_27" HPOS="185" VPOS="1075" WIDTH="745" HEIGHT="28">
							<String ID="string_238" HPOS="185" VPOS="1075" WIDTH="83" HEIGHT="20" WC="0.96" CONTENT="mindre"/><SP WIDTH="22" VPOS="1075" HPOS="268"/>
							<String ID="string_239" HPOS="290" VPOS="1075" WIDTH="105" HEIGHT="21" WC="0.96" CONTENT="innebära"/><SP WIDTH="22" VPOS="1075" HPOS="395"/>
							<String ID="string_240" HPOS="417" VPOS="1078" WIDTH="31" HEIGHT="18" WC="0.96" CONTENT="ett"/><SP WIDTH="22" VPOS="1078" HPOS="448"/>
							<String ID="string_241" HPOS="470" VPOS="1076" WIDTH="182" HEIGHT="21" WC="0.96" CONTENT="underkännande"/><SP WIDTH="21" VPOS="1076" HPOS="652"/>
							<String ID="string_242" HPOS="673" VPOS="1076" WIDTH="23" HEIGHT="21" WC="0.95" CONTENT="af"/><SP WIDTH="18" VPOS="1076" HPOS="696"/>
							<String ID="string_243" HPOS="714" VPOS="1076" WIDTH="63" HEIGHT="21" WC="0.93" CONTENT="deras"/><SP WIDTH="19" VPOS="1076" HPOS="777"/>
							<String ID="string_244" HPOS="796" VPOS="1077" WIDTH="134" HEIGHT="26" WC="0.92" CONTENT="förtjenster,"/>
						</TextLine>
						<TextLine ID="line_28" HPOS="186" VPOS="1110" WIDTH="743" HEIGHT="27">
							<String ID="string_245" HPOS="186" VPOS="1116" WIDTH="44" HEIGHT="13" WC="0.96" CONTENT="som"/><SP WIDTH="21" VPOS="1116" HPOS="230"/>
							<String ID="string_246" HPOS="251" VPOS="1116" WIDTH="49" HEIGHT="13" WC="0.96" CONTENT="man"/><SP WIDTH="21" VPOS="1116" HPOS="300"/>
							<String ID="string_247" HPOS="321" VPOS="1111" WIDTH="59" HEIGHT="19" WC="0.96" CONTENT="ännu"/><SP WIDTH="14" VPOS="1111" HPOS="380"/>
							<String ID="string_248" HPOS="394" VPOS="1111" WIDTH="8" HEIGHT="19" WC="0.96" CONTENT="i"/><SP WIDTH="14" VPOS="1111" HPOS="402"/>
							<String ID="string_249" HPOS="416" VPOS="1111" WIDTH="39" HEIGHT="20" WC="0.96" CONTENT="vår"/><SP WIDTH="19" VPOS="1111" HPOS="455"/>
							<String ID="string_250" HPOS="474" VPOS="1110" WIDTH="40" HEIGHT="27" WC="0.96" CONTENT="tid,"/><SP WIDTH="17" VPOS="1110" HPOS="514"/>
							<String ID="string_251" HPOS="531" VPOS="1111" WIDTH="6" HEIGHT="20" WC="0.96" CONTENT="i"/><SP WIDTH="16" VPOS="1111" HPOS="537"/>
							<String ID="string_252" HPOS="553" VPOS="1110" WIDTH="97" HEIGHT="21" WC="0.96" CONTENT="nittonde"/><SP WIDTH="16" VPOS="1110" HPOS="650"/>
							<String ID="string_253" HPOS="666" VPOS="1110" WIDTH="81" HEIGHT="21" WC="0.93" CONTENT="seklets"/><SP WIDTH="15" VPOS="1110" HPOS="747"/>
							<String ID="string_254" HPOS="762" VPOS="1111" WIDTH="91" HEIGHT="20" WC="0.92" CONTENT="sednare"/><SP WIDTH="15" VPOS="1111" HPOS="853"/>
							<String ID="string_255" HPOS="868" VPOS="1110" WIDTH="61" HEIGHT="27" WC="0.96" CONTENT="hälft,"/>
						</TextLine>
						<TextLine ID="line_29" HPOS="185" VPOS="1143" WIDTH="744" HEIGHT="30">
							<String ID="string_256" HPOS="185" VPOS="1143" WIDTH="47" HEIGHT="21" WC="0.96" CONTENT="icke"/><SP WIDTH="16" VPOS="1143" HPOS="232"/>
							<String ID="string_257" HPOS="248" VPOS="1143" WIDTH="61" HEIGHT="21" WC="0.96" CONTENT="torde"/><SP WIDTH="11" VPOS="1143" HPOS="309"/>
							<String ID="string_258" HPOS="320" VPOS="1143" WIDTH="65" HEIGHT="21" WC="0.96" CONTENT="hafva"/><SP WIDTH="10" VPOS="1143" HPOS="385"/>
							<String ID="string_259" HPOS="395" VPOS="1145" WIDTH="59" HEIGHT="27" WC="0.96" CONTENT="gjort"/><SP WIDTH="15" VPOS="1145" HPOS="454"/>
							<String ID="string_260" HPOS="469" VPOS="1145" WIDTH="56" HEIGHT="20" WC="0.96" CONTENT="klart"/><SP WIDTH="15" VPOS="1145" HPOS="525"/>
							<String ID="string_261" HPOS="540" VPOS="1145" WIDTH="34" HEIGHT="21" WC="0.96" CONTENT="för"/><SP WIDTH="15" VPOS="1145" HPOS="574"/>
							<String ID="string_262" HPOS="589" VPOS="1145" WIDTH="39" HEIGHT="27" WC="0.96" CONTENT="sig,"/><SP WIDTH="11" VPOS="1145" HPOS="628"/>
							<String ID="string_263" HPOS="639" VPOS="1144" WIDTH="57" HEIGHT="21" WC="0.96" CONTENT="huru"/><SP WIDTH="8" VPOS="1144" HPOS="696"/>
							<String ID="string_264" HPOS="704" VPOS="1144" WIDTH="41" HEIGHT="21" WC="0.96" CONTENT="den"/><SP WIDTH="11" VPOS="1144" HPOS="745"/>
							<String ID="string_265" HPOS="756" VPOS="1145" WIDTH="62" HEIGHT="26" WC="0.96" CONTENT="brist,"/><SP WIDTH="11" VPOS="1145" HPOS="818"/>
							<String ID="string_266" HPOS="829" VPOS="1146" WIDTH="32" HEIGHT="20" WC="0.93" CONTENT="att"/><SP WIDTH="13" VPOS="1146" HPOS="861"/>
							<String ID="string_267" HPOS="874" VPOS="1145" WIDTH="55" HEIGHT="28" WC="0.92" CONTENT="tjen-"/>
						</TextLine>
						<TextLine ID="line_30" HPOS="185" VPOS="1178" WIDTH="744" HEIGHT="29">
							<String ID="string_268" HPOS="185" VPOS="1179" WIDTH="127" HEIGHT="19" WC="0.92" CONTENT="stemännen"/><SP WIDTH="24" VPOS="1179" HPOS="312"/>
							<String ID="string_269" HPOS="336" VPOS="1178" WIDTH="76" HEIGHT="21" WC="0.93" CONTENT="endast"/><SP WIDTH="23" VPOS="1178" HPOS="412"/>
							<String ID="string_270" HPOS="435" VPOS="1179" WIDTH="146" HEIGHT="28" WC="0.92" CONTENT="ofullkomligt"/><SP WIDTH="20" VPOS="1179" HPOS="581"/>
							<String ID="string_271" HPOS="601" VPOS="1179" WIDTH="71" HEIGHT="20" WC="0.96" CONTENT="känna"/><SP WIDTH="20" VPOS="1179" HPOS="672"/>
							<String ID="string_272" HPOS="692" VPOS="1179" WIDTH="86" HEIGHT="20" WC="0.96" CONTENT="landets"/><SP WIDTH="20" VPOS="1179" HPOS="778"/>
							<String ID="string_273" HPOS="798" VPOS="1179" WIDTH="75" HEIGHT="28" WC="0.96" CONTENT="språk,"/><SP WIDTH="21" VPOS="1179" HPOS="873"/>
							<String ID="string_274" HPOS="894" VPOS="1179" WIDTH="35" HEIGHT="21" WC="0.96" CONTENT="må"/>
						</TextLine>
						<TextLine ID="line_31" HPOS="184" VPOS="1211" WIDTH="203" HEIGHT="29">
							<String ID="string_275" HPOS="184" VPOS="1211" WIDTH="73" HEIGHT="21" WC="0.93" CONTENT="kunna"/><SP WIDTH="16" VPOS="1211" HPOS="257"/>
							<String ID="string_276" HPOS="273" VPOS="1211" WIDTH="114" HEIGHT="29" WC="0.92" CONTENT="afhjelpas."/>
						</TextLine>
					</TextBlock>
					<TextBlock ID="block_4" HPOS="185" VPOS="1246" WIDTH="747" HEIGHT="200">
						<TextLine ID="line_32" HPOS="252" VPOS="1246" WIDTH="677" HEIGHT="28">
							<String ID="string_277" HPOS="252" VPOS="1246" WIDTH="43" HEIGHT="27" WC="0.96" CONTENT="Jag"/><SP WIDTH="15" VPOS="1246" HPOS="295"/>
							<String ID="string_278" HPOS="310" VPOS="1253" WIDTH="35" HEIGHT="13" WC="0.96" CONTENT="ser"/><SP WIDTH="15" VPOS="1253" HPOS="345"/>
							<String ID="string_279" HPOS="360" VPOS="1247" WIDTH="55" HEIGHT="20" WC="0.96" CONTENT="intet"/><SP WIDTH="15" VPOS="1247" HPOS="415"/>
							<String ID="string_280" HPOS="430" VPOS="1249" WIDTH="66" HEIGHT="18" WC="0.96" CONTENT="annat"/><SP WIDTH="15" VPOS="1249" HPOS="496"/>
							<String ID="string_281" HPOS="511" VPOS="1247" WIDTH="76" HEIGHT="25" WC="0.96" CONTENT="medel,"/><SP WIDTH="16" VPOS="1247" HPOS="587"/>
							<String ID="string_282" HPOS="603" VPOS="1249" WIDTH="27" HEIGHT="18" WC="0.96" CONTENT="än"/><SP WIDTH="16" VPOS="1249" HPOS="630"/>
							<String ID="string_283" HPOS="646" VPOS="1249" WIDTH="32" HEIGHT="18" WC="0.96" CONTENT="att"/><SP WIDTH="14" VPOS="1249" HPOS="678"/>
							<String ID="string_284" HPOS="692" VPOS="1247" WIDTH="80" HEIGHT="20" WC="0.96" CONTENT="folkets"/><SP WIDTH="17" VPOS="1247" HPOS="772"/>
							<String ID="string_285" HPOS="789" VPOS="1247" WIDTH="64" HEIGHT="27" WC="0.96" CONTENT="språk"/><SP WIDTH="12" VPOS="1247" HPOS="853"/>
							<String ID="string_286" HPOS="865" VPOS="1247" WIDTH="64" HEIGHT="21" WC="0.95" CONTENT="äfven"/>
						</TextLine>
						<TextLine ID="line_33" HPOS="185" VPOS="1279" WIDTH="746" HEIGHT="27">
							<String ID="string_287" HPOS="185" VPOS="1279" WIDTH="66" HEIGHT="21" WC="0.96" CONTENT="måtte"/><SP WIDTH="20" VPOS="1279" HPOS="251"/>
							<String ID="string_288" HPOS="271" VPOS="1279" WIDTH="67" HEIGHT="21" WC="0.93" CONTENT="blifva"/><SP WIDTH="15" VPOS="1279" HPOS="338"/>
							<String ID="string_289" HPOS="353" VPOS="1279" WIDTH="147" HEIGHT="27" WC="0.91" CONTENT="bildningens,"/><SP WIDTH="16" VPOS="1279" HPOS="500"/>
							<String ID="string_290" HPOS="516" VPOS="1281" WIDTH="67" HEIGHT="20" WC="0.96" CONTENT="blifva"/><SP WIDTH="15" VPOS="1281" HPOS="583"/>
							<String ID="string_291" HPOS="598" VPOS="1280" WIDTH="94" HEIGHT="23" WC="0.95" CONTENT="skolans."/><SP WIDTH="31" VPOS="1280" HPOS="692"/>
							<String ID="string_292" HPOS="723" VPOS="1280" WIDTH="29" HEIGHT="21" WC="0.87" CONTENT="Sä"/><SP WIDTH="15" VPOS="1280" HPOS="752"/>
							<String ID="string_293" HPOS="767" VPOS="1281" WIDTH="39" HEIGHT="20" WC="0.96" CONTENT="har"/><SP WIDTH="13" VPOS="1281" HPOS="806"/>
							<String ID="string_294" HPOS="819" VPOS="1281" WIDTH="36" HEIGHT="21" WC="0.96" CONTENT="det"/><SP WIDTH="18" VPOS="1281" HPOS="855"/>
							<String ID="string_295" HPOS="873" VPOS="1281" WIDTH="58" HEIGHT="20" WC="0.96" CONTENT="skett"/>
						</TextLine>
						<TextLine ID="line_34" HPOS="185" VPOS="1312" WIDTH="746" HEIGHT="30">
							<String ID="string_296" HPOS="185" VPOS="1312" WIDTH="106" HEIGHT="28" WC="0.95" CONTENT="öfverallt,"/><SP WIDTH="16" VPOS="1312" HPOS="291"/>
							<String ID="string_297" HPOS="307" VPOS="1312" WIDTH="64" HEIGHT="22" WC="0.96" CONTENT="äfven"/><SP WIDTH="16" VPOS="1312" HPOS="371"/>
							<String ID="string_298" HPOS="387" VPOS="1313" WIDTH="8" HEIGHT="21" WC="0.96" CONTENT="i"/><SP WIDTH="15" VPOS="1313" HPOS="395"/>
							<String ID="string_299" HPOS="410" VPOS="1314" WIDTH="26" HEIGHT="20" WC="0.96" CONTENT="de"/><SP WIDTH="16" VPOS="1314" HPOS="436"/>
							<String ID="string_300" HPOS="452" VPOS="1314" WIDTH="124" HEIGHT="22" WC="0.93" CONTENT="nuvarande"/><SP WIDTH="15" VPOS="1314" HPOS="576"/>
							<String ID="string_301" HPOS="591" VPOS="1314" WIDTH="186" HEIGHT="28" WC="0.91" CONTENT="kulturländerne,"/><SP WIDTH="13" VPOS="1314" HPOS="777"/>
							<String ID="string_302" HPOS="790" VPOS="1315" WIDTH="39" HEIGHT="21" WC="0.91" CONTENT="och"/><SP WIDTH="8" VPOS="1315" HPOS="829"/>
							<String ID="string_303" HPOS="837" VPOS="1314" WIDTH="94" HEIGHT="22" WC="0.91" CONTENT="visserli-"/>
						</TextLine>
						<TextLine ID="line_35" HPOS="185" VPOS="1347" WIDTH="747" HEIGHT="30">
							<String ID="string_304" HPOS="185" VPOS="1354" WIDTH="41" HEIGHT="20" WC="0.96" CONTENT="gen"/><SP WIDTH="20" VPOS="1354" HPOS="226"/>
							<String ID="string_305" HPOS="246" VPOS="1347" WIDTH="48" HEIGHT="21" WC="0.96" CONTENT="icke"/><SP WIDTH="21" VPOS="1347" HPOS="294"/>
							<String ID="string_306" HPOS="315" VPOS="1347" WIDTH="54" HEIGHT="21" WC="0.96" CONTENT="först"/><SP WIDTH="20" VPOS="1347" HPOS="369"/>
							<String ID="string_307" HPOS="389" VPOS="1347" WIDTH="27" HEIGHT="21" WC="0.97" CONTENT="då"/><SP WIDTH="18" VPOS="1347" HPOS="416"/>
							<String ID="string_308" HPOS="434" VPOS="1348" WIDTH="65" HEIGHT="21" WC="0.96" CONTENT="sedan"/><SP WIDTH="21" VPOS="1348" HPOS="499"/>
							<String ID="string_309" HPOS="520" VPOS="1348" WIDTH="79" HEIGHT="22" WC="0.96" CONTENT="folkets"/><SP WIDTH="21" VPOS="1348" HPOS="599"/>
							<String ID="string_310" HPOS="620" VPOS="1349" WIDTH="65" HEIGHT="27" WC="0.96" CONTENT="språk"/><SP WIDTH="19" VPOS="1349" HPOS="685"/>
							<String ID="string_311" HPOS="704" VPOS="1349" WIDTH="69" HEIGHT="21" WC="0.96" CONTENT="redan"/><SP WIDTH="14" VPOS="1349" HPOS="773"/>
							<String ID="string_312" HPOS="787" VPOS="1349" WIDTH="92" HEIGHT="28" WC="0.96" CONTENT="uppnått"/><SP WIDTH="16" VPOS="1349" HPOS="879"/>
							<String ID="string_313" HPOS="895" VPOS="1350" WIDTH="37" HEIGHT="20" WC="0.96" CONTENT="det"/>
						</TextLine>
						<TextLine ID="line_36" HPOS="185" VPOS="1381" WIDTH="746" HEIGHT="31">
							<String ID="string_314" HPOS="185" VPOS="1381" WIDTH="75" HEIGHT="21" WC="0.96" CONTENT="dittills"/><SP WIDTH="16" VPOS="1381" HPOS="260"/>
							<String ID="string_315" HPOS="276" VPOS="1382" WIDTH="99" HEIGHT="21" WC="0.93" CONTENT="använda"/><SP WIDTH="13" VPOS="1382" HPOS="375"/>
							<String ID="string_316" HPOS="388" VPOS="1383" WIDTH="274" HEIGHT="29" WC="0.91" CONTENT="undervisningsspråkets,"/><SP WIDTH="11" VPOS="1383" HPOS="662"/>
							<String ID="string_317" HPOS="673" VPOS="1384" WIDTH="87" HEIGHT="21" WC="0.96" CONTENT="latinets"/><SP WIDTH="10" VPOS="1384" HPOS="760"/>
							<String ID="string_318" HPOS="770" VPOS="1384" WIDTH="161" HEIGHT="28" WC="0.96" CONTENT="fullkomlighet"/>
						</TextLine>
						<TextLine ID="line_37" HPOS="185" VPOS="1416" WIDTH="747" HEIGHT="30">
							<String ID="string_319" HPOS="185" VPOS="1424" WIDTH="34" HEIGHT="13" WC="0.95" CONTENT="om"/><SP WIDTH="16" VPOS="1424" HPOS="219"/>
							<String ID="string_320" HPOS="235" VPOS="1416" WIDTH="128" HEIGHT="29" WC="0.94" CONTENT="utbildning,"/><SP WIDTH="17" VPOS="1416" HPOS="363"/>
							<String ID="string_321" HPOS="380" VPOS="1419" WIDTH="50" HEIGHT="19" WC="0.96" CONTENT="utan"/><SP WIDTH="19" VPOS="1419" HPOS="430"/>
							<String ID="string_322" HPOS="449" VPOS="1418" WIDTH="60" HEIGHT="28" WC="0.96" CONTENT="långt"/><SP WIDTH="15" VPOS="1418" HPOS="509"/>
							<String ID="string_323" HPOS="524" VPOS="1418" WIDTH="63" HEIGHT="21" WC="0.94" CONTENT="förut."/><SP WIDTH="25" VPOS="1418" HPOS="587"/>
							<String ID="string_324" HPOS="612" VPOS="1419" WIDTH="28" HEIGHT="22" WC="0.93" CONTENT="Så"/><SP WIDTH="16" VPOS="1419" HPOS="640"/>
							<String ID="string_325" HPOS="656" VPOS="1418" WIDTH="38" HEIGHT="21" WC="0.96" CONTENT="bör"/><SP WIDTH="16" VPOS="1418" HPOS="694"/>
							<String ID="string_326" HPOS="710" VPOS="1419" WIDTH="64" HEIGHT="21" WC="0.95" CONTENT="äfven"/><SP WIDTH="16" VPOS="1419" HPOS="774"/>
							<String ID="string_327" HPOS="790" VPOS="1419" WIDTH="37" HEIGHT="21" WC="0.95" CONTENT="ske"/><SP WIDTH="11" VPOS="1419" HPOS="827"/>
							<String ID="string_328" HPOS="838" VPOS="1420" WIDTH="39" HEIGHT="21" WC="0.93" CONTENT="hos"/><SP WIDTH="14" VPOS="1420" HPOS="877"/>
							<String ID="string_329" HPOS="891" VPOS="1426" WIDTH="41" HEIGHT="15" WC="0.88" CONTENT="oss-"/>
						</TextLine>
					</TextBlock>
				</ComposedBlock>
				<GraphicalElement ID="cblock_2" HPOS="1022" VPOS="37" WIDTH="5" HEIGHT="409"></GraphicalElement >
			</PrintSpace>
		</Page>
	</Layout>
</alto>
