1020 1714
751 121 42 21 855

72 182 39 28 jag
126 182 79 27 enkelt,
221 184 31 20 att
267 190 41 20 om,
322 184 70 21 såsom
403 184 7 20 i
421 184 156 29 sammanhang
586 185 89 22 härmed
686 186 137 28 framhållits,

74 217 121 27 Rysslands
217 218 91 27 qvinnor
328 218 83 21 bevisat
431 220 33 26 sig
480 219 35 21 vid
531 226 82 15 samma
628 220 60 21 ålder
702 228 45 14 som
763 228 60 14 man-

75 258 42 14 nen
137 251 70 21 förmå
227 252 62 20 sköta
309 252 33 28 sig
362 253 87 27 sjelfva,
470 254 23 20 så
512 254 74 20 kunna
605 254 105 22 Finlands
731 255 92 27 qvinnor

75 285 36 20 det
127 286 46 20 ock.

142 319 37 21 Ett
195 320 76 21 sådant
287 320 106 28 qvinnans
408 321 139 21 likställande
559 322 49 21 med
618 330 101 20 mannen,
730 330 46 14 som
787 323 37 21 det

74 354 39 20 här
129 354 108 28 åsyftade,
257 355 69 21 skulle
342 356 28 26 på
385 362 81 14 samma
482 356 58 28 gång
555 356 36 21 det
606 357 130 21 förskaffade
752 357 71 23 henne

75 396 27 13 en
123 390 68 20 större
211 389 100 28 aktning,
333 390 64 21 äfven
413 390 106 28 betydligt
534 390 65 28 vidga
613 391 81 21 hennes
710 392 91 28 insigter
816 392 7 20 i

75 423 36 21 det
126 423 98 28 verkliga
240 424 72 20 lifvets
328 424 157 22 förhållanden.
514 425 43 21 Väl
573 428 36 18 vet
621 426 46 28 jag,
682 428 32 19 att
728 427 94 27 mången

75 458 32 20 uti
121 465 27 13 en
165 458 66 21 sådan
247 458 66 28 insigt
328 459 93 21 allenast
435 466 34 14 ser
485 461 31 19 ett
532 459 62 27 ondt,
614 460 91 21 likasom
720 467 51 15 vore
787 460 37 21 det

75 492 33 21 för
129 493 94 27 qvinnan
240 493 148 28 egendomligt
404 495 31 19 att
450 494 43 20 hon
508 494 68 21 borde
592 494 112 28 bedragas.
733 495 90 21 Hennes

75 527 52 28 lugn
148 528 63 21 beror
231 528 67 28 derpå
318 529 32 20 att
368 528 82 21 hennes
466 528 111 22 illusioner
593 536 34 14 om
641 529 61 22 lifvet
717 529 48 21 icke
781 529 42 22 för-

75 564 79 25 störas,
175 569 75 14 menar
270 570 60 20 man,
352 564 19 26 ej
388 563 134 22 besinnande
538 566 32 18 att
582 565 25 26 ju
623 564 81 21 hennes
720 564 63 27 lycka
798 564 27 21 då

75 597 63 20 äfven
154 598 23 19 är
192 603 27 14 en
233 597 88 21 illusion
337 597 40 21 och
393 599 31 19 att
440 605 26 14 en
482 598 67 21 sådan
564 598 63 28 lycka
642 599 7 20 i
663 599 98 27 grunden
773 600 51 26 äger

75 631 54 21 intet
144 631 72 21 värde.
236 631 51 22 Icke
298 632 32 20 till
342 633 32 20 ett
384 633 157 20 ovetenhetens
552 632 93 27 drömlif,
656 634 52 20 utan
719 633 33 20 till
763 633 61 26 sund,

75 665 147 21 fosterländsk
241 666 138 21 verksamhet
400 667 6 20 i
427 667 97 28 enlighet
544 667 49 21 med
613 667 34 21 sin
665 667 159 27 bestämmelse,

77 702 23 19 är
117 701 94 27 qvinnan
225 701 73 20 kallad
314 701 40 20 och
369 701 7 20 i
392 701 225 22 öfverensstämmelse
633 702 89 21 härmed
732 702 39 21 bör
782 702 43 20 hon

77 735 63 21 äfven
162 735 33 20 för
215 735 62 21 lifvet
296 735 131 28 uppfostras.
458 737 51 20 Men
528 737 71 20 denna
614 737 127 27 uppfostran
757 737 68 20 måste

77 769 27 21 då
121 769 50 27 ock,
189 770 69 27 jemte
274 769 36 21 det
326 770 42 21 den
384 772 90 26 antager
490 778 27 14 en
532 777 60 14 mera
606 771 100 28 praktisk
720 771 105 27 riktning,

78 804 37 20 ske
136 804 7 20 i
163 804 164 21 erfarenhetens
350 805 99 20 stundom
472 805 135 21 hårdhändta
629 805 67 21 skola.
731 805 95 27 Mången

78 838 79 27 qvinna
172 838 55 21 skall
243 839 109 20 sannolikt
367 839 76 21 härvid
458 839 81 22 förlora
554 839 33 21 sin
603 839 113 28 egendom,
732 839 94 28 mången

79 873 36 20 sitt
135 872 36 21 lifs
186 873 63 27 lycka
265 880 79 20 genom
360 875 31 18 ett
406 873 119 21 förhastadt
540 873 117 28 giftermål.
687 873 50 22 Men
753 873 74 21 säkert

78 908 30 25 är,
124 908 31 19 att
171 907 108 27 mängden
294 907 24 20 af
331 907 91 28 qvinnor
438 915 78 20 genom
532 908 42 21 den
589 915 73 14 vunna
675 907 151 22 erfarenheten

78 941 55 20 skall
147 941 88 20 komma
249 943 32 18 att
296 941 79 21 handla
390 941 49 21 vida
455 949 151 20 varsammare,
622 944 27 19 än
663 942 76 21 hittills
755 942 8 20 i
778 942 49 21 full-

78 975 82 28 komlig
180 975 138 21 oerfarenhet
338 975 39 21 och
398 976 70 21 blindt
488 976 115 21 förlitande
622 977 29 28 på
665 977 73 20 andra.
768 976 60 21 Eller

79 1010 38 21 bar
137 1010 33 21 väl
187 1009 26 21 då
229 1010 65 28 ingen
310 1018 44 20 ung
370 1018 49 13 man
436 1011 23 20 af
472 1011 115 21 förseende
603 1011 46 28 gått
664 1011 7 21 i
687 1011 104 28 mistning
806 1011 25 21 af

81 1044 32 21 sin
133 1044 151 28 förmögenhet
305 1045 53 21 eller
378 1045 55 27 tagit
452 1046 29 20 fel
502 1046 35 20 vid
557 1046 58 20 valet
635 1046 24 20 af
672 1046 155 20 lefnadsbana?

81 1079 46 21 Och
143 1085 34 15 om
193 1078 52 22 flere
261 1080 24 20 så
298 1080 65 27 gjort,
379 1080 23 20 är
418 1079 55 21 dock
488 1080 59 20 detta
563 1081 30 19 ett
609 1080 46 20 skäl
671 1082 31 19 att
718 1080 111 21 förhindra

81 1114 61 20 deras
162 1114 42 20 fria
225 1114 204 27 sjelfbestämning?
459 1114 64 21 Klart
538 1116 24 19 är
577 1116 103 25 tvertom,
695 1116 32 20 att
741 1114 40 21 allt
796 1114 33 21 så-

81 1148 51 20 dant
146 1148 71 27 ligger
232 1148 8 20 i
255 1148 105 21 frihetens
376 1150 64 18 natur
456 1148 39 21 och
507 1150 32 19 att
550 1148 71 21 denna
632 1148 66 22 frihet
708 1148 49 22 icke
768 1149 60 21 desto

81 1182 83 21 mindre
181 1182 24 20 så
219 1182 34 20 för
269 1182 95 28 qvinnan
380 1189 45 14 som
440 1190 94 14 mannen
550 1184 24 19 är
589 1183 123 27 nödvändig
726 1183 34 21 för
775 1190 53 21 upp-

81 1216 93 21 nåendet
189 1216 24 21 af
226 1216 63 21 deras
304 1216 88 28 andliga
407 1216 159 22 bestämmelse.

149 1250 62 22 Ledd
230 1250 24 21 af
272 1251 62 21 dessa
354 1251 80 27 åsigter
450 1252 40 20 och
506 1251 105 28 derjemte
627 1252 110 20 önskande
753 1254 31 18 att
799 1252 31 20 åt-

82 1286 108 20 minstone
206 1285 43 21 tills
265 1285 74 21 vidare
355 1285 80 21 bereda
451 1286 183 28 myndig.qvinna
645 1286 85 21 tillfälle
741 1286 33 21 till
786 1286 43 21 för-

82 1320 114 28 myndares
211 1320 84 21 biträde
311 1320 35 20 vid
361 1320 82 20 hennes
460 1320 116 28 egendoms
592 1320 139 28 förvaltning,
747 1321 32 21 får
791 1321 39 21 hos

83 1354 36 20 det
134 1354 117 27 höglofiiga
267 1354 86 20 ståndet
366 1354 38 27 jag
419 1354 109 20 vördsamt
543 1354 91 25 föreslå,
650 1356 31 18 att
696 1354 26 20 de
738 1354 31 20 uti
785 1354 45 28 lag-

83 1387 117 21 utskottets
215 1387 138 21 betänkande
368 1388 8 19 i
391 1389 73 19 ämnet
479 1387 113 28 befintliga
606 1388 127 27 paragrafer
749 1388 81 20 erhölle

84 1421 96 29 följande
195 1421 93 29 lydelse:

129 1462 51 23 Högl.
193 1461 52 17 Ridd.
259 1462 29 17 och
300 1462 64 17 Adelns
375 1462 65 17 Protok.
456 1461 25 17 IL
742 1463 23 17 05
