1009 1711
208 132 39 20 786

178 196 37 21 det
230 198 24 19 är
269 196 166 27 ovedersägligt,
452 198 30 19 att
498 195 38 22 der
551 195 90 22 klander
653 197 52 26 äger
715 203 46 13 rum
776 195 75 22 sådant
862 196 63 20 äfven

177 230 122 21 förhindrar
322 230 113 27 lagfarten.
470 230 91 21 Derföre
584 231 39 20 bör
642 237 50 14 man
712 230 41 21 ock
772 230 39 21 här
831 232 97 26 upptaga

177 265 60 21 detta
252 265 44 21 fall.
322 265 62 20 Dock
399 267 24 18 är
439 265 88 20 härmed
538 265 48 20 icke
598 264 69 28 sagdt,
678 266 32 19 att
720 265 92 20 klander
823 265 20 27 ej
857 265 69 20 skulle

177 300 22 20 få
215 299 103 21 anställas
334 298 63 21 äfven
413 299 56 21 efter
484 299 36 21 det
535 299 50 27 laga
600 299 56 20 fasta
671 299 108 27 beviljats.

245 334 102 20 Friherre
364 333 129 29 Carpelan
509 333 40 21 och
564 334 51 20 herr
627 333 103 27 Munck,
743 333 69 27 K.F.,
824 334 103 21 förenade

177 369 34 27 sig
229 368 8 21 i
257 368 36 22 det
313 368 81 28 förslag
414 368 92 21 friherre
526 368 24 21 af
568 368 104 21 Schultén
693 368 87 21 sednast
801 368 126 27 framställt;

177 403 110 20 hvarefter
302 403 50 20 herr
366 402 201 21 landtmarskalken
581 403 134 20 framställde
730 403 175 28 propositionen:

247 454 8 10 »
259 437 45 21 Vill
323 437 150 28 ridderskapet
492 437 40 21 och
552 437 63 20 adeln
633 437 116 28 godkänna
766 438 9 19 1
793 438 11 27 8
820 437 24 21 af
856 437 70 28 lagut-

177 472 92 21 skottets
289 471 164 28 ifrågavarande
473 471 136 21 betänkande
631 471 131 22 oförändrad
781 472 48 21 med
845 473 81 26 någon-

177 507 52 20 dera
245 506 144 21 alternativet.

244 541 49 20 Den
309 547 45 14 som
367 540 38 21 vill
417 540 116 27 godkänna
545 540 148 21 betänkandet
706 548 74 13 svarar
790 541 32 28 ja;
837 541 40 21 den
891 541 36 21 det

177 574 47 21 icke
238 574 38 21 vill
291 581 74 14 svarar
380 574 43 28 nej.

244 608 85 22 Vinner
350 609 35 27 nej
406 609 52 27 utgå
477 609 69 28 begge
561 609 169 21 alternativerna
744 610 40 20 och
800 610 127 20 slutmenin-

177 650 42 21 gen
239 643 93 21 erhåller
351 643 96 27 följande
468 643 94 28 lydelse:
581 644 39 27 ,på
640 644 118 28 stämning,
779 644 88 21 hvilken
887 644 40 21 bör

177 679 86 27 uttagas
278 678 59 20 inom
352 680 47 18 natt
415 678 39 21 och
470 678 24 20 år
509 678 56 21 efter
580 678 37 20 det
632 678 132 28 kungörelse
777 679 90 21 sålunda
879 679 47 21 blif-

177 712 31 20 vit
223 712 185 27 offentliggjord";

175 746 89 21 hvilken
284 746 135 28 proposition
439 747 23 20 af
476 746 87 22 ståndet
577 747 130 21 besvarades
722 747 50 21 med
788 747 45 28 nej;
850 748 6 20 i
872 748 54 27 följd

175 780 78 22 hvaraf
273 781 9 20 1
304 781 11 26 $
335 780 86 21 komme
443 782 33 19 att
498 781 83 21 erhålla
603 781 171 28 ofvanuppgifne
797 782 129 21 förändrade

177 815 89 28 lydelse.

530 850 11 27 8
557 851 19 19 2.

243 883 58 22 Herr
316 883 103 27 Munck,
435 883 27 21 K.
477 883 36 22 F.:
530 883 43 29 Jag
587 884 70 21 skulle
670 884 81 21 föreslä
763 886 31 19 att
807 884 119 22 utskottets

175 917 138 22 betänkande
328 918 92 21 rörande
436 919 71 20 denna
523 919 11 27 $
550 919 140 20 oförändradt
705 921 97 26 antages.

243 953 103 20 Friherre
367 952 140 28 Carpelan:
529 953 43 28 Jag
590 953 39 20 har
649 953 20 28 ej
685 954 74 20 vidare
776 956 31 18 att
822 954 104 21 anmärka

175 989 59 19 emot
249 987 70 21 denna
334 987 12 26 $
361 988 28 19 än
404 989 31 19 att
451 987 71 21 ordet:
539 987 119 27 ,klander*,
675 987 66 22 borde
756 988 88 28 utbytas
857 991 68 18 emot:

176 1021 89 26 ytälän.*

243 1055 58 21 Herr
319 1055 200 22 landtmarskalken
534 1055 134 22 framställde
683 1056 54 21 härä
751 1057 174 28 propositionen:

243 1106 8 10 »
253 1089 47 21 Vill
318 1089 151 29 ridderskapet
489 1090 39 21 och
549 1090 63 21 adeln
633 1090 115 28 godkänna
764 1092 12 20 2
792 1092 11 27 $
818 1091 24 22 af
855 1092 70 27 lagut-

173 1124 94 21 skottets
282 1124 142 20 förevarande
439 1124 138 21 betänkande
593 1125 136 21 oförändrad.

242 1158 49 21 Den
307 1165 46 13 som
369 1158 37 21 vill
419 1158 115 28 godkänna
547 1159 148 21 betänkandet
706 1167 74 14 svarar
788 1160 34 28 ja;
836 1160 40 21 den
889 1160 36 21 det

174 1193 48 21 icke
237 1192 38 21 vill
290 1200 73 14 svarar
379 1193 43 27 nej.

241 1227 84 21 Vinner
345 1228 36 27 nej
402 1228 87 28 utbytes
510 1228 70 21 ordet:
601 1228 113 26 ,klander*
731 1231 57 19 emot
803 1230 121 28 uttrycket:

174 1261 89 26 ytälan.*

242 1294 47 22 Och
309 1301 46 14 som
373 1295 165 27 propositionen
558 1295 47 21 blef
623 1296 24 20 af
660 1296 85 21 ständet
761 1297 49 21 med
826 1298 97 20 öfvervä-

173 1329 70 28 gande
255 1329 24 27 ja
293 1329 115 27 besvarad,
424 1329 70 21 skulle
510 1329 165 29 ifrågavarande
691 1331 10 27 $
718 1331 131 21 oförändrad
863 1332 60 21 bibe-

174 1364 75 21 hällas.

240 1398 66 21 Emot
325 1398 138 22 förestäende
483 1399 72 21 beslut
573 1400 139 22 reserverade
731 1400 34 28 sig
780 1401 50 21 herr
844 1401 78 28 Späre,

175 1432 24 22 C.
214 1433 43 27 W.,
273 1433 40 20 och
328 1433 92 21 friherre
436 1433 113 29 Carpelan.
