1011 1717
748 120 39 21 587

71 181 33 22 till
125 182 33 21 sin
177 183 133 28 ytterlighet.
339 184 50 21 Men
410 184 54 22 hvad
484 185 36 21 vill
541 193 49 14 man
610 186 34 21 väl
665 188 51 26 säga
736 194 35 13 om
788 194 25 14 en

71 217 129 28 institution,
212 225 45 13 som
268 218 47 21 icke
326 219 138 27 respekterar
475 220 26 20 de
511 220 66 28 lagar,
589 220 40 21 den
641 220 51 28 sjelf
700 221 64 28 gifvit
774 222 40 27 sig,

69 258 48 14 som
137 251 48 21 icke
205 254 51 26 äger
277 252 50 21 mod
345 254 31 19 att
392 252 61 22 träda
468 254 53 20 fram
537 254 34 21 för
586 254 164 28 offentligheten
765 255 49 21 med

69 284 28 22 de
117 285 80 29 ideliga
216 286 78 28 tillägg
314 286 51 22 eller
386 294 42 20 nya
448 288 143 28 stadganden,
611 288 49 21 med
679 288 73 22 hvilka
772 289 41 21 den

69 326 64 15 anser
149 320 33 28 sig
197 320 52 22 böra
264 320 104 28 utspäcka
384 321 63 21 dessa
462 322 46 21 sina
523 322 75 28 lagar?
628 322 43 28 Jag
686 323 69 21 skulle
770 325 44 24 tro,

69 357 32 19 att
116 362 27 14 en
159 355 66 21 sådan
240 355 122 22 institution
378 356 60 21 öfver
452 357 33 27 sig
499 357 76 21 uttalat
590 357 33 21 sin
639 364 54 21 egen
709 357 103 21 dödsdom

71 390 39 21 och
130 390 57 21 hvad
204 390 38 28 jag
261 392 46 24 vet,
328 392 23 20 är
371 392 32 20 att
422 391 69 21 finska
509 392 69 20 folket
597 391 71 21 dertill
687 392 55 20 skall
762 394 51 25 säga

70 431 69 15 amen.

137 459 42 29 Jag
199 459 38 22 har
257 461 73 20 ansett
349 460 45 28 mig
414 461 52 20 böra
480 460 153 22 företrädesvis
648 460 55 22 fästa
718 461 45 28 mig
777 460 36 22 vid

69 494 42 21 den
126 494 98 28 rättsliga
240 494 61 22 sidan
316 495 24 20 af
353 495 83 27 frågan,
452 495 39 21 och
503 496 39 27 jag
557 495 40 21 har
611 495 101 22 bemödat
727 496 44 27 mig
782 497 31 19 att

68 529 7 20 i
94 528 87 21 korthet
201 529 55 27 visa,
277 531 32 19 att
329 529 214 27 censurinstitionen,
563 530 71 21 såsom
653 529 48 22 icke
721 529 91 22 allenast

67 563 111 21 saknande
194 563 28 20 all
238 563 70 28 grund
318 563 7 21 i
336 564 47 20 vårt
398 563 178 22 konstitutionela
587 564 104 28 lagskick,
702 565 53 20 utan
766 564 46 21 der-

67 597 34 21 till
121 597 88 22 stående
229 598 7 20 i
251 598 112 27 uppenbar
378 598 53 21 strid
447 599 49 20 med
510 599 128 26 detsamma,
654 601 23 18 är
693 605 27 14 en
736 599 76 21 abnor-

67 631 59 27 mité,
141 632 40 21 och
196 631 39 22 bör
250 632 66 21 redan
333 632 85 21 derföre
434 635 137 19 utmönstras.

135 667 41 28 Jag
191 667 72 21 kunde
279 667 62 22 äfven
357 667 44 22 tala
416 668 65 28 något
496 675 34 14 om
543 675 117 14 censurens
670 667 141 29 verkningar;

66 708 50 14 men
136 701 63 22 dessa
218 704 37 19 äro
277 702 23 21 så
320 702 119 28 påtagliga,
460 703 20 21 vi
500 703 108 28 förspörja
627 702 48 21 dem
696 703 28 27 på
742 704 31 19 ett
788 702 23 21 så

66 735 92 22 känbart
173 738 43 19 sätt
231 737 43 20 alla
289 737 73 28 dagar,
377 739 32 19 att
422 737 40 28 jag
476 737 75 21 dervid
566 737 47 21 icke
629 737 103 21 behöfver
746 737 64 28 länge

66 771 116 28 uppehålla
202 771 50 28 mig.
283 771 34 22 En
337 772 53 21 värd
409 771 95 22 ledamot
523 771 24 22 af
565 772 58 21 detta
641 771 63 22 stånd
721 772 40 21 har
776 771 35 22 vid

66 805 160 29 behandlingen
246 806 25 21 af
286 814 26 13 en
332 813 71 14 annan
420 806 61 29 fråga
495 806 67 22 kallat
577 813 104 14 censuren
698 806 112 28 ,byråkra-

67 841 43 20 tins
126 841 162 28 stånddrabant,
307 841 165 28 intelligensens
488 841 39 21 och
541 841 36 21 det
592 840 117 22 moraliska
723 840 88 22 framåt-

65 875 136 22 skridandets
224 875 164 29 skarprättare.
421 875 43 29 Jag
483 875 37 22 vill
540 883 67 21 gerna
626 875 116 21 instämma
761 875 49 21 med

65 910 79 21 honom
160 910 39 21 och
212 911 39 27 jag
266 911 38 20 vill
318 910 98 29 tillägga:
433 910 41 22 den
489 912 23 19 är
523 910 198 21 obskurantismens
733 911 76 26 trogne

65 944 171 29 vapendragare,
259 945 91 28 lögnens
370 945 40 21 och
430 945 131 21 smädelsens
581 946 70 19 varmt
666 943 144 22 omhuldande

65 979 182 28 skyddsgudinna,
263 979 142 29 regeringens
420 979 112 29 opålitliga
546 979 119 28 legoknekt
680 979 40 21 och
730 978 78 22 folkets

63 1014 99 27 verkliga
184 1014 127 28 plägoande.
342 1015 110 20 Censuren
472 1014 86 21 arbetar
577 1013 58 22 hand
655 1013 6 21 i
682 1013 58 21 hand
758 1013 50 21 med

63 1048 199 27 obskurantismen,
284 1051 22 26 ty
326 1048 41 21 den
388 1051 23 19 är
432 1049 68 27 enligt
514 1049 33 20 sin
562 1050 63 19 natur
639 1047 114 28 ljusskygg
768 1048 39 21 och

63 1085 52 26 äger
135 1083 7 20 i
162 1083 70 28 grund
252 1083 23 21 af
293 1083 33 20 sin
345 1083 222 28 maktfullkomlighet
586 1082 70 21 medel
674 1082 7 21 i
700 1082 33 21 sin
751 1081 57 22 hand

62 1119 38 25 att,
117 1125 35 13 om
167 1117 57 21 vissa
238 1117 108 22 intressen
362 1117 23 21 sä
400 1117 72 28 bjuda,
487 1117 64 28 lägga
565 1116 112 22 hämmsko
692 1117 28 27 pä
733 1116 74 28 hvarje

62 1151 84 28 andligt
165 1151 204 28 framåtskridande;
390 1151 42 22 den
452 1153 62 26 utgör
535 1146 36 26 def
591 1151 96 21 säkraste
706 1152 54 19 värn
774 1150 33 21 för

63 1185 106 22 smädelse
186 1185 40 22 och
239 1186 58 27 lögn,
314 1187 22 27 ty
350 1185 68 22 under
434 1186 36 21 det
485 1186 41 21 den
541 1185 50 21 med
603 1185 137 27 skoningslös
751 1184 57 21 hand

62 1222 85 25 stryper
163 1220 37 21 det
214 1221 66 27 ärligt
296 1221 39 20 och
351 1222 65 26 öppet
431 1220 96 21 uttalade
542 1219 93 22 fixerade
647 1219 67 26 ordet,
725 1220 23 19 är
759 1219 48 20 dess

63 1254 102 21 vanmakt
183 1255 127 27 fullständig
325 1257 44 18 mot
385 1254 36 21 det
436 1255 130 27 mundtliga,
585 1253 83 22 hvilket
682 1253 32 20 lik
729 1259 27 14 en
771 1253 37 20 hal

62 1296 46 14 orm
128 1289 92 27 slingrar
241 1289 33 27 sig
294 1288 153 22 ocensureradt
466 1288 54 22 fram
540 1287 48 22 frän
604 1289 38 20 öra
657 1287 32 21 till
705 1288 37 20 öra
758 1286 47 22 frän

62 1330 50 14 mun
127 1324 33 20 till
176 1330 57 20 mun,
249 1323 48 21 icke
313 1323 95 28 skyende
424 1325 32 19 att
466 1322 91 28 förtyda,
568 1324 71 20 svärta
650 1322 39 21 och
699 1321 107 21 vanställa

61 1357 24 20 sä
103 1357 34 20 väl
160 1357 140 27 regeringens
323 1363 45 14 som
391 1356 120 21 individens
534 1355 210 27 bevekelsegrunder
766 1355 40 19 och

59 1390 165 28 handlingssätt.
255 1390 43 21 Det
312 1390 61 21 heter
389 1390 6 20 i
412 1390 99 21 skriften:
529 1396 45 20 ,om
590 1388 154 22 menniskorna
754 1388 50 27 tiga,

59 1425 62 21 skola
136 1427 100 19 stenarne
253 1425 60 21 tala.*
337 1424 28 22 Sä
380 1425 63 21 äfven
460 1424 47 21 här:
525 1431 33 13 om
571 1430 89 22 pressen
671 1422 62 28 tiger,
745 1422 59 21 skola
