1009 1709
760 111 38 20 781

83 173 81 22 kandet
181 174 69 21 skulle
265 174 22 21 få
300 174 86 28 inflyta,
402 174 68 22 ehuru
485 176 21 27 ej
522 176 22 20 så
559 176 110 29 vidlyftigt
684 184 46 14 som
746 178 81 21 utskot-

82 210 32 19 tet
132 208 121 28 föreslagit,
272 211 51 19 utan
340 209 75 21 endast
430 210 49 21 med
494 210 76 21 orden:
586 211 52 26 ,den
654 218 46 14 som
714 212 28 28 på
758 213 70 27 grund

83 242 23 21 af
119 242 159 28 lösningsrätt*,
294 244 24 20 så
333 243 65 21 framt
408 244 20 26 ej
441 244 54 20 både
506 244 76 21 orden:
598 245 82 25 ,bättre
690 247 62 25 rätt",
762 248 65 19 samt:

82 276 92 27 »börds-,
194 276 154 22 viderboende-
364 277 39 20 och
423 278 111 21 naborätt*
554 278 72 21 kunde
645 279 46 20 helt
706 280 40 20 och
761 280 67 21 hållet

81 310 128 21 utelemnas.
234 311 43 20 För
293 311 66 28 öfrigt
374 311 126 27 godkänner
512 313 39 26 jag
566 312 116 21 utskottets
698 313 82 28 förslag
795 314 33 20 till

81 344 165 28 ifrågavarande
261 345 18 26 8.

149 379 59 21 Herr
222 385 43 14 von
279 379 197 28 Weissenberg:
492 379 11 21 I
517 379 118 29 anledning
650 381 24 20 af
686 381 51 21 herr
748 381 79 28 Spåres

82 414 102 27 yttrande
199 413 70 22 skulle
282 414 39 27 jag
336 413 56 22 blott
407 413 52 28 vilja
474 414 109 27 anmärka,
598 416 32 19 att
640 415 58 21 detta
709 415 119 29 lagförslag

78 449 48 27 just
140 449 57 20 afser
212 448 81 21 sådana
308 447 44 28 fall,
368 447 38 22 der
420 448 251 29 åtkomsthandlingarne
682 451 37 20 äro
730 451 24 20 så
764 450 63 21 brist-

80 483 76 28 fällige
176 485 32 19 att
227 483 72 28 någon
319 482 79 29 lagfart
417 483 49 20 icke
481 483 83 21 kunnat
578 483 98 28 beviljas,
706 484 43 29 Jag
764 491 63 15 anser

80 517 84 21 således
183 517 142 28 lagförslaget
344 517 74 21 kunna
437 519 100 26 antagas,
556 517 55 22 dock
625 519 49 20 med
690 519 36 20 det
740 519 24 21 af
776 519 51 21 herr

79 558 42 15 von
137 551 111 28 Knorring
263 551 114 22 förordade
392 552 144 21 alternativet.
564 551 33 22 En
613 552 55 21 enda
684 553 144 28 anmärkning

80 586 24 21 af
124 586 84 21 mindre
231 586 45 28 vigt
298 585 51 22 ville
367 586 39 28 jag
426 585 56 22 dock
501 588 53 26 göra
573 589 45 18 mot
638 586 147 29 slutperioden
805 588 24 21 af

82 622 53 20 1:sta
150 621 18 27 $,
184 620 111 29 nemligen
315 622 32 19 att
362 620 36 21 det
413 621 56 20 varit
484 621 132 27 naturligare
632 623 31 19 att
678 621 54 22 först
748 623 78 20 omtala

80 655 110 28 stämning
210 655 39 21 och
270 655 94 21 derefter
383 656 115 20 omnämna
518 655 78 28 sjelfva
617 655 77 22 målets
712 657 114 21 utförande

78 690 37 21 vid
130 689 100 22 domstol.

148 724 58 21 Herr
227 723 149 28 Forssman,
396 723 46 22 W.:
466 723 43 28 Jag
528 723 126 29 godkänner
668 724 40 21 för
727 725 45 21 min
791 725 35 21 del

80 759 154 28 lagutskottets
256 758 136 21 betänkande
415 758 50 21 med
487 758 111 28 undantag
620 759 24 21 af
662 759 26 20 de
708 759 48 27 ord,
780 767 44 14 som

79 794 50 21 herr
144 801 42 14 von
201 793 111 28 Knorring
327 793 57 21 velat
400 793 95 20 derifrän
510 793 101 21 utesluta.

146 827 104 22 Friherre
269 827 24 21 af
311 827 133 22 Schult6n:
468 827 42 28 Jag
530 827 62 21 utber
612 829 46 27 mig
678 827 54 22 blott
752 830 32 19 att
804 828 21 21 få

79 863 77 22 förena
175 862 45 27 mig
235 869 35 14 om
285 861 57 22 hvad
356 862 93 21 friherre
465 861 106 29 Carpelan
587 862 7 20 i
611 863 72 20 ämnet
698 862 39 21 har
752 864 73 26 yttrat.

146 897 59 21 Herr
225 903 42 14 von
286 896 142 27 Knorring:
452 896 11 21 1
483 896 117 28 anledning
619 897 24 20 af
660 897 56 20 hvad
734 897 91 21 friherre

80 932 107 27 Carpelan
205 932 76 27 yttrat,
302 931 69 20 skulle
385 931 39 28 jag
440 930 55 21 blott
509 931 52 27 vilja
576 932 89 25 nämna,
686 933 31 19 att
732 931 36 21 det
783 938 43 20 nog

79 968 23 19 är
117 966 45 27 mig
177 965 88 27 bekant,
280 967 32 20 att
327 965 73 28 kongl.
416 965 154 28 förordningen
585 965 24 20 af
622 965 42 21 den
677 965 25 21 13
710 965 49 28 juni
772 966 54 20 1800

80 1000 90 21 handlar
186 1007 34 13 om
236 1000 79 27 lagfart
331 999 40 21 och
386 999 54 20 börd
455 999 24 21 af
488 999 51 28 jord
553 999 28 28 pä
596 999 83 27 landet;
696 1007 49 13 men
761 1000 6 20 i
784 1000 41 20 för-

79 1034 115 27 klaringen
208 1034 24 21 af
244 1033 42 22 den
301 1034 25 20 14
337 1034 42 27 maj
393 1034 54 20 1804
458 1033 145 27 föreskrifves,
618 1035 32 19 att
664 1033 72 22 förrän
747 1034 79 28 lagfart

79 1068 91 29 beviljas
189 1067 61 22 skola
270 1068 144 27 ovilkorligen
433 1067 34 21 för
487 1067 122 22 domstolen
624 1069 78 26 upptes
718 1067 26 22 de
759 1068 66 21 hand-

78 1103 78 27 lingar,
172 1109 46 14 som
233 1103 75 26 styrka
322 1102 122 33 sökandens
456 1103 38 20 och
506 1102 53 21 hans
570 1101 144 22 företrädares
725 1102 100 21 ätkomst.

146 1137 58 21 Herr
224 1137 91 28 Späre,
335 1137 25 20 G.
376 1137 38 20 A.:
434 1129 71 28 Äfven
522 1137 40 28 jag
580 1136 70 21 skulle
669 1137 76 21 förena
759 1137 44 27 mig
819 1137 6 20 i

78 1172 36 21 det
133 1171 101 28 yttrande
254 1171 92 21 friherre
366 1171 108 28 Carpelan
494 1171 95 28 afgifvit,
609 1170 49 21 med
676 1171 36 20 det
727 1171 99 27 tillägget

78 1205 68 22 likväl
165 1212 47 14 som
231 1205 50 22 herr
301 1205 157 28 Weissenberg
477 1205 56 21 velat
554 1206 53 27 göra
622 1205 113 21 vis-a-avis
750 1205 76 20 redak-

79 1240 74 21 tionen
169 1241 25 20 af
206 1239 92 22 sednare
313 1241 120 19 momentet
448 1239 81 27 derom,
542 1241 31 19 att
584 1239 110 28 stämning
704 1239 66 21 borde
782 1245 43 15 om-

78 1274 56 21 talas
148 1274 74 21 förrän
238 1281 50 14 man
302 1274 63 21 ordar
380 1280 35 14 om
431 1274 76 21 mälets
523 1273 115 22 utförande
650 1273 37 22 vid
699 1273 127 22 domstolen.

146 1308 58 21 Herr
218 1308 104 27 Munck,
336 1307 27 22 K.
374 1307 36 21 F.:
426 1307 34 22 Då
475 1308 43 26 det,
534 1307 71 22 såsom
620 1307 39 21 här
674 1308 118 26 anmärkts,
803 1309 23 19 är

78 1343 117 26 meningen
212 1343 31 20 att
258 1342 78 21 endast
351 1342 7 19 i
374 1342 36 20 det
425 1342 47 25 fall,
488 1342 26 20 dä
530 1341 202 27 lagfartssökanden
748 1342 20 26 ej
784 1341 43 20 kan

77 1376 51 21 fullt
142 1376 74 27 styrka
232 1375 146 22 företrädares
394 1375 40 21 och
450 1375 33 20 sin
499 1375 93 21 ätkomst
608 1375 32 20 till
654 1375 108 27 lägenhet,
774 1374 52 21 kun-

80 1410 85 28 görelse
186 1409 74 22 derom
281 1411 35 20 mä
336 1409 24 21 af
378 1409 120 21 domstolen
519 1409 91 26 tillåtas,
626 1409 23 21 sä
664 1410 23 19 är
703 1408 36 21 det
754 1413 74 23 egont-
