1034 1711
221 126 40 20 942

190 190 109 21 afbruten.
328 190 33 21 På
379 190 71 22 denna
469 190 158 28 omständighet
645 190 39 20 har
696 190 39 28 jag
750 190 57 20 velat
822 189 56 21 fästa
893 188 41 22 rid-

191 224 126 27 derskapets
337 225 40 20 och
396 224 74 22 adelns
490 224 200 28 uppmärksamhet,
710 225 51 19 utan
781 224 31 20 att
825 224 39 26 jag
879 222 56 22 dock

191 258 33 21 för
244 258 44 21 min
308 258 34 21 del
361 260 71 19 ansett
447 259 44 27 mig
506 258 53 22 böra
573 258 81 28 afgifva
668 258 66 28 något
749 258 82 27 förslag
846 257 33 21 till
894 257 41 28 fyl-

190 291 65 22 lande
275 292 24 21 af
312 293 40 20 den
368 293 112 21 anmärkta
497 293 92 27 bristen;
604 299 48 14 men
668 292 27 21 då
710 291 90 22 ärendet
816 291 7 21 i
838 291 29 21 all
882 291 53 21 hän-

191 325 59 22 delse
271 327 169 21 återremitteras
458 327 33 21 till
506 327 152 28 lagutskottet,
674 326 69 21 skulle
756 327 39 27 jag
810 325 125 27 hemställa,

191 367 34 14 om
246 361 20 27 ej
287 361 150 28 ridderskapet
456 361 40 21 och
516 361 63 22 adeln
599 361 51 20 ville
668 361 56 20 fästa
738 361 64 21 äfven
818 360 117 21 utskottets

190 395 191 27 uppmärksamhet
394 396 29 27 på
436 403 81 14 samma
533 395 169 28 omständighet,
718 395 50 20 med
782 394 107 21 anmodan
904 396 32 19 att

190 429 79 21 föreslå
285 429 71 28 någon
371 431 65 27 utväg
451 430 7 21 i
473 429 126 22 förberörde
613 429 130 27 hänseende,
757 429 24 21 så
794 430 32 19 att
836 429 99 21 fullstän-

191 463 102 28 digheten
308 464 25 20 af
344 463 164 30 förteckningen
525 465 19 27 ej
561 463 97 22 kommer
674 465 31 20 att
719 464 53 21 bero
788 463 68 27 deraf,
870 463 65 21 huru-

190 497 50 21 vida
253 504 27 15 en
296 498 138 27 förmyndare
448 499 81 28 fullgör
544 499 37 20 sitt
596 497 115 29 åliggande
726 498 52 21 eller
794 499 28 26 ej.

258 531 103 22 Friherre
383 533 138 28 Carpelan:
542 533 11 20 I
571 532 117 28 anledning
706 532 24 21 af
742 532 51 21 herr
807 539 43 14 von
864 531 70 21 Knor-

191 566 60 27 rings
269 566 141 21 förenämnde
430 567 145 27 anmärkning
587 567 34 20 får
633 567 39 27 jag
687 566 97 27 upplysa,
800 567 32 19 att
846 565 66 21 redan
928 566 7 20 i

191 599 76 29 början
286 600 24 21 af
327 600 141 22 förevarande
483 602 75 20 ämnes
573 600 132 28 behandling
719 600 7 20 i
741 600 152 27 lagutskottet,
909 599 28 21 då

191 633 64 21 äfven
273 634 39 28 jag
331 635 70 20 såsom
420 634 92 22 medlem
532 635 24 21 af
574 634 119 21 detsamma
713 634 45 20 deri
774 634 82 27 deltog,
875 633 62 29 fråga

191 668 94 28 uppstod
305 668 82 27 derom,
407 668 105 22 huruvida
533 669 41 21 den
594 669 7 20 i
617 669 13 20 2
645 670 11 26 8
671 668 23 21 af
708 668 41 21 den
764 668 80 28 nådiga
858 674 78 22 propo-

191 702 94 22 sitionen
308 703 128 21 omnämnde
458 704 100 20 anmälan
581 702 65 22 borde
668 702 119 22 bibehållas
809 702 53 21 eller
881 702 55 21 icke.

191 736 51 21 Men
258 737 66 27 sagde
339 738 119 27 stadgande
474 738 77 27 ansågs
567 737 26 21 då
608 737 52 20 böra
671 737 58 28 utgå,
740 737 28 28 på
778 737 36 20 det
825 738 31 19 att
868 738 19 26 ej
899 736 36 21 do-

191 777 75 15 maren
281 771 36 21 vid
331 771 151 21 försummelse
498 771 23 21 af
535 771 41 21 den
591 771 79 21 honom
686 771 116 28 åliggande
812 771 124 28 skyldighet

191 806 32 20 att
242 805 36 21 vid
297 805 149 28 förmyndares
468 805 127 28 afflyttande
614 805 33 21 till
665 813 71 14 annan
757 807 34 20 ort
810 805 126 22 underrätta

190 841 72 19 rätten
283 840 110 21 derstädes
412 847 34 14 om
465 840 54 21 hans
534 840 159 21 innehafvande
709 839 190 29 förmynderskap;
915 840 21 27 ej

190 874 69 21 heller
279 875 68 27 ansåg
363 882 50 13 man
428 875 99 28 lämpligt
542 877 41 25 att,
598 874 33 21 till
646 874 36 22 det
696 874 90 21 afsedda
801 874 134 28 syftemålets

191 908 118 28 ernående,
328 909 112 28 förelägga
460 909 154 28 förmyndaren
633 909 50 21 vite.
714 908 60 21 Skall
793 908 36 22 det
846 908 89 29 åläggas

191 942 120 22 domstolen
331 945 32 19 att
382 950 34 14 om
436 944 160 21 innehafvande
615 943 180 28 förmynderskap
811 943 126 21 underrätta

191 984 27 14 en
238 984 71 14 annan
324 980 53 25 rätt,
393 978 23 21 så
431 978 39 28 går
484 978 37 21 det
537 978 45 21 ofta
596 978 50 20 hela
660 978 47 21 året
722 984 42 20 om,
780 977 39 21 och
836 977 100 21 emeller-

191 1011 32 21 tid
237 1012 43 21 kan
297 1012 41 21 den
353 1012 137 28 bortflyttade
506 1012 160 28 förmyndaren,
676 1012 68 21 innan
754 1012 71 20 denna
836 1012 99 20 anmälan

191 1046 78 21 hinner
285 1046 124 28 ankomma,
426 1046 82 22 erhålla
523 1047 60 21 bevis
599 1046 99 22 deröfver
713 1048 32 19 att
760 1046 43 21 han
818 1046 20 28 ej
856 1047 22 19 är
894 1046 43 21 för-

190 1081 111 27 myndare.
330 1081 75 21 Lucka
420 1082 98 20 kommer
533 1082 36 20 det
585 1081 61 21 alltid
661 1082 31 20 att
707 1081 74 21 blifva.
808 1080 42 28 Jag
865 1082 35 20 vet
915 1081 21 27 ej

191 1114 55 22 huru
265 1116 71 20 denna
356 1116 55 20 skall
426 1115 64 28 fyllas
505 1116 39 20 och
561 1117 44 19 tror
619 1117 20 26 ej
655 1115 75 26 heller,
749 1116 32 19 att
794 1114 143 28 lagutskottet

191 1149 55 20 skall
261 1149 58 21 finna
334 1149 71 28 någon
421 1151 66 27 utväg
502 1150 80 26 dertill,
597 1157 34 13 om
646 1149 19 28 ej
682 1149 86 21 ståndet
783 1155 27 14 nu
824 1149 42 20 kan
878 1149 59 28 gifva

191 1183 66 28 något
271 1183 82 28 förslag
367 1184 8 19 i
389 1183 69 28 dylikt
473 1184 62 27 syfte.

257 1217 59 21 Herr
331 1225 40 14 von
387 1218 79 26 Born,
482 1218 20 21 J.
518 1219 36 20 A.:
576 1218 42 27 Jag
633 1218 39 20 har
687 1218 114 27 ingenting
815 1217 75 21 vidare
905 1220 32 18 att

190 1252 105 20 anmärka
307 1252 37 19 vid
359 1252 70 20 denna
444 1253 18 25 $,
478 1254 27 18 än
521 1254 31 18 att
563 1252 41 20 den
615 1251 32 20 till
659 1251 53 28 följe
722 1251 24 20 af
754 1251 41 20 den
806 1251 130 20 förändrade

190 1285 112 27 principen
322 1285 33 20 till
375 1292 27 13 en
421 1285 35 20 del
476 1285 69 20 måste
564 1285 153 27 omredigeras.
747 1284 51 21 Med
817 1284 120 27 anledning

191 1319 23 20 af
227 1318 42 21 den
283 1318 153 28 anmärkning,
452 1325 46 14 som
514 1318 24 21 af
551 1318 50 21 herr
611 1318 113 28 Törngren
736 1317 71 22 blifvit
816 1317 71 29 gjord,
899 1318 38 21 ber

187 1353 40 28 jag
246 1355 32 19 att
296 1353 22 21 få
338 1354 57 27 yttra
415 1353 41 21 den
476 1353 65 28 åsigt,
564 1354 31 20 att
615 1353 127 27 visserligen
763 1353 88 21 domare
871 1353 66 21 hafva

189 1387 88 28 mycket
296 1387 85 27 arbete,
401 1394 49 14 men
469 1388 20 27 ej
510 1387 67 21 heller
598 1389 37 19 äro
651 1387 67 21 andra
733 1387 131 28 tjenstemän
880 1394 56 14 vana

190 1423 31 19 att
236 1422 22 20 få
272 1422 101 21 särskildt
389 1422 121 27 ersättning
525 1422 33 20 för
573 1422 73 27 hvarje
660 1421 65 21 ökadt
736 1421 81 27 arbete,
828 1428 46 14 som
885 1421 50 21 dem
