1006 1714
214 134 41 22 756

345 198 8 22 i
369 199 56 28 3:dje
439 199 31 21 kl.
485 199 49 21 med
549 200 26 20 29
586 200 29 28 ja
630 198 39 22 och
685 200 25 20 31
727 199 41 29 nej,

344 250 9 11 a
369 234 90 27 24
453 230 19 35 n
504 250 9 11 n
564 235 45 25 Sim
647 250 8 10 »
687 234 65 26 10!
736 230 19 35 n

343 285 9 10 s
372 270 37 19 18
456 276 5 19 »
505 285 10 10 »
553 269 24 21 13
602 285 8 10 »
647 285 9 10 »
701 270 12 20 8
743 284 10 11 a

254 304 72 21 Sedan
341 303 34 21 till
389 303 55 28 följd
460 303 23 21 af
497 303 70 21 denna
582 303 145 28 omröstnings
738 303 83 28 utgång
831 302 100 22 ärendets

186 338 160 28 bordläggning
364 338 48 20 icke
431 338 86 20 komme
535 340 32 18 att
587 339 41 26 äga
645 345 47 13 rum
711 340 56 18 samt
781 337 150 29 ridderskapet

186 374 40 21 och
241 374 71 26 adeln,
322 373 29 27 på
365 372 50 21 herr
429 372 210 21 landtmarskalkens
654 372 128 22 hemställan
797 379 34 14 om
847 372 85 21 ståndet

186 409 51 21 ville
257 408 115 28 godkänna
392 406 139 22 oförändradt
548 407 231 21 riddarhusutskottets
795 407 136 22 betänkande

186 443 92 21 rörande
294 443 13 20 4
322 448 89 14 numera
427 442 12 20 3
454 448 64 14 mom.
534 442 7 20 i
556 441 91 21 berörde
665 442 12 20 9
697 442 21 27 $,
734 442 73 20 dertill
826 441 105 28 enhälligt

186 478 75 26 nekat,
276 476 72 21 blefvo
367 476 32 20 till
414 476 52 28 följe
481 476 24 20 af
518 476 109 27 åtskilliga
643 476 225 20 ståndsmedlemmars
884 476 46 20 der-

186 519 35 15 om
237 511 77 29 gjorda
331 511 95 27 begäran
445 510 100 28 samtliga
563 518 29 13 nu
607 510 124 28 föreslagna
750 510 58 21 olika
822 510 109 21 redaktio-

186 554 39 14 ner
239 546 34 21 för
288 545 149 28 ifrågakomne
452 547 97 19 moment
564 545 109 28 uppläste;
689 545 52 21 derå
754 545 49 21 herr
814 545 116 21 landtmar-

186 581 91 21 skalken
297 580 33 21 till
351 579 96 21 ståndets
466 579 162 21 bestämmande
648 579 171 28 öfverlemnade,
840 586 35 14 om
895 580 36 20 det

186 616 33 21 för
240 615 87 27 slutliga
347 614 128 28 afgörandet
494 614 23 21 af
535 614 86 28 frågan,
642 614 54 21 först
715 614 52 21 ville
787 616 79 26 antaga
881 614 50 21 herr

185 650 149 28 Furuhjelms,
350 649 27 21 H.
393 649 38 27 V.,
447 649 81 28 förslag
548 649 33 21 till
601 648 164 29 ifrågavarande
781 650 12 20 3
812 650 119 20 momentet

186 686 70 20 såsom
271 684 169 29 ja-proposition
461 684 39 20 och
521 684 65 21 sedan
606 684 33 20 till
653 684 215 28 kontraproposition
883 684 48 21 der-

185 722 59 19 emot
259 720 66 28 något
340 719 48 21 utaf
401 719 27 21 de
444 719 69 28 öfriga
529 718 120 28 förslagen;
665 719 39 21 och
720 726 46 14 som
781 718 150 29 ridderskapet

184 755 41 21 och
245 754 63 21 adeln
323 754 74 20 härtill
412 754 89 20 allmänt
514 753 90 28 jakade,
620 753 113 28 tillsporde
748 754 51 20 herr
814 754 116 20 landtmar-

184 789 91 21 skalken
290 788 74 21 vidare
379 788 150 28 ridderskapet
539 788 40 21 och
589 788 70 26 adeln,
670 788 84 21 hvilket
764 788 23 21 af
799 788 131 21 sistberörde

183 824 83 28 förslag
286 823 85 21 ståndet
391 830 30 13 nu
441 822 94 22 önskade
551 822 64 21 hafva
631 823 69 20 såsom
716 822 213 29 kontraproposition

184 860 58 20 emot
257 858 50 21 herr
321 858 139 28 Furuhjelms
476 857 81 29 förslag
571 857 118 28 uppstäldt.

251 893 35 21 Då
305 892 161 28 ridderskapets
487 892 38 22 och
546 892 73 21 adelns
640 892 140 22 medlemmar
798 892 131 21 härutinnan

183 928 49 22 icke
253 928 73 21 kunde
349 928 32 27 sig
397 928 85 27 förena,
504 927 76 21 ställde
602 927 51 21 herr
675 927 198 21 landtmarskalken
897 927 32 21 till

184 963 86 22 ståndet
290 970 27 14 en
338 962 54 21 efter
413 962 67 21 skedd
497 962 110 28 justering
627 961 101 29 godkänd
749 962 116 28 sålydande
880 968 49 22 pro-

184 998 104 28 position:

252 1048 9 11 »
262 1032 46 22 Vill
323 1030 150 30 ridderskapet
488 1031 39 22 och
543 1031 63 21 adeln
622 1031 33 21 till
667 1031 214 29 kontraproposition
892 1038 37 14 an-

183 1068 51 27 taga
248 1067 92 21 friherre
355 1066 113 22 Walleens
484 1066 87 28 förslag,
585 1066 126 28 sålydande:

251 1102 138 26 nAdelsman,
405 1108 46 14 som
471 1101 93 28 upphört
584 1102 31 19 att
634 1108 51 14 vara
700 1100 56 21 finsk
776 1100 153 28 medborgare,

184 1136 59 28 eller,
252 1136 69 22 ehuru
329 1136 56 20 finsk
395 1136 148 28 medborgare,
552 1135 47 21 icke
608 1136 23 20 är
640 1136 7 20 i
654 1135 94 21 Finland
756 1135 173 21 skattskrifven.*

250 1171 48 21 Den
320 1178 45 13 som
384 1170 38 21 vill
437 1170 33 20 till
486 1170 214 28 kontraproposition
716 1171 79 27 antaga
811 1170 117 21 friherrens

182 1205 82 29 förslag
280 1212 73 15 svarar
366 1206 33 27 ja;
415 1205 41 21 den
472 1205 36 21 det
523 1206 20 27 ej
559 1205 38 20 vill
613 1212 73 13 svarar
701 1205 43 28 nej.

249 1240 85 21 Vinner
354 1240 35 27 nej
410 1241 90 26 antages
515 1240 34 20 till
564 1239 213 28 kontraproposition
793 1239 50 21 herr
857 1238 70 22 Ehrn-

181 1274 85 26 rooths,
286 1273 26 21 G.
332 1273 34 26 R.,
386 1273 114 20 redaktion
520 1273 23 20 af
561 1273 96 27 följande
677 1273 93 26 lydelse:
789 1273 139 26 ,Adelsman,

181 1309 88 22 hvilken
286 1309 58 19 emot
359 1306 133 21 fremmande
508 1307 99 21 öfverhet
622 1307 49 20 med
686 1308 43 19 tro-
746 1307 39 20 och
800 1307 128 20 huldhetsed

182 1344 33 27 sig
234 1342 114 28 förpligtat
369 1342 52 21 eller
441 1341 62 28 eljest
522 1341 7 21 i
544 1341 55 21 intet
614 1341 103 21 afseende
732 1341 131 28 underlyder
877 1341 51 22 Fin-

180 1377 63 22 lands
258 1377 79 28 lagar.*

249 1412 117 28 Votering,
381 1419 46 14 som
447 1411 74 23 härom
542 1410 105 30 begärdes
668 1410 40 23 och
728 1411 57 29 förty
801 1411 127 29 anställdes,

180 1447 73 23 utföll:
