1023 1711
227 127 41 20 856

552 190 47 27 81.

267 224 47 27 Mö
335 224 74 27 hafve,
430 224 65 21 sedan
515 224 43 21 hon
579 223 81 21 femton
681 223 23 20 är
725 222 95 28 gammal
840 223 30 25 är,
890 221 60 21 makt

199 261 31 19 att
250 259 52 20 räda
322 259 61 21 öfver
398 258 46 27 det,
464 258 44 21 hon
524 257 52 29 sjelf
589 257 110 21 förvärfva
714 257 49 21 kan.
794 256 34 21 Dä
843 257 43 21 hon
902 256 48 28 fyllt

198 294 97 27 tjuguett
314 293 30 27 år,
362 300 51 14 vare
428 292 123 28 berättigad
567 293 30 19 att
613 292 39 20 allt
667 292 37 20 sitt
719 292 54 28 gods
788 291 88 21 förestä.
906 290 46 21 Vill

198 328 43 20 hon
262 327 69 22 hellre
352 327 34 21 för
405 326 49 22 dess
475 327 106 27 egendom
604 325 195 29 förmyndarevärd
817 326 72 28 njuta,
910 326 40 27 äge

198 364 81 25 rätten,
300 362 28 28 pä
343 361 113 27 anmälan,
476 362 75 20 derom
566 361 103 22 förordna
685 360 40 21 och
741 360 78 22 sådant
834 360 116 22 vederbör-

198 397 59 27 ligen
273 397 117 27 kungöra.*

551 432 46 26 82

268 483 8 9 n
281 466 71 21 Sedan
372 467 35 20 mö
423 466 97 27 tjuguett
535 466 36 20 års
587 465 60 21 ålder
661 466 103 28 uppnått,
784 467 40 26 äge
839 465 42 21 hon
898 466 51 20 utan

198 500 118 28 giftomans
337 500 111 28 samtycke
468 500 121 28 äktenskap
610 500 57 27 ingå.
699 500 70 21 Gifter
785 500 43 21 hon
844 500 33 27 sig
893 501 58 20 emot

198 535 118 21 föräldrars
331 534 53 29 vilja
399 534 7 21 i
422 534 26 20 de
464 534 45 28 fall,
533 535 5 20 2
554 535 11 27 8
581 535 12 20 6
607 534 49 28 kap.
668 534 26 22 G.
705 534 26 21 B.
742 534 128 27 innehåller,
886 534 64 21 hafve

198 569 56 21 dock
268 569 62 21 fader
346 570 53 20 eller
414 569 76 20 moder
506 569 50 21 väld
571 570 32 20 att
618 570 53 26 göra
687 569 70 21 henne
774 570 82 19 arflös.*

266 604 39 20 Att
325 610 78 21 genom
423 610 29 14 nu
473 603 124 28 föreslagna
617 603 135 28 stadganden
772 603 48 21 icke
839 603 57 21 blott
911 603 13 21 2
940 603 11 28 $

200 639 24 20 19
246 638 49 28 kap.
314 632 27 27 Ä.
359 638 26 21 B.
405 637 39 22 och
462 638 218 21 Giftermälsbalkens
701 637 137 22 föreskrifter
858 637 93 22 rörande

197 673 115 27 giftomän,
332 674 52 19 utan
405 673 41 20 ock
466 673 27 20 29
512 673 99 28 punkten
626 673 24 20 af
664 673 54 20 1723
734 673 35 20 ärs
785 672 85 28 adeliga
884 672 66 28 privi-

196 707 69 28 legicr
280 707 87 21 komme
382 709 32 18 att
430 707 97 28 undergä
543 707 102 27 ändring,
661 714 64 13 anser
739 707 39 27 jag
793 707 54 20 böra
861 707 32 20 uti
909 707 41 21 den

197 749 42 20 nya
259 741 168 28 författningen,
447 741 33 21 till
500 741 138 22 undvikande
657 741 24 20 af
695 740 161 27 missförständ,
872 741 79 28 tydligt

196 777 99 19 utsättas.
318 775 48 21 Och
380 775 28 20 dä
422 776 32 19 uti
469 775 60 22 detta
543 776 50 21 mitt
607 775 82 28 förslag
705 775 94 28 stadgas,
810 777 32 19 att
858 782 34 13 om
904 775 46 21 dot-

197 811 39 25 ter,
253 810 89 21 hvilken
358 809 94 21 vistades
468 809 6 20 i
490 810 192 21 föräldrahemmet
699 810 40 21 och
753 809 39 21 der
802 810 60 27 njöte
873 810 78 20 under-

197 844 53 26 häll,
266 843 54 29 gifto
337 844 33 27 sig
386 845 58 19 emot
459 843 72 21 faders
548 844 53 21 eller
617 843 85 21 moders
717 844 54 28 vilja
786 843 24 21 af
823 843 73 21 förakt
912 845 39 19 och

196 878 132 21 sidvördnad
345 878 53 21 eller
413 878 50 21 med
478 878 42 21 den
536 886 46 14 som
598 879 19 27 ej
634 879 39 20 har
688 878 52 28 godt
750 885 66 14 namn
828 878 40 21 och
879 878 71 28 rykte,

196 913 136 21 föräldrarne
352 912 55 28 ägde
427 914 43 19 rätt
490 915 31 19 att
542 915 53 26 göra
611 913 72 21 henne
699 913 77 26 arflös,
793 913 23 21 sä
832 913 70 21 skulle
918 915 32 19 sä-

196 947 50 21 kert
261 947 47 21 icke
324 947 69 21 heller
408 947 95 27 inträffa,
515 950 32 18 att
562 948 7 20 i
584 947 160 21 föräldrahuset
759 947 99 21 vistande
873 947 78 28 dotter,

197 982 69 21 ehuru
281 982 36 21 vid
333 982 94 28 tjuguett
442 982 35 21 ärs
491 982 60 21 älder
567 982 95 28 myndig,
676 982 90 28 inginge
778 982 109 28 giftermäl
898 984 52 20 utan

196 1018 32 19 att
247 1016 36 22 vid
304 1016 71 21 denna
394 1016 162 28 angelägenhet
576 1016 47 21 sina
643 1016 118 22 föräldrars
782 1016 38 22 råd
840 1017 39 21 och
895 1024 55 14 sam-

197 1051 64 27 tycke
277 1050 104 22 inhemta.

264 1085 44 22 Det
323 1085 63 21 fanns
402 1091 27 14 en
444 1085 38 27 tid,
494 1085 27 22 dä
537 1085 36 22 det
587 1085 79 28 ansägs
681 1086 34 21 för
730 1092 27 14 en
773 1085 105 29 ridderlig
894 1086 58 28 pligt

197 1121 31 20 att
243 1119 50 21 med
309 1120 86 20 svärdet
413 1119 83 28 skydda
512 1120 96 27 gvinnan
623 1122 59 19 emot
696 1121 57 20 orätt
769 1120 39 21 och
824 1121 49 20 våld
888 1121 62 20 hvar-

196 1154 57 20 helst
268 1154 71 20 henne
356 1153 77 22 sädant
448 1153 131 28 tillfogades.
602 1153 78 21 Denna
696 1160 97 22 vapnens
808 1154 32 21 tid
855 1156 24 19 är
894 1154 56 22 förbi

197 1188 40 21 och
252 1188 7 20 i
276 1187 72 21 stället
367 1188 34 21 för
416 1188 90 28 styrkan
522 1188 103 21 herrskar
640 1195 29 14 nu
685 1189 71 27 lagen.
787 1188 51 22 Men
854 1189 24 21 sä
894 1189 57 28 gälle

197 1223 33 20 för
247 1229 34 13 oss
298 1222 64 21 äfven
378 1229 30 14 nu
423 1222 41 20 den
480 1223 143 27 mannapligt,
639 1224 32 20 att
687 1223 50 21 med
751 1224 37 27 lag
802 1224 72 27 hägna
890 1224 60 28 gvin-

196 1263 54 13 nans
270 1256 56 27 goda
346 1257 44 19 rätt
410 1256 34 20 till
464 1256 145 28 likställighet
628 1257 7 19 i
655 1258 91 19 allmänt
764 1257 119 27 menskligt
898 1258 52 20 hän-

198 1290 80 20 seende
298 1289 50 21 med
367 1296 114 14 mannen..
498 1290 45 20 Det
562 1290 70 28 ligger
652 1290 48 22 icke
717 1290 54 21 blott
786 1292 97 27 rättslig,
899 1293 52 19 utan

198 1324 41 20 ock
258 1322 104 22 moralisk
380 1324 48 27 vigt
442 1323 74 29 härpå.
547 1324 33 28 Ty
597 1324 94 28 gvinnan
707 1325 69 21 måste
792 1332 60 14 mera
867 1327 27 19 än
910 1325 41 22 hit-

196 1358 46 21 tills
258 1360 64 26 göras
338 1358 34 20 till
387 1358 189 28 medborgarinna,
587 1366 35 14 om
633 1359 82 22 hennes
725 1360 140 22 verksamhet
874 1360 7 21 i
891 1360 61 22 hem-

196 1395 44 19 met
260 1393 56 20 skall
338 1393 74 21 kunna
432 1393 7 21 i
459 1392 148 22 fosterländsk
629 1394 98 28 syftning
749 1397 111 19 motsvara
879 1395 73 22 tidens

196 1427 131 28 fordringar.
352 1426 44 22 Det
412 1427 98 23 enklaste
526 1428 82 22 medlet
623 1429 74 22 härtill
712 1431 24 20 är
752 1431 32 20 att
799 1429 7 22 i
817 1429 134 29 lagstiftnin-
