1050 1717
796 134 41 22 973

116 197 82 28 ningen
216 197 73 22 blefve
304 198 110 28 upphäfde
430 198 54 21 eller
499 198 100 21 ändrade.
629 198 65 21 Först
709 206 40 20 nu,
766 200 26 20 då
808 201 58 20 stån-

116 232 38 21 det
167 232 73 21 utlätit
256 232 33 27 sig
304 239 35 14 om
355 232 42 21 alla
411 233 35 27 88,
462 234 37 20 vet
513 240 60 19 man,
589 232 55 22 hvad
659 239 47 15 som
721 234 99 22 kommer
834 237 32 19 att

116 266 79 21 ändras
215 266 53 21 eller
284 266 28 27 ej.
342 266 71 21 Bland
429 266 26 21 de
470 266 181 28 lagstadganden,
668 274 46 13 som
729 268 7 20 i
752 268 114 27 ingressen

116 300 136 28 uppräknas,
270 300 71 22 säsom
357 300 105 28 antingen
478 301 109 28 upphäfde
603 301 53 21 eller
671 300 139 29 förändrade,
826 303 39 21 fin-

117 342 38 13 nes
170 334 49 22 icke
234 335 12 20 8
263 335 11 27 $
291 336 25 20 17
332 335 50 28 kap.
397 335 29 21 H.
442 335 33 27 B.,
491 336 68 20 ehuru
575 335 86 21 ståndet
676 342 29 14 nu
719 337 84 27 antagit
817 338 23 20 11
854 338 11 26 8

115 369 24 21 af
152 369 112 28 förslaget,
280 370 39 21 der
334 370 37 20 det
385 370 72 21 heter:
475 387 8 9 ,
487 377 50 15 vare
553 370 101 27 förlustig
665 370 41 21 den
717 370 148 28 förmänsrätt,

116 410 45 14 som
182 403 60 28 dylik
262 404 89 21 fordran
371 404 64 27 eljest
451 404 69 28 enligt
535 405 12 20 8
563 405 11 26 8
591 405 25 20 17
632 404 49 27 kap.
697 404 28 21 H.
742 404 26 21 B.
784 406 81 20 medfö-

114 439 53 25 rer",
186 437 40 22 och
241 437 89 22 hvilken
345 438 12 27 8
373 438 84 21 således
473 445 78 21 genom
568 439 24 20 11
609 439 14 26 &
638 438 86 21 ändras.
754 438 63 22 Efter
832 441 33 19 ut-

114 472 84 21 skottet
212 472 87 28 engäng
314 472 117 21 afvikande
446 472 48 22 frän
510 473 42 20 den
562 472 79 28 nädiga
652 473 164 28 propositionen
827 481 37 14 an-

114 508 52 25 sett,
189 508 32 19 att
241 506 26 21 de
286 507 95 27 lagrum,
402 513 46 14 som
464 507 73 21 blifvit
556 507 105 28 antingen
681 507 110 28 upphäfde
812 509 54 20 eller

114 541 137 27 förändrade,
267 541 7 20 i
289 541 114 28 ingressen
418 541 71 21 skulle
499 541 132 28 uppräknas,
642 541 24 22 sä
676 541 67 21 borde
755 542 34 21 väl
801 543 65 21 ocksä

113 576 13 20 8
142 575 12 27 $
171 576 25 20 17
212 575 50 28 kap.
277 575 29 21 H.
322 575 26 21 B.
363 575 52 28 ingå
430 575 65 21 bland
511 575 55 22 dem.

181 610 103 21 Friherre
300 610 140 28 Carpelan:
455 610 13 21 I
479 611 13 20 8
505 611 11 26 $
530 611 25 20 17
567 610 50 27 kap.
628 609 29 22 H.
672 609 26 22 B.
714 610 69 21 finnes
798 611 67 28 ingen

113 644 192 29 preskriptionstid
325 645 78 26 utsatt,
419 644 38 21 der
477 645 55 20 talas
548 645 55 20 blott
619 651 34 14 om
669 644 141 22 förmänsrätt
824 645 40 22 hos

112 679 139 28 förmyndare
271 679 8 20 i
297 679 129 26 allmänhet,
441 679 101 21 hvarföre
562 679 32 20 uti
610 679 23 20 11
651 679 12 27 &
676 679 24 21 af
713 686 29 14 nu
757 679 107 28 ifrägava-

112 714 68 21 rande
202 713 138 21 betänkande
360 713 75 21 blifvit
457 715 100 20 närmare
580 713 119 26 bestämdt,
722 713 55 22 huru
799 715 65 27 länge

113 748 67 28 sagde
196 747 140 22 förmånsrätt
350 747 41 21 bör
406 748 65 27 gälla,
486 749 52 20 utan
549 749 31 20 att
591 747 142 22 omförmälde
744 748 120 28 stadgande

112 783 7 20 i
135 782 171 22 handelsbalken
326 782 67 21 likväl
409 781 137 28 derigenom,
562 782 69 27 enligt
645 782 46 21 min
707 782 63 29 åsigt,
786 783 77 21 under-

113 818 47 26 gått
175 817 72 28 någon
262 816 94 28 ändring
371 816 53 21 eller
440 816 87 21 erhållit
542 817 67 28 något
624 817 84 27 tillägg.

180 851 60 21 Herr
258 851 124 28 Pipping,
397 851 35 21 F.:
449 851 42 28 Jag
505 858 63 15 anser
584 851 85 21 ståndet
684 851 53 28 sjelf
750 851 65 22 hafva
831 859 32 14 er-

112 887 60 26 känt,
188 887 32 20 att
235 887 12 20 8
263 886 12 27 $
292 886 25 20 17
333 886 50 27 kap.
399 885 28 21 H.
443 885 26 21 B.
485 886 116 28 undergätt
615 885 135 29 förändring,
763 886 27 21 dä
806 887 57 20 stän-

113 922 37 21 det
165 921 83 28 antagit
265 921 23 20 11
306 921 12 28 &
333 920 24 21 af
370 920 153 22 betänkandet.

180 956 12 21 1
214 955 119 28 anledning
355 955 24 21 af
399 956 50 20 herr
471 955 107 29 Pippings
600 955 143 21 förenämnde
766 955 97 28 yrkande

112 991 135 22 framställde
262 997 30 14 nu
306 991 52 20 herr
373 989 201 22 landtmarskalken
591 990 71 21 denna
677 989 145 28 proposition:

182 1043 8 8 »
194 1025 46 22 Vill
260 1024 151 28 ridderskapet
432 1024 40 21 och
492 1024 63 21 adeln
576 1026 31 19 att
628 1025 12 19 8
658 1025 11 26 $
687 1025 25 20 17
728 1024 50 28 kap.
794 1025 27 20 H.
838 1025 26 20 B.

112 1061 32 20 uti
164 1061 114 27 ingressen
294 1059 34 21 till
343 1059 143 21 förevarande
501 1058 138 21 betänkande
655 1058 86 28 intages
756 1058 66 21 bland
838 1059 25 20 de

111 1096 96 27 lagrum,
234 1093 72 22 hvilka
331 1097 79 24 genom
435 1093 166 28 ifrägavarande
625 1092 119 28 stadgande
767 1093 97 27 undergä

112 1129 112 28 ändring.*

179 1163 79 21 Denna
279 1162 136 29 proposition
438 1161 130 22 besvarades
590 1161 51 21 med
660 1162 25 27 ja
708 1161 40 21 och
769 1162 35 27 nej
828 1168 35 14 om

111 1199 63 20 hvart
190 1199 73 25 annat,
278 1197 103 22 hvarföre
396 1196 76 22 skreds
487 1197 33 20 till
536 1196 109 27 votering,
663 1203 46 14 som
726 1195 63 22 utföll
804 1196 60 20 inom

300 1231 57 28 3:dje
373 1231 29 21 kl.
418 1231 50 21 med
483 1232 12 20 6
506 1232 29 27 ja
551 1231 40 21 och
606 1231 13 20 8
634 1232 42 27 nej,

305 1265 60 22 2:dra
393 1282 2 10 »
440 1281 9 11 »
484 1266 46 26 I»
567 1281 9 11 »
607 1265 13 20 2
650 1281 9 10 »

306 1300 89 26 Ista
393 1296 19 35 »
439 1315 10 10 »
484 1300 176 26 On
566 1296 23 35 »
608 1296 18 35 6
643 1296 21 35 »

110 1334 8 20 i
134 1334 54 27 följd
207 1334 78 20 hvaraf
303 1334 64 20 alltså
387 1333 141 21 förenämnde
544 1334 12 26 $
572 1332 40 21 och
628 1332 82 28 kapitel
726 1334 24 20 af
762 1333 102 21 handels-

110 1368 81 20 balken
211 1367 47 21 icke
280 1368 87 20 komme
387 1368 32 19 att
439 1366 52 27 ingå
509 1366 66 21 bland
595 1365 26 21 de
643 1366 31 20 uti
694 1366 114 27 ingressen
830 1367 34 25 til

110 1402 155 28 lagutskottets
281 1400 138 22 betänkande
435 1400 141 28 uppräknade
591 1400 92 27 lagrum,
695 1399 75 22 hvilka
786 1407 78 21 genom
