1003 1709
743 125 46 23 685

72 190 158 26 tationsrätten,
246 191 91 21 emedan
354 191 35 21 det
404 191 39 21 hör
459 192 33 20 till
506 192 143 28 grundlagen;
664 198 50 15 men
725 192 85 22 ordnin-

70 231 42 21 gen
127 224 58 21 inom
202 231 34 14 oss
251 225 63 21 beror
330 225 24 21 af
366 232 34 14 oss
415 226 77 26 allena,
508 226 39 20 och
560 227 39 27 jag
614 226 81 27 tycker,
706 226 21 21 vi
737 227 75 21 kunna

69 266 29 14 nu
118 259 61 27 börja
199 258 77 28 plocka
296 259 31 21 bit
347 259 34 21 för
395 259 31 21 bit
442 260 24 20 af
478 260 70 21 denna
564 260 191 28 sjelfskrifvenhet,
771 262 39 20 och

68 293 62 21 alltså
153 293 78 21 vidblir
251 294 45 27 jag,
319 296 31 19 att
373 293 249 22 riddarhusdirektionen
647 296 23 19 är
693 295 49 27 den,
765 302 45 15 som

69 327 124 28 lämpligast
208 327 102 28 fungerar
325 327 36 22 vid
376 327 58 22 detta
449 329 85 20 tillfälle
548 329 28 28 pä
590 328 161 29 ridderskapets
771 329 39 22 och

68 362 75 21 adelns
163 363 91 27 vägnar:
274 363 53 20 hvar
348 362 39 21 och
403 369 26 14 en
445 365 45 25 vet,
506 365 31 19 att
552 363 40 21 den
607 365 24 18 är
646 363 23 20 af
683 364 62 21 adeln
761 364 49 21 vald

67 398 32 19 att
114 399 151 26 representera
280 397 91 21 ständet.
400 397 113 22 Hasarden
528 397 43 22 kan
586 399 61 26 göra,
662 399 32 20 att
708 398 100 21 förstföd-

68 431 115 21 slorättens
203 431 116 22 utöfvande
340 432 20 27 ej
380 432 28 27 pä
428 434 31 19 ett
479 432 98 28 lämpligt
592 433 42 20 sätt
649 435 160 26 representerar

69 465 93 27 ständet,
183 466 90 21 emedan
294 466 41 21 den
355 465 67 22 saken
443 467 62 21 beror
524 467 28 28 pä
572 467 182 28 omständigheter
769 467 39 22 och

67 500 155 28 förhällanden,
238 507 45 14 som
298 501 66 27 ingen
380 501 113 21 menniska
508 501 42 21 kan
565 501 89 22 förutse.

135 535 79 22 Grefve
233 535 102 22 Creutz:
354 535 58 22 Herr
434 543 42 14 von
497 535 118 22 Bonsdorff
635 536 38 21 har
688 537 119 28 föreslagit,

67 572 32 19 att
118 570 148 29 valprincipen
284 569 67 22 borde
367 570 107 29 tillämpas
489 571 33 21 för
538 571 103 20 utseende
656 571 24 21 af
693 571 26 21 de
734 578 73 21 perso-

66 612 45 20 ner,
127 612 46 15 som
189 605 28 28 pä
232 605 36 21 det
278 605 129 21 församlade
418 605 160 28 ridderskapets
589 605 39 22 och
639 605 74 22 adelns
726 607 80 27 vägnar

64 640 54 21 böra
136 641 39 20 hos
195 640 125 28 Majestätet
340 639 80 29 begära
440 640 175 21 landtmarskalk.
645 639 44 22 För
707 640 44 21 min
772 640 34 22 del

64 675 39 21 har
115 675 40 28 jag
169 675 115 28 ingenting
299 674 103 27 deremot,
418 681 49 15 men
480 675 40 28 jag
534 676 51 25 tror,
600 676 32 19 att
643 675 40 20 den
695 675 26 20 dä
731 675 20 28 ej
763 676 43 20 rätt

64 709 115 28 tillämpas,
195 716 34 14 om
245 709 250 21 riddarhusdirektionen
510 709 70 21 skulle
594 709 72 21 dertill
679 709 61 21 alltid
755 716 51 15 vara

65 744 152 27 sjelfskrifven,
234 744 69 21 såsom
319 743 49 22 herr
383 750 41 14 von
440 743 118 22 Bonsdorff
569 743 119 28 föreslagit.
710 743 43 21 Väl
763 743 42 23 kan

64 778 120 29 medgifvas
204 780 30 19 att
254 777 250 22 riddarhusdirektionen
525 779 23 20 är
568 785 27 14 en
610 777 134 29 myndighet,
760 785 45 14 som

62 815 164 26 representerar
245 812 150 29 ridderskapet
415 813 39 21 och
474 813 72 27 adeln,
563 813 27 21 då
609 812 85 21 ståndet
712 813 20 27 ej
748 813 58 22 trädt

62 849 152 26 tillsammans,
230 854 49 15 men
295 847 64 22 sedan
376 847 84 22 ståndet
476 847 58 22 detta
549 848 67 28 gjort,
632 847 24 22 så
671 849 133 26 represente-

61 891 36 14 rar
116 883 250 22 riddarhusdirektionen
389 882 36 21 det
445 883 19 27 ej
489 889 65 14 mera.
583 881 160 29 Ridderskapet
765 883 40 21 och

63 918 73 27 adeln,
152 925 46 14 som
213 917 194 26 sammankommit,
424 918 24 19 är
462 917 36 21 det
514 923 44 15 som
574 917 65 27 begär
650 923 26 14 en
688 916 116 22 landtmar-

63 953 70 26 skalk;
149 952 60 21 skola
224 951 26 22 de
266 958 108 21 personer,
390 951 140 28 hvarigenom
546 951 58 21 detta
620 951 55 26 sker,
691 951 76 28 väljas,
778 951 26 22 då

62 987 54 21 skall
137 986 36 21 det
191 985 129 22 församlade
335 985 150 28 ridderskapet
500 986 39 21 och
553 985 63 21 adeln
633 985 57 21 inom
707 985 33 28 sig
755 985 51 28 sjelf

61 1021 92 21 anställa
167 1020 35 21 val
218 1019 78 22 dertill.
320 1020 44 21 Det
379 1019 42 22 kan
436 1020 32 21 till
484 1020 39 21 och
538 1019 49 22 med
602 1019 77 28 hända,
691 1021 32 20 att
737 1019 66 28 ingen

60 1055 24 22 af
97 1055 59 26 dem,
172 1061 44 15 som
233 1055 51 20 sitta
299 1055 7 20 i
321 1054 257 26 riddarhusdirektionen,
593 1053 97 22 kommer
706 1055 31 20 att
753 1054 50 21 sitta

60 1090 36 22 vid
115 1089 141 28 landtdagen;
278 1089 23 21 sä
319 1089 87 28 mycket
425 1089 83 21 mindre
524 1088 98 29 lämpligt
637 1095 63 14 anser
713 1089 39 28 jag
767 1088 36 21 det

59 1125 33 28 då,
108 1125 31 21 att
153 1123 251 22 riddarhusdirektionen
420 1123 91 22 vandrar
527 1130 42 21 upp
585 1123 33 20 till
629 1122 123 29 Majestätet
763 1122 39 23 och

59 1160 66 27 begär
139 1158 176 22 landtmarskalk.
346 1157 43 28 Jag
404 1158 78 22 önskar
498 1157 89 27 säledes,
599 1158 32 19 att
641 1165 34 13 om
686 1157 26 22 de
723 1157 78 28 ifräga-

59 1193 94 22 varande
168 1199 131 22 personerne
315 1192 61 21 skola
391 1193 75 28 väljas,
482 1192 25 21 de
523 1192 27 21 dä
565 1192 66 21 mätte
646 1191 68 28 väljas
729 1191 24 22 af
766 1191 36 22 det

59 1227 129 22 församlade
203 1227 148 28 ridderskapet
367 1227 39 21 och
422 1227 69 21 adeln.

126 1261 58 22 Herr
194 1269 41 14 von
246 1261 197 28 Weissenberg:
458 1261 11 21 I
480 1260 117 27 anledning
605 1260 20 21 af
633 1260 74 28 grefve
717 1260 84 21 Creutz'

57 1296 107 29 yttrande,
175 1296 69 21 skulle
258 1296 38 27 jag
311 1295 53 28 vilja
378 1295 110 27 anmärka,
498 1297 31 19 att
539 1294 261 21 riddarhusdirektionens

57 1331 125 21 funktioner
200 1331 28 26 pä
247 1330 61 27 längt
325 1331 39 19 när
379 1331 20 25 ej
416 1330 96 27 upphöra
528 1329 49 20 med
592 1329 141 26 landtdagens
749 1330 51 26 öpp-

57 1364 81 27 nande,
159 1364 40 21 och
216 1364 39 27 jag
274 1363 69 21 skulle
362 1363 34 21 för
416 1363 44 20 min
480 1363 33 20 del
534 1362 139 27 understödja
692 1362 51 21 herr
758 1369 41 14 von

57 1398 126 23 Bonsdorffs
192 1397 156 29 amandemang
357 1397 39 22 och
405 1399 31 19 att
445 1397 40 21 den
495 1396 67 22 första
570 1396 116 29 meningen
695 1396 7 21 i
711 1397 11 27 8
731 1395 69 22 skulle

56 1435 111 29 redigeras
183 1434 69 22 såsom
268 1434 42 21 han
324 1433 120 30 föreslagit;
460 1432 67 23 likväl
542 1432 71 24 skulle
625 1432 39 30 jag
679 1431 74 29 önska,
768 1433 32 23 att
