1031 1714
226 135 40 20 918

262 200 11 20 I
287 199 55 28 följd
357 200 23 20 af
394 200 174 27 omröstningens
590 199 81 28 utgång
692 199 70 22 skulle
781 200 63 21 alltså
863 199 79 28 ifråga-

193 234 96 21 varande
310 234 81 21 ärende
411 233 122 22 remitteras
553 234 34 20 till
602 233 101 21 ståndens
719 234 110 21 allmänna
843 235 99 20 besvärs-

193 268 93 27 utskott,
307 268 88 21 hvarom
416 268 199 29 protokollsutdrag
635 268 70 21 skulle
725 269 32 20 till
777 269 110 21 allmänna
905 268 37 21 be-

194 303 167 22 svärsutskottet
376 303 135 28 expedieras.

260 338 73 21 Sedan
353 338 50 21 herr
422 337 198 22 landtmarskalken
641 337 181 28 tillkännagifvit,
838 340 32 19 att
886 345 55 14 sam-

193 372 122 22 manträdet
334 372 86 21 komme
441 374 32 19 att
493 373 111 20 fortsättas
619 372 93 21 klockan
728 372 43 21 fem
788 373 55 20 efter
859 372 82 21 midda-

193 415 41 20 gen
250 407 114 27 ätskiljdes
379 407 161 27 ridderskapets
556 407 39 20 och
611 407 75 20 adelns
701 407 141 21 medlemmar
857 407 29 20 kl.
898 407 42 21 två.

362 551 113 28 Samma
496 553 68 36 dag,
585 551 41 28 kl.
649 553 16 25 5
688 562 23 17 e.
733 561 30 18 m

260 612 123 28 Föredrogs
399 613 152 27 lagutskottets
566 612 138 21 betänkande
720 620 35 14 n:o
771 614 12 20 4
799 613 7 20 i
821 612 120 29 anledning

192 648 23 21 af
229 648 28 21 H.
273 647 62 28 Kejs.
351 647 74 27 Maj:ts
439 648 79 27 nädiga
532 646 135 30 proposition
681 654 36 14 n:o
733 648 19 26 2,
768 647 113 28 angäende
896 647 44 21 för-

192 682 118 28 ändringar
325 681 40 21 och
380 682 78 27 tillägg
470 682 37 20 vid
522 681 227 28 förmyndarevärden.

260 716 72 21 Sedan
348 715 91 21 berörde
454 716 137 21 betänkande
607 715 72 21 blifvit
695 716 94 28 uppläst,
804 716 85 28 yttrade
907 716 34 28 sig

258 750 59 21 Herr
333 750 162 26 Grotenfelt,
510 751 33 20 A.:
559 750 44 21 Det
617 750 40 20 har
671 750 64 28 länge
748 750 89 21 erkänts
848 758 52 13 vara
913 758 27 14 en

190 785 55 21 brist
260 785 7 21 i
282 785 39 21 vär
336 784 145 28 lagstiftning,
497 787 32 19 att
544 785 125 21 densamma
684 785 49 20 icke
749 785 106 21 anordnat
868 786 72 27 nägon

190 820 100 20 verksam
308 819 97 21 kontroll
421 819 60 21 öfver
497 820 148 27 förmyndares
661 819 145 28 tillgöranden
821 820 50 20 med
886 820 53 20 hän-

191 861 39 21 syn
252 854 34 21 till
308 854 63 20 deras
392 853 107 29 pupillers
521 854 112 28 egendom.
663 853 49 21 Den
732 855 44 19 rätt
794 856 32 18 att
844 854 96 28 granska

190 888 151 28 förmyndares
356 888 147 28 redovisning,
520 889 9 20 1
547 889 12 27 $
575 889 26 20 23
616 888 93 28 kapitlet
723 882 26 27 Ä.
762 888 25 21 B.
800 889 101 28 tillägger
912 889 27 20 de

190 923 129 28 omyndiges
339 922 94 27 fränder,
454 923 39 21 och
513 923 36 21 det
569 923 108 22 allmänna
698 923 164 21 öfverinseende
879 922 60 22 öfver

190 957 227 28 förmyndarevärden,
434 964 45 14 som
494 958 69 27 enligt
577 956 101 29 gällande
695 958 36 27 lag
746 957 133 22 tillkommer
891 958 48 26 ,do-

191 993 85 21 maren*
296 992 72 26 hafva,
389 988 69 47 enligt
477 992 56 21 hvad
552 992 67 21 kändt
639 994 30 25 är,
689 992 49 21 icke
757 992 58 21 visat
834 992 34 28 sig
887 1000 52 14 vara

189 1026 204 28 tillfyllestgörande
409 1026 7 21 i
432 1026 75 22 sädant
522 1026 109 22 afseende.

257 1060 51 21 Men
328 1060 45 21 lika
392 1061 40 21 lätt
452 1060 35 22 det
506 1063 22 19 är
550 1063 31 19 att
596 1061 59 21 finna
670 1060 134 28 riktigheten
819 1062 24 20 af
857 1062 36 20 det
908 1068 29 14 nu

189 1096 75 28 sagda,
285 1095 46 21 lika
351 1095 58 21 svärt
428 1096 63 20 torde
511 1096 36 20 det
568 1096 13 20 &
600 1096 67 20 andra
686 1095 61 21 sidan
765 1103 52 13 vara
833 1098 32 18 att
879 1096 59 21 finna

188 1129 138 22 botemedlen
342 1129 95 27 härföre,
453 1132 32 18 att
499 1130 48 20 med
563 1130 82 21 visshet
660 1130 47 20 inse
723 1130 56 20 huru
794 1130 26 21 de
837 1137 100 21 organer,

188 1165 23 20 ät
225 1164 85 21 hvilkas
329 1164 139 20 verksamhet
482 1164 81 21 värden
578 1164 23 20 af
615 1165 126 27 omyndiges
757 1164 53 28 gods
825 1167 24 18 är
865 1165 73 21 anför-

188 1198 70 26 trodd,
274 1197 40 21 och
330 1198 35 26 de,
381 1205 46 13 som
443 1198 100 21 deröfver
559 1198 74 21 utöfva
648 1199 83 27 tillsyn,
749 1199 51 20 böra
815 1199 62 27 gripa
892 1199 22 21 in
930 1200 7 20 i

189 1232 127 26 hvarandra,
333 1232 34 20 för
382 1234 32 19 att
429 1232 42 21 den
487 1232 123 28 omyndige,
627 1240 45 13 som
688 1233 39 21 har
741 1233 95 27 anspräk
851 1234 28 26 pä
894 1235 43 19 sta-

187 1268 48 18 tens
252 1266 79 26 skydd,
347 1266 35 19 mä
402 1266 74 20 kunna
491 1266 127 28 tillgodoses
633 1268 53 18 utan
702 1268 31 18 att
748 1267 34 20 för
798 1267 41 19 den
854 1267 82 27 sedlige

186 1299 161 27 förmyndaren,
360 1306 45 13 som
421 1299 81 28 fullgör
514 1302 31 18 ett
557 1300 46 20 ofta
613 1300 118 27 besvärligt
743 1300 122 28 äliggande,
878 1300 60 22 detta

187 1334 35 20 mä
237 1333 123 28 onödigtvis
375 1333 120 21 förbittras.

254 1368 43 21 Till
318 1367 140 29 afhjelpande
477 1369 25 20 af
519 1369 83 20 bristen
622 1369 28 27 pä
669 1369 75 28 tillsyn
764 1370 61 20 öfver
840 1369 96 29 förmyn-

185 1402 134 21 darevärden
340 1405 24 19 är
383 1403 8 20 i
411 1403 41 21 den
472 1403 80 28 nädiga
571 1403 164 29 propositionen
754 1404 129 28 föreslaget,
904 1406 32 19 att

186 1437 259 28 kommunalstyrelserna
460 1438 7 20 i
483 1438 101 21 städerna
603 1438 38 21 och
657 1439 28 27 pä
700 1439 83 27 landet,
801 1439 38 21 der
855 1439 80 22 sådana
