1036 1723
764 139 40 23 455

162 205 101 24 Friherre
283 206 24 22 af
323 206 123 24 Schultén
464 206 126 24 hemställde
605 206 105 23 huruvida
724 208 48 21 icke
788 208 47 20 ord-

95 242 155 28 ningsstadgan
264 242 34 21 för
314 243 94 21 ståndets
424 243 172 21 sammanträden
610 242 66 21 borde
691 242 86 28 tryckas
791 243 7 20 i
812 242 23 21 så

93 277 79 27 många
192 277 111 28 exemplar
324 279 32 19 att
374 278 75 27 hvarje
469 278 92 21 ledamot
580 277 71 21 blefve
672 277 7 20 i
699 277 85 21 tillfälle
804 279 31 19 att

94 311 63 21 deraf
171 312 81 20 erhålla
267 313 32 19 ett
314 312 115 28 exemplar.

161 346 57 20 Herr
229 346 198 21 landtmarskalken
439 346 131 21 framställde
583 346 96 28 följande
691 346 144 28 proposition:

161 380 46 21 Vill
225 380 85 22 ståndet
325 381 114 28 godkänna
455 381 39 21 och
509 383 79 25 antaga
602 381 163 27 ifrågavarande
780 381 56 21 ifrån

94 415 221 21 riddarhusutskottet
329 415 102 21 inkomne
447 416 75 27 stadga
536 416 34 21 för
586 415 95 21 ståndets
697 418 139 19 sammanträ-

94 450 42 21 den
152 450 39 21 och
208 450 75 28 stadga
299 450 33 21 för
346 450 97 21 åhörare.

163 485 48 21 Den
232 492 46 14 som
289 480 47 26 vill
351 485 114 27 godkänna
478 485 63 21 dessa
556 485 87 28 stadgar
658 492 74 14 svarar
743 486 33 27 ja;
796 486 42 21 den

95 520 37 20 det
146 520 48 21 icke
209 520 37 21 vill
262 527 73 14 svarar
349 520 43 28 nej.

162 554 58 21 Herr
235 554 84 22 Schildt
334 554 80 28 yrkade
425 556 27 27 på
462 555 105 28 votering,
582 554 100 22 hvarföre
694 554 66 22 sådan
770 555 7 21 i
788 562 50 14 van-

96 589 30 28 lig
141 589 92 28 ordning
248 589 96 28 företogs
360 590 38 20 och
414 590 63 21 utföll
492 590 56 20 inom
594 585 4 5 =”

272 624 58 28 3:dje
345 624 28 21 kl.
389 624 48 21 med
453 625 26 21 27
489 625 29 27 ja
534 624 38 22 och
588 626 12 20 2
616 626 41 26 nej,

273 659 91 27 2:dra
412 676 9 10 a
452 660 59 26 109»
548 676 8 10 »
587 660 12 20 3
629 676 9 10 »

275 691 67 34 listä
358 709 8 11 »
413 710 9 10 -
454 695 57 25 11%
548 691 18 34 %x
586 695 12 20 2
619 691 17 34 0»

165 728 45 21 Och
230 728 69 20 skulle
320 728 141 21 omförmälde
482 728 86 28 stadear
587 736 45 13 som
648 728 90 22 sälunda
753 736 50 14 vore
819 728 23 22 af

98 762 159 29 ridderskapets
278 763 39 21 och
337 762 74 22 adelns
431 765 75 19 trenne
522 763 82 21 klasser
620 763 113 28 godkände
750 764 38 20 och
804 771 37 13 an-

98 799 71 26 tagne,
184 797 85 28 tryckas
284 798 7 20 i
308 797 137 28 erforderligt
461 798 57 21 antal
534 798 110 28 exemplar
658 798 39 20 och
708 798 65 21 bland
784 798 57 21 stän-

98 832 46 21 dets
167 832 140 21 medlemmar
329 832 83 21 utdelas
438 832 109 22 äfvensom
568 832 59 21 säväl
646 832 6 20 i
668 832 172 22 riddarhussalen

98 874 45 14 som
159 867 13 21 &
186 867 111 21 läktarene
313 867 67 21 hällas
396 867 33 21 för
444 867 160 22 vederbörande
620 867 142 28 tillgänglige.

166 901 64 22 Emot
245 901 96 22 ständets
358 902 155 21 ofvanberörde
528 902 71 21 beslut
614 902 71 21 inlade
699 902 50 21 herr
760 902 83 21 Schildt

100 943 27 14 en
145 936 124 21 sedermera
289 937 122 28 skriftligen
431 937 13 20 &
459 937 69 20 finska
544 937 98 26 affattad,
658 937 6 20 i
679 937 78 20 svensk
773 937 69 20 öfver-

99 971 97 28 sättning
211 971 23 25 sä
249 971 94 28 lydande
358 971 143 22 reservation:

168 1005 90 22 Ständet
277 1005 40 22 har
331 1006 67 21 redan
413 1006 7 20 i
435 1007 53 20 nära
502 1007 35 20 tvä
552 1006 113 21 mänaders
681 1006 31 21 tid
727 1006 47 21 haft
788 1013 55 14 sam-

100 1041 133 27 manträden,
244 1043 51 19 utan
310 1042 32 20 att
358 1041 62 21 dessa
435 1041 71 21 blifvit
521 1041 73 21 störda
609 1041 23 21 af
646 1041 70 28 nägon
731 1041 111 27 oordning.

100 1075 50 21 Man
166 1075 38 21 har
220 1076 19 27 ej
256 1075 69 21 heller
341 1075 45 21 skäl
401 1076 32 20 att
447 1076 128 20 hädanefter
591 1077 64 19 vänta
670 1075 65 27 något
746 1077 65 19 annat
822 1074 24 22 af

101 1117 26 14 en
147 1110 72 21 bildad
236 1110 67 21 krets.
333 1110 39 21 Att
387 1110 36 21 det
439 1110 87 21 oaktadt
542 1117 28 14 nu
585 1110 108 28 uppställa
708 1109 73 29 dylika
796 1116 47 22 reg-

100 1145 33 21 lor
149 1144 48 22 med
214 1145 37 28 thy
267 1144 118 28 ätföljande
401 1145 62 21 straff
476 1146 39 20 och
531 1145 61 21 böter
607 1145 110 21 förefaller
732 1145 45 27 mig
792 1144 52 21 ned-

102 1174 98 26 sättande
216 1180 33 20 för
265 1180 91 21 ständet.
614 1201 2 2 ;

169 1213 10 21 I
194 1214 37 20 fall
247 1214 72 28 någon
335 1214 23 20 af
371 1220 27 15 en
414 1214 134 28 tillfällighet
563 1214 86 20 komme
664 1215 31 19 att
711 1213 133 21 öfverskrida

102 1247 36 21 det
153 1247 129 29 tillbörligas
298 1249 71 27 gräns,
380 1248 69 20 skulle
465 1248 42 21 hon
523 1250 59 18 snart
596 1248 88 26 bringas
699 1247 32 21 till
746 1247 98 27 ordning.

171 1282 54 20 Lika
240 1282 49 20 litet
304 1285 23 18 är
343 1282 179 28 ordningsstadga
537 1282 33 21 för
585 1282 118 20 åhörarene
714 1281 73 27 nödig.
812 1281 33 27 Ty

103 1316 53 20 hvar
175 1316 39 21 och
233 1323 26 14 en
275 1318 36 20 vet
326 1317 32 20 att
372 1323 78 21 genom
466 1316 116 28 oskickligt
596 1316 105 21 beteende
716 1315 130 21 blottställer

102 1351 42 19 han
161 1351 34 27 sig
209 1350 34 20 för
260 1353 31 17 att
305 1351 31 19 bli
351 1351 90 19 utvisad.

171 1384 11 20 I
199 1384 106 20 hvardera
325 1384 194 28 ordningsstadgan
539 1385 23 19 är
582 1384 36 20 det
631 1383 126 28 isynnerhet
772 1382 26 21 de
814 1384 32 19 ut-

106 1417 55 22 satta
187 1418 98 28 straffen,
307 1418 100 26 böterne,
430 1426 46 13 som
499 1418 98 21 förefalla
619 1418 160 27 motbjudande.
809 1418 40 20 Att

107 1453 65 28 vädja
187 1454 32 20 till
234 1453 53 21 hvar
303 1453 39 21 och
358 1458 37 15 ens
410 1452 154 22 hederskänsla
579 1453 61 21 torde
655 1453 34 20 väl
704 1460 51 14 vara
770 1459 48 21 nog.

152 1494 50 22 Högl.
217 1493 50 17 Ridd.
281 1494 29 16 och
322 1493 62 17 Adelns
398 1493 64 17 Protok.
486 1493 25 17 II.
759 1493 22 17 30
