1045 1703
224 138 41 20 434

194 203 63 27 fråga
276 203 34 20 till
331 203 49 20 dess
399 203 48 20 inre
466 203 104 26 väsende,
590 201 129 22 inskränker
737 203 39 27 jag
793 202 46 27 mig
852 203 33 20 till
900 202 43 21 den

195 237 150 27 anmärkning,
359 238 31 19 att
406 237 27 20 de
448 237 66 20 värde
529 237 170 28 petitionärerne
711 237 59 20 ställt
781 237 33 27 sig
824 236 49 21 vida
883 237 61 20 utom

195 270 214 27 tidsförhållandena,
420 270 27 21 dä
462 270 26 22 de
504 272 53 19 trott
573 271 32 27 sig
620 271 74 20 kunna
709 271 37 21 vid
759 271 71 20 denna
839 270 105 29 landtdag

194 305 73 21 inleda
282 305 77 28 frägan
375 312 35 13 om
426 311 26 14 en
468 305 26 21 sä
506 305 129 28 ingripande
651 305 150 27 omhvälfning
814 305 7 20 i
831 304 113 21 demokra-

194 339 45 21 tisk
253 339 56 21 anda
324 339 24 21 af
360 339 105 21 Finlands
481 339 124 21 nuvarande
620 339 125 21 statsskick.
775 339 44 20 Det
829 339 69 20 mäste
908 339 37 21 vid

194 373 97 28 ringaste
311 373 122 21 eftertanke
450 373 121 21 framställa
586 373 33 27 sig
634 372 57 22 klart
705 373 35 20 för
755 380 27 14 en
797 372 54 21 hvar
867 373 78 21 sansad

194 407 142 28 medborgare
357 409 31 19 att
408 407 80 21 sädane
509 408 82 27 förslag
610 407 33 20 till
663 407 98 21 radikala
780 407 104 28 politiska
899 414 45 14 om-

195 442 133 27 störtningar
348 442 40 20 hos
407 448 34 14 oss
461 442 48 20 icke
530 442 91 20 allenast
641 442 20 27 ej
682 443 37 19 äro
742 441 126 28 tidsenliga,
891 443 52 19 utan

195 476 74 21 kunna
284 476 33 20 till
333 476 39 20 och
388 476 50 21 med
454 476 66 21 blifva
535 476 122 27 hinderliga
671 476 34 20 för
720 483 27 13 en
763 476 138 28 sjelfständig
911 478 33 18 ut-

194 510 102 27 veckling
309 510 23 20 af
345 510 52 21 vära
412 510 134 21 närvarande
562 510 262 21 samhällsförhällanden.

258 544 48 28 Jag
326 546 46 19 tror
389 545 46 27 mig
450 545 48 20 icke
513 544 94 21 behöfva
621 545 74 20 vidare
711 544 92 21 utbreda
817 544 46 28 mig
877 545 7 20 i
900 546 44 19 äm-

195 581 38 19 net
253 579 34 20 för
304 580 32 19 att
350 579 47 21 visa
412 579 42 20 alla
470 579 26 20 de
511 579 90 27 möjliga
616 579 109 27 följderna
741 579 24 20 af
779 578 73 28 dylika
867 579 76 20 immo-

195 613 75 22 derata
289 613 149 27 sträfvanden,
454 615 51 19 utan
526 613 32 21 fär
578 613 56 21 blott
653 613 54 28 yrka
728 615 32 18 att
778 613 166 28 ifrägavarande

193 648 119 28 petitioner
327 648 35 21 mä
377 648 34 21 för
426 647 135 22 närvarande
576 647 84 22 lemnas
675 649 52 19 utan
744 647 109 22 afseende.

262 682 106 21 Deremot
383 682 40 20 och
439 689 34 14 om
489 682 170 28 petitionärerne
675 682 34 20 för
726 682 46 20 sine
787 688 104 22 personer
907 683 37 19 ön-

195 716 38 21 ska
247 716 85 21 lösslita
347 717 33 27 sig
395 716 48 21 frän
459 716 158 27 adelsständet,
633 716 35 20 mä
683 716 26 21 de
726 716 74 21 derom
815 716 7 21 i
837 716 107 21 underdä-

193 750 77 29 nighet
285 751 81 21 ansöka
381 751 39 20 hos
435 750 62 21 Hans
512 750 63 28 Maj:t
589 750 116 28 Kejsaren.

262 785 58 21 Herr
340 785 124 28 Pipping,
482 785 26 21 F.
528 785 31 21 J.:
583 785 37 21 Ett
643 785 83 27 förslag
745 792 34 14 om
799 785 92 28 petition
912 785 33 21 till

195 820 151 28 upphäfvande
367 820 23 20 af
407 819 161 29 ridderskapets
584 820 39 20 och
643 820 75 20 adelns
736 820 133 28 privilegier,
885 821 59 19 utom

194 854 57 21 hvad
271 854 26 21 de
317 855 50 20 röra
386 854 96 20 ständets
502 854 181 28 representation,
698 854 40 20 har
753 854 24 21 af
790 856 80 19 tvenne
885 853 59 21 med-

193 889 92 20 lemmar
304 888 72 21 blifvit
394 888 33 20 till
448 888 122 22 diskussion
591 888 123 28 framlagdt.
744 888 107 21 Deremot
870 890 30 24 är,
916 888 28 28 pä

195 922 53 27 skäl,
264 923 84 21 hvilkas
364 922 105 21 inverkan
484 923 29 28 pä
527 923 77 28 frågan
620 923 20 27 ej
657 922 43 21 kan
710 922 8 22 i
729 922 42 22 allo
784 922 159 28 underkännas,

194 958 111 27 genmäldt
320 958 32 20 att
366 957 106 27 förslagot
486 964 52 14 vore
554 957 34 21 för
603 957 65 27 tidigt
678 957 71 27 väckt,
760 957 33 21 till
803 957 54 27 följe
867 957 79 21 hvaraf

194 992 119 21 detsamma
334 992 19 26 ej
374 991 67 20 borde
460 991 113 22 föranleda
588 991 32 20 till
637 998 72 14 annan
726 991 85 28 ätgärd,
827 993 27 19 än
870 993 32 19 att
918 992 26 20 de

194 1025 122 22 inlemnade
333 1025 140 21 memorialen
488 1025 60 21 lades
564 1025 33 21 till
612 1025 97 21 ständets
721 1025 135 28 handlingar.
881 1025 63 22 Dock

195 1067 46 14 som
261 1060 26 20 de
303 1060 98 25 motiver,
420 1067 25 13 ur
461 1060 73 20 hvilka
548 1060 77 27 frågan
640 1060 123 27 uppspirat,
779 1059 92 21 motiver
887 1060 56 27 åsyf-

193 1095 66 20 tande
278 1095 32 20 att
328 1101 79 20 genom
423 1094 97 21 ståndets
535 1093 111 22 föredöme
662 1094 66 21 bland
743 1094 42 21 alla
801 1095 32 19 ett
847 1094 50 21 kärt
912 1095 32 20 fo-

194 1128 108 22 sterlands
317 1128 143 28 medborgare
476 1128 149 21 åstadkomma
640 1128 43 21 den
695 1128 134 28 jemnlikhet
844 1128 40 21 och
894 1129 48 20 bro-

194 1163 107 28 derlighet
322 1162 8 21 i
352 1162 130 28 rättigheter
508 1163 40 20 och
572 1161 155 29 skyldigheter,
750 1169 45 14 som
818 1162 71 28 ligger
911 1163 33 21 till

194 1197 70 28 grund
284 1196 34 21 för
338 1203 27 13 en
385 1197 99 27 varaktig
504 1196 125 28 lagbunden
650 1197 75 26 frihet,
742 1197 47 20 icke
805 1196 73 22 kunna
893 1198 51 20 bära

193 1232 35 20 för
251 1231 64 27 tidigt
334 1230 69 27 frukt,
420 1233 51 19 utan
490 1231 77 21 kräfva
590 1230 128 28 obetingadt
741 1231 140 21 erkännande
904 1232 40 20 och

194 1265 120 27 genklang,
334 1270 64 21 synes
418 1264 45 27 mig
482 1264 193 27 petitionärernes,
693 1264 24 20 af
736 1264 49 20 ädla
804 1264 138 21 sträfvanden

193 1297 147 22 förestafvade
359 1298 146 28 tillgöranden
521 1298 96 27 förtjena
633 1300 32 18 ett
680 1298 46 20 helt
741 1299 66 19 annat
823 1298 49 27 öde,
889 1300 55 19 samt

193 1332 88 31 påkalla
300 1333 100 20 närmare
420 1339 114 21 noggrann
553 1332 203 28 uppmärksamhet,
771 1332 118 28 utredning
904 1333 40 21 och

193 1367 141 28 granskning.
365 1367 31 20 Af
410 1366 65 21 sådan
492 1366 117 28 anledning
625 1367 39 20 och
680 1367 27 20 då
718 1366 97 21 ståndets
825 1367 7 20 i
843 1367 100 28 gällande

193 1401 109 28 riksdags-
314 1401 39 21 och
363 1401 209 28 riddarhusordning
582 1401 111 28 grundade
706 1402 237 27 representationsrätt,

193 1437 28 29 på
240 1438 43 20 sätt
301 1443 26 15 en
346 1435 36 23 vid
400 1435 71 23 denna
490 1435 115 29 landtdags
623 1436 76 27 början
716 1435 115 23 förefallen
847 1436 96 29 vidlyfti-
