1009 1711
752 111 42 22 683

74 175 108 30 grundadt
198 178 28 27 på
240 175 99 29 motiver,
354 175 48 24 dem
418 175 50 24 herr
483 185 42 14 von
540 177 118 22 Bonsdorff
671 178 7 21 i
694 178 38 21 sitt
746 178 76 21 andra-

74 212 70 27 gande
160 212 7 20 i
182 212 77 27 frågan
279 212 79 27 anfört,
373 212 74 21 hvilka
462 212 50 21 herr
528 212 145 21 Nordenheim
690 213 33 20 för
739 213 33 20 sin
788 213 34 20 del

72 246 49 21 icke
138 246 72 21 kunde
225 246 122 27 godkänna.

339 281 24 27 $$
382 281 19 26 3,
416 281 20 26 4,
453 282 11 19 5
481 281 40 20 och
536 282 20 19 6.

140 314 71 21 Dessa
226 314 24 28 $8
265 314 72 21 blefvo
353 314 24 20 af
390 314 86 21 ståndet
492 314 142 22 oförändrade
650 316 101 26 antagne.

426 349 46 27 87.

141 382 139 22 Beträffande
295 382 71 22 denna
382 383 11 27 $
408 382 108 29 begärdes
532 383 60 21 ordet
607 383 25 21 af

141 416 58 21 Herr
214 423 41 14 von
271 416 133 29 Knorring
419 424 45 14 som
480 417 96 28 yttrade:
592 417 65 21 Emot
672 417 79 28 sjelfva
764 417 59 22 detta

72 451 156 28 lagstadgande
247 451 69 21 under
332 452 12 20 4
360 451 106 21 särskilda
480 452 95 28 punkter
590 452 39 20 har
642 452 39 27 jag
696 452 127 28 egentligen

72 486 116 28 ingenting
203 488 66 19 annat
284 487 32 20 att
331 486 110 27 anmärka,
457 488 27 19 än
499 487 93 20 rörande
608 486 37 21 det
656 493 46 14 som
712 487 8 20 i
731 487 12 20 3
754 487 69 28 punk-

72 522 38 19 ten
126 521 68 20 finnes
211 520 95 29 tillagdt,
322 521 109 28 nemligen
448 521 67 21 orden
530 521 54 29 ,och
600 528 45 14 som
662 521 52 28 sjelf
726 522 20 27 ej
763 521 60 21 inne-

72 555 76 21 hafver
163 555 67 28 högre
246 555 114 28 värdighet
374 556 28 27 på
417 556 155 20 riddarhuset.
603 555 75 21 Såsom
693 556 68 20 motiv
776 555 47 21 der-

72 589 48 21 före
140 596 84 22 uppger
240 589 106 21 utskottet
360 592 42 25 att,
422 592 52 19 enär
490 590 42 21 den
548 590 113 21 definition
677 590 28 28 på
720 592 103 25 ätteman,

73 630 46 15 som
138 624 7 20 i
160 624 72 21 denna
246 624 71 28 punkt
335 624 24 21 af
371 624 105 28 förslaget
492 625 152 26 förekommer,
665 624 48 21 icke
729 624 94 22 uteslöte

73 658 95 28 åsigten,
189 660 31 20 att
240 658 42 22 den
302 666 46 14 som
368 659 87 21 erhållit
474 659 68 28 högre
562 658 114 28 värdighet
694 659 28 28 på
741 658 81 22 riddar-

72 693 64 21 huset
158 693 134 21 fortfarande
314 693 73 21 kunde
410 694 70 20 såsom
504 695 97 19 ätteman
621 693 33 21 för
675 694 32 20 ätt
727 694 23 20 af
763 694 60 27 lägre

72 727 114 27 värdighet
204 727 121 27 betraktas,
346 728 23 20 så
388 729 73 26 syntes
477 728 37 20 det
528 727 148 21 vilseledande
691 728 132 20 härutinnan

72 762 54 20 böra
148 762 106 21 undvikas
276 768 79 22 genom
375 764 32 19 att
426 762 91 28 tillägga
539 762 141 21 förenämnde
700 762 46 20 ord.
781 762 43 28 Jag

72 796 52 21 ville
140 796 121 28 framhålla,
277 798 31 20 att
324 796 41 22 den
382 797 62 28 åsigt,
460 804 46 14 som
518 799 23 19 är
552 796 96 28 uttryckt
661 796 7 21 i
680 796 59 22 detta
749 796 74 27 motiv,

72 831 70 21 hvilar
157 832 29 27 på
202 833 32 19 ett
249 832 62 27 irrigt
326 832 97 27 begrepp
440 839 33 13 om
488 832 56 21 hvad
561 838 46 14 som
620 831 79 21 förstås
710 831 47 21 med
770 832 53 20 ätte-

72 873 50 13 man
138 865 40 21 och
194 867 38 19 ätt.
262 865 50 22 Med
328 867 31 19 ätt
374 866 80 21 förstås
469 865 223 28 sammanfattningen
707 865 24 21 af
744 865 42 21 alla
797 865 26 20 de

72 907 111 20 personer,
199 907 45 14 som
259 899 51 29 lyda
325 900 69 21 under
406 907 26 14 en
444 907 99 14 nummer
555 899 39 22 och
607 901 95 19 ätteman
714 901 24 19 är
748 899 76 28 hvarje

73 935 32 20 till
123 934 65 21 sådan
205 937 31 18 ätt
251 934 96 21 hörande
362 933 83 30 manlig
460 935 93 20 medlem
567 936 59 19 utom
638 933 184 22 hufvudmannen.

74 968 41 21 Om
130 975 29 14 nu
176 975 27 14 en
218 971 96 18 ätteman
330 969 6 20 i
352 976 28 13 en
396 969 59 28 lägre
468 971 31 19 ätt
509 969 43 21 blir
562 968 98 29 upphöjd
671 968 34 21 till
716 975 26 14 en
755 968 68 28 högre

75 1003 112 28 värdighet
203 1003 38 20 och
258 1005 61 26 tager
335 1003 148 21 introduktion
500 1003 73 28 derpå,
584 1003 24 20 så
622 1002 71 21 bildar
706 1003 43 20 han
764 1003 8 20 i
784 1002 39 21 och

72 1037 50 20 med
144 1037 120 21 detsamma
285 1044 27 14 en
332 1044 29 21 ny
381 1039 32 19 ätt
432 1037 50 20 med
502 1037 56 20 skild
578 1038 98 19 stämma.
705 1036 70 28 Ingen
791 1036 33 21 får

72 1071 64 21 hafva
156 1073 45 19 säte
216 1071 35 21 för
266 1078 46 14 mer
328 1073 27 19 än
371 1078 27 14 en
414 1073 40 26 ätt;
471 1071 40 21 och
526 1071 96 26 derföre,
638 1071 24 20 så
677 1072 60 19 snart
752 1071 72 27 någon

73 1105 87 22 erhållit
182 1108 92 19 stämma
293 1105 34 22 för
347 1112 26 14 en
389 1113 29 20 ny
434 1107 40 26 ätt,
490 1106 40 21 har
544 1105 43 21 han
603 1105 65 21 också
683 1104 95 29 upphört
792 1106 32 19 att

73 1147 52 14 vara
145 1142 95 19 ätteman
260 1141 6 19 i
287 1140 41 20 den
348 1141 61 27 lägre
430 1141 70 26 ätten,
523 1140 87 20 hvarest
630 1139 43 21 han
693 1139 48 20 icke
755 1139 69 20 heller

73 1175 73 21 vidare
163 1176 51 26 äger
230 1175 236 27 representationsrätt.
488 1174 48 22 Har
547 1174 43 21 han
602 1174 96 20 deremot
710 1173 48 21 icke
769 1173 55 27 tagit

73 1209 149 21 introduktion
238 1210 28 27 på
282 1208 41 22 den
338 1209 68 27 högre
422 1208 150 28 värdigheten,
588 1208 24 20 så
627 1208 91 21 innehar
728 1208 42 20 han
782 1207 42 21 den

73 1243 55 27 icke,
150 1243 91 21 emedan
262 1243 126 21 densamma
403 1243 26 21 de
445 1243 56 21 facto
519 1242 93 21 erhålles
627 1242 55 20 först
698 1248 78 22 genom
792 1242 32 20 in-

73 1277 161 27 troduktionen,
250 1277 84 21 hvilket
349 1284 64 21 synes
429 1278 23 20 af
466 1277 41 21 den
519 1284 50 21 nyss
580 1276 101 28 upplästa
692 1277 12 20 4
716 1276 11 28 $
739 1276 37 20 der
789 1276 35 20 det

73 1312 72 20 heter:
167 1311 81 27 ,Innan
269 1311 42 21 alla
327 1311 25 21 de
368 1311 8 21 i
391 1311 181 29 nästföregäende
588 1312 49 20 2:ne
653 1311 24 27 $$
692 1310 133 21 föreskrifna

74 1345 155 27 iakttaganden
251 1347 36 18 äro
309 1345 129 27 fullgjorda,
454 1346 35 19 mä
503 1346 21 26 ej
540 1346 72 26 någon
628 1345 5 19 i
650 1345 66 19 finskt
731 1345 93 26 grefligt,

74 1380 121 27 friherrligt
211 1380 53 19 eller
279 1379 81 27 adeligt
376 1379 62 21 stånd
455 1378 96 28 upphöjd
564 1384 79 22 person
660 1378 81 20 tillåtas
757 1379 31 19 att
804 1377 23 20 af

74 1414 141 27 värdigheten
232 1413 119 28 åtföljande
360 1414 62 26 titel,
438 1413 152 21 sköldemärke
604 1413 39 20 och
654 1412 126 28 privilegier
792 1412 33 27 sig
