1009 1714
730 123 39 20 771

52 185 137 28 versättning
204 184 48 22 frän
272 184 38 22 det
328 192 41 15 ena
384 186 88 28 spräket
488 186 33 22 till
536 187 37 21 det
588 187 74 27 andra,
673 188 71 21 säsom
760 188 39 21 fal-

52 220 30 20 let
96 226 52 14 vore
164 220 7 20 i
186 219 118 28 utskotten,
320 220 35 21 väl
370 221 20 27 ej
406 220 71 21 kunde
492 220 87 22 komma
594 222 8 19 i
616 221 68 28 fräga.

119 254 59 21 Herr
198 253 104 28 Munck,
322 254 28 22 K.
370 254 32 27 F.,
422 255 90 27 yrkade,
532 257 32 19 att
578 256 134 27 proposition
729 256 70 21 skulle

51 288 130 28 uppställas,
201 288 106 22 huruvida
330 288 86 22 ståndet
437 289 51 21 ville
511 292 79 26 antaga
610 290 18 27 8,
651 292 55 18 samt
728 291 71 20 såsom

51 322 222 29 kontraproposition,
288 330 36 14 om
339 323 69 21 första
422 324 117 28 meningen
555 324 70 20 skulle
641 324 28 28 gä
684 327 29 19 ut.

120 357 58 21 Herr
198 357 154 28 Schauman,
373 358 20 21 J.
414 358 34 22 A.:
468 358 43 28 Jag
530 358 119 29 medgifver
670 366 78 21 gerna,
768 361 32 19 att

51 392 37 22 det
103 394 24 19 är
142 394 33 19 ett
189 392 93 22 ledsamt
296 392 143 28 förhällande,
455 395 32 19 att
501 394 8 20 i
525 396 31 18 ett
570 393 51 21 land
637 394 35 21 tvä
688 394 64 28 spräk
767 396 32 18 ta-

50 428 41 26 las,
112 434 49 14 men
177 434 79 21 genom
272 429 32 19 ett
319 427 80 29 lagbud
414 428 43 21 kan
472 435 51 14 man
538 429 20 27 ej
573 428 109 28 upphäfva
698 429 36 21 det
749 429 50 21 obe-

50 462 88 29 hagliga
158 462 152 22 förhållandet.
338 462 52 22 Man
409 462 44 22 kan
469 463 19 28 ej
505 470 79 21 genom
599 470 26 14 en
642 464 11 27 8
668 464 7 20 i
690 464 109 27 riksdags-

51 496 121 29 ordningen
188 499 62 27 säga,
266 498 31 20 att
317 497 7 21 i
344 497 111 22 utskotten
476 498 20 28 ej
518 498 33 21 fär
569 497 55 21 talas
640 498 36 21 det
691 504 41 15 ena
747 498 53 21 eller

51 531 67 22 andra
138 532 98 28 spräket;
254 538 83 15 samma
356 532 136 22 förhällande
513 532 43 21 kan
576 532 65 22 äfven
661 533 7 20 i
684 532 115 21 framtiden

50 566 88 22 inträffa
152 567 50 21 med
216 567 150 28 ridderskapet
382 567 40 21 och
437 567 70 21 adeln.

119 601 80 22 Sävida
218 602 52 28 inga
284 602 54 20 flera
357 602 69 21 talare
446 602 7 20 i
474 604 74 19 ämnet
567 602 95 21 önskade
683 604 57 26 yttra
756 602 42 28 sig,

50 636 77 22 ställde
143 637 50 21 herr
208 636 201 22 landtmarskalken
425 637 33 21 till
474 636 87 22 ständet
576 637 172 29 propositionen:

119 688 9 10 n
129 671 47 22 Vill
190 671 153 29 ridderskapet
358 672 40 20 och
414 672 63 21 adeln
493 674 79 26 antaga
588 672 26 21 36
630 672 11 27 8
657 672 7 20 i
676 672 123 21 riddarhus-

50 706 122 28 ordningen
188 706 136 21 oförändrad.

118 741 50 21 Den
184 747 45 15 som
244 740 39 22 vill
298 742 80 27 antaga
392 742 12 27 $
420 741 130 22 oförändrad
565 748 73 14 svarar
651 742 34 27 ja;
706 740 42 22 den
764 741 36 21 det

50 775 49 22 icke
114 776 38 21 vill
168 782 73 15 svarar
256 775 44 28 nej.

119 810 84 22 Vinner
218 810 35 28 nej
269 810 105 22 uteslutes
390 810 58 21 förra
464 810 63 22 delen
538 811 24 21 af
570 812 11 27 $
593 810 39 22 och
648 810 90 22 sednare
754 818 44 14 mo-

50 847 84 20 mentet
154 845 148 28 omredigeras
322 845 99 21 sälunda:
445 845 54 27 ,För
522 846 75 28 hvarje
619 845 104 28 landtdag
743 846 56 20 skall

52 888 26 14 en
101 880 93 22 särskild
216 879 182 29 ordningsstadga
420 881 113 27 upprättas
554 880 40 21 och
614 880 33 20 till
667 880 132 29 efterföljd
788 875 14 38 i

50 914 175 23 riddarhussalen
240 914 94 22 anslås."

119 950 51 21 Men
190 956 46 14 som
251 949 115 29 stridighet
380 950 8 20 i
404 950 110 27 äsigterna
529 949 131 29 förspordes,
676 948 75 22 skreds
766 950 34 21 till

51 985 106 27 votering,
172 984 90 22 hvilken
277 984 73 21 utföll:

217 1018 7 21 i
240 1018 57 29 3:dje
312 1018 30 22 kl.
358 1018 50 22 med
424 1019 26 20 13
460 1021 30 27 ja
505 1019 40 21 och
561 1020 13 20 3
588 1019 42 29 nej,

214 1053 169 27 n2da
323 1049 22 35 5
370 1049 24 35 »
435 1054 175 26 On
513 1049 24 35 »
554 1049 21 35 5
590 1049 23 35 gä

216 1085 93 34 sistä
325 1104 6 10 9
376 1085 21 34 n»
437 1085 44 34 39»
519 1085 19 34 7»
558 1089 14 20 O
601 1104 9 10 n

114 1122 48 27 "Till
182 1122 53 29 följe
254 1122 25 22 af
296 1122 141 28 voteringens
457 1123 83 28 utgång
557 1122 87 21 komme
663 1122 84 22 således
763 1121 36 22 be-

50 1158 63 20 rörde
129 1158 26 20 36
172 1158 11 27 $
198 1159 32 19 att
245 1159 52 19 utan
313 1156 93 29 ändring
421 1157 126 21 bibehållas.

118 1191 66 22 Emot
206 1191 155 22 ofvanstäende
383 1191 73 22 beslut
477 1191 141 22 reserverade
640 1192 34 27 sig
695 1191 105 21 herrarne

51 1227 133 27 Schauman,
205 1227 20 21 J.
246 1227 33 26 A.,
299 1225 139 28 Furuhjelm,
458 1227 26 21 H.
500 1226 34 27 V.,
550 1226 98 26 Bläfield,
663 1226 88 27 Linder,
766 1225 33 28 E.,

50 1261 138 28 Lagerborg,
204 1261 107 27 Thesleff,
327 1261 26 21 A.
368 1261 37 27 A.,
421 1261 167 28 Björkenheim,
604 1260 34 27 R.,
654 1261 39 20 och
709 1260 90 21 Schildt.

396 1307 12 28 $
422 1307 33 21 87.

395 1364 11 27 s
422 1363 33 21 38.

119 1397 58 22 Herr
192 1404 42 15 von
249 1398 80 27 Born,
345 1397 15 22 J
374 1397 36 27 A.,
426 1398 69 27 ansäg
511 1396 35 21 det
562 1397 38 21 här
616 1397 124 28 föreslagna
755 1396 45 22 val-

52 1434 66 21 sättet
138 1433 123 28 olämpligt,
277 1433 91 21 emedan
384 1434 100 19 rösterna
498 1432 34 21 till
549 1432 130 21 ordförande
695 1431 39 22 och
751 1431 49 22 dess

119 1335 136 22 Godkändes.
