<?xml version="1.0" encoding="UTF-8"?>
<alto xmlns="http://www.loc.gov/standards/alto/ns-v3#" xmlns:xlink="http://www.w3.org/1999/xlink" xmlns:xsi="http://www.w3.org/2001/XMLSchema-instance" xsi:schemaLocation="http://www.loc.gov/standards/alto/ns-v3# http://www.loc.gov/alto/v3/alto-3-0.xsd">
	<Description>
		<MeasurementUnit>pixel</MeasurementUnit>
		<sourceImageInformation>
			<fileName>/tmp/tess_bh__zw1j_input.PNG</fileName>
		</sourceImageInformation>
		<OCRProcessing ID="OCR_0">
			<ocrProcessingStep>
				<processingSoftware>
					<softwareName>tesseract 5.3.4</softwareName>
				</processingSoftware>
			</ocrProcessingStep>
		</OCRProcessing>
	</Description>
	<Layout>
		<Page WIDTH="1039" HEIGHT="1714" PHYSICAL_IMG_NR="0" ID="page_0">
			<PrintSpace HPOS="0" VPOS="0" WIDTH="1039" HEIGHT="1714">
				<ComposedBlock ID="cblock_0" HPOS="213" VPOS="131" WIDTH="40" HEIGHT="20">
					<TextBlock ID="block_0" HPOS="213" VPOS="131" WIDTH="40" HEIGHT="20">
						<TextLine ID="line_0" HPOS="213" VPOS="131" WIDTH="40" HEIGHT="20">
							<String ID="string_0" HPOS="213" VPOS="131" WIDTH="40" HEIGHT="20" WC="0.87" CONTENT="260"/>
						</TextLine>
					</TextBlock>
				</ComposedBlock>
				<ComposedBlock ID="cblock_1" HPOS="182" VPOS="192" WIDTH="751" HEIGHT="1267">
					<TextBlock ID="block_1" HPOS="183" VPOS="192" WIDTH="747" HEIGHT="169">
						<TextLine ID="line_1" HPOS="184" VPOS="192" WIDTH="744" HEIGHT="31">
							<String ID="string_1" HPOS="184" VPOS="195" WIDTH="231" HEIGHT="28" WC="0.91" CONTENT="kommunalstyrelsen"/><SP WIDTH="16" VPOS="195" HPOS="415"/>
							<String ID="string_2" HPOS="431" VPOS="195" WIDTH="39" HEIGHT="22" WC="0.96" CONTENT="bör"/><SP WIDTH="15" VPOS="195" HPOS="470"/>
							<String ID="string_3" HPOS="485" VPOS="195" WIDTH="86" HEIGHT="28" WC="0.96" CONTENT="vidtaga"/><SP WIDTH="16" VPOS="195" HPOS="571"/>
							<String ID="string_4" HPOS="587" VPOS="194" WIDTH="75" HEIGHT="29" WC="0.96" CONTENT="åtgärd"/><SP WIDTH="13" VPOS="194" HPOS="662"/>
							<String ID="string_5" HPOS="675" VPOS="194" WIDTH="33" HEIGHT="21" WC="0.93" CONTENT="till"/><SP WIDTH="11" VPOS="194" HPOS="708"/>
							<String ID="string_6" HPOS="719" VPOS="193" WIDTH="125" HEIGHT="22" WC="0.91" CONTENT="bevakande"/><SP WIDTH="11" VPOS="193" HPOS="844"/>
							<String ID="string_7" HPOS="855" VPOS="193" WIDTH="23" HEIGHT="20" WC="0.96" CONTENT="af"/><SP WIDTH="9" VPOS="193" HPOS="878"/>
							<String ID="string_8" HPOS="887" VPOS="192" WIDTH="41" HEIGHT="21" WC="0.70" CONTENT="den"/>
						</TextLine>
						<TextLine ID="line_2" HPOS="185" VPOS="227" WIDTH="745" HEIGHT="31">
							<String ID="string_9" HPOS="185" VPOS="230" WIDTH="127" HEIGHT="28" WC="0.91" CONTENT="omyndiges"/><SP WIDTH="21" VPOS="230" HPOS="312"/>
							<String ID="string_10" HPOS="333" VPOS="231" WIDTH="50" HEIGHT="26" WC="0.96" CONTENT="rätt,"/><SP WIDTH="20" VPOS="231" HPOS="383"/>
							<String ID="string_11" HPOS="403" VPOS="230" WIDTH="2" HEIGHT="20" WC="0.95" CONTENT="i"/><SP WIDTH="16" VPOS="230" HPOS="405"/>
							<String ID="string_12" HPOS="421" VPOS="230" WIDTH="102" HEIGHT="21" WC="0.96" CONTENT="händelse"/><SP WIDTH="16" VPOS="230" HPOS="523"/>
							<String ID="string_13" HPOS="539" VPOS="230" WIDTH="42" HEIGHT="21" WC="0.96" CONTENT="den"/><SP WIDTH="16" VPOS="230" HPOS="581"/>
							<String ID="string_14" HPOS="597" VPOS="236" WIDTH="63" HEIGHT="14" WC="0.96" CONTENT="anser"/><SP WIDTH="14" VPOS="236" HPOS="660"/>
							<String ID="string_15" HPOS="674" VPOS="229" WIDTH="79" HEIGHT="20" WC="0.96" CONTENT="honom"/><SP WIDTH="18" VPOS="229" HPOS="753"/>
							<String ID="string_16" HPOS="771" VPOS="228" WIDTH="19" HEIGHT="28" WC="0.92" CONTENT="ej"/><SP WIDTH="17" VPOS="228" HPOS="790"/>
							<String ID="string_17" HPOS="807" VPOS="227" WIDTH="64" HEIGHT="21" WC="0.96" CONTENT="hafva"/><SP WIDTH="15" VPOS="227" HPOS="871"/>
							<String ID="string_18" HPOS="886" VPOS="234" WIDTH="44" HEIGHT="21" WC="0.96" CONTENT="nog"/>
						</TextLine>
						<TextLine ID="line_3" HPOS="185" VPOS="261" WIDTH="745" HEIGHT="31">
							<String ID="string_19" HPOS="185" VPOS="266" WIDTH="74" HEIGHT="26" WC="0.96" CONTENT="moget"/><SP WIDTH="19" VPOS="266" HPOS="259"/>
							<String ID="string_20" HPOS="278" VPOS="264" WIDTH="98" HEIGHT="21" WC="0.90" CONTENT="förstånd"/><SP WIDTH="20" VPOS="264" HPOS="376"/>
							<String ID="string_21" HPOS="396" VPOS="264" WIDTH="71" HEIGHT="21" WC="0.90" CONTENT="dertill"/><SP WIDTH="16" VPOS="264" HPOS="467"/>
							<String ID="string_22" HPOS="483" VPOS="264" WIDTH="52" HEIGHT="21" WC="0.96" CONTENT="eller"/><SP WIDTH="16" VPOS="264" HPOS="535"/>
							<String ID="string_23" HPOS="551" VPOS="271" WIDTH="34" HEIGHT="14" WC="0.96" CONTENT="om"/><SP WIDTH="16" VPOS="271" HPOS="585"/>
							<String ID="string_24" HPOS="601" VPOS="264" WIDTH="70" HEIGHT="20" WC="0.96" CONTENT="denna"/><SP WIDTH="16" VPOS="264" HPOS="671"/>
							<String ID="string_25" HPOS="687" VPOS="263" WIDTH="52" HEIGHT="28" WC="0.96" CONTENT="sjelf"/><SP WIDTH="14" VPOS="263" HPOS="739"/>
							<String ID="string_26" HPOS="753" VPOS="264" WIDTH="45" HEIGHT="19" WC="0.96" CONTENT="tror"/><SP WIDTH="14" VPOS="264" HPOS="798"/>
							<String ID="string_27" HPOS="812" VPOS="262" WIDTH="34" HEIGHT="28" WC="0.96" CONTENT="sig"/><SP WIDTH="15" VPOS="262" HPOS="846"/>
							<String ID="string_28" HPOS="861" VPOS="261" WIDTH="69" HEIGHT="21" WC="0.95" CONTENT="sakna"/>
						</TextLine>
						<TextLine ID="line_4" HPOS="184" VPOS="297" WIDTH="745" HEIGHT="30">
							<String ID="string_29" HPOS="184" VPOS="299" WIDTH="98" HEIGHT="28" WC="0.96" CONTENT="förmåga"/><SP WIDTH="21" VPOS="299" HPOS="282"/>
							<String ID="string_30" HPOS="303" VPOS="299" WIDTH="33" HEIGHT="20" WC="0.95" CONTENT="till"/><SP WIDTH="21" VPOS="299" HPOS="336"/>
							<String ID="string_31" HPOS="357" VPOS="299" WIDTH="60" HEIGHT="28" WC="0.96" CONTENT="dylik"/><SP WIDTH="20" VPOS="299" HPOS="417"/>
							<String ID="string_32" HPOS="437" VPOS="298" WIDTH="84" HEIGHT="28" WC="0.96" CONTENT="åtgärd,"/><SP WIDTH="21" VPOS="298" HPOS="521"/>
							<String ID="string_33" HPOS="542" VPOS="299" WIDTH="67" HEIGHT="21" WC="0.96" CONTENT="ehuru"/><SP WIDTH="20" VPOS="299" HPOS="609"/>
							<String ID="string_34" HPOS="629" VPOS="298" WIDTH="42" HEIGHT="21" WC="0.96" CONTENT="han"/><SP WIDTH="16" VPOS="298" HPOS="671"/>
							<String ID="string_35" HPOS="687" VPOS="298" WIDTH="34" HEIGHT="20" WC="0.96" CONTENT="väl"/><SP WIDTH="16" VPOS="298" HPOS="721"/>
							<String ID="string_36" HPOS="737" VPOS="297" WIDTH="83" HEIGHT="20" WC="0.96" CONTENT="kunnat"/><SP WIDTH="14" VPOS="297" HPOS="820"/>
							<String ID="string_37" HPOS="834" VPOS="297" WIDTH="48" HEIGHT="20" WC="0.88" CONTENT="inse"/><SP WIDTH="16" VPOS="297" HPOS="882"/>
							<String ID="string_38" HPOS="898" VPOS="297" WIDTH="31" HEIGHT="20" WC="0.96" CONTENT="att"/>
						</TextLine>
						<TextLine ID="line_5" HPOS="183" VPOS="333" WIDTH="508" HEIGHT="28">
							<String ID="string_39" HPOS="183" VPOS="333" WIDTH="153" HEIGHT="28" WC="0.91" CONTENT="förmyndaren"/><SP WIDTH="16" VPOS="333" HPOS="336"/>
							<String ID="string_40" HPOS="352" VPOS="333" WIDTH="47" HEIGHT="21" WC="0.96" CONTENT="icke"/><SP WIDTH="15" VPOS="333" HPOS="399"/>
							<String ID="string_41" HPOS="414" VPOS="335" WIDTH="44" HEIGHT="19" WC="0.96" CONTENT="rätt"/><SP WIDTH="15" VPOS="335" HPOS="458"/>
							<String ID="string_42" HPOS="473" VPOS="333" WIDTH="74" HEIGHT="21" WC="0.96" CONTENT="vårdat"/><SP WIDTH="15" VPOS="333" HPOS="547"/>
							<String ID="string_43" HPOS="562" VPOS="334" WIDTH="53" HEIGHT="20" WC="0.96" CONTENT="hans"/><SP WIDTH="16" VPOS="334" HPOS="615"/>
							<String ID="string_44" HPOS="631" VPOS="333" WIDTH="60" HEIGHT="27" WC="0.96" CONTENT="gods."/>
						</TextLine>
					</TextBlock>
					<TextBlock ID="block_2" HPOS="182" VPOS="365" WIDTH="751" HEIGHT="1094">
						<TextLine ID="line_6" HPOS="251" VPOS="365" WIDTH="677" HEIGHT="27">
							<String ID="string_45" HPOS="251" VPOS="368" WIDTH="58" HEIGHT="21" WC="0.93" CONTENT="Herr"/><SP WIDTH="20" VPOS="368" HPOS="309"/>
							<String ID="string_46" HPOS="329" VPOS="367" WIDTH="153" HEIGHT="22" WC="0.90" CONTENT="Edelsköld:"/><SP WIDTH="20" VPOS="367" HPOS="482"/>
							<String ID="string_47" HPOS="502" VPOS="367" WIDTH="64" HEIGHT="22" WC="0.96" CONTENT="Emot"/><SP WIDTH="14" VPOS="367" HPOS="566"/>
							<String ID="string_48" HPOS="580" VPOS="367" WIDTH="35" HEIGHT="21" WC="0.96" CONTENT="det"/><SP WIDTH="15" VPOS="367" HPOS="615"/>
							<String ID="string_49" HPOS="630" VPOS="367" WIDTH="55" HEIGHT="21" WC="0.96" CONTENT="hvad"/><SP WIDTH="15" VPOS="367" HPOS="685"/>
							<String ID="string_50" HPOS="700" VPOS="367" WIDTH="49" HEIGHT="20" WC="0.96" CONTENT="herr"/><SP WIDTH="16" VPOS="367" HPOS="749"/>
							<String ID="string_51" HPOS="765" VPOS="373" WIDTH="42" HEIGHT="14" WC="0.97" CONTENT="von"/><SP WIDTH="15" VPOS="373" HPOS="807"/>
							<String ID="string_52" HPOS="822" VPOS="366" WIDTH="70" HEIGHT="26" WC="0.93" CONTENT="Born,"/><SP WIDTH="16" VPOS="366" HPOS="892"/>
							<String ID="string_53" HPOS="908" VPOS="365" WIDTH="20" HEIGHT="21" WC="0.89" CONTENT="J."/>
						</TextLine>
						<TextLine ID="line_7" HPOS="183" VPOS="400" WIDTH="747" HEIGHT="29">
							<String ID="string_54" HPOS="183" VPOS="403" WIDTH="34" HEIGHT="26" WC="0.69" CONTENT="A,,"/><SP WIDTH="18" VPOS="403" HPOS="217"/>
							<String ID="string_55" HPOS="235" VPOS="402" WIDTH="40" HEIGHT="21" WC="0.96" CONTENT="har"/><SP WIDTH="19" VPOS="402" HPOS="275"/>
							<String ID="string_56" HPOS="294" VPOS="404" WIDTH="67" HEIGHT="25" WC="0.96" CONTENT="yttrat"/><SP WIDTH="20" VPOS="404" HPOS="361"/>
							<String ID="string_57" HPOS="381" VPOS="402" WIDTH="81" HEIGHT="27" WC="0.96" CONTENT="derom,"/><SP WIDTH="15" VPOS="402" HPOS="462"/>
							<String ID="string_58" HPOS="477" VPOS="404" WIDTH="32" HEIGHT="19" WC="0.96" CONTENT="att"/><SP WIDTH="15" VPOS="404" HPOS="509"/>
							<String ID="string_59" HPOS="524" VPOS="402" WIDTH="138" HEIGHT="27" WC="0.96" CONTENT="förmyndare"/><SP WIDTH="15" VPOS="402" HPOS="662"/>
							<String ID="string_60" HPOS="677" VPOS="401" WIDTH="66" HEIGHT="21" WC="0.96" CONTENT="borde"/><SP WIDTH="16" VPOS="401" HPOS="743"/>
							<String ID="string_61" HPOS="759" VPOS="407" WIDTH="52" HEIGHT="14" WC="0.96" CONTENT="vara"/><SP WIDTH="14" VPOS="407" HPOS="811"/>
							<String ID="string_62" HPOS="825" VPOS="401" WIDTH="42" HEIGHT="21" WC="0.96" CONTENT="fria"/><SP WIDTH="15" VPOS="401" HPOS="867"/>
							<String ID="string_63" HPOS="882" VPOS="400" WIDTH="48" HEIGHT="21" WC="0.96" CONTENT="från"/>
						</TextLine>
						<TextLine ID="line_8" HPOS="184" VPOS="434" WIDTH="747" HEIGHT="30">
							<String ID="string_64" HPOS="184" VPOS="444" WIDTH="83" HEIGHT="19" WC="0.95" CONTENT="ansvar,"/><SP WIDTH="22" VPOS="444" HPOS="267"/>
							<String ID="string_65" HPOS="289" VPOS="437" WIDTH="66" HEIGHT="20" WC="0.93" CONTENT="sedan"/><SP WIDTH="18" VPOS="437" HPOS="355"/>
							<String ID="string_66" HPOS="373" VPOS="436" WIDTH="87" HEIGHT="21" WC="0.92" CONTENT="fränder"/><SP WIDTH="19" VPOS="436" HPOS="460"/>
							<String ID="string_67" HPOS="479" VPOS="436" WIDTH="53" HEIGHT="21" WC="0.96" CONTENT="eller"/><SP WIDTH="15" VPOS="436" HPOS="532"/>
							<String ID="string_68" HPOS="547" VPOS="436" WIDTH="56" HEIGHT="28" WC="0.96" CONTENT="gode"/><SP WIDTH="16" VPOS="436" HPOS="603"/>
							<String ID="string_69" HPOS="619" VPOS="437" WIDTH="93" HEIGHT="19" WC="0.96" CONTENT="männen"/><SP WIDTH="15" VPOS="437" HPOS="712"/>
							<String ID="string_70" HPOS="727" VPOS="435" WIDTH="48" HEIGHT="21" WC="0.89" CONTENT="icke"/><SP WIDTH="16" VPOS="435" HPOS="775"/>
							<String ID="string_71" HPOS="791" VPOS="435" WIDTH="58" HEIGHT="20" WC="0.96" CONTENT="inom"/><SP WIDTH="17" VPOS="435" HPOS="849"/>
							<String ID="string_72" HPOS="866" VPOS="434" WIDTH="41" HEIGHT="21" WC="0.95" CONTENT="den"/><SP WIDTH="15" VPOS="434" HPOS="907"/>
							<String ID="string_73" HPOS="922" VPOS="434" WIDTH="9" HEIGHT="20" WC="0.95" CONTENT="i"/>
						</TextLine>
						<TextLine ID="line_9" HPOS="183" VPOS="469" WIDTH="747" HEIGHT="30">
							<String ID="string_74" HPOS="183" VPOS="471" WIDTH="80" HEIGHT="28" WC="0.96" CONTENT="nådiga"/><SP WIDTH="14" VPOS="471" HPOS="263"/>
							<String ID="string_75" HPOS="277" VPOS="470" WIDTH="164" HEIGHT="29" WC="0.96" CONTENT="propositionen"/><SP WIDTH="16" VPOS="470" HPOS="441"/>
							<String ID="string_76" HPOS="457" VPOS="470" WIDTH="103" HEIGHT="28" WC="0.96" CONTENT="stadgade"/><SP WIDTH="16" VPOS="470" HPOS="560"/>
							<String ID="string_77" HPOS="576" VPOS="470" WIDTH="31" HEIGHT="21" WC="0.93" CONTENT="tid"/><SP WIDTH="20" VPOS="470" HPOS="607"/>
							<String ID="string_78" HPOS="627" VPOS="469" WIDTH="100" HEIGHT="22" WC="0.91" CONTENT="klandrat"/><SP WIDTH="20" VPOS="469" HPOS="727"/>
							<String ID="string_79" HPOS="747" VPOS="469" WIDTH="183" HEIGHT="27" WC="0.91" CONTENT="redoräkningen,"/>
						</TextLine>
						<TextLine ID="line_10" HPOS="184" VPOS="503" WIDTH="747" HEIGHT="29">
							<String ID="string_80" HPOS="184" VPOS="505" WIDTH="69" HEIGHT="21" WC="0.92" CONTENT="såvidt"/><SP WIDTH="20" VPOS="505" HPOS="253"/>
							<String ID="string_81" HPOS="273" VPOS="505" WIDTH="42" HEIGHT="21" WC="0.97" CONTENT="den"/><SP WIDTH="20" VPOS="505" HPOS="315"/>
							<String ID="string_82" HPOS="335" VPOS="505" WIDTH="67" HEIGHT="27" WC="0.95" CONTENT="angår"/><SP WIDTH="20" VPOS="505" HPOS="402"/>
							<String ID="string_83" HPOS="422" VPOS="505" WIDTH="119" HEIGHT="20" WC="0.96" CONTENT="kostnaden"/><SP WIDTH="21" VPOS="505" HPOS="541"/>
							<String ID="string_84" HPOS="562" VPOS="505" WIDTH="33" HEIGHT="21" WC="0.93" CONTENT="för"/><SP WIDTH="21" VPOS="505" HPOS="595"/>
							<String ID="string_85" HPOS="616" VPOS="503" WIDTH="127" HEIGHT="29" WC="0.92" CONTENT="omyndiges"/><SP WIDTH="18" VPOS="503" HPOS="743"/>
							<String ID="string_86" HPOS="761" VPOS="503" WIDTH="114" HEIGHT="21" WC="0.96" CONTENT="underhåll"/><SP WIDTH="15" VPOS="503" HPOS="875"/>
							<String ID="string_87" HPOS="890" VPOS="503" WIDTH="41" HEIGHT="20" WC="0.96" CONTENT="och"/>
						</TextLine>
						<TextLine ID="line_11" HPOS="183" VPOS="537" WIDTH="747" HEIGHT="31">
							<String ID="string_88" HPOS="183" VPOS="539" WIDTH="134" HEIGHT="28" WC="0.95" CONTENT="uppfostran,"/><SP WIDTH="16" VPOS="539" HPOS="317"/>
							<String ID="string_89" HPOS="333" VPOS="540" WIDTH="38" HEIGHT="20" WC="0.96" CONTENT="ber"/><SP WIDTH="13" VPOS="540" HPOS="371"/>
							<String ID="string_90" HPOS="384" VPOS="540" WIDTH="40" HEIGHT="28" WC="0.96" CONTENT="jag"/><SP WIDTH="15" VPOS="540" HPOS="424"/>
							<String ID="string_91" HPOS="439" VPOS="539" WIDTH="22" HEIGHT="21" WC="0.96" CONTENT="få"/><SP WIDTH="14" VPOS="539" HPOS="461"/>
							<String ID="string_92" HPOS="475" VPOS="540" WIDTH="110" HEIGHT="26" WC="0.96" CONTENT="anmärka,"/><SP WIDTH="11" VPOS="540" HPOS="585"/>
							<String ID="string_93" HPOS="596" VPOS="541" WIDTH="32" HEIGHT="18" WC="0.96" CONTENT="att"/><SP WIDTH="14" VPOS="541" HPOS="628"/>
							<String ID="string_94" HPOS="642" VPOS="539" WIDTH="76" HEIGHT="21" WC="0.96" CONTENT="sådant"/><SP WIDTH="11" VPOS="539" HPOS="718"/>
							<String ID="string_95" HPOS="729" VPOS="537" WIDTH="118" HEIGHT="29" WC="0.96" CONTENT="stadgande"/><SP WIDTH="14" VPOS="537" HPOS="847"/>
							<String ID="string_96" HPOS="861" VPOS="537" WIDTH="69" HEIGHT="21" WC="0.95" CONTENT="skulle"/>
						</TextLine>
						<TextLine ID="line_12" HPOS="183" VPOS="572" WIDTH="747" HEIGHT="30">
							<String ID="string_97" HPOS="183" VPOS="574" WIDTH="104" HEIGHT="21" WC="0.96" CONTENT="innebära"/><SP WIDTH="19" VPOS="574" HPOS="287"/>
							<String ID="string_98" HPOS="306" VPOS="581" WIDTH="27" HEIGHT="13" WC="0.93" CONTENT="en"/><SP WIDTH="14" VPOS="581" HPOS="333"/>
							<String ID="string_99" HPOS="347" VPOS="573" WIDTH="167" HEIGHT="29" WC="0.90" CONTENT="inkonseqvens."/><SP WIDTH="29" VPOS="573" HPOS="514"/>
							<String ID="string_100" HPOS="543" VPOS="574" WIDTH="131" HEIGHT="26" WC="0.91" CONTENT="Motiverna,"/><SP WIDTH="16" VPOS="574" HPOS="674"/>
							<String ID="string_101" HPOS="690" VPOS="573" WIDTH="102" HEIGHT="21" WC="0.92" CONTENT="hvarföre"/><SP WIDTH="15" VPOS="573" HPOS="792"/>
							<String ID="string_102" HPOS="807" VPOS="572" WIDTH="123" HEIGHT="28" WC="0.92" CONTENT="förmynda-"/>
						</TextLine>
						<TextLine ID="line_13" HPOS="183" VPOS="607" WIDTH="748" HEIGHT="30">
							<String ID="string_103" HPOS="183" VPOS="615" WIDTH="39" HEIGHT="14" WC="0.96" CONTENT="ren"/><SP WIDTH="16" VPOS="615" HPOS="222"/>
							<String ID="string_104" HPOS="238" VPOS="609" WIDTH="7" HEIGHT="20" WC="0.96" CONTENT="i"/><SP WIDTH="16" VPOS="609" HPOS="245"/>
							<String ID="string_105" HPOS="261" VPOS="608" WIDTH="36" HEIGHT="21" WC="0.95" CONTENT="det"/><SP WIDTH="15" VPOS="608" HPOS="297"/>
							<String ID="string_106" HPOS="312" VPOS="608" WIDTH="61" HEIGHT="29" WC="0.96" CONTENT="fallet"/><SP WIDTH="16" VPOS="608" HPOS="373"/>
							<String ID="string_107" HPOS="389" VPOS="608" WIDTH="68" HEIGHT="21" WC="0.96" CONTENT="skulle"/><SP WIDTH="17" VPOS="608" HPOS="457"/>
							<String ID="string_108" HPOS="474" VPOS="609" WIDTH="79" HEIGHT="20" WC="0.96" CONTENT="befrias"/><SP WIDTH="15" VPOS="609" HPOS="553"/>
							<String ID="string_109" HPOS="568" VPOS="609" WIDTH="48" HEIGHT="20" WC="0.93" CONTENT="från"/><SP WIDTH="16" VPOS="609" HPOS="616"/>
							<String ID="string_110" HPOS="632" VPOS="607" WIDTH="299" HEIGHT="28" WC="0.89" CONTENT="ansvarsskyldighet,"/><SP WIDTH="-61" VPOS="607" HPOS="931"/>
							<String ID="string_111" HPOS="870" VPOS="603" WIDTH="65" HEIGHT="38" WC="0.96" CONTENT="måste"/>
						</TextLine>
						<TextLine ID="line_14" HPOS="184" VPOS="641" WIDTH="746" HEIGHT="30">
							<String ID="string_112" HPOS="184" VPOS="643" WIDTH="34" HEIGHT="20" WC="0.96" CONTENT="väl"/><SP WIDTH="16" VPOS="643" HPOS="218"/>
							<String ID="string_113" HPOS="234" VPOS="643" WIDTH="59" HEIGHT="27" WC="0.93" CONTENT="ligga"/><SP WIDTH="20" VPOS="643" HPOS="293"/>
							<String ID="string_114" HPOS="313" VPOS="642" WIDTH="46" HEIGHT="21" WC="0.92" CONTENT="deri"/><SP WIDTH="19" VPOS="642" HPOS="359"/>
							<String ID="string_115" HPOS="378" VPOS="644" WIDTH="40" HEIGHT="26" WC="0.96" CONTENT="att,"/><SP WIDTH="16" VPOS="644" HPOS="418"/>
							<String ID="string_116" HPOS="434" VPOS="643" WIDTH="71" HEIGHT="20" WC="0.95" CONTENT="såsom"/><SP WIDTH="16" VPOS="643" HPOS="505"/>
							<String ID="string_117" HPOS="521" VPOS="643" WIDTH="7" HEIGHT="20" WC="0.92" CONTENT="i"/><SP WIDTH="15" VPOS="643" HPOS="528"/>
							<String ID="string_118" HPOS="543" VPOS="643" WIDTH="154" HEIGHT="28" WC="0.91" CONTENT="lagutskottets"/><SP WIDTH="15" VPOS="643" HPOS="697"/>
							<String ID="string_119" HPOS="712" VPOS="641" WIDTH="138" HEIGHT="22" WC="0.93" CONTENT="betänkande"/><SP WIDTH="16" VPOS="641" HPOS="850"/>
							<String ID="string_120" HPOS="866" VPOS="642" WIDTH="64" HEIGHT="20" WC="0.91" CONTENT="fram-"/>
						</TextLine>
						<TextLine ID="line_15" HPOS="183" VPOS="676" WIDTH="748" HEIGHT="28">
							<String ID="string_121" HPOS="183" VPOS="677" WIDTH="79" HEIGHT="26" WC="0.96" CONTENT="hålles,"/><SP WIDTH="24" VPOS="677" HPOS="262"/>
							<String ID="string_122" HPOS="286" VPOS="677" WIDTH="80" HEIGHT="20" WC="0.96" CONTENT="sådana"/><SP WIDTH="19" VPOS="677" HPOS="366"/>
							<String ID="string_123" HPOS="385" VPOS="679" WIDTH="74" HEIGHT="25" WC="0.96" CONTENT="poster"/><SP WIDTH="20" VPOS="679" HPOS="459"/>
							<String ID="string_124" HPOS="479" VPOS="677" WIDTH="66" HEIGHT="21" WC="0.96" CONTENT="oftast"/><SP WIDTH="19" VPOS="677" HPOS="545"/>
							<String ID="string_125" HPOS="564" VPOS="677" WIDTH="48" HEIGHT="20" WC="0.96" CONTENT="icke"/><SP WIDTH="20" VPOS="677" HPOS="612"/>
							<String ID="string_126" HPOS="632" VPOS="677" WIDTH="74" HEIGHT="20" WC="0.93" CONTENT="kunna"/><SP WIDTH="19" VPOS="677" HPOS="706"/>
							<String ID="string_127" HPOS="725" VPOS="676" WIDTH="133" HEIGHT="27" WC="0.92" CONTENT="verificeras,"/><SP WIDTH="21" VPOS="676" HPOS="858"/>
							<String ID="string_128" HPOS="879" VPOS="677" WIDTH="52" HEIGHT="19" WC="0.96" CONTENT="utan"/>
						</TextLine>
						<TextLine ID="line_16" HPOS="183" VPOS="710" WIDTH="748" HEIGHT="29">
							<String ID="string_129" HPOS="183" VPOS="711" WIDTH="69" HEIGHT="20" WC="0.93" CONTENT="måste"/><SP WIDTH="19" VPOS="711" HPOS="252"/>
							<String ID="string_130" HPOS="271" VPOS="711" WIDTH="89" HEIGHT="27" WC="0.93" CONTENT="pröfvas"/><SP WIDTH="19" VPOS="711" HPOS="360"/>
							<String ID="string_131" HPOS="379" VPOS="711" WIDTH="28" HEIGHT="27" WC="0.96" CONTENT="på"/><SP WIDTH="20" VPOS="711" HPOS="407"/>
							<String ID="string_132" HPOS="427" VPOS="711" WIDTH="70" HEIGHT="27" WC="0.95" CONTENT="grund"/><SP WIDTH="20" VPOS="711" HPOS="497"/>
							<String ID="string_133" HPOS="517" VPOS="711" WIDTH="23" HEIGHT="21" WC="0.96" CONTENT="af"/><SP WIDTH="13" VPOS="711" HPOS="540"/>
							<String ID="string_134" HPOS="553" VPOS="711" WIDTH="89" HEIGHT="28" WC="0.96" CONTENT="speciell"/><SP WIDTH="16" VPOS="711" HPOS="642"/>
							<String ID="string_135" HPOS="658" VPOS="710" WIDTH="123" HEIGHT="21" WC="0.96" CONTENT="kännedom"/><SP WIDTH="16" VPOS="710" HPOS="781"/>
							<String ID="string_136" HPOS="797" VPOS="717" WIDTH="35" HEIGHT="14" WC="0.92" CONTENT="om"/><SP WIDTH="16" VPOS="717" HPOS="832"/>
							<String ID="string_137" HPOS="848" VPOS="710" WIDTH="83" HEIGHT="21" WC="0.90" CONTENT="sakför-"/>
						</TextLine>
						<TextLine ID="line_17" HPOS="183" VPOS="744" WIDTH="748" HEIGHT="29">
							<String ID="string_138" HPOS="183" VPOS="744" WIDTH="117" HEIGHT="27" WC="0.91" CONTENT="hållandet,"/><SP WIDTH="15" VPOS="744" HPOS="300"/>
							<String ID="string_139" HPOS="315" VPOS="744" WIDTH="89" HEIGHT="21" WC="0.93" CONTENT="hvilken"/><SP WIDTH="15" VPOS="744" HPOS="404"/>
							<String ID="string_140" HPOS="419" VPOS="745" WIDTH="104" HEIGHT="28" WC="0.92" CONTENT="pröfning"/><SP WIDTH="15" VPOS="745" HPOS="523"/>
							<String ID="string_141" HPOS="538" VPOS="745" WIDTH="55" HEIGHT="21" WC="0.96" CONTENT="efter"/><SP WIDTH="15" VPOS="745" HPOS="593"/>
							<String ID="string_142" HPOS="608" VPOS="745" WIDTH="76" HEIGHT="28" WC="0.96" CONTENT="längre"/><SP WIDTH="16" VPOS="745" HPOS="684"/>
							<String ID="string_143" HPOS="700" VPOS="745" WIDTH="42" HEIGHT="20" WC="0.96" CONTENT="tids"/><SP WIDTH="15" VPOS="745" HPOS="742"/>
							<String ID="string_144" HPOS="757" VPOS="745" WIDTH="86" HEIGHT="28" WC="0.96" CONTENT="förlopp"/><SP WIDTH="16" VPOS="745" HPOS="843"/>
							<String ID="string_145" HPOS="859" VPOS="744" WIDTH="72" HEIGHT="21" WC="0.96" CONTENT="kunde"/>
						</TextLine>
						<TextLine ID="line_18" HPOS="183" VPOS="779" WIDTH="750" HEIGHT="28">
							<String ID="string_146" HPOS="183" VPOS="779" WIDTH="98" HEIGHT="21" WC="0.95" CONTENT="medföra"/><SP WIDTH="10" VPOS="779" HPOS="281"/>
							<String ID="string_147" HPOS="291" VPOS="780" WIDTH="45" HEIGHT="19" WC="0.96" CONTENT="stor"/><SP WIDTH="11" VPOS="780" HPOS="336"/>
							<String ID="string_148" HPOS="347" VPOS="779" WIDTH="115" HEIGHT="28" WC="0.93" CONTENT="svårighet,"/><SP WIDTH="9" VPOS="779" HPOS="462"/>
							<String ID="string_149" HPOS="471" VPOS="779" WIDTH="101" HEIGHT="22" WC="0.90" CONTENT="hvarföre"/><SP WIDTH="11" VPOS="779" HPOS="572"/>
							<String ID="string_150" HPOS="583" VPOS="779" WIDTH="40" HEIGHT="21" WC="0.96" CONTENT="ock"/><SP WIDTH="11" VPOS="779" HPOS="623"/>
							<String ID="string_151" HPOS="634" VPOS="779" WIDTH="142" HEIGHT="28" WC="0.96" CONTENT="lagutskottet"/><SP WIDTH="11" VPOS="779" HPOS="776"/>
							<String ID="string_152" HPOS="787" VPOS="779" WIDTH="49" HEIGHT="20" WC="0.93" CONTENT="sökt"/><SP WIDTH="10" VPOS="779" HPOS="836"/>
							<String ID="string_153" HPOS="846" VPOS="779" WIDTH="87" HEIGHT="20" WC="0.91" CONTENT="hvälfva"/>
						</TextLine>
						<TextLine ID="line_19" HPOS="183" VPOS="813" WIDTH="747" HEIGHT="29">
							<String ID="string_154" HPOS="183" VPOS="813" WIDTH="71" HEIGHT="21" WC="0.92" CONTENT="denna"/><SP WIDTH="20" VPOS="813" HPOS="254"/>
							<String ID="string_155" HPOS="274" VPOS="813" WIDTH="215" HEIGHT="28" WC="0.92" CONTENT="ansvarsskyldighet"/><SP WIDTH="19" VPOS="813" HPOS="489"/>
							<String ID="string_156" HPOS="508" VPOS="815" WIDTH="27" HEIGHT="27" WC="0.93" CONTENT="på"/><SP WIDTH="19" VPOS="815" HPOS="535"/>
							<String ID="string_157" HPOS="554" VPOS="814" WIDTH="116" HEIGHT="21" WC="0.91" CONTENT="fränderna"/><SP WIDTH="20" VPOS="814" HPOS="670"/>
							<String ID="string_158" HPOS="690" VPOS="814" WIDTH="54" HEIGHT="21" WC="0.96" CONTENT="eller"/><SP WIDTH="15" VPOS="814" HPOS="744"/>
							<String ID="string_159" HPOS="759" VPOS="813" WIDTH="55" HEIGHT="28" WC="0.96" CONTENT="gode"/><SP WIDTH="16" VPOS="813" HPOS="814"/>
							<String ID="string_160" HPOS="830" VPOS="815" WIDTH="100" HEIGHT="19" WC="0.96" CONTENT="männen."/>
						</TextLine>
						<TextLine ID="line_20" HPOS="183" VPOS="848" WIDTH="748" HEIGHT="29">
							<String ID="string_161" HPOS="183" VPOS="848" WIDTH="51" HEIGHT="21" WC="0.96" CONTENT="Men"/><SP WIDTH="15" VPOS="848" HPOS="234"/>
							<String ID="string_162" HPOS="249" VPOS="848" WIDTH="76" HEIGHT="21" WC="0.96" CONTENT="härvid"/><SP WIDTH="17" VPOS="848" HPOS="325"/>
							<String ID="string_163" HPOS="342" VPOS="848" WIDTH="36" HEIGHT="21" WC="0.96" CONTENT="vill"/><SP WIDTH="13" VPOS="848" HPOS="378"/>
							<String ID="string_164" HPOS="391" VPOS="849" WIDTH="39" HEIGHT="27" WC="0.96" CONTENT="jag"/><SP WIDTH="10" VPOS="849" HPOS="430"/>
							<String ID="string_165" HPOS="440" VPOS="849" WIDTH="71" HEIGHT="28" WC="0.96" CONTENT="fråga:"/><SP WIDTH="15" VPOS="849" HPOS="511"/>
							<String ID="string_166" HPOS="526" VPOS="849" WIDTH="64" HEIGHT="21" WC="0.96" CONTENT="hafva"/><SP WIDTH="10" VPOS="849" HPOS="590"/>
							<String ID="string_167" HPOS="600" VPOS="849" WIDTH="28" HEIGHT="20" WC="0.93" CONTENT="då"/><SP WIDTH="9" VPOS="849" HPOS="628"/>
							<String ID="string_168" HPOS="637" VPOS="849" WIDTH="62" HEIGHT="20" WC="0.91" CONTENT="desse"/><SP WIDTH="14" VPOS="849" HPOS="699"/>
							<String ID="string_169" HPOS="713" VPOS="849" WIDTH="89" HEIGHT="20" WC="0.92" CONTENT="fränder"/><SP WIDTH="10" VPOS="849" HPOS="802"/>
							<String ID="string_170" HPOS="812" VPOS="849" WIDTH="54" HEIGHT="20" WC="0.96" CONTENT="eller"/><SP WIDTH="10" VPOS="849" HPOS="866"/>
							<String ID="string_171" HPOS="876" VPOS="848" WIDTH="55" HEIGHT="27" WC="0.96" CONTENT="gode"/>
						</TextLine>
						<TextLine ID="line_21" HPOS="183" VPOS="882" WIDTH="748" HEIGHT="29">
							<String ID="string_172" HPOS="183" VPOS="884" WIDTH="49" HEIGHT="19" WC="0.96" CONTENT="män"/><SP WIDTH="16" VPOS="884" HPOS="232"/>
							<String ID="string_173" HPOS="248" VPOS="883" WIDTH="85" HEIGHT="26" WC="0.95" CONTENT="lättare,"/><SP WIDTH="16" VPOS="883" HPOS="333"/>
							<String ID="string_174" HPOS="349" VPOS="884" WIDTH="32" HEIGHT="19" WC="0.96" CONTENT="att"/><SP WIDTH="16" VPOS="884" HPOS="381"/>
							<String ID="string_175" HPOS="397" VPOS="883" WIDTH="56" HEIGHT="21" WC="0.96" CONTENT="efter"/><SP WIDTH="15" VPOS="883" HPOS="453"/>
							<String ID="string_176" HPOS="468" VPOS="883" WIDTH="74" HEIGHT="27" WC="0.96" CONTENT="längre"/><SP WIDTH="15" VPOS="883" HPOS="542"/>
							<String ID="string_177" HPOS="557" VPOS="883" WIDTH="42" HEIGHT="21" WC="0.96" CONTENT="tids"/><SP WIDTH="15" VPOS="883" HPOS="599"/>
							<String ID="string_178" HPOS="614" VPOS="883" WIDTH="85" HEIGHT="28" WC="0.96" CONTENT="förlopp"/><SP WIDTH="16" VPOS="883" HPOS="699"/>
							<String ID="string_179" HPOS="715" VPOS="883" WIDTH="58" HEIGHT="20" WC="0.93" CONTENT="inför"/><SP WIDTH="15" VPOS="883" HPOS="773"/>
							<String ID="string_180" HPOS="788" VPOS="882" WIDTH="143" HEIGHT="29" WC="0.91" CONTENT="myndlingen"/>
						</TextLine>
						<TextLine ID="line_22" HPOS="183" VPOS="917" WIDTH="747" HEIGHT="28">
							<String ID="string_181" HPOS="183" VPOS="917" WIDTH="111" HEIGHT="21" WC="0.93" CONTENT="verificera"/><SP WIDTH="20" VPOS="917" HPOS="294"/>
							<String ID="string_182" HPOS="314" VPOS="917" WIDTH="63" HEIGHT="21" WC="0.96" CONTENT="dessa"/><SP WIDTH="19" VPOS="917" HPOS="377"/>
							<String ID="string_183" HPOS="396" VPOS="918" WIDTH="86" HEIGHT="27" WC="0.96" CONTENT="poster?"/><SP WIDTH="30" VPOS="918" HPOS="482"/>
							<String ID="string_184" HPOS="512" VPOS="917" WIDTH="60" HEIGHT="22" WC="0.50" CONTENT="Eller"/><SP WIDTH="20" VPOS="917" HPOS="572"/>
							<String ID="string_185" HPOS="592" VPOS="917" WIDTH="65" HEIGHT="21" WC="0.96" CONTENT="hafva"/><SP WIDTH="18" VPOS="917" HPOS="657"/>
							<String ID="string_186" HPOS="675" VPOS="917" WIDTH="48" HEIGHT="22" WC="0.96" CONTENT="icke"/><SP WIDTH="21" VPOS="917" HPOS="723"/>
							<String ID="string_187" HPOS="744" VPOS="917" WIDTH="26" HEIGHT="20" WC="0.96" CONTENT="de"/><SP WIDTH="16" VPOS="917" HPOS="770"/>
							<String ID="string_188" HPOS="786" VPOS="924" WIDTH="82" HEIGHT="14" WC="0.93" CONTENT="samma"/><SP WIDTH="16" VPOS="924" HPOS="868"/>
							<String ID="string_189" HPOS="884" VPOS="917" WIDTH="46" HEIGHT="21" WC="0.92" CONTENT="svå-"/>
						</TextLine>
						<TextLine ID="line_23" HPOS="183" VPOS="951" WIDTH="748" HEIGHT="28">
							<String ID="string_190" HPOS="183" VPOS="951" WIDTH="71" HEIGHT="28" WC="0.92" CONTENT="righet"/><SP WIDTH="15" VPOS="951" HPOS="254"/>
							<String ID="string_191" HPOS="269" VPOS="957" WIDTH="46" HEIGHT="14" WC="0.93" CONTENT="som"/><SP WIDTH="16" VPOS="957" HPOS="315"/>
							<String ID="string_192" HPOS="331" VPOS="951" WIDTH="167" HEIGHT="28" WC="0.92" CONTENT="förmyndaren?"/><SP WIDTH="24" VPOS="951" HPOS="498"/>
							<String ID="string_193" HPOS="522" VPOS="952" WIDTH="72" HEIGHT="21" WC="0.86" CONTENT="Saken"/><SP WIDTH="16" VPOS="952" HPOS="594"/>
							<String ID="string_194" HPOS="610" VPOS="952" WIDTH="41" HEIGHT="21" WC="0.95" CONTENT="blir"/><SP WIDTH="15" VPOS="952" HPOS="651"/>
							<String ID="string_195" HPOS="666" VPOS="958" WIDTH="80" HEIGHT="21" WC="0.95" CONTENT="genom"/><SP WIDTH="10" VPOS="958" HPOS="746"/>
							<String ID="string_196" HPOS="756" VPOS="951" WIDTH="71" HEIGHT="21" WC="0.93" CONTENT="denna"/><SP WIDTH="11" VPOS="951" HPOS="827"/>
							<String ID="string_197" HPOS="838" VPOS="952" WIDTH="93" HEIGHT="20" WC="0.91" CONTENT="bestäm-"/>
						</TextLine>
						<TextLine ID="line_24" HPOS="183" VPOS="985" WIDTH="749" HEIGHT="28">
							<String ID="string_198" HPOS="183" VPOS="985" WIDTH="53" HEIGHT="28" WC="0.96" CONTENT="ning"/><SP WIDTH="17" VPOS="985" HPOS="236"/>
							<String ID="string_199" HPOS="253" VPOS="985" WIDTH="41" HEIGHT="21" WC="0.96" CONTENT="alls"/><SP WIDTH="18" VPOS="985" HPOS="294"/>
							<String ID="string_200" HPOS="312" VPOS="985" WIDTH="49" HEIGHT="21" WC="0.96" CONTENT="icke"/><SP WIDTH="15" VPOS="985" HPOS="361"/>
							<String ID="string_201" HPOS="376" VPOS="985" WIDTH="78" HEIGHT="22" WC="0.92" CONTENT="bättre."/><SP WIDTH="30" VPOS="985" HPOS="454"/>
							<String ID="string_202" HPOS="484" VPOS="986" WIDTH="118" HEIGHT="21" WC="0.92" CONTENT="Skilnaden"/><SP WIDTH="16" VPOS="986" HPOS="602"/>
							<String ID="string_203" HPOS="618" VPOS="987" WIDTH="24" HEIGHT="20" WC="0.96" CONTENT="är"/><SP WIDTH="15" VPOS="987" HPOS="642"/>
							<String ID="string_204" HPOS="657" VPOS="986" WIDTH="64" HEIGHT="27" WC="0.96" CONTENT="blott,"/><SP WIDTH="16" VPOS="986" HPOS="721"/>
							<String ID="string_205" HPOS="737" VPOS="987" WIDTH="31" HEIGHT="19" WC="0.96" CONTENT="att"/><SP WIDTH="16" VPOS="987" HPOS="768"/>
							<String ID="string_206" HPOS="784" VPOS="985" WIDTH="36" HEIGHT="21" WC="0.96" CONTENT="det"/><SP WIDTH="14" VPOS="985" HPOS="820"/>
							<String ID="string_207" HPOS="834" VPOS="985" WIDTH="43" HEIGHT="22" WC="0.96" CONTENT="blir"/><SP WIDTH="15" VPOS="985" HPOS="877"/>
							<String ID="string_208" HPOS="892" VPOS="986" WIDTH="40" HEIGHT="21" WC="0.96" CONTENT="den"/>
						</TextLine>
						<TextLine ID="line_25" HPOS="183" VPOS="1019" WIDTH="749" HEIGHT="29">
							<String ID="string_209" HPOS="183" VPOS="1020" WIDTH="107" HEIGHT="28" WC="0.92" CONTENT="omyndige"/><SP WIDTH="21" VPOS="1020" HPOS="290"/>
							<String ID="string_210" HPOS="311" VPOS="1026" WIDTH="45" HEIGHT="13" WC="0.92" CONTENT="som"/><SP WIDTH="21" VPOS="1026" HPOS="356"/>
							<String ID="string_211" HPOS="377" VPOS="1020" WIDTH="74" HEIGHT="21" WC="0.91" CONTENT="dervid"/><SP WIDTH="19" VPOS="1020" HPOS="451"/>
							<String ID="string_212" HPOS="470" VPOS="1020" WIDTH="97" HEIGHT="21" WC="0.96" CONTENT="kommer"/><SP WIDTH="20" VPOS="1020" HPOS="567"/>
							<String ID="string_213" HPOS="587" VPOS="1022" WIDTH="32" HEIGHT="19" WC="0.96" CONTENT="att"/><SP WIDTH="20" VPOS="1022" HPOS="619"/>
							<String ID="string_214" HPOS="639" VPOS="1020" WIDTH="54" HEIGHT="27" WC="0.96" CONTENT="lida;"/><SP WIDTH="20" VPOS="1020" HPOS="693"/>
							<String ID="string_215" HPOS="713" VPOS="1020" WIDTH="8" HEIGHT="20" WC="0.96" CONTENT="i"/><SP WIDTH="21" VPOS="1020" HPOS="721"/>
							<String ID="string_216" HPOS="742" VPOS="1020" WIDTH="59" HEIGHT="20" WC="0.96" CONTENT="förra"/><SP WIDTH="15" VPOS="1020" HPOS="801"/>
							<String ID="string_217" HPOS="816" VPOS="1019" WIDTH="61" HEIGHT="21" WC="0.96" CONTENT="fallet"/><SP WIDTH="15" VPOS="1019" HPOS="877"/>
							<String ID="string_218" HPOS="892" VPOS="1020" WIDTH="40" HEIGHT="20" WC="0.96" CONTENT="har"/>
						</TextLine>
						<TextLine ID="line_26" HPOS="182" VPOS="1053" WIDTH="750" HEIGHT="29">
							<String ID="string_219" HPOS="182" VPOS="1053" WIDTH="42" HEIGHT="21" WC="0.93" CONTENT="den"/><SP WIDTH="16" VPOS="1053" HPOS="224"/>
							<String ID="string_220" HPOS="240" VPOS="1053" WIDTH="116" HEIGHT="28" WC="0.91" CONTENT="omyndige"/><SP WIDTH="16" VPOS="1053" HPOS="356"/>
							<String ID="string_221" HPOS="372" VPOS="1053" WIDTH="139" HEIGHT="22" WC="0.91" CONTENT="förmånsrätt"/><SP WIDTH="16" VPOS="1053" HPOS="511"/>
							<String ID="string_222" HPOS="527" VPOS="1054" WIDTH="6" HEIGHT="20" WC="0.93" CONTENT="i"/><SP WIDTH="16" VPOS="1054" HPOS="533"/>
							<String ID="string_223" HPOS="549" VPOS="1054" WIDTH="164" HEIGHT="28" WC="0.91" CONTENT="förmyndarens"/><SP WIDTH="17" VPOS="1054" HPOS="713"/>
							<String ID="string_224" HPOS="730" VPOS="1055" WIDTH="114" HEIGHT="26" WC="0.96" CONTENT="egendom,"/><SP WIDTH="17" VPOS="1055" HPOS="844"/>
							<String ID="string_225" HPOS="861" VPOS="1054" WIDTH="7" HEIGHT="20" WC="0.93" CONTENT="i"/><SP WIDTH="16" VPOS="1054" HPOS="868"/>
							<String ID="string_226" HPOS="884" VPOS="1053" WIDTH="48" HEIGHT="22" WC="0.90" CONTENT="sed-"/>
						</TextLine>
						<TextLine ID="line_27" HPOS="182" VPOS="1088" WIDTH="750" HEIGHT="28">
							<String ID="string_227" HPOS="182" VPOS="1095" WIDTH="52" HEIGHT="14" WC="0.95" CONTENT="nare"/><SP WIDTH="20" VPOS="1095" HPOS="234"/>
							<String ID="string_228" HPOS="254" VPOS="1088" WIDTH="62" HEIGHT="21" WC="0.95" CONTENT="fallet"/><SP WIDTH="19" VPOS="1088" HPOS="316"/>
							<String ID="string_229" HPOS="335" VPOS="1088" WIDTH="34" HEIGHT="21" WC="0.96" CONTENT="får"/><SP WIDTH="14" VPOS="1088" HPOS="369"/>
							<String ID="string_230" HPOS="383" VPOS="1089" WIDTH="8" HEIGHT="20" WC="0.96" CONTENT="i"/><SP WIDTH="16" VPOS="1089" HPOS="391"/>
							<String ID="string_231" HPOS="407" VPOS="1088" WIDTH="25" HEIGHT="21" WC="0.96" CONTENT="de"/><SP WIDTH="16" VPOS="1088" HPOS="432"/>
							<String ID="string_232" HPOS="448" VPOS="1089" WIDTH="63" HEIGHT="20" WC="0.96" CONTENT="flesta"/><SP WIDTH="18" VPOS="1089" HPOS="511"/>
							<String ID="string_233" HPOS="529" VPOS="1089" WIDTH="115" HEIGHT="21" WC="0.96" CONTENT="händelser"/><SP WIDTH="19" VPOS="1089" HPOS="644"/>
							<String ID="string_234" HPOS="663" VPOS="1089" WIDTH="41" HEIGHT="20" WC="0.93" CONTENT="den"/><SP WIDTH="20" VPOS="1089" HPOS="704"/>
							<String ID="string_235" HPOS="724" VPOS="1089" WIDTH="116" HEIGHT="27" WC="0.92" CONTENT="omyndige"/><SP WIDTH="16" VPOS="1089" HPOS="840"/>
							<String ID="string_236" HPOS="856" VPOS="1088" WIDTH="76" HEIGHT="28" WC="0.92" CONTENT="ingen-"/>
						</TextLine>
						<TextLine ID="line_28" HPOS="183" VPOS="1122" WIDTH="749" HEIGHT="29">
							<String ID="string_237" HPOS="183" VPOS="1123" WIDTH="56" HEIGHT="28" WC="0.96" CONTENT="ting,"/><SP WIDTH="22" VPOS="1123" HPOS="239"/>
							<String ID="string_238" HPOS="261" VPOS="1124" WIDTH="23" HEIGHT="26" WC="0.93" CONTENT="ty"/><SP WIDTH="20" VPOS="1124" HPOS="284"/>
							<String ID="string_239" HPOS="304" VPOS="1122" WIDTH="87" HEIGHT="21" WC="0.92" CONTENT="fränder"/><SP WIDTH="20" VPOS="1122" HPOS="391"/>
							<String ID="string_240" HPOS="411" VPOS="1123" WIDTH="38" HEIGHT="20" WC="0.96" CONTENT="och"/><SP WIDTH="22" VPOS="1123" HPOS="449"/>
							<String ID="string_241" HPOS="471" VPOS="1123" WIDTH="55" HEIGHT="28" WC="0.96" CONTENT="gode"/><SP WIDTH="20" VPOS="1123" HPOS="526"/>
							<String ID="string_242" HPOS="546" VPOS="1125" WIDTH="49" HEIGHT="19" WC="0.96" CONTENT="män"/><SP WIDTH="16" VPOS="1125" HPOS="595"/>
							<String ID="string_243" HPOS="611" VPOS="1123" WIDTH="74" HEIGHT="21" WC="0.96" CONTENT="kunna"/><SP WIDTH="15" VPOS="1123" HPOS="685"/>
							<String ID="string_244" HPOS="700" VPOS="1130" WIDTH="52" HEIGHT="14" WC="0.91" CONTENT="vara"/><SP WIDTH="14" VPOS="1130" HPOS="752"/>
							<String ID="string_245" HPOS="766" VPOS="1123" WIDTH="103" HEIGHT="28" WC="0.91" CONTENT="utfattiga"/><SP WIDTH="16" VPOS="1123" HPOS="869"/>
							<String ID="string_246" HPOS="885" VPOS="1123" WIDTH="47" HEIGHT="26" WC="0.96" CONTENT="och,"/>
						</TextLine>
						<TextLine ID="line_29" HPOS="183" VPOS="1157" WIDTH="749" HEIGHT="29">
							<String ID="string_247" HPOS="183" VPOS="1164" WIDTH="35" HEIGHT="13" WC="0.96" CONTENT="om"/><SP WIDTH="15" VPOS="1164" HPOS="218"/>
							<String ID="string_248" HPOS="233" VPOS="1157" WIDTH="26" HEIGHT="20" WC="0.96" CONTENT="de"/><SP WIDTH="16" VPOS="1157" HPOS="259"/>
							<String ID="string_249" HPOS="275" VPOS="1157" WIDTH="66" HEIGHT="21" WC="0.96" CONTENT="också"/><SP WIDTH="15" VPOS="1157" HPOS="341"/>
							<String ID="string_250" HPOS="356" VPOS="1157" WIDTH="64" HEIGHT="21" WC="0.96" CONTENT="hafva"/><SP WIDTH="15" VPOS="1157" HPOS="420"/>
							<String ID="string_251" HPOS="435" VPOS="1159" WIDTH="72" HEIGHT="26" WC="0.96" CONTENT="någon"/><SP WIDTH="15" VPOS="1159" HPOS="507"/>
							<String ID="string_252" HPOS="522" VPOS="1157" WIDTH="99" HEIGHT="29" WC="0.96" CONTENT="tillgång,"/><SP WIDTH="12" VPOS="1157" HPOS="621"/>
							<String ID="string_253" HPOS="633" VPOS="1158" WIDTH="83" HEIGHT="20" WC="0.96" CONTENT="medför"/><SP WIDTH="11" VPOS="1158" HPOS="716"/>
							<String ID="string_254" HPOS="727" VPOS="1157" WIDTH="146" HEIGHT="21" WC="0.96" CONTENT="förhållandet"/><SP WIDTH="11" VPOS="1157" HPOS="873"/>
							<String ID="string_255" HPOS="884" VPOS="1157" WIDTH="48" HEIGHT="21" WC="0.96" CONTENT="icke"/>
						</TextLine>
						<TextLine ID="line_30" HPOS="183" VPOS="1191" WIDTH="749" HEIGHT="29">
							<String ID="string_256" HPOS="183" VPOS="1191" WIDTH="140" HEIGHT="22" WC="0.92" CONTENT="förmänsrätt"/><SP WIDTH="20" VPOS="1191" HPOS="323"/>
							<String ID="string_257" HPOS="343" VPOS="1192" WIDTH="7" HEIGHT="20" WC="0.96" CONTENT="i"/><SP WIDTH="22" VPOS="1192" HPOS="350"/>
							<String ID="string_258" HPOS="372" VPOS="1192" WIDTH="61" HEIGHT="21" WC="0.96" CONTENT="deras"/><SP WIDTH="21" VPOS="1192" HPOS="433"/>
							<String ID="string_259" HPOS="454" VPOS="1193" WIDTH="112" HEIGHT="27" WC="0.93" CONTENT="egendom."/><SP WIDTH="31" VPOS="1193" HPOS="566"/>
							<String ID="string_260" HPOS="597" VPOS="1192" WIDTH="114" HEIGHT="28" WC="0.85" CONTENT="Lagbudet"/><SP WIDTH="18" VPOS="1192" HPOS="711"/>
							<String ID="string_261" HPOS="729" VPOS="1191" WIDTH="61" HEIGHT="22" WC="0.96" CONTENT="leder"/><SP WIDTH="15" VPOS="1191" HPOS="790"/>
							<String ID="string_262" HPOS="805" VPOS="1192" WIDTH="83" HEIGHT="21" WC="0.96" CONTENT="således"/><SP WIDTH="16" VPOS="1192" HPOS="888"/>
							<String ID="string_263" HPOS="904" VPOS="1191" WIDTH="28" HEIGHT="28" WC="0.97" CONTENT="pä"/>
						</TextLine>
						<TextLine ID="line_31" HPOS="183" VPOS="1225" WIDTH="749" HEIGHT="29">
							<String ID="string_264" HPOS="183" VPOS="1225" WIDTH="60" HEIGHT="22" WC="0.94" CONTENT="detta"/><SP WIDTH="15" VPOS="1225" HPOS="243"/>
							<String ID="string_265" HPOS="258" VPOS="1227" WIDTH="43" HEIGHT="20" WC="0.95" CONTENT="sätt"/><SP WIDTH="15" VPOS="1227" HPOS="301"/>
							<String ID="string_266" HPOS="316" VPOS="1226" WIDTH="32" HEIGHT="20" WC="0.92" CONTENT="till"/><SP WIDTH="17" VPOS="1226" HPOS="348"/>
							<String ID="string_267" HPOS="365" VPOS="1226" WIDTH="55" HEIGHT="21" WC="0.93" CONTENT="intet"/><SP WIDTH="15" VPOS="1226" HPOS="420"/>
							<String ID="string_268" HPOS="435" VPOS="1228" WIDTH="72" HEIGHT="25" WC="0.96" CONTENT="annat,"/><SP WIDTH="16" VPOS="1228" HPOS="507"/>
							<String ID="string_269" HPOS="523" VPOS="1228" WIDTH="27" HEIGHT="19" WC="0.97" CONTENT="än"/><SP WIDTH="17" VPOS="1228" HPOS="550"/>
							<String ID="string_270" HPOS="567" VPOS="1227" WIDTH="32" HEIGHT="20" WC="0.93" CONTENT="till"/><SP WIDTH="16" VPOS="1227" HPOS="599"/>
							<String ID="string_271" HPOS="615" VPOS="1227" WIDTH="67" HEIGHT="20" WC="0.93" CONTENT="rätter"/><SP WIDTH="16" VPOS="1227" HPOS="682"/>
							<String ID="string_272" HPOS="698" VPOS="1227" WIDTH="86" HEIGHT="27" WC="0.91" CONTENT="ägares,"/><SP WIDTH="16" VPOS="1227" HPOS="784"/>
							<String ID="string_273" HPOS="800" VPOS="1227" WIDTH="42" HEIGHT="20" WC="0.93" CONTENT="den"/><SP WIDTH="16" VPOS="1227" HPOS="842"/>
							<String ID="string_274" HPOS="858" VPOS="1233" WIDTH="74" HEIGHT="20" WC="0.92" CONTENT="omyn-"/>
						</TextLine>
						<TextLine ID="line_32" HPOS="184" VPOS="1259" WIDTH="749" HEIGHT="28">
							<String ID="string_275" HPOS="184" VPOS="1259" WIDTH="60" HEIGHT="27" WC="0.91" CONTENT="diges"/><SP WIDTH="16" VPOS="1259" HPOS="244"/>
							<String ID="string_276" HPOS="260" VPOS="1260" WIDTH="168" HEIGHT="25" WC="0.92" CONTENT="förfördelande,"/><SP WIDTH="16" VPOS="1260" HPOS="428"/>
							<String ID="string_277" HPOS="444" VPOS="1262" WIDTH="23" HEIGHT="25" WC="0.93" CONTENT="ty"/><SP WIDTH="15" VPOS="1262" HPOS="467"/>
							<String ID="string_278" HPOS="482" VPOS="1261" WIDTH="49" HEIGHT="20" WC="0.92" CONTENT="icke"/><SP WIDTH="15" VPOS="1261" HPOS="531"/>
							<String ID="string_279" HPOS="546" VPOS="1261" WIDTH="74" HEIGHT="19" WC="0.93" CONTENT="kunna"/><SP WIDTH="15" VPOS="1261" HPOS="620"/>
							<String ID="string_280" HPOS="635" VPOS="1260" WIDTH="115" HEIGHT="20" WC="0.92" CONTENT="fränderna"/><SP WIDTH="17" VPOS="1260" HPOS="750"/>
							<String ID="string_281" HPOS="767" VPOS="1260" WIDTH="69" HEIGHT="21" WC="0.95" CONTENT="bättre"/><SP WIDTH="15" VPOS="1260" HPOS="836"/>
							<String ID="string_282" HPOS="851" VPOS="1262" WIDTH="27" HEIGHT="18" WC="0.93" CONTENT="än"/><SP WIDTH="11" VPOS="1262" HPOS="878"/>
							<String ID="string_283" HPOS="889" VPOS="1260" WIDTH="44" HEIGHT="20" WC="0.92" CONTENT="för-"/>
						</TextLine>
						<TextLine ID="line_33" HPOS="184" VPOS="1293" WIDTH="749" HEIGHT="28">
							<String ID="string_284" HPOS="184" VPOS="1293" WIDTH="119" HEIGHT="27" WC="0.92" CONTENT="myndaren"/><SP WIDTH="26" VPOS="1293" HPOS="303"/>
							<String ID="string_285" HPOS="329" VPOS="1293" WIDTH="99" HEIGHT="21" WC="0.92" CONTENT="redovisa"/><SP WIDTH="20" VPOS="1293" HPOS="428"/>
							<String ID="string_286" HPOS="448" VPOS="1294" WIDTH="34" HEIGHT="20" WC="0.93" CONTENT="för"/><SP WIDTH="19" VPOS="1294" HPOS="482"/>
							<String ID="string_287" HPOS="501" VPOS="1293" WIDTH="152" HEIGHT="28" WC="0.92" CONTENT="utgiftsposter"/><SP WIDTH="18" VPOS="1293" HPOS="653"/>
							<String ID="string_288" HPOS="671" VPOS="1294" WIDTH="56" HEIGHT="20" WC="0.96" CONTENT="efter"/><SP WIDTH="20" VPOS="1294" HPOS="727"/>
							<String ID="string_289" HPOS="747" VPOS="1301" WIDTH="28" HEIGHT="14" WC="0.95" CONTENT="en"/><SP WIDTH="20" VPOS="1301" HPOS="775"/>
							<String ID="string_290" HPOS="795" VPOS="1294" WIDTH="76" HEIGHT="27" WC="0.93" CONTENT="längre"/><SP WIDTH="20" VPOS="1294" HPOS="871"/>
							<String ID="string_291" HPOS="891" VPOS="1294" WIDTH="42" HEIGHT="20" WC="0.92" CONTENT="tids"/>
						</TextLine>
						<TextLine ID="line_34" HPOS="184" VPOS="1327" WIDTH="748" HEIGHT="29">
							<String ID="string_292" HPOS="184" VPOS="1327" WIDTH="92" HEIGHT="28" WC="0.92" CONTENT="förlopp."/><SP WIDTH="33" VPOS="1327" HPOS="276"/>
							<String ID="string_293" HPOS="309" VPOS="1327" WIDTH="45" HEIGHT="20" WC="0.96" CONTENT="Och"/><SP WIDTH="22" VPOS="1327" HPOS="354"/>
							<String ID="string_294" HPOS="376" VPOS="1327" WIDTH="109" HEIGHT="21" WC="0.96" CONTENT="dessutom"/><SP WIDTH="22" VPOS="1327" HPOS="485"/>
							<String ID="string_295" HPOS="507" VPOS="1334" WIDTH="62" HEIGHT="14" WC="0.96" CONTENT="anser"/><SP WIDTH="18" VPOS="1334" HPOS="569"/>
							<String ID="string_296" HPOS="587" VPOS="1327" WIDTH="39" HEIGHT="28" WC="0.93" CONTENT="jag"/><SP WIDTH="17" VPOS="1327" HPOS="626"/>
							<String ID="string_297" HPOS="643" VPOS="1327" WIDTH="114" HEIGHT="29" WC="0.92" CONTENT="härvidlag"/><SP WIDTH="15" VPOS="1327" HPOS="757"/>
							<String ID="string_298" HPOS="772" VPOS="1327" WIDTH="48" HEIGHT="22" WC="0.93" CONTENT="hela"/><SP WIDTH="16" VPOS="1327" HPOS="820"/>
							<String ID="string_299" HPOS="836" VPOS="1327" WIDTH="96" HEIGHT="21" WC="0.93" CONTENT="verifice-"/>
						</TextLine>
						<TextLine ID="line_35" HPOS="185" VPOS="1361" WIDTH="748" HEIGHT="30">
							<String ID="string_300" HPOS="185" VPOS="1361" WIDTH="77" HEIGHT="28" WC="0.96" CONTENT="ringen"/><SP WIDTH="15" VPOS="1361" HPOS="262"/>
							<String ID="string_301" HPOS="277" VPOS="1363" WIDTH="76" HEIGHT="26" WC="0.96" CONTENT="utgöra"/><SP WIDTH="16" VPOS="1363" HPOS="353"/>
							<String ID="string_302" HPOS="369" VPOS="1368" WIDTH="26" HEIGHT="14" WC="0.93" CONTENT="en"/><SP WIDTH="16" VPOS="1368" HPOS="395"/>
							<String ID="string_303" HPOS="411" VPOS="1361" WIDTH="193" HEIGHT="28" WC="0.92" CONTENT="biomständighet:"/><SP WIDTH="17" VPOS="1361" HPOS="604"/>
							<String ID="string_304" HPOS="621" VPOS="1362" WIDTH="36" HEIGHT="21" WC="0.96" CONTENT="det"/><SP WIDTH="15" VPOS="1362" HPOS="657"/>
							<String ID="string_305" HPOS="672" VPOS="1363" WIDTH="24" HEIGHT="20" WC="0.93" CONTENT="är"/><SP WIDTH="15" VPOS="1363" HPOS="696"/>
							<String ID="string_306" HPOS="711" VPOS="1362" WIDTH="48" HEIGHT="21" WC="0.93" CONTENT="icke"/><SP WIDTH="6" VPOS="1362" HPOS="759"/>
							<String ID="string_307" HPOS="765" VPOS="1362" WIDTH="168" HEIGHT="29" WC="0.89" CONTENT="förmyndarens"/>
						</TextLine>
						<TextLine ID="line_36" HPOS="185" VPOS="1396" WIDTH="747" HEIGHT="29">
							<String ID="string_308" HPOS="185" VPOS="1396" WIDTH="80" HEIGHT="27" WC="0.88" CONTENT="fördel,"/><SP WIDTH="16" VPOS="1396" HPOS="265"/>
							<String ID="string_309" HPOS="281" VPOS="1403" WIDTH="46" HEIGHT="14" WC="0.96" CONTENT="som"/><SP WIDTH="20" VPOS="1403" HPOS="327"/>
							<String ID="string_310" HPOS="347" VPOS="1403" WIDTH="29" HEIGHT="14" WC="0.96" CONTENT="nu"/><SP WIDTH="21" VPOS="1403" HPOS="376"/>
							<String ID="string_311" HPOS="397" VPOS="1397" WIDTH="24" HEIGHT="20" WC="0.91" CONTENT="är"/><SP WIDTH="19" VPOS="1397" HPOS="421"/>
							<String ID="string_312" HPOS="440" VPOS="1396" WIDTH="76" HEIGHT="29" WC="0.91" CONTENT="ifräga,"/><SP WIDTH="19" VPOS="1396" HPOS="516"/>
							<String ID="string_313" HPOS="535" VPOS="1398" WIDTH="50" HEIGHT="19" WC="0.96" CONTENT="utan"/><SP WIDTH="18" VPOS="1398" HPOS="585"/>
							<String ID="string_314" HPOS="603" VPOS="1397" WIDTH="36" HEIGHT="20" WC="0.96" CONTENT="det"/><SP WIDTH="16" VPOS="1397" HPOS="639"/>
							<String ID="string_315" HPOS="655" VPOS="1398" WIDTH="22" HEIGHT="19" WC="0.96" CONTENT="är"/><SP WIDTH="16" VPOS="1398" HPOS="677"/>
							<String ID="string_316" HPOS="693" VPOS="1397" WIDTH="39" HEIGHT="21" WC="0.93" CONTENT="den"/><SP WIDTH="15" VPOS="1397" HPOS="732"/>
							<String ID="string_317" HPOS="747" VPOS="1397" WIDTH="119" HEIGHT="28" WC="0.91" CONTENT="omyndiges"/><SP WIDTH="15" VPOS="1397" HPOS="866"/>
							<String ID="string_318" HPOS="881" VPOS="1398" WIDTH="51" HEIGHT="25" WC="0.96" CONTENT="rätt,"/>
						</TextLine>
						<TextLine ID="line_37" HPOS="185" VPOS="1431" WIDTH="747" HEIGHT="28">
							<String ID="string_319" HPOS="185" VPOS="1438" WIDTH="44" HEIGHT="14" WC="0.96" CONTENT="som"/><SP WIDTH="21" VPOS="1438" HPOS="229"/>
							<String ID="string_320" HPOS="250" VPOS="1431" WIDTH="64" HEIGHT="28" WC="0.96" CONTENT="lagen"/><SP WIDTH="19" VPOS="1431" HPOS="314"/>
							<String ID="string_321" HPOS="333" VPOS="1431" WIDTH="39" HEIGHT="21" WC="0.96" CONTENT="här"/><SP WIDTH="20" VPOS="1431" HPOS="372"/>
							<String ID="string_322" HPOS="392" VPOS="1431" WIDTH="55" HEIGHT="21" WC="0.93" CONTENT="skall"/><SP WIDTH="20" VPOS="1431" HPOS="447"/>
							<String ID="string_323" HPOS="467" VPOS="1433" WIDTH="73" HEIGHT="20" WC="0.92" CONTENT="värna."/><SP WIDTH="31" VPOS="1433" HPOS="540"/>
							<String ID="string_324" HPOS="571" VPOS="1431" WIDTH="74" HEIGHT="28" WC="0.93" CONTENT="Lagen"/><SP WIDTH="21" VPOS="1431" HPOS="645"/>
							<String ID="string_325" HPOS="666" VPOS="1431" WIDTH="81" HEIGHT="22" WC="0.96" CONTENT="tillåter"/><SP WIDTH="15" VPOS="1431" HPOS="747"/>
							<String ID="string_326" HPOS="762" VPOS="1431" WIDTH="48" HEIGHT="21" WC="0.96" CONTENT="icke"/><SP WIDTH="16" VPOS="1431" HPOS="810"/>
							<String ID="string_327" HPOS="826" VPOS="1431" WIDTH="41" HEIGHT="22" WC="0.93" CONTENT="den"/><SP WIDTH="17" VPOS="1431" HPOS="867"/>
							<String ID="string_328" HPOS="884" VPOS="1431" WIDTH="48" HEIGHT="22" WC="0.81" CONTENT="sist-"/>
						</TextLine>
					</TextBlock>
				</ComposedBlock>
				<GraphicalElement ID="cblock_2" HPOS="1031" VPOS="0" WIDTH="8" HEIGHT="660"></GraphicalElement >
			</PrintSpace>
		</Page>
	</Layout>
</alto>
