<?xml version="1.0" encoding="UTF-8"?>
<alto xmlns="http://www.loc.gov/standards/alto/ns-v3#" xmlns:xlink="http://www.w3.org/1999/xlink" xmlns:xsi="http://www.w3.org/2001/XMLSchema-instance" xsi:schemaLocation="http://www.loc.gov/standards/alto/ns-v3# http://www.loc.gov/alto/v3/alto-3-0.xsd">
	<Description>
		<MeasurementUnit>pixel</MeasurementUnit>
		<sourceImageInformation>
			<fileName>/tmp/tess_57z4g59x_input.PNG</fileName>
		</sourceImageInformation>
		<OCRProcessing ID="OCR_0">
			<ocrProcessingStep>
				<processingSoftware>
					<softwareName>tesseract 5.3.4</softwareName>
				</processingSoftware>
			</ocrProcessingStep>
		</OCRProcessing>
	</Description>
	<Layout>
		<Page WIDTH="1023" HEIGHT="1714" PHYSICAL_IMG_NR="0" ID="page_0">
			<PrintSpace HPOS="0" VPOS="0" WIDTH="1023" HEIGHT="1714">
				<ComposedBlock ID="cblock_0" HPOS="762" VPOS="130" WIDTH="41" HEIGHT="22">
					<TextBlock ID="block_0" HPOS="762" VPOS="130" WIDTH="41" HEIGHT="22">
						<TextLine ID="line_0" HPOS="762" VPOS="130" WIDTH="41" HEIGHT="22">
							<String ID="string_0" HPOS="762" VPOS="130" WIDTH="41" HEIGHT="22" WC="0.94" CONTENT="525"/>
						</TextLine>
					</TextBlock>
				</ComposedBlock>
				<ComposedBlock ID="cblock_1" HPOS="156" VPOS="197" WIDTH="334" HEIGHT="140">
					<TextBlock ID="block_1" HPOS="157" VPOS="197" WIDTH="333" HEIGHT="49">
						<TextLine ID="line_1" HPOS="429" VPOS="197" WIDTH="61" HEIGHT="27">
							<String ID="string_1" HPOS="429" VPOS="197" WIDTH="12" HEIGHT="27" WC="0.92" CONTENT="8"/><SP WIDTH="16" VPOS="197" HPOS="441"/>
							<String ID="string_2" HPOS="457" VPOS="197" WIDTH="33" HEIGHT="21" WC="0.96" CONTENT="30."/>
						</TextLine>
						<TextLine ID="line_2" HPOS="157" VPOS="225" WIDTH="143" HEIGHT="21">
							<String ID="string_3" HPOS="157" VPOS="225" WIDTH="143" HEIGHT="21" WC="0.89" CONTENT="Oförändrad."/>
						</TextLine>
					</TextBlock>
					<TextBlock ID="block_2" HPOS="156" VPOS="254" WIDTH="331" HEIGHT="49">
						<TextLine ID="line_3" HPOS="428" VPOS="254" WIDTH="59" HEIGHT="26">
							<String ID="string_4" HPOS="428" VPOS="254" WIDTH="11" HEIGHT="26" WC="0.93" CONTENT="8"/><SP WIDTH="16" VPOS="254" HPOS="439"/>
							<String ID="string_5" HPOS="455" VPOS="254" WIDTH="32" HEIGHT="20" WC="0.93" CONTENT="31."/>
						</TextLine>
						<TextLine ID="line_4" HPOS="156" VPOS="282" WIDTH="142" HEIGHT="21">
							<String ID="string_6" HPOS="156" VPOS="282" WIDTH="142" HEIGHT="21" WC="0.92" CONTENT="Oförändrad."/>
						</TextLine>
					</TextBlock>
					<TextBlock ID="block_3" HPOS="429" VPOS="311" WIDTH="60" HEIGHT="26">
						<TextLine ID="line_5" HPOS="429" VPOS="311" WIDTH="60" HEIGHT="26">
							<String ID="string_7" HPOS="429" VPOS="311" WIDTH="12" HEIGHT="26" WC="0.93" CONTENT="8"/><SP WIDTH="16" VPOS="311" HPOS="441"/>
							<String ID="string_8" HPOS="457" VPOS="311" WIDTH="32" HEIGHT="20" WC="0.95" CONTENT="32."/>
						</TextLine>
					</TextBlock>
				</ComposedBlock>
				<ComposedBlock ID="cblock_2" HPOS="88" VPOS="344" WIDTH="747" HEIGHT="481">
					<TextBlock ID="block_4" HPOS="88" VPOS="344" WIDTH="747" HEIGHT="481">
						<TextLine ID="line_6" HPOS="156" VPOS="344" WIDTH="676" HEIGHT="29">
							<String ID="string_9" HPOS="156" VPOS="345" WIDTH="50" HEIGHT="21" WC="0.96" CONTENT="Alla"/><SP WIDTH="15" VPOS="345" HPOS="206"/>
							<String ID="string_10" HPOS="221" VPOS="345" WIDTH="34" HEIGHT="21" WC="0.95" CONTENT="val"/><SP WIDTH="16" VPOS="345" HPOS="255"/>
							<String ID="string_11" HPOS="271" VPOS="345" WIDTH="67" HEIGHT="26" WC="0.96" CONTENT="skola,"/><SP WIDTH="16" VPOS="345" HPOS="338"/>
							<String ID="string_12" HPOS="354" VPOS="345" WIDTH="55" HEIGHT="21" WC="0.93" CONTENT="efter"/><SP WIDTH="15" VPOS="345" HPOS="409"/>
							<String ID="string_13" HPOS="424" VPOS="344" WIDTH="128" HEIGHT="29" WC="0.91" CONTENT="föregånget"/><SP WIDTH="15" VPOS="344" HPOS="552"/>
							<String ID="string_14" HPOS="567" VPOS="345" WIDTH="82" HEIGHT="28" WC="0.95" CONTENT="anslag,"/><SP WIDTH="16" VPOS="345" HPOS="649"/>
							<String ID="string_15" HPOS="665" VPOS="345" WIDTH="101" HEIGHT="21" WC="0.96" CONTENT="förrättas"/><SP WIDTH="16" VPOS="345" HPOS="766"/>
							<String ID="string_16" HPOS="782" VPOS="346" WIDTH="50" HEIGHT="20" WC="0.96" CONTENT="med"/>
						</TextLine>
						<TextLine ID="line_7" HPOS="89" VPOS="379" WIDTH="744" HEIGHT="28">
							<String ID="string_17" HPOS="89" VPOS="380" WIDTH="83" HEIGHT="21" WC="0.92" CONTENT="skrifna"/><SP WIDTH="18" VPOS="380" HPOS="172"/>
							<String ID="string_18" HPOS="190" VPOS="379" WIDTH="112" HEIGHT="27" WC="0.96" CONTENT="valsedlar,"/><SP WIDTH="15" VPOS="379" HPOS="302"/>
							<String ID="string_19" HPOS="317" VPOS="379" WIDTH="79" HEIGHT="27" WC="0.96" CONTENT="hvilka,"/><SP WIDTH="16" VPOS="379" HPOS="396"/>
							<String ID="string_20" HPOS="412" VPOS="379" WIDTH="34" HEIGHT="21" WC="0.95" CONTENT="för"/><SP WIDTH="15" VPOS="379" HPOS="446"/>
							<String ID="string_21" HPOS="461" VPOS="381" WIDTH="30" HEIGHT="19" WC="0.95" CONTENT="att"/><SP WIDTH="15" VPOS="381" HPOS="491"/>
							<String ID="string_22" HPOS="506" VPOS="379" WIDTH="67" HEIGHT="21" WC="0.96" CONTENT="blifva"/><SP WIDTH="15" VPOS="379" HPOS="573"/>
							<String ID="string_23" HPOS="588" VPOS="379" WIDTH="110" HEIGHT="28" WC="0.96" CONTENT="gällande,"/><SP WIDTH="16" VPOS="379" HPOS="698"/>
							<String ID="string_24" HPOS="714" VPOS="380" WIDTH="53" HEIGHT="20" WC="0.96" CONTENT="böra"/><SP WIDTH="15" VPOS="380" HPOS="767"/>
							<String ID="string_25" HPOS="782" VPOS="387" WIDTH="51" HEIGHT="13" WC="0.96" CONTENT="vara"/>
						</TextLine>
						<TextLine ID="line_8" HPOS="90" VPOS="413" WIDTH="743" HEIGHT="29">
							<String ID="string_26" HPOS="90" VPOS="414" WIDTH="73" HEIGHT="26" WC="0.96" CONTENT="enkla,"/><SP WIDTH="20" VPOS="414" HPOS="163"/>
							<String ID="string_27" HPOS="183" VPOS="414" WIDTH="81" HEIGHT="26" WC="0.96" CONTENT="slutna,"/><SP WIDTH="17" VPOS="414" HPOS="264"/>
							<String ID="string_28" HPOS="281" VPOS="413" WIDTH="97" HEIGHT="21" WC="0.96" CONTENT="omärkta"/><SP WIDTH="20" VPOS="413" HPOS="378"/>
							<String ID="string_29" HPOS="398" VPOS="413" WIDTH="39" HEIGHT="21" WC="0.96" CONTENT="och"/><SP WIDTH="20" VPOS="413" HPOS="437"/>
							<String ID="string_30" HPOS="457" VPOS="414" WIDTH="41" HEIGHT="20" WC="0.96" CONTENT="fria"/><SP WIDTH="18" VPOS="414" HPOS="498"/>
							<String ID="string_31" HPOS="516" VPOS="414" WIDTH="48" HEIGHT="20" WC="0.96" CONTENT="från"/><SP WIDTH="15" VPOS="414" HPOS="564"/>
							<String ID="string_32" HPOS="579" VPOS="414" WIDTH="59" HEIGHT="20" WC="0.96" CONTENT="såväl"/><SP WIDTH="16" VPOS="414" HPOS="638"/>
							<String ID="string_33" HPOS="654" VPOS="414" WIDTH="28" HEIGHT="20" WC="0.96" CONTENT="all"/><SP WIDTH="15" VPOS="414" HPOS="682"/>
							<String ID="string_34" HPOS="697" VPOS="414" WIDTH="136" HEIGHT="28" WC="0.96" CONTENT="tvetydighet"/>
						</TextLine>
						<TextLine ID="line_9" HPOS="89" VPOS="448" WIDTH="743" HEIGHT="28">
							<String ID="string_35" HPOS="89" VPOS="448" WIDTH="56" HEIGHT="22" WC="0.93" CONTENT="hvad"/><SP WIDTH="20" VPOS="448" HPOS="145"/>
							<String ID="string_36" HPOS="165" VPOS="455" WIDTH="144" HEIGHT="21" WC="0.90" CONTENT="personernes"/><SP WIDTH="20" VPOS="455" HPOS="309"/>
							<String ID="string_37" HPOS="329" VPOS="455" WIDTH="64" HEIGHT="14" WC="0.96" CONTENT="namn"/><SP WIDTH="21" VPOS="455" HPOS="393"/>
							<String ID="string_38" HPOS="414" VPOS="448" WIDTH="73" HEIGHT="28" WC="0.96" CONTENT="angår,"/><SP WIDTH="20" VPOS="448" HPOS="487"/>
							<String ID="string_39" HPOS="507" VPOS="455" WIDTH="46" HEIGHT="14" WC="0.92" CONTENT="som"/><SP WIDTH="16" VPOS="455" HPOS="553"/>
							<String ID="string_40" HPOS="569" VPOS="448" WIDTH="118" HEIGHT="28" WC="0.91" CONTENT="oriktighet"/><SP WIDTH="15" VPOS="448" HPOS="687"/>
							<String ID="string_41" HPOS="702" VPOS="448" WIDTH="7" HEIGHT="20" WC="0.96" CONTENT="i"/><SP WIDTH="15" VPOS="448" HPOS="709"/>
							<String ID="string_42" HPOS="724" VPOS="449" WIDTH="108" HEIGHT="21" WC="0.96" CONTENT="anseende"/>
						</TextLine>
						<TextLine ID="line_10" HPOS="89" VPOS="482" WIDTH="743" HEIGHT="29">
							<String ID="string_43" HPOS="89" VPOS="483" WIDTH="33" HEIGHT="21" WC="0.96" CONTENT="till"/><SP WIDTH="21" VPOS="483" HPOS="122"/>
							<String ID="string_44" HPOS="143" VPOS="483" WIDTH="61" HEIGHT="21" WC="0.96" CONTENT="deras"/><SP WIDTH="16" VPOS="483" HPOS="204"/>
							<String ID="string_45" HPOS="220" VPOS="483" WIDTH="65" HEIGHT="20" WC="0.96" CONTENT="antal."/><SP WIDTH="29" VPOS="483" HPOS="285"/>
							<String ID="string_46" HPOS="314" VPOS="482" WIDTH="44" HEIGHT="21" WC="0.95" CONTENT="Vid"/><SP WIDTH="15" VPOS="482" HPOS="358"/>
							<String ID="string_47" HPOS="373" VPOS="482" WIDTH="26" HEIGHT="21" WC="0.96" CONTENT="de"/><SP WIDTH="16" VPOS="482" HPOS="399"/>
							<String ID="string_48" HPOS="415" VPOS="482" WIDTH="107" HEIGHT="27" WC="0.96" CONTENT="tillfällen,"/><SP WIDTH="16" VPOS="482" HPOS="522"/>
							<String ID="string_49" HPOS="538" VPOS="482" WIDTH="27" HEIGHT="21" WC="0.96" CONTENT="då"/><SP WIDTH="15" VPOS="482" HPOS="565"/>
							<String ID="string_50" HPOS="580" VPOS="484" WIDTH="32" HEIGHT="18" WC="0.96" CONTENT="ett"/><SP WIDTH="14" VPOS="484" HPOS="612"/>
							<String ID="string_51" HPOS="626" VPOS="482" WIDTH="54" HEIGHT="21" WC="0.96" CONTENT="visst"/><SP WIDTH="14" VPOS="482" HPOS="680"/>
							<String ID="string_52" HPOS="694" VPOS="483" WIDTH="59" HEIGHT="21" WC="0.93" CONTENT="antal"/><SP WIDTH="16" VPOS="483" HPOS="753"/>
							<String ID="string_53" HPOS="769" VPOS="490" WIDTH="63" HEIGHT="21" WC="0.92" CONTENT="supp-"/>
						</TextLine>
						<TextLine ID="line_11" HPOS="89" VPOS="517" WIDTH="744" HEIGHT="27">
							<String ID="string_54" HPOS="89" VPOS="518" WIDTH="84" HEIGHT="20" WC="0.92" CONTENT="leanter"/><SP WIDTH="15" VPOS="518" HPOS="173"/>
							<String ID="string_55" HPOS="188" VPOS="517" WIDTH="70" HEIGHT="21" WC="0.96" CONTENT="tillika"/><SP WIDTH="16" VPOS="517" HPOS="258"/>
							<String ID="string_56" HPOS="274" VPOS="517" WIDTH="86" HEIGHT="21" WC="0.96" CONTENT="komma"/><SP WIDTH="15" VPOS="517" HPOS="360"/>
							<String ID="string_57" HPOS="375" VPOS="518" WIDTH="31" HEIGHT="19" WC="0.96" CONTENT="att"/><SP WIDTH="16" VPOS="518" HPOS="406"/>
							<String ID="string_58" HPOS="422" VPOS="517" WIDTH="74" HEIGHT="27" WC="0.96" CONTENT="väljas,"/><SP WIDTH="16" VPOS="517" HPOS="496"/>
							<String ID="string_59" HPOS="512" VPOS="517" WIDTH="34" HEIGHT="21" WC="0.97" CONTENT="för"/><SP WIDTH="15" VPOS="517" HPOS="546"/>
							<String ID="string_60" HPOS="561" VPOS="518" WIDTH="32" HEIGHT="19" WC="0.96" CONTENT="att"/><SP WIDTH="15" VPOS="518" HPOS="593"/>
							<String ID="string_61" HPOS="608" VPOS="517" WIDTH="36" HEIGHT="21" WC="0.93" CONTENT="vid"/><SP WIDTH="14" VPOS="517" HPOS="644"/>
							<String ID="string_62" HPOS="658" VPOS="517" WIDTH="129" HEIGHT="21" WC="0.92" CONTENT="inträffande"/><SP WIDTH="16" VPOS="517" HPOS="787"/>
							<String ID="string_63" HPOS="803" VPOS="518" WIDTH="30" HEIGHT="20" WC="0.79" CONTENT="le-"/>
						</TextLine>
						<TextLine ID="line_12" HPOS="90" VPOS="551" WIDTH="744" HEIGHT="29">
							<String ID="string_64" HPOS="90" VPOS="553" WIDTH="74" HEIGHT="27" WC="0.96" CONTENT="dighet"/><SP WIDTH="20" VPOS="553" HPOS="164"/>
							<String ID="string_65" HPOS="184" VPOS="552" WIDTH="94" HEIGHT="26" WC="0.96" CONTENT="inträda,"/><SP WIDTH="21" VPOS="552" HPOS="278"/>
							<String ID="string_66" HPOS="299" VPOS="551" WIDTH="60" HEIGHT="21" WC="0.93" CONTENT="skola"/><SP WIDTH="15" VPOS="551" HPOS="359"/>
							<String ID="string_67" HPOS="374" VPOS="551" WIDTH="134" HEIGHT="21" WC="0.91" CONTENT="valsedlarne"/><SP WIDTH="16" VPOS="551" HPOS="508"/>
							<String ID="string_68" HPOS="524" VPOS="553" WIDTH="95" HEIGHT="26" WC="0.92" CONTENT="upptaga"/><SP WIDTH="15" VPOS="553" HPOS="619"/>
							<String ID="string_69" HPOS="634" VPOS="551" WIDTH="44" HEIGHT="22" WC="0.96" CONTENT="lika"/><SP WIDTH="15" VPOS="551" HPOS="678"/>
							<String ID="string_70" HPOS="693" VPOS="552" WIDTH="78" HEIGHT="28" WC="0.93" CONTENT="många"/><SP WIDTH="15" VPOS="552" HPOS="771"/>
							<String ID="string_71" HPOS="786" VPOS="559" WIDTH="48" HEIGHT="21" WC="0.92" CONTENT="per-"/>
						</TextLine>
						<TextLine ID="line_13" HPOS="90" VPOS="586" WIDTH="744" HEIGHT="28">
							<String ID="string_72" HPOS="90" VPOS="594" WIDTH="70" HEIGHT="20" WC="0.75" CONTENT="soner,"/><SP WIDTH="21" VPOS="594" HPOS="160"/>
							<String ID="string_73" HPOS="181" VPOS="593" WIDTH="45" HEIGHT="14" WC="0.93" CONTENT="som"/><SP WIDTH="20" VPOS="593" HPOS="226"/>
							<String ID="string_74" HPOS="246" VPOS="586" WIDTH="161" HEIGHT="27" WC="0.90" CONTENT="sammanlagda"/><SP WIDTH="15" VPOS="586" HPOS="407"/>
							<String ID="string_75" HPOS="422" VPOS="587" WIDTH="81" HEIGHT="20" WC="0.96" CONTENT="antalet"/><SP WIDTH="15" VPOS="587" HPOS="503"/>
							<String ID="string_76" HPOS="518" VPOS="586" WIDTH="24" HEIGHT="21" WC="0.96" CONTENT="af"/><SP WIDTH="12" VPOS="586" HPOS="542"/>
							<String ID="string_77" HPOS="554" VPOS="586" WIDTH="26" HEIGHT="21" WC="0.96" CONTENT="de"/><SP WIDTH="16" VPOS="586" HPOS="580"/>
							<String ID="string_78" HPOS="596" VPOS="586" WIDTH="108" HEIGHT="21" WC="0.92" CONTENT="ordinarie"/><SP WIDTH="14" VPOS="586" HPOS="704"/>
							<String ID="string_79" HPOS="718" VPOS="587" WIDTH="116" HEIGHT="20" WC="0.92" CONTENT="ledamots-"/>
						</TextLine>
						<TextLine ID="line_14" HPOS="90" VPOS="621" WIDTH="744" HEIGHT="29">
							<String ID="string_80" HPOS="90" VPOS="621" WIDTH="40" HEIGHT="22" WC="0.93" CONTENT="och"/><SP WIDTH="16" VPOS="621" HPOS="130"/>
							<String ID="string_81" HPOS="146" VPOS="621" WIDTH="202" HEIGHT="29" WC="0.92" CONTENT="suppleantplatser,"/><SP WIDTH="20" VPOS="621" HPOS="348"/>
							<String ID="string_82" HPOS="368" VPOS="621" WIDTH="84" HEIGHT="21" WC="0.92" CONTENT="hvilkas"/><SP WIDTH="23" VPOS="621" HPOS="452"/>
							<String ID="string_83" HPOS="475" VPOS="621" WIDTH="127" HEIGHT="21" WC="0.92" CONTENT="besättande"/><SP WIDTH="19" VPOS="621" HPOS="602"/>
							<String ID="string_84" HPOS="621" VPOS="621" WIDTH="28" HEIGHT="28" WC="0.96" CONTENT="på"/><SP WIDTH="23" VPOS="621" HPOS="649"/>
							<String ID="string_85" HPOS="672" VPOS="628" WIDTH="82" HEIGHT="14" WC="0.96" CONTENT="samma"/><SP WIDTH="23" VPOS="628" HPOS="754"/>
							<String ID="string_86" HPOS="777" VPOS="622" WIDTH="57" HEIGHT="27" WC="0.94" CONTENT="gång"/>
						</TextLine>
						<TextLine ID="line_15" HPOS="91" VPOS="655" WIDTH="743" HEIGHT="30">
							<String ID="string_87" HPOS="91" VPOS="659" WIDTH="23" HEIGHT="19" WC="0.96" CONTENT="är"/><SP WIDTH="15" VPOS="659" HPOS="114"/>
							<String ID="string_88" HPOS="129" VPOS="657" WIDTH="76" HEIGHT="28" WC="0.94" CONTENT="ifråga."/><SP WIDTH="29" VPOS="657" HPOS="205"/>
							<String ID="string_89" HPOS="234" VPOS="656" WIDTH="41" HEIGHT="27" WC="0.94" CONTENT="De,"/><SP WIDTH="15" VPOS="656" HPOS="275"/>
							<String ID="string_90" HPOS="290" VPOS="656" WIDTH="74" HEIGHT="21" WC="0.96" CONTENT="hvilka"/><SP WIDTH="15" VPOS="656" HPOS="364"/>
							<String ID="string_91" HPOS="379" VPOS="655" WIDTH="86" HEIGHT="22" WC="0.95" CONTENT="erhållit"/><SP WIDTH="15" VPOS="655" HPOS="465"/>
							<String ID="string_92" HPOS="480" VPOS="656" WIDTH="62" HEIGHT="21" WC="0.93" CONTENT="flesta"/><SP WIDTH="14" VPOS="656" HPOS="542"/>
							<String ID="string_93" HPOS="556" VPOS="657" WIDTH="105" HEIGHT="25" WC="0.92" CONTENT="rösterne,"/><SP WIDTH="15" VPOS="657" HPOS="661"/>
							<String ID="string_94" HPOS="676" VPOS="655" WIDTH="66" HEIGHT="22" WC="0.92" CONTENT="blifve"/><SP WIDTH="16" VPOS="655" HPOS="742"/>
							<String ID="string_95" HPOS="758" VPOS="656" WIDTH="28" HEIGHT="21" WC="0.93" CONTENT="då"/><SP WIDTH="15" VPOS="656" HPOS="786"/>
							<String ID="string_96" HPOS="801" VPOS="663" WIDTH="33" HEIGHT="14" WC="0.92" CONTENT="or-"/>
						</TextLine>
						<TextLine ID="line_16" HPOS="91" VPOS="689" WIDTH="743" HEIGHT="30">
							<String ID="string_97" HPOS="91" VPOS="691" WIDTH="82" HEIGHT="22" WC="0.92" CONTENT="dinarie"/><SP WIDTH="16" VPOS="691" HPOS="173"/>
							<String ID="string_98" HPOS="189" VPOS="691" WIDTH="119" HEIGHT="21" WC="0.96" CONTENT="ledamöter"/><SP WIDTH="15" VPOS="691" HPOS="308"/>
							<String ID="string_99" HPOS="323" VPOS="691" WIDTH="39" HEIGHT="20" WC="0.96" CONTENT="och"/><SP WIDTH="10" VPOS="691" HPOS="362"/>
							<String ID="string_100" HPOS="372" VPOS="690" WIDTH="26" HEIGHT="21" WC="0.93" CONTENT="de"/><SP WIDTH="15" VPOS="690" HPOS="398"/>
							<String ID="string_101" HPOS="413" VPOS="690" WIDTH="68" HEIGHT="28" WC="0.93" CONTENT="öfrige"/><SP WIDTH="12" VPOS="690" HPOS="481"/>
							<String ID="string_102" HPOS="493" VPOS="691" WIDTH="145" HEIGHT="28" WC="0.96" CONTENT="suppleanter."/><SP WIDTH="26" VPOS="691" HPOS="638"/>
							<String ID="string_103" HPOS="664" VPOS="689" WIDTH="30" HEIGHT="22" WC="0.20" CONTENT="Af"/><SP WIDTH="9" VPOS="689" HPOS="694"/>
							<String ID="string_104" HPOS="703" VPOS="690" WIDTH="71" HEIGHT="29" WC="0.75" CONTENT="ledige"/><SP WIDTH="12" VPOS="690" HPOS="774"/>
							<String ID="string_105" HPOS="786" VPOS="698" WIDTH="48" HEIGHT="21" WC="0.93" CONTENT="sup-"/>
						</TextLine>
						<TextLine ID="line_17" HPOS="91" VPOS="725" WIDTH="744" HEIGHT="30">
							<String ID="string_106" HPOS="91" VPOS="727" WIDTH="99" HEIGHT="28" WC="0.93" CONTENT="pleanter"/><SP WIDTH="14" VPOS="727" HPOS="190"/>
							<String ID="string_107" HPOS="204" VPOS="726" WIDTH="84" HEIGHT="21" WC="0.92" CONTENT="inträde"/><SP WIDTH="12" VPOS="726" HPOS="288"/>
							<String ID="string_108" HPOS="300" VPOS="725" WIDTH="81" HEIGHT="28" WC="0.91" CONTENT="jemväl"/><SP WIDTH="16" VPOS="725" HPOS="381"/>
							<String ID="string_109" HPOS="397" VPOS="725" WIDTH="41" HEIGHT="21" WC="0.96" CONTENT="den"/><SP WIDTH="21" VPOS="725" HPOS="438"/>
							<String ID="string_110" HPOS="459" VPOS="725" WIDTH="63" HEIGHT="27" WC="0.96" CONTENT="först,"/><SP WIDTH="21" VPOS="725" HPOS="522"/>
							<String ID="string_111" HPOS="543" VPOS="732" WIDTH="45" HEIGHT="14" WC="0.96" CONTENT="som"/><SP WIDTH="21" VPOS="732" HPOS="588"/>
							<String ID="string_112" HPOS="609" VPOS="725" WIDTH="26" HEIGHT="21" WC="0.96" CONTENT="de"/><SP WIDTH="20" VPOS="725" HPOS="635"/>
							<String ID="string_113" HPOS="655" VPOS="725" WIDTH="62" HEIGHT="21" WC="0.93" CONTENT="flesta"/><SP WIDTH="20" VPOS="725" HPOS="717"/>
							<String ID="string_114" HPOS="737" VPOS="727" WIDTH="98" HEIGHT="20" WC="0.93" CONTENT="rösterna"/>
						</TextLine>
						<TextLine ID="line_18" HPOS="91" VPOS="754" WIDTH="743" HEIGHT="33">
							<String ID="string_115" HPOS="91" VPOS="761" WIDTH="91" HEIGHT="22" WC="0.83" CONTENT="undfätt."/><SP WIDTH="31" VPOS="761" HPOS="182"/>
							<String ID="string_116" HPOS="213" VPOS="754" WIDTH="44" HEIGHT="27" WC="0.83" CONTENT="Äro"/><SP WIDTH="16" VPOS="754" HPOS="257"/>
							<String ID="string_117" HPOS="273" VPOS="762" WIDTH="108" HEIGHT="19" WC="0.92" CONTENT="rösternes"/><SP WIDTH="16" VPOS="762" HPOS="381"/>
							<String ID="string_118" HPOS="397" VPOS="760" WIDTH="58" HEIGHT="21" WC="0.91" CONTENT="antal"/><SP WIDTH="15" VPOS="760" HPOS="455"/>
							<String ID="string_119" HPOS="470" VPOS="760" WIDTH="33" HEIGHT="21" WC="0.93" CONTENT="för"/><SP WIDTH="15" VPOS="760" HPOS="503"/>
							<String ID="string_120" HPOS="518" VPOS="760" WIDTH="37" HEIGHT="21" WC="0.96" CONTENT="två"/><SP WIDTH="15" VPOS="760" HPOS="555"/>
							<String ID="string_121" HPOS="570" VPOS="759" WIDTH="54" HEIGHT="22" WC="0.93" CONTENT="eller"/><SP WIDTH="15" VPOS="759" HPOS="624"/>
							<String ID="string_122" HPOS="639" VPOS="759" WIDTH="51" HEIGHT="22" WC="0.96" CONTENT="flere"/><SP WIDTH="21" VPOS="759" HPOS="690"/>
							<String ID="string_123" HPOS="711" VPOS="759" WIDTH="53" HEIGHT="28" WC="0.93" CONTENT="lika,"/><SP WIDTH="20" VPOS="759" HPOS="764"/>
							<String ID="string_124" HPOS="784" VPOS="760" WIDTH="50" HEIGHT="21" WC="0.93" CONTENT="skil-"/>
						</TextLine>
						<TextLine ID="line_19" HPOS="88" VPOS="794" WIDTH="418" HEIGHT="31">
							<String ID="string_125" HPOS="88" VPOS="797" WIDTH="35" HEIGHT="28" WC="0.96" CONTENT="jes"/><SP WIDTH="15" VPOS="797" HPOS="123"/>
							<String ID="string_126" HPOS="138" VPOS="796" WIDTH="48" HEIGHT="21" WC="0.93" CONTENT="dem"/><SP WIDTH="18" VPOS="796" HPOS="186"/>
							<String ID="string_127" HPOS="204" VPOS="795" WIDTH="92" HEIGHT="22" WC="0.91" CONTENT="emellan"/><SP WIDTH="15" VPOS="795" HPOS="296"/>
							<String ID="string_128" HPOS="311" VPOS="802" WIDTH="78" HEIGHT="21" WC="0.93" CONTENT="genom"/><SP WIDTH="16" VPOS="802" HPOS="389"/>
							<String ID="string_129" HPOS="405" VPOS="794" WIDTH="101" HEIGHT="29" WC="0.92" CONTENT="lottning."/>
						</TextLine>
					</TextBlock>
				</ComposedBlock>
				<ComposedBlock ID="cblock_3" HPOS="91" VPOS="859" WIDTH="746" HEIGHT="200">
					<TextBlock ID="block_5" HPOS="432" VPOS="859" WIDTH="60" HEIGHT="26">
						<TextLine ID="line_20" HPOS="432" VPOS="859" WIDTH="60" HEIGHT="26">
							<String ID="string_130" HPOS="432" VPOS="859" WIDTH="11" HEIGHT="26" WC="0.92" CONTENT="8"/><SP WIDTH="16" VPOS="859" HPOS="443"/>
							<String ID="string_131" HPOS="459" VPOS="859" WIDTH="33" HEIGHT="20" WC="0.88" CONTENT="33."/>
						</TextLine>
					</TextBlock>
					<TextBlock ID="block_6" HPOS="91" VPOS="892" WIDTH="746" HEIGHT="167">
						<TextLine ID="line_21" HPOS="159" VPOS="892" WIDTH="678" HEIGHT="29">
							<String ID="string_132" HPOS="159" VPOS="894" WIDTH="107" HEIGHT="27" WC="0.91" CONTENT="Votering"/><SP WIDTH="16" VPOS="894" HPOS="266"/>
							<String ID="string_133" HPOS="282" VPOS="893" WIDTH="127" HEIGHT="21" WC="0.92" CONTENT="verkställes"/><SP WIDTH="15" VPOS="893" HPOS="409"/>
							<String ID="string_134" HPOS="424" VPOS="893" WIDTH="49" HEIGHT="20" WC="0.92" CONTENT="med"/><SP WIDTH="15" VPOS="893" HPOS="473"/>
							<String ID="string_135" HPOS="488" VPOS="893" WIDTH="85" HEIGHT="28" WC="0.92" CONTENT="tryckta"/><SP WIDTH="15" VPOS="893" HPOS="573"/>
							<String ID="string_136" HPOS="588" VPOS="892" WIDTH="77" HEIGHT="27" WC="0.92" CONTENT="sedlar,"/><SP WIDTH="10" VPOS="892" HPOS="665"/>
							<String ID="string_137" HPOS="675" VPOS="892" WIDTH="67" HEIGHT="21" WC="0.93" CONTENT="hvarä"/><SP WIDTH="7" VPOS="892" HPOS="742"/>
							<String ID="string_138" HPOS="749" VPOS="893" WIDTH="24" HEIGHT="27" WC="0.96" CONTENT="ja"/><SP WIDTH="11" VPOS="893" HPOS="773"/>
							<String ID="string_139" HPOS="784" VPOS="893" WIDTH="53" HEIGHT="20" WC="0.96" CONTENT="eller"/>
						</TextLine>
						<TextLine ID="line_22" HPOS="91" VPOS="927" WIDTH="746" HEIGHT="30">
							<String ID="string_140" HPOS="91" VPOS="930" WIDTH="36" HEIGHT="27" WC="0.96" CONTENT="nej"/><SP WIDTH="17" VPOS="930" HPOS="127"/>
							<String ID="string_141" HPOS="144" VPOS="931" WIDTH="23" HEIGHT="19" WC="0.93" CONTENT="är"/><SP WIDTH="15" VPOS="931" HPOS="167"/>
							<String ID="string_142" HPOS="182" VPOS="928" WIDTH="108" HEIGHT="21" WC="0.85" CONTENT="tecknadt."/><SP WIDTH="30" VPOS="928" HPOS="290"/>
							<String ID="string_143" HPOS="320" VPOS="927" WIDTH="99" HEIGHT="22" WC="0.89" CONTENT="Emellan"/><SP WIDTH="13" VPOS="927" HPOS="419"/>
							<String ID="string_144" HPOS="432" VPOS="927" WIDTH="33" HEIGHT="28" WC="0.92" CONTENT="ja-"/><SP WIDTH="16" VPOS="927" HPOS="465"/>
							<String ID="string_145" HPOS="481" VPOS="927" WIDTH="39" HEIGHT="21" WC="0.93" CONTENT="och"/><SP WIDTH="15" VPOS="927" HPOS="520"/>
							<String ID="string_146" HPOS="535" VPOS="927" WIDTH="143" HEIGHT="28" WC="0.93" CONTENT="nejsedlarne,"/><SP WIDTH="11" VPOS="927" HPOS="678"/>
							<String ID="string_147" HPOS="689" VPOS="927" WIDTH="74" HEIGHT="21" WC="0.96" CONTENT="hvilka"/><SP WIDTH="9" VPOS="927" HPOS="763"/>
							<String ID="string_148" HPOS="772" VPOS="927" WIDTH="65" HEIGHT="21" WC="0.97" CONTENT="enkla"/>
						</TextLine>
						<TextLine ID="line_23" HPOS="92" VPOS="961" WIDTH="744" HEIGHT="29">
							<String ID="string_149" HPOS="92" VPOS="964" WIDTH="40" HEIGHT="21" WC="0.89" CONTENT="och"/><SP WIDTH="20" VPOS="964" HPOS="132"/>
							<String ID="string_150" HPOS="152" VPOS="964" WIDTH="71" HEIGHT="20" WC="0.92" CONTENT="slutna"/><SP WIDTH="18" VPOS="964" HPOS="223"/>
							<String ID="string_151" HPOS="241" VPOS="963" WIDTH="113" HEIGHT="26" WC="0.91" CONTENT="aflemnas,"/><SP WIDTH="16" VPOS="963" HPOS="354"/>
							<String ID="string_152" HPOS="370" VPOS="962" WIDTH="32" HEIGHT="21" WC="0.96" CONTENT="får"/><SP WIDTH="20" VPOS="962" HPOS="402"/>
							<String ID="string_153" HPOS="422" VPOS="962" WIDTH="47" HEIGHT="21" WC="0.96" CONTENT="icke"/><SP WIDTH="20" VPOS="962" HPOS="469"/>
							<String ID="string_154" HPOS="489" VPOS="963" WIDTH="71" HEIGHT="27" WC="0.96" CONTENT="någon"/><SP WIDTH="21" VPOS="963" HPOS="560"/>
							<String ID="string_155" HPOS="581" VPOS="963" WIDTH="57" HEIGHT="26" WC="0.93" CONTENT="yttre"/><SP WIDTH="19" VPOS="963" HPOS="638"/>
							<String ID="string_156" HPOS="657" VPOS="961" WIDTH="85" HEIGHT="21" WC="0.96" CONTENT="skilnad"/><SP WIDTH="14" VPOS="961" HPOS="742"/>
							<String ID="string_157" HPOS="756" VPOS="961" WIDTH="80" HEIGHT="28" WC="0.96" CONTENT="finnas;"/>
						</TextLine>
						<TextLine ID="line_24" HPOS="93" VPOS="996" WIDTH="743" HEIGHT="29">
							<String ID="string_158" HPOS="93" VPOS="999" WIDTH="39" HEIGHT="21" WC="0.96" CONTENT="och"/><SP WIDTH="20" VPOS="999" HPOS="132"/>
							<String ID="string_159" HPOS="152" VPOS="998" WIDTH="53" HEIGHT="21" WC="0.93" CONTENT="böra"/><SP WIDTH="20" VPOS="998" HPOS="205"/>
							<String ID="string_160" HPOS="225" VPOS="996" WIDTH="80" HEIGHT="23" WC="0.88" CONTENT="sådåna"/><SP WIDTH="20" VPOS="996" HPOS="305"/>
							<String ID="string_161" HPOS="325" VPOS="996" WIDTH="70" HEIGHT="22" WC="0.96" CONTENT="sedlar"/><SP WIDTH="20" VPOS="996" HPOS="395"/>
							<String ID="string_162" HPOS="415" VPOS="997" WIDTH="68" HEIGHT="21" WC="0.96" CONTENT="under"/><SP WIDTH="20" VPOS="997" HPOS="483"/>
							<String ID="string_163" HPOS="503" VPOS="996" WIDTH="117" HEIGHT="29" WC="0.96" CONTENT="påstående"/><SP WIDTH="16" VPOS="996" HPOS="620"/>
							<String ID="string_164" HPOS="636" VPOS="996" WIDTH="99" HEIGHT="28" WC="0.96" CONTENT="votering"/><SP WIDTH="15" VPOS="996" HPOS="735"/>
							<String ID="string_165" HPOS="750" VPOS="997" WIDTH="27" HEIGHT="27" WC="0.93" CONTENT="på"/><SP WIDTH="15" VPOS="997" HPOS="777"/>
							<String ID="string_166" HPOS="792" VPOS="998" WIDTH="44" HEIGHT="20" WC="0.92" CONTENT="sär-"/>
						</TextLine>
						<TextLine ID="line_25" HPOS="92" VPOS="1030" WIDTH="663" HEIGHT="29">
							<String ID="string_167" HPOS="92" VPOS="1033" WIDTH="70" HEIGHT="22" WC="0.96" CONTENT="skilda"/><SP WIDTH="16" VPOS="1033" HPOS="162"/>
							<String ID="string_168" HPOS="178" VPOS="1033" WIDTH="76" HEIGHT="21" WC="0.96" CONTENT="ställen"/><SP WIDTH="16" VPOS="1033" HPOS="254"/>
							<String ID="string_169" HPOS="270" VPOS="1032" WIDTH="7" HEIGHT="21" WC="0.93" CONTENT="i"/><SP WIDTH="15" VPOS="1032" HPOS="277"/>
							<String ID="string_170" HPOS="292" VPOS="1031" WIDTH="173" HEIGHT="21" WC="0.90" CONTENT="riddarhussalen"/><SP WIDTH="16" VPOS="1031" HPOS="465"/>
							<String ID="string_171" HPOS="481" VPOS="1031" WIDTH="61" HEIGHT="21" WC="0.96" CONTENT="alltid"/><SP WIDTH="15" VPOS="1031" HPOS="542"/>
							<String ID="string_172" HPOS="557" VPOS="1031" WIDTH="69" HEIGHT="21" WC="0.96" CONTENT="finnas"/><SP WIDTH="16" VPOS="1031" HPOS="626"/>
							<String ID="string_173" HPOS="642" VPOS="1032" WIDTH="31" HEIGHT="20" WC="0.96" CONTENT="att"/><SP WIDTH="15" VPOS="1032" HPOS="673"/>
							<String ID="string_174" HPOS="688" VPOS="1030" WIDTH="67" HEIGHT="29" WC="0.96" CONTENT="tillgå."/>
						</TextLine>
					</TextBlock>
				</ComposedBlock>
				<ComposedBlock ID="cblock_4" HPOS="92" VPOS="1095" WIDTH="750" HEIGHT="375">
					<TextBlock ID="block_7" HPOS="434" VPOS="1095" WIDTH="61" HEIGHT="27">
						<TextLine ID="line_26" HPOS="434" VPOS="1095" WIDTH="61" HEIGHT="27">
							<String ID="string_175" HPOS="434" VPOS="1095" WIDTH="11" HEIGHT="27" WC="0.92" CONTENT="8"/><SP WIDTH="16" VPOS="1095" HPOS="445"/>
							<String ID="string_176" HPOS="461" VPOS="1095" WIDTH="34" HEIGHT="20" WC="0.93" CONTENT="34."/>
						</TextLine>
					</TextBlock>
					<TextBlock ID="block_8" HPOS="92" VPOS="1128" WIDTH="750" HEIGHT="342">
						<TextLine ID="line_27" HPOS="160" VPOS="1128" WIDTH="678" HEIGHT="29">
							<String ID="string_177" HPOS="160" VPOS="1130" WIDTH="34" HEIGHT="21" WC="0.96" CONTENT="Då"/><SP WIDTH="15" VPOS="1130" HPOS="194"/>
							<String ID="string_178" HPOS="209" VPOS="1130" WIDTH="34" HEIGHT="21" WC="0.95" CONTENT="val"/><SP WIDTH="15" VPOS="1130" HPOS="243"/>
							<String ID="string_179" HPOS="258" VPOS="1130" WIDTH="54" HEIGHT="20" WC="0.96" CONTENT="eller"/><SP WIDTH="15" VPOS="1130" HPOS="312"/>
							<String ID="string_180" HPOS="327" VPOS="1129" WIDTH="100" HEIGHT="28" WC="0.92" CONTENT="votering"/><SP WIDTH="15" VPOS="1129" HPOS="427"/>
							<String ID="string_181" HPOS="442" VPOS="1129" WIDTH="116" HEIGHT="27" WC="0.91" CONTENT="företages,"/><SP WIDTH="15" VPOS="1129" HPOS="558"/>
							<String ID="string_182" HPOS="573" VPOS="1128" WIDTH="54" HEIGHT="21" WC="0.96" CONTENT="skall"/><SP WIDTH="11" VPOS="1128" HPOS="627"/>
							<String ID="string_183" HPOS="638" VPOS="1135" WIDTH="84" HEIGHT="21" WC="0.96" CONTENT="upprop"/><SP WIDTH="11" VPOS="1135" HPOS="722"/>
							<String ID="string_184" HPOS="733" VPOS="1128" WIDTH="38" HEIGHT="20" WC="0.96" CONTENT="ske"/><SP WIDTH="11" VPOS="1128" HPOS="771"/>
							<String ID="string_185" HPOS="782" VPOS="1128" WIDTH="56" HEIGHT="21" WC="0.96" CONTENT="efter"/>
						</TextLine>
						<TextLine ID="line_28" HPOS="92" VPOS="1162" WIDTH="746" HEIGHT="30">
							<String ID="string_186" HPOS="92" VPOS="1164" WIDTH="220" HEIGHT="28" WC="0.90" CONTENT="anteckningslistan,"/><SP WIDTH="21" VPOS="1164" HPOS="312"/>
							<String ID="string_187" HPOS="333" VPOS="1163" WIDTH="38" HEIGHT="21" WC="0.93" CONTENT="och"/><SP WIDTH="22" VPOS="1163" HPOS="371"/>
							<String ID="string_188" HPOS="393" VPOS="1163" WIDTH="90" HEIGHT="21" WC="0.91" CONTENT="anmode"/><SP WIDTH="20" VPOS="1163" HPOS="483"/>
							<String ID="string_189" HPOS="503" VPOS="1162" WIDTH="199" HEIGHT="22" WC="0.92" CONTENT="landtmarskalken"/><SP WIDTH="15" VPOS="1162" HPOS="702"/>
							<String ID="string_190" HPOS="717" VPOS="1162" WIDTH="48" HEIGHT="28" WC="0.92" CONTENT="fyra"/><SP WIDTH="15" VPOS="1162" HPOS="765"/>
							<String ID="string_191" HPOS="780" VPOS="1162" WIDTH="58" HEIGHT="21" WC="0.92" CONTENT="leda-"/>
						</TextLine>
						<TextLine ID="line_29" HPOS="93" VPOS="1197" WIDTH="746" HEIGHT="28">
							<String ID="string_192" HPOS="93" VPOS="1202" WIDTH="69" HEIGHT="19" WC="0.95" CONTENT="möter"/><SP WIDTH="16" VPOS="1202" HPOS="162"/>
							<String ID="string_193" HPOS="178" VPOS="1199" WIDTH="24" HEIGHT="21" WC="0.95" CONTENT="af"/><SP WIDTH="13" VPOS="1199" HPOS="202"/>
							<String ID="string_194" HPOS="215" VPOS="1198" WIDTH="85" HEIGHT="22" WC="0.95" CONTENT="ståndet"/><SP WIDTH="16" VPOS="1198" HPOS="300"/>
							<String ID="string_195" HPOS="316" VPOS="1200" WIDTH="31" HEIGHT="18" WC="0.96" CONTENT="att"/><SP WIDTH="15" VPOS="1200" HPOS="347"/>
							<String ID="string_196" HPOS="362" VPOS="1198" WIDTH="35" HEIGHT="20" WC="0.96" CONTENT="vid"/><SP WIDTH="15" VPOS="1198" HPOS="397"/>
							<String ID="string_197" HPOS="412" VPOS="1198" WIDTH="77" HEIGHT="20" WC="0.96" CONTENT="bordet"/><SP WIDTH="15" VPOS="1198" HPOS="489"/>
							<String ID="string_198" HPOS="504" VPOS="1198" WIDTH="74" HEIGHT="27" WC="0.96" CONTENT="intaga"/><SP WIDTH="11" VPOS="1198" HPOS="578"/>
							<String ID="string_199" HPOS="589" VPOS="1199" WIDTH="45" HEIGHT="19" WC="0.96" CONTENT="säte"/><SP WIDTH="11" VPOS="1199" HPOS="634"/>
							<String ID="string_200" HPOS="645" VPOS="1197" WIDTH="34" HEIGHT="21" WC="0.96" CONTENT="för"/><SP WIDTH="10" VPOS="1197" HPOS="679"/>
							<String ID="string_201" HPOS="689" VPOS="1198" WIDTH="32" HEIGHT="20" WC="0.96" CONTENT="att"/><SP WIDTH="10" VPOS="1198" HPOS="721"/>
							<String ID="string_202" HPOS="731" VPOS="1197" WIDTH="108" HEIGHT="21" WC="0.96" CONTENT="anteckna"/>
						</TextLine>
						<TextLine ID="line_30" HPOS="94" VPOS="1231" WIDTH="744" HEIGHT="29">
							<String ID="string_203" HPOS="94" VPOS="1235" WIDTH="82" HEIGHT="21" WC="0.96" CONTENT="antalet"/><SP WIDTH="19" VPOS="1235" HPOS="176"/>
							<String ID="string_204" HPOS="195" VPOS="1234" WIDTH="23" HEIGHT="20" WC="0.95" CONTENT="af"/><SP WIDTH="16" VPOS="1234" HPOS="218"/>
							<String ID="string_205" HPOS="234" VPOS="1233" WIDTH="59" HEIGHT="27" WC="0.96" CONTENT="dem,"/><SP WIDTH="15" VPOS="1233" HPOS="293"/>
							<String ID="string_206" HPOS="308" VPOS="1232" WIDTH="73" HEIGHT="21" WC="0.96" CONTENT="hvilka"/><SP WIDTH="21" VPOS="1232" HPOS="381"/>
							<String ID="string_207" HPOS="402" VPOS="1232" WIDTH="35" HEIGHT="21" WC="0.96" CONTENT="vid"/><SP WIDTH="19" VPOS="1232" HPOS="437"/>
							<String ID="string_208" HPOS="456" VPOS="1234" WIDTH="107" HEIGHT="26" WC="0.96" CONTENT="uppropet"/><SP WIDTH="15" VPOS="1234" HPOS="563"/>
							<String ID="string_209" HPOS="578" VPOS="1232" WIDTH="33" HEIGHT="27" WC="0.96" CONTENT="sig"/><SP WIDTH="15" VPOS="1232" HPOS="611"/>
							<String ID="string_210" HPOS="626" VPOS="1231" WIDTH="88" HEIGHT="21" WC="0.95" CONTENT="infinna."/><SP WIDTH="30" VPOS="1231" HPOS="714"/>
							<String ID="string_211" HPOS="744" VPOS="1231" WIDTH="33" HEIGHT="21" WC="0.96" CONTENT="De"/><SP WIDTH="15" VPOS="1231" HPOS="777"/>
							<String ID="string_212" HPOS="792" VPOS="1238" WIDTH="46" HEIGHT="14" WC="0.95" CONTENT="som"/>
						</TextLine>
						<TextLine ID="line_31" HPOS="95" VPOS="1265" WIDTH="744" HEIGHT="29">
							<String ID="string_213" HPOS="95" VPOS="1270" WIDTH="32" HEIGHT="21" WC="0.96" CONTENT="till"/><SP WIDTH="19" VPOS="1270" HPOS="127"/>
							<String ID="string_214" HPOS="146" VPOS="1276" WIDTH="26" HEIGHT="14" WC="0.96" CONTENT="en"/><SP WIDTH="20" VPOS="1276" HPOS="172"/>
							<String ID="string_215" HPOS="192" VPOS="1268" WIDTH="39" HEIGHT="21" WC="0.96" CONTENT="och"/><SP WIDTH="19" VPOS="1268" HPOS="231"/>
							<String ID="string_216" HPOS="250" VPOS="1275" WIDTH="82" HEIGHT="13" WC="0.93" CONTENT="samma"/><SP WIDTH="16" VPOS="1275" HPOS="332"/>
							<String ID="string_217" HPOS="348" VPOS="1266" WIDTH="81" HEIGHT="22" WC="0.92" CONTENT="stolrad"/><SP WIDTH="18" VPOS="1266" HPOS="429"/>
							<String ID="string_218" HPOS="447" VPOS="1266" WIDTH="61" HEIGHT="28" WC="0.92" CONTENT="höra,"/><SP WIDTH="17" VPOS="1266" HPOS="508"/>
							<String ID="string_219" HPOS="525" VPOS="1265" WIDTH="125" HEIGHT="27" WC="0.91" CONTENT="framträde,"/><SP WIDTH="16" VPOS="1265" HPOS="650"/>
							<String ID="string_220" HPOS="666" VPOS="1268" WIDTH="39" HEIGHT="19" WC="0.93" CONTENT="när"/><SP WIDTH="14" VPOS="1268" HPOS="705"/>
							<String ID="string_221" HPOS="719" VPOS="1266" WIDTH="120" HEIGHT="20" WC="0.91" CONTENT="stolradens"/>
						</TextLine>
						<TextLine ID="line_32" HPOS="94" VPOS="1300" WIDTH="745" HEIGHT="30">
							<String ID="string_222" HPOS="94" VPOS="1310" WIDTH="99" HEIGHT="15" WC="0.93" CONTENT="nummer"/><SP WIDTH="19" VPOS="1310" HPOS="193"/>
							<String ID="string_223" HPOS="212" VPOS="1310" WIDTH="117" HEIGHT="20" WC="0.91" CONTENT="uppropas,"/><SP WIDTH="16" VPOS="1310" HPOS="329"/>
							<String ID="string_224" HPOS="345" VPOS="1302" WIDTH="33" HEIGHT="20" WC="0.93" CONTENT="till"/><SP WIDTH="14" VPOS="1302" HPOS="378"/>
							<String ID="string_225" HPOS="392" VPOS="1300" WIDTH="268" HEIGHT="27" WC="0.89" CONTENT="landtmarskalksbordet,"/><SP WIDTH="17" VPOS="1300" HPOS="660"/>
							<String ID="string_226" HPOS="677" VPOS="1300" WIDTH="39" HEIGHT="21" WC="0.96" CONTENT="och"/><SP WIDTH="15" VPOS="1300" HPOS="716"/>
							<String ID="string_227" HPOS="731" VPOS="1300" WIDTH="53" HEIGHT="21" WC="0.96" CONTENT="hvar"/><SP WIDTH="16" VPOS="1300" HPOS="784"/>
							<String ID="string_228" HPOS="800" VPOS="1300" WIDTH="39" HEIGHT="21" WC="0.96" CONTENT="och"/>
						</TextLine>
						<TextLine ID="line_33" HPOS="96" VPOS="1335" WIDTH="744" HEIGHT="29">
							<String ID="string_229" HPOS="96" VPOS="1346" WIDTH="27" HEIGHT="12" WC="0.93" CONTENT="en"/><SP WIDTH="16" VPOS="1346" HPOS="123"/>
							<String ID="string_230" HPOS="139" VPOS="1338" WIDTH="127" HEIGHT="26" WC="0.91" CONTENT="framlägge,"/><SP WIDTH="16" VPOS="1338" HPOS="266"/>
							<String ID="string_231" HPOS="282" VPOS="1337" WIDTH="36" HEIGHT="19" WC="0.96" CONTENT="vid"/><SP WIDTH="15" VPOS="1337" HPOS="318"/>
							<String ID="string_232" HPOS="333" VPOS="1344" WIDTH="82" HEIGHT="18" WC="0.96" CONTENT="upprop"/><SP WIDTH="16" VPOS="1344" HPOS="415"/>
							<String ID="string_233" HPOS="431" VPOS="1336" WIDTH="24" HEIGHT="20" WC="0.96" CONTENT="af"/><SP WIDTH="14" VPOS="1336" HPOS="455"/>
							<String ID="string_234" HPOS="469" VPOS="1336" WIDTH="48" HEIGHT="20" WC="0.96" CONTENT="dess"/><SP WIDTH="15" VPOS="1336" HPOS="517"/>
							<String ID="string_235" HPOS="532" VPOS="1342" WIDTH="72" HEIGHT="18" WC="0.96" CONTENT="namn,"/><SP WIDTH="11" VPOS="1342" HPOS="604"/>
							<String ID="string_236" HPOS="615" VPOS="1335" WIDTH="33" HEIGHT="19" WC="0.93" CONTENT="sin"/><SP WIDTH="14" VPOS="1335" HPOS="648"/>
							<String ID="string_237" HPOS="662" VPOS="1335" WIDTH="44" HEIGHT="20" WC="0.92" CONTENT="val-"/><SP WIDTH="11" VPOS="1335" HPOS="706"/>
							<String ID="string_238" HPOS="717" VPOS="1335" WIDTH="53" HEIGHT="20" WC="0.93" CONTENT="eller"/><SP WIDTH="11" VPOS="1335" HPOS="770"/>
							<String ID="string_239" HPOS="781" VPOS="1336" WIDTH="59" HEIGHT="18" WC="0.90" CONTENT="vote-"/>
						</TextLine>
						<TextLine ID="line_34" HPOS="95" VPOS="1367" WIDTH="744" HEIGHT="32">
							<String ID="string_240" HPOS="95" VPOS="1371" WIDTH="126" HEIGHT="28" WC="0.90" CONTENT="ringssedel."/><SP WIDTH="29" VPOS="1371" HPOS="221"/>
							<String ID="string_241" HPOS="250" VPOS="1370" WIDTH="44" HEIGHT="20" WC="0.95" CONTENT="Vid"/><SP WIDTH="14" VPOS="1370" HPOS="294"/>
							<String ID="string_242" HPOS="308" VPOS="1369" WIDTH="100" HEIGHT="27" WC="0.96" CONTENT="votering"/><SP WIDTH="15" VPOS="1369" HPOS="408"/>
							<String ID="string_243" HPOS="423" VPOS="1370" WIDTH="52" HEIGHT="26" WC="0.93" CONTENT="äger"/><SP WIDTH="15" VPOS="1370" HPOS="475"/>
							<String ID="string_244" HPOS="490" VPOS="1368" WIDTH="205" HEIGHT="26" WC="0.89" CONTENT="landtmarskalken,"/><SP WIDTH="16" VPOS="1368" HPOS="695"/>
							<String ID="string_245" HPOS="711" VPOS="1368" WIDTH="66" HEIGHT="20" WC="0.92" CONTENT="innan"/><SP WIDTH="15" VPOS="1368" HPOS="777"/>
							<String ID="string_246" HPOS="792" VPOS="1367" WIDTH="47" HEIGHT="21" WC="0.92" CONTENT="sed-"/>
						</TextLine>
						<TextLine ID="line_35" HPOS="94" VPOS="1402" WIDTH="745" HEIGHT="31">
							<String ID="string_247" HPOS="94" VPOS="1406" WIDTH="61" HEIGHT="20" WC="0.89" CONTENT="larne"/><SP WIDTH="20" VPOS="1406" HPOS="155"/>
							<String ID="string_248" HPOS="175" VPOS="1406" WIDTH="91" HEIGHT="27" WC="0.91" CONTENT="öppnas,"/><SP WIDTH="16" VPOS="1406" HPOS="266"/>
							<String ID="string_249" HPOS="282" VPOS="1406" WIDTH="76" HEIGHT="26" WC="0.91" CONTENT="uttaga"/><SP WIDTH="18" VPOS="1406" HPOS="358"/>
							<String ID="string_250" HPOS="376" VPOS="1410" WIDTH="26" HEIGHT="14" WC="0.96" CONTENT="en"/><SP WIDTH="15" VPOS="1410" HPOS="402"/>
							<String ID="string_251" HPOS="417" VPOS="1402" WIDTH="66" HEIGHT="22" WC="0.96" CONTENT="bland"/><SP WIDTH="14" VPOS="1402" HPOS="483"/>
							<String ID="string_252" HPOS="497" VPOS="1402" WIDTH="49" HEIGHT="21" WC="0.96" CONTENT="dem"/><SP WIDTH="15" VPOS="1402" HPOS="546"/>
							<String ID="string_253" HPOS="561" VPOS="1402" WIDTH="40" HEIGHT="20" WC="0.96" CONTENT="och"/><SP WIDTH="15" VPOS="1402" HPOS="601"/>
							<String ID="string_254" HPOS="616" VPOS="1402" WIDTH="126" HEIGHT="20" WC="0.93" CONTENT="densamma"/><SP WIDTH="14" VPOS="1402" HPOS="742"/>
							<String ID="string_255" HPOS="756" VPOS="1402" WIDTH="83" HEIGHT="27" WC="0.90" CONTENT="förseg-"/>
						</TextLine>
						<TextLine ID="line_36" HPOS="95" VPOS="1436" WIDTH="747" HEIGHT="34">
							<String ID="string_256" HPOS="95" VPOS="1440" WIDTH="36" HEIGHT="22" WC="0.95" CONTENT="lad"/><SP WIDTH="19" VPOS="1440" HPOS="131"/>
							<String ID="string_257" HPOS="150" VPOS="1441" WIDTH="77" HEIGHT="29" WC="0.92" CONTENT="genast"/><SP WIDTH="19" VPOS="1441" HPOS="227"/>
							<String ID="string_258" HPOS="246" VPOS="1439" WIDTH="91" HEIGHT="29" WC="0.82" CONTENT="aflägga."/><SP WIDTH="30" VPOS="1439" HPOS="337"/>
							<String ID="string_259" HPOS="367" VPOS="1437" WIDTH="102" HEIGHT="23" WC="0.90" CONTENT="Befinnes"/><SP WIDTH="20" VPOS="1437" HPOS="469"/>
							<String ID="string_260" HPOS="489" VPOS="1437" WIDTH="76" HEIGHT="29" WC="0.96" CONTENT="sedan,"/><SP WIDTH="18" VPOS="1437" HPOS="565"/>
							<String ID="string_261" HPOS="583" VPOS="1436" WIDTH="36" HEIGHT="23" WC="0.93" CONTENT="vid"/><SP WIDTH="17" VPOS="1436" HPOS="619"/>
							<String ID="string_262" HPOS="636" VPOS="1436" WIDTH="166" HEIGHT="30" WC="0.91" CONTENT="uppräknandet"/><SP WIDTH="15" VPOS="1436" HPOS="802"/>
							<String ID="string_263" HPOS="817" VPOS="1436" WIDTH="25" HEIGHT="23" WC="0.97" CONTENT="af"/>
						</TextLine>
					</TextBlock>
				</ComposedBlock>
			</PrintSpace>
		</Page>
	</Layout>
</alto>
