1014 1709
750 116 39 22 799

70 181 70 23 stämd
156 182 32 22 tid
203 182 20 28 ej
239 181 66 21 borde
317 182 99 26 utsättas,
427 183 51 19 utan
490 180 41 22 den
542 181 68 21 blifva
620 181 132 21 illimiterad.
776 182 43 20 Det

69 219 24 19 är
109 217 53 20 visst
177 218 74 24 sannt,
270 217 31 19 att
317 215 71 21 denna
403 216 61 27 fråga
480 217 23 19 är
518 215 24 21 af
554 216 128 20 ekonomisk
697 216 121 20 beskaffen-

69 250 47 27 het,
137 247 49 24 men
207 250 36 21 det
263 249 73 21 kunde
356 249 71 21 hända
448 249 39 21 och
507 249 69 21 måste
592 249 63 21 äfven
670 251 100 26 antagas,
786 251 32 19 att

69 285 130 27 regeringen
215 284 51 21 ville
278 284 81 27 jemväl
376 283 116 20 framdeles
506 283 37 20 vid
558 283 129 20 förändrade
701 283 119 21 förhållan-

69 318 42 20 den
131 318 98 20 inhemta
250 317 129 21 ständernas
396 317 102 27 yttrande
518 323 34 14 om
573 317 92 27 ändring
681 317 39 20 och
736 317 83 20 modifi-

69 351 100 22 kationer
187 351 7 20 i
210 351 59 21 detta
289 351 91 27 förslag,
400 350 47 21 ifall
464 351 36 20 det
515 350 77 21 vinner
607 350 28 21 H.
651 350 73 28 Maj:ts
740 351 79 28 nådiga

69 385 71 27 bifall,
159 385 42 21 och
213 386 39 27 jag
267 385 71 20 skulle
354 385 19 27 ej
390 391 52 14 anse
458 386 32 19 att
504 384 117 21 ständerna
636 384 33 21 för
684 385 135 21 närvarande

68 419 67 22 borde
157 420 53 20 eller
230 419 72 20 kunde
320 419 66 21 binda
401 418 110 21 blifvande
527 418 87 21 ständer
630 418 33 21 för
678 419 44 20 viss
736 419 33 21 tid
783 419 37 21 vid

69 454 107 28 åtgärder,
197 460 45 14 som
263 461 30 13 nu
312 453 135 28 föreslagits,
468 454 52 19 utan
540 454 32 19 att
592 453 36 20 det
646 453 68 20 måste
730 453 22 21 få
767 453 52 22 bero

69 489 28 28 på
112 488 103 28 regering
230 488 40 21 och
286 487 88 21 ständer
387 489 32 19 att
429 487 55 21 efter
495 487 62 20 deras
567 487 135 21 bedömande
713 489 39 19 när
762 488 58 21 helst

69 525 54 26 göra
138 523 153 27 förändringar
306 521 54 22 deri.
386 521 71 21 Också
469 522 40 27 jag
524 521 70 21 skulle
610 521 6 20 i
631 521 69 21 likhet
710 522 50 21 med
769 522 51 21 herr

69 564 42 13 von
127 557 118 20 Bonsdorff
258 559 40 24 tro,
314 557 32 20 att
361 555 27 21 de
403 555 49 22 utaf
464 556 50 21 herr
524 555 99 21 Aminoff
632 555 134 28 uppkastade
777 556 43 21 far-

68 591 75 28 hågor,
159 591 36 20 det
211 591 92 28 ingrepp
320 590 80 21 skedde
415 590 7 21 i
438 589 165 28 lagstiftningen
620 597 34 13 om
670 589 100 22 bandels-
778 591 40 20 och

69 625 134 28 näringsrätt
221 631 78 22 genom
316 624 122 27 föreslagne
454 623 137 22 föreskrifter
607 631 34 13 om
657 624 163 27 spanmålshan-

69 659 62 21 delns
151 659 135 21 friställande
311 659 19 27 ej
350 660 37 19 äro
408 658 121 27 grundade,
549 658 78 21 liksom
644 658 40 28 jag
701 659 51 20 ville
771 658 49 21 dela

69 693 27 22 de
113 694 88 27 åsigter,
217 700 46 14 som
277 693 50 21 herr
342 699 42 14 von
399 692 118 21 Bonsdorff
530 692 78 21 uttalat
619 699 34 14 om
665 692 155 29 socknemaga-

69 728 94 21 sinerne.
193 727 43 28 Jag
251 727 39 21 har
305 727 66 21 också
387 727 125 20 erfarenhet
526 727 7 20 i
549 727 59 20 detta
624 728 63 19 ämne
701 727 39 20 och
751 727 69 21 måste

70 762 104 27 erkänna,
190 764 31 19 att
233 762 40 28 jag
288 761 40 21 har
344 763 30 19 ett
387 761 87 28 mycket
485 762 55 20 stort
550 761 124 21 förtroende
685 761 34 21 för
730 761 90 22 sockne-

70 797 161 28 magasinerne;
253 796 26 21 de
299 796 65 21 hafva
384 796 76 20 verkat
480 796 96 20 särdeles
597 795 58 28 godt.
685 796 35 20 Då
738 796 82 28 någon-

69 832 59 28 gång
149 833 30 19 ett
199 832 90 20 motsatt
309 830 135 21 förhållande
460 830 106 27 inträffat,
581 830 39 20 har
636 829 36 21 det
686 830 134 21 förorsakats

69 866 106 27 antingen
194 872 78 21 genom
291 865 101 27 felaktigt
407 865 134 27 reglemente
557 865 53 21 eller
626 864 91 27 felaktig
732 865 88 21 förvalt-

70 900 59 27 ning,
146 900 53 20 eller
214 900 7 20 i
237 899 118 21 allmänhet
370 905 78 21 genom
464 899 117 27 missbruk;
597 900 32 19 att
644 905 78 21 genom
738 901 31 19 ett
784 899 36 21 be-

69 935 81 20 stämdt
165 933 156 29 lagstadgand&
337 933 135 21 förekomma
487 933 110 21 missbruk
607 934 24 19 är
642 933 106 28 omöjligt,
759 933 61 21 hvar-

69 969 47 20 före
133 969 40 27 jag
193 968 70 21 skulle
285 967 68 21 önska
368 967 40 21 och
424 967 96 26 förorda,
541 969 32 18 att
588 967 232 28 socknemagasinerne

69 1003 134 20 fortfarande
218 1002 127 26 bibehållas,
361 1001 131 21 åtminstone
508 1001 20 28 ej
544 1001 169 28 förskingrades,
726 1003 53 19 utan
790 1004 32 19 att

71 1044 34 14 om
126 1037 66 27 något
212 1036 98 28 magasin
330 1043 79 20 genom
430 1042 27 14 en
477 1035 118 21 välordnad
614 1035 132 28 förvaltning
761 1035 61 28 stigit

70 1071 33 21 till
121 1073 32 18 ett
171 1071 76 20 sådant
262 1070 90 28 belopp,
368 1071 32 20 att
416 1070 20 27 ej
452 1070 43 21 alla
510 1070 145 27 tillgångarne
671 1070 71 20 såsom
758 1077 63 21 span-

71 1105 108 22 målsfond
194 1105 75 21 vidare
283 1104 109 21 erfordras
408 1104 33 21 för
456 1104 141 27 delegarenes
612 1103 73 27 behof,
701 1104 120 21 öfverskot-

71 1141 31 20 tet
118 1139 69 21 skulle
203 1141 102 19 omsättas
321 1139 33 20 till
369 1145 27 15 en
412 1137 163 28 penningefond
590 1137 34 23 för
638 1137 89 22 allmänt
737 1138 85 28 nyttiga

71 1173 99 21 ändamål
192 1173 53 20 eller
265 1172 131 21 kommande
416 1172 72 20 behof.
518 1171 43 28 Jag
579 1171 33 20 får
630 1171 86 22 derföre
731 1172 91 26 föreslå,

72 1209 32 18 att
119 1207 40 20 den
176 1206 106 27 lokution,
297 1212 47 14 som
359 1205 147 21 förekommer
520 1205 8 20 i
544 1205 41 21 den
601 1205 79 27 nådiga
692 1206 129 28 propositio-

72 1247 42 14 nen
130 1241 7 20 i
153 1241 59 20 detta
227 1240 110 26 afseende,
353 1239 72 21 kunde
440 1240 82 21 införas
535 1239 7 20 i
554 1239 128 21 ständernas
693 1247 48 13 svar
752 1240 5 20 i
770 1241 26 19 st.
807 1240 14 20 f.

72 1274 27 22 de
120 1274 98 28 ordalag,
239 1281 45 13 som
306 1274 6 20 i
332 1273 231 21 ekonomieutskottets
579 1273 137 21 betänkande
731 1273 91 27 influtit,

71 1309 71 21 såsom
159 1304 106 25 närmare
275 1308 123 28 antydande
414 1308 54 20 huru
482 1308 151 28 magasinerne
644 1309 82 19 ansetts
738 1308 83 27 lämpli-

71 1344 49 26 gast
135 1342 74 20 kunna
225 1342 180 27 omorganiseras.

96 1376 87 27 Jag
198 1376 38 20 ber
251 1377 32 19 att
299 1377 57 19 ännu
372 1375 22 20 få
410 1375 56 20 fästa
482 1374 218 28 uppmärksamheten
716 1375 12 20 &
739 1382 26 13 en
777 1381 44 13 om-

73 1410 131 27 ständighet.
225 1409 44 21 Det
284 1409 70 21 finnes
370 1409 109 27 nemligen
496 1409 6 20 i
518 1409 52 21 flere
586 1408 92 21 socknar
694 1408 20 28 ej
730 1408 92 21 allenast
