1017 1717
224 138 41 25 840

194 208 37 20 ket
251 208 6 19 i
278 205 150 22 århundraden
444 206 65 28 njutit
524 207 23 20 af
561 206 168 21 civilisationens
743 206 47 21 rika
806 206 84 21 frukter
904 206 34 21 för

193 241 21 28 ej
230 248 46 14 mer
291 243 27 19 än
334 242 12 20 5
362 241 23 20 år
399 241 65 20 sedan
483 241 86 21 stiftade
588 241 64 28 lagen
669 247 34 14 om
719 241 105 27 qvinnans
840 240 98 29 myndig-

194 275 108 22 blifvande
318 275 35 21 vid
369 275 36 21 det
420 276 27 20 25
462 275 53 27 året,
535 278 51 19 utan
602 277 31 19 att
649 275 104 28 derjemte
769 275 82 21 skänka
866 275 72 21 henne

193 310 94 21 friheten
302 312 31 19 att
348 310 53 21 råda
416 310 60 22 öfver
491 311 32 20 sin
539 311 56 20 hand
611 310 39 21 och
666 311 37 20 sitt
717 310 81 28 hjerta;
817 317 50 14 men
884 309 53 22 dock

193 345 43 21 kan
255 352 50 14 man
327 345 19 28 ej
367 345 56 21 neka
442 347 31 19 att
493 345 97 28 grunden
609 345 33 20 till
658 347 31 19 ett
703 345 139 28 tidsenligare
858 345 79 21 förhäl-

193 380 63 21 lande
277 379 26 22 då
321 379 47 21 blef
381 379 56 29 lagd.
467 379 63 22 Hvad
545 380 41 21 den
602 379 68 22 finska
687 380 93 28 qvinnan
796 380 74 28 angår,
886 380 51 21 ville

190 415 40 28 jag
249 415 66 20 likväl
336 416 53 26 göra
408 422 59 14 mera
486 415 33 20 för
539 415 70 21 henne
630 416 26 19 än
678 415 23 20 så
718 427 32 15 —,
766 417 51 19 utan
836 416 31 19 att
882 415 55 20 dock

192 450 54 28 yrka
260 449 28 29 på
303 451 31 19 ett
350 449 63 21 totalt
428 449 177 29 undanrödjande
621 450 23 20 af
657 449 42 21 alla
714 449 26 21 de
756 449 62 27 band,
834 449 103 22 hvarmed

192 485 63 28 lagen
276 485 78 20 hittills
373 485 62 21 hållit
455 485 40 21 den
517 485 108 26 värnlösa,
642 485 99 20 oerfarna
757 485 93 28 qvinnan
866 484 71 21 fästad

191 519 36 22 vid
252 519 45 21 sina
320 519 68 22 första
410 520 47 21 stöd
477 520 7 21 i
503 519 70 28 lifvet,
594 519 46 21 sina
659 519 112 21 föräldrar.
792 533 28 2 —
840 519 50 21 Men
910 519 26 22 då

189 555 40 28 jag
244 554 71 21 älskar
330 557 40 24 tro,
386 557 31 18 att
431 555 62 20 dessa
512 555 57 20 band
584 556 57 19 ännu
656 561 46 14 mer
718 555 86 20 komma
820 556 32 19 att
866 561 69 14 mora-

191 589 52 21 liskt
261 589 122 28 tillknytas,
403 589 6 20 i
430 589 41 21 den
491 596 50 14 mon
560 589 25 21 de
602 589 143 21 öfverlemnas
761 589 21 21 åt
797 589 139 28 bildningens

192 624 40 21 och
248 624 40 21 den
304 624 92 20 emellan
412 623 105 21 föräldrar
528 624 38 20 och
577 623 53 21 barn
642 623 93 21 rådande
747 623 128 28 ömsesidiga
888 623 48 21 kär-

191 659 75 21 lekens
286 658 41 21 fria
347 658 137 28 förfogande,
504 658 76 22 medan
593 658 75 28 lagens
684 658 55 21 döda
758 658 88 21 bokstaf
860 658 76 21 endast

191 700 47 15 mer
257 694 40 20 och
317 700 46 14 mer
383 695 90 26 antager
493 694 96 20 likheten
608 693 23 21 af
645 700 26 14 en
687 692 128 22 förbleknad
831 693 63 21 skrift
908 694 27 27 på

192 735 26 14 en
234 728 108 21 föråldrad
357 728 112 28 vägvisare
483 741 30 14 —,
525 728 68 21 skulle
607 728 45 28 jag,
663 728 33 20 för
711 728 101 21 bildande
828 728 23 21 af
864 735 26 14 en
904 728 30 22 öf-

190 764 96 28 vergång
305 763 33 21 till
359 763 106 27 qvinnans
483 762 135 28 fullkomliga
633 761 143 29 likställighet
791 762 7 21 i
813 763 76 28 antydt
904 763 30 21 af-

190 798 79 21 saende
285 797 49 21 med
349 804 100 20 mannen,
463 797 58 27 hylla
536 797 41 21 den
593 797 62 28 åsigt,
667 798 30 20 att
709 797 93 28 gvinnan
818 798 35 20 vid
869 798 26 20 25
911 798 24 20 år

190 833 35 21 må
243 832 85 21 inträda
345 832 8 20 i
367 832 85 21 absolut
470 831 243 29 myndighetstillstånd,
733 833 52 19 utan
801 832 63 29 laglig
880 832 54 27 skyl-

190 868 67 28 dighet
277 869 31 19 att
326 866 85 22 rådföra
427 867 33 28 sig
475 867 58 27 med,
549 866 82 21 mindre
647 867 90 21 utverka
753 867 33 27 sig
800 867 98 21 tillstånd
913 868 23 20 af

189 903 72 28 någon
281 904 32 19 att
332 902 61 20 träda
413 902 7 20 i
441 902 128 27 äktenskap,
589 901 50 21 med
657 901 36 21 det
712 901 54 21 enda
782 901 110 29 undantag
908 902 26 20 då

189 938 43 20 hon
252 937 67 21 vistas
339 937 40 21 och
399 936 136 22 underhålles
555 936 6 21 i
582 936 47 20 sina
649 936 116 21 föräldrars
783 936 49 27 hus,
848 936 28 28 på
892 938 42 19 sätt

189 972 64 28 lagen
268 972 7 20 i
291 972 12 20 2
319 972 11 27 $
346 972 11 20 6
373 972 48 27 kap.
439 971 24 21 G.
479 971 25 20 B.
520 970 76 29 bjuder
612 970 133 21 beträffande
761 978 38 13 son
815 971 39 20 och
863 971 71 21 dotter

190 1013 46 14 som
255 1008 24 20 är
299 1006 65 26 enka,
385 1006 27 28 pä
433 1006 35 20 det
489 1006 70 27 nägon
574 1005 161 28 inkonsegvens
750 1005 7 20 i
773 1005 99 28 gällande
888 1005 44 28 lag-

190 1040 100 28 stiftning
310 1041 19 27 ej
351 1041 34 20 mä
400 1040 85 28 inflyta,
501 1040 81 21 hvilket
598 1040 142 28 ovilkorligen
756 1039 72 21 blefve
844 1039 88 21 händel-

190 1082 38 14 sen
248 1082 33 14 om
303 1075 88 28 myndig
411 1076 35 19 mö
461 1075 130 20 härutinnan
607 1073 140 22 tillerkändes
763 1075 68 20 större
847 1075 43 20 rätt
906 1075 25 20 än

189 1117 39 14 son
248 1109 39 21 och
305 1109 56 20 enka
376 1109 67 20 under
457 1115 81 14 samma
553 1108 150 21 förhällanden
718 1108 90 27 ätnjuta.
838 1108 42 27 Jag
896 1115 36 14 an-

189 1145 67 20 sluter
275 1143 45 28 mig
335 1143 68 20 -alltsä
422 1143 33 20 till
475 1143 40 21 den
531 1143 24 20 af
568 1143 45 27 mig
625 1142 81 27 jemväl
722 1142 7 21 i
743 1142 143 28 lagutskottet
901 1142 31 21 bi-

188 1178 76 21 trädda
284 1178 66 28 äsigt,
371 1184 44 14 som
435 1177 68 21 finnes
519 1177 95 28 uttryckt
629 1177 7 20 i
652 1177 90 21 sednare
758 1177 138 21 alternativet
911 1176 24 21 af

190 1213 54 21 1:sta
262 1213 11 27 $
289 1212 40 21 och
346 1212 53 20 1:sta
414 1211 137 22 alternativet
567 1211 22 21 af
603 1210 58 22 2:dra
677 1211 11 27 8
703 1211 8 20 i
726 1211 115 21 utskottets
856 1211 75 21 betän-

188 1247 80 26 kande,
285 1247 70 27 jemte
376 1246 36 21 det
429 1246 39 27 jag
488 1252 67 21 gerna
574 1245 86 22 förenar
678 1245 45 28 mig
739 1253 34 14 om
789 1245 41 22 den
846 1245 24 21 af
882 1245 50 21 herr

187 1279 92 22 Blåfield
294 1279 33 21 till
342 1279 115 21 utskottets
472 1279 109 28 protokoll
595 1279 177 21 reservationsvis
787 1279 90 27 tillagda
888 1285 43 14 me-

187 1314 53 28 ning
254 1314 7 21 i
275 1315 79 20 ämnet.

254 1349 58 21 Herr
328 1348 150 22 Tandefelt:
494 1348 43 21 För
552 1348 44 21 min
613 1347 34 22 del
663 1347 69 22 skulle
742 1347 39 30 jag
792 1354 52 15 anse
856 1346 74 30 rättig-

187 1383 64 22 beten
266 1385 32 20 att
313 1383 51 22 råda
380 1383 60 22 öfver
455 1383 36 22 sitt
507 1383 52 28 gods
575 1384 52 20 utan
642 1382 47 22 fara
704 1383 73 21 kunna
789 1383 141 21 tillerkännas

186 1419 55 28 ogift
256 1419 80 29 qvinna
351 1419 36 21 vid
402 1419 24 21 21
443 1419 35 21 års
493 1419 66 20 ålder.
589 1417 45 22 Och
650 1425 63 14 anser
727 1419 38 28 jag
780 1418 70 21 henne
867 1417 62 22 äfven

187 1454 34 23 vid
237 1454 71 22 denna
323 1453 60 23 älder
398 1453 52 22 böra
466 1455 41 29 äga
521 1455 44 20 rätt
580 1455 31 20 att
625 1455 52 20 utan
691 1454 117 29 giftomans
820 1453 123 30 samtycke
937 1449 10 39 '
