1028 1714
766 113 36 21 911

157 175 42 23 Väl
214 176 40 22 hör
269 184 50 14 man
335 177 160 29 invändningar
510 180 63 27 göras
589 180 57 19 emot
662 180 32 19 ett
707 179 23 21 så
740 179 94 21 radikalt

89 211 78 21 medel.
197 211 62 21 Huru
279 214 24 19 är
321 212 37 21 det
373 212 81 28 rimligt
469 214 32 20 att
516 213 86 27 begära,
616 214 31 19 att
662 213 28 27 vi,
706 213 26 21 de
747 213 87 21 bildade

89 246 7 20 i
111 245 74 22 landet
205 246 60 21 skola
285 246 88 28 öfverge
393 246 37 21 det
451 247 74 27 språk,
546 247 41 21 den
608 247 72 21 kultur
700 248 21 20 vi
736 250 51 25 äga,
802 249 32 19 att

89 280 51 20 våra
155 280 53 20 barn
224 280 61 22 skola
300 281 99 20 återfalla
413 280 8 20 i
437 281 35 21 det
487 281 69 21 finska
571 281 118 21 barbariet!
702 294 24 3 —
738 281 36 21 Må
784 288 50 14 man

89 314 66 33 lugna
175 314 42 28 sig;
238 322 27 13 en
286 314 66 22 sådan
372 315 124 28 uppoffring
515 317 23 19 är
558 315 90 21 alldeles
665 315 49 21 icke
733 315 101 27 behöflig.

88 348 131 22 Andamålet
234 350 39 20 bör
289 349 41 21 den
346 349 86 21 förutan
447 350 74 20 kunna
535 349 82 22 vinnas.

155 381 36 23 Då
205 383 42 22 den
262 384 93 21 svenska
369 384 156 27 befolkningen
540 384 7 20 i
561 383 73 21 landet
644 384 131 20 åtminstone
785 384 49 20 icke

88 417 129 28 öfverstiger
227 418 60 28 +-del
297 418 24 20 af
330 418 143 27 folkstocken,
482 420 23 19 är
516 418 36 21 det
559 418 48 20 icke
616 417 90 29 obilligt,
715 424 35 14 om
758 418 77 20 endast

88 451 59 29 +-del
162 452 24 20 af
200 452 128 21 skolverken
344 452 76 21 förblir
430 453 86 26 svensk,
527 452 139 28 hvarigenom
676 452 86 21 landets
772 458 61 14 sven-

88 486 39 20 ska
142 486 102 21 invånare
260 486 77 21 stadna
351 486 8 21 i
374 486 39 21 full
430 487 119 27 besittning
564 486 23 21 af
601 486 25 20 de
642 486 34 21 för
691 486 33 21 sin
734 486 100 28 bildning

88 520 108 28 behöfliga
210 521 93 21 medlen.
325 520 81 22 Likaså
418 523 24 19 är
456 522 37 20 det
508 521 87 21 rättvist
610 522 31 20 att
654 521 84 28 $-delar
751 520 23 22 af
786 520 47 21 sko-

88 554 72 22 lornes
174 555 60 21 antal
248 555 162 28 reorganiseras
426 556 33 20 för
471 556 41 21 den
524 555 69 21 finska
602 555 168 28 befolkningens
781 555 52 21 bild-

87 589 60 29 ning,
159 590 137 28 naturligtvis
307 590 65 21 äfven
383 589 49 22 med
444 590 154 28 undervisning
608 590 7 21 i
625 590 67 28 något
702 590 24 20 af
736 589 27 21 de
776 591 58 20 stora

87 624 169 28 kulturspråken
271 625 70 27 jemte
359 625 114 21 svenskan.
502 624 83 22 Endast
605 624 89 22 sålunda
712 624 62 21 skola
789 631 43 14 em-

88 658 55 21 bets-
159 659 41 21 och
214 660 133 27 tjenstemän
362 660 73 20 kunna
450 660 73 26 danas,
533 659 74 21 hvilka
616 659 152 28 fullkomligen
778 661 55 19 mot-

87 700 63 14 svara
164 693 84 21 landets
263 694 69 20 behof
345 694 39 21 och
399 694 91 20 rättvisa
506 693 128 29 fordringar.
653 691 73 23 Innan
742 700 26 14 en
780 694 53 20 total

87 728 81 20 reform
184 728 23 20 af
221 728 129 21 skolverken
365 728 7 21 i
388 728 60 21 detta
461 728 57 28 syfte
531 728 78 21 hinner
624 728 144 27 genomföras,
780 728 53 28 ålig-

87 769 38 21 ger
141 762 36 21 det
191 764 96 19 närmast
301 763 152 21 universitetet
468 764 38 24 att,
523 762 26 21 då
564 769 89 14 numera
667 762 57 20 ifrån
736 762 26 20 de
773 762 60 28 lägre

88 797 179 21 läroanstalterne
286 798 116 27 ynglingar
421 797 130 27 dimitteras,
569 796 73 22 hvilka
661 796 67 21 redan
744 803 89 21 genom-

87 832 47 28 gått
150 838 27 14 en
192 832 99 21 lärokurs
306 832 7 21 i
329 832 94 26 finskan,
438 838 80 21 genom
534 830 134 22 anställande
683 830 59 22 inom
755 831 78 28 juridi-

88 866 38 21 ska
144 866 122 21 fakulteten
286 866 24 21 af
329 873 26 14 en
371 866 92 21 särskild
478 866 70 21 lärare
563 866 33 21 för
611 865 59 21 detta
686 865 74 28 språk,
774 865 58 21 tillse

87 901 37 21 det
138 901 52 28 inga
205 900 131 22 studerande
351 900 108 28 framgent
474 900 33 21 till
522 900 84 22 inträde
621 900 36 20 vid
667 900 164 21 embetsverken

87 936 58 28 finge
161 936 84 20 anmäla
261 936 40 28 sig,
316 936 67 20 innan
398 935 27 21 de
440 935 75 21 kunna
528 937 98 26 prestera
636 934 68 28 betyg
715 934 60 22 öfver
785 935 47 27 nöj-

88 971 60 28 aktig
167 970 108 28 färdighet
295 972 32 19 att
347 970 8 20 i
374 970 30 21 tal
423 970 40 20 och
479 970 64 20 skrift
558 969 100 28 uttrycka
672 969 34 29 sig
720 970 28 28 på
762 969 70 21 finska

87 1006 95 27 språket.
212 1004 146 22 Erkännande
379 1004 57 22 detta
456 1004 68 22 behof
542 1004 70 21 såsom
632 1005 32 19 ett
684 1004 24 20 af
730 1004 26 20 de
777 1006 54 19 mest

88 1040 201 28 maktpåliggande,
309 1039 86 21 förenar
412 1039 40 28 jag
472 1039 45 27 mig
530 1039 8 20 i
554 1038 35 21 det
604 1038 134 21 hedervärda
752 1038 81 21 bonde-

86 1074 99 31 ståndets
200 1074 93 28 petition
309 1074 38 20 och
363 1073 92 21 föreslår
470 1074 49 20 dess
534 1072 76 22 remiss
624 1072 33 20 till
672 1073 110 20 allmänna
797 1072 35 21 be-

87 1108 174 22 svärsutskottet.

155 1142 58 22 Herr
233 1142 112 22 Schildt:
367 1142 83 21 Genom
470 1142 37 21 det
526 1142 79 28 nådiga
622 1142 117 27 reskriptet
754 1141 24 21 af
791 1140 42 21 den

89 1179 27 20 30
131 1177 140 21 sistförvikne
283 1177 49 28 juli,
348 1177 39 21 har
401 1176 29 22 H.
445 1177 63 28 Kejs.
523 1176 71 28 Maj:t,
609 1176 104 20 Finlands
728 1175 49 21 ädle
793 1175 40 21 och

87 1211 143 29 högtälskade
246 1211 115 21 storfurste
377 1211 105 21 förklarat
498 1211 36 20 det
548 1211 70 20 finska
632 1210 136 27 tungomålet
782 1216 52 14 vara

88 1247 45 20 lika
153 1246 131 28 berättigadt
303 1245 50 21 med
373 1245 36 22 det
430 1245 92 21 svenska
542 1245 31 20 uti
589 1245 47 26 allt,
652 1251 46 14 som
713 1244 64 21 berör
792 1243 41 21 den

87 1280 71 21 finska
173 1281 86 20 talande
274 1279 156 29 befolkningen
446 1280 7 20 i
468 1279 80 21 landet.

156 1315 79 20 Denna
254 1313 104 28 handling
378 1315 23 20 af
418 1313 88 28 högsint
525 1313 90 20 rättvisa
634 1314 58 19 emot
712 1312 37 20 det
764 1311 69 21 finska

89 1348 69 21 folket
173 1348 38 20 har
226 1348 73 20 blifvit
313 1347 75 21 helsad
403 1347 51 20 med
465 1347 61 26 jubel
542 1347 39 20 och
596 1347 39 20 har
651 1346 63 20 väckt
729 1345 42 20 den
787 1345 46 28 dju-

88 1384 62 26 paste
164 1381 135 22 tacksamhet
314 1381 6 20 i
334 1381 76 28 hvarje
426 1381 68 20 finnes
509 1380 66 20 bröst.
