1006 1709
211 132 40 27 728

181 203 68 21 hållet
263 202 63 28 utgå,
342 204 56 18 samt
413 201 13 21 5
441 204 65 18 mom.
521 197 8 25 i
544 198 12 24 9
568 202 11 26 &
590 198 24 24 af
623 196 41 26 den
675 199 124 29 föreslagna
809 194 123 28 riddarhus-

181 236 122 28 ordningen
323 236 82 20 erhälla
425 236 96 27 följande
541 235 94 28 lydelse:
651 235 139 27 ,Adelsman,
806 234 89 22 hvilken
911 235 23 20 af

181 278 72 14 annan
273 271 65 20 orsak
357 272 28 19 än
403 270 160 21 innehafvande
578 269 57 21 finsk
650 270 131 27 statstjenst,
797 269 39 21 har
851 269 38 20 sitt
903 269 28 20 bo

181 306 40 21 och
236 305 94 21 hemvist
344 306 59 19 utom
419 304 103 28 Finland,
539 304 53 21 eller
606 304 50 27 ock,
668 304 55 21 efter
734 311 59 14 mera
807 305 28 20 än
846 303 86 28 sexärig

180 340 89 21 vistelse
288 341 59 19 utom
365 339 84 27 landet,
469 339 48 21 icke
537 339 57 21 varit
614 338 26 21 de
660 340 32 19 tre
712 339 52 20 sista
779 339 62 26 ären,
857 338 74 21 förrän

180 375 44 20 han
244 375 34 27 sig
297 374 35 21 till
350 375 46 20 säte
412 374 39 21 och
468 375 91 20 stämma
574 374 12 20 å
601 373 138 21 riddarhuset
754 373 91 27 anmält,
860 373 71 20 såsom

181 409 57 21 finsk
252 408 143 29 medborgare
410 408 72 21 bosatt
498 408 40 21 och
554 407 156 22 skattskrifven
728 408 54 21 eller
797 407 7 21 i
820 407 111 28 egenskap

182 443 23 22 af
219 444 131 27 tjensteman
366 443 13 21 &
393 443 52 28 rysk
460 444 43 19 stat
517 442 133 21 stationerad
664 443 59 20 inom
736 442 114 21 Finland",

249 477 102 21 Friherre
375 476 131 22 Walleen:
528 477 71 28 Ingen
618 476 44 21 kan
684 476 92 21 förneka
797 476 135 28 riktigheten

181 512 24 21 af
218 512 43 21 den
276 511 139 28 rättsprincip
432 518 45 14 som
493 512 39 21 här
547 511 25 21 af
584 518 28 14 en
627 511 53 21 värd
696 511 69 21 talare
780 511 71 21 blifvit
866 511 65 20 fram-

180 546 74 21 hållen
275 546 70 21 såsom
364 547 57 20 rätta
441 545 192 29 utgångspunkten
653 545 33 21 för
701 545 194 21 bestämmelserna
910 545 24 21 af

181 582 13 20 4
210 581 40 21 och
269 581 12 20 5
301 581 150 20 momenterna
471 580 24 21 af
512 581 12 20 9
544 581 11 27 8
570 580 7 20 i
593 579 41 22 den
649 579 23 22 af
685 579 106 22 utskottet
806 579 125 28 föreslagna

182 615 245 28 riddarhusordningen.

251 649 44 22 Det
314 649 60 22 torde
395 649 55 21 dock
470 649 52 21 falla
542 649 33 28 sig
595 649 58 21 svårt
668 649 7 21 i
691 649 59 21 detta
768 649 38 21 fall
825 656 45 14 som
886 649 7 21 i
909 649 24 21 så

182 685 80 27 många
277 684 77 27 andra,
369 683 38 22 der
423 691 27 14 en
464 683 85 29 princip
564 683 8 21 i
588 683 36 21 det
639 683 113 28 praktiska
766 684 39 21 bör
816 684 116 28 tillämpas,

182 721 31 19 att
235 719 50 21 fullt
307 717 136 30 konsegvent
466 718 128 28 genomföra
614 718 133 21 densamma.
781 718 67 22 Detta
868 726 63 21 synes

181 753 67 22 redan
269 753 24 21 af
311 753 26 21 de
357 753 80 28 många
456 753 58 21 olika
529 752 209 29 redaktionsförslag
752 760 47 14 som
814 753 117 22 förefinnas

181 788 34 21 för
230 788 170 28 uppsättningen
417 787 24 21 af
448 788 93 21 nämnde
551 790 128 18 momenter.
703 788 143 28 Svårigheten
857 789 7 20 i
875 789 56 21 före-

181 822 95 21 varande
291 822 39 21 fall
344 822 77 21 härrör
437 822 69 27 deraf,
521 824 32 20 att
568 824 80 19 tvenne
664 822 69 22 skilda
748 823 109 28 principer
873 824 59 27 ligga

181 857 33 21 till
230 857 71 28 grund
315 857 34 21 för
363 857 50 20 hela
424 857 48 21 vårt
483 857 279 28 representationssystem
750 853 12 36 :
773 857 158 28 sjelfskrifven-

180 891 65 22 heten
268 891 34 21 för
325 891 36 21 det
382 891 68 21 första
470 891 85 22 ständet
576 891 39 21 och
636 892 150 28 valprincipen
806 892 34 21 för
856 892 26 21 de
898 894 33 19 tre

181 926 76 28 öfriga.
281 925 92 22 Ständet
387 926 40 21 har
442 926 71 21 funnit
528 927 34 20 för
577 926 53 28 godt
644 928 34 19 att
692 927 134 20 fortfarande
837 927 94 21 vidhålla

180 960 209 21 förstfödslorättens
411 961 150 27 prerogativer
581 961 49 20 med
649 963 24 26 ty
692 961 119 28 åtföljande
829 961 101 22 inkonse-

181 1001 102 21 qvenser;
299 1002 49 13 men
365 996 57 19 orätt
437 1001 51 14 voro
504 996 31 20 att
551 995 105 27 derjemte
672 997 85 26 strängt
771 996 54 27 vilja
837 995 94 22 vidhålla

181 1035 26 14 en
223 1029 95 28 princip,
337 1035 56 21 som,
410 1029 67 20 ehuru
493 1030 6 19 i
514 1029 34 28 sig
563 1029 52 28 sjelf
628 1029 77 28 riktig,
718 1030 36 21 vid
764 1030 167 28 tillämpningen

180 1063 34 20 för
234 1063 166 28 ifrågavarande
424 1063 47 26 fall,
494 1063 70 21 skulle
587 1063 49 21 leda
658 1064 33 20 till
712 1071 26 14 en
759 1064 104 21 orättvisa
885 1066 46 19 mot

180 1097 224 26 ståndsmedlemmar,
427 1104 56 19 som,
506 1097 86 21 bosatta
607 1097 7 20 i
629 1097 84 27 landet,
734 1105 63 20 egare
817 1098 24 21 af
861 1100 70 19 större

179 1131 63 26 gods,
263 1131 25 27 ja
310 1131 33 20 till
366 1131 40 20 och
427 1131 49 20 med
496 1131 213 21 fideikommissarier
728 1132 70 21 blefve
821 1132 110 21 uteslutna

179 1164 48 21 från
244 1166 46 19 säte
306 1165 40 20 och
362 1166 92 19 stämma
469 1165 12 20 å
497 1165 59 22 detta
571 1165 121 21 riddarhus.

249 1198 75 21 Skulle
340 1205 79 21 genom
435 1199 122 28 antagande
568 1199 24 21 af
600 1199 116 22 liberalare
726 1200 111 28 principer
854 1199 76 29 hvarje

179 1232 72 21 dertill
266 1233 123 27 berättigad
403 1233 57 20 finsk
474 1233 122 27 adelsman,
612 1234 104 27 antingen
731 1235 44 20 han
785 1235 6 19 i
803 1236 58 19 öster
877 1235 53 20 eller

179 1267 72 20 vester
267 1267 39 27 gör
322 1266 36 21 det
373 1266 70 21 finska
457 1269 89 19 namnet
560 1267 69 21 kändt
644 1267 40 21 och
698 1267 84 27 aktadt,
793 1268 83 21 lemnas
886 1268 43 21 till-

178 1300 61 20 träde
255 1300 34 20 till
305 1300 70 21 denna
390 1300 128 29 församling
534 1301 40 21 och
585 1301 124 28 derigenom
721 1302 64 21 äfven
795 1302 68 21 andra
873 1302 56 28 åsig-

178 1336 33 19 ter
231 1336 27 19 än
279 1334 51 22 våra
345 1341 56 21 egna
416 1334 58 29 finge
489 1336 90 27 uttalas,
596 1336 23 21 så
634 1336 72 21 kunde
722 1336 34 22 väl
772 1336 59 22 detta
847 1337 82 28 någon-

178 1369 33 21 sin
227 1368 106 22 innebära
348 1376 27 14 en
385 1369 69 22 våda?
469 1370 51 21 Icke
531 1370 67 22 måtte
609 1371 22 21 vi
640 1370 35 22 väl
686 1378 52 14 vara
749 1372 23 20 så
783 1379 65 21 svaga
858 1372 7 20 i
876 1372 52 21 våra

178 1403 167 29 öfvertygelser,
368 1404 32 21 att
419 1404 22 21 vi
460 1404 101 22 fruktade
582 1407 31 19 att
632 1407 65 27 öppet
713 1406 40 21 och
769 1406 64 28 ärligt
849 1406 81 29 kämpa

178 1442 34 18 om
233 1438 49 22 dem
302 1438 7 22 i
329 1438 72 22 ordets
422 1438 67 22 strid?
511 1439 41 21 Om
573 1447 49 15 man
641 1440 47 22 åter
703 1441 69 21 under
787 1441 59 21 vissa
861 1441 68 21 förut-
