1006 1706
743 136 40 23 647

65 202 103 29 Finland,
189 206 77 26 genast
279 204 24 22 få
316 203 97 30 pastorat
429 202 39 24 och
484 206 23 20 är
522 203 28 23 då
564 204 74 22 valbar
653 204 34 22 till
701 212 112 21 represen-

66 241 47 18 tant
133 238 33 21 för
184 239 168 27 prestaståndet.
381 239 127 21 Detsamma
523 241 23 18 är
561 238 62 22 fallet
638 240 60 20 inom
712 239 102 28 borgare-

66 273 95 27 ståndet;
177 273 21 20 vi
213 273 64 21 hafva
292 274 79 26 många
387 274 99 27 exempel
501 274 28 27 på
544 275 32 19 att
591 273 139 27 utlänningar
744 274 71 28 flyttat

65 307 33 21 till
119 306 103 27 Finland,
242 307 73 21 blifvit
335 306 70 22 finska
423 307 139 21 undersåtare
582 307 39 21 och
642 308 47 20 låtit
709 308 106 21 inskrifva

67 342 33 26 sig
120 342 70 20 såsom
211 342 92 27 borgare
323 342 7 20 i
351 348 26 14 en
397 341 55 21 finsk
472 342 48 20 stad
540 342 40 20 och
599 341 65 21 bafva
684 342 27 20 då
726 344 43 19 rätt
783 344 33 19 att

66 377 152 26 representera
240 376 133 21 densamma.
403 376 119 22 Enahanda
545 378 23 18 är
588 376 146 21 förhållandet
756 376 59 22 inom

66 410 167 27 bondeståndet;
251 417 25 14 en
292 410 70 21 bonde
378 410 43 21 kan
434 411 65 20 vistas
512 410 78 28 många
602 410 22 21 år
634 410 7 20 i
649 410 116 28 Ryssland,
775 411 40 20 och

66 444 43 21 kan
125 445 36 21 vid
177 445 33 21 sin
225 444 119 22 återkomst
359 444 113 22 härstädes
487 446 65 27 lägga
567 445 34 27 sig
616 445 33 20 till
660 445 105 27 fastighet
775 445 40 21 och

66 479 125 27 derigenom
208 479 100 21 tillvinna
323 479 34 28 sig
371 480 230 27 representationsrätt
616 478 59 22 inom
685 479 130 21 bondestån-

67 513 43 21 det.
136 513 89 21 Således
241 516 36 19 vet
289 514 40 27 jag
345 514 27 28 ej,
387 513 101 21 hvarföre
504 521 51 14 man
568 514 48 27 just
630 514 23 20 af
666 514 64 20 adeln
745 514 70 20 skulle

67 548 73 20 fordra
159 548 24 20 så
203 550 89 26 stränga
309 548 72 21 vilkor
401 548 40 21 och
461 548 69 22 skulle
546 548 86 21 derföre
648 555 52 14 anse
716 548 36 21 det
766 548 50 22 med

66 582 130 28 billigheten
217 583 237 21 öfverensstämmande
470 585 31 18 att
516 589 64 15 mom.
596 582 70 21 skulle
682 582 22 21 få
719 582 97 28 följande

66 616 91 28 lydelse:
174 617 135 26 ,Adelsman,
320 617 89 21 hvilken
425 617 72 27 flyttat
512 618 38 20 sitt
564 617 28 20 bo
603 616 40 22 och
652 616 94 22 hemvist
755 619 60 19 utom

66 650 95 21 Finland
181 651 39 21 och
241 652 24 20 af
283 658 71 14 annan
375 651 74 27 orsak,
465 653 27 19 än
508 652 41 20 den
565 658 46 14 som
627 651 75 21 härrör
718 650 24 22 af
754 651 61 21 inne-

67 685 107 21 hafvande
190 685 55 21 finsk
261 686 73 27 tjenst,
351 688 23 18 är
389 685 83 22 boende
487 688 60 18 utom
562 685 81 21 landet.

135 712 127 35 Återflyttar
283 719 111 22 adelsman
415 720 33 20 till
467 720 103 26 Finland,
590 720 64 21 hafve
674 720 33 20 sin
725 721 43 19 rätt
783 720 34 20 till

67 754 45 20 säte
128 754 39 20 och
183 756 92 19 stämma
293 755 12 20 &
326 754 137 21 riddarhuset
486 754 172 21 äterförvärfvad
678 754 41 21 och
739 754 78 21 varder

68 787 74 22 dervid
157 788 123 22 bibehållen
301 788 23 21 så
339 788 64 28 länge
419 788 42 22 han
478 788 36 22 sitt
529 788 27 21 bo
572 788 40 21 och
627 788 93 22 hemvist
736 788 81 21 derstä-

67 822 38 21 des
122 824 51 26 äger
189 823 40 21 och
245 823 33 20 sin
293 824 43 20 rätt
352 823 33 20 till
401 824 45 19 säte
462 823 40 21 och
518 824 91 20 stämma
624 823 48 21 icke
688 822 129 22 annorledes

68 856 128 22 förverkat.*

135 892 58 21 Herr
209 899 42 14 von
261 892 80 26 Born,
357 891 27 21 K.
396 891 31 21 F.:
443 891 70 22 Bland
530 891 25 21 de
566 891 116 27 förmåner,
694 898 46 14 som
751 890 66 22 sedan

68 926 60 22 äldre
149 926 55 21 tider
224 926 90 21 tillbaka
329 926 125 21 tillkommit
469 925 152 29 ridderskapet
635 926 41 20 och
688 926 74 26 adeln,
778 925 39 21 har

68 961 31 21 uti
116 962 10 26 8
142 962 13 20 4
171 961 23 20 af
209 961 53 21 1723
278 961 35 20 års
328 960 87 28 adeliga
429 960 125 28 privilegier
569 960 91 21 influtit:

137 995 42 27 »På
195 995 36 21 det
245 994 152 29 ridderskapet
412 995 40 21 och
467 995 63 21 adeln
546 995 62 28 mäge
624 995 66 21 vinna
704 1001 60 15 mera
777 994 41 21 och

68 1029 72 22 bättre
159 1030 134 21 förfarenhet
308 1030 34 21 till
356 1029 55 22 Wär
427 1030 39 20 och
482 1029 196 22 Fäderneslandets
694 1029 60 21 desto
770 1031 47 26 nyt-

69 1065 69 28 tigare
154 1065 75 27 tjenst,
245 1065 24 20 sä
285 1065 55 20 skall
356 1065 53 20 hvar
425 1064 39 21 och
480 1071 26 14 en
522 1064 47 21 fritt
585 1063 39 22 och
641 1063 109 22 efterlätet
760 1070 57 19 vara,

69 1100 32 19 att
116 1099 81 20 vandra
217 1099 31 20 uti
268 1098 135 21 fremmande
423 1098 60 27 land,
498 1098 55 21 bäde
568 1098 34 21 till
617 1097 89 29 bokliga
722 1097 39 21 och
777 1097 42 21 fria

68 1133 100 22 konsters
188 1133 104 27 idkande,
313 1141 46 13 som
380 1133 41 21 ock
439 1135 31 19 att
490 1133 44 21 läta
553 1133 70 20 bruka
642 1133 34 27 sig
694 1132 39 21 hos
752 1132 65 21 frem-

70 1168 77 21 mande
163 1168 74 21 herrar
252 1168 7 21 i
275 1168 49 27 krig
339 1167 54 22 eller
408 1175 72 14 annan
495 1168 68 27 tjenst
578 1167 90 21 hvarvid
684 1167 42 20 den
742 1167 33 27 sig
785 1167 33 19 ut-

69 1202 59 21 rikes
147 1201 106 29 skickelig
274 1202 39 21 och
332 1201 127 28 välförtjent
474 1202 68 27 gjort,
562 1201 81 21 sädana
658 1200 109 21 förmäner
783 1200 35 21 vid

69 1237 49 20 dess
132 1236 124 21 hemkomst
270 1236 154 27 tillgodonjuta
440 1236 72 20 skall.*

137 1271 40 20 Att
192 1270 90 21 sälunda
296 1270 50 21 med
360 1269 152 22 bibehällande
527 1269 24 22 af
560 1269 47 21 sina
617 1245 148 52 undorsälliga
775 1269 44 20 för-

70 1304 109 22 bindelser
199 1305 33 20 till
251 1304 144 21 fosterlandet
415 1305 52 27 ingå
486 1304 7 21 i
511 1305 67 20 annat
596 1303 62 21 lands
673 1304 68 27 tjenst
759 1309 38 14 var
812 1302 7 20 i

70 1339 60 20 äldre
151 1339 56 20 tider
227 1339 82 26 ganska
328 1338 93 27 vanligt,
441 1338 39 21 och
496 1338 60 20 detta
570 1337 56 20 bruk
641 1337 39 20 har
695 1337 58 20 intill
768 1338 52 19 våra

71 1373 67 27 dagar
156 1372 115 21 bibehållit
290 1371 39 28 sig.
358 1371 73 28 Något
446 1371 46 21 helt
507 1372 66 20 annat
588 1372 24 19 är
628 1371 97 20 deremot
740 1372 31 18 att
786 1369 34 21 till

70 1407 44 21 alla
134 1405 60 23 delar
211 1405 92 30 upplösa
321 1406 64 21 dessa
404 1405 144 22 förbindelser
566 1406 56 20 samt
637 1404 46 21 helt
698 1404 40 22 och
753 1403 66 22 hållet

72 1441 125 28 öfverflytta
215 1441 34 22 till
268 1440 135 23 främmande
423 1440 59 28 land;
501 1440 56 21 huru
576 1439 76 22 dervid
666 1439 70 22 skulle
752 1438 68 31 tillgå,

117 1481 51 23 Högl.
181 1481 52 18 Ridd.
246 1482 30 17 och
287 1481 64 18 Adelns
363 1480 66 18 Protok.
444 1480 24 17 II.
731 1479 22 18 42
