1025 1714
218 123 42 21 894

190 193 73 20 rerne,
284 188 53 21 eller
352 188 41 20 ock
408 188 69 28 begge
492 187 77 27 tillika,
584 188 56 20 samt
655 188 32 20 att
702 187 86 21 ståndet
803 188 86 21 förenat
903 187 34 29 sig

191 229 34 14 om
246 222 37 21 det
302 222 24 21 af
344 221 48 22 dess
413 222 40 21 och
472 222 169 21 bondeståndets
660 222 132 28 deputerade
809 222 7 20 i
831 222 106 21 utskottet

190 256 84 28 afgifna
287 255 101 29 yttrande
404 256 111 29 angående
531 256 167 22 kommunernes
713 256 184 28 dispositionsrätt
906 256 32 21 öf-

190 298 38 14 ver
243 290 145 29 tillgångarne
401 290 7 21 i
424 290 204 29 socknemagasiner
643 298 46 14 som
704 290 108 30 indragas.

258 326 34 20 5:o
308 324 84 30 Utdrag
402 332 25 14 ur
437 325 166 22 bondeständets
614 326 109 28 protokoll
733 325 33 22 för
777 326 41 21 den
830 326 10 21 1
852 326 8 20 i
868 325 70 22 denne

191 360 86 27 månad,
291 360 50 21 med
351 360 159 22 underrättelse
521 360 81 27 derom,
615 361 32 21 att
657 360 85 22 ståndet
752 360 97 28 godkänt
859 360 79 22 ekono-

191 395 161 21 mieutskottets
372 394 136 22 betänkande
523 394 7 21 i
546 394 118 28 anledning
679 394 23 22 af
715 394 80 29 nådiga
808 395 130 28 propositio-

190 436 43 14 nen
249 429 112 29 angående
376 429 28 21 fri
419 428 195 29 spanmålshandel,
629 429 50 21 med
694 429 66 21 sådan
776 430 115 26 afvikelse,
907 431 31 20 att

191 464 26 20 de
233 463 24 21 af
271 463 96 21 ståndets
383 463 133 28 deputerade
532 463 40 21 och
587 463 50 21 herr
651 470 42 14 von
708 463 157 29 Weissenberg
878 464 7 20 i
896 464 43 22 frå-

191 505 42 21 gan
253 497 84 29 afgifna
351 498 159 22 reservationer
525 498 24 21 af
562 497 86 22 ståndet
661 498 103 28 antagits,
780 498 112 22 äfvensom
907 500 32 19 att

191 532 86 22 ståndet
298 532 86 22 förenat
407 532 33 29 sig
462 539 35 15 om
515 532 43 22 den
578 532 24 22 af
619 532 48 23 dess
688 532 40 22 och
748 533 190 28 borgareståndets

191 567 140 22 medlemmar
346 568 6 21 i
368 568 107 21 utskottet
488 567 86 28 yttrade
589 567 88 28 mening
690 567 135 22 beträffande
841 568 97 21 kommu-

191 609 54 15 nens
260 602 104 28 rättighet
379 604 32 19 att
425 603 86 28 förfoga
526 602 60 22 öfver
601 602 145 29 tillgångarne
761 602 7 22 i
785 603 153 28 socknemaga-

191 637 58 22 siner
265 644 45 15 som
326 637 108 28 indragas.

259 673 33 21 6:0
307 672 85 29 Utdrag
406 680 26 15 ur
447 672 167 23 bondeständets
629 672 109 29 protokoll
752 673 35 21 för
802 673 41 21 den
856 674 9 20 1
877 673 61 22 inne-

191 707 94 22 varande
295 707 121 28 december,
429 707 49 22 med
489 708 100 21 anmälan
600 707 81 27 derom,
693 708 31 20 att
735 707 92 27 ständet,
836 707 36 22 vid
881 707 57 22 före-

191 742 135 28 dragningen
347 743 23 20 af
386 742 155 29 lagutskottets
555 741 137 22 betänkande
708 742 7 21 i
730 741 119 29 anledning
864 743 24 20 af
900 743 38 20 nä-

189 777 52 27 diga
260 777 164 28 propositionen
444 777 56 21 huru
519 776 36 22 vid
574 776 122 28 ansökning
716 783 35 14 om
770 777 81 27 lagfart
869 777 13 21 &
895 777 44 21 fast

191 811 106 28 egendom
313 811 92 21 förfaras
421 811 56 21 skall
492 811 27 21 dä
535 810 110 22 sökanden
661 811 20 28 ej
697 811 43 21 kan
756 810 49 22 fullt
820 811 74 28 styrka
905 811 33 22 sin

190 845 145 22 företrädares
351 845 94 22 åtkomst
460 845 34 21 till
509 845 146 29 egendomen,
671 845 97 28 godkänt
783 845 66 29 sagde
863 845 75 22 betän-

190 879 81 28 kande,
291 880 90 21 sälunda
400 880 78 27 likväl,
498 881 32 20 att
549 879 27 22 de
595 879 7 22 i
625 881 9 19 1
651 880 12 27 $
679 879 62 22 deraf
758 880 59 21 inom
837 882 102 27 parentes

191 916 111 27 upptagne
317 914 39 21 ord
370 915 70 21 skulle
454 915 60 28 utgå.

260 949 33 20 7:0
308 948 84 29 Utdrag
402 955 26 14 ur
437 948 168 22 bondeständets
614 948 109 29 protokoll
733 948 34 22 för
777 949 42 21 den
829 950 13 20 4
854 949 6 20 i
868 949 71 22 denne

190 983 89 27 månad,
299 983 51 21 med
364 983 158 21 underrättelse
537 983 81 27 derom,
633 985 32 19 att
680 982 86 23 ståndet
781 983 96 28 godkänt
892 984 46 28 lag-

191 1017 117 21 utskottets
329 1018 137 21 betänkande
485 1018 9 20 i
511 1017 119 29 anledning
645 1018 24 20 af
681 1018 80 28 nådiga
775 1018 163 28 propositionen

191 1058 36 14 om
246 1052 96 28 lindring
362 1052 6 20 i
388 1052 167 21 underdomares
576 1052 115 28 åliggande
711 1054 31 19 att
762 1052 34 21 till
810 1052 82 22 hofrätt
905 1053 33 21 in-

191 1086 66 21 sända
273 1086 123 21 renskrifna
412 1086 111 28 exemplar
539 1087 23 20 af
575 1086 47 21 sina
637 1086 138 22 domböcker.

259 1121 34 21 8:o
308 1120 84 28 Utdrag
402 1127 25 14 ur
437 1120 169 21 bondeständets
616 1120 109 28 protokoll
735 1120 34 22 för
779 1120 42 22 den
832 1122 28 20 8i
868 1120 71 23 denne

191 1154 88 28 månad,
299 1155 50 21 med
369 1155 100 21 anmälan
491 1154 84 28 derom,
591 1156 32 19 att
638 1154 85 22 ståndet
738 1156 84 28 antagit
836 1155 103 29 borgare-

191 1188 96 22 ståndets
307 1189 130 28 inbjudning
456 1190 33 20 att
506 1189 87 28 deltaga
607 1189 32 21 uti
654 1196 27 14 en
696 1189 136 28 underdånig
846 1190 92 28 petition

191 1230 35 14 om
244 1223 103 22 tillåtelse
367 1223 33 21 för
416 1223 70 21 finska
500 1223 131 21 statsverket
646 1225 31 19 att
693 1224 104 28 antingen
812 1224 61 21 inom
887 1224 51 22 Fin-

191 1258 50 19 land
256 1257 81 21 inrätta
350 1258 143 27 erforderliga
508 1257 236 27 telegrafförbindelser
754 1257 53 21 eller
819 1258 40 20 ock
869 1258 70 21 inlösa

191 1290 41 21 den
250 1297 29 15 nu
294 1291 7 21 i
317 1290 73 22 landet
405 1290 112 28 befintliga
535 1291 221 29 telegrafinrättning,
777 1293 56 19 samt
848 1293 31 19 att
894 1298 44 14 om-

191 1324 105 22 förmälde
311 1324 80 22 ärende
406 1324 24 22 af
438 1324 86 22 ståndet
533 1326 133 21 remitterats
676 1326 34 21 till
720 1326 111 21 allmänna
840 1326 98 22 besvärs-

191 1360 112 22 utskottet.

259 1395 34 22 9:o
307 1394 85 29 Utdrag
407 1402 25 14 ur
446 1395 167 22 bondeståndets
623 1395 110 29 protokoll
743 1396 34 22 för
787 1396 41 22 den
841 1397 24 21 11
876 1396 62 22 inne-

191 1429 94 24 varande
300 1429 121 29 december,
436 1430 51 22 med
500 1430 100 23 anmälan
615 1431 81 28 derom,
712 1432 32 21 att
758 1431 86 23 ståndet
859 1431 79 23 bifallit
