1006 1709
213 132 41 20 676

255 196 144 26 »Godkänner
416 196 150 28 ridderskapet
582 196 39 21 och
638 196 63 22 adeln
718 196 41 22 den
771 197 6 21 i
788 197 105 27 förslaget
903 197 33 21 till

185 230 236 28 riddarhusordningen
437 233 112 26 upptagna
566 232 23 19 11
607 232 11 26 &
634 231 71 21 såsom
721 231 41 21 den
779 233 23 19 är
813 231 7 20 i
832 231 105 28 förslaget

185 264 107 22 affattad.*

254 299 135 21 Besvarades
405 299 49 21 med
470 300 159 28 öfvervägande
641 300 30 28 ja.

530 336 11 26 8
559 335 32 20 12.

253 368 58 22 Herr
326 376 42 14 von
378 367 86 29 Born,
475 368 27 22 K.
514 369 35 21 F.:
565 369 35 21 Dä
611 368 36 22 det
658 370 24 20 är
694 369 116 28 sjelffallet,
822 371 32 20 att
862 370 75 28 hvarje

185 404 43 20 ätts
249 403 94 21 medlem
363 404 54 20 eller
438 404 79 20 ombud
536 404 40 21 bör
594 404 75 28 intaga
684 405 71 19 ättens
772 404 40 22 och
828 405 20 27 ej
865 404 72 28 nägon

185 445 72 14 annan
273 439 42 20 ätts
324 438 57 28 plats
392 438 12 21 &
415 438 142 27 riddarhuset,
569 438 71 21 kunde
653 438 68 21 första
733 439 127 27 meningen:
877 439 59 26 ,Den

184 472 57 28 plats
258 480 46 14 som
320 472 90 22 sålunda
424 472 70 22 blifvit
509 473 34 21 för
558 480 26 14 en
600 474 33 20 ätt
648 473 96 27 anvisad,
761 473 62 27 skall,
839 474 23 21 sä
873 474 65 27 länge

186 514 82 14 samma
286 507 105 28 landtdag
405 508 80 27 pästär,
501 508 23 21 af
536 508 49 21 dess
600 509 153 26 representant
767 508 54 20 eller
836 508 101 21 fullmäk-

186 541 32 28 tig
237 542 140 26 bibehällas*,
398 549 68 20 gerna
481 542 112 27 uteslutas,
609 544 24 26 ty
647 542 49 21 icke
712 542 43 21 kan
771 542 108 22 derunder
894 542 43 21 för-

187 576 50 27 stäs,
249 578 31 20 att
294 576 78 28 sjelfva
387 577 70 21 stolen
473 577 20 27 ej
509 577 58 28 finge
581 577 73 27 flyttas
670 578 12 20 &
698 578 66 20 annat
779 577 71 27 ställe,
866 577 27 21 dä
906 577 32 21 sä-

187 610 52 22 dant
259 611 68 21 mäste
348 610 51 22 bero
421 611 23 21 af
456 612 113 28 polletters
584 612 119 27 uttagande
719 611 40 22 och
775 612 163 22 äterlemnande

186 645 69 21 under
275 644 142 29 landtdagens
438 646 51 28 lopp
510 646 40 22 och
570 652 51 15 man
641 646 64 21 äfven
725 646 67 22 redan
812 646 37 21 vid
868 647 70 21 denna

185 680 105 27 landtdag
305 681 44 19 sett
363 680 93 27 mycken
472 680 106 28 rörlighet
592 681 8 20 i
613 680 102 22 afseende
727 681 13 21 ä
751 681 106 21 stolarnes
867 681 71 27 place-

187 714 58 28 ring;
265 714 7 20 i
288 714 73 22 stället
375 714 72 21 kunde
463 714 41 22 den
520 715 68 21 andra
602 714 120 28 meningen
738 715 7 21 i
760 714 73 22 denna
847 715 12 27 $
874 715 23 21 få
911 721 27 14 en

187 748 66 22 sådan
269 748 117 22 förändrad
400 748 93 28 lydelse:
509 749 94 28 ,Hvarje
620 749 169 22 ständsmedlem
804 749 86 28 intager
905 749 34 21 för

187 783 42 21 den
250 784 32 20 ätt
302 783 43 21 han
364 786 164 25 representerar
548 784 57 28 plats
625 784 13 21 &
656 784 43 21 viss
716 784 49 27 stol,
786 783 88 27 försedd
889 783 50 22 med

187 820 71 19 ättens
273 824 109 20 nummer;
398 817 130 22 kommande
544 818 75 21 dervid
634 818 126 28 grefvarne*
777 824 18 15 o.
811 825 17 14 8.
843 825 20 14 v.

255 852 58 22 Herr
333 852 158 29 Jägerhorn,
513 852 23 22 C.
556 852 32 22 J.:
608 852 44 30 Jag
671 852 55 22 hade
748 853 55 21 blott
822 853 60 21 velat
902 860 37 14 an-

187 887 75 21 märka
276 888 47 20 mot
337 887 143 22 redaktionen
495 888 24 22 af
532 888 13 21 2
560 895 75 20 mom.,
651 888 38 22 der
704 888 37 21 det
755 889 54 21 stär:
829 888 47 27 ,vid
891 888 48 21 bör-

185 922 38 27 jan
239 922 24 21 af
277 922 76 28 hvarje
367 922 105 28 landtdag
487 922 132 22 bestämmes
630 922 54 22 hvar
695 922 40 21 och
747 929 26 15 en
786 922 101 22 lefvande
899 924 40 19 ätt-

187 956 57 28 plats
265 956 13 21 &
297 956 44 21 viss
357 956 60 21 stol".
447 956 34 21 En
496 957 35 21 hel
545 958 32 19 ätt
592 956 43 21 kan
650 956 35 22 väl
701 957 20 27 ej
738 957 52 21 sitta
804 957 29 28 pä
847 963 28 14 en
890 957 50 27 stol,

188 990 36 20 det
239 997 52 14 vore
306 992 81 19 rättare
403 992 31 19 att
448 992 61 26 säga:
525 991 142 26 ,bestämmes
682 990 34 21 för
731 991 54 21 hvar
800 991 40 21 och
857 997 27 14 en
901 991 39 20 lef-

188 1024 70 21 vande
277 1026 43 19 ätts
339 1026 153 26 representant
506 1026 57 27 plats
579 1025 13 21 &
606 1024 45 22 viss
666 1025 54 21 stol*
735 1025 53 21 eller
803 1026 80 26 antaga
899 1025 41 21 den

187 1058 24 21 af
224 1059 49 21 herr
288 1066 43 14 von
346 1059 67 27 Born,
429 1058 27 22 K.
472 1059 32 27 F.,
520 1059 124 28 föreslagna
659 1059 151 22 redaktionen.

257 1093 58 21 Herr
330 1093 99 21 Taube:
444 1093 11 21 1
470 1094 119 27 anledning
604 1094 24 20 af
641 1094 50 20 herr
702 1100 43 14 von
756 1094 71 21 Borns
840 1094 100 20 anmärk-

188 1126 59 29 ning,
263 1129 32 19 att
311 1127 42 21 den
369 1127 52 21 sista
435 1128 117 28 meningen
568 1128 66 21 borde
649 1129 61 27 utgå,
726 1128 38 20 vill
777 1128 39 28 jag
831 1128 110 28 medgifva

189 1164 31 18 att
243 1162 173 28 anmärkningen
440 1162 20 27 ej
481 1162 79 22 saknar
582 1162 57 27 skäl,
662 1162 55 21 dock
740 1169 63 14 anser
823 1163 40 27 jag
885 1162 55 20 intet

188 1196 77 21 hinder
280 1198 65 24 möta,
362 1198 32 18 att
409 1196 161 28 slutmeningen
585 1196 35 21 för
635 1196 117 28 tydlighets
767 1196 56 21 skull
836 1197 103 27 gvarstär.

189 1230 57 21 Herr
257 1230 123 28 Jägerhorn
391 1230 120 27 anmärkte,
522 1233 32 19 att
564 1231 36 21 det
611 1237 51 14 vore
674 1238 27 13 en
713 1231 103 27 olämplig
826 1230 116 21 redaktion

189 1264 32 19 uti
236 1264 60 20 2:dra
311 1264 125 27 meningen,
449 1264 36 20 der
500 1264 37 20 det
548 1265 53 20 stär:
618 1264 64 26 ,hvar
698 1264 39 21 och
750 1270 27 14 en
788 1264 100 20 lefvande
900 1265 41 19 ätt-

188 1297 57 28 plats
261 1298 12 20 &
287 1298 44 20 viss
346 1298 59 26 stol,
421 1304 50 14 men
487 1298 50 20 herr
548 1298 124 28 Jägerhorn
685 1298 57 21 lärer
753 1298 64 21 hafva
829 1298 69 28 glömt
910 1299 31 19 att

189 1331 28 29 pä
231 1331 138 22 riddarhuset
384 1333 60 20 ätten
458 1332 57 21 blott
530 1334 24 19 är
570 1339 27 15 en
612 1338 86 23 person.

256 1366 103 22 Friherre
380 1366 140 29 Carpelan:
540 1366 38 22 Uti
600 1367 26 21 12
642 1368 11 26 8
673 1368 25 20 är
718 1367 36 23 det
773 1368 120 28 uppgifvet,
909 1370 32 19 att

192 1402 135 21 stolraderna
342 1402 7 20 i
364 1402 154 28 plenirummet
533 1402 61 22 skola
610 1409 132 15 numereras.
767 1402 35 22 Då
813 1409 27 15 en
851 1404 42 20 stol
907 1403 34 21 för

195 1438 34 28 sig
248 1437 35 21 väl
298 1437 56 22 läter
374 1444 114 14 numerera
508 1437 42 28 sig,
571 1445 50 14 men
642 1438 20 28 ej
684 1438 118 29 lämpligen
823 1445 27 15 en
866 1438 39 22 rad
920 1438 24 21 af
