1003 1706
225 130 42 23 688

198 197 65 28 något
279 196 23 21 af
314 194 26 23 de
355 196 167 28 undantagsfall,
538 203 46 14 som
600 196 6 20 i
622 196 12 20 9
650 197 11 27 $
676 196 50 21 med
742 196 48 21 dess
805 195 136 23 underafdel-

198 231 77 28 ningar
290 232 132 19 omnämnas.
452 230 43 28 Jag
510 230 69 22 skulle
595 230 84 22 derföre
694 230 7 21 i
718 231 66 21 slutet
794 232 23 20 af
831 232 26 21 15
862 226 10 38 &
889 232 53 28 vilja

197 265 64 21 hafva
282 266 31 20 ett
334 265 74 21 sådant
428 265 87 28 tillägg:
536 265 52 27 ,och
607 264 108 22 bibehålle
731 273 26 14 en
773 266 60 27 hvar,
847 272 46 15 som
909 266 33 21 så-

196 300 66 21 lunda
276 300 78 27 pollett
369 299 96 27 erhållit,
480 300 32 20 till
528 299 141 29 landtdagens
685 300 43 21 slut
744 302 45 20 säte
800 302 39 20 och
851 302 91 20 stämma

197 334 33 22 för
249 334 42 21 den
311 336 32 19 ätt
362 334 42 21 han
420 336 169 26 representerar,
604 334 24 21 så
642 334 66 22 framt
723 335 42 21 han
782 336 19 27 ej
817 335 78 29 pollett
909 335 32 21 in-

196 368 82 22 lemnat
298 369 53 21 eller
371 369 69 28 enligt
459 369 11 27 $
489 369 12 25 9
520 368 72 22 blifvit
614 368 135 29 oberättigad
768 370 31 20 att
818 369 123 29 landtdags-

196 403 147 21 mannakallet
358 403 73 21 vidare
447 403 90 21 utöfva.*

263 437 58 22 Herr
341 444 42 14 von
402 437 78 27 Born,
500 437 27 22 K.
543 437 36 22 F.:
599 437 42 28 Jag
657 438 43 21 kan
716 439 19 27 ej
752 439 57 20 finna
824 438 64 28 giltig
903 445 36 14 an-

195 472 90 29 ledning
299 471 83 27 dertill,
398 474 31 19 att
444 472 219 21 riddarhusutskottet
678 472 7 21 i
700 472 49 21 dess
759 472 138 22 betänkande
907 474 34 20 rö-

195 507 66 21 rande
281 506 82 29 förslag
378 507 33 20 till
426 513 30 22 ny
470 506 216 29 riddarhusordning,
702 506 35 21 vid
753 507 61 28 fräga
830 514 34 14 om
881 507 59 28 skilj-

196 541 74 29 aktiga
283 541 115 28 meningar
412 541 59 22 inom
488 541 251 22 riddarhusdirektionen
754 542 51 21 eller
817 541 122 22 riddarhus-

195 576 106 22 utskottet
316 583 34 14 om
365 576 89 28 polletts
468 575 115 22 utdelande
599 576 33 21 till
647 578 151 26 representant
812 576 24 21 af
849 576 91 27 ständet,

194 611 98 22 uteslutit
307 610 36 21 det
357 611 3 20 i
371 610 154 21 komitterades
540 610 82 29 förslag
634 610 74 21 härom
720 611 85 21 införda
815 611 125 28 stadgande,

194 647 32 20 att
245 652 34 14 om
299 646 99 19 rösterna
417 645 13 21 å
444 645 105 22 hvardera
564 645 60 21 sidan
640 645 80 21 utfallit
734 645 53 27 lika,
806 645 90 22 främsta
910 645 30 21 le-

194 680 112 21 damotens
326 679 88 28 mening
434 679 71 21 blefve
526 679 110 29 gällande,
657 681 31 19 ett
708 679 118 28 stadgande
845 687 46 14 som
907 679 33 22 för

194 714 73 29 dylika
287 713 38 22 fall
341 713 61 21 alltid
416 714 70 28 ingätt
501 714 7 20 i
524 714 26 21 de
565 713 194 28 reglementariska
774 714 165 22 föreskrifterna

194 749 38 21 och
253 748 63 21 äfven
335 747 80 22 influtit
430 747 34 22 för
479 755 28 14 nu
522 749 114 20 anmärkta
650 748 136 21 förhällande
802 749 31 20 uti
849 749 11 27 $
877 749 26 21 10
918 749 23 20 af

194 783 92 22 svenska
300 782 245 28 riddarhusordningen;
558 783 40 28 jag
613 782 33 21 fär
661 783 63 21 alltsä
739 782 33 22 för
783 783 44 21 min
838 783 34 21 del
883 783 56 22 före-

192 818 33 21 slä
243 819 32 19 att
290 817 154 21 komitterades
460 817 81 28 förslag
556 817 7 21 i
579 817 70 21 denna
664 817 35 21 del
714 817 67 21 mätte
797 817 140 22 oförändradt

194 852 125 22 bibehällas.

259 886 58 21 Herr
336 885 154 22 Edelsköld:
510 886 43 21 För
568 886 44 21 min
629 886 34 21 del
678 886 76 28 tycker
766 887 39 27 jag
820 887 37 21 det
871 886 66 22 borde

192 929 51 13 vara
263 921 64 27 klart,
347 921 100 20 hvarföre
466 920 222 21 riddarhusutskottet
708 921 59 27 gjort
787 920 41 21 den
848 921 24 20 af
888 921 51 21 herr

191 962 42 14 von
253 954 60 22 Born
333 954 118 22 klandrade
466 954 170 28 uteslutningen.
666 954 34 22 De
715 954 142 22 komitterade
873 954 65 22 hafva

191 989 121 28 föreslagit,
333 991 32 19 att
385 989 58 21 säväl
465 989 262 27 riddarhusdirektionen,
748 996 46 14 som
813 989 124 22 riddarhus-

192 1024 106 22 utskottet
313 1024 70 20 skulle
399 1024 61 21 bestä
475 1024 24 20 af
513 1030 38 14 sex
566 1030 114 22 personer;
696 1024 27 20 dä
738 1030 38 15 var
791 1024 36 20 det
842 1023 95 22 nödvän-

191 1058 56 29 digt,
263 1060 31 19 att
312 1058 91 28 tillägga
423 1058 144 21 ordföranden
587 1058 35 21 tvä
642 1060 76 19 röster.
749 1058 49 21 Men
813 1058 124 22 riddarhus-

191 1094 106 20 utskottet
316 1092 39 21 har
373 1094 71 19 ansett
464 1092 109 28 lämpligt,
589 1094 31 19 att
635 1093 82 21 antalet
731 1093 120 21 ledamöter
867 1092 70 22 skulle

190 1134 52 14 vara
257 1127 34 28 sju
307 1127 40 21 och
363 1126 26 22 dä
405 1126 103 22 behöfves
520 1127 26 28 ju
560 1128 20 27 ej
592 1126 65 28 nägot
668 1126 75 22 sädant
754 1126 124 29 stadgande,
890 1134 45 14 som

191 1162 101 28 tillägger
308 1161 145 21 ordföranden
468 1163 73 19 votum
557 1161 123 21 decisivum.

258 1195 58 22 Herr
331 1202 41 14 von
388 1195 79 27 Born,
483 1196 27 21 K.
526 1196 31 21 F.:
574 1195 50 22 Med
639 1196 118 28 anledning
772 1196 24 21 af
806 1196 51 21 herr
871 1196 64 21 Edel-

190 1230 73 22 skölds
278 1230 102 28 yttrande
396 1230 70 21 skulle
478 1230 40 28 jag
533 1230 53 28 vilja
601 1230 109 26 anmärka,
725 1232 31 18 att
771 1238 33 13 om
821 1230 65 21 ocksä
901 1231 34 27 sju

189 1264 120 22 ledamöter
327 1264 79 26 finnas,
422 1264 24 20 sä
464 1265 23 19 är
503 1264 35 20 det
554 1264 20 27 ej
591 1263 69 28 sagdt,
675 1265 32 19 att
722 1263 26 21 de
764 1264 42 20 alla
821 1264 61 21 alltid
897 1266 37 19 äro

189 1298 116 27 tillstädes,
325 1298 24 20 sä
369 1300 31 19 att
420 1304 34 15 om
474 1298 70 28 nägon
561 1300 24 19 är
600 1297 142 22 fränvarande
758 1298 43 21 kan
816 1298 7 20 i
838 1298 43 22 alla
896 1298 38 22 fall

186 1334 72 28 jemnt
273 1332 58 22 antal
347 1333 84 29 uppstä.

257 1367 58 22 Herr
330 1367 152 22 Edelsköld:
503 1367 80 22 Dertill
603 1368 69 21 skulle
689 1369 39 27 jag
748 1368 52 28 vilja
815 1375 71 20 svara,
902 1370 32 20 att

188 1402 47 23 ifall
255 1403 24 21 sä
296 1402 83 22 händer
399 1402 69 23 finnas
486 1403 139 30 suppleanter
644 1404 32 20 att
691 1403 67 31 tillgä,
775 1404 54 21 samt
844 1405 32 20 att
890 1403 42 24 rid-
