1023 1703
769 120 39 21 541

88 186 79 26 Klami,
179 192 46 15 som
241 186 146 28 tillkännagaf
400 188 31 19 att
446 186 36 21 det
497 186 134 22 hedervärda
642 186 85 22 ståndet
743 186 96 29 godkänt

88 220 153 28 lagutskottets
262 220 136 22 betänkande
419 221 7 19 i
445 220 118 28 anledning
579 221 23 20 af
615 221 80 27 nådiga
709 222 129 27 propositio-

88 261 42 14 nen
151 261 34 14 om
207 255 80 29 allmän
307 254 102 21 tillåtelse
429 255 33 20 till
483 254 135 22 anställande
638 255 24 21 af
674 256 80 20 urtima
769 256 47 28 ting
831 256 7 20 i

88 288 63 22 civila
166 280 92 30 ärender
274 289 40 21 och
329 288 84 21 mindre
427 288 109 22 brottmål.

156 373 48 21 Den
221 373 133 28 deputation,
366 380 45 14 som
427 373 37 21 vid
479 373 170 22 sammanträdet
660 373 41 22 den
714 375 24 20 17
750 374 7 20 i
768 375 70 20 denne

87 407 79 22 månad
180 407 96 22 afsändts
292 408 33 20 för
341 409 31 20 att
383 407 99 21 meddela
493 407 26 21 de
531 407 70 28 öfriga
612 407 91 22 stånden
715 410 31 19 att
757 409 81 20 ridder-

88 442 77 28 skapet
180 442 39 21 och
236 443 63 20 adeln
315 441 112 28 godkändt
443 442 254 27 expeditionsutskottets
713 442 82 28 förslag
805 443 34 20 till

87 477 237 28 tacksägelseadresser
339 476 33 21 till
387 476 122 28 Rysslands
525 476 41 21 och
582 476 101 29 Sveriges
699 477 52 26 folk,
765 477 73 20 äfven-

88 518 44 13 som
149 511 82 21 föreslå
245 511 139 21 adressernas
400 510 118 22 daterande
534 510 33 21 för
583 510 93 23 nämnde
692 511 48 28 dag,
751 518 49 13 men
817 511 24 21 af

87 546 7 20 i
110 545 133 28 protokollet
257 546 34 20 för
307 552 82 14 samma
405 545 42 27 dag
462 544 121 29 uppgifven
599 544 64 22 orsak
677 545 49 21 icke
742 545 27 21 då
784 545 54 21 kun-

88 581 38 19 nat
145 580 39 20 hos
205 579 179 29 borgareståndet
405 579 76 21 sådant
501 579 103 28 fullgöra,
621 580 95 21 anmälte
731 581 32 20 att
779 580 59 21 detta

87 614 99 28 uppdrag
202 614 72 22 blifvit
288 614 7 21 i
311 614 42 28 dag
367 614 24 20 af
404 614 155 27 deputationen
574 613 127 23 verkstäldt.

155 700 124 27 Föredrogs
294 700 7 21 i
317 699 104 22 afseende
437 700 12 20 &
461 699 110 28 justering
583 699 254 28 expeditionsutskottets

87 735 83 28 förslag
192 735 33 20 till
248 735 42 20 den
310 734 101 21 beslutna
431 733 150 28 underdåniga
600 734 122 27 petitionen
742 741 35 13 om
795 734 43 21 för-

88 769 106 28 längning
209 769 24 20 af
246 769 60 20 tiden
322 768 33 21 för
370 768 144 29 landtdagens
530 775 157 14 sammanvaro.

156 803 58 21 Herr
229 804 87 27 Arppe
332 803 95 28 begärde
443 803 61 20 ordet
520 803 40 20 och
575 802 96 28 yttrade:

157 837 42 28 Jag
219 839 62 26 tager
299 837 46 28 mig
359 837 95 21 friheten
470 837 105 21 anmärka
591 839 58 18 emot
664 837 32 20 ett
711 837 6 20 i
734 837 105 28 förslaget

88 871 179 22 förekommande
283 871 48 27 ord,
347 878 46 14 som
405 872 40 27 jag
461 878 63 14 anser
540 871 145 28 öfverflödigt.
714 871 45 20 Der
775 873 63 26 säges

88 906 118 27 nemligen,
215 907 32 19 att
257 907 206 26 representanterna
478 906 20 27 ej
514 905 85 21 kunnat
613 905 124 21 medhemta
753 905 42 21 den
806 906 31 20 in-

88 941 44 27 sigt
147 940 40 21 och
203 947 62 18 vana,
276 947 46 13 som
337 939 108 21 erfordras
460 940 34 21 för
509 939 110 21 allmänna
630 939 103 21 ärenders
744 939 95 21 behand-

88 975 47 27 ling
150 974 68 21 under
233 973 110 28 landtdag.
365 973 64 21 Efter
445 974 44 20 min
505 973 77 21 känsla
598 975 67 19 stöter
681 973 70 26 ordet,
762 973 75 28 insigt.

89 1009 43 27 Jag
147 1008 76 27 tycker
239 1007 36 21 det
289 1014 52 14 vore
357 1014 43 21 nog
415 1009 32 18 att
463 1008 61 26 säga:
541 1014 62 13 vana.
626 1007 44 20 Det
681 1008 24 19 är
719 1008 78 19 nästan
808 1008 31 20 att

88 1043 96 21 erkänna
205 1042 34 20 för
253 1041 94 28 mycket,
363 1048 35 14 om
413 1048 51 14 man
481 1043 62 26 säger
557 1042 32 19 att
604 1048 51 13 man
670 1041 19 28 ej
706 1041 133 22 medhemtat

88 1076 119 27 tillräcklig
221 1076 74 28 insigt,
311 1075 27 22 då
353 1083 50 14 man
419 1076 87 27 engång
521 1075 97 22 infunnit
633 1075 34 28 sig
682 1075 48 21 här.

158 1110 80 22 Grefve
255 1111 95 20 Creutz
365 1110 104 21 förenade
485 1110 34 27 sig
534 1109 51 22 med
599 1109 50 22 herr
664 1110 82 28 Arppe.

156 1145 103 22 Friherre
281 1145 141 28 Carpelan:
437 1144 48 28 Mig
501 1151 64 22 synes
581 1144 71 21 såsom
668 1151 35 14 om
718 1143 62 22 ordet
795 1144 44 27 ,in-

89 1181 53 27 sigt*
159 1180 34 20 väl
211 1179 92 21 häfdade
321 1179 34 20 sin
370 1179 63 27 plats.
463 1179 52 21 Man
530 1179 44 20 kan
587 1179 26 27 ju
629 1180 62 26 sägas
707 1180 41 26 äga
762 1179 76 27 insigt,

88 1217 52 18 utan
162 1216 31 19 att
212 1213 86 21 derföre
318 1213 65 21 hafva
405 1220 56 14 vana
479 1213 36 22 vid
534 1213 248 27 landtdagsärendernas
802 1213 37 20 be-

89 1248 114 27 handling;
226 1255 50 14 man
300 1247 69 21 skulle
392 1247 65 21 äfven
479 1247 105 28 möjligen
607 1247 74 20 kunna
705 1249 40 25 äga
767 1247 72 28 nägon

88 1289 65 20 vana,
175 1284 51 19 utan
247 1283 32 19 att
298 1281 80 22 besitta
398 1281 66 28 nödig
484 1281 77 28 insigt,
578 1281 39 21 och
637 1288 51 13 man
707 1281 44 21 kan
771 1281 68 21 sakna

88 1317 56 20 båda
159 1316 42 21 två.
223 1317 40 20 Att
277 1315 102 22 ständens
393 1315 142 21 medlemmar
547 1315 70 21 skulle
630 1316 40 27 äga
683 1315 72 27 någon
770 1317 69 19 större

89 1357 56 14 vana
165 1350 110 26 motsäges
294 1349 24 21 af
336 1349 174 20 förhällanderne
527 1349 40 20 och
583 1350 30 18 att
628 1348 68 27 insigt
710 1349 65 19 äfven
790 1348 49 20 bru-

89 1384 47 26 stit,
157 1382 75 29 tycker
250 1384 39 27 jag
308 1383 45 27 mig
373 1382 65 21 hafva
457 1382 113 21 förmärkt.
600 1382 79 28 Villigt
699 1382 140 20 erkännande

90 1420 32 22 att
139 1419 39 29 jag
199 1418 80 21 saknar
299 1418 42 21 den
361 1424 41 15 ena
423 1423 46 15 som
489 1417 42 21 den
547 1416 67 22 andra
630 1416 150 29 egenskapen,
796 1416 43 22 kan
