1006 1714
208 139 41 22 754

178 206 74 21 ämnet
271 205 49 23 med
341 205 156 28 öfvervägande
515 206 31 27 ja.
576 204 32 22 På
626 204 36 21 det
682 205 19 27 ej
718 204 63 21 dessa
795 204 73 28 frågor
884 204 39 22 och

179 240 63 22 dessa
261 247 49 15 svar
330 240 61 21 skola
409 247 63 15 anses
487 247 52 15 vara
553 241 52 20 utan
619 240 29 20 all
663 239 111 28 betydelse
790 239 40 22 och
845 239 34 22 för
893 241 32 20 att

178 275 135 21 förekomma
332 276 32 20 ett
384 275 95 28 ständigt
499 274 149 29 upprepande,
670 274 59 21 såväl
749 274 48 21 från
818 281 41 14 ena
879 281 46 15 som

179 310 67 21 andra
266 310 71 26 sidan,
358 310 23 21 så
398 310 53 21 böra
466 310 21 21 vi
502 310 35 21 väl
553 316 26 15 en
595 309 57 28 gång
667 309 34 21 för
716 309 43 21 alla
773 308 107 22 fastställa
895 311 31 19 ett

180 344 76 22 sådant
270 344 127 28 stadgande,
418 346 31 20 att
464 346 38 20 när
518 352 27 13 en
561 344 61 28 fråga
638 344 73 20 ställes
727 344 33 20 till
775 344 95 27 ståndet,
887 344 39 22 och

179 379 86 21 ståndet
280 379 52 21 derå
347 379 85 28 afgifvit
447 386 56 20 svar,
519 380 59 20 detta
594 385 47 15 svar
657 378 124 21 sedermera
793 378 55 21 skall
859 378 68 22 blifva

180 414 100 28 gällande
300 414 40 20 och
361 414 20 28 ej
396 414 74 21 vidare
486 414 66 21 rifvas
567 420 50 21 upp.
648 413 43 27 Jag
706 419 63 15 anser
785 412 95 30 önskligt
895 415 32 20 att

180 456 26 14 en
226 448 159 29 bordläggning
405 449 23 21 af
446 448 88 22 ärendet
554 448 41 22 fått
610 449 41 27 äga
665 455 58 20 rum,
738 447 27 21 då
780 448 110 28 åtskilliga
905 448 23 22 af

179 483 97 22 ståndets
291 483 140 22 medlemmar
447 483 104 22 förklarat
566 482 33 29 sig
611 482 19 29 ej
643 482 64 22 hafva
718 482 83 22 kunnat
812 482 53 29 följa
876 483 50 22 med

179 518 161 27 diskussionen,
361 525 49 14 men
427 519 39 28 jag
486 519 78 26 måste,
584 517 55 22 blott
659 517 85 22 derföre
759 519 32 19 att
806 517 85 22 ståndet
906 518 19 28 ej

179 553 96 29 ständigt
294 553 36 21 må
344 555 92 19 utsättas
456 553 33 21 för
505 555 31 19 att
551 552 112 22 kullhäfva
677 552 82 27 beslut,
775 559 46 14 som
837 552 36 21 det
889 559 37 15 en-

179 588 58 28 gång
251 588 70 26 fattat,
337 587 53 28 yrka
405 588 28 27 på
448 589 31 20 att
493 587 56 22 hvad
564 586 85 22 ståndet
664 587 28 28 på
703 587 151 28 förmiddagen
865 587 8 21 i
884 587 42 22 frå-

180 629 42 21 gan
238 621 94 28 beslutit,
348 622 67 21 måtte
428 622 67 21 blifva
511 621 105 29 gällande.

246 656 59 21 Herr
324 656 163 28 Furuhjelm,
507 656 24 21 O.
547 655 45 22 W.:
614 655 42 28 Jag
676 663 63 13 anser
758 655 36 22 det
809 663 56 20 svar,
879 663 46 14 som

180 691 85 21 ständet
284 691 28 28 pä
332 691 149 28 förmiddagen
501 690 126 22 meddelade
647 690 28 28 pä
694 690 51 21 herr
760 690 166 22 landtmarskal-

178 726 54 20 kens
243 725 68 28 fråga,
323 726 20 27 ej
355 725 55 21 varit
423 725 65 28 något
501 725 96 28 formligt
609 725 77 26 beslut,
695 724 90 21 emedan
797 725 36 21 det
843 725 83 21 kanske

179 767 38 14 var
235 759 45 22 lika
295 760 79 28 många
387 761 35 27 nej
440 767 45 14 som
498 761 33 27 ja,
548 759 39 22 och
603 766 46 14 som
665 766 78 21 genom
759 759 92 22 friherre
866 760 61 22 Wal-

179 795 61 20 leens
258 794 82 29 förslag
356 794 33 21 till
404 795 114 21 redaktion
534 795 24 21 af
570 794 166 28 ifrågavarande
751 796 128 26 momenter,
895 802 32 15 sa-

179 829 43 22 ken
241 829 114 28 verkligen
375 829 91 22 kommit
484 829 7 21 i
509 831 32 20 ett
559 831 66 20 annat
641 829 70 28 skick,
727 831 27 20 än
770 829 41 22 den
826 837 38 14 var
879 830 48 21 här-

179 864 111 27 förinnan,
309 864 90 21 emedan
415 865 92 21 friherre
521 864 113 22 Walleens
649 864 83 29 förslag
746 864 182 30 hufvudsakligen

179 899 83 21 afviker
283 899 54 21 både
357 899 48 21 från
425 899 56 21 hvad
503 899 221 22 riddarhusutskottet
746 899 122 29 föreslagit,
888 901 39 21 och

179 934 49 21 från
243 933 26 22 de
286 934 70 28 öfriga
370 934 23 20 af
407 934 110 28 åtskilliga
531 934 68 22 talare
614 934 120 28 framlagda
747 934 90 29 förslag,
853 935 74 22 hvilka

181 975 29 14 nu
225 968 72 21 blifvit
311 968 144 28 diskuterade,
469 969 24 21 så
503 969 69 21 skulle
583 969 40 28 jag
633 968 33 21 för
677 969 44 21 min
733 969 98 21 enskilda
841 970 35 21 del
887 972 40 26 tro,

180 1004 31 20 att
229 1002 91 22 resultat
340 1004 18 27 ej
377 1003 43 21 kan
440 1004 75 21 vinnas
535 1005 51 19 utan
606 1005 31 19 att
652 1003 64 21 äfven
731 1004 68 21 baron
815 1004 112 22 Walleens

179 1037 148 29 välgrundade
346 1038 87 28 mening
452 1038 41 21 blir
512 1045 59 14 mera
590 1038 66 27 känd,
677 1038 40 21 och
737 1038 36 22 det
791 1032 44 28 kan
851 1040 76 21 endast

179 1072 38 22 ske
236 1072 126 28 derigenom
378 1074 31 19 att
425 1072 94 22 ståndets
535 1072 140 22 medlemmar
689 1074 67 20 sättas
771 1074 7 20 i
793 1074 86 22 tillfälle
895 1076 32 20 att

178 1109 52 26 taga
249 1108 99 20 närmare
369 1107 121 21 kännedom
511 1108 80 21 derom.
623 1107 65 21 Flere
710 1108 23 21 af
752 1108 95 22 ståndets
868 1109 59 21 med-

178 1142 91 21 lemmar
282 1141 65 22 hafva
362 1142 105 21 förklarat
477 1144 32 19 att
520 1142 27 22 de
558 1142 36 22 vid
605 1142 159 28 uppläsningen
777 1144 19 27 ej
809 1144 44 20 rätt
863 1143 64 22 fattat

179 1176 128 27 detsamma;
320 1177 39 27 jag
374 1176 38 21 har
429 1177 19 27 ej
465 1177 68 21 heller
549 1177 59 28 gjort
623 1176 35 22 det
672 1177 74 21 förrän
758 1178 40 28 jag
809 1185 79 21 genom
899 1185 28 15 en

179 1210 93 21 särskild
286 1210 134 28 tillfällighet
435 1211 42 21 fått
492 1211 34 21 del
542 1211 67 21 deraf.
635 1211 43 29 Jag
693 1212 34 20 för
741 1212 45 21 min
801 1212 35 22 del
851 1213 76 28 tycker

179 1246 32 20 att
230 1244 60 22 detta
310 1244 81 28 förslag
409 1245 33 21 till
458 1246 42 20 alla
515 1246 60 20 delar
590 1246 105 27 förtjenar
711 1248 31 18 att
757 1248 61 26 tagas
834 1247 7 20 i
858 1247 69 21 öfver-

178 1278 105 28 vägande.

247 1312 59 21 Herr
326 1312 164 28 Furuhjelm,
509 1313 28 22 H.
553 1312 38 21 V.:
611 1312 11 21 I
637 1313 118 29 anledning
769 1314 24 20 af
805 1314 57 22 hvad
877 1315 50 21 herr

179 1346 127 29 Lagerborg
322 1346 86 22 sednast
423 1348 68 27 yttrat
505 1348 38 21 vill
555 1347 40 29 jag
609 1354 66 22 gerna
691 1348 84 29 medge,
787 1350 32 20 att
829 1349 36 22 det
876 1356 51 16 vore

181 1389 27 14 en
223 1382 73 28 vådlig
311 1381 94 29 princip,
426 1384 31 19 att
473 1382 96 22 ståndets
585 1383 80 21 fattade
681 1383 72 22 beslut
768 1384 69 21 skulle
853 1385 74 21 kunna

180 1417 121 28 upprifvas,
324 1417 109 28 nemligen
456 1417 27 22 då
502 1417 37 22 det
558 1418 68 28 gäller
645 1418 98 29 verkliga
762 1419 71 21 beslut
853 1420 7 21 i
880 1420 45 21 sak.

179 1451 63 23 Hvad
258 1452 47 22 åter
319 1452 103 22 beträffar
437 1459 27 16 en
480 1453 65 22 sådan
559 1452 124 30 formfråga,
695 1460 46 15 som
751 1454 42 22 den
803 1462 30 14 nu
843 1455 83 28 väckta,
