1028 1706
222 134 41 22 502

194 200 38 20 ket
247 198 35 22 väl
297 200 32 19 att
344 198 37 20 det
395 197 33 21 lär
443 196 68 23 blifva
526 197 59 21 svårt
599 198 32 20 att
646 204 30 13 nu
691 195 159 23 återremittera
866 194 76 23 försla-

194 235 37 27 get
245 232 34 22 till
295 232 250 28 expeditionsutskottet,
556 231 27 21 då
597 233 33 19 tre
646 230 64 22 stånd
724 230 67 22 redan
803 230 83 28 antagit
896 230 46 21 det-

194 274 88 19 samma,
298 273 50 14 men
362 266 39 28 jag
415 266 70 20 finner
500 266 77 26 tillika,
588 267 31 19 att
634 265 50 21 herr
700 265 134 21 Silfversvan
849 264 93 21 likasom

193 302 76 28 hvarje
284 308 73 14 annan
372 300 39 21 har
426 300 124 28 fullkomlig
564 301 44 19 rätt
624 301 38 25 att,
678 306 34 14 om
728 299 65 21 också
809 299 35 21 det
854 299 40 21 bör
904 306 38 14 an-

194 344 35 14 ses
249 336 72 21 såsom
337 341 26 15 en
379 334 125 28 skyldighet
519 334 34 21 för
569 334 42 21 alla
626 334 217 21 ståndsmedlemmar
858 335 32 19 att
905 340 37 21 ge-

193 372 107 21 mensamt
314 368 153 22 underskrifva
481 369 112 26 adressen,
609 375 112 14 reservera
736 368 34 28 sig
785 368 33 21 till
832 368 110 28 protokol-

194 406 31 21 let
240 406 59 19 emot
313 403 143 22 redaktionen
471 403 24 21 af
508 403 131 26 densamma,
656 403 39 21 och
708 403 39 27 jag
762 402 39 21 ber
816 404 31 19 att
862 402 23 21 få
899 402 43 21 för-

196 447 40 14 ena
251 439 45 28 mig
311 437 50 22 med
376 437 50 21 herr
442 437 133 21 Silfversvan
591 437 7 20 i
613 437 71 20 denna
698 437 141 20 reservation.

262 473 58 21 Herr
338 471 198 28 Björkenheim,
556 471 37 21 R.:
615 471 72 21 Jemte
709 471 36 21 det
761 471 40 28 jag
820 471 7 20 i
848 471 42 20 allo
909 471 32 20 in-

195 509 102 21 stämmer
311 507 8 20 i
335 506 41 21 den
391 506 141 27 reservation,
548 513 46 14 som
609 505 50 22 herr
674 505 134 22 Silfversvan
818 505 69 28 inlagt
898 506 45 19 mot

194 542 143 23 redaktionen
351 541 23 20 af
387 540 103 21 adressen
505 540 33 21 till
554 540 101 28 Sveriges
670 539 53 28 folk,
739 540 40 21 och
795 539 97 22 anhäller
908 546 34 14 om

195 576 123 23 återremiss
329 575 23 22 af
361 575 59 21 detta
436 575 157 28 adressförslag
606 577 56 18 samt
674 575 99 26 föreslår,
788 574 36 21 det
834 574 109 21 medstän-

195 612 41 21 den
256 611 68 21 mätte
339 609 137 22 underrättas
492 609 58 22 säväl
565 609 75 21 härom
656 616 46 14 som
718 616 35 13 om
769 608 26 21 de
810 609 54 26 skäl,
879 608 63 21 hvar-

194 646 47 21 före
260 644 151 28 ridderskapet
431 644 40 21 och
491 644 73 27 adeln,
584 644 8 20 i
611 643 39 21 fall
668 643 37 21 det
725 643 98 21 kommer
841 645 32 19 att
888 643 55 21 fatta

194 682 32 20 ett
246 679 77 22 sädant
342 679 82 26 beslut,
445 679 20 27 ej
487 680 71 19 ansett
573 678 33 27 sig
620 677 75 22 kunna
709 677 153 22 underskrifva
877 684 27 14 en
920 677 23 21 sä

193 714 94 29 lydande
307 713 74 21 adress
401 712 34 21 till
455 712 97 28 Sverige,
567 712 51 21 ville
632 712 39 27 jag
686 712 77 21 endast
779 713 57 20 emot
851 711 92 22 friherre

194 756 42 15 von
256 747 149 22 Willebrands
425 747 82 28 förslag
525 748 32 20 att
576 746 109 21 identiska
703 746 100 21 adresser
821 746 69 21 skulle
910 746 33 21 till

195 783 26 21 de
236 782 56 22 bäda
307 782 73 21 folken
396 781 51 28 afgä
461 781 104 21 anmärka
580 782 32 19 att
625 787 34 14 om
670 781 177 27 tacksägelserna
857 781 34 20 för
906 781 37 21 det

194 816 139 29 deltagande,
353 823 50 13 man
423 815 56 21 visat
497 815 52 21 vära
568 815 142 27 nödlidande,
726 815 61 21 skola
802 815 66 21 blifva
883 815 59 21 iden-

194 851 66 26 tiska,
281 851 24 20 sä
324 849 55 22 hade
399 849 65 22 ocksä
486 849 41 21 den
543 849 81 21 rörelse
639 849 59 21 inom
714 849 26 21 de
756 849 58 22 olika
828 849 114 28 länderna,

195 885 33 22 för
247 885 89 21 hvilken
356 891 51 14 man
428 891 29 14 nu
477 884 38 21 vill
535 884 47 21 visa
601 884 33 21 sin
654 883 145 28 tacksamhet,
814 884 63 21 bordt
892 891 51 14 vara

194 919 101 21 identisk.
331 918 43 28 Jag
397 921 45 17 tror
465 918 36 20 det
521 918 84 28 knappt
626 917 70 21 finnes
716 918 72 28 någon
809 925 45 14 som
874 918 69 21 skulle

193 954 54 27 vilja
265 952 70 22 drifva
349 952 41 21 den
405 954 79 19 satsen.
514 952 44 21 Det
574 954 23 18 är
612 952 53 21 visst
681 954 48 19 sant
744 954 32 19 att
791 953 79 27 många
885 954 59 20 orter

194 988 39 21 och
255 988 79 27 många
348 992 105 22 personer
467 987 60 20 inom
542 986 108 28 Ryssland
664 986 66 21 hafva
745 986 63 21 sändt
822 986 77 28 bidrag
910 987 33 21 till

194 1022 83 21 nödens
291 1020 114 22 lindrande
420 1021 8 20 i
443 1020 101 27 Finland,
559 1027 51 14 men
625 1026 27 14 en
668 1020 24 21 så
707 1020 80 21 allmän
802 1020 82 21 rörelse
896 1028 46 13 som

194 1056 8 21 i
213 1056 94 27 Sverige
322 1055 43 20 kan
381 1062 50 13 man
447 1055 19 27 ej
483 1055 34 21 väl
532 1055 63 28 påstå
609 1054 64 21 hafva
689 1056 37 26 egt
741 1061 48 14 rum
804 1054 7 21 i
826 1054 116 28 Ryssland.

194 1090 43 28 Jag
256 1090 35 20 får
311 1089 76 21 endast
407 1088 104 28 påminna
530 1096 35 14 om
585 1088 57 22 hvad
662 1096 27 13 en
709 1088 54 21 liten
778 1088 164 28 korporation
931 1084 15 38 i

195 1124 90 28 Sverige
308 1124 59 27 gjort
382 1123 40 21 och
437 1122 98 22 anhåller
551 1124 37 26 att,
605 1130 34 13 om
655 1123 72 27 någon
742 1122 39 22 vill
795 1123 95 28 fullfölja
903 1123 39 21 fri-

195 1158 63 21 herre
273 1164 42 14 von
327 1156 148 22 Willebrands
491 1157 69 27 yrkan
573 1157 28 27 på
614 1156 109 22 identiska
733 1156 104 27 adresser,
849 1158 31 20 ett
888 1159 54 19 mot-

195 1192 104 21 svarande
316 1191 99 28 exempel
431 1191 67 21 måtte
514 1191 139 27 framläggas.
678 1190 44 22 Det
731 1198 38 14 var
780 1190 27 22 då
817 1193 39 19 när
866 1191 76 21 Stock-

194 1226 69 21 holms
283 1225 131 27 bäraregille
434 1227 52 19 utan
503 1226 72 27 någon
594 1224 121 28 ersättning
731 1225 99 27 öfvertog
844 1226 50 20 hela
909 1233 33 14 ar-

194 1260 60 20 betet
273 1259 37 20 vid
329 1258 148 28 inlastningen
498 1258 23 21 af
535 1259 41 20 den
592 1258 45 26 säd,
653 1265 46 14 som
714 1258 34 20 till
763 1258 126 21 Stockholm
904 1266 38 14 an-

194 1292 101 27 kommit,
315 1292 34 20 för
364 1294 31 18 att
410 1292 33 20 till
458 1292 94 21 Finland
567 1292 126 21 öfverföras.
723 1292 12 20 I
750 1292 59 20 detta
825 1292 55 21 enda
896 1292 46 21 fak-

194 1329 46 19 tum
255 1326 76 28 tycker
344 1326 39 28 jag
398 1326 71 28 ligger
484 1328 31 19 ett
529 1326 60 21 bevis
604 1326 64 28 uppå,
683 1327 32 20 att
731 1326 37 20 det
782 1326 7 21 i
801 1325 90 30 Sverige
904 1334 39 15 var

195 1362 66 28 något
276 1360 46 22 helt
337 1362 73 26 annat,
426 1368 46 14 som
487 1361 50 21 dref
549 1360 50 22 hela
613 1360 68 22 folket
696 1361 34 21 till
745 1362 32 20 att
793 1361 74 22 skicka
881 1362 60 30 hjelp

196 1396 21 22 åt
232 1396 52 22 våra
299 1395 138 27 nödlidande,
453 1397 26 19 än
495 1395 56 22 hvad
566 1402 46 15 som
628 1396 60 21 fallet
703 1402 39 15 var
757 1396 7 20 i
779 1395 116 29 Ryssland.
