1034 1714
215 119 41 20 240

186 184 94 28 fattning
300 184 49 21 med
369 184 228 28 förmyndarevården,
618 186 50 19 utan
689 186 32 19 att
742 184 36 21 det
794 184 68 20 skulle
878 191 53 21 upp-

188 218 77 27 dragas
280 218 22 20 åt
317 219 231 27 kommunalstyrelsen
565 219 53 21 eller
633 219 25 20 de
675 219 55 27 gode
746 220 100 25 männen,
863 219 23 20 så
901 218 32 21 in-

188 259 34 13 ser
242 253 39 27 jag
301 253 28 27 ej,
349 252 100 22 hvarföre
464 253 115 21 fränderne
599 254 7 20 i
628 252 103 22 händelse
754 252 41 22 den
818 253 115 27 omyndige

188 286 72 27 flyttar
276 286 33 21 till
324 289 66 19 annat
406 290 33 18 ort
454 288 61 20 skola
529 288 65 20 höras
610 287 106 27 deröfver,
732 286 106 22 huruvida
853 287 80 20 vården

189 320 59 21 öfver
268 321 204 28 förmynderskapet
491 322 40 20 bör
550 322 144 21 öfverlemnas
714 321 22 21 åt
754 328 71 17 annan
840 320 94 22 domstol

188 355 53 20 eller
256 355 55 21 icke.
334 355 44 21 Det
393 357 23 19 är
429 356 36 20 väl
480 356 49 26 den,
545 363 45 14 som
601 355 143 21 substituerar
754 355 122 27 fränderne,
888 362 45 14 som

187 389 7 20 i
211 388 75 22 sådant
301 389 38 21 fall
355 390 65 21 borde
435 390 70 21 höras.
529 390 43 28 Jag
587 390 68 20 skulle
671 390 86 21 derföre
770 390 71 28 tycka,
854 391 32 19 att
899 390 36 20 det

187 423 7 20 i
210 424 146 28 nyssnämnde
375 425 101 21 afseende
498 425 75 21 endast
592 424 67 22 borde
680 426 90 19 nämnas
786 424 149 28 förmyndare,

189 457 27 21 då
233 458 39 28 jag
291 458 20 28 ej
332 458 68 22 heller
422 460 57 20 inser
502 460 101 20 hvarföre
625 458 233 28 kommunalstyrelsen
882 459 53 21 eller

189 492 56 27 gode
265 494 49 19 män
334 493 60 21 skola
412 493 65 21 köras
492 494 6 20 i
514 494 74 20 saken.
617 493 39 21 Att
675 493 39 21 här
730 492 96 28 inskjuta
841 492 94 27 fränder,

190 525 26 21 då
236 533 49 14 man
305 526 8 21 i
333 527 67 21 andra
422 528 39 20 fall
481 528 7 20 i
508 528 61 21 deras
593 528 61 20 ställe
676 527 67 21 insatt
766 527 169 28 kommunalsty-

190 561 55 20 relse
261 561 54 21 eller
329 562 56 27 gode
400 564 60 25 män,
477 562 72 21 dertill
564 562 42 21 kan
620 562 38 28 jag
673 562 20 27 ej
709 562 59 20 finna
783 562 72 27 någon
866 562 70 28 skälig

190 594 76 28 grund.

256 628 58 22 Herr
334 629 151 22 Edelsköld:
503 630 39 22 Uti
561 631 11 27 $
588 631 12 20 5
615 630 40 21 och
670 631 12 19 6
699 630 23 21 af
736 630 42 21 den
793 630 79 28 nådiga
887 637 48 21 pro-

189 663 122 27 positionen
332 664 58 21 finna
409 664 21 21 vi
451 665 36 21 det
506 672 52 14 vara
577 664 117 28 föreslaget
715 666 31 19 att
764 664 88 21 fränder
872 664 64 22 också

190 696 61 22 skola
265 697 65 22 hafva
345 698 123 29 befattning
483 699 49 21 med
547 698 208 29 förmynderskapet,
772 698 109 28 nemligen
898 706 38 14 un-

190 732 37 20 der
247 732 243 29 kommunalstyrelsens
510 733 111 21 inseende.
650 732 94 22 Derföre
763 733 67 21 borde
850 733 87 21 också
927 728 15 38 i

190 766 71 21 denna
276 768 12 19 2
304 768 11 27 &
331 767 87 21 fränder
433 771 106 25 upptagas
555 768 69 20 såsom
641 768 35 26 de,
692 767 73 21 hvilka
780 767 66 21 borde
862 768 76 27 höras,

190 800 70 22 fastän
280 802 112 28 principen
413 810 34 13 om
467 802 218 27 kommunalstyrelse
706 802 53 21 eller
777 802 55 27 gode
847 804 50 20 män
913 804 24 20 är

191 836 99 26 antagen.
313 835 27 29 Ej
357 836 105 21 utesluter
477 837 42 21 den
535 836 121 28 grundsats,
672 837 31 19 att
718 836 220 28 kommunalstyrelse

191 869 54 21 eller
264 870 55 28 gode
340 872 50 19 män
409 871 61 20 skola
483 871 65 21 hafva
563 870 52 21 vård
631 877 34 13 om
680 870 214 28 förmynderskapet,
909 871 29 27 på

191 904 67 26 något
278 906 42 19 sätt
340 904 45 28 det,
406 906 32 19 att
458 905 65 21 också
542 904 87 22 fränder
648 904 8 20 i
674 904 58 21 vissa
746 904 38 21 fall
799 904 53 21 böra
867 905 70 21 höras.

192 938 29 20 Så
235 938 39 21 har
290 938 41 21 den
345 939 78 27 nådiga
433 939 163 28 propositionen
607 939 63 21 fattat
681 939 73 27 saken,
766 939 39 21 och
814 940 38 27 jag
863 939 75 28 tycker

192 972 36 21 det
238 974 24 19 är
273 973 39 21 allt
323 973 52 27 skäl,
385 975 31 19 att
427 974 98 21 fränders
536 973 130 28 tillgörande
677 974 61 27 tages
748 973 7 21 i
766 974 100 27 anspråk,
878 976 14 18 t.
904 981 33 14 ex.

191 1007 36 21 vid
242 1007 130 29 försäljning
387 1008 23 21 af
424 1008 112 28 omyndigs
552 1008 56 21 fasta
623 1008 52 28 gods
691 1010 55 19 samt
757 1008 37 21 vid
804 1008 135 28 granskning

191 1042 24 20 af
228 1041 284 30 förmyndareredovisning.
537 1043 31 28 Ty
584 1042 47 22 icke
647 1042 42 21 kan
704 1042 233 28 kommunalstyrelsen

191 1076 8 20 i
215 1077 32 20 sin
263 1076 74 22 helhet
351 1077 91 21 klandra
456 1085 26 14 en
498 1078 60 28 dylik
573 1077 149 28 redovisning,
741 1079 51 19 utan
808 1078 76 20 sådant
900 1078 38 20 bör

192 1111 73 28 åligga
280 1112 123 26 fränderne,
419 1112 52 21 eller
487 1112 65 21 också
566 1112 39 20 bör
619 1112 240 27 kommunalstyrelsen,
870 1112 7 20 i
886 1112 54 21 hän-

192 1145 58 21 delse
271 1145 88 21 fränder
379 1146 19 28 ej
419 1146 79 27 finnas,
514 1146 70 21 såsom
606 1146 7 20 i
626 1147 11 27 8
653 1147 12 19 6
681 1147 73 27 säges,
770 1148 47 18 utse
833 1146 106 21 särskilde

192 1180 55 27 gode
263 1181 50 19 män
329 1180 78 20 dertill.

259 1214 58 21 Herr
337 1221 42 14 von
398 1215 82 26 Born,
500 1215 27 21 K.
543 1215 35 21 F.:
599 1215 43 28 Jag
661 1215 127 21 instämmer
808 1215 23 21 så
852 1215 86 28 mycket

192 1248 68 20 hellre
274 1249 7 20 i
296 1249 50 20 herr
361 1249 129 20 Edelskölds
505 1249 67 27 åsigt,
588 1256 46 13 som
649 1256 51 13 man
715 1249 69 20 måste
800 1249 82 27 hoppas
899 1249 40 20 och

192 1283 89 26 antaga,
302 1284 31 18 att
353 1282 87 21 fränder
461 1283 66 20 också
547 1283 115 20 framdeles
682 1282 50 21 med
748 1283 193 27 uppmärksamhet

191 1315 62 21 skola
272 1315 53 29 följa
345 1316 165 28 förmyndarens
524 1317 133 28 förvaltning
677 1316 39 21 och
737 1316 144 28 tillgöranden
900 1317 40 21 och

192 1349 64 22 äfven
277 1352 98 19 närmare
396 1352 26 19 än
442 1351 71 28 någon
530 1358 70 14 annan
616 1351 118 21 intressera
749 1351 33 28 sig
797 1351 41 27 för,
854 1353 31 19 att
898 1351 41 22 den

192 1384 127 29 omyndiges
341 1385 53 21 både
418 1385 52 28 gods
494 1386 39 21 och
555 1393 80 21 person
658 1386 66 21 blifva
748 1386 34 21 väl
805 1387 71 20 skötta
900 1387 39 21 och

194 1419 99 21 vårdade.
