1009 1714
221 133 41 20 624

191 198 53 20 flere
265 198 66 20 bland
350 197 96 21 ståndets
466 197 140 21 medlemmar
624 196 133 21 understödd
776 196 56 27 åsigt
850 196 90 20 alldeles

192 232 48 20 icke
255 232 23 20 få
293 231 86 21 tillfälle
395 232 31 20 att
442 232 69 20 uttala
526 232 40 27 sig.

258 266 59 20 Herr
332 266 106 26 Linder,
453 266 33 20 E.:
502 266 42 28 Jag
560 266 87 20 förenar
663 265 43 27 mig
717 265 7 20 i
734 264 58 22 hvad
806 264 50 21 herr
871 264 69 21 Furu-

190 301 68 27 hjelm
276 302 68 26 yttrat
364 300 40 21 och
423 307 63 15 anser
503 300 39 21 allt
560 300 151 28 uppställande
732 300 24 20 af
774 299 73 21 vidare
871 299 70 20 vilkor

190 342 52 14 vara
260 335 137 27 öfverflödigt
415 337 55 19 samt
490 335 97 21 anhåller
604 334 86 21 derföre
709 336 32 19 att
758 334 77 27 frågan
855 334 34 20 må:
908 333 32 21 till

192 370 161 20 vederbörande
369 370 83 21 utskott
468 369 83 21 direkte
567 369 129 21 remitteras.

258 404 59 21 Herr
332 404 104 27 Munck,
451 404 27 21 K.
495 404 33 21 F.:
544 398 72 27 Äfven
629 404 39 28 jag
682 410 64 14 anser
761 403 43 21 alla
818 403 74 21 vidare
908 409 33 14 re-

191 439 127 21 striktioner
337 438 33 22 för
390 439 37 21 det
447 439 92 27 utskott,
555 439 33 21 till
603 438 83 21 hvilket
701 438 164 28 propositionen
880 437 60 21 kom-

190 468 34 37 mer
241 474 43 20 .att
299 474 130 26 remitteras,
445 480 52 14 vara
511 474 48 20 icke
574 473 56 21 blott
641 473 101 27 onödiga,
755 474 50 19 utan
818 472 40 21 ock
868 472 73 20 alltför

189 508 87 27 mycket
292 508 161 21 inskränkande
468 508 49 21 dess
533 510 43 18 rätt
592 509 31 20 att
638 509 58 26 yttra
711 507 34 27 sig
760 508 7 20 i
784 507 78 26 saken,
878 506 62 21 hvar-

190 543 46 21 före
256 543 40 27 jag
318 542 87 21 förenar
427 542 46 28 mig
492 542 50 22 med
562 542 49 22 dem
631 542 23 20 af
673 542 97 21 ståndets
793 541 147 27 medlemmar,

189 577 75 21 hvilka
278 578 65 27 yrkat
358 578 31 20 att
404 577 91 21 ärendet
510 578 67 20 måtte
593 584 29 14 nu
637 579 77 25 genast
729 578 53 20 utan
797 576 74 21 vidare
882 580 58 17 vote-

189 612 50 28 ring
259 613 122 20 remitteras
401 612 34 21 till
454 612 163 21 vederbörande
637 612 93 27 utskott;
749 612 53 20 hvar
821 611 40 21 och
877 617 27 15 en
920 610 23 21 af

190 647 245 21 ståndsmedlemmarne
458 647 67 21 likväl
545 646 132 22 förbehållet
697 648 31 19 att
746 646 7 20 i
774 646 79 28 sjelfva
873 646 67 20 saken

190 682 151 20 dessförinnan
357 683 57 26 yttra
430 682 39 27 sig.

258 716 81 21 Grefve
354 716 124 27 Armfelt,
494 717 33 19 A.:
544 716 43 28 Jag
597 716 87 20 förenar
695 716 45 27 mig
751 716 49 20 med
811 716 50 20 herr
871 715 69 21 Furu-

189 751 67 27 hjelm
276 751 40 21 och
337 750 37 21 det
394 750 24 22 sä
437 751 87 27 mycket
544 750 70 22 hellre
630 757 46 14 som
694 750 7 21 i
718 750 52 22 sista
786 757 64 14 mom.
864 750 24 20 af
901 751 12 19 2
929 750 11 27 $

189 786 31 20 uti
240 785 106 28 förslaget
364 786 33 20 till
416 785 129 29 förordning
561 792 34 14 om
611 786 125 27 personella
750 785 141 28 utskylderne
907 786 33 19 sä-

189 827 46 21 ges,
255 822 32 19 att
308 820 76 20 endast
402 820 26 21 de
448 820 8 20 i
471 820 65 28 sagde
556 820 127 27 förordning
703 820 103 27 stadgade
827 819 113 21 befrielser

189 855 48 21 frän
258 855 56 21 slika
332 855 112 27 utskylder
464 854 87 21 komma
571 856 31 19 att
622 854 116 22 framdeles
758 862 52 13 vara
830 854 110 28 gällande,

189 890 142 28 hvarigenom
348 890 83 20 säledes
446 890 29 20 all
491 897 72 13 annan
580 890 100 21 befrielse
696 890 24 20 af
732 890 33 28 sig
776 890 52 28 sjelf
836 890 104 20 förfaller.

257 925 59 21 Herr
330 924 201 21 landtmarskalken
547 924 129 21 hemställde
691 925 60 26 härä,
767 924 106 21 huruvida
882 925 57 20 stän-

190 960 42 26 det,
248 960 6 20 i
270 960 119 27 anledning
410 959 24 21 af
452 959 56 21 hvad
528 959 50 21 herr
593 966 42 14 von
651 960 67 26 Born,
734 959 20 21 J.
770 960 34 26 A.,
820 959 119 27 föreslagit,

190 994 94 21 önskade
304 994 72 27 någon
396 994 74 20 vidare
488 994 110 27 votering,
614 994 87 20 hvartill
718 994 105 28 enhälligt
839 994 100 20 svarades

189 1030 46 26 nej;
253 1029 40 20 och
304 1028 70 20 skulle
390 1028 57 28 förty
464 1028 6 20 i
486 1028 97 28 enlighet
598 1028 49 21 med
663 1028 97 21 ståndets
776 1028 67 21 redan
859 1028 41 21 den
916 1029 22 20 13

190 1064 97 20 sistlidne
304 1063 90 20 oktober
410 1063 82 21 fattade
508 1063 80 27 beslut,
607 1063 143 21 förevarande
766 1063 80 28 nådiga
861 1070 77 21 propo-

188 1098 65 20 sition
272 1098 40 20 och
332 1097 233 21 riddarhusutskottets
586 1098 101 20 deröfver
702 1098 84 27 afgifna
801 1098 137 20 betänkande

186 1132 68 28 jemte
270 1132 79 27 utdrag
364 1139 25 13 ur
405 1132 59 20 detta
479 1132 109 27 protokoll
602 1132 144 20 öfverlemnas
757 1132 33 20 till
801 1132 137 20 statsutskot-

188 1168 42 19 tets
246 1166 74 21 vidare
335 1166 169 28 handläggning.

256 1235 123 27 Föredrogs
396 1235 233 21 ekonomieutskottets
645 1235 138 21 betänkande
798 1243 35 13 n:o
850 1237 12 19 2
878 1236 6 20 i
901 1243 37 14 an-

188 1268 89 27 ledning
292 1269 24 19 af
330 1268 78 27 nådiga
423 1269 164 27 propositionen
603 1275 35 14 om
653 1269 28 20 fri
698 1269 196 27 spanmälshandel.

257 1302 120 20 Bordlades
392 1303 28 26 på
435 1303 46 20 åtta
496 1303 73 26 dagar.

258 1371 50 20 Med
330 1350 221 49 tillkännagifvande,
572 1374 31 18 att
611 1350 275 49 dacksiigelsoadresserna
905 1371 36 22 till

189 1405 101 28 Sveriges
310 1405 40 21 och
368 1405 120 28 Rysslands
507 1407 46 20 folk
571 1414 90 13 numera
677 1413 53 14 vore
751 1406 119 29 behörigen
889 1414 48 14 ren-

188 1440 89 28 skrifna,
293 1440 136 29 uppmanade
445 1441 51 21 herr
510 1441 200 22 landtmarskalken
725 1441 99 22 ståndets
836 1443 102 28 samtliga
