1009 1714
762 126 39 20 787

150 187 103 22 Ståndets
275 188 156 21 ofvanberörde
453 191 78 20 tvenne
552 190 71 21 beslut
647 191 68 20 skulle
739 191 92 21 medelst

82 221 79 28 utdrag
181 229 25 14 ur
225 223 60 20 detta
299 223 109 27 protokoll
423 224 106 27 delgifvas
544 225 141 21 medstånden
702 225 32 21 till
749 226 82 21 känne-

81 256 49 21 dom
146 256 111 21 äfvensom
274 257 244 28 expeditionsutskottet
533 259 5 20 i
559 259 102 21 afseende
677 259 12 21 å
700 260 130 27 vidtagande

81 290 23 21 af
117 291 42 20 den
175 291 28 28 på
217 291 106 21 utskottet
339 291 158 22 ankommande
513 293 82 28 åtgärd.

148 360 117 28 Upplästes
281 361 234 22 ekonomieutskottets
529 362 137 21 betänkande
682 370 35 14 n:o
733 365 22 25 2,
771 364 7 20 i
793 371 37 14 an-

80 395 90 28 ledning
185 395 24 21 af
221 395 80 28 nådiga
316 395 164 28 propositionen
495 397 113 27 angående
623 397 28 21 fri
667 399 163 26 spanmålshan-

80 429 42 28 del,
137 429 84 21 hvilket
236 430 137 21 betänkande
389 430 69 28 enligt
472 431 162 28 ridderskapets
650 432 40 21 och
705 433 75 20 adelns
794 433 36 21 be-

80 464 43 21 slut
142 464 42 21 den
200 465 26 20 27
242 465 115 20 nästvikne
376 465 117 21 november
512 465 73 22 hållits
600 467 13 20 å
628 466 76 21 bordet
719 467 69 20 under
804 474 26 14 en

80 498 31 21 tid
127 499 23 20 af
164 499 13 20 8
193 499 75 28 dagar;
289 499 51 21 derå
355 499 50 22 herr
420 500 200 21 landtmarskalken
636 502 136 27 uppmanade
787 502 43 21 rid-

80 533 117 28 derskapet
209 534 40 20 och
260 533 71 28 adeln,
344 541 52 20 som,
408 535 92 20 emedan
510 535 59 21 tiden
581 535 67 21 redan
661 535 76 22 skridit
748 536 83 21 inemot

80 568 29 20 kl.
126 569 12 20 2
153 568 28 28 på
197 568 77 28 dagen,
290 576 29 13 nu
333 569 119 28 åtskiljdes,
468 571 32 19 att
515 569 28 21 kl.
561 570 12 20 5
588 570 28 27 pä
632 577 17 14 e.
663 577 28 14 m.
704 571 47 20 åter
762 571 14 20 å
787 571 43 20 rid-

80 602 103 21 darhuset
202 603 133 28 uppkomma
354 603 7 20 i
381 603 102 22 afseende
504 605 12 20 &
536 604 91 21 berörde
647 605 90 21 ärendes
756 605 74 22 vidare

80 637 138 28 behandling.

253 783 113 28 Samma
387 783 68 37 dag,
476 784 41 27 kl.
540 785 17 26 5
579 793 22 18 e.
623 794 36 17 m.

149 844 59 21 Enär
227 852 30 13 nu
277 845 70 20 skulle
368 845 84 21 skridas
468 846 33 20 till
517 845 135 28 granskning
667 845 24 22 af
705 846 125 21 ekonomie-

80 879 118 22 utskottets
218 879 36 21 vid
273 879 162 28 förmiddagens
456 880 159 21 sammanträde
636 881 99 27 upplästa
755 881 75 21 betän-

80 914 71 21 kande
166 914 7 21 i
189 914 118 28 anledning
322 915 24 20 af
359 914 79 29 nädiga
453 915 163 28 propositionen
628 922 34 13 om
673 915 28 20 fri
711 916 119 27 spanmäls-

81 949 86 26 handel,
181 949 129 21 hemställde
325 949 51 20 herr
391 949 207 27 landtmarskalken,
609 949 106 21 huruvida
730 950 48 21 icke
794 951 36 20 be-

81 983 120 22 tänkandet
215 983 68 22 borde
298 983 88 29 pröfvas
401 984 104 27 punktvis
520 984 40 21 och
576 983 85 22 ständet
677 985 84 20 säledes
776 985 56 20 först

80 1020 97 26 upptaga
197 1018 86 28 frägan,
304 1018 73 21 hvilka
396 1018 111 29 sädesslag
527 1019 61 20 skola
607 1019 79 21 förstäs
706 1019 69 21 under
797 1022 33 19 ut-

80 1050 86 31 tryöket
182 1053 107 27 spanmäl;
305 1053 52 20 derä

149 1087 103 21 Friherre
266 1087 129 28 Carpelan
412 1087 94 28 begärde
522 1087 61 22 ordet
595 1087 40 21 och
646 1087 95 28 yttrade:
757 1088 75 27 Nägra

81 1122 67 21 bland
167 1124 166 19 reservanterne
352 1122 32 21 uti
404 1122 165 27 ifrägavarande
591 1123 62 20 ämne
674 1122 65 21 hafva
759 1125 73 18 ansett

81 1157 37 21 det
132 1157 49 20 icke
196 1157 121 20 tillkomma
333 1156 116 21 ständerna
464 1159 31 18 att
510 1157 68 21 inläta
593 1157 33 27 sig
641 1157 7 20 i
663 1157 123 28 förklaring
796 1164 35 14 om

80 1191 58 22 hvad
157 1191 49 21 med
226 1191 98 28 spanmäl
344 1191 70 21 skulle
434 1191 85 21 förstås.
550 1191 34 21 En
605 1191 65 21 sådan
691 1191 57 28 äsigt
763 1192 69 20 måste

78 1227 40 26 jag
137 1227 104 19 motsätta
260 1226 55 27 mig,
331 1225 109 22 anseende
462 1226 35 21 det
517 1227 93 20 tvertom
626 1226 73 27 äligga
715 1226 117 20 ständerne

80 1262 32 19 att
128 1260 73 21 lemna
216 1267 27 14 en
259 1260 60 28 dylik
334 1260 128 27 förklaring,
473 1261 71 20 säsom
559 1260 67 27 nödig
636 1260 34 21 för
680 1260 152 28 uppenbaran-

82 1294 36 21 det
132 1295 24 20 af
170 1295 127 20 ständernas
318 1295 89 28 mening
421 1294 51 21 med
488 1295 73 21 saken.
591 1294 44 21 För
650 1294 45 21 min
711 1294 35 21 del
762 1294 70 21 skulle

78 1329 40 27 jag
133 1329 53 26 vilja
201 1329 76 27 utbyta
292 1329 111 26 uttrycket
418 1329 98 27 spanmäl
533 1330 67 20 emot:
613 1329 134 25 ,sädesarter
757 1329 24 20 af
790 1329 42 20 alla

82 1362 48 27 slag
149 1362 55 21 bäde
225 1363 6 19 i
250 1362 99 21 förädlad
371 1362 40 21 och
434 1362 113 21 oförädlad
568 1362 76 20 form.*
674 1361 71 21 Bland
760 1362 72 20 sädes-

81 1398 87 19 arterne
184 1396 69 21 finnes
268 1403 34 19 en,
318 1403 46 13 som
379 1396 59 20 inom
454 1396 74 20 landet
543 1395 62 21 aktas
620 1396 63 27 ringa
696 1395 39 21 och
746 1395 86 21 derföre

84 1431 44 21 stär
148 1431 7 20 i
175 1433 31 19 ett
223 1431 162 28 jemförelsevis
405 1431 46 27 lägt
470 1431 55 28 pris,
541 1430 36 21 det
593 1432 23 19 är
632 1430 95 27 viekern,
743 1430 89 21 hvilken
