1017 1725
747 125 40 20 833

67 187 83 21 hennes
167 188 55 20 25:te
239 188 108 21 lefnadsår
363 188 47 22 med
426 196 27 14 en
469 189 85 27 dubbel,
570 190 44 28 nej,
630 197 27 14 en
671 190 98 28 tvetydig
780 190 35 21 be-

65 222 114 21 märkelse.
210 223 35 21 Mä
266 223 42 21 hon
328 223 49 21 med
398 224 50 27 nöje
470 224 39 20 och
529 226 51 18 utan
602 224 87 21 fruktan
705 224 34 21 för
755 227 60 18 män-

64 263 54 14 nens
139 256 99 22 omdöme
259 257 22 21 få
296 257 105 22 inträda
393 252 14 39 i
418 258 32 21 sin
467 258 205 28 myndighetsålder.
702 258 27 29 Ej
746 259 69 21 heller

65 291 43 21 kan
121 291 39 28 jag
175 291 116 28 godkänna
307 292 42 21 den
365 292 208 28 undantagsförmån
584 293 106 21 utskottet
700 294 58 19 velat
772 293 43 20 till-

65 325 96 22 erkänna
181 326 78 27 henne,
280 326 65 21 sedan
367 327 42 20 hon
425 326 49 28 fyllt
490 328 26 20 25
532 327 30 27 år,
578 327 41 21 den
640 329 31 19 att
692 327 55 21 efter
763 327 51 28 god-

64 361 64 28 tycke
149 361 64 20 ställa
233 361 34 28 sig
287 361 68 20 under
369 361 188 28 förmynderskap.
587 361 39 21 Ett
641 362 76 21 sådant
732 362 82 21 undan-

64 397 38 26 tag
121 395 34 21 må
171 395 28 28 på
214 395 32 21 sin
267 395 53 28 höjd
335 395 120 28 medgifvas
471 396 72 21 henne
559 396 44 21 tills
618 397 43 20 hon
677 396 50 28 fyllt
742 397 27 20 25
784 397 30 26 år,

64 437 35 14 om
114 429 64 29 lagen
200 432 39 26 gör
259 431 72 20 henne
347 430 89 28 myndig
451 431 35 21 vid
502 431 24 20 21
544 431 34 20 års
594 431 69 28 ålder;
681 431 80 21 sådana
775 438 40 14 un-

64 465 203 28 dantagsförmåner
288 465 70 26 skulle
379 465 81 20 endast:
475 465 41 21 öka
536 465 83 21 antalet
639 465 23 21 af
680 465 63 22 dessa
758 467 57 26 tysta

64 499 117 27 förbehåll,
201 499 78 22 hvaraf
298 500 21 20 vi
339 499 7 21 i
366 499 38 21 vår
424 500 35 27 lag
479 500 66 21 redan
566 500 65 21 hafva
650 507 46 14 mer
717 502 27 19 än
765 507 50 22 nog.

64 534 34 21 De
113 534 70 21 skulle
199 534 7 21 i
222 534 37 21 det
274 534 114 28 praktiska
403 534 61 21 lifvet
480 535 98 20 medföra
591 535 79 28 många
681 535 134 28 svårigheter

65 569 39 21 och
125 569 86 29 mycket
230 569 85 27 trassel,
330 569 33 21 till
379 569 85 21 hvilkas
480 569 138 21 undvikande
634 576 26 15 en
676 570 53 21 hvar
745 569 70 22 skulle

64 604 83 28 nödgas
168 604 27 28 gå
215 604 50 20 med
285 604 88 28 katalog
388 604 8 20 i
411 604 71 21 fickan
498 604 60 21 öfver
572 604 43 21 alla
630 604 185 28 omyndigförkla-

65 639 51 21 rade
136 638 83 22 fickor.
249 638 64 21 Hvad
334 638 102 28 slutligen
456 638 136 22 vidkommer
611 639 76 28 frågan
703 646 34 14 om
755 639 60 28 qvin-

64 681 54 13 nans
139 675 42 19 rätt
200 675 32 19 att
251 675 51 19 utan
319 673 117 28 giftomans
454 674 111 28 samtycke
585 674 62 21 träda
661 674 7 20 i
684 674 131 28 äktenskap,

65 709 23 21 så
108 708 70 28 hyllar
191 709 39 27 jag
245 708 34 21 för
295 708 87 28 mycket
400 708 36 21 det
452 708 125 28 gudomliga
596 708 76 22 budet:
693 709 48 26 ,Du
760 709 55 21 skall

64 743 67 21 hedra
151 743 37 21 din
203 742 60 22 fader
279 742 41 22 och
336 742 36 21 din
387 743 95 27 moder”,
496 743 34 21 för
546 745 31 19 att
590 743 48 28 jag,
653 743 93 21 medelst
761 751 53 21 upp-

64 778 107 21 häfvande
192 778 24 21 af
235 778 218 28 giftomannarätten,
474 778 70 21 skulle
564 778 52 28 vilja
637 778 62 28 lägga
716 778 99 28 grunden

64 813 33 20 till
118 820 27 14 en
165 812 131 21 sidvördnad
315 814 45 19 mot
380 812 112 22 föräldrar.
522 813 52 21 Men
594 813 136 28 lagstiftaren
746 813 69 21 måste

65 847 80 22 handla
165 847 136 28 konseqvent
320 847 40 21 och
378 847 72 21 derför
469 849 86 20 voterar
568 848 39 28 jag
622 847 33 22 för
670 847 145 28 giftomanna-

64 884 83 19 rättens
162 883 68 20 totala
245 882 153 29 upphäfvande
414 882 33 21 för
463 883 86 28 qvinna,
559 883 102 20 kommen
677 882 34 21 till
726 882 89 28 myndig

65 917 66 21 ålder.
161 917 144 28 Religionens
329 917 116 27 sanningar
468 917 35 21 må
522 917 92 28 upplysa
636 917 71 21 henne
731 924 35 13 om
789 917 26 21 de

64 952 80 28 pligter
163 951 44 21 hon
222 951 39 21 har
277 953 31 20 att
323 951 97 28 iakttaga
435 953 45 19 mot
494 952 47 21 sina
556 951 111 22 föräldrar.
698 951 45 21 Det
760 951 55 22 låter

65 987 110 27 nemligen
191 987 20 27 ej
228 984 76 23 förena
320 986 33 27 sig
368 988 32 19 att
415 986 131 21 tillerkänna
562 986 95 28 qvinnan
667 987 43 20 rätt
721 987 32 20 att
763 985 52 22 råda

65 1021 61 21 öfver
141 1021 41 21 den
198 1021 114 28 egendom,
326 1021 43 20 hon
380 1021 91 20 förvärft
482 1021 53 20 eller
546 1027 45 14 som
603 1021 104 27 möjligen
718 1021 43 20 kan
772 1021 43 20 till-

64 1055 52 23 falla
129 1055 72 21 henne
212 1062 78 21 genom
301 1055 40 27 arf,
353 1055 39 20 och
402 1057 32 19 att
445 1055 48 22 med
504 1055 118 21 detsamma
632 1055 99 21 förmena
741 1055 74 21 henne.

64 1091 44 20 rätt
122 1091 32 19 att
167 1089 52 21 råda
233 1089 61 21 öfver
305 1089 42 21 den
360 1089 107 28 egendom
479 1089 106 28 skaparen
597 1089 52 28 sjelf
661 1089 63 28 gifvit
735 1089 79 27 henne,

64 1125 42 20 den
127 1124 126 28 dyrbaraste
273 1124 44 21 hon
333 1126 58 26 äger,
408 1125 60 20 öfver
483 1125 89 20 hvilken
588 1124 66 21 oftast
670 1124 76 21 endast
762 1124 51 21 hen-

64 1166 39 14 nes
118 1159 80 21 fantasi
215 1159 39 21 och
270 1159 89 21 känslor
375 1161 40 26 äga
431 1166 26 14 en
474 1159 128 21 oinskränkt
616 1159 59 21 makt
690 1171 28 3 —
732 1159 84 21 hennes

64 1194 58 20 hand
142 1194 40 20 och
202 1194 84 20 hennes
306 1194 81 27 hjerta;
410 1194 39 20 och
470 1196 31 18 ett
522 1194 23 20 så
566 1195 78 26 grymt,
661 1194 23 20 så
699 1193 116 21 hämdfullt

64 1228 167 28 lagstadgande,
252 1235 45 13 som
319 1230 31 18 att
370 1228 106 20 föräldrar
496 1228 71 20 skulle
588 1230 40 25 äga
648 1229 43 19 rätt
711 1229 31 19 att
761 1229 55 26 göra

65 1263 37 20 sitt
121 1262 54 21 barn
197 1262 74 21 arflöst
291 1262 34 21 för
346 1269 27 14 en
389 1262 155 21 öfverträdelse
560 1262 24 21 af
596 1261 165 28 ifrågavarande
777 1262 37 20 be-

65 1297 131 27 skaffenhet,
217 1297 43 21 kan
279 1297 35 21 väl
333 1296 69 28 aldrig
422 1296 24 21 af
464 1296 36 22 det
520 1296 60 22 19:de
596 1296 157 21 århundradets
768 1296 47 28 lag-

64 1331 84 22 stiftare
165 1331 132 28 godkännas.
328 1331 49 21 Den
392 1331 36 21 väl
444 1331 140 28 uppfostrade
600 1331 94 28 qvinnan
705 1331 66 27 gifter
781 1331 34 27 sig

64 1366 69 27 aldrig
148 1368 52 17 utan
217 1366 47 19 sina
279 1365 117 20 föräldrars
412 1365 40 20 råd
468 1366 39 19 och
523 1365 121 26 samtycke,
661 1365 39 19 och
717 1364 20 20 vi
753 1364 62 20 skola

64 1399 90 28 hoppas,
168 1400 32 19 att
215 1399 41 20 den
273 1399 31 20 tid
319 1399 20 26 ej
356 1398 54 21 skall
421 1405 51 14 vara
484 1399 23 20 så
518 1398 103 27 aflägsen,
632 1397 27 21 då
669 1397 48 21 hela
729 1397 35 21 det
776 1397 39 21 fin-

65 1433 39 21 ska
119 1433 69 21 folket
204 1433 55 20 skall
273 1433 64 20 hafva
348 1432 92 28 uppnått
452 1432 40 21 den
504 1432 119 27 bildnings-
635 1431 40 22 och
687 1431 129 28 sedlighets-
