1028 1714
230 130 42 24 898

203 198 43 28 mig
262 200 31 19 att
308 198 127 30 ytterligare
451 199 51 28 taga
516 199 159 28 ridderskapets
691 199 40 21 och
744 199 74 21 adelns
828 198 117 30 uppmärk-

202 233 84 21 samhet
296 234 8 20 i
314 234 100 28 anspråk.
436 234 71 20 Hvem
517 234 39 20 har
566 234 48 21 icke
623 234 50 20 hört
683 233 96 29 idkeliga
788 234 109 28 klagomål
906 234 40 21 hos

203 274 34 14 oss
258 268 60 21 öfver
338 268 150 28 tjenstefolket
508 268 23 22 af
547 268 56 22 båda
620 268 71 21 könen
707 275 30 14 nu
750 268 34 21 för
799 268 73 22 tiden?
902 268 44 22 Det

203 302 152 28 Ofverklagade
371 303 56 21 onda
442 304 23 20 är
480 303 7 21 i
500 303 55 28 jemt
570 302 133 28 tilltagande,
717 303 37 21 vär
765 303 85 28 husliga
860 302 86 22 trefnad

202 338 69 20 störes
291 338 127 21 esomoftast
436 338 24 21 af
478 338 62 21 dessa
559 338 51 20 våra
628 338 99 20 huskors.
757 337 57 21 Från
835 338 23 21 år
874 338 33 21 till
922 338 24 20 är

202 372 140 21 kontribuera
361 372 21 21 vi
403 373 39 20 allt
460 379 47 15 mer
526 372 41 21 och
587 379 46 14 mer
650 372 33 21 till
704 372 51 21 vära
774 372 87 28 fattiga,
880 374 24 26 ty
919 372 26 21 de

201 406 86 22 orklösa
310 407 113 27 tjenarene
448 407 53 21 falla
523 407 114 21 mestadels
659 407 157 21 kommunerna
838 407 33 21 till
894 408 48 20 last.

201 440 69 22 Dessa
290 441 56 21 bäda
365 442 149 22 förhällanden
534 442 38 20 vill
592 442 40 20 den
652 442 65 21 värde
732 442 144 27 petitionären
892 444 53 19 mot-

201 476 74 20 verka.
297 476 44 21 Det
356 477 23 20 är
395 476 41 21 ock
450 477 27 27 pä
492 476 66 27 tiden,
574 478 32 19 att
620 476 101 28 ätgärder
731 476 98 28 vidtagas
840 476 105 21 deremot.

201 510 63 21 Hvad
285 510 39 22 har
343 510 72 22 blifvit
430 511 82 28 gjordt,
527 511 56 21 hvad
598 511 52 27 vilja
663 511 22 21 vi
701 512 53 27 göra
769 511 33 21 för
817 510 63 22 dessa
895 512 51 20 vära

201 544 70 22 likar?
300 544 29 22 Vi
349 545 52 28 vilja
422 546 108 28 medgifva
550 544 48 23 dem
618 545 105 28 rättighet
743 546 32 21 att
794 545 62 28 flytta
870 546 76 28 hvarje

201 579 55 21 halft
274 581 30 26 &r,
319 579 70 22 befria
404 581 162 28 tjenstegvinna
580 580 48 21 frän
643 581 91 28 husaga,
750 580 69 21 tilläta
834 580 58 27 dem,
908 581 38 20 der

201 614 33 28 sig
249 615 23 20 sä
287 621 81 22 passar,
383 615 81 21 besöka
475 615 176 28 söndagsskolan,
662 615 233 28 bibelförklaringarne
906 615 40 21 och

201 649 106 20 mähända
326 649 126 21 hvarannan
472 650 82 28 söndag
573 649 90 28 kyrkan.
693 649 44 22 Vid
755 650 24 21 sä
793 649 91 28 mycken
900 656 44 14 om-

201 689 51 22 sorg
266 683 33 21 för
315 684 61 20 deras
392 684 34 21 väl
441 684 56 21 hvad
512 684 52 28 vilja
579 683 21 21 vi
615 683 24 21 af
652 683 48 22 dem
716 684 81 21 bättre!
817 678 127 27 Ändamäls-

201 717 72 28 enliga
287 717 120 22 folkskolor
422 718 43 21 fela
480 725 34 15 oss
529 717 138 22 fortfarande.
961 742 2 4 N

268 752 51 21 Man
341 752 75 21 trodde
438 754 32 19 att
492 753 151 28 pauperismen
663 753 38 20 hos
722 753 26 20 de
767 753 117 21 arbetande
906 753 39 21 och

200 787 102 27 tjenande
318 787 111 20 klasserne
444 787 69 21 skulle
529 787 87 26 lindras,
631 793 34 14 om
680 787 49 21 icke
743 787 113 29 afhjelpas,
867 794 79 21 genom

201 821 139 28 sparbanker.
363 821 80 22 Dessas
459 822 141 28 obestridliga
614 823 62 26 nytta
691 821 39 22 har
745 822 55 21 dock
810 822 48 21 icke
868 822 8 21 i
886 821 60 22 detta

201 855 101 22 afseende
326 858 118 19 motsvarat
468 856 207 29 förhoppningarne.
712 856 154 21 Proletoriatet
888 858 58 19 tärer

201 897 45 14 som
262 892 31 19 ett
305 891 94 21 kräftsär
414 891 28 28 pä
456 891 122 27 samhället,
594 890 82 22 hvilket
691 891 66 21 ocksä
773 892 99 27 nogsamt
887 891 58 21 bevi-

201 931 33 14 sas
250 924 24 21 af
290 925 157 27 petitionärens
461 925 104 28 vältaliga
579 925 76 21 siffror.
685 925 35 20 Då
735 925 21 20 vi
771 926 58 27 sörja
844 925 34 22 för
893 925 53 21 våra

200 959 94 28 tjenare,
314 959 24 21 sä
356 960 58 27 sörja
434 959 21 21 vi
474 959 34 21 för
528 967 35 14 oss
578 959 83 28 sjelfva.
692 959 51 21 Som
758 959 83 22 kristne
856 960 54 21 böra
924 960 21 21 vi

201 993 35 21 det
251 993 24 21 sä
290 993 86 28 mycket
391 1001 52 14 mer.
468 993 76 22 Staten
559 995 40 20 har
614 994 70 28 dragit
698 993 88 29 försorg
800 993 34 22 för
846 994 26 22 de
888 993 56 28 sina;

200 1028 75 28 hvarje
290 1028 85 21 hushäll
391 1030 23 20 är
430 1036 26 14 en
472 1030 42 20 stat
528 1030 8 20 i
552 1030 81 26 siaten;
648 1029 53 21 böra
713 1028 26 21 de
749 1028 49 21 icke
808 1028 54 28 följa
872 1036 72 14 exem-

199 1063 55 28 plet,
272 1063 40 28 jag
326 1070 75 14 menar
416 1065 32 19 att
462 1063 92 22 tillhälla
568 1064 76 27 hvarje
659 1064 85 28 tjenare
760 1064 32 20 att
807 1063 90 28 bidraga
911 1063 34 21 till

201 1098 32 20 sin
252 1104 55 21 egen
322 1098 170 28 pensionering?
523 1098 41 21 Om
578 1098 75 27 hvarje
669 1098 84 28 tjenare
769 1098 93 28 ärligen,
878 1098 66 21 minst

200 1132 31 21 uti
251 1132 73 21 trettio
343 1132 35 21 års
394 1132 31 21 tid
440 1132 72 21 erlade
528 1140 47 19 sex,
591 1132 75 28 hvarje
681 1132 125 28 tjenarinna
820 1132 48 28 fyra
883 1132 62 21 mark

199 1166 24 22 af
240 1166 34 21 sin
293 1166 45 26 lön,
358 1166 74 22 hvilka
448 1167 68 28 jemte
537 1167 242 27 mantalspenningarne
798 1166 110 28 uppburos
924 1167 23 21 af

199 1200 217 29 kronobetjeningen,
431 1201 24 21 så
464 1201 70 21 skulle
545 1201 63 21 dessa
617 1201 78 27 medel,
705 1200 124 22 förräntade
840 1201 32 21 uti
882 1203 62 19 stats-

199 1235 97 27 banken,
316 1235 31 20 uti
368 1242 27 14 en
414 1236 48 20 icke
480 1236 95 28 aflägsen
590 1236 87 20 framtid
691 1236 60 20 bilda
766 1235 41 21 den
822 1235 62 27 fond,
899 1242 45 14 som

199 1268 71 22 blefve
291 1268 66 27 nödig
376 1268 33 21 till
428 1269 87 21 orklösa
534 1270 95 26 tjenares
647 1269 140 27 försörjning.
816 1268 78 22 Lätom
910 1276 34 14 oss

199 1304 89 26 antaga,
302 1304 32 19 att
349 1302 27 28 pä
395 1303 23 20 sä
433 1304 43 19 sätt
491 1304 84 26 ärligen
589 1303 74 21 inflöto
679 1303 56 21 blott
748 1302 196 28 fyrahundratusen

199 1337 69 21 mark.
296 1337 76 26 Dessa,
389 1336 174 30 kontinuerligen
578 1338 79 20 insatte
673 1338 7 20 i
695 1338 86 21 banken
796 1339 45 19 mot
854 1344 30 14 nu
898 1338 46 28 gäl-

199 1371 63 22 lande
278 1373 33 19 tre
327 1371 39 22 och
382 1378 26 14 en
424 1372 47 21 half
483 1374 101 26 procents
599 1374 62 20 ränta
675 1372 28 28 pä
718 1374 69 25 ränta,
802 1372 72 22 lemna
889 1372 56 22 efter

199 1407 63 27 tjugu
278 1406 24 22 är
316 1408 31 20 ett
361 1406 83 28 kapital
459 1407 23 21 af
496 1408 124 26 11,311,872
631 1407 68 22 mark.
719 1408 87 20 Räntan
817 1407 67 29 derpä
892 1414 52 15 vore

200 1442 66 24 redan
286 1442 91 29 395,915
397 1442 68 23 mark.
498 1442 70 25 Deraf
585 1442 72 25 kunde
677 1442 84 25 således
781 1444 97 23 tretusen
898 1444 45 23 tvä-
