1009 1714
232 130 40 20 780

203 194 74 21 börds-
293 194 54 21 eller
365 193 191 28 lösningsanspråk
574 192 125 22 bibehållna
713 192 36 21 vid
765 193 32 20 sin
813 193 43 20 rätt
870 194 32 19 att
918 198 31 14 se-

203 229 99 20 dermera
317 229 24 20 så
355 229 64 26 länge
434 228 37 27 lag
485 227 121 28 medgifver
621 227 72 20 utföra
708 227 33 20 sin
757 227 65 20 talan.
851 226 46 21 Min
914 233 36 14 an-

203 263 116 28 märkning
334 263 82 28 åsyftar
431 262 84 21 således
530 262 55 20 blott
600 269 27 13 en
638 261 135 28 uteslutning
783 260 24 22 af
815 260 36 21 det
861 260 90 21 sednare

203 297 146 21 alternativet.
378 297 44 21 För
437 297 67 28 öfrigt
519 296 39 21 och
574 296 49 21 med
639 296 70 21 denna
723 296 90 21 rättelse
829 295 70 21 finner
912 295 39 28 jag

204 331 54 22 både
278 331 68 22 första
361 332 11 27 8
388 331 39 22 och
443 331 67 21 andra
525 331 24 28 $$
565 330 132 29 fullkomligt
711 332 110 19 motsvara
835 329 37 22 det
887 330 64 21 ända-

203 366 54 27 mål,
277 373 47 14 som
339 366 50 21 med
404 365 49 22 dem
469 366 91 28 åsyftas,
576 365 40 21 och
631 365 38 21 vill
684 365 56 21 blott
754 365 100 28 tillägga,
869 366 32 19 att
914 365 39 27 jag

204 407 63 14 anser
286 400 38 21 det
344 401 23 20 af
385 401 106 20 utskottet
506 399 125 28 föreslagna
646 399 130 22 förändrade
792 401 43 20 sätt
849 399 34 21 för
898 399 54 21 kun-

204 435 106 28 görandet
329 435 127 28 lämpligare
475 435 40 20 och
530 441 59 14 mera
604 434 119 28 praktiskt,
738 435 27 20 än
781 434 37 21 det
832 434 8 21 i
854 434 98 28 proposi-

204 469 74 21 tionen
298 471 120 26 upptagna,
438 469 101 21 hvarföre
552 469 39 28 jag
605 469 69 21 skulle
690 469 88 21 förorda
793 469 61 21 bifall
870 468 33 21 till
919 471 32 18 ut-

204 503 92 22 skottets
311 503 82 29 förslag
408 504 7 21 i
431 504 41 21 den
487 503 70 22 delen.

271 538 103 21 Friherre
395 538 139 29 Carpelan:
555 537 42 29 Jag
617 545 64 14 anser
700 537 45 28 mig
765 537 54 22 böra
839 537 113 27 anmärka,

204 574 32 19 att
250 573 59 21 inom
325 573 161 28 konungariket
501 573 98 28 Sverige,
620 572 39 21 der
673 572 168 29 lagstiftningen
855 572 32 21 uti
902 573 50 20 ifrå-

204 607 123 28 gavarande
347 609 58 19 ännu
424 608 35 21 för
479 607 66 28 öfrigt
565 609 23 19 är
609 607 113 21 enahanda
743 614 45 14 som
808 607 46 27 här,
874 614 79 21 genom

204 641 129 29 förordning
348 641 41 22 den
405 643 12 20 9
433 642 118 21 november
567 642 54 21 1838
637 641 72 22 blifvit
724 642 107 21 bestämdt
844 642 110 28 förbjudet

203 676 164 22 vederbörande
389 677 98 26 domare,
510 678 41 25 att,
571 677 28 20 då
618 676 226 28 åtkomsthandlingar
864 676 86 27 saknas,

204 717 79 22 genom
298 711 130 28 kungörelse
443 712 7 20 i
465 711 140 28 tidningarne
620 711 113 28 förelägga
748 711 43 21 viss
806 711 33 21 tid
848 711 34 21 för
892 711 61 21 klan-

205 745 38 21 der
263 745 24 21 af
305 746 129 21 åtkomsten.
464 746 43 21 För
526 745 45 21 min
589 745 35 22 del
639 745 64 28 gillar
716 746 39 27 jag
769 745 67 22 likväl
851 746 60 21 detta
926 747 27 27 ej.

205 779 43 28 Jag
262 780 121 28 medgifver
399 780 65 21 också
479 782 38 25 att,
533 781 70 20 såsom
619 780 50 21 herr
685 780 68 28 Spåre
769 780 67 21 redan
846 781 108 26 anmärkt,

205 814 41 21 den
261 814 166 28 ifrågavarande
442 815 164 28 propositionen
622 815 40 20 och
677 815 118 21 utskottets
805 815 83 28 förslag
898 815 55 21 hade

204 849 83 21 kunnat
302 856 52 14 vara
369 850 135 21 annorlunda
519 850 40 21 och
574 849 107 28 tydligare
696 850 101 27 uttrycka
813 851 80 26 ämnet,
904 857 49 14 men

204 884 113 27 utskottet,
331 883 60 22 hvari
404 885 39 27 jag
458 885 48 21 icke
522 885 117 20 öfvervarit
653 884 194 29 handläggningen
861 885 24 21 af
897 885 57 21 före-

203 918 95 21 varande
319 919 71 28 fråga,
411 926 64 21 synes
493 919 48 22 icke
557 919 64 21 hafva
636 919 58 21 velat
712 919 87 28 frångå,
815 921 52 19 utan
883 919 71 22 såvidt

204 952 92 29 möjligt,
311 953 95 21 vidhålla
421 954 117 27 ordalagen
549 954 6 20 i
567 953 40 22 den
619 954 79 27 nådiga
708 953 170 28 propositionen.
903 954 50 21 Den

204 987 24 21 af
241 987 50 22 herr
306 994 43 14 von
363 987 112 29 Knorring
490 988 122 28 åberopade
628 988 73 29 kongl.
717 988 149 27 förklaringen
880 989 24 20 af
913 989 41 20 den

207 1023 26 20 14
247 1023 44 26 maj
304 1023 54 20 1805
369 1023 58 20 afser
437 1023 66 28 något
513 1023 46 21 helt
569 1025 67 18 annat
647 1024 27 19 än
683 1023 39 28 jag
732 1023 109 20 förmodar
851 1023 51 20 herr
912 1029 42 14 von

205 1056 112 27 Knorring
331 1057 50 20 med
396 1057 147 28 kungörelsen
557 1057 57 20 velat
629 1057 52 20 afse.
705 1057 42 27 Jag
761 1057 70 20 skulle
844 1057 110 28 nemligen

204 1097 63 20 anse,
283 1092 33 19 att
331 1091 209 28 återvinningstalan
558 1091 28 28 på
601 1091 70 28 grund
686 1091 24 21 af
722 1090 145 29 nyssberörda
881 1091 74 28 kongl.

205 1124 122 28 förklaring
345 1125 49 20 icke
414 1125 43 21 kan
477 1132 78 21 genom
570 1125 128 28 ifrågasatta
714 1125 131 28 kungörelse
860 1125 94 27 preskri-

204 1159 73 27 beras,
293 1166 50 14 men
358 1159 111 21 bekänner
485 1160 76 27 tillika,
577 1161 32 19 att
622 1160 39 27 jag
677 1161 20 27 ej
709 1159 82 21 förmår
801 1159 54 27 inse,
866 1159 88 22 hvilken

205 1194 85 28 »bättre
305 1195 61 25 rätt",
387 1201 46 14 som
449 1194 162 21 vederbörande
627 1194 70 21 skulle
713 1201 79 21 genom
807 1194 147 27 kungörelsen

205 1235 120 21 uppmanas
340 1229 32 20 att
387 1229 77 20 utföra.
487 1229 65 21 Afses
567 1229 89 21 dermed
671 1229 72 28 något,
759 1228 42 21 kan
812 1229 36 20 det
858 1228 35 21 väl
904 1229 50 20 rim-

204 1262 74 27 ligtvis
294 1263 19 26 ej
325 1269 52 13 vara
391 1265 66 17 annat
473 1264 26 18 än
515 1263 176 26 lösningsrätten.
717 1263 11 20 I
742 1262 74 27 kongl.
832 1262 122 20 förordnin-

205 1302 42 20 gen
263 1295 41 21 den
321 1295 26 21 13
359 1295 49 27 juni
425 1296 64 25 1800,
504 1303 47 13 som
566 1295 90 21 handlar
672 1295 55 21 blott
743 1302 34 14 om
793 1295 89 28 lagfart,
898 1295 56 21 före-

205 1329 98 21 kommer
318 1329 55 21 intet
389 1329 119 29 stadgande
524 1337 33 14 om
574 1330 66 28 något
655 1332 73 19 annat.
758 1329 45 22 För
817 1331 32 20 att
864 1329 90 22 allmän-

204 1364 65 21 heten
285 1364 56 21 dock
356 1364 47 21 icke
417 1365 53 20 skall
483 1365 111 20 missledas
605 1366 32 19 att
648 1366 39 25 tro,
698 1367 32 18 att
740 1364 64 21 äfven
815 1365 67 20 sådan
892 1364 61 21 klan-

205 1399 98 21 dertalan
319 1405 51 15 vore
385 1406 78 21 genom
478 1399 146 28 kungörelsen
640 1399 121 28 förverkad,
773 1399 70 21 skulle
851 1400 40 27 jag
901 1406 52 14 anse

205 1434 36 21 det
261 1435 20 27 oj
302 1441 51 14 vara
373 1441 25 14 ur
418 1436 78 26 vägen,
517 1436 31 19 att
569 1434 89 21 sednare
679 1435 138 20 alternativet
832 1435 31 20 uti
879 1435 74 21 betän-
