1034 1709
229 131 41 21 466

201 196 130 22 ärendernas
352 194 132 22 slutförande
504 195 70 26 beror,
593 195 58 21 förut
665 195 71 21 höras.
766 194 35 21 Då
815 194 55 21 hade
886 194 57 20 stän-

202 230 66 21 derna
285 236 58 14 mera
359 229 47 21 skäl
422 229 32 21 för
470 230 33 20 sin
519 229 147 27 underdåniga
680 229 100 27 petition.

268 264 103 21 Friherre
386 263 23 21 af
424 263 136 21 Schultén:
575 264 11 20 I
602 263 117 28 anledning
734 263 24 20 af
771 262 56 21 hvad
841 263 50 20 herr
902 262 42 21 Fu-

201 299 94 28 ruhjelm
313 299 76 27 yttrat,
408 297 32 22 får
457 299 39 26 jag
516 299 53 26 göra
589 297 41 22 den
648 297 144 28 anmärkning
812 298 31 20 att
858 299 39 19 när
913 298 31 19 ut-

202 334 87 21 skotten
305 335 57 19 ännu
376 332 20 27 ej
412 332 86 21 erhållit
513 332 34 21 del
563 332 23 21 af
599 332 42 21 alla
656 331 199 29 propositionerna,
871 333 23 19 är
909 331 36 21 det

201 369 34 20 för
250 367 49 22 dem
315 367 58 21 svårt
388 368 31 19 att
434 367 34 20 för
482 366 134 21 närvarande
631 366 81 27 afgifva
722 366 67 28 något
799 366 101 28 yttrande
911 373 34 14 om

201 403 60 20 tiden
276 403 33 20 för
325 401 62 21 deras
403 401 87 28 slutliga
504 401 139 28 behandling.

269 437 58 20 Herr
341 443 42 14 von
398 436 96 21 Essen:
511 435 10 20 I
535 435 116 28 anledning
662 436 23 20 af
693 435 55 21 hvad
758 435 51 21 herr
819 435 127 28 Furuhjelm

203 473 76 27 yttrat,
300 471 33 20 får
350 471 38 28 jag
408 470 104 21 likaledes
533 469 103 22 anmärka
650 472 32 19 att
698 470 37 21 det
750 471 23 20 är
788 470 33 21 för
836 470 110 21 utskotten

202 506 45 21 lika
262 505 99 28 omöjligt
376 512 45 14 som
437 505 33 20 för
484 505 26 20 de
526 505 122 28 respektive
664 505 98 26 stånden,
773 506 31 19 att
814 505 28 28 på
856 504 91 21 förhand

202 541 56 20 helst
273 541 67 27 något
355 540 24 21 så
395 541 38 19 när
448 539 119 22 bestämma
582 541 39 19 när
637 540 104 20 arbetena
755 539 67 21 hinna
838 539 107 21 slutföras.

202 575 113 28 Frågorna
335 576 36 19 äro
392 574 22 21 af
432 573 179 22 vidtomfattande
627 574 45 27 vigt
688 574 39 20 och
743 573 150 22 erfarenheten
907 574 40 20 har

202 608 55 23 visat
277 611 32 18 att
329 609 150 21 diskussionen
494 609 31 20 uti
542 609 119 26 utskotten,
677 609 132 20 åtminstone
824 608 58 21 inom
899 608 47 21 dem

200 645 39 27 jag
255 643 80 26 tillhör,
351 646 61 25 tager
428 643 23 20 så
466 643 85 28 mycket
567 649 60 14 mera
641 643 36 26 tid,
689 650 45 13 som
746 642 124 22 densamma
882 650 65 21 uppe-

202 679 67 21 hålles
285 678 24 21 af
323 677 192 29 spräkdualismen.
545 677 92 22 Derföre
653 677 69 21 skulle
734 677 50 29 jag,
798 677 57 21 hvad
870 677 77 28 sjelfva

202 713 58 21 tiden
277 713 34 20 för
326 712 142 28 landtdagens
483 712 152 29 prolongation
650 712 110 27 beträffar,
776 713 75 20 förena
861 713 45 27 mig
916 713 30 20 uti

204 749 35 20 det
259 747 82 28 förslag
361 755 45 13 som
426 747 24 20 af
467 747 237 21 talmanskonferensen
726 747 72 21 blifvit
820 747 128 21 framstäldt.

204 783 43 28 Jag
269 789 63 14 anser
353 781 41 22 den
416 782 25 20 15
461 783 54 26 april
536 781 44 21 lika
600 781 116 28 förmånlig
736 789 46 14 som
802 781 42 21 den
866 783 9 19 1
897 782 51 28 maj.

204 817 125 21 Skillnaden
345 818 24 19 är
384 816 76 21 endast
476 817 81 27 fjorton
573 816 72 29 dagar.

271 851 58 22 Herr
349 851 163 28 Furuhjelm,
529 851 27 21 H.
573 851 37 21 V.:
626 851 42 28 Jag
683 851 87 21 förenar
786 851 44 28 mig
846 851 31 21 uti
892 851 56 21 hvad

203 887 50 21 herr
269 893 41 14 von
326 885 117 22 Bonsdorff
456 886 40 21 och
511 886 87 21 sednast
614 886 49 21 herr
677 893 42 14 von
735 886 70 21 Essen
821 886 79 26 anfört,
915 887 34 20 rö-

203 921 67 22 rande
287 920 157 29 godkännande
464 921 24 20 af
506 921 36 20 det
562 921 81 27 förslag
659 921 237 21 talmanskonferensen
911 927 38 21 ge-

203 963 51 14 nom
273 955 51 22 herr
343 955 198 21 landtmarskalken
562 955 116 21 framställt
697 955 34 21 för
750 955 94 27 ståndet,
861 955 40 21 och
916 955 33 21 får

204 991 103 27 derjemte
323 990 34 20 till
372 989 128 22 bemötande
517 990 24 21 af
553 990 57 21 hvad
625 990 74 28 grefve
716 990 78 21 Creutz
805 989 97 22 deremot
913 997 36 13 an-

203 1025 54 26 fört,
278 1025 53 20 eller
347 1024 137 28 svårigheten
500 1026 31 19 att
546 1025 7 20 i
569 1025 37 20 fall
621 1024 71 22 denna
707 1025 30 20 tid
754 1025 20 28 ej
790 1031 51 14 vore
854 1025 95 20 tillräck-

204 1060 39 27 lig,
263 1060 27 27 gå
310 1059 23 20 in
353 1058 48 21 med
416 1058 92 28 förnyad
523 1059 101 21 anhållan
640 1066 33 13 om
689 1059 140 28 förlängning
844 1059 24 21 af
880 1059 69 20 landt-

204 1094 70 27 dagen
294 1095 58 26 yttra
369 1093 44 21 min
430 1093 65 28 åsigt,
511 1095 31 19 att
558 1094 35 21 det
609 1100 50 14 vore
675 1094 49 21 vida
739 1094 138 28 lämpligare,
893 1100 56 15 eme-

205 1128 42 21 dan
262 1128 36 21 det
313 1127 68 21 måste
397 1135 63 13 anses
474 1127 77 22 lättare
567 1129 33 20 att
614 1128 65 21 vinna
694 1128 61 21 bifall
771 1127 32 22 till
814 1135 27 14 en
853 1128 98 21 bestämd

205 1164 27 19 än
252 1163 33 20 till
306 1169 27 14 en
354 1161 111 22 obestämd
485 1161 101 29 begäran.
617 1162 40 21 Om
677 1163 62 20 klara
757 1162 47 21 skäl
819 1162 130 21 framställas

204 1197 34 20 för
259 1204 26 13 en
301 1196 127 28 ytterligare
443 1197 162 27 prolongation,
620 1199 36 18 vet
668 1197 39 27 jag
723 1197 19 27 ej
759 1197 99 21 hvarföre
875 1203 27 14 en
917 1198 32 19 så-

206 1231 41 21 dan
263 1231 116 20 framdeles
394 1237 60 14 mera
469 1232 27 19 än
512 1239 29 13 nu
557 1231 68 21 skulle
641 1231 73 21 nekas.

274 1297 113 21 Anmältes
403 1297 40 21 och
459 1299 107 27 emottogs
583 1305 26 14 en
625 1298 125 28 deputation
762 1298 47 21 från
820 1298 130 21 bondestån-

205 1332 42 27 det,
259 1332 77 21 anförd
351 1333 22 20 af
386 1332 181 21 häradsdomaren
583 1332 71 22 Johan
669 1329 123 31 Mannsten,
803 1339 45 15 som
864 1333 87 21 tillkän-

204 1367 77 28 nagaf:
304 1367 41 28 1:0)
365 1369 31 19 att
416 1367 86 21 ståndet
521 1367 90 21 beslutit
631 1367 32 21 till
679 1367 135 29 underdänig
829 1367 122 29 ansökning

207 1409 35 13 om
257 1401 142 29 landtdagens
415 1401 138 29 förlängning
569 1402 33 20 till
619 1402 40 21 den
677 1403 9 19 1
703 1402 178 22 nästkommande
896 1403 54 27 maj;

208 1437 42 27 2:0)
265 1438 32 20 att
313 1436 252 30 expeditionsutskottets
581 1436 80 29 förslag
674 1437 33 21 till
717 1437 234 29 tacksägelseadresser
