1028 1703
779 115 41 21 507

97 177 57 28 syfte
169 178 46 20 mot
229 177 57 22 hvad
301 185 47 14 som
364 178 58 22 skett
436 179 8 21 i
459 179 146 29 tidningarne,
621 182 51 19 utan
685 180 40 28 jag
732 180 51 21 ville
791 180 56 22 blott

97 212 56 20 fästa
168 212 221 28 uppmärksamheten
405 214 73 27 derpå,
494 215 31 19 att
536 214 93 21 likasom
640 214 141 29 deltagandet
792 216 56 20 visat

97 246 34 27 sig
146 252 60 14 mera
220 248 71 18 varmt
306 247 40 20 och
357 247 105 27 innerligt
472 248 6 20 i
490 247 91 28 Sverige
592 250 27 18 än
631 248 7 20 i
648 248 116 28 Ryssland,
777 249 23 20 så
808 249 38 20 har

96 279 37 21 det
149 280 65 20 också
228 280 72 21 blifvit
314 280 29 28 på
358 281 53 21 flera
426 283 43 19 sätt
484 281 92 21 erkändt
590 282 60 21 inom
664 282 75 20 landet
755 282 58 21 såväl
825 282 25 21 af

96 313 154 27 publicitetens
266 320 100 22 organer,
382 322 46 14 som
444 316 24 20 af
480 315 100 21 enskilda
594 316 173 27 korporationer,
781 316 66 21 bland

95 349 67 19 annat
178 355 78 21 genom
271 355 27 14 en
314 349 211 28 tacksägelseadress
540 349 49 22 från
600 342 49 29 Åbo
661 350 58 21 stads
736 349 109 27 kommun,

95 381 89 22 hvilken
204 382 74 21 adress
298 390 38 13 var
356 383 64 20 ställd
438 383 33 21 till
492 384 50 20 hela
562 384 92 21 svenska
674 384 76 21 folket.
782 384 65 21 Hvad

95 416 50 21 herr
165 417 157 28 Björkenheim
342 419 77 26 yttrat,
440 420 32 19 att
492 417 36 22 det
548 425 51 14 vore
617 419 118 28 opinionen
749 419 8 20 i
772 418 74 21 landet

95 453 33 18 att
143 451 56 21 blott
214 451 90 28 Sverige
320 451 70 21 skulle
406 451 82 28 tackas,
503 453 20 27 ej
538 452 117 29 Ryssland,
668 453 33 20 får
716 453 37 21 det
768 453 33 20 stå
812 453 34 20 för

96 485 50 21 herr
161 486 167 27 Björkenheims
344 493 56 21 egen
418 487 103 28 räkning;
539 487 41 28 jag
593 487 40 21 har
648 487 20 28 ej
685 487 23 21 så
723 494 57 21 noga
794 487 52 22 reda

94 520 29 28 på
138 520 123 28 opinionen.

163 554 58 22 Herr
235 554 154 22 Edelsköld:
403 554 64 22 Flere
480 555 69 21 talare
564 555 65 21 hafva
640 555 66 21 redan
719 556 125 26 framhållit,

93 591 32 19 att
141 589 42 21 den
197 589 165 28 ifrågavarande
378 589 102 21 adressen
496 590 34 20 till
546 589 100 28 Sveriges
661 590 46 20 folk
722 590 48 20 icke
786 592 23 19 är
820 590 24 21 så

93 624 96 26 affattad,
205 630 45 14 som
267 624 42 21 den
324 624 7 20 i
347 624 108 20 anseende
471 623 34 21 till
520 624 80 21 sakens
615 623 150 22 beskaffenhet
780 624 64 21 bordt

93 665 58 20 vara,
167 665 27 14 en
210 658 56 28 åsigt
280 658 89 21 hvilken
385 658 64 21 äfven
462 658 40 28 jag
516 658 7 21 i
539 658 43 22 allo
596 658 67 21 delar.
685 658 106 22 Deremot
804 659 39 21 har

93 693 103 20 adressen
215 693 32 20 till
268 692 121 28 Rysslands
409 692 46 21 folk
470 693 24 20 af
506 693 80 28 många
600 695 83 18 ansetts
698 693 145 21 tillfredsstäl-

94 727 77 27 Jande
166 722 12 38 ;
191 727 65 21 också
276 727 40 28 jag
337 726 70 21 finner
430 727 125 21 densamma
578 727 69 21 finska
669 727 70 21 folket
758 727 85 29 värdig,

93 761 108 28 hvarföre,
220 761 25 21 då
260 769 45 14 man
324 761 39 21 vill
379 762 34 20 för
426 761 111 22 blifvande
552 761 117 28 ändringar
685 761 159 22 återremittera

93 797 130 20 adresserna
244 797 34 20 till
300 796 254 28 expeditionsutskottet,
576 795 118 28 anledning
717 803 64 20 synes
799 796 46 28 mig

93 831 117 21 förefinnas
226 832 32 19 att
273 830 79 27 erinra,
368 831 32 20 att
415 837 35 14 om
466 830 42 21 ock
522 831 42 20 den
580 830 149 21 förstnämnda
742 830 103 22 adressen

93 865 28 28 på
141 865 60 21 detta
220 866 43 19 sätt
283 864 73 21 kunde
376 864 68 21 blifva
458 864 82 27 bättre,
556 864 42 21 den
613 864 91 21 sednare
719 865 29 27 på
762 871 83 14 samma

93 900 58 28 gång
171 899 72 21 kunde
264 899 82 21 erhålla
366 906 28 13 en
414 899 122 21 försämrad
554 899 90 28 lydelse.
675 898 46 22 Och
741 905 45 15 som
804 900 40 27 jag

92 933 75 22 härvid
186 940 63 15 anser
269 933 70 22 fördel
358 933 41 21 och
417 933 117 28 olägenhet
552 934 101 27 uppväga
667 933 129 26 hvarandra,
811 933 33 22 får

89 969 40 28 jag
143 968 33 21 till
192 968 86 21 ståndet
289 967 111 22 vördsamt
410 967 122 28 hemställa,
543 974 35 15 om
589 967 48 22 icke
648 967 56 22 båda
715 967 129 22 adresserna

92 1003 73 20 kunde
180 1004 52 19 utan
248 1002 73 21 vidare
336 1008 29 14 nu
381 1004 97 25 antagas.

160 1036 58 21 Herr
238 1035 197 29 Björkenheim,
455 1036 38 21 R.:
511 1035 43 28 Jag
568 1035 39 22 vill
622 1035 55 22 blott
693 1035 104 22 anmärka
811 1037 33 19 att

93 1071 51 20 herr
160 1070 122 21 Schauman
293 1071 132 27 protesterat
436 1072 60 19 emot
506 1071 68 27 något
584 1077 46 14 som
641 1070 20 27 ej
673 1069 72 22 blifvit
755 1069 89 28 yttradt.

161 1105 58 20 Herr
234 1111 43 14 von
293 1104 136 21 Schoultz:
444 1103 94 29 Mången
554 1103 50 22 med
617 1103 46 28 mig
677 1104 39 20 har
731 1105 67 20 fästat
811 1104 33 27 sig

92 1139 37 21 vid
147 1139 27 20 de
194 1138 91 21 afmätta
306 1138 118 28 ordalagen
443 1137 7 22 i
466 1138 103 21 adressen
584 1137 33 22 till
633 1138 36 20 det
683 1137 66 28 ryska
767 1137 76 28 folket,

91 1174 70 20 såsom
177 1173 65 21 också
254 1173 40 21 här
308 1172 72 21 blifvit
393 1172 100 21 anmärkt
504 1173 24 20 af
537 1172 93 21 friherre
643 1179 42 14 von
696 1172 148 27 Willebrand;

91 1207 114 21 hvaremot
224 1207 68 21 andra
311 1207 64 20 hafva
391 1207 72 20 funnit
477 1206 41 21 den
534 1206 33 21 till
583 1206 36 21 det
634 1205 94 22 svenska
742 1206 54 21 böra
810 1212 34 15 re-

93 1242 86 27 digeras
197 1241 50 21 vida
270 1247 106 15 varmare.
406 1241 44 20 Det
465 1240 93 21 svenska
572 1240 69 21 folket
656 1240 71 21 kallar
741 1247 36 14 oss
791 1240 53 21 fort-

93 1276 90 21 farande
199 1276 45 20 sine
260 1275 90 22 bröder:
365 1275 56 21 huru
437 1275 70 21 skulle
522 1275 36 20 det
572 1274 40 21 ock
623 1274 48 21 icke
684 1274 66 21 hafva
763 1275 81 20 ömmat

91 1311 34 20 för
146 1310 38 21 vår
205 1309 51 27 nöd;
278 1309 36 21 det
334 1309 66 28 ryska
420 1309 107 26 deremot,
544 1315 46 15 som
609 1309 83 27 knappt
711 1308 84 21 känner
810 1308 33 22 till

93 1351 45 18 oss,
159 1343 63 21 deras
240 1343 48 20 icke
305 1343 178 25 trosförvandter,
499 1343 39 19 har
554 1342 55 21 dock
623 1342 71 27 hjelpt
709 1348 35 13 oss
760 1341 45 20 lika
820 1342 23 21 så

93 1376 112 27 frikostigt
224 1376 40 21 och
284 1376 100 28 hjertligt
405 1382 46 14 som
468 1374 26 22 de
514 1375 24 21 af
556 1376 50 20 herr
626 1374 157 28 Björkenheim
799 1381 44 14 om-

92 1410 95 24 nämnde
202 1409 137 24 Stockholms
354 1408 78 25 bärare
448 1408 36 22 det
500 1408 84 32 gjorde,
614 1407 110 25 Hvarföre
734 1407 71 25 skulle
815 1408 28 28 vi,
