1039 1714
289 193 56 27 3:dje
361 194 28 20 kl.
405 193 48 21 med
469 194 12 20 4
494 194 24 27 ja
534 193 39 21 och
590 194 26 19 10
629 194 41 27 nej,

288 228 59 19 20
369 244 63 9 6»
471 229 35 23 dx
547 244 8 9 Hm
602 228 12 19 2
646 244 8 8 a

287 263 52 18 lstaä
368 279 8 8 >
424 278 8 9 a
468 262 38 25 25
546 278 8 9 »
601 262 12 20 5
645 278 7 8 5

171 294 71 21 Sedan
259 295 11 21 7
286 296 11 26 &
313 295 24 20 af
350 295 152 27 lagutskottets
517 295 140 21 förevarande
667 294 137 21 betänkande
815 294 32 21 sä-

101 328 66 21 lunda
183 328 70 22 blifvit
268 329 127 27 förkastadt,
410 329 84 28 yttrade

170 363 58 21 Herr
247 370 42 14 von
309 363 142 29 Knorring:
472 364 42 27 Jag
529 363 69 21 skulle
613 370 29 13 nu
658 362 88 27 föreslå,
761 364 32 19 att
808 363 12 20 7
836 362 12 27 $

101 398 7 20 i
129 397 79 28 nädiga
227 398 162 28 propositionen
410 398 68 21 skulle
499 398 67 21 blifva
585 397 134 29 proposition
740 398 40 20 och
798 397 50 21 herr

101 438 42 14 von
159 431 70 21 Borns
245 432 83 28 förslag
343 432 218 29 kontraproposition.

169 466 58 21 Herr
247 474 42 14 von
309 466 78 28 Born,
403 466 27 22 K.
446 467 35 21 F.:
502 467 49 21 Den
566 466 90 28 princip,
672 473 47 14 som
734 473 29 14 nu
778 465 71 22 blifvit

102 500 117 27 förkastad,
235 501 43 21 kan
293 501 35 21 väl
344 502 20 27 ej
382 509 66 20 gerna
464 502 55 28 änyo
535 503 107 26 upptagas
658 501 32 20 till
705 500 143 29 proposition.

101 535 43 28 Jag
160 536 37 20 ber
213 537 31 19 att
259 536 22 21 fä
296 535 57 22 fästa
368 536 219 28 uppmärksamheten
602 535 28 29 pä
640 535 42 21 den
695 535 23 20 af
727 535 45 28 mig
782 535 65 21 redan

101 569 123 28 föreslagne
240 570 149 28 uppställning
404 570 24 21 af
440 570 70 21 denna
526 571 18 26 $.

169 605 58 20 Herr
241 604 126 28 Pipping,
382 604 24 21 F.
422 604 28 21 J.:
466 604 58 21 Herr
533 611 42 14 von
587 604 66 27 Born,
664 604 27 20 K.
702 603 32 28 F.,
750 604 98 27 anförde,

101 640 32 19 att
147 646 50 13 man
214 640 19 27 ej
250 645 60 14 mera
325 639 42 20 kan
383 639 53 21 eller
452 639 32 20 får
499 640 75 19 votera
590 645 34 14 om
640 638 11 21 7
668 639 18 26 &,
702 638 70 21 såsom
786 638 60 21 inne-

100 673 101 21 hällande
221 681 27 13 en
268 673 93 28 princip,
382 673 66 21 redan
468 673 110 20 förkastad
597 672 34 21 vid
647 672 142 21 härförinnan
804 672 43 21 för-

101 707 121 28 siggängen
239 707 146 28 omröstning.
415 707 83 21 Genom
519 707 41 21 den
580 707 59 20 förra
659 707 128 28 voteringen
803 709 45 19 tror

99 742 48 27 jag,
169 743 32 19 att
221 741 76 22 endast
314 743 10 21 7
341 743 11 26 $
368 742 5 19 i
390 742 154 28 lagutskottets
564 741 137 21 betänkande
719 741 73 21 blifvit
806 742 43 21 för-

101 776 84 27 kastad,
202 783 48 14 men
267 777 18 27 ej
303 777 42 20 den
361 776 90 29 princip,
468 783 45 14 som
529 777 23 20 är
567 776 84 21 uttalad
665 776 7 21 i
688 777 11 20 7
716 777 10 27 &
738 776 22 21 af
769 777 80 28 nådiga

101 811 170 28 propositionen,
288 812 39 20 och
343 811 91 21 föreslär
447 811 40 28 jag
502 811 93 26 derföre,
606 812 31 19 att
648 811 11 20 7
671 811 11 27 $
692 811 7 20 i
710 811 79 28 nädiga
799 819 49 20 pro-

102 845 123 28 positionen
245 846 119 28 uppställes
385 846 33 20 till
436 845 136 28 proposition
593 845 39 20 och
652 845 52 21 herr
721 852 41 14 von
778 845 71 22 Borns

102 880 82 27 förslag
199 881 54 20 eller
268 881 67 27 nägot
351 881 65 20 annat
430 880 33 21 till
478 879 220 28 kontraproposition.

170 914 57 22 Herr
247 914 153 22 Edelsköld:
421 914 41 28 Jag
483 915 68 20 mäste
569 914 7 21 i
592 913 41 22 allo
649 914 76 22 förena
740 914 45 28 mig
800 915 49 21 med

102 950 50 20 herr
171 956 42 14 von
233 950 68 26 Born,
316 949 27 21 K.
359 950 35 26 F.;
414 949 113 21 skilnaden
543 948 79 22 mellan
638 949 154 27 lagutskottets
807 950 43 20 för-

103 984 46 27 slag
165 984 40 20 och
220 984 40 20 den
282 984 79 27 nädiga
380 984 175 28 propositionens
571 986 23 18 är
609 983 113 29 härvidlag
737 984 73 27 ingen,
826 984 25 21 sä

103 1020 39 19 när
157 1025 45 14 som
219 1018 48 27 den,
283 1020 32 19 att
330 1018 42 21 den
387 1018 79 28 nädiga
480 1018 163 28 propositionen
660 1018 62 28 utgär
732 1018 48 21 frän
790 1018 59 28 prin-

102 1053 63 28 cipen
181 1060 34 14 om
232 1052 229 28 kommunalstyrelser
472 1053 70 21 säsom
553 1052 159 21 innehafvande
723 1053 80 21 värden
814 1060 34 14 om

102 1087 219 29 förmynderskapen,
341 1088 112 20 hvaremot
468 1087 143 27 lagutskottet
626 1087 83 21 lemnar
724 1087 36 21 det
776 1088 22 20 ät
813 1088 36 20 do-

102 1129 85 20 maren;
207 1122 36 20 det
263 1124 24 18 är
307 1121 42 21 den
369 1121 55 22 enda
444 1122 113 20 skilnaden
578 1128 45 14 som
644 1120 124 22 förefinnes.
803 1122 47 21 När

103 1156 84 21 säledes
206 1156 155 28 lagutskottets
380 1156 82 28 förslag
482 1155 72 21 blifvit
571 1155 131 27 förkastadt,
717 1157 37 20 vet
766 1157 40 27 jag
821 1157 28 27 ej,

102 1191 56 20 huru
174 1198 49 13 man
238 1190 55 21 skall
308 1190 73 21 kunna
396 1190 92 22 anställa
503 1190 35 21 tvä
552 1190 160 28 omröstningar
723 1196 35 14 om
769 1197 81 14 samma

104 1225 45 21 sak.
179 1224 42 28 Jag
241 1224 71 21 skulle
331 1224 89 27 föreslä,
436 1226 32 19 att
489 1224 27 21 dä
535 1224 36 21 det
586 1231 29 14 nu
630 1224 20 28 ej
667 1224 56 21 varit
738 1224 62 28 fräga
814 1232 35 14 om

103 1260 68 27 nägra
190 1258 285 28 redaktionsförändringar,
495 1260 51 19 utan
563 1258 77 22 endast
655 1266 34 13 om
704 1258 146 28 principerna,

103 1294 70 20 säsom
184 1293 135 29 proposition
330 1294 69 20 skulle
410 1294 118 27 uppställas
539 1295 32 19 att
581 1293 94 21 nämnda
685 1292 84 28 princip
780 1293 70 21 skulle

103 1328 59 27 utgå,
176 1334 50 14 men
243 1328 10 20 7
271 1328 11 26 8
297 1327 7 21 i
320 1328 78 26 nådiga
413 1328 164 26 propositionen
592 1327 34 21 för
641 1329 73 19 resten
730 1328 92 26 gvarstä.

172 1360 57 21 Herr
248 1367 42 14 von
310 1360 78 27 Born,
408 1360 20 21 J.
444 1361 36 20 A.:
499 1361 34 20 Dä
547 1360 86 21 ständet
648 1367 78 21 genom
742 1360 42 21 den
799 1368 51 21 nyss

103 1395 155 28 försiggängna
275 1395 126 27 voteringen
415 1395 77 26 beslöt,
504 1397 32 18 att
550 1395 19 28 ej
586 1394 115 28 godkänna
714 1394 41 21 den
770 1394 24 21 af
806 1394 44 28 lag-

104 1430 106 21 utskottet
224 1429 123 28 föreslagne
363 1430 11 26 &
390 1431 11 19 7
417 1429 7 21 i
440 1429 31 21 sin
488 1429 80 27 helhet,
584 1435 64 22 synes
659 1429 35 21 det
709 1436 51 14 vara
775 1430 76 27 nödigt
