1031 1706
761 122 42 20 485

82 186 69 21 kallas
167 192 26 14 en
209 186 59 20 källa
282 186 34 20 för
331 186 85 20 landets
432 186 104 26 rikedom,
553 187 31 19 ett
597 186 70 20 vilkor
683 186 33 21 för
732 186 48 21 dess
795 187 36 21 be-

82 220 124 28 boelighet?
222 222 24 19 är
261 220 37 20 det
313 220 47 20 skäl
375 221 32 19 att
422 220 54 20 söka
490 220 110 20 utsträcka
616 220 58 27 dem;
691 220 52 20 böra
758 220 27 21 de
800 221 31 20 bi-

83 254 95 20 behållas
197 254 36 20 vid
251 254 38 20 sitt
304 254 134 20 närvarande
458 254 98 26 omfång;
576 254 53 20 eller
644 254 55 20 skall
715 261 49 13 man
779 254 52 20 kan-

82 287 38 20 ske
141 294 52 14 vara
212 288 121 20 föranlåten
355 289 32 19 att
407 288 85 20 minska
512 287 134 21 detsamma?
662 287 40 21 och
718 288 113 28 slutligen,

82 321 55 21 huru
153 321 53 21 böra
221 321 26 21 de
263 321 83 26 vårdas,
363 322 23 20 så
402 321 26 21 de
443 322 85 27 privata
543 328 45 14 som
603 321 184 28 kronoskogarne,
799 322 33 20 för

82 356 31 20 att
133 355 74 21 kunna
227 355 73 21 lemna
316 355 74 21 landet
405 355 39 21 och
460 355 42 21 den
518 356 93 20 enskilta
626 355 42 21 den
684 357 80 19 största
779 356 53 27 möj-

82 390 44 27 liga
145 391 62 26 nytta
227 390 39 20 och
282 390 71 20 vinst?
383 390 43 27 Jag
441 392 24 18 är
479 390 47 20 icke
542 396 44 21 nog
600 390 119 26 förmäten,
734 392 32 18 att
781 391 52 27 vilja

82 424 68 21 inläta
169 424 45 27 mig
234 424 31 20 uti
281 424 138 21 besvarande
439 424 24 20 af
479 425 63 20 dessa
556 424 181 22 vidtomfattande
753 424 80 28 frågor,

80 458 39 28 jag
139 458 82 20 tillåter
240 458 45 28 mig
301 458 76 21 endast
397 458 39 21 här
457 465 27 14 en
504 458 72 28 hastig
597 458 58 21 blick
670 459 29 27 på
714 459 47 20 vårt
777 458 56 22 folks

82 492 145 21 urhistoriska
246 492 136 28 utveckling,
403 494 56 19 samt
481 492 85 21 landets
586 492 63 22 deraf
669 492 96 28 följande
789 500 44 14 om-

83 526 105 28 bildning.

151 560 44 22 Det
210 561 61 21 torde
287 562 20 26 ej
324 568 51 14 vara
390 561 75 21 tvifvel
481 561 162 27 underkastadt,
657 563 32 19 att
700 562 26 28 ju
741 562 94 21 Finland

82 596 7 20 i
105 595 71 21 äldsta
191 595 56 21 tider
262 602 38 14 var
315 596 50 20 vida
379 595 73 21 rikare
466 596 28 28 på
509 596 55 28 skog
580 597 26 19 än
622 602 37 20 nu,
675 608 24 4 —
717 598 32 19 att
764 596 37 21 det
811 597 23 20 så

83 630 33 20 till
132 630 95 28 sägande
243 630 76 21 bestod
333 630 24 21 af
369 634 73 18 vatten
458 630 40 21 och
514 630 63 28 skog;
593 630 37 21 det
645 632 24 19 är
679 630 50 22 med
739 630 95 29 tillhjelp

83 664 24 21 af
126 664 62 21 elden
209 664 40 21 och
269 671 68 21 yxan,
358 671 46 14 som
424 664 36 21 det
476 664 68 21 första
556 664 131 28 jordbruket
701 664 84 22 banade
801 665 34 28 sig

83 698 122 22 mödosamt
219 698 63 27 fram,
298 698 146 21 förskaffande
460 699 72 21 solens
548 698 151 28 upptorkande
715 699 78 21 strålar
807 706 26 14 en

84 734 41 27 väg
146 733 33 21 till
199 732 40 22 den
260 733 59 21 förut
339 732 95 22 derifrån
450 734 24 20 så
489 733 52 28 godt
556 740 46 14 som
618 733 115 28 afstängda
745 734 89 27 jorden:

84 768 59 20 elden
163 767 40 21 och
221 775 60 21 yxan
300 767 64 21 hafva
382 767 65 21 också
463 767 106 21 förblifvit
584 768 85 20 finnens
684 768 87 20 käraste
786 768 48 20 red-

84 802 60 28 skap.
174 801 43 28 Jag
237 802 70 20 skulle
321 803 44 25 tro,
380 803 33 19 att
428 803 80 19 största
523 802 63 20 delen
602 802 24 21 af
639 802 38 20 vår
693 808 29 15 nu
737 802 97 21 fruktbä-

83 836 68 21 rande
168 836 51 27 jord
237 836 39 20 har
291 836 72 20 blifvit
377 837 111 26 upptagen
504 836 92 20 medelst
611 836 125 28 svedjande,
751 838 32 19 att
798 836 37 21 det

84 872 24 18 är
128 870 50 21 med
198 870 63 20 dessa
279 870 71 20 medel
369 876 46 14 som
431 870 80 20 folkets
526 870 96 28 förfäder
638 870 100 21 alltmera
753 871 81 20 undan-

85 906 74 26 trängt
180 904 145 28 vildmarken;
347 906 55 19 samt
417 904 69 28 bägge
502 906 58 19 ännu
576 904 6 20 i
598 904 42 28 dag
656 906 37 19 äro
709 904 66 21 oftast
790 905 45 28 plo-

84 946 55 20 gens
157 938 137 28 nödvändiga
309 938 151 28 föregångare.
492 939 41 20 Om
549 939 21 20 vi
586 938 42 21 ock
643 938 49 21 med
708 939 89 21 ledsnad
813 946 22 14 se

84 973 80 27 många
184 972 119 28 bedröfliga
319 973 49 27 spår
384 973 24 20 af
422 972 70 27 detta,
508 973 36 20 det
559 972 178 22 rudimartäraste
753 973 82 28 uppod-

84 1008 109 26 lingssätt,
209 1007 30 20 uti
255 1006 26 21 de
297 1006 129 28 uppbrända
441 1007 73 26 heder,
525 1006 39 21 der
574 1006 124 21 nuförtiden
710 1007 55 21 intet
776 1014 60 14 mera

85 1048 76 20 vexer;
182 1048 34 13 om
237 1041 107 27 derjemte
362 1041 167 27 tjärubränning
548 1041 40 20 och
604 1041 67 21 andra
686 1041 150 28 skogsödande

85 1075 142 28 näringsfång
243 1075 7 20 i
265 1075 33 20 sin
314 1075 50 21 mån
379 1075 95 28 bidragit
490 1077 31 19 att
535 1075 68 28 skapa
616 1075 63 21 dessa
689 1075 50 21 kala
749 1076 50 21 fält:
809 1089 26 3 —

85 1110 24 20 så
129 1109 67 21 låtom
217 1116 34 13 oss
272 1109 56 21 dock
347 1109 20 28 ej
388 1109 34 21 för
442 1110 85 27 strängt
546 1109 92 21 bedöma
659 1109 36 21 det
715 1110 56 27 folk,
791 1117 44 14 som

86 1144 89 27 kämpat
193 1146 47 19 mot
255 1143 43 21 nöd
314 1143 39 21 och
369 1143 65 27 frost,
450 1151 45 14 som
510 1144 90 28 kämpat
615 1144 34 21 för
664 1151 35 14 oss
715 1145 47 20 sina
777 1145 59 27 lyck-

85 1179 69 26 ligare
173 1178 196 21 efterkommande!
401 1178 46 21 Och
466 1179 38 20 der
520 1179 71 20 denna
607 1179 133 20 elementära
755 1179 82 28 uppod-

85 1213 146 27 lingsprocess
251 1214 59 19 ännu
330 1211 108 28 försiggår
456 1213 40 20 och
515 1214 23 19 är
554 1213 23 20 af
590 1213 82 26 nöden,
687 1213 76 20 främst
778 1213 7 20 i
801 1213 36 21 det

85 1247 48 20 inre
148 1247 24 20 af
185 1247 80 26 landet,
279 1258 24 5 —
318 1248 72 26 tagom
407 1247 20 27 ej
444 1247 36 21 det
495 1247 70 21 vanda
580 1247 117 28 redskapet
713 1254 25 14 ur
753 1247 83 28 nubyg-

86 1287 79 22 garens
185 1281 67 27 hand;
273 1281 77 20 endast
364 1281 68 20 låtom
448 1288 34 13 oss
498 1281 67 27 tillse,
581 1283 31 19 att
628 1281 42 20 han
687 1281 36 21 det
738 1282 20 27 ej
775 1282 61 20 miss-

86 1315 87 21 brukar.
203 1315 51 21 Icke
274 1315 43 21 kan
337 1322 49 13 man
407 1315 83 28 hoppas
510 1317 41 25 att,
570 1317 58 19 ännu
643 1316 28 27 på
686 1316 75 27 länge,
777 1316 21 21 få
814 1322 22 14 se

86 1349 68 27 några
170 1349 125 27 synnerliga
310 1348 134 21 förbättrade
460 1349 92 27 redskap
568 1349 85 20 införda
668 1349 7 20 i
690 1349 87 27 Kajana
788 1350 49 19 öde-

86 1383 97 27 marker;
204 1390 50 13 men
275 1383 155 27 svedjeplogen
450 1385 36 18 rör
504 1383 34 28 sig
552 1383 38 20 der
606 1383 39 20 och
661 1383 24 20 af
698 1383 86 28 väldiga
799 1390 38 20 yx-

87 1418 61 27 hugg
162 1417 114 29 genljuder
291 1417 42 22 den
349 1417 59 21 förut
423 1417 23 22 så
462 1418 83 27 ödsliga
560 1417 89 28 skogen.
