1014 1709
221 130 40 23 578

193 197 102 21 stämmer
318 197 49 20 med
390 203 67 14 sanna
479 196 154 26 förhållandet,
655 196 28 20 då
702 195 184 28 skogsprodukter
907 195 33 22 till

193 231 82 28 ganska
301 232 54 19 stort
377 230 79 28 belopp
480 232 57 20 ännu
560 230 117 28 utskeppas
700 230 48 21 från
772 237 82 14 samma
876 232 65 18 orter.

193 265 83 29 Sjelfva
291 264 195 29 minimiprisernas
502 264 159 29 nödvändighet
676 264 71 28 ligger
762 264 53 27 deri,
831 266 31 18 att
878 264 63 20 forst-

193 299 140 29 personalen,
354 306 45 14 som
416 299 68 28 enligt
499 299 130 21 instruktion
646 299 55 21 skall
716 299 91 28 utbjuda
822 298 71 21 virket
908 299 33 20 till

193 335 79 26 afsalu,
293 334 117 28 omöjligen
431 333 43 22 kan
493 334 118 28 berättigas
631 335 32 20 att
681 335 80 26 antaga
776 334 53 21 eller
844 333 98 21 förkasta

193 369 110 26 anbuden,
323 370 52 19 utan
391 369 68 21 måste
474 368 99 29 priserna
587 375 52 14 vara
654 368 113 22 bestämda
782 369 68 26 förut,
866 370 23 27 ty
904 375 37 14 an-

193 411 49 14 nars
262 403 73 22 kunde
355 403 114 28 verkligen
488 403 117 29 godtycket
622 403 66 21 vinna
702 410 54 14 rum.
787 403 71 21 Alltså
872 403 69 21 måste

193 439 100 27 priserna
308 438 24 21 af
345 445 26 14 en
387 438 125 27 auktoritet,
528 445 46 14 som
590 439 53 27 äger
658 439 32 20 att
703 437 101 22 häröfver
814 438 128 26 bestämma,

193 474 98 19 utsättas.
322 472 29 21 Så
369 472 39 21 har
428 472 68 27 skett,
516 473 40 20 och
576 479 34 14 om
630 472 63 21 desse
708 472 155 29 minimipriser
878 472 65 21 hafva

193 507 55 21 varit
258 507 34 21 för
303 507 63 27 höga,
381 507 99 21 kommer
490 507 117 21 framtiden
618 509 32 18 att
661 507 77 21 utvisa.
759 507 42 28 Jag
813 509 45 19 tror
870 507 36 21 det
915 508 27 27 ej.

192 541 27 28 Ej
235 541 70 21 heller
320 542 46 20 tror
379 541 45 28 jag,
440 543 31 20 att
486 547 35 15 om
533 541 26 22 de
570 541 56 22 varit
638 541 66 28 lägre,
716 547 46 15 mer
774 541 86 22 stockar
872 541 69 21 skulle

192 576 65 21 hafva
277 576 71 21 blifvit
368 576 72 28 köpta.
470 575 93 22 Komma
583 576 21 21 vi
623 577 85 27 engång
727 583 25 14 ur
768 576 71 21 denna
854 576 88 21 fruktan

193 610 34 21 för
241 610 50 29 krig
301 610 41 21 och
353 610 41 21 den
405 610 113 27 inverkan,
534 611 41 21 den
586 610 86 22 utöfvar
682 611 28 28 på
720 611 188 26 handelsverlden,
919 611 24 20 så

192 645 62 22 torde
273 645 99 39 priserna
389 645 88 22 komma
492 647 32 18 att
538 645 108 34 betydligt
661 645 117 28 öfverstiga
794 645 63 21 dessa
872 645 70 21 såkal-

193 680 48 21 lade
261 679 162 28 minimipriser.
453 674 66 27 Ännu
538 681 51 20 ville
607 680 39 28 jag
661 681 50 20 med
726 680 102 21 afseende
842 681 28 27 på
886 680 57 21 hvad

193 715 50 22 herr
258 715 127 28 Lagerborg
400 715 86 28 yttrade
502 722 33 14 om
551 715 165 28 skogsvidden
709 710 12 38 i
734 715 91 28 Sverige
841 715 40 21 och
892 714 51 22 Fin-

193 749 50 22 land
263 749 113 26 anmärka,
396 751 32 19 att
446 749 21 21 vi
486 749 20 28 ej
521 750 53 21 böra
588 749 59 22 hålla
662 756 35 14 oss
713 749 33 21 till
762 749 77 27 siffror,
855 751 23 26 ty
894 748 48 23 dem

193 785 74 20 kunna
286 784 28 27 vi,
335 784 7 20 i
362 783 60 21 detta
441 783 49 28 fall,
510 783 119 29 ingendera
648 784 89 27 positivt
757 784 114 28 uppställa.
904 783 39 22 Ett

194 818 69 22 skulle
281 819 39 27 jag
340 819 58 20 ännu
418 819 53 27 vilja
491 819 121 26 framhälla,
627 818 110 28 nemligen
752 820 32 19 att
800 825 34 14 om
850 819 94 20 svenska

194 854 70 21 staten
284 852 56 22 hade
360 859 26 14 en
402 852 23 21 sä
440 853 62 28 ringa
518 853 122 28 skogsvidd,
656 853 24 21 sä
694 861 52 14 vore
762 853 38 21 det
814 854 32 20 ett
860 853 85 28 ganska

195 888 104 28 olyckligt
320 887 142 22 förhällande.
498 887 66 22 Detta
588 888 108 21 erkännes
719 888 75 27 äfven,
817 887 27 22 dä
865 895 51 14 man
936 888 7 20 i

193 923 90 27 Sverige
303 922 34 21 för
357 923 83 20 statens
459 922 93 28 räkning
572 922 64 21 söker
656 924 32 19 att
707 922 110 21 förvärfva
836 922 34 28 sig
883 929 61 14 mera

193 957 61 28 skog.
282 956 46 21 Det
345 956 39 21 har
400 956 64 21 ocksä
479 957 66 21 redan
560 957 71 21 blifvit
646 957 7 20 i
668 956 99 29 Europas
783 957 70 28 öfriga
868 957 76 21 länder

195 991 99 27 erkändt,
313 992 32 19 att
359 993 31 18 ett
404 991 54 20 visst
472 991 135 22 förhällande
623 992 80 20 mellan
718 991 43 21 den
776 991 169 28 skogsbevuxna

195 1027 40 21 och
249 1026 101 28 skoglösa
366 1025 86 21 arealen
468 1026 8 20 i
491 1027 32 20 ett
538 1026 51 21 land
603 1026 69 21 måste
688 1027 41 26 äga
744 1033 54 14 rum.
826 1025 47 21 Ocki
911 1027 33 20 sä-

194 1061 52 20 dant
261 1059 101 22 afseende
378 1060 63 21 utber
454 1061 40 27 jag
508 1061 45 28 mig
568 1062 32 19 att
614 1060 22 21 fä
651 1061 76 20 anföra
742 1061 68 27 nägra
825 1060 57 27 data,
897 1067 47 14 som

194 1095 45 20 visa
259 1096 32 19 att
311 1101 51 14 man
382 1094 64 21 äfven
466 1094 31 21 uti
517 1094 109 28 sydligare
646 1095 75 20 länder
741 1094 77 27 insett,
838 1096 33 19 att
890 1095 55 28 skog

195 1129 68 20 mäste
281 1128 34 21 till
333 1128 97 28 betydlig
448 1128 35 21 del
502 1128 76 21 finnas.
607 1128 108 22 Preussen
731 1129 39 20 har
784 1129 49 21 utaf
845 1129 51 20 hela
911 1129 33 20 sin

195 1163 58 21 areal
273 1163 49 27 262
340 1162 88 21 betäckt
446 1162 24 21 af
486 1162 63 29 skog,
570 1162 41 21 och
631 1169 34 14 om
684 1163 42 21 den
742 1163 20 28 ej
778 1163 38 21 här
832 1165 24 19 är
871 1163 23 21 sä
909 1164 35 20 väl

195 1197 81 26 sluten,
297 1203 47 14 som
364 1197 31 20 uti
415 1197 27 21 de
458 1197 69 27 öfriga
542 1197 113 26 länderne,
674 1197 24 21 sä
713 1199 24 19 är
752 1197 36 21 det
803 1198 95 26 derföre,
913 1199 32 19 att

195 1231 227 28 skogsförvaltningen
442 1231 20 28 ej
483 1232 57 20 ännu
560 1232 44 21 stär
624 1231 28 27 pä
667 1231 41 22 den
723 1232 79 27 punkt,
821 1233 33 20 att
868 1232 77 20 sädant

196 1266 83 21 kunnat
301 1265 166 21 åstadkommas.
501 1265 34 21 De
555 1265 104 28 sydtyska
678 1267 96 20 staterne
793 1266 65 21 hafva
878 1266 67 21 redan

197 1300 75 27 33,30
265 1295 12 36 &
291 1299 25 21 af
334 1299 33 20 sin
386 1301 38 26 yta
442 1299 88 21 betäckt
553 1300 50 20 med
622 1299 60 28 skog.
715 1300 33 21 De
769 1299 45 22 öfre
835 1300 110 22 sachsiske

197 1335 94 20 staterne
305 1335 41 28 331
352 1335 20 26 9,
386 1334 26 21 de
426 1333 188 22 neder-sachsiske
625 1334 75 21 endast
712 1335 51 28 129,
774 1334 171 23 Rhen-staterna

196 1369 65 21 hafva
279 1369 53 28 209.
361 1368 47 21 Allt
428 1369 58 21 detta
504 1369 70 27 gifver
590 1376 34 14 oss
640 1369 117 29 anledning
772 1371 32 20 att
819 1370 73 22 fordra
909 1370 37 22 det

196 1403 103 28 Finland,
321 1403 71 22 säsom
409 1403 41 29 jag
468 1403 67 22 redan
554 1403 142 22 härförinnan
711 1405 50 21 sökt
775 1405 56 28 visa,
850 1405 39 22 bör
904 1406 42 28 äga

197 1446 60 15 mera
276 1439 55 29 skog
350 1440 28 21 än
398 1438 36 22 det
454 1446 30 15 nu
502 1438 39 23 har
546 1434 14 40 i
579 1439 135 23 förhållande
729 1440 33 22 till
778 1440 33 22 sin
826 1442 44 27 yta.
900 1440 45 24 När
