1006 1714
742 120 39 24 757

225 186 7 23 i
248 187 57 29 3:dje
319 184 30 25 kl.
365 184 49 25 med
429 186 26 23 37
466 187 28 30 ja
509 185 39 24 och
564 187 27 22 20
605 187 42 29 nej,

223 239 10 10 >
249 222 92 27 204
333 218 18 36 4
384 238 9 12 s»
432 223 200 27 2;
522 218 18 36 s
564 218 24 36 H
612 218 24 36 5

223 257 80 27 niistä
336 273 4 10 »
385 273 10 11 »
433 257 57 27 dn
527 272 9 12 »
581 256 52 27 7»

134 290 45 21 Och
203 298 46 14 som
272 290 49 25 med
343 290 154 22 föranledande
519 291 23 21 af
565 291 127 27 voteringen
719 291 91 21 friherre

66 324 112 22 Walleens
196 325 82 29 förslag
293 325 58 28 förty
365 325 95 27 antagits
475 326 32 20 till
521 325 220 28 kontraproposition,
752 326 59 20 ställ-

66 360 38 20 des
122 359 24 22 af
161 360 50 20 herr
226 360 211 21 landtmarskalkens
454 360 33 20 till
502 359 97 22 ständets
616 360 131 21 besvarande
762 367 48 21 pro-

66 394 134 28 positionen:

135 447 8 9 »
147 429 47 21 Vill
215 428 150 29 ridderskapet
383 429 40 21 och
442 428 63 22 adeln
525 428 115 29 godkänna
660 428 41 22 den
721 429 23 21 af
762 429 49 21 herr

65 463 135 29 Furuhjelm,
213 463 27 21 H.
256 464 35 26 V.,
306 463 124 29 föreslagna
445 464 112 20 redaktion
568 463 24 21 af
600 464 13 20 4
623 470 91 14 numera
724 464 13 20 3
748 470 63 14 mom.

66 499 7 20 i
88 499 12 20 9
112 499 18 27 8,
141 498 92 28 lydande
248 498 100 21 sålunda:
365 498 137 27 ,Adelsman,
515 498 88 21 hvilken
619 498 47 21 icke
682 498 130 28 underlyder

67 533 56 21 finsk
138 533 80 21 allmän
233 533 36 28 lag
284 532 41 22 och
340 533 20 28 ej
377 534 24 19 är
416 533 7 20 i
438 532 93 22 Finland
546 532 177 22 skattskrifven.*

133 568 50 21 Den
203 574 46 14 som
263 568 44 21 vill
326 567 116 28 godkänna
460 567 89 22 berörde
563 567 114 22 redaktion
692 575 73 14 svarar
778 568 33 28 ja;

67 602 41 21 den
124 602 36 21 det
174 601 49 22 icke
237 602 38 21 vill
291 609 72 14 svarar
378 603 43 27 nej.

134 637 84 21 Vinner
233 637 36 28 nej
285 639 90 26 antages
391 637 92 21 friherre
499 637 112 21 Walleens
627 637 81 28 förslag
720 637 92 28 lydande

68 672 98 21 sålunda:
188 671 138 28 ,Adelsman,
346 679 46 14 som
413 672 93 29 upphört
526 673 31 20 att
577 679 51 14 vara
643 672 56 21 finsk
714 671 98 22 medbor-

67 714 51 22 gare
134 707 59 27 eller,
209 706 68 21 ehuru
292 707 56 20 finsk
363 707 148 28 medborgare,
527 707 47 20 icke
589 709 23 18 är
623 707 7 20 i
640 707 94 21 Finland
744 707 67 21 skatt-

68 742 114 21 skrifven.*

134 776 79 22 Denna
230 775 136 30 proposition
381 775 129 23 besvarades
526 776 55 22 efter
594 776 82 29 jemväl
691 776 120 29 försiggän-

66 818 43 22 gen
124 812 99 28 votering

230 846 8 21 i
253 846 57 28 3:dje
326 845 29 22 kl.
371 846 49 21 med
435 847 27 20 38
472 847 29 28 ja
516 846 40 21 och
571 847 25 20 21
613 847 41 28 nej,

231 897 10 12 »
257 881 88 27 2dra
341 877 19 37 n»
389 897 10 11 »
437 882 59 27 177»
530 897 9 11 4»
584 883 12 20 5
626 897 10 12 x

231 932 10 11 a
258 917 87 26 lstä
340 913 21 34 9»
390 932 9 11 »
436 917 25 20 12
491 933 9 10 2»
530 933 10 10 x»
571 917 26 20 10
626 932 10 11 ,

68 950 130 22 kommande
213 951 64 20 alltså
291 951 13 20 4
319 951 54 20 eller
387 951 116 28 rätteligen
525 953 6 19 3
547 958 63 14 mom.
626 951 8 20 i
650 952 11 20 9
677 950 9 29 8
699 949 24 23 af
730 950 82 23 riddar-

67 985 163 28 husordningen
250 987 31 20 att
296 985 7 21 i
319 985 98 28 enlighet
436 986 48 21 med
504 986 50 21 herr
568 986 139 28 Furuhjelms
722 986 90 21 förestä-

68 1021 54 21 ende
138 1020 81 28 förslag
233 1020 118 28 redigeras.

135 1054 58 22 Herr
213 1062 42 14 von
270 1056 79 27 Born,
369 1054 27 22 K.
412 1054 36 28 F.,
467 1055 95 29 begärde
583 1055 61 22 ordet
663 1055 39 22 och
717 1056 95 28 yttrade:

67 1089 44 29 Jag
131 1089 96 22 anhäller
247 1092 32 19 att
298 1090 23 20 f&
339 1096 113 15 reservera
466 1090 44 28 mig
526 1092 57 19 emot
598 1090 159 28 ridderskapets
773 1091 40 21 och

67 1124 76 21 adelns
162 1130 30 15 nu
212 1124 82 21 fattade
309 1124 78 27 beslut,
403 1125 68 20 säsom
489 1124 68 29 enligt
570 1124 56 21 hvad
639 1125 39 28 jag
693 1125 58 21 förut
765 1124 48 22 haft

68 1160 52 20 äran
135 1158 82 27 anföra,
228 1158 109 22 stridände
353 1160 45 20 mot
413 1158 96 22 ständets
524 1160 24 20 af
560 1159 92 21 monark
667 1160 39 20 och
721 1159 46 21 folk
777 1160 36 20 be-

68 1200 79 14 svurna
161 1193 132 28 privilegier.

136 1228 11 20 I
162 1228 71 20 denna
248 1227 134 22 reservation
397 1227 116 22 instämde:
533 1228 115 28 grefvarne
664 1228 100 27 Armfelt,
780 1228 33 27 G.,

70 1262 39 20 och
125 1261 102 27 Aminoff,
241 1262 131 22 friherrarne
386 1262 88 27 Munck,
484 1270 42 13 von
540 1262 66 26 Troil,
617 1269 42 14 von
669 1262 144 27 Willebrand,

69 1295 100 22 Walleen
185 1296 39 21 och
239 1296 102 29 Ramsay,
353 1299 55 18 samt
423 1297 102 21 herrarne
541 1297 75 28 Späre,
626 1297 44 27 W.,
680 1296 133 29 Klingstedt,

70 1329 145 28 Gripenberg,
235 1331 21 20 J.
276 1330 25 21 F.
321 1331 29 25 8.,
371 1331 145 27 Gripenberg,
535 1332 34 25 A.,
588 1331 133 26 Ehrnrooth,
738 1330 24 21 G.
778 1331 34 25 R.,

68 1362 172 30 Tavaststjerna,
260 1364 165 28 Bergensträle,
443 1364 175 28 Munsterhjelm,
634 1364 137 28 Furuhjelm,
787 1364 24 20 O.

68 1397 44 29 W.,
126 1405 43 15 von
185 1398 107 29 Schoultz,
307 1398 94 22 Etholön
417 1399 39 21 och
471 1398 117 22 Nordman.
