1031 1723
223 135 42 21 934

195 200 77 22 hittills
287 200 100 28 gällande
404 200 132 28 stadganden
548 208 33 14 om
592 199 229 29 förmyndarevården;
836 199 39 21 och
886 199 56 22 hvad

196 242 46 14 som
258 235 47 21 icke
321 235 71 21 blifvit
412 235 116 28 föreslaget
543 238 31 18 att
588 235 85 27 ändras,
689 236 23 20 är
727 235 35 21 väl
777 235 118 28 meningen
910 235 32 20 att

195 270 54 21 skall
265 269 101 22 förblifva
381 270 145 21 oförändradt.
553 270 121 22 Ständerna
690 271 41 27 äga
746 270 84 21 derföre
842 270 19 27 ej
873 270 69 20 heller

195 306 32 19 att
241 305 53 28 ingå
307 305 8 21 i
329 305 134 21 bedömande
478 305 23 21 af
510 307 64 19 annat
585 306 27 20 än
623 305 56 21 hvad
689 304 28 21 H.
728 304 63 29 Maj:t
803 306 138 27 proponerat.

262 339 58 22 Herr
335 346 42 15 von
392 340 79 27 Born,
487 340 20 21 J.
523 341 36 20 A.:
575 340 10 21 I
600 340 226 21 öfverensstämmelse
842 339 49 21 med
905 339 37 21 det

195 374 99 28 yttrande
307 375 40 27 jag
361 374 67 22 redan
443 375 68 21 under
526 375 40 21 den
578 374 131 28 föregående
720 375 151 22 diskussionen
881 374 8 20 i
899 374 42 21 frå-

195 416 42 21 gan
253 409 66 28 afgaf,
334 416 63 14 anser
410 410 39 27 jag
464 410 79 21 vården
560 416 33 15 om
604 410 179 28 förmynderskap
796 410 52 20 böra
857 410 29 28 på
895 410 47 20 lan-

195 445 36 20 det
251 445 121 20 tillkomma
392 444 232 28 kommunalstyrelsen
645 445 39 20 och
705 445 6 20 i
732 445 101 21 städerna
851 452 26 14 en
897 447 44 18 sär-

195 479 56 22 skild
266 480 122 21 institution
404 479 68 22 under
487 487 64 14 namn
566 480 22 21 af
597 479 228 28 förmyndarenämnd;
841 479 36 22 vid
887 480 54 21 hvil-

197 514 36 21 ket
249 514 141 27 förhållande,
407 515 39 20 och
462 514 27 21 då
504 515 175 28 uppställningen
691 515 20 21 af
724 515 11 27 $
747 516 9 19 1
769 515 32 20 uti
811 515 41 20 den
863 515 79 27 nådiga

195 549 165 28 propositionen
375 549 39 21 har
434 550 35 20 det
488 549 108 22 företräde
616 549 91 22 framför
726 557 81 14 samma
823 550 11 27 $
849 549 7 21 i
871 550 70 27 lagut-

197 584 91 21 skottets
299 584 143 27 betänkande,
452 585 31 20 att
493 584 75 21 främst
577 585 7 20 i
592 592 33 20 $:n
636 584 66 21 redan
713 585 92 27 antydes
815 584 40 21 den
865 585 76 28 grund,

196 620 81 27 hvarpä
293 619 35 20 det
343 619 69 27 öfriga
428 621 24 19 är
466 619 74 28 bygdt,
554 620 39 27 jag
608 619 109 22 vördsamt
728 619 90 22 föreslär
829 621 31 20 att
871 619 71 21 denna

196 655 11 27 &
223 654 68 21 måtte
305 653 111 28 redigeras
432 653 98 22 sålunda:

264 705 9 11 »
275 689 44 21 Vid
333 689 124 20 vårdnaden
473 689 59 20 öfver
547 688 179 29 förmynderskap
741 689 55 21 skall
807 689 91 22 domstol
911 689 31 21 bi-

196 723 72 22 trädas
288 725 12 20 &
315 723 75 21 landet
405 724 23 20 af
442 724 225 27 kommunalstyrelse,
683 725 60 26 eller,
759 724 38 21 der
811 724 66 21 sådan
893 724 48 21 icke

199 759 67 21 finnes
282 759 104 26 inrättad,
402 759 24 20 af
438 759 55 28 gode
509 761 57 25 män,
581 759 90 20 utsedde
686 759 59 21 inom
760 759 75 28 hvarje
851 759 91 21 försam-

195 794 46 27 ling
257 794 70 21 såsom
346 800 27 14 en
389 793 117 22 bestående
521 794 130 27 institution,
663 795 54 20 samt
733 795 7 20 i
755 794 48 21 stad
817 794 24 21 af
855 801 25 14 en
897 795 44 20 sär-

195 828 66 21 skildt
281 829 34 20 för
330 828 122 21 ändamålet
467 828 48 22 vald
531 828 225 28 förmyndarenämnd.
786 829 42 20 Till
843 828 99 22 kommu-

195 864 144 28 nalstyrelsen
356 864 53 20 eller
424 864 247 28 förmyndarenämnden
687 864 82 28 afgifve
781 864 162 29 presterskapet

195 899 34 21 för
248 898 76 29 hvarje
343 898 56 21 halft
419 898 29 27 är,
468 899 59 21 inom
548 906 27 14 en
593 898 78 22 mänad
686 898 102 28 derefter,
803 899 139 28 förteckning

197 934 59 22 öfver
277 934 78 21 aflidne
375 940 104 22 personer
499 933 58 22 inom
578 934 167 28 församlingen,
764 934 82 27 hvilka,
862 934 38 21 der
916 934 25 22 de

195 969 80 21 aflidne
296 968 130 22 efterlemna
445 968 115 29 omyndige
581 969 63 26 barn,
662 968 61 22 skola
738 969 109 21 innehälla
859 969 83 28 jemväl

196 1004 87 28 uppgift
303 1004 12 20 &
335 1003 73 21 desses
424 1010 66 14 namn
505 1003 39 21 och
560 1003 113 21 födelseär.
703 1003 240 29 Kommunalstyrelsen

196 1039 53 21 eller
264 1038 247 28 förmyndarcnämnden
526 1038 39 21 hör
581 1040 76 26 genast
672 1039 95 28 granska
776 1038 166 29 förteckningen

197 1075 55 19 samt
271 1068 48 26 icke
340 1073 92 21 allenast
452 1074 66 26 tillse,
534 1075 31 19 att
580 1073 116 29 omyndige
716 1074 39 20 och
776 1073 61 22 deras
853 1074 53 28 gods
922 1074 20 28 ej

196 1109 35 20 mä
251 1108 68 21 sakna
334 1108 66 27 nödig
420 1108 62 26 värd,
498 1090 52 38 utan
566 1108 49 26 ock,
631 1108 50 20 med
695 1108 140 28 iakttagande
851 1108 23 21 af
886 1108 57 21 hvad

197 1144 28 19 20
239 1143 49 28 kap.
303 1136 26 27 Ä.
346 1142 25 21 B.
388 1142 94 28 stadgar,
502 1142 38 21 hos
560 1144 71 19 rätten
651 1142 80 22 föreslå
750 1142 137 28 förmyndare
903 1142 39 22 och

197 1177 44 21 låta
256 1177 40 21 den
313 1176 123 28 föreslagna
452 1177 32 20 dit
498 1176 98 30 inkalla.*

264 1212 58 21 Herr
344 1218 42 15 von
408 1211 200 28 Weissenberg:
633 1211 49 21 Den
707 1211 119 21 förnämsta
848 1210 94 28 bristen,

197 1253 46 14 som
261 1247 50 20 herr
325 1253 43 14 von
383 1246 118 21 Bonsdorff
514 1246 109 27 anmärkt,
644 1246 52 21 eller
711 1248 32 18 att
759 1246 36 21 det
810 1247 19 26 ej
847 1248 22 19 är
886 1246 56 21 stad-

197 1280 57 28 gadt,
269 1280 56 21 huru
340 1280 138 27 förmyndare
494 1280 54 21 skall
564 1280 148 21 tillförordnas
729 1286 34 15 om
779 1280 95 21 ohördan
890 1280 54 20 eller

196 1314 55 27 icke,
267 1316 24 19 är
305 1314 123 27 undanröjd
443 1314 7 20 i
466 1314 42 20 den
522 1314 79 27 nådiga
616 1314 170 28 propositionen,
801 1314 38 21 der
855 1314 36 21 det
905 1314 38 20 he-

197 1351 39 25 ter,
252 1350 32 20 att
299 1348 41 21 den
355 1348 33 21 till
404 1348 136 29 förmyndare
556 1348 123 28 föreslagne
695 1349 55 21 skall
765 1349 100 21 inkallas.
893 1348 51 22 Men

197 1384 36 21 der
249 1385 24 20 är
288 1384 47 20 åter
351 1390 26 14 en
393 1390 71 14 annan
479 1383 61 27 brist,
550 1382 46 29 ithy
611 1385 31 19 att
658 1383 35 21 det
708 1383 48 22 icke
774 1383 93 29 stadgas,
882 1384 63 20 hvart

197 1418 174 29 presterskapets
391 1417 161 29 förteckningar
572 1418 62 21 skola
653 1418 92 28 afgifvas
765 1418 28 22 dä
810 1418 135 22 kommunal-

198 1453 91 28 styrelse
306 1453 19 27 ej
342 1452 68 22 finnes
425 1452 99 21 inrättad.
