1014 1711
747 122 39 20 811

135 204 9 11 »
146 188 44 21 Vill
210 188 150 28 ridderskapet
376 188 38 21 och
431 188 63 21 adeln
510 188 115 28 godkänna
640 188 42 21 den
697 188 23 21 af
734 188 81 21 ekono-

67 222 151 21 mieutskottet
236 222 7 21 i
258 222 49 21 dess
320 222 138 21 betänkande
475 222 122 28 uppställda
611 222 166 28 bestämningen
794 222 23 21 af

67 256 61 21 ordet
144 256 105 28 spanmäl.

135 290 49 21 Den
204 297 44 14 som
268 290 38 21 vill
324 290 117 27 godkänna
456 290 71 21 denna
541 290 139 27 bestämning
695 297 73 14 svarar
782 290 33 27 ja;

67 324 40 21 den
123 324 37 21 det
176 324 48 21 icke
239 324 38 21 vill
293 330 73 15 svarar
380 324 44 27 nej.

133 358 85 21 Vinner
228 359 35 27 nej
278 360 90 26 antages
378 358 177 28 bestämningen:
570 358 114 21 inhemska
694 357 122 22 sädesarter

65 393 40 21 och
120 392 128 29 balgväxter
264 393 24 20 af
301 392 43 21 alla
359 393 46 26 slag
421 393 6 20 i
441 393 98 20 förädlad
554 392 40 21 och
610 392 113 21 oförädlad
741 392 75 27 form";

66 428 39 21 och
126 427 47 21 blef
191 427 71 22 denna
281 426 136 30 proposition
435 427 56 20 efter
509 426 93 22 anställd
620 427 101 28 votering
741 427 75 21 besva-

66 462 38 22 rad
119 461 59 22 inom

240 496 57 28 3:dje
313 496 29 22 kl.
358 495 49 22 med
437 497 8 21 9
459 497 30 28 ja
504 496 40 21 och
559 496 24 21 31
601 497 42 27 nej,

244 531 90 27 2:dra
327 527 16 35 =
378 547 10 10 »
426 532 59 25 109
520 547 9 11 »
575 531 50 26 7»

246 566 53 20 Ista
324 581 9 11 9»
378 581 9 10 »
437 567 51 25 CE,
519 581 9 11 rr
573 566 13 20 9
616 581 9 10 7

66 600 32 21 till
114 600 53 28 följe
186 600 77 21 hvaraf
280 599 40 22 och
338 599 27 21 dä
380 601 79 20 tvenne
475 599 82 22 klasser
573 599 83 28 antagit
672 598 36 22 det
724 599 90 21 sednare

66 634 149 26 alternativet,
231 634 119 22 detsamma
365 634 87 21 komme
468 636 31 20 att
517 634 31 21 uti
567 632 165 29 ifrägavarande
752 635 62 19 ämne

67 670 78 27 utgöra
161 668 96 22 ständets
272 668 78 21 beslut.

134 703 60 21 Enär
209 703 77 27 frägan
302 710 41 20 om,
354 702 106 21 huruvida
474 703 68 27 nägra
556 702 184 28 inskränkningar
751 701 65 21 borde

66 740 63 26 göras
149 737 31 21 uti
201 737 42 22 den
261 737 75 26 frihet,
355 736 104 22 hvarmed
478 736 204 29 spanmälshandeln
700 736 58 28 finge
776 736 37 21 be-

67 772 91 27 drifvas,
175 778 29 15 nu
222 771 70 22 skulle
311 771 142 26 bestämmas,
469 771 110 28 upplästes
598 771 160 21 betänkandets
774 770 44 21 för-

68 807 46 27 slag
129 807 6 21 i
152 808 80 19 ämnet.

135 841 49 20 Den
203 841 23 21 af
240 841 50 20 herr
305 839 200 22 landtmarskalken
520 840 53 21 härä
589 839 135 22 framställda
738 847 79 21 propo-

67 874 103 22 sitionen:
195 874 143 27 ,Godkänner
360 874 152 28 ridderskapet
539 874 40 22 och
604 874 63 21 adeln
694 874 123 21 ekonomie-

67 910 118 20 utskottets
204 909 82 28 förslag
304 910 32 20 att
354 908 110 28 tillstyrka
479 909 36 20 det
529 908 29 22 H.
574 908 60 28 Kejs.
650 908 63 28 Maj:t
728 908 8 21 i
751 908 67 21 näder

66 944 51 21 ville
133 944 45 20 läta
194 950 26 14 en
236 942 127 29 förordning
378 943 63 27 utgä,
456 943 141 28 hvarigenom
613 942 204 28 spanmälshandeln

66 979 7 21 i
88 977 94 23 Finland
198 979 63 27 göres
276 977 133 28 fullkomligt
424 976 28 22 fri
468 979 55 19 samt
537 978 32 21 att
582 979 86 26 export-
679 977 41 21 och
730 977 89 28 import-

67 1012 79 22 förbud
166 1012 34 21 för
220 1011 116 21 framtiden
352 1012 20 28 ej
388 1012 36 20 mä
439 1013 41 26 äga
493 1013 69 25 rum",
578 1011 130 21 besvarades
724 1011 24 21 af
761 1012 57 21 stän-

67 1047 36 21 det
119 1046 106 28 enhälligt
239 1046 51 21 med
302 1046 31 28 ja.

135 1080 104 22 Härefter
255 1080 75 22 skreds
346 1080 32 21 till
394 1080 165 21 bestämmande
575 1080 24 21 af
612 1080 69 27 tiden,
696 1080 124 21 hvarunder

68 1115 205 28 spanmälshandeln
288 1115 8 21 i
311 1114 75 22 landet
400 1114 67 22 borde
483 1115 22 21 fä
520 1114 48 22 fritt
581 1114 117 22 bedrifvas.

137 1149 46 21 Och
207 1149 27 20 dä
253 1149 52 20 flere
326 1149 24 20 af
368 1149 97 20 ständets
485 1149 141 21 medlemmar
644 1150 68 25 yttrat
732 1149 34 28 sig
785 1149 35 21 för

68 1185 41 20 den
125 1183 43 21 fria
183 1183 215 28 spanmälshandelns
414 1183 117 21 utöfvande
547 1183 69 21 under
632 1183 135 28 obegränsad
781 1183 38 26 tid,

68 1217 134 22 framställde
220 1217 50 21 herr
286 1217 200 21 landtmarskalken
501 1217 96 28 följande
612 1217 146 28 proposition:

138 1269 8 9 »
150 1251 46 22 Vill
214 1251 150 28 ridderskapet
382 1252 41 20 och
443 1251 64 21 adeln
527 1252 7 20 i
555 1251 70 21 likhet
645 1251 49 22 med
714 1251 106 21 utskottet

67 1286 90 27 föreslå,
178 1287 32 19 att
224 1285 217 28 spanmälshandelns
461 1285 66 22 frihet
544 1286 35 21 må
600 1285 102 21 förblifva
723 1285 97 22 orubbad

67 1320 69 21 under
152 1327 27 13 en
195 1319 87 28 tidföljd
296 1319 25 21 af
333 1319 67 21 minst
417 1320 25 20 15
458 1320 29 20 år.

136 1353 50 20 Den
206 1359 46 14 som
272 1353 38 20 vill
328 1354 54 27 göra
395 1353 77 25 sådant
492 1353 83 28 förslag
590 1360 74 15 svarar
675 1353 35 30 ja;
726 1353 41 24 den
784 1353 37 22 det

68 1388 49 26 icke
131 1386 37 28 vill
184 1393 74 17 svarar
273 1387 44 31 nej.
