1014 1709
223 128 42 21 580

196 193 33 20 till
244 193 69 21 måste
328 192 76 28 finnas,
420 190 100 24 hvarföre
535 191 37 23 det
585 198 50 16 vore
647 191 46 23 skäl
704 195 32 19 att
746 200 26 14 en
784 191 80 23 komité
876 190 66 24 borde

195 226 109 22 nedsättas
320 227 34 21 för
369 229 31 19 att
415 227 94 28 granska
519 228 42 20 alla
573 227 32 21 till
616 227 217 28 forstförvaltningen
846 227 96 21 hörande

194 260 157 22 förhållanden.

261 296 59 21 Herr
342 302 41 15 von
406 295 123 23 Kremer:
550 296 51 22 Med
623 296 139 22 erkännande
784 296 24 21 af
826 296 75 22 värdet
921 296 23 21 af

194 330 57 22 hvad
269 330 67 21 baron
351 330 81 22 Wrede
448 330 71 22 anfört
535 331 39 21 och
590 330 26 22 de
632 331 157 28 upplysningar
804 331 42 21 han
862 330 81 22 lemnat

196 365 6 21 i
218 365 76 29 frågan
312 365 70 21 skulle
398 366 66 21 också
475 366 39 28 jag
529 366 33 20 för
577 365 45 21 min
638 365 33 21 del
687 365 64 22 hafva
766 367 31 20 att
811 366 87 20 bemöta
912 366 31 20 åt-

195 400 87 28 skilliga
301 402 121 19 momenter
437 400 8 20 i
459 400 54 21 hans
528 400 110 28 yttrande,
655 400 113 22 deribland
782 400 160 28 benämningen

194 434 173 28 nVäldgästning*
387 435 39 21 och
445 434 67 21 andra
527 434 60 22 titlar
602 434 28 29 på
645 434 59 27 dem,
722 435 39 27 jag
776 435 55 27 tagit
846 435 45 27 mig
906 435 37 20 fri-

194 468 66 22 heten
279 469 59 21 kalla
359 469 113 28 odlingens
490 469 116 28 pionierer,
622 476 49 14 men
687 476 46 14 som
750 470 36 20 det
801 469 67 21 redan
885 469 58 21 skett

194 510 78 21 genom
293 504 75 26 andra,
389 504 38 20 vill
444 504 40 28 jag
503 504 19 28 ej
539 504 74 28 längre
628 504 101 21 fortsätta
745 504 101 21 debatten
862 504 80 21 derom.

194 537 64 22 Hvad
277 538 78 28 sjelfva
369 538 106 28 förslaget
489 546 35 14 om
539 538 97 22 komitön
651 538 109 27 beträffar,
777 538 23 22 sä
815 538 39 22 har
869 538 37 21 det
922 539 20 27 ej

195 573 55 21 varit
270 575 66 19 annat
356 574 26 20 än
399 575 31 19 ett
445 573 90 28 förslag,
551 580 46 15 som
610 574 39 28 jag
664 573 56 29 tagit
734 574 45 28 mig
794 573 94 21 friheten
904 580 38 14 un-

194 608 102 21 derställa
318 608 162 28 ridderskapets
503 608 39 21 och
564 608 74 21 adelns
660 608 110 28 pröfning.
804 608 40 21 Att
866 608 36 21 det
921 608 24 20 af

194 643 79 27 mänga
292 642 70 22 skulle
382 650 64 14 anses
466 643 127 29 opraktiskt,
614 643 67 28 derpä
696 643 39 21 har
748 643 39 28 jag
801 642 48 22 frän
865 643 77 27 början

194 678 55 21 varit
268 677 88 21 beredd.
386 677 43 29 Jag
448 678 39 21 har
507 678 64 21 ocksä
591 678 20 28 ej
631 679 72 19 ansett
718 677 37 22 det
770 677 102 27 ofelbart,
892 684 50 14 men

191 713 40 27 jag
250 712 38 21 har
308 712 108 21 föreställt
435 712 52 29 mig,
507 714 31 20 att
558 712 150 29 ridderskapet
729 712 39 21 och
789 712 64 22 adeln
872 712 70 22 skulle

195 748 7 20 i
218 746 78 28 sjelfva
311 747 66 21 saken
394 747 59 21 finna
467 747 23 21 sä
505 748 86 28 mycket
606 754 60 14 mera
676 749 32 19 att
719 747 106 28 behjerta.
849 747 94 21 Derföre

194 783 24 19 är
230 782 39 27 jag
284 782 33 20 för
332 782 44 20 min
392 781 35 21 del
442 781 87 29 mycket
543 782 130 28 beredvillig
687 784 41 25 att,
745 789 34 13 om
796 782 36 21 det
846 781 42 21 kan
905 788 37 15 an-

195 823 35 14 ses
244 816 88 28 tjenligt
347 816 33 20 till
396 816 133 22 ändamälets
544 816 115 28 vinnande,
675 816 98 28 ätertaga
788 817 45 21 min
844 817 99 27 petition,

196 851 6 21 i
218 850 55 22 hvad
288 850 66 30 sagde
364 850 82 22 komitö
457 850 144 29 vidkommer;
616 858 50 15 men
674 851 40 29 jag
724 851 104 22 vidhäller
839 851 103 27 deremot,

195 888 31 19 att
242 892 27 15 en
286 886 118 28 utredning
424 886 32 21 uti
475 886 165 28 ifrägavarande
661 888 63 20 ämne
743 886 113 27 behöfves;
878 886 64 21 huru-

195 920 49 22 vida
258 920 42 22 den
316 928 73 14 ensam
406 920 55 22 skall
476 921 58 28 ligga
550 921 7 21 i
573 921 139 21 forststatens
726 920 88 28 händer,
826 920 36 21 det
874 920 69 22 öfver-

195 955 83 21 lemnar
290 956 39 27 jag
344 955 22 21 ät
382 955 87 21 ständet
483 957 32 19 att
528 956 121 21 bedömma.
679 955 43 28 Jag
736 956 87 20 förenar
839 955 44 27 mig
898 956 43 20 för-

195 989 67 29 öfrigt
282 990 49 20 med
351 989 26 21 de
397 990 76 20 herrar
493 990 124 26 ledamöter,
638 990 74 21 hvilka
732 990 64 28 yrkat
811 990 28 28 pä
853 989 89 28 frågans

196 1024 153 21 remitterande
365 1024 33 20 till
413 1024 96 21 ståndets
525 1024 100 21 enskilda
641 1024 177 22 besvärsutskott.

261 1058 103 22 Friherre
386 1058 183 22 Cedercreutz:
594 1058 64 22 Hvad
680 1058 42 22 den
745 1058 65 28 ovilja
832 1058 110 27 beträffar,

195 1099 45 14 som
260 1092 68 28 några
348 1092 68 21 talare
436 1093 62 27 påstå
518 1094 32 19 att
570 1092 73 22 ibland
657 1093 110 27 allmogen
782 1093 101 21 herrskar
898 1094 44 19 mot

194 1126 168 27 forstväsendet,
377 1126 100 22 härleder
493 1127 33 28 sig
541 1127 132 27 densamma,
689 1127 69 28 enligt
770 1127 56 21 hvad
837 1127 40 28 jag
887 1127 55 21 varit

193 1161 8 21 i
221 1161 86 21 tillfälle
327 1163 32 19 att
379 1161 80 27 erfara,
479 1162 118 28 ingalunda
616 1162 23 20 så
654 1162 87 28 mycket
756 1161 63 21 deraf
832 1163 32 19 att
878 1161 64 21 forst-

194 1196 104 21 väsendet
320 1196 58 21 velat
400 1196 107 28 utgrunda
529 1196 42 21 den
591 1196 116 28 rättighet,
730 1196 48 21 med
799 1196 48 21 stöd
866 1196 78 21 hvaraf

194 1230 141 29 nybyggarne
355 1230 59 28 gjort
435 1230 144 29 uppodlingar
598 1232 8 20 i
620 1230 185 28 kronoskogarne,
821 1231 40 21 och
876 1230 66 28 skilja

194 1265 49 21 dem
263 1264 102 26 derifrån,
385 1266 52 18 utan
457 1264 98 21 kommer
576 1265 113 27 missnöjet
709 1265 78 20 nästan
805 1264 137 22 uteslutande

194 1298 67 27 deraf,
276 1299 33 20 att
324 1298 26 20 då
365 1298 178 28 kronoskogarne
559 1304 77 23 genom
652 1298 159 22 forstväsendet
825 1300 37 20 äro
878 1298 63 29 skyd-

194 1333 55 21 dade
269 1333 33 21 för
322 1332 105 28 åverkan,
447 1334 23 20 så
488 1333 65 22 hafva
567 1333 147 22 innevånarne
730 1334 7 20 i
753 1333 42 22 den
810 1333 35 21 del
860 1334 23 21 af
896 1334 46 21 lan-

196 1368 45 26 det,
261 1375 45 14 som
322 1369 24 20 är
360 1368 35 21 rik
409 1368 29 28 på
453 1368 64 29 skog,
532 1369 20 28 ej
569 1375 46 14 mer
630 1376 82 14 samma
727 1368 86 22 tillfälle
829 1376 45 14 som
890 1369 52 27 förr,

196 1404 32 22 att
248 1403 136 22 uteslutande
407 1402 58 23 lefva
483 1402 24 22 af
523 1403 40 21 den
579 1403 171 29 skogsåverkan,
766 1404 26 21 de
808 1403 55 22 ifrån
879 1404 63 22 barn-
