1003 1720
736 125 39 21 703

61 190 39 21 och
120 190 85 21 komme
220 190 58 29 förty
293 191 12 27 &
318 192 31 19 att
364 191 8 20 i
387 191 96 28 enlighet
497 190 50 21 med
562 190 242 29 kontrapropositionen

61 225 152 28 omredigeras.

401 261 11 26 $
428 261 33 20 23.

127 294 58 21 Herr
200 302 42 14 von
257 295 78 26 Born,
349 294 27 21 K.
392 295 35 20 F.:
448 294 37 21 Uti
500 295 50 20 herr
565 295 85 20 Taubes
666 294 35 21 vid
717 294 87 27 frägans

61 329 161 29 handläggning
237 329 7 22 i
259 329 219 22 riddarhusutskottet
492 329 104 28 nedlagde
611 329 134 21 reservation
757 328 47 22 der-

61 366 67 25 emot,
149 366 31 19 att
203 365 28 27 pä
251 366 42 19 sätt
311 365 4 20 i
330 365 11 27 $
357 365 26 20 23
400 364 67 28 enligt
482 364 116 21 utskottets
615 363 135 22 betänkande
773 364 31 21 in-

61 399 56 21 flutit
139 399 147 21 ledamöterne
307 399 31 20 uti
358 399 96 20 ständets
474 399 98 21 enskilda
597 399 83 20 utskott
699 398 56 28 finge
772 399 32 27 sig

61 433 92 21 emellan
169 435 47 19 utse
232 433 136 27 ordförande,
383 434 125 20 instämmer
519 434 39 27 jag
568 433 137 27 fullkomligt.
728 433 77 28 Nägon

62 475 71 14 annan
148 468 84 28 princip
248 468 7 21 i
271 468 102 21 afseende
388 468 12 21 å
414 468 139 28 placeringen
569 468 42 20 kan
627 468 40 21 och
682 468 32 20 får
730 468 19 28 ej
766 468 39 21 föl-

59 503 34 27 jas
109 503 7 21 i
132 504 31 20 ett
178 503 93 27 utskott,
290 510 45 14 som
351 505 23 19 är
389 510 26 14 en
432 503 34 21 del
482 502 23 22 af
518 502 93 27 ständet,
632 504 27 19 än
674 502 31 21 uti
721 502 85 22 ständet

61 538 7 20 i
84 538 32 20 sin
131 538 82 27 helhet;
230 538 39 21 och
285 538 27 21 dä
327 538 35 21 vid
376 538 233 28 plenisammanträden
626 539 45 19 säte
686 538 40 21 och
740 539 64 19 stäm-

61 580 35 13 ma
114 573 84 27 intages
214 573 55 21 efter
284 574 95 20 ätternas
395 573 163 27 nummerföljd,
577 573 68 20 måste
661 580 81 13 samma
757 572 48 21 ord-

62 608 53 28 ning
135 608 107 28 iakttagas
258 608 7 20 i
280 608 110 20 utskotten
406 608 39 20 och
460 607 138 29 följaktligen
613 607 41 20 den
670 607 90 21 främsta
775 608 30 20 ät-

61 644 48 19 tens
131 644 150 26 representant
303 649 50 14 vara
376 642 133 21 ordförande.
543 641 149 22 Föreskriften
708 642 97 20 härom
790 637 20 37 i

61 676 154 22 komitterades
230 676 92 28 förslag,
343 676 69 21 såsom
428 676 64 21 äfven
508 676 233 21 öfverensstämmande
757 676 49 21 med

62 711 128 27 stadgandet
210 711 6 20 i
238 712 72 20 ämnet
329 711 32 20 uti
382 711 91 20 svenska
487 710 243 28 riddarhusordningen,
745 710 60 21 torde

63 745 83 21 säledes
163 745 22 21 fä
200 746 32 20 för
248 745 95 21 ständets
359 745 97 21 enskilda
472 745 82 21 utskott
569 745 92 27 gvarstä.

129 780 58 21 Herr
206 786 42 15 von
268 780 197 28 Weissenberg:
485 780 43 20 För
548 781 32 19 att
599 779 94 21 undvika
711 779 42 21 den
773 780 31 20 in-

61 815 143 28 konsegvens,
220 822 45 13 som
281 814 106 22 utskottet
402 814 36 22 vid
452 814 151 28 redigerandet
619 814 24 21 af
654 814 71 21 denna
736 815 11 27 8
758 814 48 21 låtit

61 850 87 20 komma
168 849 33 28 sig
220 850 33 20 till
274 850 51 26 last,
341 850 68 20 skulle
422 850 39 27 jag
475 849 79 21 föreslä
570 849 95 28 följande
681 849 123 20 redaktion:

62 901 8 10 »
72 884 44 21 Vid
135 884 281 21 valmans-sammanträden
433 885 39 20 och
483 885 6 20 i
500 883 96 22 ständets
615 883 98 21 enskilda
723 883 82 22 utskott

62 921 47 19 utse
124 919 146 21 ledamöterne
287 919 32 28 sig
335 919 92 20 emellan
443 919 129 21 ordförande
587 925 78 21 genom
682 919 55 20 val.*

129 954 58 21 Herr
208 953 155 29 Jägerhorn,
383 953 27 21 K.
431 953 31 22 J.:
483 953 41 28 Jag
543 953 87 21 förenar
645 953 45 28 mig
705 953 6 20 i
727 953 41 21 den
784 953 24 21 af

61 989 50 20 herr
127 996 41 13 von
185 989 155 27 Weissenberg
355 988 95 21 uttalade
466 989 64 27 äsigt,
541 989 31 20 att
587 988 44 20 lika
642 988 84 27 princip
739 988 67 21 borde

61 1023 64 28 följas
147 1023 35 21 vid
201 1023 160 21 bestämmande
382 1023 23 20 af
424 1023 126 21 ordförande
570 1023 6 20 i
596 1023 105 20 hvardera
721 1023 24 20 af
758 1023 47 20 dei

62 1058 71 20 denna
148 1059 11 26 $
175 1058 129 21 omnämnda
319 1058 48 26 fall,
383 1058 38 20 och
443 1057 68 21 skulle
532 1057 63 21 äfven
613 1057 33 20 för
665 1057 43 20 min
725 1057 34 20 del
775 1057 30 20 bi-

62 1092 62 21 träda
142 1092 42 21 den
200 1093 6 20 i
222 1092 90 21 sednare
327 1099 63 14 mom.
412 1092 94 21 uttalade
520 1091 95 29 princip,
630 1093 31 19 att
677 1091 129 22 ordförande

63 1127 70 21 skulle
149 1129 59 19 utses
223 1134 78 21 genom
316 1127 41 21 val.

130 1161 58 22 Herr
203 1162 96 21 Taube:
315 1161 241 22 Riddarhusutskottets
571 1161 111 28 pluralitet
697 1161 39 20 har
751 1161 55 20 före-

63 1197 74 27 slagit,
154 1198 32 19 att
202 1197 128 20 ordförande
345 1197 7 20 i
368 1196 95 21 ständets
479 1195 98 22 enskilda
592 1195 83 21 utskott
689 1195 70 21 skulle
775 1197 31 19 ut-

63 1238 34 14 ses
118 1238 78 21 genom
217 1231 41 21 val.
289 1231 42 28 Jag
350 1231 39 20 har
408 1233 120 18 reserverat
543 1230 45 27 mig
603 1230 97 21 deremot
715 1230 40 21 och
771 1237 36 14 an-

63 1265 68 21 häller
151 1265 75 22 endast
244 1267 32 20 att
292 1265 21 21 fä
328 1265 72 21 erinra
415 1265 85 21 ständet
515 1272 41 19 om,
574 1266 31 19 att
621 1265 85 20 ständet
721 1265 7 20 i
743 1264 42 28 dag
800 1265 6 20 i

66 1300 25 20 13
112 1300 11 26 &
143 1299 98 28 frängick
261 1300 112 28 principen
395 1306 34 14 om
449 1306 27 14 en
496 1299 60 21 äldre
576 1298 121 21 adelsmans
717 1300 43 19 rätt
775 1298 32 21 till

63 1334 109 20 företräde
193 1334 89 20 framför
302 1341 26 13 en
348 1340 78 20 yngre,
447 1334 27 20 dä
494 1333 84 21 ständet
593 1332 110 21 bestämde
719 1334 32 19 att
766 1332 41 21 den

64 1374 89 20 person,
174 1374 44 13 som
239 1367 36 21 vid
295 1366 128 21 inträffande
444 1366 71 21 förfall
536 1366 33 20 för
587 1366 171 20 landtmarskalk
777 1367 31 19 att

65 1401 47 21 föra
127 1400 62 22 ordet
207 1401 59 21 inom
286 1400 85 21 ständet
386 1400 66 21 borde
467 1400 75 28 intaga
556 1400 53 20 hans
624 1400 63 28 plats,
703 1400 69 20 skulle
788 1400 23 20 af

65 1435 86 22 ståndet
165 1435 75 29 väljas.
269 1436 11 20 I
297 1436 25 20 14
337 1436 12 27 &
364 1435 46 21 åter
425 1435 47 21 blef
485 1442 81 14 samma
580 1434 84 28 princip
678 1434 131 27 bibehållen,
