1009 1717
750 128 40 24 753

74 196 52 29 vilja
144 196 94 29 pålägga
257 197 67 21 andra
341 197 44 21 min
401 198 145 28 öfvertygelse
562 197 39 22 och
617 196 68 22 ehuru
697 197 39 27 jag
751 202 68 22 gerna

74 232 79 20 önskar
168 233 52 26 göra
235 232 158 28 medgifvande,
410 232 37 21 der
463 233 36 21 det
509 233 43 20 kan
563 232 38 20 ske
612 233 53 19 utan
676 233 31 19 att
719 231 100 28 uppoffra

74 273 26 14 en
117 266 124 28 grundsats,
263 267 42 21 kan
317 267 39 27 jag
371 267 83 21 således
470 268 19 27 ej
507 274 28 14 nu
551 268 78 26 antaga
644 266 35 21 det
694 266 125 27 föreslagna

72 301 218 28 redaktionsutbytet.
307 301 42 28 Jag
365 302 69 20 skulle
450 302 33 20 för
498 302 45 20 min
559 302 34 20 del
608 301 27 21 då
649 301 68 21 hellre
728 300 52 28 vilja
791 300 27 28 gå

72 336 22 21 in
110 336 28 28 på
152 336 51 22 herr
219 336 100 28 grefvens
335 336 82 28 förslag
432 336 33 22 till
480 336 142 22 redaktionen
635 336 23 21 af
667 336 36 21 det
715 335 47 21 4:de
773 342 45 14 mo-

74 372 88 26 mentet,
179 378 49 14 men
243 371 92 21 rörande
351 371 36 21 det
403 372 48 27 5:te,
465 372 68 20 måste
543 372 38 27 jag
592 371 94 21 vidhålla
697 371 44 20 min
752 370 67 21 redan

73 406 84 27 yttrade
174 406 61 28 åsigt.
259 406 63 21 Hvad
333 406 101 21 beträffar
446 406 42 21 den
500 406 23 21 af
532 406 49 21 herr
590 405 145 22 Schatelovitz
743 404 77 29 gjorda

73 440 172 28 anmärkningen
261 448 34 14 om
311 441 87 28 slutliga
412 440 160 28 behandlingen
588 440 23 22 af
624 440 86 29 frågan,
726 440 42 21 kan
781 442 40 27 jag

74 475 19 27 ej
110 475 113 21 underlåta
239 477 37 25 att,
292 476 72 20 derest
379 475 104 21 ordandet
498 475 73 21 derom
584 477 58 19 ännu
653 475 43 21 kan
710 482 63 14 anses
783 476 36 20 be-

74 509 80 28 fogadt,
176 510 115 21 instämma
308 510 7 21 i
330 510 53 21 hans
399 510 62 28 åsigt,
477 512 32 19 att
524 510 159 28 bordläggning
698 510 24 21 af
735 510 86 21 ståndet

74 544 20 28 ej
115 544 66 21 borde
201 544 121 28 förvägras,
342 545 68 21 ehuru
427 545 40 28 jag
486 545 33 21 för
540 552 55 20 egen
615 545 35 21 del
665 552 63 14 anser
743 545 76 28 frågan

74 579 127 28 tillräckligt
215 580 80 28 belyst,
311 581 23 26 ty
349 587 35 13 om
399 580 76 20 sådant
490 580 20 27 ej
527 581 23 19 är
565 580 62 20 fallet
641 580 50 20 med
706 580 42 20 alla
763 580 57 21 stån-

74 614 46 20 dets
141 614 147 27 medlemmar,
308 614 69 21 finner
395 614 38 28 jag
451 614 35 21 det
505 621 50 14 vara
571 614 38 21 allt
623 614 34 21 för
672 614 102 22 illiberalt
790 616 31 20 att

75 649 19 27 ej
114 648 70 22 tillåta
204 649 48 21 dem
273 650 31 20 ett
319 650 98 20 närmare
433 649 153 28 begrundande
603 648 23 22 af
639 649 42 21 alla
696 650 33 20 till
745 650 75 20 redak-

75 684 74 20 tionen
170 683 23 21 af
211 683 62 21 desse
293 684 12 20 2
321 685 126 25 momenter,
467 683 78 28 gjorda
560 683 57 21 olika
632 683 90 28 förslag,
739 684 39 20 och
795 684 26 20 då

75 720 31 18 ett
125 718 106 20 definitivt
252 718 71 20 beslut
343 719 58 19 ännu
422 718 19 27 ej
457 718 72 20 blifvit
544 717 78 21 fattadt
639 730 24 2 —
680 720 55 18 samt
750 718 71 28 någon

75 752 136 28 omröstning
225 752 7 20 i
248 752 38 21 sak
301 753 19 27 ej
336 752 69 21 heller
421 754 36 26 ägt
472 759 55 20 rum,
538 765 28 2 —
577 752 64 28 yrkar
654 753 39 27 jag
705 753 34 27 på,
751 754 31 20 att
795 753 25 21 de

75 786 147 27 medlemmar,
237 793 46 14 som
298 787 77 27 begärt
389 787 169 28 bordläggning,
574 787 66 20 måtte
655 787 22 21 få
692 786 71 22 denna
777 788 43 20 rät-

75 821 69 28 tighet
160 821 33 28 sig
208 821 103 27 bevarad,
327 823 51 19 enär
393 822 8 20 i
417 822 42 20 alla
474 822 39 20 fall
528 821 89 21 ärendet
633 822 20 27 ej
670 821 69 21 skulle
754 828 67 22 uppe-

74 856 69 20 hållas
159 856 74 27 längre
250 857 27 19 än
292 856 34 20 till
341 857 62 20 nästa
417 856 96 28 plenum.
539 856 43 28 Jag
597 862 108 22 upprepar
716 856 35 21 det
764 858 58 20 ännu

76 897 25 14 en
118 891 64 27 gång,
198 892 31 19 att
242 891 39 27 jag
295 891 54 21 visst
365 891 19 27 ej
400 890 34 21 för
447 898 55 21 egen
513 891 34 21 del
560 898 63 14 anser
635 891 34 21 det
682 891 139 29 nödvändigt,

75 932 49 14 men
140 926 27 20 då
182 925 38 21 här
235 926 75 28 hvarje
326 926 38 20 ord
378 926 68 20 måste
461 927 74 27 vägas,
551 926 70 21 såsom
633 926 20 20 vi
665 927 42 19 sett
719 926 39 21 och
766 926 55 28 hört,

74 960 43 22 kan
130 961 40 27 jag
185 961 20 27 ej
221 967 52 14 anse
289 962 31 19 ett
336 961 23 21 så
373 961 50 21 kort
437 960 96 28 uppskof
546 960 150 28 oberättigadt,
708 962 57 20 helst
776 968 45 14 som

75 996 77 27 frågan
171 995 111 28 verkligen
298 996 91 20 kommit
403 996 7 20 i
425 997 31 19 ett
471 997 48 26 nytt
533 996 61 20 skick
609 1002 78 21 genom
702 996 119 21 inlemnan-

76 1030 34 21 det
126 1030 23 20 af
162 1025 43 33 nya
220 1030 88 28 förslag.
331 1030 43 21 För
389 1030 108 22 vinnande
513 1030 23 21 af
549 1030 32 21 tid
596 1030 94 22 önskade
703 1031 40 27 jag
755 1031 66 21 likväl

76 1067 30 19 att
126 1065 50 21 herr
196 1065 199 21 landtmarskalken
415 1065 50 21 ville
486 1072 109 21 uppmana
615 1065 48 21 dem
683 1065 24 21 af
725 1066 96 20 ståndets

75 1099 148 27 medlemmar,
242 1106 45 14 som
303 1100 103 28 möjligen
421 1101 58 19 ännu
494 1100 53 28 vilja
562 1099 67 21 väcka
645 1100 80 28 förslag
740 1100 6 20 i
763 1100 59 22 detta

75 1134 113 27 afseende,
209 1136 31 19 att
259 1134 97 21 inlemna
375 1134 48 21 dem
444 1134 67 21 redan
530 1134 7 21 i
557 1134 51 28 dag,
624 1134 28 28 på
667 1134 36 21 det
718 1135 67 21 saken
801 1136 20 28 ej

75 1168 73 22 vidare
164 1168 70 21 skulle
250 1168 133 28 uppehällas.

143 1203 58 21 Herr
216 1203 161 28 Lagerborg:
396 1203 35 21 Dä
445 1204 50 20 herr
511 1203 198 21 landtmarskalken
722 1204 7 20 i
742 1204 42 27 dag
795 1204 28 28 pä

76 1238 14 21 f.
106 1246 27 12 m.
148 1238 34 21 till
201 1238 86 21 ständet
306 1238 133 21 framställde
458 1238 41 21 den
515 1238 85 28 frägan,
616 1238 106 21 huruvida
737 1238 86 21 ständet

76 1273 50 20 ville
142 1272 109 28 medgifva
266 1280 27 14 en
308 1273 126 28 ytterligare
449 1273 159 27 bordläggning
624 1272 23 21 af
657 1272 166 28 ifrägavarande

76 1307 90 27 förslag,
183 1314 38 14 var
232 1308 39 27 jag
286 1307 65 21 bland
366 1308 55 25 dem,
438 1314 45 14 som
499 1308 68 27 ansäg
577 1308 31 20 att
619 1307 75 21 sädant
705 1307 48 21 bort
764 1307 58 21 med-

76 1341 80 26 gifvas,
177 1348 48 13 mon
246 1341 50 20 herr
315 1342 211 19 landtmarskalkens
547 1342 134 26 proposition
696 1342 75 18 härom
787 1342 36 19 be-

76 1374 101 20 svarades
197 1374 49 21 med
267 1376 30 18 ett
316 1374 158 28 öfvervägande
490 1375 43 27 nej.
562 1374 116 21 Likaledes
694 1374 129 20 besvarades

77 1415 27 14 en
119 1415 72 14 annan
211 1408 60 28 fräga
291 1408 24 21 af
332 1408 50 21 herr
397 1408 206 27 landtmarskalken,
618 1408 105 21 huruvida
739 1408 84 20 ständet

76 1443 51 21 ville
150 1442 73 22 skrida
245 1443 32 22 till
300 1443 74 28 slutlig
395 1443 103 29 pröfning
521 1443 23 21 af
562 1442 26 23 de
609 1443 57 23 olika
685 1442 111 30 förslagen
816 1442 8 23 i
