1039 1717
775 119 42 22 453

96 192 51 14 men
162 185 7 20 i
185 184 102 21 afseende
301 184 13 21 å
324 184 161 28 omredigering
495 185 33 21 till
539 185 107 21 utskottet
659 185 188 21 återremitterade

95 219 83 27 förslag
191 218 34 20 till
240 218 59 21 såväl
315 218 181 28 ordningsstadga
507 219 32 21 för
550 219 161 28 ridderskapets
722 219 39 21 och
773 220 74 20 adelns

96 252 186 27 sammanträden,
304 259 47 14 som
372 253 75 27 stadga
466 253 34 21 för
520 253 101 27 åhörare,
641 253 93 27 lydande
755 253 92 21 berörde

96 287 88 28 stadgar
200 286 100 22 sålunda:

164 320 200 28 Ordningsstadgar
378 321 34 21 för
427 321 162 29 ridderskapets
603 322 39 20 och
653 321 76 21 adelns
739 328 107 15 samman-

97 356 76 20 träden
189 355 69 21 under
273 355 132 28 landtdagen
421 356 23 20 år
462 356 63 20 1863:

166 391 38 19 1:o.
234 390 49 20 Den
304 396 46 14 som
371 391 70 26 yttrar
462 390 32 28 sig
512 390 34 21 till
565 390 132 28 protokollet
712 390 48 22 från
776 397 71 15 annan

96 425 28 20 än
140 431 55 21 egen
210 424 64 28 plats,
290 424 88 28 erlägge
394 425 37 20 två
447 424 61 22 mark
523 424 65 22 finskt
604 426 67 27 mynt.

163 460 40 20 2:0.
233 459 49 21 Den
298 466 47 14 som
360 459 36 21 vid
409 459 37 21 val
457 460 53 21 eller
520 460 107 28 votering,
643 460 66 20 innan
721 459 53 21 hans
785 466 61 14 num-

95 500 47 14 mer
161 494 73 21 blifvit
254 494 122 28 uppropad,
396 494 91 21 insätter
507 494 33 21 sin
556 494 34 21 val
607 494 53 21 eller
675 494 172 28 voteringssedel

95 528 32 20 uti
143 528 112 28 valurnan,
270 528 88 28 erlägge
374 530 32 19 tre
422 529 68 21 mark.

164 564 40 20 3:0.
234 563 50 21 Den
300 570 45 14 som
360 564 28 27 pä
404 565 31 19 ett
451 564 53 20 eller
519 565 67 20 annat
597 564 118 28 oskickligt
725 565 42 20 sätt
777 564 71 28 gifver

97 597 37 21 sitt
149 597 62 21 bifall
221 598 59 22 eller
296 598 109 28 ogillande
421 598 113 27 tillkänna,
550 598 88 28 erlägge
655 605 38 14 sex
708 599 68 21 mark.

164 633 40 20 4:0.
234 633 50 21 Den
307 639 46 15 som
373 634 52 20 utan
446 633 211 21 landtmarskalkens
678 634 53 20 eller
751 633 97 21 ständets

95 666 99 22 tillständ
208 667 48 21 frän
272 667 202 21 riddarhuslokalen
489 668 109 20 bortförer
609 668 38 20 der
657 668 113 28 bortlagde
780 668 67 21 hand-

95 702 79 27 lingar,
190 702 89 28 erlägge
294 702 64 28 tjugu
372 702 68 20 mark.

164 736 40 21 5:0.
234 736 124 22 Uteblifver
374 737 72 27 någon
461 738 52 20 utan
528 738 49 27 laga
592 736 73 21 förfall
681 737 54 21 eller
751 737 97 22 erhållen

95 771 98 28 ledighet
214 771 48 21 frän
286 772 119 20 elektorers
428 771 53 21 eller
504 772 96 21 ständets
623 771 99 21 enskilda
744 772 103 21 utskotts-

97 806 182 26 sammanträden,
296 806 66 21 sedan
378 806 43 21 han
436 806 104 28 antingen
556 813 80 21 genom
647 806 75 28 anslag
733 806 45 21 före
789 807 59 21 kloc-

96 840 43 21 kan
159 840 43 21 tolf
219 840 133 28 föregäende
373 841 70 27 dagen
460 841 52 20 eller
528 840 130 21 annorledes
673 840 73 21 dertill
762 841 86 21 erhällit

97 875 91 28 behörig
203 874 98 28 kallelse,
317 875 88 28 erlägge
419 874 35 22 för
468 875 75 28 hvarje
559 876 58 27 gäng
633 881 38 15 sex
686 875 68 21 mark.

165 910 40 20 6:0.
234 909 49 21 Den
300 916 46 14 som
362 910 38 21 vill
415 910 66 27 nägot
497 910 102 28 andraga,
615 910 84 21 anmäle
711 910 33 28 sig
755 912 31 19 att
796 910 51 27 tala,

97 944 28 21 dä
144 944 202 22 landtmarskalken
366 944 8 21 i
392 944 103 28 ordning,
516 944 55 22 efter
587 951 46 14 som
648 944 53 21 hvar
717 944 38 22 och
771 952 27 14 en
814 946 34 27 sig

97 979 82 21 anmält
198 978 98 28 tillsäger
311 979 63 21 hvem
391 986 46 14 som
453 978 32 22 fär
501 979 68 21 ordet.
599 979 74 21 Faller
688 980 72 27 nägon
775 986 73 14 annan

96 1014 7 20 i
124 1014 60 26 talet,
205 1014 87 27 erlägge
313 1014 34 20 för
366 1014 74 27 hvarje
460 1014 58 27 gäng
532 1013 43 21 han
591 1013 89 21 dermed
694 1013 102 21 beträdes
811 1014 37 21 tvä

97 1048 69 21 mark.

167 1084 39 20 7:0.
236 1082 50 22 Den
302 1090 46 14 som
364 1082 92 22 förlorar
472 1083 33 21 sin
521 1082 171 28 inträdespollet,
708 1083 35 21 mä
758 1083 32 21 uti
804 1083 44 21 rid-

97 1117 186 22 darhusutskottet
299 1117 83 21 erhälla
393 1124 71 14 annan
479 1119 58 20 emot
552 1117 131 28 erläggande
699 1117 24 21 af
736 1124 27 14 en
778 1118 69 20 mark.

165 1154 41 19 8:0.
235 1152 220 22 Riddarhusfiskalen
471 1152 83 28 åligger
565 1153 32 19 att
607 1159 57 21 noga
675 1152 39 21 och
725 1153 52 19 utan
788 1160 59 13 man-

97 1188 79 21 namän
192 1187 58 21 hälla
265 1187 59 21 hand
339 1186 61 22 öfver
414 1186 195 28 verkställigheten
625 1186 24 21 af
661 1186 64 21 dessa
735 1186 112 22 föreskrif-

97 1223 45 19 ters
157 1222 141 28 iakttagande
314 1223 56 19 samt
385 1220 92 28 afgiften
493 1221 142 27 ovilkorligen
652 1221 38 21 hos
706 1221 42 21 den
761 1220 87 22 felande

97 1258 76 26 uttaga
193 1256 40 21 och
254 1257 31 20 uti
304 1263 27 14 en
347 1256 6 20 i
369 1255 175 21 riddarhussalen
563 1256 110 27 befintlig,
694 1256 49 21 med
757 1256 32 20 läs
805 1256 43 20 för-

98 1290 58 27 sedd,
172 1291 114 27 sparbössa
301 1292 77 26 genast
392 1290 95 28 inlägga.
510 1290 85 28 Vägrar
611 1290 71 28 nägon
693 1292 38 25 att,
747 1290 28 28 pä
784 1290 64 21 fiska-

98 1325 47 21 lens
168 1325 127 27 anmaning,
319 1324 89 28 erlägga
430 1324 101 27 afgiften,
555 1324 26 21 dä
601 1324 39 21 bör
659 1324 44 21 han
721 1324 24 21 af
758 1324 90 21 fiskalen

98 1360 77 26 genast
194 1358 98 28 tillsägas
312 1359 32 19 att
362 1357 58 21 inför
436 1357 221 21 riddarhusutskottet
671 1357 36 21 vid
723 1357 48 21 dess
786 1358 63 20 nästa

98 1392 171 21 sammankomst
289 1392 33 28 sig
340 1391 96 27 inställa,
458 1398 49 14 men
521 1392 47 20 ifall
584 1391 43 20 han
642 1391 115 27 kallelsen,
774 1392 74 20 derom

99 1427 92 21 fiskalen
214 1433 74 15 ensam
312 1428 52 26 äger
385 1426 92 28 vitsord,
501 1426 128 22 försummar
650 1426 53 21 eller
721 1426 128 29 ytterligare
