1017 1711
256 201 113 28 Samma
390 202 69 37 dag,
480 201 40 28 kl.
543 203 17 25 5
583 211 22 17 e.
627 212 36 16 m.

154 263 51 20 Den
219 263 46 20 före
281 263 115 27 middagen
412 263 101 20 afbrutna
529 263 151 20 diskussionen
695 263 7 20 i
717 263 118 27 anledning

87 296 23 20 af
123 296 51 20 herr
194 303 41 14 von
255 296 110 21 Kremers
380 297 113 21 memorial
509 297 120 25 fortsattes,
646 296 39 21 och
700 296 86 27 yttrade
802 296 33 27 sig

87 329 84 22 dervid:
540 350 3 2 s

154 364 59 21 Herr
228 371 42 15 von
285 364 78 27 Born,
380 364 20 21 J.
417 365 36 20 A.:
475 364 41 28 Jag
537 364 97 21 anhäller
648 366 31 19 att
695 364 76 21 endast
786 364 50 21 med

87 398 68 28 några
171 398 22 22 få
208 398 39 21 ord
261 399 22 21 få
298 400 68 20 uttala
376 399 45 21 min
432 399 57 28 äsigt
499 399 7 20 i
517 400 78 20 ämnet.
617 398 137 28 Visserligen
775 398 60 21 torde

87 440 50 13 man
153 432 64 22 hafva
232 433 107 27 åtskilligt
355 433 66 27 öfrigt
437 435 30 19 att
483 433 68 21 önska
566 433 7 20 i
588 432 103 21 afseende
702 433 13 20 å
725 433 110 27 organisa-

87 467 75 21 tionen
174 467 24 21 af
207 467 159 21 forstväsendet
374 467 7 20 i
390 467 80 27 landet,
479 474 49 14 men
537 468 40 27 jag
585 474 64 14 anser
661 468 32 19 att
701 468 31 19 ett
741 467 94 27 godkän-

88 501 71 21 nande
175 502 23 20 af
212 501 35 21 det
262 502 89 26 förslag,
363 508 45 14 som
421 502 31 20 uti
463 502 50 20 herr
524 508 42 14 von
577 501 109 21 Kremers
697 501 138 27 andragande

87 535 73 21 blifvit
180 535 131 27 framstäldt,
326 536 48 20 icke
395 535 70 21 skulle
485 535 49 21 leda
549 536 33 20 till
597 535 116 27 lösningen
729 535 23 21 af
765 535 71 25 denna

87 570 68 27 fråga.
185 570 44 20 Det
247 570 119 20 förnämsta
386 570 87 20 hindret
492 570 69 27 ligger
577 570 56 25 deri,
648 571 31 18 att
695 570 104 27 förslaget
816 570 20 27 ej

88 610 64 22 synes
172 604 109 27 praktiskt
301 604 113 21 utförbart.
446 604 80 21 Skälen
541 603 74 21 härtill
630 603 61 21 torde
707 604 20 27 ej
743 603 93 21 behöfva

88 640 100 19 närmare
208 639 134 26 framhållas,
359 639 27 20 än
405 639 31 19 att
452 638 36 21 det
503 638 70 21 skulle
589 637 84 22 fordras
689 639 31 19 ett
735 637 102 28 ofantligt

88 673 59 22 antal
167 673 143 21 landtmätare
327 673 53 20 eller
395 672 112 27 forstmän,
523 672 34 21 för
573 673 31 20 att
619 672 74 21 kunna
712 671 68 22 under
794 672 42 21 den

89 707 62 21 korta
171 707 32 20 tid
222 713 45 14 som
287 706 124 27 föreslagits
432 706 149 21 åstadkomma
596 706 37 21 det
648 706 106 25 storverk,
768 713 46 14 som
830 706 7 20 i

88 741 136 22 memorialet
237 740 87 28 åsyftas,
333 742 54 19 samt
396 742 31 19 att
435 741 121 28 någonting
565 740 111 28 oformligt
684 740 70 21 skulle
767 740 70 21 förete

88 776 34 28 sig
134 776 31 21 uti
176 782 28 14 en
215 776 129 27 permanent
355 775 82 21 komité
449 777 142 19 sammansatt
603 775 24 20 af
636 775 27 20 20
695 775 28 21 30
733 781 104 22 personer

88 810 50 21 med
150 810 158 21 administrativ
315 809 138 22 verksamhet
462 810 59 21 öfver
529 810 50 20 hela
590 809 80 27 landet,
679 809 40 21 och
727 809 110 28 ansvarig-

88 845 44 27 het,
144 852 50 13 man
207 846 36 19 vet
256 845 19 27 ej
289 844 58 20 inför
360 844 70 20 hvem.
457 844 44 20 För
511 845 45 19 min
570 844 35 20 del
616 843 43 21 kan
670 844 40 27 jag
721 843 83 21 således
816 844 20 27 ej

89 881 66 19 annat
175 880 27 20 än
222 878 106 28 afstyrka,
348 880 31 19 att
395 878 85 21 ståndet
495 878 36 21 må
545 879 96 27 upptaga
655 878 50 20 herr
720 884 40 15 von
776 876 61 22 Kr&-

88 920 58 14 mers
162 912 138 29 andragande
316 919 46 14 som
378 912 38 21 sitt
431 912 170 28 önskningsmål.
631 912 64 21 Hvad
710 912 47 21 åter
769 912 37 21 det
816 911 24 22 af

88 948 92 21 friherre
196 947 81 21 Wrede
293 947 7 21 i
316 947 42 28 dag
372 947 28 28 på
415 946 14 22 f.
445 954 28 14 m.
494 948 7 20 i
521 947 49 21 dess
585 946 101 28 yttrande
701 947 77 21 väckta
794 948 44 19 sär-

90 982 69 21 skilda
174 982 81 28 förslag
270 981 109 27 beträffar,
391 982 24 20 så
428 987 63 15 anser
504 982 39 27 jag
559 981 36 21 det
609 988 52 14 vara
672 988 27 14 en
709 981 46 21 helt
765 988 71 14 annan

89 1017 71 28 fråga,
181 1016 86 21 hvilken
287 1016 36 21 må
338 1017 77 27 utgöra
430 1016 91 20 föremål
536 1016 33 20 för
585 1022 28 14 en
629 1015 92 21 särskild
735 1015 102 28 petition,

89 1058 50 14 men
155 1051 19 27 ej
191 1051 39 20 bör
246 1050 120 21 diskuteras
382 1050 7 20 i
405 1050 156 28 sammanhang
576 1050 49 20 med
641 1049 41 21 den
697 1050 39 20 här
751 1049 88 21 förhan-

90 1085 142 22 denvarande.

158 1120 102 21 Friherre
276 1119 26 21 de
315 1119 22 21 la
353 1119 144 27 Chapelle:
513 1119 72 21 Sedan
597 1125 26 14 en
634 1119 68 20 talare
713 1125 50 21 nyss
774 1119 64 20 fram-

90 1155 62 21 hållit
172 1154 27 20 de
215 1154 147 27 olägenheter,
379 1160 46 14 som
440 1153 122 28 petitionen
576 1152 90 27 medför,
681 1152 39 21 har
733 1153 39 27 jag
788 1153 50 27 föga

90 1190 32 19 att
137 1189 97 27 tillägga.
265 1188 42 27 Jag
323 1187 69 21 skulle
408 1187 85 21 likvisst
508 1188 53 26 vilja
575 1187 115 21 framhålla
705 1188 38 24 att,
759 1186 33 21 för
807 1188 32 19 att

91 1230 27 14 en
138 1223 92 27 petition
251 1222 55 21 skall
326 1222 65 21 vinna
408 1222 110 26 afseende,
533 1221 39 21 bör
588 1221 24 21 af
625 1220 126 22 densamma
765 1221 75 21 kunna

91 1256 91 27 fordras,
203 1258 30 19 att
249 1256 26 21 de
291 1256 82 28 förslag
388 1256 121 28 petitionen
525 1255 130 21 framställer
671 1255 7 20 i
694 1255 33 27 sig
742 1254 52 28 sjelf
806 1255 33 21 in-

90 1291 80 21 nebära
192 1297 27 14 en
236 1290 121 28 möjlighet.
387 1290 49 20 Den
451 1290 106 28 kongress
572 1290 24 20 af
609 1296 104 21 personer
728 1296 25 13 ur
768 1289 71 25 forst-,

91 1325 86 26 finans-,
188 1324 148 21 landtmäteri-
348 1324 39 21 och
403 1324 157 20 landtstaterne
573 1324 70 26 jemte
659 1330 129 20 agronomer
799 1323 40 21 och

90 1358 217 21 nationalekonomer
325 1357 23 20 af
366 1357 42 20 alla
428 1357 72 26 stånd,
517 1363 45 14 som
577 1356 62 27 äläge
655 1356 68 20 under
739 1364 98 13 ansvars-

91 1392 116 28 skyldighet
226 1391 117 20 verkställa
363 1390 131 28 taxeringar,
514 1390 80 20 skiften
618 1397 27 13 m.
664 1397 35 19 m.,
715 1391 55 19 samt
785 1396 54 21 upp-

91 1427 53 26 göra
167 1425 81 27 förslag
270 1425 33 20 till
325 1424 170 21 forstväsendets
519 1424 184 27 ändamälsenliga
730 1424 108 21 ordnande
