1006 1709
219 132 41 23 674

258 198 59 21 Herr
332 198 97 21 Taube:
444 198 58 21 Herr
515 198 125 20 Ehrnrooth
656 198 39 20 har
705 200 72 18 ansett
787 200 32 18 att
829 198 8 20 i
847 198 72 20 denna
929 198 12 26 $

191 233 19 28 ej
227 232 67 21 borde
309 232 51 29 ingä
375 232 67 28 nägot
458 232 104 21 formulär
577 232 34 20 för
627 232 108 21 fullmakt.
765 232 43 28 Jag
823 238 70 20 anser,
909 233 32 19 att

190 267 68 21 ehuru
274 267 7 21 i
296 267 67 20 andra
377 267 39 21 fall
432 267 19 28 ej
468 267 69 20 finnes
553 267 134 20 föreskrifvit
703 274 35 13 om
753 267 140 20 formulärers
905 266 36 21 be-

189 301 122 28 gagnande,
323 301 35 21 det
369 301 39 21 här
419 303 23 19 är
454 301 140 28 nödvändigt,
610 303 23 26 ty
643 301 64 28 eljest
718 301 43 21 kan
772 301 36 21 det
819 301 40 21 lätt
869 301 72 21 hända

190 337 31 20 att
242 343 27 14 en
288 336 102 21 fullmakt
409 336 42 21 blir
467 336 96 21 skrifven
580 336 33 27 sä,
629 337 32 20 att
676 337 26 20 de
717 343 105 21 personer
838 343 45 14 som
899 336 41 21 fätt

189 371 33 28 sig
237 371 123 28 uppdraget
375 372 32 19 att
423 371 94 28 granska
535 371 135 26 densamma,
691 371 69 20 skulle
777 373 76 18 stanna
869 371 7 20 i
892 371 49 20 tvif-

189 399 91 22 velsmäl
295 399 113 27 huruvida,
424 400 27 27 pä
466 401 42 19 sätt
518 400 51 20 herr
579 399 125 21 Ehrnrooth
714 401 75 26 yttrat,
800 399 139 22 utställarens

188 434 67 28 afsigt
264 441 52 14 vore
327 434 57 21 klart
395 434 39 21 och
444 434 80 28 tydligt
535 434 188 27 tillkännagifven,
735 434 68 21 ehuru
811 434 129 21 utställaren

188 469 84 20 kanske
290 469 62 27 tyckt
367 469 33 27 sig
415 469 83 27 ganska
513 468 78 28 tydligt
606 468 65 21 hafva
685 468 96 28 uttryckt
796 469 33 20 sin
844 469 95 28 mening.

189 503 43 28 Jag
247 503 98 21 anhåller
360 504 31 19 att
407 503 87 20 ståndet
509 503 51 20 ville
576 503 43 20 låta
634 502 71 21 denna
715 504 11 26 $
738 503 87 28 gvarstä
840 503 7 20 i
857 503 82 21 riddar-

188 537 163 28 husordningen
367 536 66 22 sådan
448 537 222 21 riddarhusutskottet
681 537 113 28 föreslagit
807 538 132 21 densamma.
957 559 3 4 ,

256 572 58 21 Herr
330 579 42 14 von
387 571 142 28 Knorring:
545 571 42 28 Jag
602 571 127 22 instämmer
741 572 133 29 fullkomligt
885 573 7 20 i
903 573 36 20 det

187 606 101 29 yttrande
304 607 50 20 herr
370 607 75 20 Taube
461 607 93 28 afgifvit.
584 606 117 21 Dessutom
717 614 64 14 anser
794 608 39 27 jag
849 607 36 21 det
901 608 38 21 all-

188 641 59 21 deles
263 641 116 28 sjelffallet,
396 643 31 19 att
441 641 54 22 hvar
510 641 41 21 och
566 648 27 14 en
609 649 46 13 som
667 642 86 28 intager
765 644 45 19 säte
823 643 39 20 och
874 645 64 18 stäm-

187 683 36 14 ma
238 677 12 20 å
265 676 137 21 riddarhuset
422 676 39 21 bör
481 677 64 20 ställa
563 677 34 27 sig
612 677 84 20 landets
712 677 132 28 grundlagar
859 678 34 20 till
909 678 30 20 ef-

188 711 134 27 terrättelse;
343 711 39 20 och
403 711 103 20 eftersom
525 711 36 20 det
576 713 24 18 är
616 718 27 13 en
659 711 124 28 skyldighet
799 712 33 21 för
847 712 91 27 honom,

187 747 36 19 vet
240 746 40 28 jag
300 746 20 27 ej
342 747 32 19 att
393 745 36 21 det
449 747 24 19 är
495 745 109 21 stridande
625 747 45 20 mot
690 746 36 21 det
745 748 56 19 rätta
820 748 31 19 att
867 747 71 21 denna

188 780 125 28 skyldighet
328 782 24 19 är
366 780 89 21 uttalad.

254 814 59 21 Herr
333 822 42 13 von
394 814 152 27 Haartman,
565 814 38 21 V.:
623 814 44 22 Det
687 816 61 20 torde
769 816 34 20 väl
824 817 20 27 ej
865 816 74 29 äligga

188 849 76 21 endast
284 848 26 21 de
330 856 111 20 personer,
462 856 46 14 som
529 850 50 27 taga
599 850 46 20 säte
665 850 39 20 och
721 852 91 19 stämma
827 851 13 20 &
855 851 82 21 riddar-

185 883 74 27 huset,
279 885 32 19 att
330 883 132 21 underkasta
483 883 32 28 sig
534 883 85 22 landets
634 884 101 27 gällande
751 885 132 28 grundlagar
898 886 39 21 och

187 918 63 21 ställa
270 917 34 28 sig
324 917 48 21 dem
393 918 33 20 till
447 918 152 21 efterrättelse.
629 918 80 21 Dertill
725 921 23 18 är
763 919 53 21 hvar
832 920 39 21 och
887 927 27 14 en
930 920 7 21 i

186 953 50 20 hela
256 952 74 21 landet
350 952 119 28 förpligtad
489 953 40 20 och
549 953 36 20 vid
605 953 76 20 sädant
698 953 136 22 förhällande
849 956 36 19 vet
897 955 40 28 jag

186 987 20 27 ej
222 986 101 21 hvarföre
340 986 35 21 det
390 987 81 28 precist
487 987 55 20 skall
553 987 114 28 inskärpas
678 988 39 21 hos
729 988 26 21 de
767 995 110 22 personer,
890 996 46 14 som

186 1021 62 21 skola
263 1021 51 21 sitta
329 1021 29 28 pä
372 1021 143 21 riddarhuset.

253 1090 114 20 Anmältes
383 1089 40 21 och
439 1091 107 27 emottogs
562 1097 26 14 en
604 1091 127 27 deputation
747 1091 48 21 frän
808 1092 128 21 bondestän-

186 1124 46 27 det,
253 1123 77 21 anförd
350 1123 24 21 af
391 1123 201 22 landthushällaren
613 1124 24 21 C.
653 1125 20 20 J.
689 1125 90 26 Pousar,
800 1133 45 13 som
861 1126 76 28 inbjöd

184 1157 151 28 ridderskapet
351 1158 39 20 och
406 1157 62 22 adeln
485 1160 32 19 att
532 1158 87 28 deltaga
630 1159 7 20 i
649 1159 148 28 underdäniga
808 1160 127 27 petitioner:

187 1193 32 20 1:o
240 1199 35 14 om
297 1192 104 27 rättighet
423 1192 33 21 för
479 1193 116 20 ständerne
618 1195 33 18 att
673 1193 85 22 besluta
778 1201 34 14 om
833 1195 102 28 beloppet

185 1227 23 20 af
226 1226 159 28 tullafgifterna
408 1227 39 20 och
470 1227 121 21 bestämma
613 1228 124 26 grunderna
760 1228 34 21 för
814 1229 121 21 desammas

185 1261 139 27 erläggande,
340 1261 39 19 och
389 1261 33 19 2:o
436 1261 112 27 angående
560 1262 65 19 sättet
637 1261 39 20 och
687 1261 121 29 ordningen
821 1262 33 20 för
865 1263 70 20 finska

184 1294 99 28 spräkets
298 1294 114 21 införande
428 1295 70 20 säsom
514 1295 147 28 kurialspräk;
677 1296 115 21 hvaröfver
805 1296 130 29 protokolls-

184 1328 78 28 utdrag
277 1328 71 22 tillika
362 1328 141 22 inlemnades.

251 1398 59 22 Herr
324 1404 43 16 von
381 1398 79 28 Born,
475 1399 28 21 K.
519 1400 34 20 F.:
569 1400 140 21 Betraffände
725 1400 42 22 den
783 1401 53 21 sista
851 1402 83 21 menin-

183 1440 43 22 gen
238 1433 24 21 af
270 1433 24 21 11
304 1434 21 28 $:
338 1433 101 29 yhvarvid
447 1434 43 23 han
501 1434 144 31 ovilkorligen
658 1435 115 31 förpligtas
783 1438 32 19 att
826 1436 64 22 ställa
901 1437 34 29 sig
