1025 1720
764 119 40 19 385

84 184 40 22 den
142 185 4 20 i
164 185 116 28 kejserliga
298 185 102 20 trontalet
416 185 115 21 ständerne
547 184 33 21 för
596 184 116 21 framtiden
724 183 110 21 utlofvade

84 220 138 21 motionsrätt
243 219 62 28 tyder
325 219 61 26 derå,
407 221 31 19 att
458 219 135 28 påyrkandet
608 219 24 21 af
645 219 126 27 tidsenliga,
788 218 48 21 utaf

84 254 68 20 folket
168 253 96 22 önskade
279 254 113 25 reformer,
408 255 37 19 äro
460 253 28 20 H.
506 253 59 28 Kejs.
581 253 63 28 Maj:t
659 255 128 25 angenäma.

152 288 43 21 Det
216 289 23 19 är
259 288 90 26 bekant,
366 289 32 19 att
418 294 26 14 en
464 287 147 28 grundtanke,
627 294 45 13 som
689 289 23 18 är
728 293 106 14 samman-

86 324 51 19 vext
156 322 49 21 med
220 321 36 22 det
271 321 70 21 finska
357 321 79 21 folkets
451 321 96 28 begrepp
564 329 34 13 om
615 321 36 20 det
667 323 63 24 rätta,
746 327 88 21 genom-

84 357 40 27 går
139 357 52 20 våra
206 356 23 21 af
243 356 113 21 förfädren
372 355 61 22 ärfda
448 356 67 27 lagar,
531 356 110 27 nemligen
657 355 49 27 den,
722 359 30 17 att
762 363 25 12 en
801 355 34 21 do-

84 399 58 13 mare
166 392 19 27 ej
205 393 35 20 må
263 395 53 17 utan
337 391 49 28 laga
406 391 132 28 ransakning
559 391 36 20 och
613 390 46 21 dom
675 390 57 29 från
752 389 84 22 embetet

85 426 83 28 skiljas.
198 425 78 21 Denna
296 425 84 27 princip
401 425 79 20 uttalas
502 425 102 20 särskildt
619 425 7 19 i
642 425 152 20 stadfästelsen
815 425 23 19 af

87 460 54 21 1789
158 460 34 20 års
208 460 121 27 förenings-
346 459 40 21 och
402 458 157 22 säkerhetsakt.
584 459 47 21 Hos
642 466 34 14 oss
688 458 85 22 utöfvas
783 458 53 28 hög-

86 496 34 20 sta
135 494 178 22 domaremakten
329 494 6 20 i
350 494 61 21 Hans
432 494 62 27 Maj:t
513 493 119 29 Kejsarens
653 500 65 15 namn
738 493 24 21 af
776 500 61 15 sena-

86 531 48 19 tens
152 528 244 28 justitiedepartement.
426 527 159 23 Ledamöterne
601 528 45 20 deri
663 530 37 19 äro
716 528 122 21 emellertid

86 564 49 21 icke
151 563 130 28 oafsättlige,
297 563 32 28 ity
345 564 31 20 att
392 564 26 20 de
434 564 60 20 utses
509 564 32 20 för
557 570 27 14 en
600 562 31 21 tid
645 563 23 21 af
677 563 76 21 endast
763 565 33 19 tre
807 563 30 21 år.

86 598 52 22 Man
158 597 72 22 kunde
249 600 43 25 tro,
313 599 32 19 att
364 598 71 20 denna
454 597 115 29 olägenhet
585 604 51 14 vore
653 597 93 28 afhjelpt
762 597 77 21 endast

86 634 41 20 och
144 633 91 21 allenast
251 640 78 21 genom
345 633 160 21 ledamöternes
520 633 147 20 utnämnande
683 633 13 20 å
710 632 78 27 lifstid,
806 633 32 20 så-

87 668 50 21 vida
153 668 18 27 ej
189 669 31 19 ett
235 667 147 28 väsendteligt
396 667 78 21 hinder
487 667 69 21 skulle
567 667 116 21 förefinnas
695 667 53 26 deri,
759 669 31 19 att
802 667 37 22 det

88 705 23 18 är
132 702 50 28 föga
203 701 247 27 öfverensstämmande,
471 701 95 22 hvarken
585 702 49 21 med
649 701 142 28 regeringens
807 702 31 21 in-

88 739 76 24 tresse,
181 737 52 20 eller
249 736 49 21 med
313 737 117 20 rättvisans
446 736 129 28 fordringar,
591 737 32 20 att
637 743 105 21 personer
758 738 36 19 äro
811 737 28 27 på

88 778 26 14 en
136 771 58 28 gång
213 771 122 21 ledamöter
355 771 7 20 i
378 778 26 13 en
420 771 102 28 regering
538 770 39 21 och
593 771 70 20 tillika
679 771 99 26 domare,
795 771 45 20 ofta

89 813 43 21 nog
147 806 6 20 i
170 806 49 26 mål,
232 805 38 21 der
285 806 131 28 regeringen
432 805 53 22 eller
500 805 83 21 kronan
599 807 24 19 är
637 807 50 26 part
702 805 12 20 å
726 813 40 13 ena
778 805 61 21 sidan

89 841 39 20 och
148 840 40 21 den
209 840 98 21 enskilde
323 841 12 20 å
352 840 66 21 andra
434 840 68 21 sidan.
532 839 197 28 Nödvändigheten
745 841 31 19 att
792 840 48 21 från

89 874 119 29 kejserliga
229 876 89 19 senaten
339 874 88 28 afskilja
446 874 195 26 domareembetet,
657 876 23 18 är
701 874 83 21 således
800 874 40 20 lätt

89 908 87 28 insedd,
191 909 92 21 likasom
299 911 32 19 att
346 909 70 21 denne
433 908 148 22 domaremakt
597 908 6 21 i
617 908 112 28 judiciella
743 909 43 20 mål
801 908 40 21 bör

90 944 84 21 utöfvas
195 944 7 20 i
222 943 61 21 Hans
304 944 63 28 Maj:t
386 943 120 29 Kejsarens
526 950 65 14 namn
609 943 24 20 af
646 950 26 13 en
688 942 78 28 högsta
782 943 58 21 dom-

90 979 52 27 stol,
163 979 64 20 hvars
248 978 120 21 ledamöter
387 978 24 20 af
422 978 118 21 monarken
557 978 102 20 tillsättas
675 978 40 20 och
730 978 74 20 hvilka
820 978 20 28 ej

91 1013 136 21 annorlunda
247 1015 27 18 än
295 1019 79 21 genom
392 1013 50 27 laga
462 1012 133 28 ransakning
616 1012 39 21 och
675 1012 49 21 dom
743 1012 35 21 må
793 1012 47 21 från

91 1047 96 21 embetet
208 1047 82 27 skiljas.
321 1047 84 21 Genom
425 1054 26 14 en
468 1046 65 21 sådan
549 1046 128 28 förändring
692 1046 42 21 kan
751 1046 36 21 det
802 1054 39 13 nu-

91 1081 95 21 varande
199 1081 261 27 justitiedepartementet
476 1080 100 29 indragas
593 1081 39 21 och
643 1080 26 21 de
680 1081 104 27 göromål,
796 1080 45 22 det-

92 1123 83 14 samma
190 1115 85 21 utöfver
291 1116 42 20 den
350 1116 110 27 egentliga
475 1115 169 28 lagskipningen
655 1115 105 26 innehaft,
772 1115 70 21 öfver-

92 1150 73 28 flyttas
179 1149 13 22 å
207 1157 26 14 en
250 1150 93 21 särskild
358 1150 112 28 afdelning
486 1150 22 20 af
521 1150 118 28 kejserliga
655 1152 96 18 senaten.

161 1184 11 20 I
193 1185 157 27 sammanhang
369 1184 90 22 härmed
479 1191 63 14 anser
559 1185 40 27 jag
617 1184 45 28 mig
679 1184 53 21 böra
748 1184 94 28 påpeka,

94 1220 31 20 att
145 1226 26 13 en
187 1218 7 21 i
210 1219 51 21 flere
282 1218 189 22 konstitutionella
490 1218 74 21 länder
581 1218 111 28 sedvanlig
708 1218 135 22 embetsman

94 1254 39 20 hos
154 1260 34 14 oss
209 1253 88 21 alldeles
318 1253 88 26 saknas,
422 1252 109 27 nemligen
551 1259 26 14 en
599 1252 144 26 embetsman,
764 1260 46 14 som
831 1254 13 20 å

94 1287 129 21 ständernes
243 1290 81 25 vägnar
340 1287 128 21 öfvervakar
482 1287 100 27 lagarnes
599 1288 56 19 rätta
669 1286 174 21 handhafvande.

94 1321 46 21 Det
158 1321 40 20 bör
219 1321 83 21 således
323 1328 51 14 vara
394 1323 31 19 ett
442 1321 162 28 önskningsmål
619 1320 33 21 för
668 1328 30 13 nu
712 1321 132 20 församlade

96 1354 95 26 ständer,
210 1356 32 19 att
262 1354 21 20 få
304 1355 47 20 utse
370 1362 27 13 en
418 1354 66 20 sådan
499 1354 144 26 embetsman,
660 1354 41 20 den
717 1353 45 27 der,
775 1355 69 28 jemte

96 1389 37 20 det
152 1388 80 20 honom
253 1388 69 20 skulle
338 1388 94 20 tilldelas
448 1388 104 27 rättighet
567 1388 38 25 att,
621 1387 27 21 då
663 1388 42 20 han
722 1387 34 21 för
770 1388 75 26 nödigt

97 1423 76 26 finner,
194 1422 125 22 omedelbart
336 1423 40 20 hos
396 1422 61 21 Hans
478 1422 62 28 Maj:t
559 1421 22 21 få
596 1421 6 21 i
619 1421 173 29 underdånighet
808 1428 37 14 an-
