1011 1720
747 128 37 21 791

69 191 44 28 der,
137 191 77 22 hvaraf
232 193 103 20 räntorna
356 192 65 22 borde
442 193 109 21 användas
571 193 33 21 till
625 193 26 21 de
671 194 49 21 med
740 194 76 28 hvarje

69 226 42 27 dag
129 233 46 14 mer
191 227 39 20 och
247 234 45 13 mer
307 227 161 21 framträdande
484 228 138 21 kommunala
638 228 117 27 behofven,
776 230 39 20 och

69 261 54 20 skall
137 261 39 27 jag
192 268 44 13 som
254 261 46 20 skäl
315 261 75 21 härför
405 262 82 26 anföra,
499 264 30 18 att
541 262 233 27 socknemagasinerna
785 264 31 19 åt-

68 294 108 21 minstone
192 295 7 20 i
215 297 71 18 vestra
301 295 87 27 Nyland
403 296 28 27 på
441 296 55 20 intet
507 296 31 20 vis
549 298 118 19 motsvarat
678 297 54 20 eller
743 297 73 20 kunna

68 330 108 19 motsvara
196 329 36 20 det
253 329 49 20 med
323 329 49 20 dem
392 329 168 28 ursprungligen
579 329 88 22 afsedda
687 331 130 26 ändamålet,

67 363 109 21 såtillvida
190 371 45 13 som
252 363 26 21 de
294 370 90 14 numera
400 365 36 19 äro
452 366 32 19 att
499 365 79 20 räknas
594 364 33 21 till
643 364 26 21 de
680 365 135 28 förderfliga-

67 400 33 19 ste
115 398 145 28 inrättningar
276 399 7 19 i
298 399 147 27 nyssnämnda
460 399 107 27 landsort,
583 399 73 21 säkert
672 399 143 21 befordrande

67 432 120 28 allmogens
202 432 161 28 skuldsättning
378 432 40 21 och
434 415 155 46 nedåtgående.

134 467 44 20 Det
198 469 24 19 är
240 467 110 27 nemligen
368 467 7 21 i
396 467 26 21 de
442 468 62 20 flesta
523 468 39 21 fall
577 468 48 20 icke
641 468 26 20 de
683 457 59 32 stora
754 468 60 28 jord-

68 501 160 29 egendomarna
243 502 85 27 sjelfva,
343 503 52 19 utan
412 502 74 20 dessas
500 504 87 26 torpare
602 503 41 20 och
658 502 26 21 de
700 503 46 21 små
756 503 60 21 hem-

68 543 89 13 manens
176 536 153 27 innehafvare,
345 543 45 13 som
406 536 51 21 låna
473 544 25 13 ur
513 537 202 27 socknemagasinet
730 544 33 14 om
780 538 36 20 vå-

68 577 48 19 ren,
132 570 33 20 för
180 572 32 18 att
228 578 35 13 om
278 570 77 21 hösten
371 570 98 21 inbetala
485 577 25 14 en
527 571 84 27 ganska
626 571 54 28 dryg
695 572 36 20 del
745 572 25 20 af
782 572 34 20 sin

67 604 88 28 knappa
175 604 74 27 skörd,
271 604 40 21 och
332 604 72 21 denna
422 604 136 28 inbetalning
576 605 123 21 föranleder
717 606 47 20 dem
785 608 31 18 att

67 638 125 28 påföljande
214 638 38 21 vår
275 639 55 27 ånyo
352 638 60 27 låna,
432 638 34 21 för
486 640 32 20 att
536 646 36 14 om
591 639 77 21 hösten
688 640 51 20 med
761 640 55 27 dryg

67 674 63 20 ränta
145 673 47 20 åter
207 672 103 27 inbetala,
325 672 111 22 hvarefter
452 673 25 21 de
494 673 89 21 sålunda
595 674 72 27 jemnt
682 674 134 21 fortfarande

68 708 74 27 hvarje
159 708 23 20 år
197 707 119 28 anticipera
331 708 27 27 på
374 707 101 27 skörden,
492 708 22 21 så
529 710 31 18 att
570 707 37 22 det
621 708 100 28 slutligen
733 708 83 28 knappt

68 749 60 13 mera
146 742 41 20 blir
207 742 102 20 tänkbart
327 742 34 20 för
379 742 49 20 dem
449 744 42 25 att,
507 743 70 21 såsom
596 742 36 21 det
650 742 28 28 på
695 743 121 28 allmogens

68 777 65 28 språk
147 777 111 21 derstädes
274 777 67 27 heter,
359 778 83 27 ,slippa
458 778 55 20 ifrån
529 778 142 27 magasinet."

135 811 41 21 Om
189 812 39 27 jag
244 811 142 28 undantager,
402 813 32 19 att
448 812 129 28 delegarene
588 812 7 20 i
606 812 58 21 kalla
674 812 39 20 och
724 812 92 28 regniga

68 846 23 20 år
110 846 6 19 i
136 846 152 27 magasinerna
306 846 63 20 hafva
388 848 78 25 genast
484 846 33 20 till
534 846 70 20 hands
623 848 31 18 ett
673 846 52 27 godt
740 846 76 21 utsäde

68 879 40 22 och
124 879 58 22 detta
198 880 7 20 i
220 881 71 19 rättan
308 879 37 27 tid,
361 880 23 20 så
399 881 53 26 göra
468 881 63 20 dessa
544 880 146 27 inrättningar
705 881 33 20 för
749 881 67 27 öfrigt

67 914 48 21 icke
137 914 120 27 synnerligt
273 921 57 20 gagn
346 914 7 20 i
365 914 135 27 missvextår,
516 914 131 21 åtminstone
663 915 48 20 icke
726 915 35 20 vid
778 915 38 20 ku-

68 951 57 24 sten,
141 949 31 20 dit
187 949 117 20 tillförseln
322 949 60 20 alltid
401 951 23 18 är
440 949 48 28 lätt;
505 951 22 26 ty
543 949 36 21 vid
597 949 129 21 inträffande
743 949 73 21 felsla-

68 991 42 20 gen
126 983 71 26 skörd,
213 983 101 28 vanligen
330 983 125 21 bestämbar
470 984 53 21 först
539 984 6 20 i
558 984 42 27 juli
616 983 87 27 månad,
719 983 97 22 innestår

68 1018 35 21 vid
119 1018 93 21 nämnde
227 1018 31 21 tid
274 1019 47 20 icke
337 1019 87 27 mycket
438 1019 85 21 utöfver
538 1019 41 20 den
595 1018 109 21 såkallade
719 1019 97 20 utsädes-

69 1053 90 26 fonden,
183 1053 65 20 sedan
271 1053 234 28 undsättningsfonden
530 1053 66 21 redan
616 1053 64 28 tidigt
698 1053 27 28 på
744 1053 72 27 våren,

68 1087 70 22 såvidt
160 1088 86 27 möjligt
268 1095 44 19 var,
332 1087 91 21 vandrat
443 1095 25 13 ur
486 1088 127 27 magasinet.
643 1087 92 28 Uttages
758 1095 29 14 nu
810 1089 6 20 i

69 1122 93 28 augusti,
177 1122 34 21 för
226 1124 32 19 att
273 1122 117 21 verkställa
406 1122 87 27 sådden,
505 1123 70 20 denna
585 1122 147 27 utsädesfond,
744 1123 24 20 så
778 1123 38 20 fin-

68 1164 39 13 nes
122 1157 7 20 i
144 1157 122 27 magasinet
282 1163 52 21 qvar
352 1159 60 18 snart
427 1157 63 27 sagdt
504 1158 51 20 intet
566 1156 34 21 för
614 1156 40 21 den
671 1157 147 27 påträngande

69 1191 61 21 svåra
146 1191 84 21 vintren
249 1203 21 3 —
290 1191 39 20 och
345 1191 59 20 detta
415 1192 49 27 just
479 1191 26 21 dä
521 1191 49 20 hela
581 1190 236 28 undsättningsfonden

68 1225 48 20 bäst
135 1225 55 20 hade
212 1225 85 20 behöfts
318 1225 39 20 och
375 1225 41 20 den
432 1225 77 27 fattiga
524 1225 127 27 läntagaren
669 1225 66 20 redan
752 1225 66 20 sedan

68 1259 41 21 den
130 1259 142 20 sistförflutna
292 1259 66 20 vären
379 1260 23 19 är
420 1259 60 20 öfver
495 1259 78 21 höfvan
590 1258 99 21 försänkt
705 1259 6 20 i
729 1259 89 20 skulder

68 1293 33 20 till
118 1300 81 13 samma
214 1293 104 27 magasin.

137 1327 46 20 Mot
204 1326 159 22 ofvannämnda
383 1326 82 28 förslag
484 1327 72 20 kunde
576 1334 50 13 man
642 1326 127 28 visserligen
786 1327 32 20 in-

69 1360 80 26 vända,
169 1362 31 18 att
219 1360 27 20 dä
260 1360 49 20 icke
324 1360 43 20 alla
380 1360 101 20 hemman
498 1360 53 20 eller
566 1360 230 26 fabriksinrättningar
811 1360 7 20 i

68 1400 28 14 en
117 1393 78 21 socken
217 1395 37 19 äro
274 1394 101 26 delegare
396 1394 7 19 i
424 1393 36 20 det
480 1393 110 20 såkallade
609 1393 209 27 socknemagasinet,

69 1434 26 14 en
123 1427 179 21 kommunalfond
321 1427 40 29 för
384 1427 47 21 hela
454 1427 79 21 socken
557 1427 20 27 ej
600 1427 135 27 rättvisligen
759 1427 62 21 deraf

115 1467 52 22 Högl,
180 1467 52 16 Ridd.
246 1468 28 15 och
287 1467 64 17 Adelns
363 1467 65 17 Protok.
442 1466 25 17 IT.
728 1467 21 16 51
