1025 1711
767 124 41 27 809

90 189 85 28 hundra
189 189 101 28 nittionio
305 193 105 37 persoiier
424 189 141 36 pensioneras
580 189 50 29 med
640 189 62 28 deräs
713 197 123 22 nuvarande

90 230 137 29 ungefärliga
241 231 36 20 lön
293 231 24 21 af
329 231 116 22 etthundra
459 232 64 27 tjugu
533 231 67 21 mark.
623 231 62 22 Huru
696 232 79 27 mänga
785 231 52 22 flera

89 265 56 21 efter
164 265 75 21 trettio
260 265 29 27 är,
310 265 139 29 synnerligen
469 273 34 14 om
522 266 139 21 statsbankan
675 265 35 22 för
725 265 59 22 detta
799 266 38 21 fall

89 298 107 28 beviljade
211 299 48 28 fyra
275 299 38 21 och
329 306 28 14 en
372 300 48 21 half
431 302 101 26 procents
547 300 72 21 ränta!

158 333 51 21 Men
225 333 27 21 då
266 334 145 27 petitionären
426 334 107 28 härjemte
547 334 81 28 åsyftar
643 335 147 27 uppmuntran
804 333 34 22 till

89 368 74 26 nitisk,
178 369 77 27 trogen
272 368 40 21 och
328 376 27 13 en
371 376 59 14 mera
445 368 164 29 stadigvarande
625 369 67 27 tjenst
705 369 39 21 hos
755 376 82 13 samma

89 402 170 27 husbondefolk,
278 403 24 20 så
323 403 69 21 skulle
408 403 76 21 sådant
499 405 52 19 utan
566 403 75 21 tvifvel
657 403 47 20 bäst
719 402 118 28 befrämjas

89 443 79 22 genom
184 437 86 27 förhöjd
285 437 91 28 pension
392 437 33 21 till
440 437 42 22 den
496 444 59 14 mera
570 437 136 21 meriterade.
731 437 40 21 Om
787 443 50 14 man

88 471 135 27 förutsätter,
238 473 32 18 att
285 479 26 14 en
328 472 84 27 tjenare
424 472 55 21 först
491 472 54 21 efter
555 471 122 29 trettioårig
687 472 68 27 tjenst
765 471 72 21 blefve

89 506 33 21 till
140 505 141 29 fortsättning
296 506 63 21 deraf
372 506 127 29 oförmögen
515 507 39 20 och
570 508 31 19 att
617 513 26 14 en
659 513 46 14 som
720 506 48 21 icke
785 506 53 21 fulla

89 541 30 20 tio
136 540 24 21 år
175 540 91 28 deltagit
281 541 32 20 uti
329 540 103 29 bidragen
448 541 110 27 uteslötes,
574 541 23 21 så
611 540 121 28 medgifver
747 540 37 21 det
794 540 44 21 för-

89 574 70 22 ökade
173 574 106 29 kapitalet
295 582 26 14 en
337 575 25 21 så
376 576 87 28 mycket
478 576 67 28 högre
560 575 101 21 dividend
676 575 34 21 för
725 574 60 22 detta
800 576 37 19 än-

89 609 78 22 damål.
197 609 82 29 Hvarje
299 610 85 28 tjenare
404 610 72 22 kunde
497 617 51 15 vara
568 609 87 22 försedd
674 609 50 21 med
742 617 26 13 en
783 609 54 27 bok,

89 644 87 21 hvaruti
191 644 48 21 icke
254 644 92 21 allenast
361 645 25 20 de
402 645 32 20 till
450 644 181 29 pensionskassan
646 644 105 21 inbetalte
767 644 70 20 bidra-

89 685 49 21 gen,
150 680 52 20 utan
215 678 40 21 ock
267 679 141 27 tjenstetiden
422 679 39 21 hos
475 679 74 28 hvarje
559 678 112 22 husbonde
681 678 23 21 af
713 678 124 22 densamme

88 713 79 21 funnes
183 714 127 20 antecknad.
335 713 43 22 Vid
394 714 125 20 företeende
534 714 7 20 i
557 714 69 20 sinom
640 712 32 22 tid
681 712 25 22 af
714 712 71 22 denna
794 712 44 21 bok

89 747 38 21 hos
143 747 195 28 kommunalrådet,
354 748 69 21 skulle
438 748 59 21 detta
512 749 40 27 äga
567 748 125 26 bestämma,
704 747 33 21 till
748 746 89 22 hvilken

89 782 162 28 pensionsklass
271 782 110 22 individen
401 782 68 22 borde
489 782 101 22 hänföras
611 782 39 21 och
670 781 67 29 draga
751 781 86 28 försorg

90 823 35 14 om
141 816 157 29 reqvisitionen
314 819 56 19 samt
382 817 151 28 fördelningen
547 817 22 21 af
581 824 96 14 summan
690 824 28 13 m.
730 823 39 20 m.;
783 816 54 20 hvil-

89 852 38 20 ket
147 852 48 26 allt,
216 851 46 21 ifall
282 852 117 27 högloflige
418 851 150 28 ridderskapet
587 852 40 20 och
646 851 63 21 adeln
730 850 51 22 ville
801 850 36 21 be-

89 887 79 27 främja
183 885 71 22 denna
268 885 100 29 petition,
384 885 24 22 af
419 893 27 14 en
460 885 86 22 nedsatt
560 885 80 22 komit&
654 885 72 21 kunde
738 887 99 19 närmare

90 920 111 23 utvecklas
217 921 32 20 för
265 922 31 19 att
311 920 123 21 sedermera
449 920 133 29 legaliseras.

157 949 102 39 Friherre
279 953 135 30 Carpelan:
436 954 43 29 Jag
494 955 107 22 erkänner
617 954 48 22 med
681 954 50 28 nöje
747 954 40 21 och
803 953 33 22 lif-

89 989 78 30 ligaste
187 989 128 29 deltagande
330 989 37 22 det
382 989 208 28 menniskovänliga,
606 989 36 22 det
657 988 49 22 ädla
721 989 116 26 tänkesätt,

90 1032 47 13 som
157 1025 94 20 dikterat
271 1024 165 29 ifrägavarande
456 1025 91 28 förslag,
567 1031 49 14 men
633 1024 39 28 jag
687 1023 83 28 nödgas
785 1029 52 16 anse

90 1059 36 21 det
145 1058 69 21 under
232 1059 135 21 närvarande
382 1058 150 22 förhällanden
548 1059 126 21 outförbart.
703 1059 40 20 Att
758 1065 79 20 genom

90 1100 27 15 en
132 1093 37 28 lag
184 1093 76 28 stadga
278 1093 89 28 afgifter
381 1093 48 22 frän
444 1093 113 22 husbonde
573 1093 40 22 och
628 1093 143 28 tjenstehjon,
786 1099 51 14 vore

89 1128 121 21 detsamma
224 1135 45 13 som
285 1129 32 20 att
332 1128 100 21 beskatta
447 1128 56 27 dem,
519 1128 39 21 och
574 1127 72 22 dertill
657 1135 64 13 anser
728 1128 40 28 jag
779 1129 58 19 stän-

90 1162 67 22 derna
177 1162 7 21 i
204 1162 59 22 detta
283 1162 37 21 fall
339 1163 21 27 ej
376 1164 41 27 äga
432 1163 72 28 någon
519 1162 138 28 befogenhet.
686 1162 44 21 Det
746 1162 55 21 enda
816 1162 21 20 vi

90 1197 6 20 i
112 1197 135 21 närvarande
262 1197 31 21 tid
308 1198 75 20 kunna
397 1198 53 27 göra
466 1204 63 21 synes
543 1198 45 27 mig
602 1203 52 15 vara
665 1198 31 19 att
706 1198 131 26 uppmuntra

89 1230 42 22 den
152 1230 103 29 tjenande
274 1231 87 21 klassen
382 1233 31 19 att
432 1231 52 28 ingå
501 1232 7 20 i
527 1231 133 28 sparbanker
674 1230 41 21 och
730 1230 107 22 ränteför-

90 1265 211 29 säkringsanstalter.
324 1266 40 20 Att
379 1265 148 21 åstadkomma
542 1266 66 27 något
623 1265 7 20 i
641 1265 60 21 detta
713 1264 124 22 hänseende

89 1299 58 22 visar
167 1300 34 27 sig
218 1299 67 21 redan
301 1300 67 26 svårt,
384 1300 131 20 åtminstone
529 1300 28 27 på
572 1300 41 25 den
629 1301 43 25 ort,
688 1299 38 21 der
738 1300 39 27 jag
792 1299 45 20 bor.

90 1333 42 28 Jag
147 1334 40 21 har
202 1334 49 20 sökt
266 1336 31 18 att
311 1334 74 20 kunna
400 1334 167 28 tillvägabringa
583 1341 26 13 en
625 1334 114 27 sparkassa
754 1334 7 20 i
772 1333 66 27 afsigt

89 1369 32 19 att
140 1367 35 21 för
194 1368 59 20 mina
272 1368 133 28 tjenstehjon
426 1367 55 21 eller
500 1367 152 21 företrädesvis
671 1367 27 20 de
713 1367 23 21 så
751 1366 86 22 kallade

90 1401 233 29 spanmålsdrängarne
343 1402 69 21 under
431 1402 58 20 vissa
509 1401 105 21 förbehåll
633 1401 81 21 insätta
733 1402 31 20 ett
784 1400 53 22 visst

90 1436 89 33 belopp,
199 1435 24 22 af
240 1436 126 30 förslagsvis
381 1436 13 21 5
409 1435 72 30 kopek
496 1435 7 21 i
519 1436 88 29 veckan,
623 1435 34 21 för
671 1435 64 22 hvart
750 1435 40 22 och
806 1436 31 22 ett
