1003 1709
208 139 42 20 682

181 203 20 27 ej
222 202 45 26 ske,
289 202 89 21 emedan
398 202 36 20 det
450 208 51 15 vore
525 204 31 19 att
566 202 45 20 här
626 202 51 28 ingå
691 202 7 20 i
714 202 134 27 granskning
863 201 23 21 af
899 208 27 14 en

181 237 78 21 allmän
276 236 213 28 landtdagsordning.

248 271 57 21 Herr
321 270 153 27 Schauman,
496 270 20 21 J.
537 272 37 20 A.:
595 270 43 28 Jag
652 278 64 14 anser
731 272 32 19 att
779 277 78 21 genom
872 277 54 21 upp-

180 306 114 27 läsningen
314 305 23 21 af
354 305 26 21 de
400 305 93 21 nämnde
508 306 24 26 $$
551 312 45 14 mer
616 307 26 19 än
656 305 127 27 tillräckligt
801 305 125 28 ådagalagts

182 340 62 21 deras
270 340 141 27 olämplighet
436 341 31 19 att
494 340 74 20 ställas
590 340 32 20 till
643 340 131 20 efterlefnad
796 340 5 20 i
824 340 38 20 vår
888 339 38 21 tid.

182 375 32 20 De
230 376 37 19 äro
287 374 133 28 fullkomligt
439 374 151 21 medeltidiska
609 374 54 21 både
682 374 33 20 till
731 374 65 28 språk
811 374 39 20 och
866 374 61 20 inne-

181 409 50 21 håll.
261 408 108 21 Hvarföre
387 409 47 27 just
453 408 61 21 dessa
529 410 78 19 tvenne
622 409 23 27 $$
659 410 83 20 ansetts
757 415 51 15 vara
822 408 26 21 de
864 408 63 27 enda,

182 450 44 14 som
248 443 23 21 af
290 443 70 27 gamla
380 442 233 28 riddarhusordningen
635 443 69 21 skulle
721 444 95 27 qvarstå,
832 443 43 21 kan
888 444 39 27 jag

182 479 19 26 ej
218 478 60 20 fatta.
308 477 43 27 Jag
371 484 63 14 anser
454 477 36 21 det
510 478 112 27 olämpligt
645 480 31 18 att
696 478 108 21 bibehålla
823 484 27 14 en
872 477 55 21 enda

181 512 89 27 mening
290 512 24 20 af
327 511 41 21 den
384 512 72 27 gamla
470 512 217 28 riddarhusordning;
703 512 87 21 hvartill
806 512 70 21 skulle
892 512 36 20 det

182 546 63 28 eljest
261 546 60 28 tjena
339 548 32 18 att
386 546 82 21 skrifva
483 553 26 14 en
525 553 35 21 ny.
590 546 51 21 Icke
656 547 39 20 har
711 546 36 21 det
763 547 33 20 väl
812 547 55 20 varit
882 553 45 14 me-

182 582 87 26 ningen,
286 580 26 21 då
326 580 25 21 de
367 580 145 21 komitterade
528 580 120 28 uppgjorde
665 581 37 20 sitt
718 581 87 27 förslag,
820 583 32 19 att
866 581 63 20 dessa

181 616 24 28 $$
221 616 39 20 alls
276 615 69 21 skulle
361 614 86 22 komma
462 614 78 28 ifråga;
562 615 36 21 det
609 617 24 19 är
644 615 226 27 riddarhusutskottet,
881 622 46 14 som

181 650 71 28 tillagt
272 650 59 20 detta
352 649 124 28 stadgande.
507 650 63 21 Hvad
586 650 210 21 landtmarskalkens
812 650 115 28 åliggande

181 684 109 27 beträffar,
305 691 62 13 anser
380 684 39 28 jag
433 684 36 20 det
488 684 125 28 stadgande,
625 691 44 14 som
681 685 62 27 ingår
759 684 6 20 i
782 684 60 22 13:de
852 680 9 36 &
879 684 48 21 full-

181 719 92 27 komligt
288 718 132 28 tillräckligt.
450 718 64 21 Hvad
534 726 27 13 en
581 718 129 22 ordförande
731 720 7 19 i
758 726 27 14 en
800 719 128 27 församling

181 753 24 21 af
221 753 57 21 hvad
297 752 211 22 beskaffenhet'som
523 754 57 20 helst
595 753 138 27 tillkommer,
748 756 36 18 vet
799 755 76 19 nästan
892 760 35 14 en-

181 788 53 20 hvar
248 788 8 20 i
272 788 51 20 våra
342 787 62 26 tider,
420 788 40 20 och
476 788 40 27 jag
531 790 35 19 vet
582 788 20 27 ej
619 788 65 28 något
699 788 54 26 skäl,
769 788 100 21 hvarföre
882 788 47 28 just

182 821 198 21 landtmarskalken
400 822 55 20 skall
474 822 120 21 tillkomma
615 822 67 21 andra
702 822 135 28 rättigheter,
854 824 26 19 än
901 829 27 14 en

182 856 128 22 ordförande
332 857 6 20 i
357 857 128 27 allmänhet,
505 857 39 21 och
564 857 69 21 såsom
653 857 67 21 redan
740 857 50 22 herr
810 857 118 21 Edelsköld

183 893 81 25 nämnt,
280 891 74 20 tillhör
369 891 59 21 detta
447 898 26 14 en
492 892 80 20 allmän
587 892 214 28 landtdagsordning.
832 892 43 28 Jag
894 899 34 20 yr-

181 925 39 21 kar
236 924 86 22 derföre
337 926 28 27 på
382 925 149 21 bibehållande
546 926 23 21 af
581 926 70 21 denna
667 927 11 27 &
694 926 65 21 sådan
776 926 40 21 den
832 928 30 19 är.

249 959 58 21 Herr
327 959 96 21 Taube:
443 959 33 21 De
496 960 152 20 medeltidiska
665 961 24 20 18
706 961 39 20 och
762 961 25 20 19
802 961 24 27 88
842 961 39 21 har
896 962 32 19 ut-

183 993 80 21 skottet
283 994 118 27 ingalunda
416 994 58 20 velat
488 994 119 27 bibehälla,
622 1002 50 13 men
688 995 27 20 dä
729 994 199 22 riddarhusutskot-

181 1030 31 18 tet
231 1029 71 19 ansett
323 1028 48 20 dem
392 1028 20 28 ej
428 1028 87 21 tillhöra
530 1029 235 27 riddarhusordningen
781 1031 52 19 utan
848 1030 79 20 allmän

181 1062 219 28 landtdagsordning,
420 1063 24 21 sä
464 1063 39 21 har
517 1063 105 21 utskottet
638 1064 19 27 ej
673 1064 73 20 heller.
757 1066 71 18 ansett
844 1064 33 27 sig
892 1064 36 20 be-

181 1096 74 27 fogadt
270 1098 32 19 att
317 1097 109 27 upphäfva
441 1098 55 20 dem.

248 1130 65 21 Efter
330 1130 36 21 det
381 1131 173 27 propositionen:

250 1182 9 9 »
262 1164 46 22 Vill
324 1164 150 29 ridderskapet
488 1166 38 20 och
538 1166 63 21 adeln
613 1168 80 26 antaga
703 1166 66 22 andra
780 1166 114 29 meningen
907 1167 24 21 af

183 1200 25 20 13
224 1200 11 26 $
250 1199 8 20 i
274 1199 104 27 förslaget
394 1199 31 21 till
441 1200 234 28 riddarhusordningen
691 1201 150 27 oförändrad",

180 1233 70 21 blifvit
269 1234 49 20 med
338 1234 25 26 ja
381 1234 113 26 besvarad,
512 1235 86 20 ställdes
613 1235 34 20 till
663 1235 84 20 ståndet
763 1236 95 26 följande
877 1244 48 19 pro-

180 1267 105 27 position:

250 1318 8 9 »
262 1300 46 22 Vill
323 1300 150 30 ridderskapet
488 1302 40 21 och
546 1302 63 22 adeln
625 1304 78 28 antaga
719 1303 53 22 sista
787 1306 119 19 momentet
921 1304 7 21 i

182 1337 26 20 13
224 1336 10 28 $
251 1336 136 21 oförändrad.

248 1370 49 22 Den
312 1378 46 13 som
374 1371 37 21 vill
427 1374 79 26 antaga
521 1374 118 20 momentet
655 1373 140 22 oförändradt
810 1381 72 15 svarar
894 1375 33 28 ja;

182 1406 41 21 den
239 1406 37 21 det
291 1406 19 28 ej
327 1406 38 21 vill
381 1413 72 15 svarar
469 1408 57 27 nej";

182 1441 40 21 och
238 1441 128 21 besvarades
381 1442 140 22 nästberörde
533 1442 134 29 proposition
678 1443 37 21 vid
725 1442 94 24 anställd
830 1444 99 32 votering
