1014 1711
231 144 41 23 812

272 210 84 22 Vinner
371 211 35 28 nej
423 211 90 22 föreslås
527 209 135 30 obegränsad
677 209 32 23 tid
724 210 34 22 för
771 209 105 24 handelns
887 209 66 22 frihet

203 245 50 21 med
269 245 117 28 spanmäl.*

270 279 35 21 Då
324 279 58 21 olika
397 280 114 27 meningar
525 279 74 21 härom
615 279 125 27 förspordes
756 278 76 22 skreds
847 277 33 22 till
894 279 59 20 vote-

204 314 59 27 ring,
278 313 90 22 hvarvid
383 314 99 21 rösterna
497 313 88 21 utföllo:

363 348 7 20 i
387 348 57 27 3:dje
459 348 30 20 kl.
505 347 49 21 med
571 348 26 20 12
607 348 29 27 ja
651 347 40 21 och
707 348 27 20 24
749 348 43 28 nej,

363 382 85 26 s2däå
471 398 8 10 gg
585 382 92 26 Sno
723 382 12 20 5
766 397 8 11 n

361 412 93 35 nista
477 433 4 10 »
527 432 9 11 »
588 416 45 26 I,
672 433 8 10 »
724 417 12 20 8
768 431 8 11 n

204 451 8 20 i
227 451 55 28 följd
295 451 78 20 hvaraf
387 451 40 20 och
443 451 27 21 då
485 451 76 28 frågan
577 450 60 21 inom
652 451 87 20 tvenne”
747 450 80 21 klasser
841 449 72 22 blifvit
921 450 33 27 ja-

205 485 70 21 kande
296 485 115 26 besvarad,
432 485 86 21 ståndet
537 484 84 28 antagit
641 484 36 21 det
695 484 25 21 af
732 484 223 22 ekonomieutskottet

204 519 31 20 uti
251 519 50 21 dess
322 519 136 21 betänkande
474 519 135 21 framställda
624 518 83 28 förslag
720 519 34 20 till
769 518 150 29 begränsning
933 519 24 21 af

205 553 59 21 tiden
280 553 33 21 för
329 553 97 21 orubbad
442 553 101 28 utöfning
558 553 23 21 af
595 553 27 21 fri
638 553 197 28 spanmålshandel.

273 587 81 21 Vidare
373 587 98 27 företogs
492 588 33 20 till
545 586 133 28 behandling
698 587 77 27 frågan
792 594 34 14 om
842 588 65 19 sättet
922 587 33 20 för

205 621 158 28 försäljningen
380 622 23 20 af
417 622 94 21 kronans
527 621 105 29 spanmål,
648 621 90 21 hvarvid
754 621 116 21 utskottets
881 621 74 21 betän-

205 656 71 21 kande
291 656 7 20 i
314 657 73 20 ämnet
402 656 121 28 upplästes:
547 672 10 10 ,—
609 668 19 3 —
648 668 21 3 —
690 667 21 4 —
732 668 24 2 —
771 656 113 20 Utskottet
898 656 57 20 före-

205 691 43 20 slår
268 690 159 21 vördsammast
445 692 32 18 att
491 690 85 21 landets
593 690 86 21 ständer
696 690 50 20 ville
762 690 7 20 i
785 690 37 20 det
836 689 119 27 utlåtande,

206 725 26 21 de
248 725 7 20 i
270 724 119 28 anledning
408 724 24 21 af
445 724 41 22 den
501 725 80 27 nådiga
596 724 165 28 propositionen
775 724 88 21 komma
878 725 31 20 att
924 724 31 20 af-

206 759 65 28 gifva,
286 758 101 29 uttrycka
402 758 42 21 den
460 759 149 27 underdåniga
625 758 93 27 önskan,
734 760 33 20 att
781 758 95 21 kronans
892 765 63 21 span-

206 793 43 21 mål
265 792 128 22 hädanefter
407 793 36 21 må
459 794 22 20 af
495 793 107 28 styrelsen
617 793 101 28 försäljas
734 793 76 21 endast
825 799 79 22 genom
920 792 36 21 de-

206 828 70 20 finitiv
292 827 90 21 auktion
398 827 40 21 och
454 828 7 20 i
476 828 85 20 mindre
576 828 100 27 partier.”

274 861 58 21 Herr
358 861 211 21 landtmarskalkens
595 861 54 21 härå
670 860 136 22 framställda
828 860 71 29 fråga,
922 867 34 14 om

207 895 86 22 ståndet
312 896 50 21 ville
382 896 86 21 biträda
488 895 117 22 utskottets
625 895 139 22 förestående
783 895 57 28 åsigt
860 896 7 19 i
883 895 73 26 saken,

207 930 131 21 besvarades
354 930 105 28 enhälligt
472 930 103 27 jakande.

274 963 35 22 Då
324 964 76 28 frågan
417 971 34 14 om
468 966 65 19 sättet
548 964 33 21 för
593 964 117 27 styrelsens
721 963 129 28 ingripande
860 964 32 20 uti
903 963 53 22 und-

207 998 125 28 sättningen
352 999 24 20 af
393 999 85 20 landets
501 998 130 22 nödlidande
653 999 133 21 innevånare
808 999 69 21 under
896 999 61 20 miss-

206 1033 76 21 vextår
298 1040 29 13 nu
343 1032 96 29 företogs
455 1032 94 29 begärde

274 1067 59 21 Herr
352 1074 42 13 von
415 1067 143 21 Bonsdorff
576 1067 61 21 ordet
657 1068 41 20 och
718 1067 96 28 yttrade:
836 1067 43 28 Jag
894 1073 64 15 anser

206 1101 36 21 det
257 1101 87 28 mycket
359 1101 142 28 äfventyrligt
516 1102 40 21 och
571 1101 185 27 bekymmersamt
770 1103 31 18 att
818 1101 66 21 binda
897 1108 61 21 rege-

206 1136 89 26 ringens
315 1135 82 21 händer
418 1142 79 21 genom
517 1138 31 18 att
568 1135 131 26 bestämma,
718 1137 32 19 att
764 1135 36 21 lån
816 1136 20 26 ej
852 1135 22 20 få
890 1135 69 27 gifvas

208 1170 21 20 åt
247 1169 247 28 spanmålsimportörer,
514 1169 101 22 hvarföre
628 1169 39 27 jag
681 1169 71 21 skulle
768 1168 52 28 vilja
836 1169 72 20 lemna
923 1169 36 21 det

206 1203 34 21 till
255 1203 142 27 regeringens
412 1203 147 28 bepröfvande
575 1205 32 19 att
622 1203 59 27 gifva
696 1203 36 21 lån
748 1203 104 27 antingen
863 1203 22 20 åt
896 1210 63 20 span-

207 1237 186 27 målsimportörer
408 1237 54 21 eller
478 1238 23 20 åt
513 1237 136 21 behöfvande
660 1237 135 26 kommuner,
806 1244 50 14 men
866 1237 7 20 i
884 1237 75 28 hvarje

206 1270 104 21 händelse
326 1272 46 19 mot
386 1271 51 27 laga
451 1272 68 19 ränta.

275 1304 58 21 Herr
354 1304 175 22 Silfversvan:
550 1304 43 28 Jag
613 1304 70 21 skulle
702 1310 53 15 anse
770 1304 37 20 det
823 1311 51 13 vara
886 1304 73 28 likgil-

207 1339 51 28 tigt,
278 1339 22 21 åt
320 1338 64 22 hvem
404 1339 65 21 lånen
487 1339 80 28 gifvas,
587 1338 56 22 blott
658 1338 76 22 dervid
748 1338 66 22 fästes
830 1338 37 21 det
881 1339 78 27 vilkor,

208 1376 30 18 att
258 1374 60 20 lånet
338 1373 69 29 gifves
423 1375 45 19 mot
483 1374 50 27 laga
547 1374 72 26 ränta;
634 1373 60 21 detta
709 1373 62 21 torde
786 1372 114 29 korrigera
914 1374 45 21 allt.

275 1408 102 21 Friherre
401 1408 140 27 Carpelan:
569 1407 44 29 Jag
635 1415 64 14 anser
722 1407 36 24 det
780 1408 125 27 lämpligast
928 1410 31 19 att

208 1442 100 30 uttrycka
328 1442 42 23 den
390 1441 93 30 önskan,
505 1443 31 20 att
554 1441 65 25 lånen
634 1441 156 25 företrädesvis
805 1442 69 23 skulle
890 1443 70 29 gifvas
