1020 1706
749 124 40 21 529

76 187 112 26 utskottet,
205 194 44 14 som
265 187 39 21 har
320 189 31 19 att
365 188 137 21 betänkande
517 188 98 22 deröfver
626 188 32 21 till
669 188 150 30 ridderskapet

76 222 40 20 och
135 221 62 21 adeln
217 221 87 28 afgifva.
334 222 75 21 Skulle
429 222 95 27 ständet,
542 223 7 20 i
565 222 117 28 anledning
696 224 70 25 deraf,
782 224 35 20 be-

76 255 56 21 sluta
151 255 72 28 nägon
242 256 92 27 ändring
341 251 11 39 i
371 256 52 21 eller
438 257 76 27 tillägg
529 257 33 21 till
577 256 240 30 riddarhusordningen,

75 289 65 21 varde
151 296 81 14 samma
241 289 84 22 beslut
321 285 10 38 i
334 290 172 29 underdänighet
515 290 156 22 öfverlemnadt
679 292 33 20 till
719 292 28 20 H.
756 292 62 27 Maj:t

75 323 118 28 Kejsarens
216 324 78 28 nädiga
314 324 146 28 stadfästelse,
480 324 40 22 och
540 325 103 26 kommer,
663 325 24 21 sä
702 326 65 20 framt
783 326 35 20 det

75 358 139 21 oförändradt
233 358 136 28 godkännes,
389 360 32 20 att
439 361 76 26 genast
530 359 22 21 få
567 359 98 28 gällande
681 358 67 28 kraft;
768 368 48 14 men

76 399 33 14 om
130 392 27 21 H.
173 392 62 28 Maj:t
255 393 47 21 icke
323 393 67 21 funne
410 393 32 21 för
458 394 52 28 godt
524 395 32 19 att
570 393 53 28 gilla
637 393 113 29 förslaget,
766 396 52 26 äger

74 426 150 29 ridderskapet
244 428 39 20 och
303 427 63 21 adeln
386 429 33 19 att
438 428 49 21 med
506 430 47 26 nytt
568 427 81 28 förslag
663 428 35 21 till
712 428 28 21 H.
756 429 63 27 Maj:t

74 461 116 21 inkomma.
220 461 128 22 Emellertid
367 462 64 21 lände
451 462 41 21 den
510 462 59 21 förra
583 462 234 29 riddarhusordningen

75 496 129 20 oförändrad
218 496 33 21 till
265 496 152 22 efterrättelse.

140 530 85 21 Varder
240 530 68 22 under
323 531 117 28 pästäende
455 531 103 27 landtdag
568 531 70 28 nägon
650 531 64 21 sädan
726 532 92 27 ändring

74 565 31 20 uti
121 565 158 27 grundlagarne
294 567 100 26 antagen,
410 573 45 13 som
471 568 39 26 gör
525 572 26 14 en
568 565 94 21 derefter
676 566 85 27 lämpad
774 568 43 19 rät-

74 600 53 20 telse
143 600 24 20 af
179 599 234 29 riddarhusordningen
429 600 129 28 nödvändig,
572 600 38 21 bör
620 599 197 23 riddarhusutskot-

74 636 31 19 tet
120 634 110 28 sjelfmant
245 634 33 21 till
292 634 150 29 ridderskapet
458 635 39 21 och
512 634 64 22 adeln
591 634 109 21 inkomma
715 635 48 21 med
773 635 43 21 för-

74 669 47 27 slag
136 669 32 21 till
183 669 60 27 dylik
257 669 95 21 rättelse.
782 687 4 8 4

415 704 12 26 8
442 704 33 20 43.

142 732 141 21 Oförändrad.

416 767 11 27 8
442 767 34 20 44.

141 800 83 22 Genom
247 800 71 22 denna
340 800 206 28 riddarhusordning
568 800 65 21 varda
655 800 161 22 riddarhusord-

74 836 80 27 ningen
174 835 23 21 af
215 835 41 21 den
272 836 12 20 6
297 835 49 27 juni
362 836 53 20 1626
431 834 39 22 och
486 834 103 29 tilläggen
606 834 72 22 dertill
694 834 40 22 den
751 836 12 20 3
779 842 36 14 no-

73 870 88 20 vember
183 870 52 20 1778
257 870 32 20 till
309 869 58 21 kraft
386 870 40 20 och
443 870 81 20 verkan
540 869 110 28 upphäfna
665 869 7 21 i
687 870 38 20 allt
740 873 75 23 annat,

74 906 59 19 utom
152 904 57 21 hvad
228 904 101 21 beträffar
344 904 70 28 öfriga
428 904 7 20 i
450 904 142 21 nästnämnde
611 904 206 28 riddarhusordning

73 938 91 22 rörande
183 938 181 22 landtmarskalks
380 938 129 28 äligganden
524 938 176 21 förekommande
716 938 100 28 stadgan-

74 973 51 27 den,
146 973 73 21 hvilka
234 973 90 21 fortfara
339 975 31 19 att
384 973 59 28 gälla
457 972 57 21 intill
530 973 48 21 dess
593 972 74 22 derom
683 973 132 21 annorlunda

73 1007 118 21 förordnas.

372 1075 138 22 Motiver,

140 1116 50 21 Med
206 1116 25 21 de
246 1116 7 21 i
270 1117 9 19 1
297 1123 63 14 mom.
376 1116 23 20 af
412 1117 11 26 8
439 1117 12 20 2
467 1116 122 27 föreslagna
605 1115 115 28 ändringar
732 1115 39 21 har
782 1118 32 18 ut-

74 1151 80 20 skottet
165 1151 76 20 främst
253 1151 79 27 äsyftat
344 1158 26 13 en
381 1152 99 19 närmare
492 1150 127 21 framhällen
632 1149 84 22 skilnad
724 1151 89 20 emellan

73 1185 56 21 hvad
144 1185 255 21 introduktionssökande
414 1185 66 20 borde
496 1185 56 20 inför
566 1184 249 21 riddarhusdirektionen

74 1219 89 28 uppvisa
171 1220 40 20 och
219 1219 56 22 hvad
283 1219 41 21 han
334 1219 54 28 ägde
396 1221 32 19 att
436 1219 30 21 dit
474 1219 88 28 ingifva.
582 1219 34 20 Dä
625 1218 85 21 afskrift
718 1219 23 20 af
747 1219 68 20 adels-

74 1255 112 27 diplomet,
206 1254 152 28 vapenritning
373 1261 27 13 m.
416 1261 27 13 m.
458 1253 69 22 skulle
542 1253 33 21 till
591 1253 135 21 direktionen
740 1253 75 20 inlem-

73 1296 46 19 nas,
134 1289 91 21 behöfde
241 1289 96 21 deremot
352 1288 102 27 diplomet
469 1288 7 21 i
492 1288 91 27 original
599 1289 55 19 samt
670 1287 145 28 gvittenserne

74 1324 59 19 öfver
153 1323 87 26 erlagda
260 1323 246 26 introduktionsafgifter
526 1322 91 21 allenast
635 1321 37 21 der
690 1324 77 25 upptes
782 1322 34 20 för

73 1359 32 18 att
120 1359 77 25 genast
212 1356 177 21 äterbekommas.
419 1356 80 21 Vidare
514 1356 39 19 har
568 1355 104 21 utskottet
687 1355 47 21 icke
745 1357 71 18 ansett

73 1391 99 28 lämpligt
192 1392 31 19 att
242 1391 39 20 här
301 1391 94 27 åberopa
410 1389 158 22 instruktionen
583 1389 33 20 för
632 1389 183 20 riddarhusdirek-

73 1425 72 23 tionen
166 1425 23 22 af
207 1425 41 24 den
269 1425 25 22 13
312 1432 56 16 mars
385 1425 61 28 1849,
461 1425 51 23 enär
528 1424 70 23 denna
612 1423 131 25 instruktion
758 1425 58 23 ännu
