1014 1717
208 131 39 20 796

248 195 10 20 I
274 195 102 21 afseende
391 196 12 19 å
419 195 232 28 socknemagasinerna
666 194 126 21 instämmer
804 194 40 27 jag
855 194 6 20 i
871 193 57 21 hvad

179 229 92 21 friherre
294 229 107 28 Carpelan
421 235 51 22 nyss
492 229 79 21 anfört.
600 228 70 21 Deras
688 228 118 28 tillgångar
826 229 36 19 äro
883 228 45 20 del-

179 269 106 22 egarenes
301 263 109 28 egendom
426 263 40 21 och
481 263 36 21 det
533 263 38 21 bör
586 263 85 21 derföre
687 263 122 20 tillkomma
824 262 62 21 desse
896 264 33 19 att

179 297 102 22 deröfver
301 297 116 29 disponera
436 298 71 21 såsom
526 298 48 21 dem
589 297 49 21 bäst
654 304 70 21 synes.
755 297 43 28 Jag
812 304 64 14 anser
892 297 37 21 det

179 332 84 21 således
279 332 134 29 fullkomligt
427 332 86 21 rättvist
528 334 32 19 att
576 331 134 22 öfverlemna
723 331 22 22 åt
756 332 130 28 delegarene
898 334 31 19 att

178 367 128 26 bestämma,
322 367 20 28 ej
359 367 92 21 allenast
470 367 107 20 huruvida
596 366 234 28 socknemagasinerna
845 367 61 21 skola
921 367 7 20 i

179 401 117 21 framtiden
317 401 99 28 upphöra
431 401 53 21 eller
504 401 58 27 icke,
577 402 52 19 utan
645 400 74 27 äfven,
734 401 7 20 i
756 401 38 20 fall
810 401 26 21 de
852 402 77 27 upplö-

179 442 42 20 sas,
236 435 56 21 huru
308 435 62 21 deras
386 435 118 28 tillgångar
518 435 62 21 skola
595 435 132 27 disponeras.
757 435 11 20 I
784 435 70 28 öfriga
869 435 60 22 delar

179 469 128 22 instämmer
319 470 40 27 jag
372 470 7 20 i
394 469 117 22 utskottets
526 469 145 22 betänkande.

246 504 59 21 Herr
320 511 43 13 von
376 503 150 22 Bonsdorff:
538 504 66 21 Detta
615 503 137 21 betänkande
763 504 103 21 omfattar
876 505 53 21 flere

178 537 80 29 frågor.
289 538 50 21 Den
354 538 69 21 första
438 540 24 19 är
476 538 106 21 huruvida
598 537 214 28 spanmålsinförseln
828 539 34 21 till
876 539 53 21 Fin-

179 573 51 20 land
246 573 55 20 skall
317 579 52 14 vara
385 573 27 21 fri
429 573 53 21 eller
496 573 54 21 icke.
581 572 11 21 I
607 572 59 21 detta
682 573 102 20 afseende
795 575 45 19 tror
848 574 39 27 jag
898 576 32 19 att

179 604 65 31 ingen
260 607 39 21 har
315 609 31 20 att
362 608 104 21 anmärka
480 609 58 19 emot
553 607 111 28 förslaget.
694 607 145 28 Naturligtvis
854 615 76 14 menas

179 641 51 21 med
245 641 28 21 fri
287 642 99 26 införsel,
401 644 32 18 att
448 642 72 22 denna
534 642 56 20 skall
605 648 52 14 vara
672 641 134 28 fullkomligt
821 642 38 27 fri,
875 642 56 22 dock

179 675 48 22 icke
243 676 7 20 i
266 676 43 21 den
329 676 90 28 mening
438 683 46 15 som
502 676 51 21 herr
567 675 99 22 Aminoff
679 683 51 21 nyss
746 678 68 26 yttrat
829 677 54 21 eller
898 678 33 20 att

179 710 124 21 hvarochen
320 710 69 21 skulle
404 710 48 22 fritt
467 711 22 21 få
504 710 118 28 importera
637 711 105 27 spanmål,
754 712 23 26 ty
792 710 59 22 detta
866 712 65 20 beror

179 744 25 22 af
217 744 46 22 helt
278 745 68 21 andra
362 745 66 28 lagar.
457 745 218 28 Importrättigheten
691 745 40 21 hör
746 746 20 27 ej
782 745 39 27 hit,
832 747 52 20 utan
896 746 33 21 till

179 779 76 28 frågan
276 786 35 14 om
330 780 263 28 näringslagstiftningen.
623 779 47 21 Här
686 780 24 20 är
725 780 77 20 endast
816 780 63 28 fråga
894 788 35 14 om

179 813 133 28 rättigheten
327 816 33 19 att
375 814 88 28 tullfritt
478 815 118 27 importera
611 814 104 28 spanmäl.

247 848 49 21 Den
312 848 68 22 andra
395 848 77 28 frågan
487 851 36 19 rör
538 850 105 27 exporten
654 848 24 21 af
686 850 105 26 spanmål.
814 848 44 22 Det
868 850 63 21 torde

180 883 65 21 också
260 890 52 14 vara
328 890 26 14 en
370 883 140 29 temmeligen
526 883 90 21 allmänt
632 882 83 22 erkänd
731 885 51 25 sats,
797 885 32 19 att
843 886 88 26 export-

179 917 78 22 förbud
280 918 116 21 framdeles
416 918 21 28 ej
457 918 68 21 borde
548 918 106 26 utfärdas,
674 920 52 18 utan
747 920 31 19 att
798 918 132 29 regeringen

179 952 147 28 uttryckligen
349 952 124 22 förklarade
496 954 32 20 att
551 953 31 20 in-
604 952 39 21 och
664 952 106 22 utförseln
791 952 23 22 af
832 948 98 33 spanmäl

180 987 56 21 skall
256 994 52 14 vara
327 987 26 21 fri
374 986 40 22 och
434 987 60 21 detta
514 988 33 20 för
567 987 68 21 alltid.
665 986 113 22 Utskottet
794 987 39 21 har
848 988 8 20 i
872 988 59 21 detta

180 1022 103 20 afseende
303 1021 114 29 föreslagit
437 1028 27 14 en
486 1022 31 20 tid
537 1022 24 21 af
581 1022 26 20 15
628 1022 30 20 &r.
690 1021 42 29 Jag
750 1029 64 14 anser
833 1022 59 21 detta
906 1030 26 13 ur

181 1056 78 28 många
275 1057 135 26 synpunkter
424 1056 49 21 icke
487 1064 53 13 vara
554 1056 181 27 ändamålsenligt
750 1056 40 21 och
803 1056 43 21 kan
857 1057 20 27 ej
889 1057 43 20 för-

181 1091 33 20 stå
235 1090 90 21 hvartill
348 1097 27 14 en
398 1091 66 20 sådan
488 1091 181 27 tidsbestämning
691 1091 70 20 skulle
788 1091 66 28 tjena.
888 1091 43 28 Jag

180 1125 93 20 föreslår
288 1124 93 26 derföre,
400 1127 32 18 att
447 1125 66 27 ingen
531 1125 32 20 tid
580 1124 76 21 härvid
675 1125 35 20 må
725 1125 138 26 bestämmas,
879 1127 52 19 utan

183 1159 76 21 endast
274 1159 42 21 den
332 1159 84 28 princip
432 1159 118 22 fastställas
565 1161 31 19 att
607 1159 109 28 spanmåls
727 1159 32 20 in-
770 1159 41 21 ooh
826 1159 106 22 utförseln

181 1193 53 21 skall
251 1201 52 13 vara
318 1193 28 20 fri
362 1193 38 21 och
417 1194 19 27 ej
453 1193 104 28 beläggas
573 1193 49 21 med
637 1193 69 28 några
721 1193 159 28 tullumgälder.

247 1228 177 21 Vidkommande
446 1229 66 20 sedan
533 1228 158 27 försäljningen
710 1228 24 20 af
750 1228 94 21 kronans
868 1235 63 21 span-

181 1263 53 25 mål,
251 1263 23 19 så
289 1264 24 18 är
328 1262 58 19 detta
408 1269 25 13 en
450 1262 46 25 sak,
514 1269 45 13 som
580 1262 19 27 ej
620 1262 61 19 torde
700 1261 66 21 blifva
786 1262 91 20 föremål
898 1262 34 19 för

180 1295 72 27 någon
269 1295 167 28 öfverläggning
451 1295 119 21 härstädes.
600 1295 82 20 Vidare
698 1295 39 20 har
752 1295 28 20 H.
796 1295 63 28 Maj:t
874 1295 58 20 velat

180 1329 52 21 höra
248 1329 122 26 ständerna,
382 1329 54 20 huru
452 1329 37 21 det
504 1329 67 21 borde
586 1329 104 21 förhållas
700 1329 7 20 i
719 1329 103 21 händelse
838 1329 24 20 af
870 1329 61 21 miss-

180 1365 51 20 vext
247 1364 40 20 och
302 1364 55 21 huru
374 1363 26 21 de
416 1363 128 27 understöd,
560 1371 45 13 som
622 1363 82 20 kronan
722 1363 26 21 då
764 1363 20 28 ej
800 1363 41 21 kan
858 1363 73 28 undgå

181 1401 31 19 att
230 1399 79 26 lemna,
332 1398 66 21 borde
422 1398 89 21 utdelas.
542 1398 11 20 I
573 1398 59 21 detta
652 1397 102 22 afseende
770 1397 39 22 har
824 1398 108 21 utskottet

181 1433 119 28 föreslagit,
316 1434 32 20 att
364 1432 116 22 ständerna
495 1432 50 21 ville
565 1432 39 21 hos
619 1431 27 22 H.
664 1432 62 28 Maj:t
740 1432 93 27 anhålla,
849 1434 31 19 att
896 1432 36 21 lån
