1023 1753
764 138 39 26 521

92 204 27 23 de
135 204 6 23 i
156 202 13 31 $
185 205 26 22 14
227 204 128 24 omnämnda
369 205 157 31 anteckningar
541 206 33 30 sig
588 208 138 29 personligen
742 210 92 21 anmäla.

92 240 71 22 Sedan
183 241 42 22 han
241 241 75 22 dervid
330 242 117 29 uppgifvit,
461 243 28 29 på
503 242 88 22 hvilken
606 243 71 29 grund
691 244 42 22 han
749 245 38 21 vill
802 252 33 14 re-

92 276 204 29 presentationsrätt
312 278 73 22 utöfva
401 278 39 22 och
455 278 102 29 framlagt
573 278 46 22 sina
630 279 66 27 bevis,
707 280 38 21 der
755 280 80 22 sådana

91 311 117 29 erfordras,
231 312 65 22 varde
318 313 54 21 hans
394 313 129 29 behörighet
541 314 7 21 i
567 313 125 23 förberörda
712 315 123 22 hänseende

90 347 91 28 pröfvad
198 348 23 21 af
234 348 55 27 dem,
305 355 45 14 som
366 349 165 28 anteckningen,
548 349 67 28 enligt
629 350 122 28 åberopade
766 352 12 27 8
792 351 43 21 för-

91 384 63 26 rätta,
170 383 96 28 hvarvid,
282 383 7 22 i
304 383 38 22 fall
357 384 24 21 af
394 384 125 29 skiljaktiga
533 384 120 29 meningar,
663 385 62 22 flesta
737 387 99 21 rösterne

91 418 34 21 för
145 419 99 28 gällande
264 426 70 15 anses.
364 419 84 22 Blifver
466 419 43 22 han
529 421 70 21 såsom
617 422 152 27 representant
784 422 52 28 god-

91 454 65 28 känd,
171 454 81 22 införes
267 455 54 21 hans
337 462 65 14 namn
418 455 39 21 och
473 455 71 29 adliga
559 455 112 29 värdighet
686 456 31 21 uti
733 463 27 15 en
776 457 60 22 öfver

90 489 44 22 alla
153 489 99 22 lefvande
273 492 63 26 ätter,
351 491 55 21 efter
421 491 164 29 nummerföljd,
600 491 117 29 upprättad
731 499 105 22 upprops-

92 525 59 28 lista;
166 525 122 29 hvarjemte
303 525 80 22 honom
398 526 108 21 tillställes
521 527 20 28 ej
557 526 84 22 mindre
652 534 27 14 en
689 527 50 22 med
754 528 82 21 riddar-

92 560 73 22 husets
181 560 57 29 sigill
254 560 88 22 försedd
356 561 79 29 polett,
450 562 29 27 pä
492 562 88 21 hvilken
596 562 71 21 ättens
682 570 99 14 nummer
796 564 40 20 och

91 603 75 21 namn;
187 595 41 22 den
249 596 145 22 antecknades
414 596 99 22 förnamn
533 596 71 28 och,
594 591 13 39 i
624 596 38 22 fall
681 598 43 21 han
739 598 21 28 ej
776 600 24 20 är
815 598 24 22 af

92 638 82 15 samma
194 633 40 27 ätt,
252 632 82 28 jemväl
348 632 54 21 hans
417 634 120 26 ättenamn,
554 634 55 20 samt
624 640 113 15 nummern
751 634 30 28 pä
796 634 40 22 den

92 667 56 29 plats
168 668 79 21 honom
266 668 138 27 tillkommer,
424 668 54 22 skall
495 675 51 15 vara
560 668 131 28 inskrifven,
707 671 27 19 än
750 670 41 20 ock
806 672 30 19 ett

93 698 111 34 exemplar
219 703 23 22 af
256 703 70 22 denna
341 703 213 29 riddarhusordning.

434 764 12 28 8
463 765 32 20 16.

161 791 142 24 Oförändrad.

435 823 11 28 8
463 824 33 21 17.

162 851 142 23 Oförändrad.

436 883 12 27 8
465 883 32 20 18.

162 916 107 30 Uppvisas
285 917 35 22 vid
336 924 27 15 en
378 917 40 22 och
434 925 81 14 samma
530 917 132 29 anteckning
677 917 36 22 tvä
724 917 53 22 eller
788 917 52 22 flere

94 952 25 22 af
132 960 82 14 samma
224 952 132 22 hufvudman
366 953 86 28 utgifna
466 953 126 21 fullmakter
607 952 34 22 för
655 954 67 26 ätten,
737 953 65 21 varde
813 953 26 21 de

95 988 43 21 alla
152 988 100 28 ogillade.
283 987 109 22 Inlemnas
408 988 80 21 sädane
502 988 125 21 fullmakter
638 987 36 23 vid
685 988 58 21 olika
753 988 87 22 anteck-

94 1024 85 28 ningar,
191 1024 63 28 gälle,
265 1023 44 21 tills
325 1023 73 22 derom
414 1024 135 21 annorlunda
563 1023 102 27 beslutes,
677 1023 41 21 den
730 1031 46 13 som
787 1024 54 21 först

94 1058 72 22 blifvit
181 1058 105 22 företedd.
312 1059 11 21 I
338 1059 55 21 båda
408 1058 66 22 fallen
490 1059 55 21 skall
556 1058 54 21 dock
620 1058 222 22 riddarhusutskottet

95 1093 131 22 oförtöfvadt
245 1093 123 23 undersöka
387 1094 146 21 förhållandet
553 1093 40 22 och
609 1093 116 22 orsakerna
740 1093 34 22 till
790 1094 51 21 slikt

96 1129 75 22 oskick
186 1131 55 20 samt
256 1129 86 22 anmäla
356 1130 75 21 härom
447 1129 39 22 hos
501 1129 150 29 ridderskapet
661 1129 40 22 och
712 1129 71 27 adeln,
795 1137 45 13 som

94 1165 89 28 pröfvar
201 1165 107 21 huruvida
328 1165 124 28 synnerliga
472 1164 183 29 omständigheter
671 1165 83 21 kunnat
769 1165 73 20 föran-

95 1201 49 20 leda
164 1200 52 21 flere
238 1200 136 21 fullmakters
396 1200 139 27 utfärdande,
558 1199 91 23 hvarvid
668 1200 67 21 saken
757 1200 85 21 således

96 1235 57 29 finge
173 1235 62 28 bero,
255 1235 53 21 eller
328 1242 34 14 om
383 1235 42 22 den
445 1235 131 22 härutinnan
599 1235 114 29 förelupna
736 1235 106 28 oordning

96 1278 52 14 vore
169 1271 23 21 så
212 1270 120 28 beskaffad,
353 1273 31 19 att
402 1271 128 21 utställaren
545 1271 24 21 af
582 1270 110 22 desamma
707 1270 85 22 derföre
807 1271 36 20 må

96 1307 34 21 för
151 1306 41 21 den
212 1306 130 29 landtdagen
363 1313 63 15 anses
446 1308 46 20 säte
513 1306 39 21 och
573 1307 90 20 stämma
680 1306 13 21 å
707 1305 137 22 riddarhuset

97 1341 111 29 förlustig,
223 1341 33 22 för
276 1341 88 22 hvilken
385 1342 90 22 sednare
494 1341 103 22 händelse
613 1341 82 22 dennes
710 1341 134 29 fullmäktig,

98 1385 34 12 om
148 1377 42 20 han
206 1377 76 20 vunnit
295 1377 90 26 inträde,
396 1378 85 27 upphör
497 1379 31 18 att
541 1377 7 20 i
564 1376 95 21 ståndets
671 1377 173 22 sammanträden

98 1411 39 21 och
153 1410 191 30 öfverläggningar
360 1410 92 29 deltaga.

166 1446 69 21 Innan
251 1446 67 21 andra
333 1446 160 28 anteckningen
509 1445 122 29 försiggått,
642 1446 35 20 må
691 1446 19 28 ej
722 1445 72 22 beslut
804 1445 42 21 fat-

100 1482 33 20 tas
149 1481 31 21 uti
196 1480 85 22 ståndet
296 1480 92 22 rörande
402 1482 85 26 ämnen,
500 1479 75 23 hvilka
589 1481 45 21 tåla
649 1480 99 29 uppskof.
