1036 1717
229 143 41 24 456

269 212 34 21 De
324 211 68 28 öfriga
413 210 90 23 stånden
521 212 39 20 har
583 211 46 22 icke
649 213 71 19 ansett
738 209 71 30 någon
830 208 112 30 ordnings-

203 247 76 28 stadga
296 247 94 27 behöflig
405 247 95 21 hvarken
515 247 33 21 för
563 248 33 26 sig
611 247 53 20 eller
678 246 126 22 åhörarene.
834 246 48 21 Men
899 246 43 20 rid-

202 282 126 29 derskapets
344 282 39 20 och
398 282 74 21 adelns
487 282 109 28 pluralitet
612 288 62 14 anser
685 282 75 20 sådant
770 288 51 14 vara
832 281 24 21 af
864 280 77 22 nöden.

269 316 57 22 Herr
337 316 88 28 Späre,
435 316 27 21 K.
470 316 27 21 R.
506 316 23 21 C.
538 316 42 28 W.,
589 316 102 21 förenade
702 316 33 28 sig
745 316 31 21 uti
787 316 50 20 herr
848 315 94 22 Schildts

201 351 140 21 förenämnde
356 352 139 20 reservation.

270 386 173 21 Sammanträdet
457 386 111 28 upphörde
583 386 28 21 kl.
627 386 19 20 2.

689 416 19 16 In
722 415 59 17 fidem:

600 449 76 19 Victor
689 449 25 19 de
727 449 22 19 la
761 448 113 24 Chapelle.

310 566 70 28 Den
401 568 38 26 10
459 568 157 34 november,
636 566 40 28 kl.
699 567 35 26 11
756 566 18 27 f.
795 577 35 16 m.

271 629 43 21 Till
326 630 109 27 justering
449 630 110 28 upplästes
574 629 160 27 ridderskapets
750 629 40 21 och
806 628 73 22 adelns
895 636 48 20 pro-

202 664 68 21 tokoll
288 664 34 21 för
343 664 41 21 den
400 665 26 20 30
441 664 97 21 sistlidne
554 664 90 21 oktober
658 664 39 20 och
713 664 41 20 den
770 664 12 20 3
797 663 146 21 innevarande

203 699 123 21 november.

270 768 58 21 Herr
347 767 198 22 landtmarskalken
559 767 144 28 tillkännagaf
711 769 31 19 att
753 767 92 21 friherre
855 767 88 28 Wrede,

203 804 26 21 A.
245 803 26 21 A.
286 803 33 27 P.,
333 803 104 20 inlemnat
453 803 32 21 sin
500 803 78 28 polett;
594 803 40 21 och
650 810 44 13 som
708 802 43 21 han
764 802 56 21 varit
830 803 115 27 suppleant

203 839 6 20 i
229 838 57 21 säväl
307 837 121 21 ekonomie-
449 844 46 14 som
517 837 161 28 ridderskapets
697 837 39 21 och
756 836 74 21 adelns
851 837 93 21 enskilta

202 872 178 27 besvärsutskott,
388 872 135 28 uppmanade
532 872 50 21 herr
592 871 198 22 landtmarskalken
802 871 73 21 herrar
886 872 57 20 elek-

203 910 57 19 torer
275 907 7 21 i
297 907 67 21 första
383 906 87 22 klassen
490 908 31 19 att
535 907 7 20 i
558 907 91 21 friherre
669 906 93 22 Wredes
782 906 63 21 ställe
863 906 82 28 invälja

202 950 42 20 nya
259 942 139 28 suppleanter
412 942 7 20 i
433 942 99 21 bemälda
547 942 89 21 utskott.

269 977 51 21 Med
334 976 117 28 anledning
466 976 62 21 häraf
541 977 85 27 yttrade

271 1012 79 21 Grefve
366 1011 103 21 Creutz:
485 1011 43 28 Jag
543 1012 69 20 skulle
628 1013 33 19 tro
677 1013 31 19 att
723 1011 71 28 nägon
810 1011 113 28 suppleant
937 1011 7 21 i

203 1046 220 23 ekonomieutskottet
437 1046 20 28 ej
474 1046 103 22 behöfver
592 1046 74 28 väljas,
677 1046 89 21 emedan
782 1046 38 20 der
836 1048 56 19 ännu
906 1046 38 20 fin-

203 1089 38 13 nes
256 1088 28 14 en
301 1081 114 28 suppleant
430 1081 23 21 af
466 1081 151 21 herreklassen
633 1088 51 20 gvar
699 1081 39 21 och
754 1080 117 21 utskottets
886 1080 57 21 leda-

202 1118 69 18 möter
291 1122 89 14 numera
400 1116 63 20 äfven
483 1115 139 21 förminskats
642 1115 33 20 till
694 1115 81 20 hälften
795 1115 24 20 af
835 1115 36 20 det
886 1116 58 19 antal

202 1157 46 13 som
267 1150 32 20 dit
313 1149 167 28 ursprungligen
495 1149 54 21 hört.
578 1149 106 21 Deremot
703 1156 63 14 anser
783 1149 39 27 jag
837 1156 26 13 en
879 1156 64 21 supp-

203 1184 58 21 leant
277 1184 52 20 böra
343 1185 58 19 utses
416 1184 7 20 i
439 1185 153 19 sammansatta
606 1184 45 26 lag-
662 1184 40 20 och
716 1183 227 21 ekonomieutskottet.

269 1218 58 21 Herr
346 1215 197 23 landtmarskalken
559 1218 112 20 anmärkte
686 1217 76 21 härvid
776 1219 32 19 att
822 1217 121 21 ridderska-

201 1254 38 26 pet
259 1252 39 20 och
319 1252 62 20 adeln
402 1252 34 20 väl
454 1252 49 20 icke
522 1254 58 18 ännu
600 1252 101 27 slutligen
716 1252 86 27 pröfvat
817 1252 75 26 frågan
909 1259 34 13 om

202 1286 45 28 lag-
269 1285 40 21 och
332 1285 235 21 ekonomieutskottens
590 1285 98 28 delning;
707 1292 51 14 men
778 1285 27 21 dä
825 1286 26 20 de
875 1285 69 28 öfrige

203 1320 100 26 ständen,
319 1319 68 28 enligt
401 1319 56 21 hvad
471 1319 68 21 kändt
554 1326 57 20 vore,
627 1319 110 21 allaredan
752 1319 104 21 fastställt
871 1319 36 21 det
923 1320 23 20 af

203 1356 154 20 sammansatta
376 1354 45 28 lag-
436 1354 39 20 och
493 1354 220 21 ekonomieutskottet
728 1354 7 20 i
751 1354 75 21 sädant
841 1354 102 22 afseende

203 1389 121 29 uppgjorda
339 1389 86 27 förslag,
441 1389 83 21 hvilket
539 1389 89 21 sälunda
642 1390 85 20 komme
743 1391 31 19 att
789 1389 64 21 lända
868 1390 32 20 till
912 1390 31 20 ef-

203 1424 132 26 terrättelse,
356 1424 66 27 ansäg
441 1423 50 21 herr
510 1424 198 21 landtmarskalken
728 1424 63 22 äfven
812 1424 33 20 för
861 1424 32 21 sin
909 1418 34 27 del

203 1459 41 24 den
265 1458 24 22 af
306 1458 74 28 grefve
401 1458 77 21 Creutz
496 1458 129 22 framhällna
645 1459 83 28 äsigten
744 1459 76 27 riktig;
836 1458 39 22 och
890 1466 53 22 upp-
