1031 1711
780 120 42 21 925

106 183 55 27 gode
182 186 58 24 män,
260 184 56 21 helst
337 184 63 22 bland
421 184 180 29 skyldemännen,
619 187 32 20 att
665 186 7 20 i
688 186 160 22 ofvananmälte

106 218 67 20 måtto
190 218 115 22 öfvervaka
320 219 209 28 förmynderskapet.

174 252 57 21 Herr
250 260 40 13 von
312 253 151 21 Bonsdorff:
482 254 43 20 Vid
545 254 48 20 mitt
613 255 86 21 sednast
718 255 74 21 hållna
811 262 37 14 an-

106 286 109 28 dragande
230 287 96 27 förbisåg
339 287 39 27 jag
392 294 28 14 en
435 287 166 28 omständighet,
617 288 88 21 hvarom
718 289 40 27 jag
772 295 29 14 nu
812 295 37 21 ge-

106 328 50 13 nom
171 321 51 21 herr
237 328 41 14 von
294 321 70 21 Borns
380 322 100 27 yttrande
496 321 70 22 blifvit
581 322 89 29 påmint,
680 323 110 28 nemligen
800 323 49 27 den,

106 357 32 19 att
153 355 37 21 det
204 355 47 22 icke
263 355 103 21 behöfves
382 355 138 29 förmyndare
531 356 6 21 i
548 357 43 21 alla
606 357 48 20 bon.
680 357 33 21 De
728 357 64 21 flesta
807 357 42 21 bon

106 392 36 19 äro
157 389 86 28 sådana,
259 391 32 20 att
305 390 26 21 de
347 390 129 21 efterlemna
490 391 114 28 ingenting
619 393 65 18 annat
699 393 27 18 än
737 392 61 26 barn,
809 391 39 22 och

105 425 49 20 dem
174 425 68 20 måste
263 425 156 28 församlingen
439 425 72 21 vårda.
540 425 71 21 Alltså
626 425 69 21 skulle
708 426 40 27 jag
762 426 87 27 föreslå,

105 461 31 19 att
152 459 36 21 det
204 459 34 29 må
253 459 146 27 föreskrifvas,
415 461 33 19 att
463 459 137 28 förmyndare
616 460 20 27 ej
652 460 104 21 behöfver
771 460 77 21 tillför-

106 494 77 20 ordnas
203 493 33 20 för
256 493 67 21 andra
343 493 123 28 omyndige,
483 495 26 20 än
525 494 32 21 för
573 494 47 21 dem
636 501 46 14 som
697 494 63 21 hafva
777 495 71 26 någon

105 528 160 28 förmögenhet,
285 529 56 20 samt
356 529 31 20 att
402 528 23 20 af
438 528 66 21 sådan
520 528 117 28 anledning
652 528 197 29 boupptecknings-

105 563 183 21 instrumenterna
308 562 61 20 skola
388 564 77 26 upptes
485 563 35 20 för
537 563 159 26 häradsrätten,
712 570 46 14 som
774 563 75 21 dervid

105 598 54 27 ägde
175 597 82 29 pröfva,
271 596 106 22 huruvida
391 597 150 28 förmyndares
552 597 177 22 tillförordnande
740 597 109 22 erfordras

106 633 53 21 eller
174 632 55 22 icke.

173 667 57 21 Herr
245 674 42 14 von
303 667 78 27 Born,
402 666 20 22 J.
441 667 36 21 A.:
498 667 43 28 Jag
558 669 24 19 är
600 674 51 14 ense
666 668 49 21 med
730 668 50 21 herr
795 668 54 21 Gro-

105 702 78 20 tenfelt
199 702 82 26 derom,
297 703 32 19 att
345 709 26 13 en
387 702 160 21 verksammare
562 702 104 26 kontroll,
682 703 27 19 än
724 702 85 27 hittills,
825 704 23 19 är

105 736 129 27 nödvändig,
244 736 34 21 för
294 738 31 18 att
341 736 21 20 få
373 736 219 27 förmyndarevärden
603 736 118 28 behörigen
732 736 117 26 handhafd,

104 771 40 20 och
160 777 70 20 anser,
246 772 31 19 att
292 770 40 21 den
349 770 78 28 nådiga
442 770 162 28 propositionen
620 770 48 21 vida
684 772 98 20 närmare
799 771 51 20 träf-

104 805 31 21 fat
150 805 73 26 målet,
239 805 39 21 och
294 807 32 18 att
341 804 83 21 således
440 804 42 21 den
498 805 129 28 författning
643 811 45 14 som
698 805 7 20 i
716 805 60 20 detta
786 806 63 20 ämne

103 840 104 25 utfärdas,
219 840 39 20 bör
273 839 84 27 grunda
373 839 32 27 sig
421 839 73 28 derpå,
506 841 31 19 att
552 840 37 20 det
604 841 23 19 är
641 839 144 21 kommunens
796 839 53 28 ålig-

104 874 70 28 gande
194 876 32 18 att
244 874 58 20 hålla
320 874 95 20 kontroll
435 874 60 20 öfver
511 874 218 28 förmyndarevården
744 874 104 28 antingen

104 916 79 22 genom
199 908 32 21 sin
247 908 225 28 kommunalstyrelse,
488 908 83 22 hvilket
583 908 39 28 jag
637 908 33 21 för
686 908 44 21 min
740 908 36 21 del
786 915 64 14 anser

103 944 128 28 lämpligare
251 944 28 27 på
300 942 83 28 landet,
403 943 54 21 eller
475 950 78 20 genom
569 950 27 14 en
612 943 91 21 särskild
718 943 131 27 institution,

103 978 83 21 hvilket
201 985 64 21 synes
280 978 45 28 mig
339 978 128 27 lämpligare
481 978 7 20 i
504 978 109 27 städerne,
629 985 48 13 man
693 978 35 20 må
742 978 107 21 benämna

103 1014 41 20 den
165 1012 249 28 förmyndarekammare
436 1012 53 21 eller
508 1012 66 28 något
592 1014 72 19 annat.
694 1012 49 21 Den
762 1012 24 20 af
799 1012 50 21 herr

103 1054 42 14 von
162 1046 117 21 Bonsdorff
291 1046 87 28 hyllade
399 1046 65 29 åsigt,
480 1048 31 20 att
526 1046 47 21 icke
589 1046 42 22 alla
647 1046 115 28 omyndige
778 1046 70 21 skulle

103 1082 94 20 behöfva
216 1081 149 27 förmyndare,
381 1081 42 21 kan
443 1082 39 26 jag
501 1082 19 26 ej
537 1082 57 26 dela,
610 1082 52 20 utan
677 1087 63 15 anser
753 1081 39 27 jag
807 1081 43 21 alla

104 1115 116 28 omyndige
235 1122 51 14 vara
301 1116 7 20 i
323 1116 67 20 behof
404 1115 67 26 deraf,
487 1115 90 21 emedan
593 1114 148 28 förmyndares
756 1115 56 28 pligt
826 1116 24 20 är

104 1152 31 19 att
155 1150 65 21 vårda
234 1150 41 21 den
291 1149 128 29 omyndiges
434 1149 54 22 både
504 1150 53 27 gods
573 1149 39 22 och
628 1156 88 21 person;
732 1157 26 13 en
775 1156 74 21 omyn-

103 1185 47 27 digs
170 1191 79 21 person
270 1184 105 21 behöfver
390 1184 61 21 alltid
467 1184 61 26 vård,
544 1191 49 14 men
609 1183 38 21 har
663 1184 19 27 ej
699 1183 96 28 pupillen
812 1183 36 21 nå-

103 1226 42 20 gon
162 1218 106 29 egendom
284 1219 23 20 af
320 1218 140 28 betydenhet,
476 1219 23 20 så
515 1218 102 21 behöfves
629 1218 19 27 ej
661 1217 93 21 kontroll
766 1217 27 28 på
806 1217 44 21 för-

104 1253 118 28 myndaren
237 1253 7 21 i
260 1253 102 20 afseende
378 1254 12 20 å
405 1253 49 20 dess
470 1253 138 27 förvaltning.
638 1252 75 28 Enligt
728 1252 44 21 min
784 1252 65 20 tanke

104 1288 38 20 bör
163 1287 36 22 det
219 1288 22 21 få
257 1287 50 21 bero
323 1288 27 27 på
367 1287 122 20 domstolen
505 1289 31 19 att
552 1287 83 27 pröfva,
650 1286 88 21 hvilken
754 1286 95 27 förmyn-

102 1322 106 21 darevård
229 1322 38 21 bör
286 1329 52 14 vara
358 1321 146 21 underkastad
523 1321 101 26 kontroll,
640 1321 52 20 eller
708 1320 88 21 hvilken
812 1327 37 21 pu-

102 1355 40 28 pill
161 1355 39 20 har
220 1355 80 20 sådana
320 1355 123 26 tillgångar,
459 1356 35 19 att
513 1361 26 14 en
555 1354 60 28 dylik
630 1354 93 20 kontroll
740 1354 109 21 behöfves.

103 1388 43 28 Jag
161 1395 63 15 anser
239 1388 72 20 denna
325 1388 96 28 princips
433 1388 122 26 antagande
566 1387 87 27 mycket
663 1387 123 21 underlätta
797 1388 53 26 möj-

101 1424 97 30 ligheten
215 1423 23 23 af
251 1422 41 25 den
308 1422 125 28 föreslagna
449 1422 114 28 åtgärdens
579 1421 176 29 genomförande,
766 1421 84 30 derige-
