1014 1717
227 126 40 24 582

265 194 123 22 Hvaröfver
398 195 28 27 på
435 193 94 30 begäran
540 192 116 23 anställdes
664 193 106 29 votering,
781 191 88 23 hvilken
880 192 63 22 utföll

357 230 7 20 i
380 229 56 28 3:dje
452 229 30 21 kl.
497 229 48 21 med
561 230 27 20 33
598 230 29 27 ja
642 228 39 22 och
699 229 25 20 18
739 230 42 28 nej,

356 281 8 10 »
380 264 60 21 2:dta
470 281 2 10 »
516 280 9 11 »
563 264 26 21 13
612 280 10 10 »
659 280 9 10 »
712 264 14 20 4

355 315 9 11 n
382 300 52 20 EV
464 316 9 10 i
518 315 9 11 6
565 299 57 26 Pm
660 315 8 10 m
714 299 12 20 %

199 334 39 21 och
261 341 46 15 som
329 315 162 47 proposikonen
514 334 88 20 sålunda
625 332 71 23 blifvit
716 315 95 46 jakande
834 332 111 27 besvarad,

199 369 69 21 skulle
289 368 135 22 memorialet
439 369 121 21 remitteras
576 368 33 21 till
624 368 96 21 ståndets
735 367 98 22 enskilda
848 368 96 20 besvärs-

198 404 90 21 utskott.

755 280 9 10 ”

266 469 124 32 Föredrogs
409 473 51 22 herr
474 473 94 22 Schildts
581 473 88 29 jemlikt
684 472 98 22 ständets
797 472 41 21 den
854 473 26 21 27
896 472 49 21 sist-

199 509 65 22 vikne
285 508 90 22 oktober
395 509 81 21 fattade
496 508 70 21 beslut
581 509 27 28 pä
623 508 81 28 fjorton
720 508 67 28 dagar
802 507 144 28 ajournerade

200 543 186 30 petitionsförslag
414 550 34 14 om
475 543 240 22 censurinstitutionens
745 543 133 21 afskaffande
907 543 39 20 och

199 578 113 22 införande
333 577 23 21 af
374 585 27 14 en
421 578 97 29 presslag
538 580 56 19 samt
613 579 7 20 i
640 577 155 29 sammanhang
810 577 88 22 dermed
914 577 32 21 till

199 614 74 21 vidare
293 613 76 28 åtgärd
390 614 30 20 ett
439 613 47 21 från
506 613 156 22 bondeståndet
680 613 123 21 meddeladt
816 613 131 28 protokolls-

200 649 77 27 utdrag
292 648 24 21 af
329 647 41 22 den
388 649 25 20 12
427 648 8 21 i
451 648 65 27 sagde
532 648 84 27 mänad,
631 648 61 21 hvari
704 647 96 22 anmäles
812 649 32 20 att
853 647 94 22 bemälte

200 683 63 22 stånd
285 683 35 20 till
342 682 48 21 dess
414 682 98 21 enskilda
532 683 172 21 besvärsutskott
728 683 130 26 remitterat,
881 682 66 21 bland

201 719 72 26 annat,
289 725 26 13 en
329 717 33 21 till
378 717 85 22 ständet
477 717 97 28 ingifven
584 717 92 28 petition
686 719 32 20 att
729 718 39 20 hos
779 717 28 21 H.
816 717 60 28 Kejs.
886 717 63 28 Maj:t

201 753 6 20 i
228 751 173 29 underdänighet
424 751 85 22 anhålla
529 759 34 14 om
585 752 155 28 föreläggande
760 751 34 21 för
814 751 84 22 landets
919 759 28 14 nu

201 787 130 21 församlade
347 787 86 20 ständer
448 786 24 21 af
485 786 82 29 förslag
582 787 32 20 till
630 787 183 28 tryckfrihetslag.

269 821 102 22 Friherre
392 821 138 29 Carpelan:
553 822 40 27 Dä,
614 821 69 22 sävidt
703 828 49 15 man
768 821 90 27 känner,
876 822 72 28 nägon

201 853 134 32 proposition
356 856 7 21 i
381 857 74 20 ämnet
470 857 56 20 ännu
542 857 20 28 ej
578 856 129 27 ankommit,
726 856 69 21 skulle
808 857 39 27 jag
862 857 86 20 anhälla

201 894 32 19 att
247 891 136 22 memorialet
396 891 126 28 ytterligare
538 891 72 22 blefve
624 892 29 27 pä
667 898 27 14 en
709 891 79 21 mänad
803 891 53 21 eller
871 891 78 21 ätmin-

202 929 61 19 stone
278 926 34 21 till
326 926 81 21 medlet
422 926 24 21 af
459 927 112 21 december
587 926 145 28 ajourneradt.

269 961 59 22 Herr
341 960 199 22 landtmarskalken
555 961 107 27 förmälte,
678 962 32 19 att
721 961 51 20 herr
784 961 165 21 landtmarskal-

202 996 43 21 ken
265 996 33 21 till
319 995 26 21 de
366 995 162 28 upplysningar,
549 1003 45 14 som
614 995 72 22 blifvit
705 995 110 27 lemnade,
831 996 27 21 dä
872 995 76 28 frägan

202 1031 100 21 sednaste
323 1031 85 28 gängen
423 1030 96 27 förevar,
535 1031 20 28 ej
572 1030 72 21 kunde
663 1031 53 27 göra
735 1031 66 20 annat
820 1030 86 28 tillägg,
923 1032 26 19 än

202 1067 31 19 att
252 1066 51 21 herr
323 1065 199 21 landtmarskalken
538 1065 90 22 anhållit
643 1072 34 13 om
691 1065 96 28 uppgift,
802 1065 106 21 huruvida
923 1072 25 14 en

203 1100 66 21 sädan
287 1100 135 28 proposition
438 1100 85 21 komme
538 1102 32 19 att
586 1099 115 22 ständerna
715 1099 123 28 föreläggas
854 1100 53 21 eller
923 1100 26 27 ej,

203 1141 49 15 men
268 1136 58 20 ännu
342 1134 47 21 icke
405 1134 86 21 erhällit
506 1135 66 28 nägot
586 1134 108 21 bestämdt
709 1140 48 15 svar
773 1135 57 20 derä.

270 1169 58 21 Herr
344 1175 42 15 von
401 1169 93 21 Essen:
510 1169 42 28 Jag
568 1169 78 22 önskar
660 1171 58 26 yttra
734 1169 44 28 mig
793 1169 7 21 i
816 1169 77 28 sjelfva
908 1169 42 20 frä-

203 1210 50 22 gan,
269 1204 7 20 i
291 1203 103 22 händelse
411 1203 41 22 den
467 1204 97 21 kommer
579 1203 68 22 under
662 1204 130 27 diskussion,
808 1211 49 14 men
869 1204 82 21 kanske

203 1239 86 21 ständet
304 1239 61 26 först,
380 1239 7 20 i
402 1238 55 28 följd
471 1239 23 20 af
507 1239 92 21 friherre
610 1238 116 28 Carpelans
738 1238 106 28 yttrande,
856 1239 95 26 behagar

203 1273 86 27 afgöra,
310 1272 106 20 huruvida
430 1271 77 28 frägan
522 1279 28 14 nu
566 1273 54 20 skall
636 1273 106 27 upptagas
757 1272 33 20 till
806 1271 76 28 ätgärd
898 1271 53 21 eller

203 1307 31 27 ej;
251 1306 40 20 och
307 1306 95 20 önskade
415 1306 40 27 jag
469 1306 7 20 i
492 1306 58 20 förra
563 1306 103 20 händelse
680 1306 76 21 främst
772 1306 22 20 fä
808 1306 68 20 ordet.

270 1340 58 21 Herr
347 1340 155 28 Schauman,
521 1340 20 22 J.
557 1341 37 21 A.:
615 1341 42 27 Jag
671 1341 66 28 yrkar
752 1341 28 28 pä
795 1341 87 27 frågans
898 1347 53 22 upp-

203 1375 100 28 tagande.
959 1374 3 3 |

271 1410 59 22 Herr
344 1409 199 23 landtmarskalken
559 1409 128 23 hemställde
697 1410 33 22 till
742 1410 91 28 ståndet,
847 1410 105 22 huruvida

204 1445 36 23 det
256 1446 96 22 önskade
367 1446 88 28 frågans
466 1447 139 27 upptagande
616 1454 29 14 nu
657 1446 53 22 eller
721 1446 73 22 vidare
805 1446 146 29 ajournering,
