1003 1714
743 123 40 22 705

67 195 39 14 vor
126 188 33 21 för
175 190 30 19 att
220 188 48 22 föra
284 188 61 21 ordet
359 189 106 21 i-utskott
480 190 27 20 än
522 189 36 21 vid
573 189 238 22 valmanssammanträ-

69 223 52 27 den,
137 223 38 21 der
195 223 128 22 ordförande
339 223 76 21 endast
430 224 33 21 för
479 223 41 22 den
535 225 57 26 yttre
608 224 132 28 ordningens
756 225 56 20 skull

69 257 110 22 behöfves.
208 258 35 21 Då
262 257 86 22 ståndet
367 258 34 21 för
421 258 79 21 sådana
519 258 45 27 fall,
580 258 38 21 der
632 258 129 22 ordförande
777 266 35 13 en-

69 293 48 20 dast
136 293 23 20 af
173 292 140 21 sistnämnda'
326 293 64 20 orsak
405 294 23 19 är
443 293 103 28 behöflig,
562 292 70 22 såsom
648 293 83 28 princip
747 293 66 21 redan

69 327 95 28 stadgat,
185 329 31 19 att
231 327 70 21 äldste
316 327 122 21 ledamoten
454 328 38 21 der
507 327 59 21 förer
581 327 67 28 ordet,
665 328 70 21 säsom
750 329 15 20 t.
781 335 32 14 ex.

69 362 7 21 i
94 362 25 20 14
139 363 22 26 8,
181 362 23 21 sä
219 362 69 21 finner
299 362 39 28 jag
353 362 36 21 det
405 362 19 28 ej
441 362 68 21 heller
523 362 165 28 inkonsegvent,
704 364 31 19 att
751 363 63 21 äfven

69 396 37 21 vid
125 396 270 22 valmanssammanträden
412 404 82 14 samma
507 397 84 28 princip
607 399 39 26 gör
661 397 33 29 sig
707 397 107 28 gällande,

70 431 83 21 hvilket
173 431 47 21 icke
240 431 39 21 bör
298 438 51 15 vara
369 431 61 21 fallet
449 431 133 22 beträffande
601 431 97 22 ständets
717 432 98 21 enskilda

70 466 91 27 utskott,
182 466 37 21 der
234 465 36 22 det
285 465 112 29 verkligen
412 468 24 19 är
452 467 23 20 af
489 466 70 21 nöden
575 468 31 19 att
621 466 64 22 hafva
701 473 26 14 en
744 467 70 21 ordfö-

69 500 77 27 rande,
162 508 45 13 som
223 502 52 27 äger
290 501 66 28 insigt
371 501 6 20 i
394 501 38 21 sak
446 501 40 21 och
497 508 45 14 som
553 501 148 22 ledamöterne
711 501 58 29 förty
779 509 35 20 ge-

71 542 50 14 nom
136 535 35 20 val
186 535 58 21 inom
260 535 33 28 sig
307 535 53 22 böra
375 537 54 20 utse.
459 535 81 22 Härtill
555 535 105 28 kommer,
676 537 31 20 att
721 536 94 21 valmän-

71 577 42 14 nen
133 571 36 19 äro
190 570 23 21 af
231 570 86 21 ständet
336 570 74 27 valda,
426 571 39 20 och
486 572 32 19 att
532 570 27 21 dä
574 570 26 21 de
615 572 82 19 ansetts
713 571 102 28 lämplige

70 605 32 20 till
119 604 94 27 valmän,
234 604 26 21 de
280 604 63 22 äfven
364 604 60 22 torde
441 605 107 21 erkännas
563 605 80 21 besitta
657 605 111 28 förmågan
784 608 32 19 att

70 639 48 21 föra
133 639 62 21 ordet
209 639 36 21 vid
260 639 47 21 sina
323 639 179 21 sammanträden.

137 673 51 21 Med
207 673 118 28 anledning
343 673 24 21 af
386 673 40 22 den
447 674 100 28 förlupna
566 673 150 22 diskussionen
734 675 39 20 och
789 675 27 21 dä

71 709 68 27 nägra
154 708 52 21 flere
221 708 68 21 talare
305 708 75 21 härvid
395 709 47 20 icke
458 709 93 20 anmälte
566 709 39 27 sig,
621 709 132 21 framställde
768 709 49 21 herr

71 743 199 21 landtmarskalken
296 743 32 21 fill
354 743 96 21 ständets
473 743 133 22 besvarande
633 750 26 14 en
681 743 134 28 proposition

72 777 127 28 sälydande:

140 829 10 10 »
150 812 46 21 Vill
216 812 150 29 ridderskapet
381 799 39 34 och
436 813 72 21 adeln"
514 789 116 52 godkänna
645 813 26 21 23
687 813 11 27 S
714 813 8 21 i
737 813 42 21 den
795 813 23 20 af

72 847 222 21 riddarhusutskottet
309 847 123 28 föreslagna
447 847 105 29 lydelse";

72 882 40 21 och
128 889 45 14 som
189 882 71 21 denna
277 882 135 29 proposition
428 883 49 20 med
492 882 158 31 öfvervägande
667 883 34 26 nej
717 883 99 20 besvara-

73 917 44 26 des,
133 917 77 21 ställde
226 917 49 21 herr
291 917 198 22 landtmarskalken
504 917 32 21 till
548 917 84 21 ständet
643 917 173 28 propositionen:

141 968 8 10 n
151 951 46 22 Vill
216 951 149 28 ridderskapet
386 951 40 22 och
444 951 63 22 adeln
523 951 115 29 godkänna
653 953 31 20 ett
699 951 117 28 sälydande

72 987 90 28 förslag:
179 986 105 27 ,Valmän
297 986 39 21 och
349 986 139 21 medlemmar
499 986 7 21 i
518 986 97 21 ständets
626 986 98 21 enskilda
735 986 82 21 utskott

73 1023 47 18 utse
137 1021 129 21 ordförande
282 1021 33 21 för
335 1021 158 21 sammanträde
508 1021 34 28 sig
559 1021 93 21 emellan
670 1027 78 22 genom
765 1021 51 20 val.*

140 1055 49 21 Den
210 1062 46 14 som
276 1055 37 21 vill
332 1055 116 28 godkänna
464 1055 64 29 sagde
544 1055 83 28 förslag
641 1062 73 14 svarar
726 1055 34 28 ja;
776 1055 41 20 den

72 1090 37 21 det
124 1090 20 27 ej
160 1090 39 21 vill
214 1097 73 14 svarar
302 1090 43 27 nej.

140 1124 84 21 Vinner
239 1125 35 27 nej
292 1124 92 21 erhåller
399 1125 11 27 $
427 1124 96 29 följande
539 1124 92 28 lydelse:

132 1159 32 26 ;I
179 1159 96 21 ständets
296 1159 95 21 enskilta
407 1159 84 21 utskott
508 1159 40 21 och
563 1159 36 21 vid
613 1159 205 21 valmanssamman-

74 1194 60 20 träde
153 1194 59 20 föres
232 1193 102 21 ordet'af
347 1193 41 21 den
404 1194 94 20 ledamot
514 1194 52 19 eller
581 1193 96 26 valman,
693 1200 44 13 som
754 1193 65 20 bland

74 1228 26 21 de
116 1227 133 22 närvarande
264 1228 39 21 har
319 1227 89 22 främsta
423 1229 56 20 sätet
492 1229 28 27 pä
535 1227 154 28 riddarhuset";

74 1263 40 20 och
133 1262 91 21 emedan
244 1263 140 28 pluraliteten
399 1263 73 20 härtill
488 1262 89 22 svarade
590 1263 30 27 ja,
637 1262 68 21 skulle
721 1261 72 21 denna
808 1262 10 27 $

74 1297 59 28 förty
147 1297 7 20 i
170 1297 225 21 öfverensstämmelse
410 1297 49 21 med
471 1297 169 28 ja-proposition
656 1296 152 28 omredigeras.

143 1331 57 20 Herr
214 1338 42 14 von
272 1331 78 26 Born,
364 1331 27 20 K.
406 1331 32 26 F.,
454 1331 73 21 anhöll
542 1336 35 15 om
593 1331 61 20 ordet
669 1331 40 20 och
725 1331 94 26 yttrade:

75 1365 43 27 Jag
133 1365 38 20 ber
187 1366 31 19 att
233 1365 22 20 fä
269 1369 111 16 reservera
395 1365 45 27 mig
455 1366 45 19 mot
515 1365 59 20 detta
589 1364 70 21 beslut
673 1364 48 20 med
737 1363 47 21 stöd
798 1363 24 21 af

74 1399 58 21 hvad
147 1399 40 28 jag
201 1398 66 21 redan
283 1398 80 28 anfört;
382 1398 32 22 uti
433 1398 88 23 hvilken
541 1397 133 23 reservation
691 1397 63 22 äfven
770 1397 50 22 herr

75 1433 75 23 Taube
165 1432 112 24 instämde.
