1045 1714
221 130 42 21 440

194 194 155 29 ridderskapet
369 194 40 20 och
428 194 63 21 adeln
507 196 31 20 att
553 194 74 21 derom
643 193 54 21 fatta
713 193 79 27 beslut,
809 193 91 21 emedan
914 193 32 21 vi-

194 229 51 21 dare
265 229 72 27 äfven,
353 228 8 21 i
375 228 105 21 händelse
499 229 24 20 af
540 228 37 21 det
591 228 118 27 höglofliga
725 228 95 20 ständets
836 228 61 20 bifall
912 228 34 20 till

193 263 130 29 petitionen,
335 262 124 22 ändamålet
474 263 24 21 af
507 262 132 29 jemnlikhet
653 262 60 21 inför
726 263 64 27 lagen
803 262 48 21 icke
861 262 84 27 vinnes,

194 298 74 21 derest
286 298 48 21 icke
355 297 26 21 de
402 297 70 28 öfriga
490 296 155 23 landsstånden
661 297 83 27 jemväl
759 297 75 28 afsäga
850 297 33 27 sig
898 296 47 22 sina

194 332 221 28 specialrättigheter;
434 334 56 19 samt
508 332 103 28 slutligen
630 331 91 21 emedan
741 331 103 21 Finlands
863 331 81 21 ridder-

194 366 54 30 skap
264 368 40 20 och
319 367 49 21 adel
384 366 7 21 i
406 366 33 20 sin
454 367 75 21 helhet
543 367 39 20 bör
597 366 85 21 sättas
672 362 10 38 i
695 366 87 21 tillfälle
798 368 31 18 att
845 366 100 21 deröfver

192 404 60 25 yttra
272 402 39 28 sig.
341 401 75 21 Såsom
438 400 159 22 förberedande
618 400 102 28 åtgärder
740 400 33 21 till
793 400 87 28 frågans
903 400 42 21 lös-

194 436 60 28 ning,
269 436 34 21 får
315 436 40 27 jag
371 435 85 21 derföre
472 436 39 20 hos
526 435 118 28 högloflige
659 435 151 28 ridderskapet
825 435 40 21 och
881 435 63 21 adeln

193 470 111 22 vördsamt
319 469 91 21 föreslå:

265 506 33 20 1:o
313 506 32 19 att
359 504 40 21 hos
414 504 28 22 H.
458 504 104 28 Majestät
577 503 108 28 Kejsaren
699 504 8 20 i
722 504 173 28 underdånighet
908 510 36 22 pe-

193 540 105 20 titionera
314 546 35 14 om
363 539 154 28 upphäfvande
532 539 24 21 af
568 538 75 28 kongl.
659 538 155 28 förordningen
830 539 24 21 af
865 539 41 21 den
918 540 26 20 26

192 574 88 28 januari
302 574 65 26 1802,
383 574 46 20 deri
445 573 35 21 det
496 574 87 27 stadgas
599 574 43 26 ,att
657 573 86 21 Svensk
757 573 125 27 Adelsman,
898 580 46 14 som

194 609 38 21 sitt
248 608 63 21 ärfda
325 608 54 21 eller
394 608 110 21 förvärfda
514 608 111 28 Adelskap
637 608 52 21 eller
700 608 72 27 någon
783 608 162 28 Ridderskapet

194 643 40 21 och
248 642 74 22 Adeln
338 642 98 28 tillhörig
452 642 105 28 rättighet
572 643 33 27 sig
621 642 92 28 afsäger,
729 642 55 21 skall
799 649 52 15 vara
866 643 80 28 pligtig

194 677 34 28 sig
243 678 78 26 genast
340 679 51 19 utur
409 676 57 21 riket
485 676 88 28 begifva
589 678 55 19 samt
659 676 80 21 honom
754 676 48 22 icke
817 677 81 21 tillåtas
913 679 32 19 att

194 712 60 20 inom
270 710 103 29 Sveriges
388 712 90 26 gränsor
494 711 54 20 eller
564 711 26 21 de
604 710 69 22 under
687 710 48 22 dess
746 710 95 29 Konung
851 712 93 27 lydande

194 745 105 28 landskap
315 745 40 21 och
371 744 113 29 provinser
500 745 34 27 sig
548 745 123 28 uppehålla,
687 745 27 21 bo
731 745 52 21 eller
798 746 85 20 vistas.”

261 780 34 20 2:0
316 780 32 20 att
369 779 85 21 landets
474 779 70 28 öfrige
564 779 63 21 stånd
642 780 67 20 måtte
725 780 100 28 inbjudas
840 782 32 19 att
887 782 57 26 yttra

193 815 34 27 sig
239 814 106 22 huruvida
366 814 26 21 de
407 814 72 20 kunde
494 821 52 14 vara
561 814 86 27 hugade
663 816 32 18 att
707 814 82 28 jemväl
804 815 33 21 för
853 815 33 21 sin
902 815 42 27 del,

192 856 80 21 genom
292 848 113 22 afstäende
425 848 24 21 af
467 848 46 22 sina
534 848 157 29 prerogativer,
707 849 115 21 medverka
841 850 33 20 till
890 857 53 21 upp-

192 883 86 21 näende
294 884 23 20 af
331 883 37 21 det
384 882 98 28 åsyftade
492 883 137 27 ändamålet;
646 884 55 20 samt

263 919 34 20 3:o
318 919 32 20 att
369 917 91 21 emedan
478 918 24 20 af
520 918 103 20 Finlands
643 918 127 29 ridderskap
790 920 39 20 och
846 919 48 21 adel
910 919 34 21 för

193 952 134 22 närvarande
343 952 77 21 endast
436 952 117 22 etthundra
568 952 123 28 fyratiofem
707 954 57 20 ätter
779 955 36 20 äro
831 960 113 22 represen-

192 987 85 27 terade,
296 994 50 14 men
364 986 36 22 vid
414 994 50 20 pass
480 987 121 21 etthundra
616 988 193 27 orepresenterade
825 989 40 20 och
881 996 63 20 gran-

192 1022 131 28 lagenheten
333 1021 69 21 mäste
411 1021 133 22 föreskrifva
553 1028 35 14 oss
597 1023 38 25 att,
643 1022 52 21 vära
705 1022 144 22 fränvarande
860 1024 83 21 ständs-

192 1056 80 22 bröder
287 1056 123 27 oätsporde,
426 1056 48 21 icke
488 1056 64 21 döma
567 1056 60 21 öfver
643 1056 62 22 deras
715 1057 176 29 medborgerliga
900 1060 43 20 rät-

193 1090 103 29 tigheter,
317 1090 86 21 ståndet
418 1090 7 20 i
441 1090 33 22 sin
493 1090 73 22 helhet
586 1090 67 22 måtte
674 1093 67 20 sättas
760 1092 8 20 i
786 1092 87 21 tillfälle
889 1095 32 19 att
936 1093 7 21 i

194 1125 77 28 frägan
286 1126 59 27 yttra
359 1124 40 28 sig.
772 1148 2 2 N

263 1159 72 21 Sedan
356 1159 63 21 dessa
439 1159 151 29 preliminärer
609 1159 72 23 blifvit
696 1160 99 28 afgjorda
811 1162 39 20 och
866 1162 76 21 vunnit

195 1193 86 28 äsyftad
299 1194 97 27 lösning,
416 1194 54 21 först
490 1194 26 21 dä
531 1194 43 21 kan
590 1194 158 29 hufvudfrägan
763 1195 34 21 till
813 1196 83 29 slutligt
912 1197 30 20 af-

194 1228 96 27 görande
309 1228 118 28 företagas.
456 1229 57 20 Dess
532 1229 40 20 öde
591 1229 64 21 beror
671 1229 23 21 af
707 1230 116 21 ständerne
839 1231 40 21 och
894 1231 49 21 dess

193 1262 116 26 framgång
324 1262 55 20 skall
394 1262 48 20 icke
457 1262 111 25 uteblifva,
585 1262 23 21 sä
624 1264 59 19 snart
699 1263 110 20 desamma
824 1264 48 20 icke
888 1265 55 20 blott

194 1295 7 20 i
217 1295 48 26 ord,
281 1296 52 19 utan
349 1295 64 21 äfven
429 1295 6 20 i
450 1295 114 27 handling,
580 1296 46 20 visa
647 1296 33 27 sig
699 1296 172 27 redebogne
833 1291 39 36 att
886 1298 57 21 afstå

194 1328 26 21 de
236 1328 94 22 enskilte
345 1329 183 21 ständsintressen
544 1329 33 21 för
592 1329 49 22 hela
657 1325 91 32 landets,
759 1330 49 22 hela
821 1331 36 22 det
872 1331 70 22 finska

192 1363 80 21 folkets
288 1363 93 22 fromma
395 1363 40 22 och
450 1363 89 22 välfärd.
