1050 1714
215 140 41 20 420

187 204 92 26 utskott,
303 204 140 20 förordnades
463 206 31 19 att
510 204 81 27 jemväl
614 204 164 27 ifrågavarande
798 203 128 28 protokolls-

187 238 78 28 utdrag
279 238 70 21 skulle
365 238 33 21 till
413 238 97 21 bemälde
526 238 82 21 utskott
622 238 144 21 öfverlemnas
781 240 55 18 samt
847 238 79 20 bonde-

188 273 85 21 ståndet
287 273 8 21 i
310 273 70 21 sinom
395 272 31 21 tid
442 272 80 22 erhålla
537 272 156 22 underrättelse
709 280 35 13 om
759 272 36 21 det
810 272 70 21 beslut
896 272 30 21 uti

188 308 96 26 ärendet,
300 308 61 20 hvari
376 307 148 28 ridderskapet
539 308 39 20 och
594 307 63 21 adeln
672 307 87 21 komma
774 308 31 20 att
820 309 82 19 stanna.

254 377 118 28 Upplästes
394 376 7 20 i
424 376 101 21 afseende
545 377 12 21 å
577 376 122 22 kännedom
722 378 79 20 tvänne
822 376 105 22 särskilda

188 412 77 27 utdrag
286 418 25 14 ur
333 411 189 27 borgareståndets
541 411 108 28 protokoll
669 411 33 21 för
723 411 40 21 den
784 412 26 20 23
829 411 8 21 i
857 411 71 21 denna

188 446 77 21 månad
284 446 23 20 af
324 445 96 21 innehåll
440 447 32 19 att
490 445 100 21 bemälde
610 445 62 21 stånd
692 445 65 27 sagde
777 446 42 27 dag
838 445 90 21 beslutit

187 480 81 28 invälja
282 480 118 20 ledamöter
416 480 32 20 till
464 479 100 21 ståndens
580 480 108 20 allmänna
703 480 171 20 besvärsutskott
887 480 40 20 och

184 514 82 28 jemväl
286 521 82 13 samma
387 514 41 27 dag
448 514 113 21 verkställt
582 514 50 20 slikt
651 514 45 26 val;
716 514 74 20 hvilka
808 514 120 28 protokolls

187 549 78 28 utdrag
279 549 69 20 skulle
364 549 74 27 läggas
454 548 33 21 till
502 548 96 21 ståndets
612 548 135 28 handlingar.

255 617 57 21 Herr
332 617 153 27 Schauman,
505 617 25 21 B.
552 617 35 22 O.:
610 617 42 28 Jag
672 617 69 21 skulle
761 617 113 21 hemställa
895 617 32 21 till

186 652 51 21 herr
250 652 66 21 baron
327 652 41 20 och
378 651 197 22 landtmarskalken
586 653 55 19 samt
650 651 118 28 höglofliga
778 652 150 28 ridderskapet

188 686 39 21 och
242 686 63 21 adeln
321 693 35 14 om
371 686 47 21 icke
434 686 85 21 ståndet
534 686 33 21 till
582 686 137 21 undvikande
733 686 24 21 af
765 687 95 27 ständigt
871 687 55 20 åter-

186 720 129 22 kommande
336 720 77 21 trassel
432 720 36 21 vid
488 720 60 29 fråga
567 727 34 14 om
616 720 76 21 remiss
707 721 34 20 till
755 721 172 21 besvärsutskott

187 755 66 21 borde
273 756 53 27 göra
345 755 33 27 sig
397 755 58 20 klart
469 755 51 21 reda
535 755 33 21 för
583 755 134 28 proceduren
733 755 74 21 dervid
822 757 54 19 samt
891 755 36 21 det

188 789 97 22 enskilda
305 789 40 21 och
365 789 109 21 allmänna
491 789 203 22 besvärsutskottets
711 789 105 21 särskilda
831 790 96 28 åliggan-

188 825 51 26 den;
255 823 39 22 och
309 823 97 21 anhåller
418 823 40 28 jag
472 825 31 18 att
513 823 49 21 mod
572 823 102 22 afseende
684 823 67 28 derpå
761 824 22 21 få
792 825 58 26 yttra
860 825 68 27 några

187 858 45 21 ord.
261 858 34 21 Då
315 860 31 19 ett
365 857 201 22 besvärsmemorial
586 857 71 22 blifvit
672 858 134 27 föredraget,
825 859 23 20 så
864 865 63 22 synes

187 893 45 28 mig
251 894 32 20 att
302 893 76 28 frågan
398 893 61 20 alltid
479 893 141 21 sönderfaller
635 893 7 20 i
658 893 12 20 3
686 893 69 20 delar:
771 893 103 28 antingen
890 901 37 14 an-

186 930 62 26 tager
266 927 86 22 ståndet
371 927 41 21 den
425 927 164 28 ifrågavarande
604 927 120 28 petitionen
740 928 69 21 såsom
825 928 32 21 sin
874 929 53 20 eller

188 962 78 22 önskar
286 962 36 21 det
342 963 99 20 närmare
461 962 115 28 utredning
596 962 7 21 i
622 962 66 21 saken
709 963 53 20 eller
782 963 64 20 också
861 963 66 21 afslår

187 997 85 22 ståndet
291 997 120 28 petitionen
430 998 85 26 genast,
535 997 82 21 hvilket
632 997 38 21 allt
685 997 43 21 kan
744 997 38 21 ske
797 997 58 22 såväl
871 997 56 22 efter

187 1039 27 14 en
230 1031 141 28 förutgående
386 1031 122 21 diskussion
521 1031 49 21 med
584 1031 53 21 eller
647 1032 51 20 utan
709 1032 99 28 votering
818 1028 46 25 som
874 1034 52 20 utan

186 1066 29 21 all
235 1066 129 21 diskussion.
392 1066 119 27 Angående
530 1066 36 20 det
586 1066 52 20 sista
655 1066 61 20 fallet
731 1066 54 21 eller
799 1066 27 21 då
841 1067 85 21 ståndet

186 1102 77 26 genast
283 1100 65 20 afslår
364 1107 26 13 en
405 1100 97 27 petition,
518 1100 70 21 såsom
603 1102 72 18 senast
689 1108 39 13 var
743 1100 119 22 händelsen
877 1102 49 20 med

186 1135 50 20 herr
245 1134 92 21 Schildts
348 1134 112 20 memorial
470 1141 34 14 om
512 1134 266 28 postförvaltarearvodets
785 1135 141 27 afskaffande,

186 1170 24 19 är
227 1168 114 28 ingenting
360 1170 30 18 att
406 1170 58 26 säga.
492 1168 12 20 I
519 1168 66 21 andra
600 1168 61 21 fallet
676 1168 54 21 eller
745 1168 27 21 då
787 1169 85 21 ståndet
888 1171 36 19 ön-

186 1203 50 21 skar
251 1204 98 19 närmare
364 1202 116 28 utredning
494 1202 7 21 i
517 1202 72 28 saken,
605 1202 23 21 så
643 1202 39 21 bör
695 1203 119 27 petitionen
824 1205 52 19 utan
887 1204 39 20 allt

186 1237 75 21 tvifvel
281 1238 77 26 genast
376 1237 122 21 remitteras
518 1237 33 21 till
571 1237 95 21 ståndets
686 1238 98 20 enskilda
802 1238 122 21 besvärsut-

187 1270 58 21 skott
260 1270 33 21 för
307 1272 32 19 att
355 1270 35 20 det
405 1271 35 19 må
454 1270 109 21 inkomma
578 1270 49 22 med
637 1271 37 20 sitt
683 1271 144 27 betänkande,
842 1272 83 20 hvilket

186 1305 38 20 fall
240 1304 65 20 oftast
319 1304 61 20 torde
395 1304 93 20 inträffa.
517 1304 11 20 I
542 1304 147 21 förstnämnde
705 1305 38 20 fall
758 1306 52 20 eller
825 1306 27 20 då
868 1306 56 20 stån-

187 1339 36 21 det
243 1340 76 26 genast
339 1340 90 26 antager
449 1345 27 14 en
495 1339 92 27 petition
607 1339 69 21 såsom
692 1340 33 20 sin
740 1340 88 27 uppstår
849 1340 75 28 frågan

187 1380 35 14 om
242 1373 85 21 ståndet
345 1372 38 22 vill
402 1373 110 21 remittera
532 1373 67 21 saken
614 1373 33 21 till
663 1374 36 20 sitt
715 1374 97 21 enskilda
827 1375 97 20 besvärs-

186 1407 82 21 utskott
284 1408 53 20 eller
351 1407 89 28 inbjuda
455 1408 25 20 de
496 1407 69 29 öfriga
581 1408 90 21 stånden
686 1408 49 21 atti
745 1409 119 27 petitionen
879 1409 44 22 del-

187 1444 50 25 taga
256 1442 39 21 och
315 1442 6 21 i
342 1441 76 21 sådant
437 1442 37 20 fall
494 1442 111 21 remittera
625 1442 124 22 densamma
768 1443 32 21 till
816 1444 108 21 allmänna
