1017 1711
214 146 40 17 826

185 209 35 20 det
236 209 6 19 i
258 209 109 20 allmänna
382 209 64 26 lagen
463 209 103 27 stadgade
582 215 77 14 ansvar
674 209 23 19 af
713 209 26 19 10
755 208 64 26 daler,
835 215 44 13 som
892 208 41 20 kan

185 242 88 21 ädömas
289 243 103 20 domaren
408 242 33 21 för
457 241 160 22 uraktlätenhet
633 242 6 20 i
655 241 102 22 afseende
776 242 5 20 &
793 242 141 21 domböckers

185 276 140 21 insändande.
349 276 83 21 Genom
448 276 124 20 sedermera
584 276 105 20 utkomna
699 276 74 27 kongl.
785 275 49 21 bref
844 277 23 18 är
878 275 56 21 stad-

185 310 58 28 gadt,
259 312 32 18 att
306 317 35 13 om
357 311 19 27 ej
393 310 61 21 böter
468 310 81 28 hjelpa,
565 310 102 20 domaren
681 310 43 20 kan
740 310 92 20 medelst
846 316 88 21 suspen-

185 344 46 20 sion
247 344 48 21 frän
309 345 94 27 tjensten
416 344 102 21 tillhällas
530 346 32 19 att
573 344 90 21 insända
675 344 47 20 sina
733 343 138 21 domböcker.
891 343 44 21 För

185 380 62 19 extra
267 378 97 27 domare,
384 386 44 13 som
450 380 19 26 ej
490 379 74 21 kunna
580 378 154 28 suspenderas,
750 378 109 28 tillämpas
875 378 60 20 detta

185 413 119 27 stadgande
321 413 95 26 sälunda,
433 415 31 19 att
480 413 26 21 de
522 414 98 20 inmanas
635 412 7 21 i
657 412 72 21 häkte.

253 447 58 21 Herr
333 447 133 21 Forsman:
490 448 50 20 Med
561 447 118 27 anledning
699 447 23 20 af
740 446 50 21 herr
810 446 125 28 Törngrens

184 482 111 26 yttrande,
316 482 37 20 vill
371 482 38 28 jag
429 482 114 26 anmärka,
565 482 32 20 att
617 488 34 14 om
672 482 67 26 nägot
763 480 76 21 sädant
860 480 75 21 oskick

185 515 70 21 skulle
275 516 104 26 existera,
401 518 31 18 att
452 523 25 13 ur
497 516 27 20 de
544 515 123 21 renskrifna
687 514 161 21 domböckerna
868 515 67 27 nägot

185 550 70 20 skulle
271 550 130 25 utelemnas,
418 557 45 13 som
479 550 38 20 der
532 550 49 20 bort
596 549 57 26 ingä,
666 549 23 20 sä
701 549 69 20 finnes
783 549 6 19 i
803 549 46 26 12$
864 549 7 19 1
885 548 49 27 kap.

185 583 26 20 R.
228 583 25 20 B.
269 585 31 19 ett
315 583 128 28 tillräckligt
458 583 112 21 korrektiv
586 583 103 20 deremot.

253 617 58 21 Herr
333 617 149 28 Törngren:
504 617 46 21 Mot
572 617 50 20 herr
645 623 41 14 von
710 616 112 28 Knorring
841 616 38 20 vill
896 616 40 27 jag

186 653 85 25 nämna,
287 653 32 19 att
334 652 26 20 de
375 651 261 26 ansvarsbestämmelser,
652 658 45 13 som
711 651 50 20 herr
772 657 41 14 von
824 650 112 28 Knorring

185 686 130 27 uppräknat,
327 686 57 27 gälla
395 686 75 20 endast
481 685 134 22 insändande
626 685 23 20 af
658 685 169 26 domböckerna;
839 685 97 20 deremot

185 720 38 20 vill
235 721 40 26 jag
289 720 132 27 fullkomligt
437 720 96 21 erkänna
549 719 133 28 riktigheten
698 719 24 20 af
734 719 57 20 hvad
806 719 50 21 herr
871 719 64 20 Fors-

185 760 50 15 man
251 755 110 25 anmärkt,
377 761 48 14 men
439 755 39 27 jag
494 755 70 20 skulle
580 760 52 14 anse
647 754 36 20 det
698 753 143 28 nödvändigt,
857 755 32 19 att
904 755 32 18 ett

185 788 119 28 stadgande
320 789 72 20 derom
408 788 56 21 hade
480 789 38 20 här
533 788 87 21 influtit.

253 823 58 20 Herr
326 823 102 26 Munck,
443 822 27 21 K.
487 823 34 20 F.:
540 822 46 21 Här
600 822 39 21 har
654 822 55 20 först
724 821 111 21 anmärkts
850 821 85 27 derom,

186 858 31 18 att
237 856 378 28 förmyndareredovisnings-tvister
639 856 64 20 äfven
723 855 67 21 borde
810 855 51 28 ingå
881 856 7 20 i
909 855 26 21 de

185 890 124 21 renskrifna
324 890 168 28 domböckerna;
509 891 98 20 deremot
623 890 38 20 har
673 890 39 27 jag
727 889 115 28 ingenting
857 892 31 18 att
903 890 32 20 in-

185 925 77 26 vända,
278 932 35 14 om
329 925 85 21 ständet
430 925 87 21 förenar
532 925 33 28 sig
580 924 137 21 härutinnan.
737 924 64 21 Hvad
812 924 124 21 sedermera

185 959 103 21 beträffar
308 960 41 20 den
368 960 67 20 andra
450 959 182 27 anmärkningen,
648 960 31 19 att
695 959 41 20 den
752 959 7 19 i
775 959 65 20 slutet
855 958 24 21 af
892 958 43 21 för-

185 996 34 18 sta
241 995 4 26 $
260 994 129 21 omnämnde
408 994 138 28 förteckning
561 994 19 27 ej
597 1000 51 14 vore
663 993 105 27 behöflig,
785 993 23 21 sä
823 992 64 22 hafva
902 994 32 20 in-

185 1028 76 22 kasten
278 1028 106 26 deremot,
400 1029 7 19 i
423 1029 49 20 mitt
487 1028 73 28 tycke,
577 1028 70 20 blifvit
662 1027 134 27 fullkomligt
810 1027 77 28 riktigt
898 1027 36 21 be-

186 1064 68 21 mötta
273 1063 24 21 af
316 1064 49 20 herr
382 1070 41 14 von
444 1062 121 29 Knorring,
586 1062 7 21 i
613 1063 62 20 hvars
695 1062 89 27 mening
796 1062 40 28 jag
851 1062 84 21 säledes

184 1098 133 21 instämmer.
344 1098 128 21 Sedermera
486 1098 39 20 har
540 1097 66 21 bland
622 1098 65 19 annat
698 1097 23 20 af
729 1097 76 20 herrar
815 1103 42 14 von
868 1096 66 27 Born,

185 1131 27 21 K.
228 1132 34 26 F.,
284 1132 39 20 och
342 1139 42 13 von
399 1131 111 28 Knorring
525 1131 72 21 blifvit
612 1131 100 20 anmärkt
726 1132 45 19 mot
786 1130 70 28 tredje
872 1131 11 26 $
899 1137 35 14 om

184 1166 125 28 magistrats
331 1166 115 28 äliggande
469 1167 31 19 att
520 1166 33 20 till
572 1165 82 20 hofrätt
673 1164 92 21 insända
785 1164 149 28 intecknings-

184 1200 135 28 protokoller
334 1200 7 20 i
355 1200 14 20 f.
386 1200 18 20 d.
421 1199 196 21 hallrättsärender.
647 1198 44 22 Det
706 1200 23 19 är
745 1200 72 25 sannt,
833 1200 32 19 att
880 1198 54 21 hall-

184 1234 97 21 rättsmä]
297 1234 119 21 betraktats
432 1234 70 21 säsom
519 1233 141 21 ekonomiska
675 1233 40 21 och
731 1234 32 20 att
778 1234 105 26 regenten
898 1240 36 13 en-

183 1274 46 14 sam
250 1268 96 20 utfärdat
360 1267 230 27 hallrättsordningen;
611 1272 49 14 men
676 1272 46 14 som
737 1266 144 20 hallrätterna
896 1267 37 19 äro

183 1301 119 21 afskaffade
323 1301 39 21 och
382 1301 26 21 de
429 1301 91 20 ärender
539 1307 45 14 som
600 1300 58 20 förut
672 1300 116 27 handlagts
803 1299 24 21 af
840 1299 49 21 dem
904 1306 29 14 nu

183 1337 37 19 äro
240 1335 127 29 uppdragne
387 1336 22 20 &t
429 1334 177 28 magistraterne,
626 1334 74 21 hvilka
721 1334 36 20 det
777 1334 57 28 förty
850 1334 84 28 äligger

183 1371 32 19 att
235 1370 33 20 sin
288 1370 94 20 dombok
402 1370 60 20 öfver
482 1369 74 27 dylika
576 1369 91 21 ärender
685 1369 34 20 till
734 1368 83 21 hofrätt
831 1368 101 28 insända,

181 1404 24 21 sä
221 1411 64 20 synes
301 1405 56 26 mig,
378 1404 35 20 vid
428 1404 62 27 fräga
506 1410 34 14 om
556 1403 96 28 lindring
667 1403 6 20 i
689 1403 170 21 underdomares
875 1403 57 27 skyl-

181 1438 74 28 dighet
276 1438 7 21 i
303 1438 119 21 allmänhet
442 1440 31 19 att
495 1437 32 21 till
544 1437 135 21 hofrätterna
694 1437 99 21 inskieka
808 1437 124 21 renskrifna
