1034 1717
770 134 40 19 973

163 198 10 20 I
189 197 53 28 följd
256 198 23 20 af
288 198 97 20 ståndets
396 198 89 20 sålunda
496 198 81 21 fattade
588 198 70 21 beslut
669 198 110 21 fortsattes
791 199 49 21 med

95 232 162 27 granskningen
277 232 24 20 af
319 232 163 27 ifrågavarande
497 233 18 26 8,
532 232 89 21 hvarvid
639 233 49 20 herr
704 240 41 13 von
762 233 78 27 Born,

96 266 19 20 J.
132 266 37 26 A.,
191 266 93 27 begärde
304 266 62 20 ordet
385 266 40 20 och
445 266 121 28 åberopade
586 266 56 21 hvad
662 266 41 21 han
724 266 36 21 vid
780 268 9 19 1
807 268 32 26 $i

94 300 164 28 propositionen
277 300 109 27 anmärkt,
405 300 139 28 tilläggande,
558 302 32 19 att
605 300 25 21 de
647 300 67 28 öfrige
735 302 24 26 $$
775 302 66 20 borde

92 334 82 28 jemväl
190 334 95 28 undergå
301 334 42 21 den
358 334 127 28 förändring
498 334 6 21 i
521 334 149 27 redaktionen,
680 334 88 22 hvartill
783 335 59 21 den
830 330 15 37 i

96 370 12 27 $
125 370 9 20 1
151 368 113 29 godkände
279 369 112 28 principen
408 369 69 21 skulle
492 369 118 21 föranleda.

164 404 58 20 Herr
240 410 41 15 von
297 403 78 27 Born,
391 403 27 21 K.
434 404 35 20 F.:
489 404 11 20 I
515 404 97 28 enlighet
627 404 49 21 med
692 404 41 21 den
748 404 94 28 princip,

96 446 46 13 som
158 446 29 13 nu
202 441 24 18 är
240 439 101 28 antagen,
356 439 51 20 ville
420 439 39 28 jag
473 439 87 27 föreslå,
576 441 32 18 att
623 439 109 28 uttrycket
746 439 102 21 kommu-'

96 473 130 28 nalstyrelse
242 473 69 21 skulle
327 473 87 27 utbytas
429 476 44 18 mot
483 474 225 27 förmyndarenämnd,
720 480 44 14 som
776 474 66 20 borde

96 508 7 20 i
120 508 75 27 hvarje
210 508 104 21 kommun
330 509 65 19 utses.

165 542 58 21 Herr
239 549 41 14 von
295 541 198 29 Weissenberg:
510 541 42 28 Jag
568 542 69 20 skulle
649 543 74 26 önska,
734 544 32 19 att
777 543 10 26 $
799 550 44 13 om-

98 576 137 27 redigerades
256 577 7 20 i
283 575 96 28 enlighet
401 576 49 21 med
471 577 40 20 den
532 576 134 21 reservation
688 583 43 14 som
754 577 23 21 af
795 577 49 20 herr

99 611 133 28 Jägerhorn,
248 611 22 20 C.
287 611 31 26 J.,
339 610 40 21 och
394 610 123 28 professorn
534 610 121 21 Schauman
671 611 7 20 i
694 610 105 22 utskottet
813 611 31 20 af-

99 645 80 29 gifvits.

166 679 58 22 Herr
238 687 41 14 von
295 679 80 26 Born,
391 679 20 21 J.
427 680 37 20 A.:
479 680 34 20 Då
525 680 39 28 jag
580 680 30 20 uti
627 679 37 21 det
675 680 23 21 af
706 681 46 26 mig
762 680 82 29 afgifna

98 714 82 27 förslag
195 714 34 21 till
243 714 114 21 redaktion
373 714 24 20 af
409 713 165 28 ifrågavarande
589 715 11 26 $
616 714 95 21 förordat
722 715 122 20 inrättande

100 749 24 20 af
142 748 245 27 förmyndarenämnder
409 748 76 21 endast
505 749 7 20 i
531 749 111 26 städerna,
665 748 80 21 skedde
768 749 36 21 det
825 749 23 20 af

101 783 71 26 orsak,
183 784 31 19 att
226 783 39 27 jag
279 783 65 27 hyser
359 783 90 27 farhåga
463 785 32 18 att
511 785 30 18 ett
556 783 128 27 tillräckligt
698 783 60 20 antal
774 790 71 21 perso-

100 824 39 14 ner
160 817 101 20 särskildt
279 817 34 20 för
333 817 232 28 kommunalstyrelsen
582 817 40 21 och
638 817 101 20 särskildt
755 817 32 21 för
803 818 42 20 för-

101 851 213 29 myndarenämnden
329 851 7 20 i
352 851 27 21 de
394 851 62 21 fleste
472 853 58 19 orter
545 852 28 27 pä
588 851 72 21 landet
676 852 19 27 ej
711 852 44 20 står
766 854 31 19 att
807 852 39 21 fås.

168 885 58 22 Herr
241 885 163 28 Furuhjelm,
419 885 28 21 H.
463 885 36 21 V.:
516 886 42 28 Jag
573 886 87 21 förenar
674 886 45 27 mig
734 887 48 20 med
797 887 50 21 herr

101 928 41 13 von
158 920 157 28 Weissenberg
329 920 39 21 och
383 920 103 27 anhäller,
497 922 32 19 att
542 920 86 21 ständet
643 920 67 21 mätte
725 920 75 22 förena
815 922 32 27 sig

101 963 35 14 om
152 955 42 21 den
210 954 62 28 äsigt,
289 956 30 19 att
334 955 80 20 vården
431 961 33 15 om
480 955 180 28 förmynderskap
677 955 37 20 bör
728 955 119 22 tillkomma

101 989 232 28 kommunalstyrelsen
349 989 46 27 och,
411 989 37 21 der
464 996 26 14 en
506 989 66 22 sådan
588 990 20 27 ej
624 989 69 21 finnes
708 989 101 28 inrättad,
821 997 26 14 en

102 1026 128 27 pormanent
245 1023 122 21 institution
384 1024 23 20 af
421 1024 55 28 gode
491 1026 57 19 män.

170 1059 58 20 Herr
242 1058 93 28 Arppe
350 1059 102 20 förenade
468 1059 33 27 sig
513 1059 82 27 jemväl
608 1058 49 21 med
667 1059 50 20 herr
728 1065 41 14 von
777 1059 72 20 Weis-

103 1093 99 28 senberg.

171 1127 57 21 Herr
243 1126 200 21 landtmarskalken
456 1127 133 21 framställde
600 1127 49 20 med
660 1127 117 28 anledning
788 1127 63 21 häraf'

104 1169 26 14 en
146 1162 141 28 proposition,
305 1161 87 21 hvilken
409 1161 54 22 efter
474 1161 67 21 skedd
549 1161 109 28 justering
674 1161 68 22 erhöll
752 1161 96 28 följande

103 1196 93 28 lydelse:

173 1247 9 9 »
184 1229 45 22 Vill
249 1229 149 28 ridderskapet
415 1230 39 21 och
468 1230 62 21 adeln
546 1232 80 25 antaga
641 1230 69 21 såsom
728 1230 122 28 grundsats,

105 1267 31 18 att
157 1265 119 20 domstolen
297 1263 35 22 vid
352 1264 123 21 vårdnaden
495 1265 60 20 öfver
570 1264 179 29 förmynderskap
766 1265 38 20 bör
819 1265 32 20 bi-

106 1299 72 21 trädas
198 1300 24 20 af
238 1299 217 27 kommunalstyrelse
476 1300 60 26 eller,
552 1299 38 21 der
611 1299 66 21 sådan
698 1300 89 27 styrelse
804 1300 47 20 icke

106 1334 69 20 finnes
195 1334 104 25 inrättad,
315 1334 24 20 af
352 1334 55 26 gode
428 1336 50 18 män
494 1334 90 21 utsedde
599 1333 23 20 af
634 1334 130 20 kommunen
781 1334 69 20 såsom

105 1369 130 26 permanent
250 1366 130 21 institution.

174 1400 50 21 Den
244 1408 45 13 som
309 1401 37 21 vill
365 1401 78 27 antaga
459 1400 65 29 sagde
540 1400 115 29 grundsats
671 1408 73 13 svarar
757 1401 32 27 ja;
811 1400 40 21 den

106 1436 37 21 det
158 1435 48 22 icke
222 1435 36 21 vill
274 1442 73 14 svarar
362 1435 42 27 nej.
