1006 1711
209 118 40 20 668

182 183 93 28 uppnått
290 183 26 20 25
333 182 34 21 års
383 182 69 27 ålder;
469 182 40 21 och
525 181 27 22 då
568 181 83 21 således
667 183 69 27 enligt
747 182 51 21 sista
812 184 121 19 momentet

182 217 24 20 af
219 217 13 20 8
248 217 11 27 &
275 217 109 20 närmaste
401 217 102 26 ätteman,
519 216 27 21 dä
561 215 133 22 hufvudman
710 216 21 28 ej
747 217 93 27 uppnått
855 217 27 20 25
898 216 35 21 års

182 251 70 26 ålder,
272 250 98 21 inträder
389 250 8 21 i
418 250 38 21 full
477 250 216 27 hufvudmannarätt,
709 253 24 18 är
745 251 25 27 ju
787 250 70 22 denne
878 252 55 20 ätte-

182 292 50 14 man
247 285 139 28 naturligtvis
402 285 63 21 äfven
480 285 123 28 berättigad
618 286 32 20 att
665 285 34 21 för
714 286 59 20 ätten
787 285 87 21 utfärda
884 285 49 21 full-

182 320 67 20 makt.
278 320 33 20 På
331 319 62 21 dessa
414 320 46 20 skäl
481 320 39 20 och
541 320 27 20 då
584 320 40 27 jag
639 320 19 27 ej
676 319 68 21 heller
759 319 43 21 kan
818 319 116 28 godkänna

183 354 41 21 den
244 354 96 28 princip,
355 361 47 14 som
422 354 79 20 uttalas
522 354 7 20 i
549 355 27 20 10
596 355 21 27 $,
638 356 32 18 att
686 360 26 14 en
728 349 143 31 hufvudman,
888 361 45 13 som

182 388 50 27 fyllt
250 389 24 20 21
292 388 31 26 år,
339 388 70 21 skulle
425 390 40 25 äga
480 390 32 19 att
526 389 28 27 på
569 395 72 14 annan
657 388 107 21 öfverlåta
780 395 26 14 en
822 388 112 27 rättighet,

183 423 41 20 den
239 423 44 20 han
298 423 53 27 sjelf
365 423 19 27 ej
401 424 57 26 äger,
470 423 64 21 utber
546 423 39 27 jag
600 423 45 26 mig
661 422 86 21 derföre
763 423 32 20 att
809 422 22 21 få
847 422 87 27 föreslå,

183 457 36 20 det
234 457 50 21 hela
301 457 25 20 10
341 457 12 27 8
368 457 73 20 kunde
456 464 25 14 ur
496 457 106 28 förslaget
616 457 60 27 utgå.

250 491 58 21 Herr
323 491 185 21 Nordenheim:
530 491 72 21 Jemte
622 491 36 20 det
674 491 40 28 jag
729 491 128 20 instämmer
873 491 7 20 i
897 491 36 20 det

183 525 101 28 yttrande
304 525 51 21 herr
376 525 124 21 Grotenfelt
520 525 97 28 afgifvit,
634 525 36 21 vill
683 526 49 27 jag,
748 525 46 21 ifall
817 526 4 26 $
837 526 98 20 kommer

183 561 32 19 att
231 559 126 27 bibehållas,
368 559 58 21 fästa
441 560 221 28 uppmärksamheten
673 559 81 27 dervid,
765 561 32 19 att
808 560 74 20 såvida
893 561 42 19 5:te

183 594 99 28 punkten
302 594 7 20 i
330 595 13 20 9
362 595 11 26 8
389 594 127 27 innehåller,
536 596 32 19 att
588 594 42 21 den
651 601 45 13 som
713 595 12 19 6
742 594 23 20 år
780 593 56 22 varit
850 593 85 22 frånva-

184 628 67 22 rande
266 628 49 21 från
331 628 175 22 fäderneslandet
521 629 20 28 ej
558 629 33 21 får
606 628 76 22 utöfva
698 628 32 21 sin
741 629 195 27 representations-

183 664 54 25 rätt,
253 663 67 21 innan
335 663 43 21 han
394 663 70 28 styrkt
480 663 33 27 sig
528 663 65 21 hafva
608 663 69 21 under
692 662 26 21 de
734 664 33 20 tre
783 664 85 20 senaste
885 663 50 21 åren

184 697 55 21 varit
255 697 71 21 såsom
341 697 56 21 finsk
412 698 142 28 medborgare
567 698 7 20 i
584 697 75 21 landet
671 698 71 20 bosatt
758 697 40 21 och
814 697 122 21 skattskrif-

184 738 51 20 ven,
254 732 61 20 torde
331 732 37 20 det
388 732 64 21 hafva
472 732 56 21 varit
544 732 125 28 meningen,
685 734 32 19 att
738 733 18 27 ej
776 732 70 21 heller
865 732 71 28 någon

184 766 153 22 introducerad
353 766 117 28 adelsman,
482 774 45 14 som
539 767 20 27 ej
570 766 95 29 uppfyllt
675 766 93 21 nämnde
782 766 70 21 vilkor
867 766 70 22 skulle

185 801 74 21 kunna
274 801 33 21 till
327 801 78 21 ombud
421 803 66 19 utses.
516 801 12 21 I
543 802 103 20 händelse
662 801 84 21 således
762 802 43 20 5:te
821 808 64 14 mom.
901 801 6 21 i
924 802 12 20 9

186 836 18 27 3,
220 836 89 21 hvarom
322 836 47 28 jag,
385 843 35 13 om
433 836 39 28 jag
487 836 138 21 förskottsvis
641 836 33 20 får
689 838 59 25 yttra
763 836 52 27 mig,
828 836 71 27 hyllar
910 842 27 14 en

185 877 72 14 annan
277 870 67 28 åsigt,
364 870 99 21 kommer
483 871 32 21 att
534 871 102 27 antagas,
652 870 66 21 borde
736 870 64 21 också
815 870 7 21 i
839 869 71 22 denna
925 871 12 26 &

185 905 52 28 ingå
259 904 70 21 såsom
353 905 79 27 vilkor,
455 906 32 20 att
508 905 124 27 fullmäktig
652 905 39 21 bör
711 912 51 14 vara
784 904 154 21 introducerad

185 939 111 22 adelsman
312 939 40 21 och
368 939 105 28 derjemte
489 939 64 21 hafva
568 939 69 21 under
653 939 25 22 de
695 941 33 20 tre
744 939 52 21 sista
811 939 53 22 åren
881 939 57 21 varit

185 973 7 21 i
207 973 74 22 landet
296 973 72 22 bosatt
383 973 40 22 och
439 973 163 22 skattskrifven.

254 1008 58 21 Herr
328 1015 41 14 von
386 1008 153 21 Bonsdorff:
558 1007 62 22 Efter
636 1009 49 20 mitt
701 1009 43 20 sätt
759 1010 32 19 att
805 1008 46 21 läsa
867 1008 72 21 denna

185 1043 19 27 $,
224 1043 39 20 har
279 1042 126 21 densamma
421 1042 76 21 endast
512 1043 102 21 afseende
635 1043 28 27 på
683 1043 80 20 sådana
783 1043 103 28 familjer,
901 1043 38 20 der

186 1077 66 28 ingen
273 1078 97 20 ätteman
390 1077 80 26 finnes,
486 1077 91 21 emedan
597 1084 35 13 om
650 1079 95 19 ätteman
761 1077 78 26 finnes,
863 1077 23 21 så
906 1077 32 20 in-

185 1112 74 20 träder
279 1113 43 19 han
347 1111 54 20 efter
422 1112 12 19 8
456 1113 28 26 &:s
506 1111 52 21 sista
578 1113 97 19 moment
690 1111 7 21 i
713 1111 39 21 full
765 1111 174 21 hufvudmanna-

186 1147 53 25 rätt,
260 1145 44 21 tills
320 1144 133 22 hufvudman
473 1145 49 28 fyllt
542 1146 28 20 25
590 1145 30 21 år.
650 1145 72 21 Alltså
742 1145 43 21 kan
804 1145 71 21 denna
891 1146 10 26 $
918 1145 19 27 ej

185 1180 66 21 hafva
271 1179 103 21 afseende
389 1179 28 28 pä
433 1179 66 21 andra
514 1180 102 28 familjer,
633 1180 27 20 än
678 1180 56 26 dem,
751 1179 37 21 der
803 1180 67 26 ingen
885 1181 54 19 ätte-

186 1220 50 14 man
250 1214 77 26 finnes,
337 1215 53 19 utan
405 1214 56 20 bloit
475 1214 140 26 hufvudman,
627 1220 45 14 som
688 1215 24 19 är
728 1214 25 20 21
771 1214 23 20 är
809 1220 50 14 men
875 1214 20 27 ej
912 1214 27 20 25

187 1248 30 20 år.
247 1248 72 20 Alltså
334 1247 75 27 tycker
422 1248 39 26 jag
480 1248 11 26 8
510 1248 110 20 försvarar
636 1248 33 19 sin
684 1248 58 27 plats
757 1247 40 19 och
812 1247 78 21 behöfs
905 1247 35 21 för

187 1280 81 22 sädana
283 1281 45 26 fall,
344 1281 38 20 der
397 1280 133 21 hufvudman
546 1282 23 19 är
585 1280 42 21 den
643 1280 56 21 enda
714 1280 24 20 af
750 1282 66 19 ätten.

255 1314 103 20 Friherre
379 1313 140 28 Carpelan:
542 1314 44 21 För
609 1314 44 21 min
676 1313 35 23 del
735 1314 69 21 skulle
824 1314 40 28 jag
887 1314 52 28 gilla

187 1348 166 29 ifrågavarande
374 1349 17 27 8.
423 1348 42 29 Jag
484 1348 129 22 förutsätter
635 1350 121 28 nemligen,
771 1350 32 20 att
826 1349 59 21 såväl
906 1349 34 21 för

187 1383 134 22 hufvudman
337 1390 46 14 som
399 1384 125 28 fullmäktig
537 1384 55 21 intet
611 1384 23 20 af
648 1384 26 20 de
690 1384 7 21 i
712 1384 12 28 $
740 1385 12 20 9
768 1384 114 22 anmärkta
892 1384 48 21 hin-

187 1419 38 21 der
245 1419 118 21 förefinnas
383 1418 39 21 och
443 1420 31 19 att
494 1418 67 28 ingen
580 1420 97 20 ätteman
696 1418 96 22 infunnit
807 1419 43 28 sig,
866 1421 22 27 ty
905 1419 36 21 det
