1031 1717
763 119 39 21 927

88 181 40 21 den
149 181 160 28 förmögenhet,
327 184 31 19 att
373 182 61 21 deras
455 183 138 27 förmyndare
609 184 38 20 bör
662 184 93 21 aflemna
770 184 62 21 redo-

87 216 87 28 visning
196 217 38 20 och
257 217 142 21 underkastas
421 217 104 27 kontroll;
545 218 100 20 hvarföre
662 218 39 28 jag
722 226 62 14 anser
804 226 28 13 en

88 250 88 21 stående
197 251 133 27 institution,
351 258 44 14 som
414 252 136 20 uteslutande
570 252 55 21 hade
645 255 31 17 att
697 253 68 27 syssla
783 253 49 20 med

87 285 224 27 förmyndaretillsyn,
327 286 38 20 der
384 286 73 20 kunna
478 286 39 20 och
532 287 53 20 böra
600 286 142 28 organiseras.
772 287 60 21 Med-

87 319 119 21 lemmarne
221 320 6 20 i
243 320 71 20 denna
329 320 130 27 institution,
470 320 87 21 hvilken
573 320 72 22 kunde
660 320 118 22 benämnas
790 322 42 20 för-

87 354 192 28 myndarenämnd,
289 354 66 22 borde
366 356 91 20 ersättas
473 355 104 28 antingen
587 356 28 26 på
628 354 35 22 det
674 357 48 25 sätt,
731 356 40 28 jag
781 363 50 21 nyss

87 389 7 20 i
109 388 63 29 fråga
187 396 34 14 om
237 389 179 28 förmynderskap
432 390 27 27 på
475 390 72 20 landet
558 390 101 27 föreslog,
670 397 79 21 genom
760 391 72 27 någon

86 425 91 27 procent
196 424 24 20 af
238 424 26 21 de
283 424 127 28 omyndiges
429 424 102 27 inkomst,
552 425 53 20 eller
620 424 102 22 särskildt
737 426 23 20 af
772 425 60 21 kom-

87 465 89 21 munen;
198 458 39 22 och
257 458 66 22 borde
344 459 48 21 dess
413 459 139 21 medlemmar
572 460 100 20 tillsättas
688 460 28 27 på
731 461 32 19 tre
780 460 52 20 eller

86 493 44 21 fem
146 493 29 21 år.
198 493 70 21 Dessa
283 495 38 19 äro
337 493 26 21 de
378 494 101 27 grunder,
494 494 81 28 hvarpå
591 494 68 27 enligt
674 494 44 21 min
734 494 56 28 åsigt
806 501 26 14 en

86 528 96 20 kontroll
198 528 59 20 öfver
276 527 301 29 förmyndareförvaltningen
596 528 66 21 borde
678 528 89 28 byggas.
798 529 34 20 In-

87 562 83 21 tilldess
190 562 73 28 dylika
283 562 231 28 kommunalstyrelser
529 563 28 28 på
571 562 73 21 landet
659 563 74 21 kunna
746 564 87 20 komma

86 596 7 21 i
108 597 64 28 gång,
188 604 64 14 anser
264 597 39 28 jag
318 597 128 28 visserligen
463 598 40 20 den
519 598 23 21 af
555 597 106 21 utskottet
674 598 114 21 förordade
800 600 32 19 ut-

86 633 42 27 väg
144 632 53 20 böra
212 632 76 28 väljas,
304 634 32 18 att
351 632 55 28 gode
421 634 50 19 män
488 632 69 21 skulle
573 632 101 21 tillsättas
690 632 33 22 för
738 635 31 19 att
784 634 48 20 fun-

86 673 52 21 gera
148 667 7 21 i
166 666 245 22 kommunalnämndens
423 667 68 21 ställe.
511 667 46 21 Mot
567 667 118 21 utskottets
696 668 136 22 betänkande

86 702 7 20 i
109 702 49 20 dess
178 702 98 20 enskilda
296 702 91 27 detaljer
405 702 40 21 har
461 703 39 27 jag
519 702 62 22 äfven
603 702 109 29 åtskilliga
732 704 100 21 anmärk-

86 737 78 27 ningar
185 738 31 19 att
235 738 63 26 göra,
319 744 49 14 men
388 736 63 21 utber
472 737 45 27 mig
537 738 32 20 att
588 737 74 21 härom
678 738 22 20 få
716 740 57 26 yttra
788 740 45 27 mig

86 772 76 27 längre
182 771 63 27 fram,
262 771 27 21 då
309 772 74 27 hvarje
404 772 69 28 punkt
489 772 129 27 diskuteras;
635 779 49 14 men
700 774 90 20 emedan
806 774 26 20 de

87 806 79 28 nådiga
181 806 188 28 propositionerna
385 813 34 14 om
435 806 287 29 kommunalförvaltningen
738 809 20 27 ej
775 810 57 20 ännu

87 841 55 21 varit
157 840 68 21 under
241 840 124 21 diskussion
376 841 39 21 hos
425 841 152 28 ridderskapet
587 842 39 20 och
638 842 63 20 adeln
712 842 39 21 och
762 842 71 22 denna

87 876 71 28 frågas
174 875 82 28 utgång
271 875 34 21 till
320 875 122 29 väsendtlig
453 876 34 21 del
503 876 67 21 måste
582 876 50 21 bero
644 876 72 28 derpå,
728 877 106 21 huruvida

87 910 85 21 ståndet
182 910 126 28 godkänner
319 910 84 28 åsigten
414 917 35 14 om
460 911 239 28 kommunalstyrelsers
709 911 123 22 inrättande

87 946 39 20 och
144 945 56 21 huru
216 944 61 21 dessa
293 944 68 22 blifva
376 945 163 28 organiserade,
555 946 32 20 får
599 946 39 28 jag
652 946 109 21 vördsamt
776 947 56 21 före-

87 980 40 27 slå,
143 981 32 20 att
194 980 77 28 frågan
292 987 35 14 om
348 980 103 28 tillsynen
466 980 60 21 öfver
541 981 208 29 förmynderskapen
765 982 67 21 måtte

86 1015 22 21 få
125 1014 67 22 blifva
212 1015 100 21 hvilande
334 1015 43 20 tills
396 1015 86 21 ståndet
501 1015 62 21 fattat
583 1016 37 20 sitt
635 1016 71 21 beslut
722 1023 34 14 om
772 1017 60 21 kom-

86 1050 212 27 munalstyrelserna.

154 1084 58 21 Herr
233 1092 43 14 von
299 1084 198 29 Weissenberg:
521 1084 56 22 Herr
598 1092 42 14 von
660 1085 118 21 Bonsdorff
796 1094 36 13 an-

86 1120 91 26 märkte,
194 1120 31 20 att
239 1119 60 26 barn,
316 1126 45 14 som
377 1120 20 27 ej
413 1120 37 20 äro
466 1119 125 28 välsignade
607 1119 49 21 med
668 1120 99 27 jordiska
782 1122 50 26 ägo-

87 1154 65 26 delar,
172 1154 20 27 ej
213 1153 69 21 skulle
303 1153 94 21 behöfva
414 1154 72 27 någon
502 1154 147 27 förmyndare;
663 1154 40 28 jag
718 1156 24 19 är
757 1155 24 20 af
794 1155 38 21 all-

87 1188 59 20 deles
162 1189 88 19 motsatt
265 1188 57 27 åsigt
337 1188 40 20 och
392 1195 63 14 anser
463 1189 46 26 just
520 1188 55 26 dem,
587 1195 45 13 mer
643 1190 26 18 än
681 1188 67 21 andra
758 1196 74 21 omyn-

87 1222 59 28 diga,
161 1229 52 14 vara
227 1222 7 21 i
249 1222 68 21 behof
335 1222 23 20 af
372 1222 131 22 omvårdnad
519 1222 32 22 för
567 1224 32 19 att
614 1223 19 27 ej
651 1222 6 21 i
672 1223 114 21 moraliskt
802 1224 30 20 af-

87 1256 79 22 seende
182 1257 27 28 gå
224 1256 74 22 under.

154 1292 58 20 Herr
227 1292 102 26 Munck,
345 1291 27 21 K.
388 1292 35 20 F.:
439 1292 10 20 I
465 1292 41 21 alla
523 1292 59 21 delar
597 1292 118 22 förenande
730 1293 44 28 mig
785 1294 49 20 med

86 1326 50 21 herr
151 1333 42 14 von
208 1326 69 26 Born,
293 1326 21 21 J.
330 1326 33 27 A.,
379 1326 50 22 ville
442 1327 45 27 jag,
503 1327 56 21 hvad
573 1326 101 22 beträffar
690 1328 143 26 möjligheten

76 1360 35 21 -af
124 1360 113 27 tillsynens
249 1360 60 20 öfver
319 1360 220 27 förmyndarevärden
553 1360 176 21 öfverlemnande
740 1361 22 20 åt
773 1361 59 21 kom-

87 1394 205 27 munalstyrelserna
307 1394 53 20 eller
376 1394 26 20 de
418 1394 55 27 gode
489 1396 56 24 män,
562 1401 44 13 som
621 1394 73 20 kunde
704 1394 87 21 komma
802 1396 32 19 att

87 1428 154 28 tillförordnas,
252 1428 97 30 tillägga,
360 1430 31 20 att
407 1428 36 22 det
458 1428 7 22 i
481 1428 42 22 den
538 1428 42 29 lag,
591 1428 89 22 hvarom
691 1436 29 14 nu
731 1430 23 20 är
764 1429 68 29 fräga,
