1045 1711
783 124 40 21 441

174 189 87 21 Ankom
277 195 26 14 en
319 189 127 28 deputation
461 189 49 21 från
524 189 169 28 prestaståndet,
708 190 70 21 under
793 190 60 21 anfö-

105 223 67 21 rande
188 223 24 20 af
224 224 51 20 herr
289 223 125 28 professorn
430 223 89 27 Geitlin,
534 231 46 13 som
595 224 146 28 tillkännagaf
753 226 32 19 att
796 225 58 20 stån-

105 257 38 20 det
162 257 86 21 förenat
268 258 33 27 sig
317 258 31 20 uti
364 257 161 28 ridderskapets
541 258 40 20 och
596 258 75 21 adelns
686 258 72 21 beslut
773 260 32 19 att
820 259 33 20 till

105 293 156 19 sammansatta
271 291 45 27 lag-
329 291 39 21 och
380 291 222 21 ekonomieutskottet
613 292 133 21 öfverlemna
757 294 32 19 att
800 299 53 21 upp-

105 327 54 26 göra
174 324 81 29 förslag
270 325 34 21 till
319 325 42 21 den
376 326 34 20 för
425 332 83 15 samma
522 325 83 21 utskott
620 326 138 28 lämpligaste
772 326 83 21 arbets-

105 359 130 29 fördelning.

173 394 163 28 Deputationen
351 394 131 22 besvarades
498 395 39 20 och
552 394 105 22 afträdde.

173 462 60 22 Härå
251 463 112 21 fortsattes
378 463 42 21 den
434 471 79 20 genom
528 463 142 22 förenämnde
685 463 128 28 deputation
824 463 31 22 af-

105 498 79 21 brutna
199 498 162 27 diskussionen,
376 498 91 21 hvarvid

173 532 58 21 Herr
251 539 42 14 von
314 532 125 21 Schoultz
457 533 95 27 yttrade:
576 533 93 28 Sålänge
692 533 162 28 ridderskapets

105 567 40 20 och
168 566 75 21 adelns
266 567 126 27 privilegier
416 567 110 27 grundade
550 567 33 27 sig
605 567 28 27 på
655 567 42 21 den
719 568 136 26 rustetjenst,

105 601 88 21 hvartill
213 600 37 22 det
269 608 37 14 var
322 600 129 28 förpligtadt
469 603 45 19 mot
530 601 89 27 konung
634 601 40 21 och
689 601 58 27 rike,
764 602 23 20 så
802 608 52 14 voro

106 636 26 20 de
148 636 33 20 till
197 635 62 21 dessa
272 635 126 28 privilegier
413 635 50 21 fullt
478 635 145 28 berättigade;
639 642 50 14 men
705 636 27 20 då
742 635 60 21 detta
811 635 44 21 för-

105 670 101 21 hållande
226 670 123 28 upphörde,
370 670 23 20 så
413 677 38 14 var
471 670 66 21 redan
558 670 28 28 på
605 663 60 27 tiden
685 671 32 19 att
732 669 75 28 afsäga
821 670 34 28 sig

105 705 118 26 förmoner,
239 704 49 21 dem
308 704 109 21 allmänna
433 704 164 22 rättsomdömet
612 704 77 28 gjorde
705 704 86 22 ståndet
806 704 49 21 stri-

107 740 52 27 digt.
190 738 71 22 Sedan
277 739 37 21 det
328 739 106 21 sextonde
449 739 70 21 seklet
535 738 40 21 och
590 738 57 21 intill
657 738 72 22 denna
739 739 42 27 dag
792 739 64 21 ernås

106 774 76 22 frälset
200 774 64 21 äfven
279 780 78 21 genom
373 774 78 27 ,tjenst
467 773 41 22 och
522 773 112 28 synnerlig
649 773 130 21 monarkens
795 773 61 21 näd.*

106 809 68 21 Detta
194 810 43 20 sätt
256 809 32 20 att
302 808 81 21 belöna
398 808 128 27 förtjenster
542 809 23 19 är
581 810 30 18 ett
626 808 57 27 höga
698 808 95 20 kronans
808 814 49 21 pre-

107 844 92 27 rogativ,
215 844 7 19 i
236 843 70 20 likhet
327 843 49 20 med
396 842 116 21 utdelande
531 842 23 21 af
568 842 67 21 andra
650 842 151 26 utmärkelser,
817 842 40 20 och

107 878 49 20 dem
172 872 21 27 vi
208 877 48 21 icke
272 879 36 19 äro
325 876 85 22 kallade
426 878 31 19 att
472 876 103 21 bestrida.
605 875 90 22 Således
708 876 69 21 måste
793 875 64 21 adeln

108 919 46 14 som
175 912 72 27 stånd,
269 918 33 14 om
324 911 40 21 ock
384 911 44 20 tills
447 911 85 26 vidare,
548 911 93 27 qvarstå.
671 910 43 27 Jag
732 910 70 21 finner
817 909 41 21 ock

107 947 66 28 ingen
189 946 76 28 olycka
281 945 90 22 dermed
385 952 51 14 vara
451 945 73 27 skedd,
541 945 24 20 så
579 945 64 28 länge
659 944 37 21 det
710 944 48 21 icke
773 944 84 21 förnär-

107 989 46 14 mar
173 981 84 28 någons
278 980 23 21 af
319 981 51 20 våra
390 979 153 29 medborgares
563 979 159 28 väsendtligare
740 979 116 20 intressen.

107 1016 44 22 För
175 1017 31 20 att
227 1016 23 21 så
269 1014 49 21 litet
338 1021 45 14 som
402 1014 87 28 möjligt
510 1015 109 20 förnärma
638 1014 72 27 dessa,
731 1013 70 22 skulle
818 1014 40 27 jag

108 1057 52 16 anse
176 1057 34 14 oss
225 1051 53 20 böra
293 1049 76 28 föregå
384 1049 26 22 de
425 1049 71 28 öfriga
511 1049 91 21 stånden
618 1049 50 20 med
683 1048 52 28 godt
746 1048 112 21 föredöme

108 1087 40 20 och
168 1085 87 22 anhålla
275 1091 35 14 om
330 1086 32 19 att
382 1084 23 21 få
423 1083 26 21 de
465 1082 42 23 den
524 1085 26 20 16
566 1083 91 21 oktober
673 1083 54 21 1723
743 1089 34 14 oss
793 1081 64 22 förlä-

107 1120 57 21 nade
184 1119 126 28 privilegier
329 1118 117 28 upphäfde,
461 1119 23 20 sä
500 1119 38 20 när
555 1124 45 14 som
615 1117 28 27 pä
659 1117 26 21 32
701 1117 97 27 punkten
815 1117 43 26 ,att

109 1156 57 19 sätta
186 1154 37 20 sitt
243 1154 27 20 bo
286 1152 100 28 utrikes";
406 1152 108 21 dessledes
530 1153 32 19 att
576 1151 22 20 få
612 1150 119 22 verkställa
746 1150 110 26 arfskifte,

108 1189 34 20 till
157 1188 54 27 följe
227 1188 24 20 af
264 1187 106 28 qvinnans
385 1194 30 13 nu
429 1186 115 21 förordade
561 1185 110 27 ställning,
683 1185 54 20 efter
748 1184 109 27 stadsrätt,

109 1222 110 29 upphäfva
243 1221 144 21 fideikommis
410 1220 153 21 institutionen
584 1220 71 20 såsom
678 1218 118 28 otidsenlig
818 1218 40 21 och

110 1256 110 28 okristlig;
236 1258 55 18 samt
306 1257 32 19 att
353 1255 117 26 adelsman,
482 1255 24 20 så
516 1254 6 20 i
534 1254 47 21 stad
596 1260 46 14 som
657 1253 28 27 på
700 1252 80 26 landet,
792 1252 67 21 måtte

110 1291 87 27 deltaga
217 1290 50 21 med
287 1290 70 27 öfriga
373 1289 91 21 stånden
480 1288 32 21 uti
527 1288 62 21 deras
604 1287 133 29 privilegier,
753 1293 50 14 men
819 1286 41 21 ock

110 1326 32 20 uti
161 1326 43 20 alla
224 1324 61 21 deras
305 1324 141 21 kommunala
461 1330 76 19 onera,
553 1322 49 21 med
617 1321 111 27 undantag
743 1320 24 20 af
777 1320 82 27 jordlä-

111 1359 120 28 genhetens
246 1359 58 19 ännu
319 1356 129 22 vidlädande
461 1356 135 27 rättigheter.
626 1354 45 21 Vär
687 1354 124 20 häfdvunna
825 1360 34 14 re-

110 1392 266 29 presentationsrättighet
392 1391 46 20 åter
452 1390 68 26 torde,
532 1389 54 21 eller
598 1390 81 20 rättare
692 1387 67 21 borde
774 1386 87 21 förfalla

113 1427 23 22 af
150 1428 33 28 sig
199 1426 58 29 sjelf,
273 1433 35 15 om
323 1432 51 15 man
389 1431 78 22 genom
482 1430 88 16 vunnen
586 1422 124 23 erfarenhet
725 1422 8 21 i
748 1423 113 26 grannsta-
