1003 1709
213 137 43 21 680

188 202 110 26 naturligt,
318 202 31 19 att
369 207 49 14 man
437 200 54 24 först
510 201 8 20 i
536 201 65 20 slutet
616 201 23 20 af
652 202 41 20 den
708 208 43 21 nya
765 196 162 26 riddarhusord-

187 236 81 28 ningen
282 235 43 21 kan
340 235 43 20 tala
399 242 33 14 om
448 235 160 28 upphäfvandet
623 235 23 21 af
659 236 40 20 den
715 236 77 28 gamla.
822 236 105 28 Stadgan-

188 271 65 20 derne
274 277 34 13 om
328 269 180 21 landtmarskalks
524 270 129 28 åligganden
675 270 54 21 höra
744 270 40 21 ock
799 271 33 20 till
847 271 79 20 allmän

185 305 207 28 landtdagsordning
413 305 38 21 och
472 305 20 28 ej
513 305 32 21 till
564 305 244 28 riddarhusordningen,
829 313 49 14 men
901 306 26 21 då

186 341 62 21 dessa
268 339 134 22 föreskrifter
422 340 6 20 i
449 340 41 20 den
511 340 57 21 förra
582 339 234 28 riddarhusordningen
830 341 96 27 intagits,

187 375 23 21 så
232 375 53 20 böra
304 374 26 21 de
350 374 35 21 väl
405 374 117 21 bibehållas
543 375 69 20 såsom
633 374 99 28 gällande
752 375 57 20 intill
829 374 49 21 dess
898 382 29 20 ny

185 408 206 29 landtdagsordning
406 409 42 20 kan
463 409 65 21 varda
543 411 99 26 antagen.

252 443 58 21 Herr
332 449 41 15 von
393 443 197 28 Weissenberg:
609 443 34 21 Då
659 443 134 28 stadgandet,
808 445 32 20 att
855 444 71 21 ordfö-

185 478 144 28 randeskapet
344 478 57 21 inom
412 477 159 29 ridderskapets
582 478 39 21 och
632 478 73 21 adelns
717 478 208 29 ståndsförsamling,

185 520 35 14 om
239 513 199 21 landtmarskalken
453 513 23 20 af
489 513 99 28 sjukdom
603 513 52 21 eller
670 515 65 19 annat
750 513 49 28 laga
814 513 73 22 förfall
902 516 23 19 är

184 547 91 22 hindrad
294 549 32 19 att
341 547 46 21 föra
402 547 67 27 ordet,
485 547 54 21 skall
554 547 84 21 utöfvas
654 547 23 21 af
689 547 41 21 den
745 548 89 21 främste
850 550 75 19 närva-

185 583 65 21 rande
271 582 131 27 ledamoten,
424 582 44 21 ofta
488 582 71 21 kunde
578 582 49 21 leda
647 582 32 21 till
701 584 57 19 stora
779 583 145 28 olägenheter,

184 617 50 22 ville
251 617 39 28 jag
305 616 33 21 för
353 617 43 20 min
412 617 34 20 del
461 617 123 26 hemställa,
600 619 31 18 att
646 617 59 20 detta
720 617 118 28 stadgande
853 617 71 22 blefve

184 651 72 28 utbytt
275 653 44 19 mot
338 652 31 19 ett
389 653 65 19 annat
469 651 91 28 ungefär
576 651 89 21 sålunda
680 651 102 28 lydande:
799 646 41 31 ,Är
855 653 69 20 landt-

184 686 136 21 marskalken
339 685 67 21 under
426 685 101 28 landtdag
547 685 24 21 af
589 685 100 28 sjukdom
712 686 53 21 eller
787 688 66 19 annat
876 687 48 28 laga

183 720 72 21 förfall
270 719 91 22 hindrad
375 721 32 19 att
420 720 48 21 föra
483 721 67 26 ordet,
561 720 118 21 företrädes
695 721 52 20 hans
764 721 61 21 ställe
841 721 23 21 af
876 721 47 28 den,

183 762 45 14 som
244 754 85 22 ståndet
345 754 54 22 efter
414 755 93 21 anstäldt
521 755 35 21 val
572 755 70 21 dertill
658 757 77 19 utser.”

249 789 58 21 Herr
322 788 95 22 Taube:
434 789 42 28 Jag
490 790 86 21 förenar
591 790 44 28 mig
650 790 7 20 i
672 790 56 21 hvad
743 790 49 21 herr
806 790 118 22 Edelsköld

182 826 66 27 yttrat
264 824 39 21 och
319 831 62 13 anser
397 824 36 20 det
448 831 50 14 vara
513 824 87 21 alldeles
619 825 110 27 sjelffallet
744 825 33 21 för
793 832 25 14 en
833 826 42 27 god
890 833 33 13 re-

183 860 88 21 daktion
291 859 23 20 af
331 866 25 13 en
375 859 137 28 författning,
537 861 31 19 att
588 867 49 13 man
657 860 55 20 skall
733 860 80 21 skrifva
832 861 40 20 den
890 861 32 20 till

183 895 51 26 slut,
250 894 66 21 innan
331 900 50 14 man
396 893 42 21 kan
454 895 58 26 säga,
528 895 32 20 att
574 901 76 20 genom
666 894 42 21 den
723 894 156 29 författningen
896 903 27 14 en

181 935 72 16 annan
268 927 76 22 varder
359 928 32 20 till
406 928 58 21 kraft
479 929 39 20 och
534 929 80 20 verkan
629 929 130 28 upphäfven.
784 929 137 22 Beträffande

181 963 50 22 herr
246 969 42 15 von
303 962 165 28 Weissenbergs
483 963 65 27 åsigt,
564 964 31 19 att
610 963 41 20 den
666 970 85 21 person,
767 971 46 13 som
828 964 36 21 vid
879 964 42 21 för-

181 997 38 22 fall
238 997 34 21 för
290 996 198 21 landtmarskalken
507 997 39 21 bör
564 997 75 28 intaga
653 997 54 21 hans
723 998 62 21 ställe
801 999 69 20 skulle
885 1006 36 21 ge-

181 1039 49 14 nom
246 1031 34 22 val
295 1033 67 24 utses,
378 1033 61 26 tager
451 1031 39 28 jag
505 1032 44 27 mig
564 1031 93 22 friheten
672 1032 110 27 anmärka,
798 1035 30 18 att
844 1033 77 21 sådant

180 1073 50 15 vore
251 1065 108 22 stridande
379 1067 45 19 mot
444 1065 41 22 den
505 1066 94 28 princip,
620 1066 40 21 den
680 1066 44 27 idé,
741 1073 45 14 som
802 1068 118 28 genomgår

179 1101 49 22 hela
242 1100 160 28 ridderskapets
418 1100 39 21 och
478 1100 73 21 adelns
572 1101 205 28 ståndsinstitution;
797 1102 37 21 der
853 1102 68 28 gäller

179 1134 81 23 åldern.
289 1134 28 21 Vi
338 1135 105 20 återfinna
461 1135 70 20 denna
550 1135 35 21 idé
605 1135 28 28 på
652 1136 79 27 många
746 1136 87 27 ställen,
849 1137 70 21 såsom

179 1172 14 19 t.
210 1176 32 19 ex,
262 1169 36 21 vid
318 1169 147 28 anordningen
486 1169 23 21 af
526 1169 109 28 platserna
654 1170 28 27 på
701 1170 136 21 riddarhuset
852 1171 68 21 under

177 1203 113 28 landtdag;
310 1203 40 20 och
365 1203 36 20 det
416 1205 24 19 är
455 1203 70 21 denna
540 1204 83 27 princip
639 1211 45 14 som
700 1204 219 23 riddarhusutskottet

177 1239 56 27 följt,
249 1238 27 21 då
291 1237 36 21 det
342 1237 117 28 föreslagit,
474 1239 32 19 att
521 1237 41 22 den
578 1237 68 22 äldsta
661 1238 122 21 ledamoten
799 1239 69 21 skulle
883 1240 36 20 vid

176 1272 72 22 förfall
268 1271 33 21 för
320 1271 198 21 landtmarskalken
536 1271 73 28 intaga
624 1271 59 21 hans.
713 1272 43 28 Jag
777 1273 96 21 anhåller
888 1275 32 19 att

175 1306 86 23 ståndet
276 1306 50 20 ville
342 1305 49 21 med
405 1304 102 23 afseende
523 1306 50 21 derå
588 1306 113 28 godkänna
717 1306 18 28 $.

243 1340 58 22 Herr
320 1346 42 15 von
383 1339 140 29 Knorring:
544 1340 43 21 Det
605 1348 39 14 var
659 1342 19 27 ej
695 1341 44 21 min
754 1341 95 30 mening,
864 1346 32 19 att
911 1344 6 22 i

176 1376 60 22 13:de
255 1376 12 28 $
282 1375 69 21 skulle
372 1376 62 27 sägas
453 1376 32 26 så,
502 1382 44 14 som
562 1376 7 20 i
584 1376 52 21 sista
655 1377 18 27 $,
694 1378 31 20 att
742 1383 89 22 ,genom
847 1378 70 23 denna

173 1410 207 28 riddarhusordning
400 1417 18 14 o.
440 1418 16 14 s.
476 1412 31 20 v.*
536 1410 48 22 Den
607 1412 188 28 omständigheten
818 1413 68 23 skulle
909 1415 7 21 i

175 1446 62 26 44:de
257 1447 11 30 &
288 1445 33 23 stä
342 1452 57 23 gvar,
419 1452 49 15 men
488 1446 8 21 i
516 1446 70 22 denna
606 1446 11 29 $
637 1446 70 22 skulle
727 1447 55 22 blott
797 1450 72 29 sägas,
885 1452 30 20 att
