1020 1709
751 121 41 24 533

79 188 193 21 öfverenstämmer
286 188 50 22 med
350 188 100 22 nutidens
465 187 80 30 äsigter
561 188 6 22 i
583 189 71 21 ämnet
670 188 39 21 och
721 188 38 22 här
771 191 51 19 utan

78 222 116 28 olägenhot
210 223 43 20 läte
269 224 33 27 sig
316 225 60 26 göra.

145 256 43 21 Vid
210 256 61 29 fråga
293 258 47 21 åter
362 265 34 14 om
416 258 106 27 afsägelse
542 257 47 22 från
608 256 124 29 befattning
752 258 69 20 såsom

77 291 190 21 utskottsledamot
288 292 52 21 eller
360 293 125 27 suppleant,
505 293 38 20 har
561 291 106 21 utskottet
686 292 50 20 med
750 292 72 28 någon

78 325 92 28 ändring
190 325 48 29 af
226 321 13 38 &
254 327 26 20 24
296 326 71 21 funnit
381 327 76 28 nödigt
472 327 89 26 föreslå,
581 327 31 19 att
627 325 66 22 sådan
710 326 112 28 afsägelse,

77 359 69 28 enligt
161 360 82 27 regeln,
260 361 19 28 ej
295 361 57 27 finge
364 362 40 27 äga
414 369 46 13 rum
473 363 52 19 utan
536 361 49 21 med
598 360 95 21 ståndets
705 361 117 27 samtycke.

77 395 10 20 I
107 394 103 22 händelse
232 395 59 21 bifall
310 395 33 21 till
364 395 65 22 sådan
452 396 106 27 afsägelse
581 397 52 18 utan
653 395 116 28 olägenhet
790 395 33 21 för

77 429 131 22 ärendernas
228 430 121 28 beredning
364 430 72 21 kunde
455 431 79 28 gifvas,
549 430 85 21 komme
651 430 84 21 ståndet
751 430 72 21 säkert

77 463 48 21 icke
140 465 31 19 att
184 465 56 20 neka
252 465 37 20 sitt
303 464 119 28 samtycke;
437 473 50 13 men
499 472 34 14 om
545 466 68 20 större
624 464 116 28 olägenhet
751 464 71 21 blefve

78 498 50 21 med
147 498 122 29 afsägelsen
290 499 98 26 förenad,
408 506 51 15 vore
474 500 46 26 det,
537 499 67 28 enligt
618 499 117 20 utskottets
751 499 72 26 tanke,

77 533 76 28 hvarje
176 533 175 28 landtdagsmans
373 533 56 29 pligt
448 536 32 19 att
500 534 63 27 åtaga
583 533 34 28 sig
637 533 25 21 de
683 533 140 28 åligganden,

78 567 80 22 honom
174 568 69 21 såsom
259 568 188 21 utskottsledamot
467 569 52 20 eller
539 568 114 28 suppleant
673 575 79 21 genom
766 569 57 20 stån-

78 602 47 21 dets
141 603 123 20 förtroende
280 603 91 28 pålagts.

145 637 44 21 Det
204 638 82 27 anslag,
301 645 45 13 som
362 638 6 21 i
384 639 11 26 $
409 639 25 19 27
451 638 143 27 omförmäles,
610 638 70 21 såsom
692 637 131 28 föregående

79 672 96 21 ståndets
197 673 65 26 plena
284 676 54 17 samt
358 673 106 20 valmans-
485 672 39 21 och
545 673 278 27 utskottssammanträden,

78 709 45 18 tror
138 707 105 20 utskottet
258 707 61 26 böra,
334 707 6 20 i
356 707 69 20 likhet
439 707 50 21 med
503 707 57 20 hvad
574 706 66 22 redan
656 713 29 14 nu
700 709 51 26 äger
767 714 57 20 rum,

79 740 69 29 dagen
168 741 59 21 förut
244 741 66 21 innan
324 741 93 21 klockan
433 741 42 21 tolf
487 741 98 21 utfärdas
600 743 56 19 samt
670 742 6 19 i
693 741 131 29 förmiddags

78 777 88 27 plenum
187 776 177 28 tillkännagifvas
380 783 33 14 om
428 776 141 28 fortsättning
582 776 64 21 deraf
656 776 87 28 pröfvas
759 777 66 28 nödig

78 812 29 27 på
127 810 176 28 eftermiddagen.
333 810 80 22 Likaså
428 811 69 20 skulle
512 818 52 14 vara
580 811 22 20 af
616 810 70 21 nöden
702 812 31 19 att
749 812 76 28 stadga

79 845 36 21 det
135 847 31 19 ett
186 846 111 27 exemplar
315 846 23 21 af
351 845 231 28 föredragningslistan
598 846 32 20 för
645 845 75 28 hvarje
735 846 88 28 plenum

80 880 65 21 borde
166 880 69 27 dagen
255 880 59 21 förut
333 880 69 21 finnas
420 880 8 20 i
442 880 174 21 riddarhussalen
632 880 139 28 tillgängligt,
786 881 38 20 all-

79 915 112 41 denstund
201 915 7 19 i
223 917 67 18 annat
304 915 39 20 fall
358 911 214 25 ständsmedlemmar
587 915 48 20 icke
650 921 51 14 vore
704 907 13 39 i
739 915 85 21 tillfälle

80 951 32 19 att
132 949 63 28 sig
184 945 9 36 &
210 949 92 21 förhand
316 950 28 27 pä
359 949 130 21 ärendernas
505 949 131 28 behandling
652 949 38 21 och
706 950 118 27 afgörande

79 984 37 21 vid
130 983 195 33 plenisessionerna
340 983 86 26 bereda,
447 985 39 20 och
502 984 77 21 sådant
591 983 67 21 likväl
673 985 24 20 är
712 984 23 21 af
748 984 77 27 högsta

80 1019 52 27 vigt.
157 1011 72 28 Äfven
244 1019 38 20 har
295 1018 106 21 utskottet
416 1019 53 20 trott
484 1018 35 21 det
534 1018 47 21 icke
597 1017 97 22 medföra
710 1019 115 27 olägenhet

81 1055 31 18 att
132 1052 138 27 föreskrifva,
291 1053 36 20 det
346 1053 58 20 inom
424 1053 45 20 åtta
489 1053 66 27 dagar
575 1052 55 21 efter
648 1052 74 28 hvarje
736 1053 88 28 plenum

80 1087 133 28 protokollet
231 1087 143 28 ovilkorligen
393 1087 66 21 borde
474 1087 57 20 inför
547 1087 84 20 ståndet
643 1087 104 27 justeras,
763 1087 62 21 hvar-

81 1122 46 21 före
143 1121 60 28 dylik
217 1122 139 27 bestämning
369 1121 72 21 blifvit
455 1122 7 20 i
478 1123 11 26 8
505 1122 26 20 29
547 1121 77 21 införd.

148 1156 174 21 Vidkommande
338 1156 25 21 de
378 1156 31 21 uti
425 1157 25 26 $$
465 1157 27 20 32
504 1156 39 21 och
555 1157 26 20 33
593 1155 129 22 omnämnda
734 1155 43 22 val-
787 1155 37 22 och

81 1191 193 28 voterings-sedlar
287 1191 39 20 har
341 1190 106 22 utskottet
462 1191 72 20 funnit
549 1191 36 20 det
596 1197 52 14 vara
658 1191 126 28 tillräckligt
795 1193 32 18 att

81 1226 109 21 desamma
210 1226 72 20 slutna
301 1225 141 27 aflemnades,
463 1227 54 19 samt
538 1225 118 28 stadgande
677 1227 32 18 att
728 1225 99 21 sedlarne

78 1260 83 28 jemväl
179 1260 66 21 borde
261 1266 51 15 vara
326 1260 127 28 hoprullade
469 1260 47 21 icke
532 1267 50 14 vara
596 1259 113 29 behöfligt,
729 1260 98 28 isynner-

81 1295 38 20 het
138 1302 46 14 som
205 1295 59 20 detta
283 1294 91 22 sednare
393 1295 67 21 redan
479 1295 43 20 kan
542 1301 62 15 anses
626 1294 117 21 innefattas
764 1295 6 19 i
791 1294 37 21 det

81 1329 66 21 förra.
176 1323 76 27 Äfven
268 1330 82 20 antalet
369 1330 24 20 af
411 1330 26 19 de
457 1329 221 25 ständsmedlemmar,
698 1328 74 22 hvilka
792 1329 35 21 vid

82 1363 34 21 val
132 1363 53 21 eller
200 1363 110 27 voterings
325 1362 101 21 tillfällen
441 1362 66 21 borde
522 1362 200 22 landtmarskalken
739 1362 89 26 biträda,

82 1397 72 27 torde,
174 1395 49 23 med
242 1397 92 28 ändring
354 1397 23 21 af
395 1397 11 27 8
427 1396 36 27 34,
483 1396 74 22 kunna
577 1397 129 21 bestämmas
722 1396 32 20 till
770 1396 57 28 fyra,

83 1432 90 24 emedan
190 1432 52 22 flera
255 1432 112 28 lätteligen
382 1432 36 20 vid
433 1432 95 20 tillfället
542 1431 72 22 kunde
629 1431 67 22 blifva
708 1431 120 23 hvarandra
