1011 1714
226 133 40 20 588

196 197 54 21 dock
270 197 59 26 hala,
349 197 84 28 giftiga,
454 195 122 22 skändande
591 197 78 26 tungor
684 195 49 20 tala.
764 195 48 20 Den
828 195 58 20 förra
899 195 42 20 kan

196 231 154 26 kontrolleras,
371 231 83 21 fordras
470 231 33 20 till
517 237 69 19 svars,
602 229 42 21 kan
661 230 39 20 och
715 229 39 21 bör
770 229 63 21 ställa
849 236 25 13 en
891 235 49 14 man

196 265 33 21 för
245 265 40 20 och
301 265 78 21 bakom
395 265 70 28 ordet;
481 265 60 21 öfver
558 264 24 21 de
598 264 91 21 sednare
705 264 63 21 råder
783 265 72 26 ingen.
886 263 55 22 Cen-

197 307 64 14 suren
282 299 38 21 vill
340 299 59 28 gifva
414 299 32 29 sig
462 299 52 21 sken
530 299 24 21 af
566 300 32 19 att
612 299 7 20 i
636 299 32 20 sin
683 298 50 21 mån
749 297 81 29 skydda
845 298 97 28 regerin-

197 341 53 20 gens
271 334 65 21 makt.
366 333 58 22 Intet
444 335 23 20 är
487 333 93 21 falskare
596 335 27 18 än
638 333 65 20 detta.
733 333 43 20 Det
792 333 55 20 rätta
863 332 79 21 förhål-

196 368 74 21 landet
286 369 23 20 är
324 370 31 19 att
371 369 41 20 den
428 369 91 20 tvärtom
534 367 158 28 undergräfver
707 367 70 21 denna
792 367 65 26 makt,
869 368 22 27 ty
902 367 41 20 den

196 409 60 14 reser
276 410 26 14 en
324 403 150 28 oöfverstiglig
495 403 112 28 skiljemur
628 402 79 21 mellan
725 402 102 27 regering
843 401 39 21 och
898 401 46 20 folk

197 437 40 20 och
257 437 39 21 allt
316 437 55 21 hvad
391 445 46 13 som
457 437 99 28 bidrager
577 438 31 19 att
628 437 96 27 aflägsna
744 437 131 27 regeringen
895 435 48 21 från

197 471 68 21 folket
284 471 111 28 försvagar
410 472 41 21 den
466 471 68 21 förras
550 471 68 26 makt,
635 471 74 21 såvida
722 470 66 28 ingen
803 470 102 28 regering
920 472 23 19 är

197 506 6 20 i
220 506 78 27 sjelfva
312 506 75 21 verket
403 506 66 27 stark,
485 513 45 14 som
546 506 48 21 icke
609 507 78 26 ytterst
702 505 72 21 stöder
784 505 33 28 sig
827 505 28 28 på
865 504 79 21 folkets

197 540 131 22 förtroende.
357 541 44 20 Det
417 543 22 19 är
456 541 37 20 der
508 541 42 20 hon
566 541 39 20 bör
620 539 53 22 söka
689 540 33 21 sin
738 539 73 28 styrka
826 539 37 21 och
875 539 36 21 det
921 541 23 19 är

198 575 38 21 der
251 575 43 21 hon
310 575 63 22 äfven
389 575 55 22 skall
460 575 57 21 finna
532 575 51 28 den;
600 581 49 15 men
662 575 36 20 det
709 577 23 18 är
742 574 48 21 icke
801 574 42 21 den
853 581 91 22 preven-

199 609 43 21 tiva
258 616 112 20 censuren,
386 610 88 20 hvilken
489 610 88 21 hindrar
592 609 121 28 sanningen
729 610 30 20 att
770 609 46 20 fritt
827 609 68 21 uttala
905 609 40 27 sig,

199 650 46 15 som
262 644 54 21 skall
332 644 107 29 förhjelpa
455 644 130 28 regeringen
600 645 32 20 att
647 644 27 20 nå
689 644 60 20 detta
765 643 120 21 önskvärda
895 644 50 26 mål,

198 678 38 22 der
252 679 53 21 allas
320 679 109 21 intressen
445 679 153 28 sammanlöpa.

266 707 82 28 Ämnet
368 715 23 19 är
411 714 44 20 rikt
475 714 39 20 och
534 721 50 13 man
603 713 70 21 kunde
689 713 82 21 skrifva
786 713 97 28 volymer
899 713 46 21 der-

199 747 67 29 öfver;
282 748 36 21 det
333 748 70 28 ligger
418 748 45 28 mig
479 748 109 21 dessutom
601 750 71 19 varmt
687 755 35 13 om
737 748 87 28 hjertat.
849 748 43 28 Jag
907 748 38 20 bör

198 782 55 22 dock
273 783 48 21 icke
341 784 75 26 längre
437 785 51 26 taga
504 783 117 28 högloflige
640 782 160 29 ridderskapets
816 783 40 21 och
871 783 74 21 adelns

199 817 192 29 uppmärksamhet
411 817 7 21 i
439 817 102 29 anspråk,
562 819 51 19 utan
634 817 36 21 vill
690 817 55 21 fatta
762 817 45 28 mig
822 817 49 21 kort
886 818 7 20 i
909 817 36 21 det

199 852 62 28 ringa
274 852 40 28 jag
328 852 73 21 vidare
416 852 39 21 har
471 854 32 19 att
517 852 96 28 tillägga.

267 886 51 21 Man
337 887 40 21 hör
396 887 72 27 någon
488 888 63 27 gång,
570 888 62 26 sägas
648 888 32 20 att
694 893 90 21 pressen
799 886 104 22 behöfver
919 894 26 14 en

200 921 65 29 tygel.
296 921 42 28 Jag
358 928 73 14 svarar
447 922 32 20 att
493 921 57 21 hvad
565 921 41 21 den
622 921 103 21 behöfver
741 923 23 19 är
780 922 41 26 lag.
852 920 41 22 Om
906 922 39 27 jag

199 956 67 28 begär
280 962 27 14 en
322 956 28 20 fri
365 962 71 22 press,
455 956 22 20 så
493 958 23 18 är
531 956 36 20 det
582 956 47 20 icke
645 956 84 21 derföre
746 962 26 14 en
788 956 101 28 tygellös,
906 956 39 20 och

197 990 39 28 jag
254 990 83 21 fordrar
355 990 55 21 blott
431 991 31 19 att
476 997 89 21 pressen
580 990 8 20 i
603 990 37 20 sitt
655 990 135 21 förhållande
807 990 33 20 till
856 990 36 21 det
907 990 38 21 all-

200 1026 79 19 männa
295 1024 54 21 skall
365 1024 74 21 ställas
454 1024 7 20 i
476 1024 172 28 likstämmighet
663 1018 49 27 med
727 1024 43 21 alla
784 1024 72 27 andra,
868 1024 19 20 d.
898 1032 19 13 v.
929 1032 16 13 s.

200 1058 96 22 hvarken
313 1058 59 22 öfver
387 1059 54 21 eller
455 1060 59 19 utom
529 1060 75 27 lagen,
623 1061 51 18 utan
689 1058 69 21 under
774 1059 133 26 densamma,
924 1060 23 20 sä

200 1093 8 20 i
223 1092 103 22 afseende
342 1094 13 19 &
369 1100 78 14 ansvar
467 1100 45 14 som
532 1093 75 28 skydd.
636 1093 49 21 Den
705 1093 42 20 fria
766 1100 89 20 pressen
875 1095 24 18 är
913 1093 34 21 för

201 1127 115 29 samhället
335 1127 55 21 hvad
409 1127 60 21 solen
485 1129 22 19 är
522 1128 34 20 för
571 1129 92 19 naturen
678 1140 26 2 —
721 1127 40 21 den
778 1126 89 22 besitter
883 1134 65 21 egen-

201 1161 81 28 skapen
298 1161 24 21 af
336 1163 30 19 att
382 1164 41 26 äga
434 1168 26 14 en
471 1161 141 29 upplysande,
626 1161 123 27 värmande,
760 1162 108 20 alstrande
879 1161 68 28 kraft;

201 1194 42 22 den
259 1197 23 19 är
298 1195 40 21 den
355 1196 43 27 eld,
420 1203 46 14 som
480 1196 133 28 upplysande
629 1196 39 20 och
683 1196 117 20 värmande
816 1196 54 21 skall
885 1196 63 28 gripa

200 1230 23 20 in
238 1230 8 20 i
261 1230 43 21 alla
318 1230 161 26 förhällanden,
500 1237 48 15 men
569 1230 70 21 säsom
660 1230 62 21 elden
743 1230 67 21 mäste
826 1230 64 21 äfven
906 1230 41 21 den

201 1263 77 20 värdas
299 1264 39 20 och
358 1264 95 20 bevakas
473 1264 33 19 för
524 1266 31 18 att
570 1264 47 20 icke
633 1266 72 18 urarta
721 1264 32 20 till
770 1270 26 14 en
812 1264 136 20 förstörande

200 1296 56 28 låga.
289 1297 43 21 Det
351 1298 24 19 är
395 1297 55 21 dock
470 1297 47 20 icke
537 1297 118 28 godtycket
675 1298 59 20 detta
754 1298 134 20 värdarekall
908 1298 39 20 bör

200 1330 116 27 anförtros,
332 1330 36 21 det
379 1333 24 18 är
414 1331 71 28 lagen.
509 1331 42 28 Jag
563 1332 33 20 fär
607 1331 85 21 derföre
705 1332 32 20 till
749 1332 42 20 alla
802 1332 60 20 delar
873 1332 75 20 förena

201 1365 45 28 mig
266 1365 50 21 med
331 1366 39 20 den
388 1365 64 22 ärade
468 1366 143 27 petitionären
628 1367 67 20 under
712 1366 141 28 uttryckande
869 1366 24 21 af
906 1366 42 21 den

202 1399 82 22 önskan
305 1400 40 21 och
364 1400 154 29 förhoppning,
540 1402 31 19 att
591 1401 41 21 den
652 1401 126 27 preventiva
793 1408 107 14 censuren
915 1401 34 20 för

201 1435 60 21 alltid
277 1435 66 21 mätte
359 1435 102 22 afskaffas
476 1437 54 19 samt
547 1437 93 20 ersättas
656 1436 23 21 af
693 1443 26 14 en
736 1436 127 28 fullständig
877 1436 72 29 tryck-
