1028 1714
777 118 40 21 907

168 182 57 23 Herr
242 182 106 29 Linder,
365 183 34 22 E.:
420 185 95 21 Oaktadt
530 185 26 20 de
571 191 30 14 nu
616 183 127 23 meddelade
759 185 87 28 upplys-

99 217 112 29 ningarne,
228 219 69 20 skulle
309 219 40 28 jag
364 226 59 19 anse,
438 221 32 19 att
485 219 150 28 ridderskapet
649 219 40 20 och
700 219 64 20 adeln
774 219 72 21 kunde

98 252 76 21 förena
195 253 33 27 sig
247 260 35 13 om
303 253 41 21 den
364 254 102 27 petition,
481 253 62 21 hvari
559 253 85 21 ståndet
659 253 72 21 blifvit
746 253 100 28 inbjudet

97 289 32 18 att
150 287 91 28 deltaga.
271 288 120 27 Angående
410 289 78 26 sjelfva
503 289 77 25 saken,
595 288 110 27 nemligen
721 288 70 20 finska
806 289 40 20 fol-

97 320 48 21 kets
164 321 149 28 berättigande
329 323 32 19 att
376 322 23 20 af
412 322 27 20 de
455 322 144 26 embetsmän,
615 321 73 21 hvilka
704 321 36 21 det
755 322 89 27 aflönar,

97 355 73 21 fordra
185 355 122 21 kännedom
322 356 23 21 af
357 355 36 22 det
407 356 71 28 spräk,
491 356 84 21 hvilket
584 356 140 28 pluraliteten
735 357 62 26 talar,
808 357 37 20 vill

93 390 40 27 jag
149 396 29 14 nu
194 391 19 26 ej
229 391 59 26 yttra
303 391 51 27 mig,
371 391 89 20 emedan
473 391 39 27 jag
527 393 51 24 tror,
589 392 31 19 att
632 390 67 28 ingen
710 391 7 20 i
728 391 59 20 detta
798 398 46 13 rum

95 423 57 22 skall
169 424 96 21 bestrida
283 425 167 28 rätmätigheten
470 425 24 21 af
510 425 36 20 det
565 425 70 20 finska
654 425 80 20 folkets
749 425 95 21 fordran.

96 459 43 27 Jag
158 459 38 20 vill
216 461 52 26 säga
289 458 77 22 endast
385 459 68 28 nägra
468 460 39 21 ord
522 467 34 14 om
571 459 157 28 lämpligheten
747 461 32 19 att
794 460 51 28 ingä

95 493 49 21 med
163 493 165 28 ifrägavarande
348 494 99 27 petition.
482 495 41 20 Det
541 495 24 20 är
579 494 128 28 visserligen
723 496 74 25 sannt,
813 497 31 19 att

95 527 42 21 den
153 528 39 21 sak
207 528 88 21 hvarom
311 529 56 20 skall
381 529 142 27 petitioneras
538 529 82 20 kanske
636 531 24 18 är
675 529 23 20 af
707 529 136 21 administra-

94 562 31 21 tiv
140 564 71 25 natur,
232 564 31 19 att
284 563 84 21 säledes
387 563 130 28 regeringen
535 563 72 21 kunde
622 563 64 20 hafva
702 565 43 19 rätt
760 565 32 19 att
807 571 36 14 en-

95 603 46 13 sam
156 597 88 27 vidtaga
259 597 26 20 de
300 597 101 27 ätgärder
416 597 42 20 den
473 597 69 21 finner
557 597 103 27 lämpliga
675 597 34 20 för
723 598 119 20 reformens

94 631 180 27 genomförande;
294 638 51 14 men
365 631 21 21 vi
406 632 65 20 hafva
491 633 51 25 sett,
562 634 32 18 att
613 631 67 21 under
695 632 147 21 innevarande

96 664 103 28 landtdag
215 665 126 21 ständernas
357 666 56 27 äsigt
429 666 6 20 i
451 666 52 20 flere
519 666 80 20 sädana
609 666 92 20 ärender
713 666 70 20 blifvit
794 666 48 21 dem

93 698 110 20 affordrad
223 698 24 20 af
264 699 137 27 regeringen.
432 699 43 27 Jag
493 699 69 20 skulle
583 706 51 14 anse
654 699 37 21 det
711 700 64 20 äfven
791 707 51 13 vara

93 733 106 27 önskligt,
220 734 31 19 att
271 733 117 21 ständerna
408 733 58 28 finge
486 735 58 26 yttra
564 734 33 20 sin
617 734 65 20 tanke
698 734 7 20 i
719 734 60 20 detta
797 734 44 21 fall.

93 767 28 21 Vi
141 769 50 19 veta
211 769 31 19 att
262 768 79 27 många
361 769 69 19 röster
451 768 39 20 här
505 768 46 28 höjt
569 768 34 28 sig
620 768 34 20 för
669 770 32 19 att
717 775 27 14 en
760 769 81 21 komit&

93 802 70 21 skulle
184 802 120 26 nedsättas,
324 802 34 20 för
378 804 31 18 att
430 802 125 28 öfverlägga
575 810 35 13 om
626 802 160 22 forstväsendet
802 804 39 20 och

92 837 39 20 allt
147 836 56 21 hvad
218 836 48 21 doss
280 836 147 28 organisation
443 838 75 26 angär,
534 837 39 21 och
587 844 44 14 som
643 838 70 20 skulle
724 838 80 21 föreslä
815 838 25 20 de

92 871 152 27 förändringar
259 871 41 21 och
314 870 105 22 reformer
435 878 45 14 som
496 871 72 21 kunde
584 872 45 20 visa
645 872 33 27 sig
692 880 53 13 vara
755 872 85 28 nödiga.

91 906 170 21 Forstväsendet
282 905 44 21 kan
349 905 65 21 ocksä
434 906 23 20 af
474 906 106 27 styrelsen
603 906 78 21 ordnas
701 907 29 27 pä
750 907 90 21 admini-

91 940 77 21 strativ
187 942 52 25 väg,
259 946 50 14 men
325 947 50 13 man
390 941 68 27 ansåg
472 940 67 20 likväl
554 940 108 28 lämpligt,
678 943 31 18 att
725 942 115 20 ständerna

91 975 70 21 skulle
176 976 59 26 yttra
249 974 33 28 sig
298 974 112 28 angående
427 974 69 21 dettas
512 975 182 27 reorganisation,
711 976 90 20 emedan
817 976 23 20 sä

91 1010 79 27 många
185 1009 102 21 tusendes
303 1010 34 20 väl
353 1010 53 20 eller
422 1016 25 14 ve
461 1010 63 20 beror
537 1010 34 28 på,
583 1016 33 14 om
627 1010 89 28 lagarne
727 1011 112 27 angående

91 1044 159 21 forstväsendet
268 1046 37 18 äro
326 1051 45 13 mer
391 1044 53 21 eller
465 1044 83 21 mindre
569 1045 192 28 ändamålsenliga.
795 1045 44 21 Det

90 1082 24 18 är
134 1081 58 19 ännu
211 1079 64 20 fleres
295 1079 34 20 väl
348 1079 40 21 och
403 1086 36 20 ve,
455 1086 46 14 som
516 1079 63 21 beror
595 1079 75 28 derpå,
686 1081 32 19 att
733 1080 105 21 rättvisan

91 1114 73 28 skipas
179 1114 28 28 på
222 1115 31 19 ett
268 1114 74 27 språk,
363 1120 46 14 som
424 1114 78 20 förstås
518 1114 23 20 af
554 1114 49 21 alla.
634 1114 42 28 Jag
690 1114 38 21 vill
744 1115 94 21 visserli-

90 1156 42 20 gen
148 1149 20 27 ej
184 1148 54 28 yrka
253 1148 67 28 något
335 1148 218 21 misstroendevotum
569 1151 57 18 emot
641 1148 88 28 kejserl.
741 1151 97 19 senaten.

91 1183 42 27 Jag
153 1185 46 19 tror
219 1182 62 26 visst,
302 1184 31 19 att
353 1183 40 20 den
414 1183 39 20 har
473 1183 29 21 all
520 1183 66 27 afsigt
601 1184 31 20 att
646 1184 28 26 på
690 1185 31 18 ett
736 1184 102 20 tillfreds-

91 1217 106 21 ställande
217 1218 43 20 sätt
280 1216 127 28 genomföra
427 1217 41 21 den
489 1217 23 21 af
525 1217 70 21 finska
609 1217 68 21 folket
692 1217 65 28 länge
773 1217 65 21 efter-

89 1251 103 28 längtade
211 1251 119 27 reformen;
349 1258 49 14 men
415 1252 78 20 månne
509 1251 35 21 det
559 1251 112 27 verkligen
686 1253 25 19 är
727 1252 23 20 så
765 1254 73 18 natur-

90 1286 47 27 ligt,
153 1288 31 18 att
200 1286 67 20 saken
283 1286 95 26 regleras
395 1287 83 19 ensamt
492 1285 24 21 af
529 1285 141 27 embetsmän,
680 1286 74 20 hvilka
765 1286 72 21 dock
826 1281 14 36 i

90 1321 71 26 någon
182 1320 49 20 mån
251 1320 69 20 måste
341 1327 62 13 anses
418 1320 71 20 såsom
505 1322 72 25 parter
593 1320 7 20 i
615 1320 75 26 saken;
706 1320 79 21 månne
801 1320 36 21 det

89 1356 24 19 är
128 1353 100 28 lämpligt
240 1355 32 18 att
287 1353 53 20 höra
355 1353 141 26 embetsmän,
513 1353 39 20 och
562 1353 76 20 endast
649 1353 142 26 embetsmän,
803 1361 33 13 om

88 1388 76 21 hvilka
184 1387 100 28 åtgärder
302 1387 53 20 böra
370 1387 114 27 vidtagas?
514 1387 80 20 Männe
609 1387 36 20 det
661 1387 19 27 ej
697 1394 51 13 vore
764 1389 72 19 natur-

88 1421 79 28 ligare,
188 1423 32 20 att
240 1422 69 21 finska
330 1421 68 21 folket
418 1421 69 20 skulle
507 1421 21 21 få
542 1421 64 28 lägga
622 1421 36 20 sitt
674 1423 73 19 votum
763 1422 6 20 i
785 1423 51 26 våg-
