1028 1711
781 112 40 20 909

103 175 70 22 skulle
188 182 51 15 vara
253 176 7 21 i
276 175 85 22 tillfälle
377 177 31 20 att
424 178 97 27 uppgöra
536 177 98 28 lämpligt
649 176 81 28 förslag
748 177 7 20 i
770 179 79 25 ämnet,

103 211 84 21 hvilket
208 211 124 20 sedermera
351 211 71 20 såsom
442 211 92 28 petition
554 211 71 21 kunde
646 211 56 28 afgä.
738 211 112 22 Samman-

102 245 63 21 faller
181 245 59 21 detta
254 245 83 27 förslag
352 245 49 20 med
416 245 87 27 kejserl.
519 249 108 23 senatens,
643 247 23 19 är
682 245 36 21 det
730 246 24 20 sä
764 246 86 27 mycket

102 279 78 21 bättre.
211 279 42 27 Jag
273 279 97 21 anhåller
391 279 84 20 derföre
496 286 35 14 om
550 280 74 20 remiss
640 279 33 21 till
689 280 109 20 allmänna
815 280 34 20 be-

103 312 172 22 svärsutskottet.

169 347 59 21 Herr
247 347 82 21 Rein:
349 347 75 21 Under
443 347 132 21 medeltiden
594 355 36 14 var
646 348 42 20 den
703 348 146 21 romersk-ka-

103 381 70 22 tolska
193 382 95 28 kyrkans
304 382 72 27 spräk,
392 382 83 27 latinet,
492 382 63 21 äfven
571 382 169 28 vetenskapens,
755 382 93 21 bildnin-

102 423 63 21 gens,
185 416 121 21 kulturens.
335 416 76 20 Under
430 416 162 21 århundradens
608 417 51 27 lopp
674 416 60 21 lärde
750 424 50 13 man
816 417 33 27 sig

102 450 55 21 dock
177 450 72 21 känna
269 450 170 28 olämpligheten
460 450 24 21 af
497 452 31 19 ett
543 450 77 21 sådant
634 450 142 21 förhållande.
806 450 43 21 En-

101 484 70 21 skilde
193 484 72 21 kunde
289 484 36 21 väl
347 484 49 20 med
418 484 94 28 tillhjelp
533 484 23 21 af
574 486 31 19 ett
627 484 134 21 fremmande
784 486 65 26 spräk

101 519 66 20 blifva
183 518 108 28 delaktige
303 518 23 21 af
334 518 71 21 tidens
421 518 105 28 bildning,
537 518 33 21 till
581 519 39 21 och
630 518 50 21 med
689 519 94 27 lärdom;
798 526 49 14 men

101 553 128 20 nationerne
245 553 40 20 och
301 552 124 28 folkslagen
441 552 103 21 stadnade
560 552 108 28 framgent
683 553 6 20 i
706 553 140 28 okunnighet.

101 587 51 21 Man
172 587 51 21 fann
243 587 33 28 sig
296 586 85 21 derföre
401 586 124 28 uppmanad
544 588 32 20 att
593 589 53 26 göra
664 587 80 20 sädana
759 589 88 24 ämnen,

101 621 74 22 hvilka
189 621 93 28 ansägos
293 621 53 21 böra
360 621 68 20 blifva
442 627 27 15 en
483 622 68 20 större
565 621 137 28 folkmängds
713 621 135 28 tillhörighet

101 656 40 21 och
157 655 66 22 borde
239 656 42 21 öka
296 655 80 21 folkets
391 655 109 21 allmänna
511 655 190 28 kunskapsförräd,
711 655 137 28 tillgängliga

101 691 28 28 pä
151 691 79 20 folkets
253 691 50 27 eget
326 689 71 29 språk.
427 689 109 28 Mängden
560 689 23 22 af
601 689 147 21 säbeskaffade
769 691 78 19 ämnen

101 725 99 21 tillväxte
219 725 38 20 allt
273 731 70 20 mera,
359 725 39 20 och
414 724 102 27 slutligen
532 725 78 27 ansägs
626 723 38 22 allt
679 724 118 28 menskligt
812 731 35 14 ve-

101 759 66 22 tande
187 759 52 21 höra
257 759 34 20 till
311 758 71 21 denna
401 758 105 28 kategori.
536 758 92 28 Följden
649 758 47 21 blef
712 760 32 19 att
759 758 88 21 folksla-

101 801 54 21 gens
171 793 64 28 språk
250 793 69 21 måste
334 793 93 20 utbildas
442 793 33 20 till
492 795 31 18 ett
538 793 79 21 vehikel
631 792 33 21 för
675 793 41 20 den
726 793 122 28 menskliga

101 829 113 20 kulturens
229 827 50 22 hela
295 827 94 28 omfäng.
418 827 90 21 Folkets
524 827 64 28 spräk
603 826 47 22 blef
663 827 94 27 skolans,
772 830 75 19 veten-

101 863 100 27 skapens,
216 862 155 20 litteraturens.
402 861 95 21 Sälunda
512 860 110 22 utbildade
638 861 33 27 sig
685 861 108 28 längsamt
808 862 40 21 och

101 896 114 22 efterhavd
236 896 26 21 de
283 898 58 19 stora
360 896 129 28 europeiska
504 895 167 29 kulturspräken
687 896 49 20 med
751 897 33 20 sin
800 896 47 22 rika

101 932 38 21 allt
154 931 118 27 menskligt
286 930 93 22 vetande
395 930 118 21 omfattade
528 930 114 22 litteratur.

168 966 64 21 Hvad
247 965 42 21 den
305 965 129 28 europeiska
447 966 83 20 norden
544 964 101 22 särskildt
656 964 109 28 beträffar,
776 966 23 20 sä
809 972 39 14 var

101 1000 37 22 det
157 1000 176 26 reformationen,
350 1006 45 14 som
410 1000 55 20 först
484 1000 39 20 der
538 999 83 21 banade
636 1000 42 26 väg
694 1000 32 20 till
742 1000 105 20 national-

101 1036 149 20 litteraturens
273 1034 122 28 uppkomst.
425 1033 169 22 Kristendomen
616 1033 70 21 skulle
706 1034 48 20 icke
773 1034 73 21 vidare

102 1077 51 14 vara
168 1068 125 22 innesluten
307 1069 8 20 i
330 1068 184 28 mystisk-latinsk
529 1068 72 28 drägt,
617 1068 41 21 den
674 1068 70 21 skulle
759 1068 34 21 för
809 1068 38 21 allt

100 1104 46 21 folk
166 1104 119 21 förkunnas
304 1103 29 28 pä
353 1105 50 26 eget
422 1102 118 29 tungomäl.
570 1103 11 20 I
596 1102 96 28 enlighet
707 1102 88 21 dermed
811 1103 35 20 be-

102 1141 66 25 gynte
179 1138 141 28 theologerne
331 1137 102 21 bearbeta
443 1137 192 28 nationalspräken
645 1137 33 20 för
689 1137 103 27 religiösa
803 1138 42 19 äm-

101 1181 52 19 nen,
170 1172 39 22 och
226 1172 123 26 efterhand,
366 1178 34 14 om
416 1172 40 20 ock
471 1172 114 26 längsamt,
601 1170 67 28 följde
684 1170 26 21 de
726 1171 69 27 öfrige
810 1178 35 14 ve-

101 1206 208 29 tenskapsidkarene
325 1206 154 28 theologernes
495 1205 106 29 exempel.
624 1205 29 21 Sä
668 1205 81 21 skedde
765 1205 80 21 äfven
833 1201 15 38 i

102 1243 47 20 värt
170 1241 76 21 fordna
264 1240 128 22 moderland
407 1240 97 28 Sverige.
534 1240 41 20 Om
591 1239 39 21 ock
646 1239 42 21 den
703 1241 89 25 stränga
805 1240 40 20 lär-

101 1276 78 21 domen
198 1276 63 27 länge
282 1282 44 21 nog
342 1275 39 21 och
397 1275 57 21 intill
469 1274 146 21 innevarande
631 1273 58 21 sekel
706 1281 66 20 gerna
788 1274 58 20 bibe-

100 1310 45 21 höll
166 1309 41 21 den
227 1309 112 21 romerska
360 1309 168 27 omklädnaden,
545 1308 70 21 blefvo
635 1308 55 20 dock
711 1308 25 20 de
757 1308 33 20 för
805 1308 40 20 den

100 1345 70 19 större
187 1344 145 20 allmänheten
348 1343 90 20 ämnade
453 1344 119 19 föremälen
588 1342 33 20 för
636 1342 99 27 kunskap
752 1342 94 20 behand-

101 1376 48 22 lade
169 1376 26 28 pä
215 1376 80 21 folkets
312 1376 116 27 tungomäl,
444 1376 46 20 blef
505 1375 276 27 undervisningsspräket
772 1371 13 37 i
798 1375 46 20 sko-
