1014 1714
214 123 40 20 798

184 188 53 27 göra
256 193 35 14 om
310 187 62 20 deras
391 186 151 21 bibehållande
561 186 81 21 sådana
660 185 26 22 de
706 193 28 13 nu
755 187 45 20 äro.
830 183 49 23 Men
902 187 32 19 ett

184 221 71 20 vilkor
271 221 38 20 vill
326 221 39 27 jag
382 220 76 21 dervid
476 220 133 27 nödvändigt
628 220 130 26 förbehålla,
777 219 109 28 nemligen
902 222 32 18 att

184 255 163 27 magasinernas
363 254 117 28 tillgångar
495 254 118 28 ingalunda
628 254 22 20 få
664 254 136 27 förskingras
818 253 41 21 och
875 253 59 21 delas

184 289 92 20 emellan
292 288 144 21 kommunens
451 288 148 27 medlemmar,
609 287 35 21 för
658 289 32 19 att
706 287 110 22 försvinna
827 287 32 20 till
871 288 62 20 intet.

184 323 44 20 Det
248 325 23 18 är
292 323 21 27 ej
329 322 71 21 denna
420 323 127 26 generation
567 329 45 14 som
628 322 116 27 grundlagt
760 322 175 27 socknemagasi-

183 364 78 19 nerna,
278 358 53 19 utan
347 355 36 22 det
398 358 24 19 är
436 357 52 20 våra
503 356 155 28 föregångare,
673 356 40 21 och
729 356 152 27 magasinerna
896 357 39 19 äro

185 392 31 20 ett
235 391 133 20 fideikomiss
390 397 45 14 som
456 391 20 20 vi
495 390 40 21 fått
550 390 24 21 af
587 390 56 21 dem.
672 391 44 20 Det
732 390 45 21 står
791 390 80 28 tydligt
885 390 7 21 i
908 389 28 21 de

183 425 161 28 reglementen,
364 431 47 14 som
429 425 39 27 jag
488 426 52 26 sett,
561 426 31 19 att
612 424 42 21 den
670 424 98 29 spanmål
784 431 45 14 som
844 424 90 21 finnes
923 420 15 37 i

184 460 153 27 magasinerna
356 459 54 20 skall
426 459 102 21 förblifva
543 459 163 27 magasinernas
722 458 125 29 evärdeliga
861 459 74 21 tillhö-

184 493 78 28 righet.
292 493 203 21 Således
399 489 39 36 fär
510 494 21 27 den-ej
547 493 142 27 förskingras.
719 493 51 21 Men
786 500 34 14 om
836 493 99 21 kommu-

185 535 67 14 nerna
274 527 54 28 vilja
350 527 113 21 förvandla
486 527 190 28 spanmålsfonden
699 527 33 21 till
752 527 123 28 penningar
895 528 40 21 och

183 563 54 26 göra
252 562 49 21 dem
316 562 159 20 räntebärande
496 564 55 18 samt
571 561 99 21 använda
690 563 78 19 räntan
788 561 31 21 till
836 562 99 20 kommu-

185 603 54 14 nens
260 603 162 20 gemensamma
440 595 76 27 behof,
536 596 39 21 har
592 596 40 27 jag
651 595 34 21 för
704 595 46 21 min
770 595 35 22 del
820 596 116 27 ingenting

185 629 107 28 deremot,
309 629 91 22 emedan
415 630 117 28 meningen
548 631 23 20 är
586 629 58 21 hvad
659 629 65 22 också
738 629 8 21 i
761 630 175 27 reglementerna

185 665 98 28 stadgas,
303 666 33 19 att
356 671 34 14 om
410 665 163 26 magasinernas
593 664 117 28 tillgångar
730 671 78 21 genom
827 664 43 28 god
885 665 51 20 hus-

185 699 99 28 hållning
299 698 49 21 med
363 698 60 21 tiden
439 699 63 28 stiga,
518 699 24 20 så
558 700 30 19 att
604 699 26 20 de
646 700 37 19 äro
699 705 47 14 mer
761 700 27 19 än
805 699 132 28 tillräckliga

185 733 34 21 för
234 733 106 21 socknens
356 733 73 26 behof,
444 733 144 21 öfverskottet
602 733 36 20 må
653 733 111 21 användas
779 733 33 21 till
828 733 108 22 socknens

185 774 163 21 gemensamma
363 767 69 22 bästa.
461 767 71 21 Alltså
548 769 24 20 är
586 767 41 21 den
643 767 112 28 principen
771 767 67 22 redan
853 768 84 21 uttalad

185 802 7 20 i
213 802 184 28 reglementerna,
418 804 31 19 att
470 802 145 28 tillgångarne
636 803 20 26 ej
677 802 23 21 få
720 802 55 21 efter
794 801 143 29 delegarenes

185 836 107 29 godtycke
313 837 142 27 förskingras.
486 837 42 28 Jag
548 837 66 27 yrkar
633 837 87 20 derföre
741 837 27 27 pä
787 837 36 20 det
841 837 94 21 bestäm-

185 871 71 28 daste;
277 873 33 18 att
330 877 33 14 om
380 871 37 20 det
432 871 144 21 öfverlemnas
592 871 22 20 ät
630 871 158 21 kommunerna
804 873 32 19 att
850 872 87 27 förfoga

185 905 60 21 öfver
265 905 163 28 magasinerna,
448 905 37 21 det
504 905 75 21 dervid
600 905 35 20 mä
656 905 66 20 fästas
740 905 36 21 det
790 906 147 27 uttryckeliga

185 939 76 27 vilkor,
277 941 33 19 att
324 939 62 21 deras
403 939 116 28 tillgängar
534 939 20 28 ej
570 940 35 20 mä
621 939 135 28 förskingras
771 940 54 21 eller
840 940 97 21 fördelas

185 974 94 21 emellan
298 974 182 26 intressenterne,
502 975 51 20 utan
574 973 70 22 bildas
665 973 32 21 till
718 981 27 14 en
760 973 52 22 fond
826 973 34 22 för
875 975 61 20 kom-

185 1015 92 14 munens
293 1014 161 21 gemensamma
470 1009 67 20 bästa.

254 1042 58 21 Herr
334 1048 40 15 von
394 1042 80 27 Born,
489 1041 28 21 K.
532 1042 36 21 F.:
590 1041 42 28 Jag
648 1043 68 20 måste
732 1041 105 27 erkänna,
852 1044 33 19 att
898 1043 39 27 jag

185 1083 65 14 anser
265 1075 234 22 ekonomieutskottets
514 1076 137 21 betänkande
667 1077 72 20 lemna
754 1082 28 15 en
797 1077 24 20 sä
835 1076 102 21 tillfreds-

186 1110 107 21 ställande
309 1110 88 27 lösning
412 1110 23 20 af
448 1110 72 21 denna
536 1111 62 20 svära
613 1110 40 21 och
668 1110 83 27 vigtiga
766 1110 71 27 fräga,
854 1112 31 19 att
897 1111 41 27 jag

186 1144 69 21 finner
275 1143 47 21 deri
343 1144 51 27 föga
414 1143 73 22 vidare
508 1146 32 19 att
560 1144 77 25 önska,
653 1144 40 21 och
708 1144 69 21 mäste
792 1144 35 21 för
841 1145 45 20 min
903 1145 35 20 del

186 1177 127 28 obetingadt
328 1177 86 21 biträda
428 1178 43 20 alla
486 1177 26 22 de
528 1178 116 28 principer,
660 1185 46 13 som
722 1178 46 21 deri
783 1178 85 21 uttalas.
893 1179 45 20 Det

186 1213 24 19 är
231 1211 77 21 endast
327 1213 46 19 mot
392 1211 68 28 nägra
476 1213 82 20 smärre
574 1212 192 27 omständigheter,
785 1218 46 14 som
844 1212 40 27 jag
898 1212 40 21 har

185 1247 32 19 att
237 1245 110 20 anmärka.
381 1245 12 20 I
412 1245 70 20 likhet
501 1246 49 19 med
571 1245 92 20 friherre
683 1246 107 26 Carpelan
812 1246 70 19 skulle
898 1247 40 26 jag

185 1285 59 20 anse,
259 1280 31 19 att
305 1278 66 21 bland
387 1278 26 21 de
429 1279 119 27 sädesslag,
564 1285 46 14 som
626 1279 52 20 böra
694 1281 126 18 omnämnas
835 1279 32 20 uti
880 1281 58 18 stän-

185 1313 78 20 dernes
283 1312 101 27 yttrande
399 1312 7 20 i
422 1314 84 25 ämnet,
526 1313 63 20 äfven
610 1312 70 22 skulle
697 1312 52 28 ingå
763 1312 80 22 vicker.
873 1313 64 21 Hvad

185 1348 47 20 åter
246 1347 78 28 frågan
341 1347 101 21 beträffar
458 1354 34 13 om
508 1347 41 20 den
565 1347 37 26 tid,
618 1354 46 13 som
679 1347 33 21 uti
727 1347 119 21 utskottets
862 1347 75 22 betän-

183 1382 72 21 kande
277 1383 23 19 är
320 1381 124 28 föreslagen
464 1381 35 21 för
519 1381 100 28 gällande
639 1381 86 22 kraften
744 1381 24 22 af
787 1381 25 22 de
828 1382 46 21 deri
891 1389 45 14 om-

185 1417 93 21 nämnda
297 1415 144 28 föreskrifter,
457 1415 69 22 skulle
542 1416 65 21 också
619 1417 40 27 jag
674 1417 74 27 tycka,
765 1418 31 20 att
811 1417 72 28 någon
898 1417 38 21 be-
