1034 1706
778 116 39 21 461

104 182 195 22 besvärsutskottet
314 184 91 27 fungera
420 183 54 21 eller
489 190 34 13 om
539 183 71 27 någon
626 188 70 15 annan
710 182 72 21 dertill
793 182 55 21 skall

104 219 58 19 utses
183 218 39 20 och
242 218 6 20 i
269 218 76 21 sådant
365 218 37 20 fall
421 218 56 20 hvad
497 217 70 21 denne
586 216 71 22 kunde
678 216 63 22 hafva
761 218 32 20 att
810 217 37 28 på-

104 252 68 20 räkna
187 252 7 20 i
210 252 87 21 arfvode
313 252 34 20 för
363 252 36 20 sitt
415 252 81 20 besvär.

171 286 11 20 I
198 286 118 28 anledning
334 286 63 21 häraf
413 286 100 27 upplyste
528 286 50 20 herr
593 285 198 21 landtmarskalken
806 287 42 25 att,

106 320 73 20 såvida
199 321 58 19 ännu
275 320 64 28 högst
354 320 22 20 få
391 320 53 21 eller
459 320 76 20 endast
550 321 32 19 tre
598 319 91 21 ärender
704 320 33 19 till
752 319 97 30 ståndets

105 354 98 20 enskilda
223 354 172 21 besvärsutskott
409 354 120 26 inkommit,
545 354 55 20 hade
614 353 234 21 riddarhussekretera-

104 395 39 14 ren
159 388 104 22 förklarat
279 389 33 27 sig
327 389 61 27 villig
402 390 32 19 att
449 390 51 19 utan
517 388 91 21 särskild
623 388 121 28 ersättning
759 388 44 20 tills
818 388 30 21 vi-

105 422 50 21 dare
173 423 94 28 fungera
287 424 70 20 såsom
373 424 135 20 sekreterare
523 423 65 21 äfven
603 422 7 21 i
625 422 92 21 nämnde
733 422 93 27 utskott,
842 422 7 21 i

104 457 103 22 händelse
222 457 151 29 ridderskapet
388 458 39 21 och
438 458 62 21 adeln
515 457 70 21 dertill
597 458 125 27 samtyckte,
734 457 54 22 dock
799 457 49 22 med

104 492 106 21 förbehåll
229 494 32 19 att
279 493 6 20 i
301 493 38 20 fall
355 492 129 21 ärendernas
500 492 58 21 antal
574 492 7 20 i
596 492 105 21 utskottet
716 492 85 21 komme
817 494 32 19 att

104 527 39 20 allt
157 527 35 21 för
208 527 86 27 mycket
309 527 52 20 ökas
377 527 40 20 och
432 527 42 21 han
490 527 24 20 af
527 527 32 20 sin
573 526 274 29 sekreterarebefattning
835 522 15 37 i

104 561 97 21 ståndets
226 561 89 28 plenum
339 561 115 21 hindrades
480 563 32 18 att
534 561 71 20 denna
625 561 68 30 tjenst
715 561 132 28 tillbörligen

104 595 131 27 handhafva,
251 595 73 21 derom
341 595 26 20 då
382 595 88 20 särskilt
485 595 21 21 få
519 595 57 20 inför
592 594 84 21 ståndet
692 595 91 21 anmäla.

170 629 67 21 Detta
257 629 276 24 riddarhussekreterarens
552 629 71 21 anbud
638 631 76 25 antogs
730 629 23 20 af
767 629 80 21 ridder-

104 664 76 28 skapet
196 664 39 21 och
251 664 70 21 adeln.

170 733 34 21 En
220 733 125 28 deputation
361 733 73 27 utsågs
450 733 23 21 af
486 733 50 21 herr
551 732 199 21 landtmarskalken
767 733 34 20 för
816 734 32 19 att

102 768 99 21 meddela
216 767 26 21 de
258 767 70 29 öfriga
342 767 90 21 stånden
448 767 161 28 ridderskapets
625 767 39 20 och
679 767 74 21 adelns
767 767 38 21 här
816 767 30 21 of-

103 810 39 14 van
159 802 82 21 fattade
256 802 71 21 beslut
342 802 91 21 rörande
450 803 153 20 sammansatta
616 801 44 28 lag-
672 801 40 21 och
722 801 124 22 ekonomie-

104 838 115 21 utskottets
235 837 94 28 delning.

171 872 173 21 Sammanträdet
360 871 110 29 upphörde
485 871 29 21 kl.
532 872 32 20 12.

601 906 20 16 In
637 905 58 17 fidem:

504 933 76 20 Victor
593 933 25 20 de
631 933 22 20 la
665 933 114 24 Chapelle.

213 1058 64 27 Den
298 1059 37 26 13
356 1058 158 34 november,
536 1056 39 27 kl.
599 1057 35 26 11
656 1056 17 27 f.
695 1066 36 17 m.

170 1115 43 20 Till
225 1115 110 27 justering
350 1114 110 28 upplästes
475 1113 162 28 ridderskapets
652 1113 40 20 och
707 1112 74 21 adelns
797 1119 50 22 pro-

103 1149 68 22 tokoll
186 1149 34 20 för
236 1149 41 21 den
295 1149 26 20 10
335 1149 7 20 i
358 1148 70 21 denna
443 1148 85 21 mänad.

169 1183 122 28 Föredrogs
311 1184 31 19 ett
362 1183 47 20 frän
430 1183 153 20 sammansatta
603 1181 44 28 lag-
663 1181 39 21 och
724 1181 122 20 ekonomie-

102 1218 106 21 utskottet
223 1217 120 21 inkommet
357 1217 118 26 memorial,
491 1217 24 20 sä
529 1215 103 28 lydande:

169 1252 47 21 Hos
235 1251 117 28 högloflige
372 1251 149 27 ridderskapet
541 1250 39 21 och
599 1249 63 22 adeln
684 1249 33 20 fär
740 1256 106 14 samman-

103 1288 56 19 satta
177 1287 46 27 lag-
239 1287 39 20 och
298 1285 221 21 ekonomieutskoitet
534 1284 156 21 vördsammast
704 1283 95 26 anmäla,
815 1285 31 18 att

102 1321 66 20 sedan
186 1321 83 20 landets
289 1320 117 27 högloflige
425 1319 87 21 ständer
531 1319 80 20 bifallit
629 1317 153 29 lagutskottets
803 1317 42 21 för-

102 1355 47 27 slag
175 1354 111 27 angående
309 1355 154 19 sammansatta
484 1353 45 26 lag-
552 1352 40 21 och
614 1351 232 21 ekonomieutskottets

103 1388 194 27 sammansättning
317 1387 39 21 och
376 1386 110 27 bildande,
508 1387 32 20 så”
555 1385 60 22 hafva
635 1385 25 21 de
682 1385 100 20 särskilta
800 1385 45 25 val,

103 1431 45 15 som
166 1423 32 22 till
213 1422 54 29 följd
282 1422 63 22 häraf
359 1421 106 22 ständsvis
480 1421 91 23 anstälts
584 1420 59 21 inom
653 1419 142 29 lagutskottet
806 1419 39 21 och
