1009 1709
763 124 40 19 593

87 194 38 13 ran
146 187 131 20 åtminstone
297 187 86 21 komme
403 190 32 18 att
455 187 81 21 erhålla
554 188 89 20 dubbelt
657 189 69 19 större
742 188 90 27 pension

87 223 27 18 än
131 220 88 27 hittills,
235 223 54 18 samt
305 223 31 19 att
352 222 26 20 de
394 222 69 27 öfrige
479 222 97 26 stånden,
592 222 27 20 då
633 221 76 27 frågan
725 222 108 20 återkom-

87 262 46 13 mer
153 255 48 20 från
216 255 113 27 utskottet,
343 256 67 20 måtte
426 256 99 27 inbjudas
541 258 32 18 att
588 255 87 27 deltaga
689 255 7 20 i
712 256 122 20 ridderska-

87 290 48 26 pets
152 289 39 20 och
207 288 75 22 adelns
297 290 78 26 beslut,
385 290 83 20 hvilket
483 290 26 20 då
524 289 73 21 blefve
610 289 126 21 ständernas
747 296 87 20 gemen-

88 330 89 14 samma.
209 322 42 29 Jag
266 323 38 21 vill
320 325 57 19 ännu
393 324 90 28 tillägga
499 324 35 20 det
547 324 39 27 jag
596 323 102 21 särskildt
708 324 71 20 funnit
790 322 45 28 mig

86 357 124 21 föranlåten
225 360 31 19 att
271 360 52 25 göra
338 358 59 20 detta
411 358 144 28 andragande,
567 357 89 22 emedan
669 358 39 28 jag
724 364 64 14 anser
804 359 31 19 att

87 392 150 28 ridderskapet
253 392 40 21 och
309 392 63 21 adeln
389 392 19 28 ej
424 392 67 21 borde
509 392 85 28 åtnöjas
613 392 49 20 med
681 394 32 18 att
733 392 46 20 visa
797 392 38 20 sitt

86 426 129 28 deltagande
227 427 34 21 för
273 427 64 21 dessa
344 428 113 20 veteraner
466 427 76 21 endast
552 433 78 21 genom
641 428 31 19 att
682 427 61 20 anslå
753 426 22 21 åt
786 426 48 21 dem

86 461 27 20 de
129 461 77 28 fattiga
220 462 69 26 böter,
308 468 46 14 som
370 461 69 28 enligt
453 461 41 21 den
509 461 40 21 här
564 464 93 24 antagna
673 460 161 28 ordningsstad-

88 502 42 21 gan
146 495 73 21 kunna
234 496 82 27 inflyta.

156 529 46 22 Och
222 530 70 21 skulle
312 530 50 20 herr
381 529 133 28 Schaumans
530 530 142 21 förenämnde
688 530 100 28 yttrande
803 530 31 20 åt-

88 564 54 28 följa
162 564 104 22 remissen
285 564 24 21 af
321 564 51 21 herr
387 564 108 22 Thesleffs
510 564 111 22 memorial
637 564 32 21 till
686 564 96 21 ståndets
798 570 38 14 en-

88 598 71 22 skilda
174 599 179 21 besvärsutskott.

149 668 64 21 "Herr
230 668 200 22 landtmarskalken
450 668 150 28 tillkännagaf,
616 670 32 19 att
663 668 47 21 från
732 668 101 28 borgare-

88 698 94 26 ståndet
196 702 119 22 ankommit
337 705 79 19 tvenne
438 703 199 28 protokollsutdrag
658 702 35 21 för
714 702 41 21 den
780 703 25 21 13
828 703 6 20 i

88 737 70 21 denna
179 737 85 27 månad,
280 736 50 22 med
345 737 158 21 underrättelse
519 737 74 21 derom
608 739 31 19 att
654 737 181 27 borgareståndet

88 772 66 27 sagde
174 772 43 27 dag
236 771 83 27 antagit
339 772 27 20 H.
385 771 61 28 Kejs.
462 772 73 27 Maj:ts
553 772 79 27 nådiga
647 771 134 28 proposition
797 779 37 13 an-

88 806 84 28 gående
193 806 188 28 salpetergärdens
401 805 134 21 afskaffande
554 806 111 20 äfvensom
681 806 154 27 lagutskottets

88 840 137 21 betänkande
245 840 8 20 i
272 840 118 28 anledning
409 840 24 21 af
449 840 79 28 nådiga
543 840 164 28 propositionen
722 840 113 28 angående

88 874 80 22 allmän
182 874 103 22 tillåtelse
301 874 33 21 till
349 874 135 21 anställande
495 875 23 21 af
526 875 79 21 urtima
616 874 47 28 ting
677 874 8 20 i
700 874 63 21 civila
773 876 62 19 ären-

88 909 39 21 der
143 909 39 21 och
197 908 84 22 mindre
297 909 109 21 brottmål.

157 943 96 22 Berörde
269 944 204 28 protokollsutdrag,
489 950 46 14 som
550 944 48 20 icke
613 942 126 22 föranledde
753 944 34 20 till
797 944 38 20 nå-

90 985 43 21 gon
149 978 82 28 åtgärd,
242 978 70 21 skulle
327 978 97 21 förvaras
435 978 66 21 bland
512 978 97 21 ståndets
621 978 69 27 öfriga
700 978 135 27 handlingar.

157 1047 10 20 I
182 1046 118 28 anledning
316 1047 23 20 af
351 1046 97 21 härefter
464 1046 64 21 väckt
544 1046 61 28 fråga
621 1053 34 13 om
671 1048 56 18 rätta
743 1046 92 20 förstån-

89 1081 36 21 det
145 1081 24 20 af
179 1081 74 21 andra
273 1082 120 19 momentet
413 1081 7 19 i
441 1082 12 20 6
473 1081 97 27 punkten
591 1080 23 20 af
632 1080 41 20 den
689 1080 48 20 utaf
751 1080 85 20 ståndet

89 1117 94 25 antagna
198 1115 188 27 ordningsstadga,
396 1114 81 22 beslöts
492 1115 28 27 på
535 1114 74 21 derom
625 1114 24 20 af
658 1114 51 20 herr
719 1114 117 20 landtmar-

90 1150 90 20 skalken
203 1149 64 28 gjord
289 1149 169 28 framställning,
482 1150 31 20 att
535 1148 41 21 den
599 1148 7 20 i
628 1148 67 21 andra
717 1150 120 19 momentet

89 1184 63 20 deraf
164 1183 112 22 bestämda
291 1183 56 28 plikt
362 1183 63 21 äfven
441 1184 66 20 borde
522 1183 36 21 vid
572 1182 166 21 öfverträdelser
749 1183 24 20 af
780 1182 57 21 före-

90 1218 90 21 skriften
196 1218 6 20 i
219 1218 68 21 första
302 1219 119 19 momentet
437 1218 114 27 tillämpas.

157 1287 107 27 Företogs
284 1286 33 20 till
337 1286 73 21 vidare
431 1286 75 28 åtgärd
529 1285 193 21 senatskanslisten
745 1285 92 20 friherre

91 1321 80 21 Gustaf
188 1321 88 20 Mellins
297 1320 41 20 den
354 1321 27 20 20
396 1320 7 20 i
419 1320 71 20 denna
505 1319 78 21 månad
598 1319 117 27 bordlagde
730 1319 84 26 besvär,
830 1319 7 20 i

90 1355 118 27 anledning
235 1354 23 20 af
282 1354 233 20 riddarhusutskottets
544 1354 80 26 vägran
648 1354 31 19 att
701 1352 22 20 åt
746 1352 91 20 friherre

90 1388 82 28 Mellin,
188 1388 33 27 G.,
237 1388 83 28 utgifva
335 1388 76 28 pollett
426 1388 34 20 för
476 1388 31 19 att
523 1387 69 20 såsom
609 1386 123 27 fullmäktig
750 1386 34 20 för
801 1386 36 20 ad-

89 1424 44 28 liga
144 1425 60 19 ätten
215 1429 34 14 n:o
261 1423 26 20 44
299 1422 109 28 Teetgren
419 1421 112 22 härstädes
547 1420 74 28 intaga
632 1422 45 20 säte
689 1420 39 21 och
739 1422 98 19 stämma.
