<?xml version="1.0" encoding="UTF-8"?>
<alto xmlns="http://www.loc.gov/standards/alto/ns-v3#" xmlns:xlink="http://www.w3.org/1999/xlink" xmlns:xsi="http://www.w3.org/2001/XMLSchema-instance" xsi:schemaLocation="http://www.loc.gov/standards/alto/ns-v3# http://www.loc.gov/alto/v3/alto-3-0.xsd">
	<Description>
		<MeasurementUnit>pixel</MeasurementUnit>
		<sourceImageInformation>
			<fileName>/tmp/tess_qy30wkbb_input.PNG</fileName>
		</sourceImageInformation>
		<OCRProcessing ID="OCR_0">
			<ocrProcessingStep>
				<processingSoftware>
					<softwareName>tesseract 5.3.4</softwareName>
				</processingSoftware>
			</ocrProcessingStep>
		</OCRProcessing>
	</Description>
	<Layout>
		<Page WIDTH="1034" HEIGHT="1703" PHYSICAL_IMG_NR="0" ID="page_0">
			<PrintSpace HPOS="0" VPOS="0" WIDTH="1034" HEIGHT="1703">
				<ComposedBlock ID="cblock_0" HPOS="797" VPOS="123" WIDTH="41" HEIGHT="20">
					<TextBlock ID="block_0" HPOS="797" VPOS="123" WIDTH="41" HEIGHT="20">
						<TextLine ID="line_0" HPOS="797" VPOS="123" WIDTH="41" HEIGHT="20">
							<String ID="string_0" HPOS="797" VPOS="123" WIDTH="41" HEIGHT="20" WC="0.84" CONTENT="477"/>
						</TextLine>
					</TextBlock>
				</ComposedBlock>
				<ComposedBlock ID="cblock_1" HPOS="115" VPOS="185" WIDTH="753" HEIGHT="1262">
					<TextBlock ID="block_1" HPOS="117" VPOS="185" WIDTH="751" HEIGHT="57">
						<TextLine ID="line_1" HPOS="118" VPOS="185" WIDTH="750" HEIGHT="30">
							<String ID="string_1" HPOS="118" VPOS="185" WIDTH="72" HEIGHT="22" WC="0.96" CONTENT="denna"/><SP WIDTH="19" VPOS="185" HPOS="190"/>
							<String ID="string_2" HPOS="209" VPOS="185" WIDTH="35" HEIGHT="22" WC="0.96" CONTENT="del"/><SP WIDTH="19" VPOS="185" HPOS="244"/>
							<String ID="string_3" HPOS="263" VPOS="186" WIDTH="24" HEIGHT="21" WC="0.93" CONTENT="af"/><SP WIDTH="12" VPOS="186" HPOS="287"/>
							<String ID="string_4" HPOS="299" VPOS="186" WIDTH="122" HEIGHT="29" WC="0.90" CONTENT="petitionen"/><SP WIDTH="16" VPOS="186" HPOS="421"/>
							<String ID="string_5" HPOS="437" VPOS="187" WIDTH="74" HEIGHT="21" WC="0.93" CONTENT="kunna"/><SP WIDTH="15" VPOS="187" HPOS="511"/>
							<String ID="string_6" HPOS="526" VPOS="186" WIDTH="144" HEIGHT="22" WC="0.92" CONTENT="öfverlemnas"/><SP WIDTH="16" VPOS="186" HPOS="670"/>
							<String ID="string_7" HPOS="686" VPOS="186" WIDTH="34" HEIGHT="22" WC="0.96" CONTENT="till"/><SP WIDTH="15" VPOS="186" HPOS="720"/>
							<String ID="string_8" HPOS="735" VPOS="186" WIDTH="133" HEIGHT="29" WC="0.96" CONTENT="behandling"/>
						</TextLine>
						<TextLine ID="line_2" HPOS="117" VPOS="220" WIDTH="306" HEIGHT="22">
							<String ID="string_9" HPOS="117" VPOS="220" WIDTH="25" HEIGHT="21" WC="0.96" CONTENT="af"/><SP WIDTH="13" VPOS="220" HPOS="142"/>
							<String ID="string_10" HPOS="155" VPOS="220" WIDTH="163" HEIGHT="22" WC="0.96" CONTENT="vederbörande"/><SP WIDTH="15" VPOS="220" HPOS="318"/>
							<String ID="string_11" HPOS="333" VPOS="221" WIDTH="90" HEIGHT="21" WC="0.96" CONTENT="utskott."/>
						</TextLine>
					</TextBlock>
					<TextBlock ID="block_2" HPOS="115" VPOS="255" WIDTH="753" HEIGHT="1192">
						<TextLine ID="line_3" HPOS="185" VPOS="255" WIDTH="682" HEIGHT="28">
							<String ID="string_12" HPOS="185" VPOS="255" WIDTH="103" HEIGHT="21" WC="0.95" CONTENT="Friherre"/><SP WIDTH="14" VPOS="255" HPOS="288"/>
							<String ID="string_13" HPOS="302" VPOS="255" WIDTH="105" HEIGHT="26" WC="0.96" CONTENT="Wrede,"/><SP WIDTH="18" VPOS="255" HPOS="407"/>
							<String ID="string_14" HPOS="425" VPOS="255" WIDTH="28" HEIGHT="21" WC="0.93" CONTENT="R."/><SP WIDTH="17" VPOS="255" HPOS="453"/>
							<String ID="string_15" HPOS="470" VPOS="255" WIDTH="34" HEIGHT="21" WC="0.92" CONTENT="Z.:"/><SP WIDTH="20" VPOS="255" HPOS="504"/>
							<String ID="string_16" HPOS="524" VPOS="255" WIDTH="58" HEIGHT="22" WC="0.96" CONTENT="Herr"/><SP WIDTH="16" VPOS="255" HPOS="582"/>
							<String ID="string_17" HPOS="598" VPOS="262" WIDTH="42" HEIGHT="15" WC="0.96" CONTENT="von"/><SP WIDTH="16" VPOS="262" HPOS="640"/>
							<String ID="string_18" HPOS="656" VPOS="255" WIDTH="157" HEIGHT="28" WC="0.96" CONTENT="Weissenberg"/><SP WIDTH="15" VPOS="255" HPOS="813"/>
							<String ID="string_19" HPOS="828" VPOS="256" WIDTH="39" HEIGHT="20" WC="0.96" CONTENT="har"/>
						</TextLine>
						<TextLine ID="line_4" HPOS="117" VPOS="289" WIDTH="750" HEIGHT="29">
							<String ID="string_20" HPOS="117" VPOS="289" WIDTH="31" HEIGHT="20" WC="0.92" CONTENT="uti"/><SP WIDTH="20" VPOS="289" HPOS="148"/>
							<String ID="string_21" HPOS="168" VPOS="289" WIDTH="167" HEIGHT="28" WC="0.92" CONTENT="ifrägavarande"/><SP WIDTH="20" VPOS="289" HPOS="335"/>
							<String ID="string_22" HPOS="355" VPOS="289" WIDTH="113" HEIGHT="22" WC="0.95" CONTENT="memorial"/><SP WIDTH="18" VPOS="289" HPOS="468"/>
							<String ID="string_23" HPOS="486" VPOS="289" WIDTH="50" HEIGHT="22" WC="0.93" CONTENT="med"/><SP WIDTH="14" VPOS="289" HPOS="536"/>
							<String ID="string_24" HPOS="550" VPOS="289" WIDTH="94" HEIGHT="29" WC="0.92" CONTENT="sanning"/><SP WIDTH="15" VPOS="289" HPOS="644"/>
							<String ID="string_25" HPOS="659" VPOS="290" WIDTH="40" HEIGHT="21" WC="0.93" CONTENT="och"/><SP WIDTH="15" VPOS="290" HPOS="699"/>
							<String ID="string_26" HPOS="714" VPOS="291" WIDTH="74" HEIGHT="20" WC="0.93" CONTENT="värma"/><SP WIDTH="14" VPOS="291" HPOS="788"/>
							<String ID="string_27" HPOS="802" VPOS="289" WIDTH="65" HEIGHT="22" WC="0.91" CONTENT="fram-"/>
						</TextLine>
						<TextLine ID="line_5" HPOS="117" VPOS="323" WIDTH="751" HEIGHT="29">
							<String ID="string_28" HPOS="117" VPOS="323" WIDTH="63" HEIGHT="21" WC="0.92" CONTENT="hällit"/><SP WIDTH="16" VPOS="323" HPOS="180"/>
							<String ID="string_29" HPOS="196" VPOS="323" WIDTH="36" HEIGHT="21" WC="0.93" CONTENT="det"/><SP WIDTH="15" VPOS="323" HPOS="232"/>
							<String ID="string_30" HPOS="247" VPOS="324" WIDTH="96" HEIGHT="27" WC="0.92" CONTENT="menliga"/><SP WIDTH="14" VPOS="324" HPOS="343"/>
							<String ID="string_31" HPOS="357" VPOS="323" WIDTH="118" HEIGHT="28" WC="0.92" CONTENT="inflytande"/><SP WIDTH="16" VPOS="323" HPOS="475"/>
							<String ID="string_32" HPOS="491" VPOS="323" WIDTH="132" HEIGHT="29" WC="0.92" CONTENT="svedjebruk"/><SP WIDTH="15" VPOS="323" HPOS="623"/>
							<String ID="string_33" HPOS="638" VPOS="324" WIDTH="84" HEIGHT="21" WC="0.92" CONTENT="utöfvat"/><SP WIDTH="15" VPOS="324" HPOS="722"/>
							<String ID="string_34" HPOS="737" VPOS="324" WIDTH="40" HEIGHT="20" WC="0.93" CONTENT="och"/><SP WIDTH="14" VPOS="324" HPOS="777"/>
							<String ID="string_35" HPOS="791" VPOS="323" WIDTH="77" HEIGHT="21" WC="0.92" CONTENT="fortfar"/>
						</TextLine>
						<TextLine ID="line_6" HPOS="117" VPOS="357" WIDTH="750" HEIGHT="29">
							<String ID="string_36" HPOS="117" VPOS="358" WIDTH="32" HEIGHT="20" WC="0.92" CONTENT="att"/><SP WIDTH="19" VPOS="358" HPOS="149"/>
							<String ID="string_37" HPOS="168" VPOS="358" WIDTH="76" HEIGHT="20" WC="0.92" CONTENT="utöfva"/><SP WIDTH="19" VPOS="358" HPOS="244"/>
							<String ID="string_38" HPOS="263" VPOS="358" WIDTH="28" HEIGHT="28" WC="0.93" CONTENT="pä"/><SP WIDTH="19" VPOS="358" HPOS="291"/>
							<String ID="string_39" HPOS="310" VPOS="357" WIDTH="49" HEIGHT="21" WC="0.92" CONTENT="värt"/><SP WIDTH="19" VPOS="357" HPOS="359"/>
							<String ID="string_40" HPOS="378" VPOS="358" WIDTH="58" HEIGHT="20" WC="0.92" CONTENT="land."/><SP WIDTH="30" VPOS="358" HPOS="436"/>
							<String ID="string_41" HPOS="466" VPOS="358" WIDTH="172" HEIGHT="28" WC="0.91" CONTENT="Ridderskapets"/><SP WIDTH="20" VPOS="358" HPOS="638"/>
							<String ID="string_42" HPOS="658" VPOS="358" WIDTH="40" HEIGHT="21" WC="0.90" CONTENT="och"/><SP WIDTH="20" VPOS="358" HPOS="698"/>
							<String ID="string_43" HPOS="718" VPOS="358" WIDTH="75" HEIGHT="21" WC="0.90" CONTENT="adelns"/><SP WIDTH="15" VPOS="358" HPOS="793"/>
							<String ID="string_44" HPOS="808" VPOS="358" WIDTH="59" HEIGHT="21" WC="0.92" CONTENT="med-"/>
						</TextLine>
						<TextLine ID="line_7" HPOS="116" VPOS="392" WIDTH="752" HEIGHT="28">
							<String ID="string_45" HPOS="116" VPOS="392" WIDTH="92" HEIGHT="21" WC="0.91" CONTENT="lemmar"/><SP WIDTH="15" VPOS="392" HPOS="208"/>
							<String ID="string_46" HPOS="223" VPOS="392" WIDTH="62" HEIGHT="21" WC="0.93" CONTENT="torde"/><SP WIDTH="16" VPOS="392" HPOS="285"/>
							<String ID="string_47" HPOS="301" VPOS="392" WIDTH="71" HEIGHT="26" WC="0.92" CONTENT="äfven,"/><SP WIDTH="15" VPOS="392" HPOS="372"/>
							<String ID="string_48" HPOS="387" VPOS="392" WIDTH="53" HEIGHT="21" WC="0.93" CONTENT="hvar"/><SP WIDTH="5" VPOS="392" HPOS="440"/>
							<String ID="string_49" HPOS="445" VPOS="388" WIDTH="9" HEIGHT="36" WC="0.96" CONTENT="i"/><SP WIDTH="15" VPOS="388" HPOS="454"/>
							<String ID="string_50" HPOS="469" VPOS="392" WIDTH="33" HEIGHT="21" WC="0.96" CONTENT="sin"/><SP WIDTH="11" VPOS="392" HPOS="502"/>
							<String ID="string_51" HPOS="513" VPOS="394" WIDTH="40" HEIGHT="25" WC="0.96" CONTENT="ort,"/><SP WIDTH="14" VPOS="394" HPOS="553"/>
							<String ID="string_52" HPOS="567" VPOS="392" WIDTH="56" HEIGHT="21" WC="0.93" CONTENT="varit"/><SP WIDTH="10" VPOS="392" HPOS="623"/>
							<String ID="string_53" HPOS="633" VPOS="392" WIDTH="7" HEIGHT="21" WC="0.93" CONTENT="i"/><SP WIDTH="11" VPOS="392" HPOS="640"/>
							<String ID="string_54" HPOS="651" VPOS="392" WIDTH="86" HEIGHT="21" WC="0.89" CONTENT="tillfälle"/><SP WIDTH="11" VPOS="392" HPOS="737"/>
							<String ID="string_55" HPOS="748" VPOS="394" WIDTH="32" HEIGHT="20" WC="0.93" CONTENT="att"/><SP WIDTH="11" VPOS="394" HPOS="780"/>
							<String ID="string_56" HPOS="791" VPOS="392" WIDTH="77" HEIGHT="28" WC="0.90" CONTENT="sjelfva"/>
						</TextLine>
						<TextLine ID="line_8" HPOS="117" VPOS="426" WIDTH="749" HEIGHT="28">
							<String ID="string_57" HPOS="117" VPOS="426" WIDTH="75" HEIGHT="22" WC="0.91" CONTENT="derom"/><SP WIDTH="16" VPOS="426" HPOS="192"/>
							<String ID="string_58" HPOS="208" VPOS="426" WIDTH="113" HEIGHT="28" WC="0.90" CONTENT="öfvertyga"/><SP WIDTH="15" VPOS="426" HPOS="321"/>
							<String ID="string_59" HPOS="336" VPOS="427" WIDTH="41" HEIGHT="27" WC="0.96" CONTENT="sig,"/><SP WIDTH="15" VPOS="427" HPOS="377"/>
							<String ID="string_60" HPOS="392" VPOS="428" WIDTH="32" HEIGHT="20" WC="0.93" CONTENT="att"/><SP WIDTH="15" VPOS="428" HPOS="424"/>
							<String ID="string_61" HPOS="439" VPOS="426" WIDTH="52" HEIGHT="22" WC="0.93" CONTENT="vära"/><SP WIDTH="15" VPOS="426" HPOS="491"/>
							<String ID="string_62" HPOS="506" VPOS="426" WIDTH="86" HEIGHT="28" WC="0.93" CONTENT="skogar,"/><SP WIDTH="16" VPOS="426" HPOS="592"/>
							<String ID="string_63" HPOS="608" VPOS="426" WIDTH="47" HEIGHT="22" WC="0.93" CONTENT="ifall"/><SP WIDTH="15" VPOS="426" HPOS="655"/>
							<String ID="string_64" HPOS="670" VPOS="427" WIDTH="63" HEIGHT="21" WC="0.93" CONTENT="deras"/><SP WIDTH="13" VPOS="427" HPOS="733"/>
							<String ID="string_65" HPOS="746" VPOS="426" WIDTH="120" HEIGHT="22" WC="0.92" CONTENT="misshand-"/>
						</TextLine>
						<TextLine ID="line_9" HPOS="117" VPOS="460" WIDTH="750" HEIGHT="29">
							<String ID="string_66" HPOS="117" VPOS="460" WIDTH="47" HEIGHT="28" WC="0.96" CONTENT="ling"/><SP WIDTH="14" VPOS="460" HPOS="164"/>
							<String ID="string_67" HPOS="178" VPOS="460" WIDTH="34" HEIGHT="22" WC="0.93" CONTENT="får"/><SP WIDTH="15" VPOS="460" HPOS="212"/>
							<String ID="string_68" HPOS="227" VPOS="461" WIDTH="103" HEIGHT="28" WC="0.93" CONTENT="ohejdadt"/><SP WIDTH="15" VPOS="461" HPOS="330"/>
							<String ID="string_69" HPOS="345" VPOS="461" WIDTH="77" HEIGHT="27" WC="0.96" CONTENT="fortgå,"/><SP WIDTH="16" VPOS="461" HPOS="422"/>
							<String ID="string_70" HPOS="438" VPOS="460" WIDTH="7" HEIGHT="21" WC="0.96" CONTENT="i"/><SP WIDTH="15" VPOS="460" HPOS="445"/>
							<String ID="string_71" HPOS="460" VPOS="467" WIDTH="27" HEIGHT="15" WC="0.93" CONTENT="en"/><SP WIDTH="10" VPOS="467" HPOS="487"/>
							<String ID="string_72" HPOS="497" VPOS="460" WIDTH="49" HEIGHT="22" WC="0.96" CONTENT="icke"/><SP WIDTH="11" VPOS="460" HPOS="546"/>
							<String ID="string_73" HPOS="557" VPOS="461" WIDTH="24" HEIGHT="21" WC="0.93" CONTENT="sä"/><SP WIDTH="10" VPOS="461" HPOS="581"/>
							<String ID="string_74" HPOS="591" VPOS="461" WIDTH="97" HEIGHT="27" WC="0.92" CONTENT="aflägsen"/><SP WIDTH="11" VPOS="461" HPOS="688"/>
							<String ID="string_75" HPOS="699" VPOS="460" WIDTH="88" HEIGHT="22" WC="0.96" CONTENT="framtid"/><SP WIDTH="10" VPOS="460" HPOS="787"/>
							<String ID="string_76" HPOS="797" VPOS="461" WIDTH="70" HEIGHT="21" WC="0.96" CONTENT="måste"/>
						</TextLine>
						<TextLine ID="line_10" HPOS="117" VPOS="495" WIDTH="749" HEIGHT="28">
							<String ID="string_77" HPOS="117" VPOS="495" WIDTH="98" HEIGHT="28" WC="0.94" CONTENT="upphöra"/><SP WIDTH="22" VPOS="495" HPOS="215"/>
							<String ID="string_78" HPOS="237" VPOS="496" WIDTH="32" HEIGHT="20" WC="0.96" CONTENT="att"/><SP WIDTH="19" VPOS="496" HPOS="269"/>
							<String ID="string_79" HPOS="288" VPOS="495" WIDTH="53" HEIGHT="28" WC="0.96" CONTENT="fylla"/><SP WIDTH="20" VPOS="495" HPOS="341"/>
							<String ID="string_80" HPOS="361" VPOS="495" WIDTH="34" HEIGHT="21" WC="0.96" CONTENT="sin"/><SP WIDTH="20" VPOS="495" HPOS="395"/>
							<String ID="string_81" HPOS="415" VPOS="495" WIDTH="153" HEIGHT="21" WC="0.96" CONTENT="bestämmelse"/><SP WIDTH="22" VPOS="495" HPOS="568"/>
							<String ID="string_82" HPOS="590" VPOS="495" WIDTH="59" HEIGHT="21" WC="0.96" CONTENT="såväl"/><SP WIDTH="20" VPOS="495" HPOS="649"/>
							<String ID="string_83" HPOS="669" VPOS="496" WIDTH="8" HEIGHT="20" WC="0.96" CONTENT="i"/><SP WIDTH="19" VPOS="496" HPOS="677"/>
							<String ID="string_84" HPOS="696" VPOS="496" WIDTH="104" HEIGHT="20" WC="0.96" CONTENT="naturens"/><SP WIDTH="20" VPOS="496" HPOS="800"/>
							<String ID="string_85" HPOS="820" VPOS="502" WIDTH="46" HEIGHT="14" WC="0.96" CONTENT="som"/>
						</TextLine>
						<TextLine ID="line_11" HPOS="116" VPOS="529" WIDTH="751" HEIGHT="29">
							<String ID="string_86" HPOS="116" VPOS="530" WIDTH="80" HEIGHT="21" WC="0.96" CONTENT="folkets"/><SP WIDTH="20" VPOS="530" HPOS="196"/>
							<String ID="string_87" HPOS="216" VPOS="529" WIDTH="144" HEIGHT="28" WC="0.88" CONTENT="hushållning."/><SP WIDTH="30" VPOS="529" HPOS="360"/>
							<String ID="string_88" HPOS="390" VPOS="530" WIDTH="43" HEIGHT="27" WC="0.96" CONTENT="Jag"/><SP WIDTH="18" VPOS="530" HPOS="433"/>
							<String ID="string_89" HPOS="451" VPOS="530" WIDTH="67" HEIGHT="27" WC="0.93" CONTENT="vågar"/><SP WIDTH="18" VPOS="530" HPOS="518"/>
							<String ID="string_90" HPOS="536" VPOS="529" WIDTH="86" HEIGHT="22" WC="0.92" CONTENT="derföre"/><SP WIDTH="16" VPOS="529" HPOS="622"/>
							<String ID="string_91" HPOS="638" VPOS="530" WIDTH="83" HEIGHT="28" WC="0.96" CONTENT="hoppas"/><SP WIDTH="15" VPOS="530" HPOS="721"/>
							<String ID="string_92" HPOS="736" VPOS="531" WIDTH="32" HEIGHT="20" WC="0.96" CONTENT="att"/><SP WIDTH="13" VPOS="531" HPOS="768"/>
							<String ID="string_93" HPOS="781" VPOS="530" WIDTH="86" HEIGHT="21" WC="0.96" CONTENT="ståndet"/>
						</TextLine>
						<TextLine ID="line_12" HPOS="116" VPOS="564" WIDTH="749" HEIGHT="28">
							<String ID="string_94" HPOS="116" VPOS="565" WIDTH="7" HEIGHT="20" WC="0.96" CONTENT="i"/><SP WIDTH="21" VPOS="565" HPOS="123"/>
							<String ID="string_95" HPOS="144" VPOS="564" WIDTH="33" HEIGHT="21" WC="0.96" CONTENT="sin"/><SP WIDTH="20" VPOS="564" HPOS="177"/>
							<String ID="string_96" HPOS="197" VPOS="564" WIDTH="74" HEIGHT="21" WC="0.96" CONTENT="helhet"/><SP WIDTH="20" VPOS="564" HPOS="271"/>
							<String ID="string_97" HPOS="291" VPOS="564" WIDTH="55" HEIGHT="21" WC="0.89" CONTENT="skall"/><SP WIDTH="20" VPOS="564" HPOS="346"/>
							<String ID="string_98" HPOS="366" VPOS="564" WIDTH="132" HEIGHT="21" WC="0.92" CONTENT="understöda"/><SP WIDTH="18" VPOS="564" HPOS="498"/>
							<String ID="string_99" HPOS="516" VPOS="564" WIDTH="51" HEIGHT="21" WC="0.96" CONTENT="herr"/><SP WIDTH="14" VPOS="564" HPOS="567"/>
							<String ID="string_100" HPOS="581" VPOS="571" WIDTH="43" HEIGHT="14" WC="0.93" CONTENT="von"/><SP WIDTH="15" VPOS="571" HPOS="624"/>
							<String ID="string_101" HPOS="639" VPOS="564" WIDTH="168" HEIGHT="28" WC="0.91" CONTENT="Weissenbergs"/><SP WIDTH="15" VPOS="564" HPOS="807"/>
							<String ID="string_102" HPOS="822" VPOS="565" WIDTH="43" HEIGHT="20" WC="0.93" CONTENT="för-"/>
						</TextLine>
						<TextLine ID="line_13" HPOS="117" VPOS="598" WIDTH="748" HEIGHT="29">
							<String ID="string_103" HPOS="117" VPOS="599" WIDTH="47" HEIGHT="28" WC="0.95" CONTENT="slag"/><SP WIDTH="19" VPOS="599" HPOS="164"/>
							<String ID="string_104" HPOS="183" VPOS="599" WIDTH="33" HEIGHT="20" WC="0.93" CONTENT="till"/><SP WIDTH="14" VPOS="599" HPOS="216"/>
							<String ID="string_105" HPOS="230" VPOS="598" WIDTH="136" HEIGHT="28" WC="0.92" CONTENT="underdånig"/><SP WIDTH="14" VPOS="598" HPOS="366"/>
							<String ID="string_106" HPOS="380" VPOS="598" WIDTH="93" HEIGHT="29" WC="0.96" CONTENT="petition"/><SP WIDTH="16" VPOS="598" HPOS="473"/>
							<String ID="string_107" HPOS="489" VPOS="605" WIDTH="34" HEIGHT="14" WC="0.97" CONTENT="om"/><SP WIDTH="16" VPOS="605" HPOS="523"/>
							<String ID="string_108" HPOS="539" VPOS="598" WIDTH="77" HEIGHT="28" WC="0.87" CONTENT="åtgärd"/><SP WIDTH="14" VPOS="598" HPOS="616"/>
							<String ID="string_109" HPOS="630" VPOS="598" WIDTH="90" HEIGHT="27" WC="0.91" CONTENT="derhän,"/><SP WIDTH="16" VPOS="598" HPOS="720"/>
							<String ID="string_110" HPOS="736" VPOS="600" WIDTH="32" HEIGHT="20" WC="0.96" CONTENT="att"/><SP WIDTH="15" VPOS="600" HPOS="768"/>
							<String ID="string_111" HPOS="783" VPOS="599" WIDTH="82" HEIGHT="27" WC="0.96" CONTENT="skogen"/>
						</TextLine>
						<TextLine ID="line_14" HPOS="116" VPOS="632" WIDTH="749" HEIGHT="29">
							<String ID="string_112" HPOS="116" VPOS="633" WIDTH="132" HEIGHT="21" WC="0.93" CONTENT="åtminstone"/><SP WIDTH="15" VPOS="633" HPOS="248"/>
							<String ID="string_113" HPOS="263" VPOS="633" WIDTH="13" HEIGHT="21" WC="0.93" CONTENT="&amp;"/><SP WIDTH="15" VPOS="633" HPOS="276"/>
							<String ID="string_114" HPOS="291" VPOS="633" WIDTH="171" HEIGHT="21" WC="0.92" CONTENT="kronohemman"/><SP WIDTH="15" VPOS="633" HPOS="462"/>
							<String ID="string_115" HPOS="477" VPOS="633" WIDTH="73" HEIGHT="21" WC="0.91" CONTENT="blefve"/><SP WIDTH="15" VPOS="633" HPOS="550"/>
							<String ID="string_116" HPOS="565" VPOS="632" WIDTH="97" HEIGHT="29" WC="0.96" CONTENT="skyddad"/><SP WIDTH="15" VPOS="632" HPOS="662"/>
							<String ID="string_117" HPOS="677" VPOS="633" WIDTH="34" HEIGHT="20" WC="0.96" CONTENT="för"/><SP WIDTH="14" VPOS="633" HPOS="711"/>
							<String ID="string_118" HPOS="725" VPOS="633" WIDTH="37" HEIGHT="20" WC="0.93" CONTENT="det"/><SP WIDTH="12" VPOS="633" HPOS="762"/>
							<String ID="string_119" HPOS="774" VPOS="633" WIDTH="91" HEIGHT="21" WC="0.92" CONTENT="förderf-"/>
						</TextLine>
						<TextLine ID="line_15" HPOS="116" VPOS="666" WIDTH="750" HEIGHT="28">
							<String ID="string_120" HPOS="116" VPOS="667" WIDTH="45" HEIGHT="27" WC="0.93" CONTENT="liga"/><SP WIDTH="17" VPOS="667" HPOS="161"/>
							<String ID="string_121" HPOS="178" VPOS="667" WIDTH="134" HEIGHT="27" WC="0.91" CONTENT="svedjandet."/><SP WIDTH="30" VPOS="667" HPOS="312"/>
							<String ID="string_122" HPOS="342" VPOS="667" WIDTH="51" HEIGHT="20" WC="0.96" CONTENT="Men"/><SP WIDTH="15" VPOS="667" HPOS="393"/>
							<String ID="string_123" HPOS="408" VPOS="667" WIDTH="28" HEIGHT="20" WC="0.96" CONTENT="dä"/><SP WIDTH="12" VPOS="667" HPOS="436"/>
							<String ID="string_124" HPOS="448" VPOS="667" WIDTH="39" HEIGHT="27" WC="0.93" CONTENT="jag"/><SP WIDTH="15" VPOS="667" HPOS="487"/>
							<String ID="string_125" HPOS="502" VPOS="667" WIDTH="13" HEIGHT="20" WC="0.93" CONTENT="&amp;"/><SP WIDTH="15" VPOS="667" HPOS="515"/>
							<String ID="string_126" HPOS="530" VPOS="673" WIDTH="41" HEIGHT="15" WC="0.96" CONTENT="ena"/><SP WIDTH="15" VPOS="673" HPOS="571"/>
							<String ID="string_127" HPOS="586" VPOS="666" WIDTH="62" HEIGHT="21" WC="0.93" CONTENT="sidan"/><SP WIDTH="15" VPOS="666" HPOS="648"/>
							<String ID="string_128" HPOS="663" VPOS="667" WIDTH="49" HEIGHT="20" WC="0.92" CONTENT="icke"/><SP WIDTH="15" VPOS="667" HPOS="712"/>
							<String ID="string_129" HPOS="727" VPOS="667" WIDTH="43" HEIGHT="20" WC="0.93" CONTENT="kan"/><SP WIDTH="15" VPOS="667" HPOS="770"/>
							<String ID="string_130" HPOS="785" VPOS="667" WIDTH="81" HEIGHT="21" WC="0.92" CONTENT="förbise"/>
						</TextLine>
						<TextLine ID="line_16" HPOS="116" VPOS="700" WIDTH="749" HEIGHT="28">
							<String ID="string_131" HPOS="116" VPOS="702" WIDTH="27" HEIGHT="20" WC="0.92" CONTENT="de"/><SP WIDTH="21" VPOS="702" HPOS="143"/>
							<String ID="string_132" HPOS="164" VPOS="701" WIDTH="141" HEIGHT="27" WC="0.91" CONTENT="svärigheter,"/><SP WIDTH="21" VPOS="701" HPOS="305"/>
							<String ID="string_133" HPOS="326" VPOS="707" WIDTH="46" HEIGHT="14" WC="0.96" CONTENT="som"/><SP WIDTH="16" VPOS="707" HPOS="372"/>
							<String ID="string_134" HPOS="388" VPOS="700" WIDTH="50" HEIGHT="21" WC="0.93" CONTENT="med"/><SP WIDTH="15" VPOS="700" HPOS="438"/>
							<String ID="string_135" HPOS="453" VPOS="700" WIDTH="115" HEIGHT="28" WC="0.93" CONTENT="förslagets"/><SP WIDTH="15" VPOS="700" HPOS="568"/>
							<String ID="string_136" HPOS="583" VPOS="700" WIDTH="171" HEIGHT="28" WC="0.92" CONTENT="genomförande"/><SP WIDTH="15" VPOS="700" HPOS="754"/>
							<String ID="string_137" HPOS="769" VPOS="702" WIDTH="37" HEIGHT="20" WC="0.92" CONTENT="äro"/><SP WIDTH="16" VPOS="702" HPOS="806"/>
							<String ID="string_138" HPOS="822" VPOS="701" WIDTH="43" HEIGHT="21" WC="0.93" CONTENT="för-"/>
						</TextLine>
						<TextLine ID="line_17" HPOS="116" VPOS="734" WIDTH="750" HEIGHT="29">
							<String ID="string_139" HPOS="116" VPOS="735" WIDTH="120" HEIGHT="28" WC="0.91" CONTENT="knippade,"/><SP WIDTH="20" VPOS="735" HPOS="236"/>
							<String ID="string_140" HPOS="256" VPOS="734" WIDTH="75" HEIGHT="22" WC="0.92" CONTENT="sävida"/><SP WIDTH="19" VPOS="734" HPOS="331"/>
							<String ID="string_141" HPOS="350" VPOS="734" WIDTH="129" HEIGHT="28" WC="0.92" CONTENT="svedjandet"/><SP WIDTH="14" VPOS="734" HPOS="479"/>
							<String ID="string_142" HPOS="493" VPOS="734" WIDTH="37" HEIGHT="22" WC="0.93" CONTENT="vid"/><SP WIDTH="15" VPOS="734" HPOS="530"/>
							<String ID="string_143" HPOS="545" VPOS="734" WIDTH="193" HEIGHT="28" WC="0.92" CONTENT="skattläggningen"/><SP WIDTH="16" VPOS="734" HPOS="738"/>
							<String ID="string_144" HPOS="754" VPOS="735" WIDTH="112" HEIGHT="27" WC="0.91" CONTENT="uttryckli-"/>
						</TextLine>
						<TextLine ID="line_18" HPOS="116" VPOS="768" WIDTH="750" HEIGHT="30">
							<String ID="string_145" HPOS="116" VPOS="776" WIDTH="43" HEIGHT="22" WC="0.93" CONTENT="gen"/><SP WIDTH="22" VPOS="776" HPOS="159"/>
							<String ID="string_146" HPOS="181" VPOS="769" WIDTH="71" HEIGHT="21" WC="0.93" CONTENT="blifvit"/><SP WIDTH="23" VPOS="769" HPOS="252"/>
							<String ID="string_147" HPOS="275" VPOS="769" WIDTH="70" HEIGHT="21" WC="0.87" CONTENT="såsom"/><SP WIDTH="26" VPOS="769" HPOS="345"/>
							<String ID="string_148" HPOS="371" VPOS="768" WIDTH="227" HEIGHT="29" WC="0.91" CONTENT="sädesproducerande"/><SP WIDTH="23" VPOS="768" HPOS="598"/>
							<String ID="string_149" HPOS="621" VPOS="768" WIDTH="111" HEIGHT="22" WC="0.96" CONTENT="beräknad"/><SP WIDTH="22" VPOS="768" HPOS="732"/>
							<String ID="string_150" HPOS="754" VPOS="769" WIDTH="40" HEIGHT="21" WC="0.96" CONTENT="och"/><SP WIDTH="22" VPOS="769" HPOS="794"/>
							<String ID="string_151" HPOS="816" VPOS="769" WIDTH="50" HEIGHT="21" WC="0.96" CONTENT="dess"/>
						</TextLine>
						<TextLine ID="line_19" HPOS="117" VPOS="802" WIDTH="749" HEIGHT="30">
							<String ID="string_152" HPOS="117" VPOS="804" WIDTH="141" HEIGHT="28" WC="0.91" CONTENT="upphörande"/><SP WIDTH="16" VPOS="804" HPOS="258"/>
							<String ID="string_153" HPOS="274" VPOS="803" WIDTH="83" HEIGHT="21" WC="0.92" CONTENT="säledes"/><SP WIDTH="16" VPOS="803" HPOS="357"/>
							<String ID="string_154" HPOS="373" VPOS="802" WIDTH="84" HEIGHT="22" WC="0.96" CONTENT="fordrar"/><SP WIDTH="14" VPOS="802" HPOS="457"/>
							<String ID="string_155" HPOS="471" VPOS="810" WIDTH="26" HEIGHT="14" WC="0.92" CONTENT="en"/><SP WIDTH="12" VPOS="810" HPOS="497"/>
							<String ID="string_156" HPOS="509" VPOS="802" WIDTH="132" HEIGHT="28" WC="0.91" CONTENT="föregäende"/><SP WIDTH="15" VPOS="802" HPOS="641"/>
							<String ID="string_157" HPOS="656" VPOS="802" WIDTH="210" HEIGHT="29" WC="0.92" CONTENT="skatteförmedling,"/>
						</TextLine>
						<TextLine ID="line_20" HPOS="117" VPOS="836" WIDTH="749" HEIGHT="29">
							<String ID="string_158" HPOS="117" VPOS="840" WIDTH="56" HEIGHT="20" WC="0.92" CONTENT="samt"/><SP WIDTH="19" VPOS="840" HPOS="173"/>
							<String ID="string_159" HPOS="192" VPOS="838" WIDTH="12" HEIGHT="21" WC="0.92" CONTENT="&amp;"/><SP WIDTH="18" VPOS="838" HPOS="204"/>
							<String ID="string_160" HPOS="222" VPOS="838" WIDTH="41" HEIGHT="21" WC="0.96" CONTENT="den"/><SP WIDTH="16" VPOS="838" HPOS="263"/>
							<String ID="string_161" HPOS="279" VPOS="838" WIDTH="68" HEIGHT="20" WC="0.93" CONTENT="andra"/><SP WIDTH="15" VPOS="838" HPOS="347"/>
							<String ID="string_162" HPOS="362" VPOS="839" WIDTH="61" HEIGHT="26" WC="0.92" CONTENT="tager"/><SP WIDTH="15" VPOS="839" HPOS="423"/>
							<String ID="string_163" HPOS="438" VPOS="837" WIDTH="8" HEIGHT="21" WC="0.93" CONTENT="i"/><SP WIDTH="15" VPOS="837" HPOS="446"/>
							<String ID="string_164" HPOS="461" VPOS="836" WIDTH="143" HEIGHT="22" WC="0.92" CONTENT="betraktande"/><SP WIDTH="15" VPOS="836" HPOS="604"/>
							<String ID="string_165" HPOS="619" VPOS="838" WIDTH="32" HEIGHT="20" WC="0.93" CONTENT="att"/><SP WIDTH="15" VPOS="838" HPOS="651"/>
							<String ID="string_166" HPOS="666" VPOS="837" WIDTH="125" HEIGHT="28" WC="0.92" CONTENT="derigenom"/><SP WIDTH="15" VPOS="837" HPOS="791"/>
							<String ID="string_167" HPOS="806" VPOS="837" WIDTH="7" HEIGHT="20" WC="0.96" CONTENT="i"/><SP WIDTH="16" VPOS="837" HPOS="813"/>
							<String ID="string_168" HPOS="829" VPOS="837" WIDTH="37" HEIGHT="21" WC="0.96" CONTENT="det"/>
						</TextLine>
						<TextLine ID="line_21" HPOS="116" VPOS="871" WIDTH="749" HEIGHT="29">
							<String ID="string_169" HPOS="116" VPOS="873" WIDTH="50" HEIGHT="21" WC="0.96" CONTENT="hela"/><SP WIDTH="16" VPOS="873" HPOS="166"/>
							<String ID="string_170" HPOS="182" VPOS="873" WIDTH="83" HEIGHT="27" WC="0.96" CONTENT="ganska"/><SP WIDTH="14" VPOS="873" HPOS="265"/>
							<String ID="string_171" HPOS="279" VPOS="872" WIDTH="48" HEIGHT="21" WC="0.97" CONTENT="litet"/><SP WIDTH="14" VPOS="872" HPOS="327"/>
							<String ID="string_172" HPOS="341" VPOS="872" WIDTH="44" HEIGHT="21" WC="0.93" CONTENT="kan"/><SP WIDTH="10" VPOS="872" HPOS="385"/>
							<String ID="string_173" HPOS="395" VPOS="871" WIDTH="84" HEIGHT="27" WC="0.92" CONTENT="vinnas,"/><SP WIDTH="12" VPOS="871" HPOS="479"/>
							<String ID="string_174" HPOS="491" VPOS="872" WIDTH="24" HEIGHT="21" WC="0.95" CONTENT="sä"/><SP WIDTH="9" VPOS="872" HPOS="515"/>
							<String ID="string_175" HPOS="524" VPOS="872" WIDTH="65" HEIGHT="28" WC="0.96" CONTENT="länge"/><SP WIDTH="11" VPOS="872" HPOS="589"/>
							<String ID="string_176" HPOS="600" VPOS="871" WIDTH="36" HEIGHT="21" WC="0.93" CONTENT="det"/><SP WIDTH="10" VPOS="871" HPOS="636"/>
							<String ID="string_177" HPOS="646" VPOS="871" WIDTH="45" HEIGHT="21" WC="0.92" CONTENT="stär"/><SP WIDTH="10" VPOS="871" HPOS="691"/>
							<String ID="string_178" HPOS="701" VPOS="871" WIDTH="75" HEIGHT="28" WC="0.93" CONTENT="hvarje"/><SP WIDTH="11" VPOS="871" HPOS="776"/>
							<String ID="string_179" HPOS="787" VPOS="872" WIDTH="78" HEIGHT="20" WC="0.91" CONTENT="krono-"/>
						</TextLine>
						<TextLine ID="line_22" HPOS="116" VPOS="905" WIDTH="750" HEIGHT="30">
							<String ID="string_180" HPOS="116" VPOS="907" WIDTH="114" HEIGHT="28" WC="0.91" CONTENT="lägenhets"/><SP WIDTH="15" VPOS="907" HPOS="230"/>
							<String ID="string_181" HPOS="245" VPOS="906" WIDTH="142" HEIGHT="22" WC="0.87" CONTENT="innehafvare"/><SP WIDTH="14" VPOS="906" HPOS="387"/>
							<String ID="string_182" HPOS="401" VPOS="906" WIDTH="48" HEIGHT="21" WC="0.96" CONTENT="fritt"/><SP WIDTH="15" VPOS="906" HPOS="449"/>
							<String ID="string_183" HPOS="464" VPOS="907" WIDTH="32" HEIGHT="19" WC="0.96" CONTENT="att"/><SP WIDTH="15" VPOS="907" HPOS="496"/>
							<String ID="string_184" HPOS="511" VPOS="907" WIDTH="39" HEIGHT="19" WC="0.96" CONTENT="när"/><SP WIDTH="15" VPOS="907" HPOS="550"/>
							<String ID="string_185" HPOS="565" VPOS="912" WIDTH="46" HEIGHT="14" WC="0.96" CONTENT="som"/><SP WIDTH="10" VPOS="912" HPOS="611"/>
							<String ID="string_186" HPOS="621" VPOS="905" WIDTH="58" HEIGHT="21" WC="0.93" CONTENT="helst"/><SP WIDTH="11" VPOS="905" HPOS="679"/>
							<String ID="string_187" HPOS="690" VPOS="906" WIDTH="128" HEIGHT="28" WC="0.93" CONTENT="skatteköpa"/><SP WIDTH="11" VPOS="906" HPOS="818"/>
							<String ID="string_188" HPOS="829" VPOS="906" WIDTH="37" HEIGHT="21" WC="0.97" CONTENT="sitt"/>
						</TextLine>
						<TextLine ID="line_23" HPOS="116" VPOS="940" WIDTH="749" HEIGHT="28">
							<String ID="string_189" HPOS="116" VPOS="942" WIDTH="101" HEIGHT="21" WC="0.89" CONTENT="hemman"/><SP WIDTH="21" VPOS="942" HPOS="217"/>
							<String ID="string_190" HPOS="238" VPOS="941" WIDTH="39" HEIGHT="21" WC="0.93" CONTENT="och"/><SP WIDTH="20" VPOS="941" HPOS="277"/>
							<String ID="string_191" HPOS="297" VPOS="941" WIDTH="127" HEIGHT="27" WC="0.92" CONTENT="derigenom"/><SP WIDTH="21" VPOS="941" HPOS="424"/>
							<String ID="string_192" HPOS="445" VPOS="940" WIDTH="109" HEIGHT="21" WC="0.90" CONTENT="förvärfva"/><SP WIDTH="20" VPOS="940" HPOS="554"/>
							<String ID="string_193" HPOS="574" VPOS="940" WIDTH="33" HEIGHT="28" WC="0.96" CONTENT="sig"/><SP WIDTH="21" VPOS="940" HPOS="607"/>
							<String ID="string_194" HPOS="628" VPOS="941" WIDTH="43" HEIGHT="20" WC="0.96" CONTENT="rätt"/><SP WIDTH="15" VPOS="941" HPOS="671"/>
							<String ID="string_195" HPOS="686" VPOS="942" WIDTH="32" HEIGHT="19" WC="0.96" CONTENT="att"/><SP WIDTH="14" VPOS="942" HPOS="718"/>
							<String ID="string_196" HPOS="732" VPOS="940" WIDTH="57" HEIGHT="20" WC="0.93" CONTENT="efter"/><SP WIDTH="14" VPOS="940" HPOS="789"/>
							<String ID="string_197" HPOS="803" VPOS="940" WIDTH="62" HEIGHT="28" WC="0.93" CONTENT="godt-"/>
						</TextLine>
						<TextLine ID="line_24" HPOS="117" VPOS="974" WIDTH="748" HEIGHT="28">
							<String ID="string_198" HPOS="117" VPOS="976" WIDTH="101" HEIGHT="22" WC="0.92" CONTENT="finnande"/><SP WIDTH="20" VPOS="976" HPOS="218"/>
							<String ID="string_199" HPOS="238" VPOS="976" WIDTH="82" HEIGHT="20" WC="0.93" CONTENT="förfara"/><SP WIDTH="19" VPOS="976" HPOS="320"/>
							<String ID="string_200" HPOS="339" VPOS="974" WIDTH="50" HEIGHT="22" WC="0.96" CONTENT="med"/><SP WIDTH="20" VPOS="974" HPOS="389"/>
							<String ID="string_201" HPOS="409" VPOS="975" WIDTH="34" HEIGHT="21" WC="0.96" CONTENT="sin"/><SP WIDTH="20" VPOS="975" HPOS="443"/>
							<String ID="string_202" HPOS="463" VPOS="974" WIDTH="64" HEIGHT="28" WC="0.96" CONTENT="skog,"/><SP WIDTH="21" VPOS="974" HPOS="527"/>
							<String ID="string_203" HPOS="548" VPOS="974" WIDTH="41" HEIGHT="21" WC="0.96" CONTENT="kan"/><SP WIDTH="14" VPOS="974" HPOS="589"/>
							<String ID="string_204" HPOS="603" VPOS="974" WIDTH="40" HEIGHT="28" WC="0.96" CONTENT="jag"/><SP WIDTH="15" VPOS="974" HPOS="643"/>
							<String ID="string_205" HPOS="658" VPOS="974" WIDTH="34" HEIGHT="21" WC="0.96" CONTENT="för"/><SP WIDTH="14" VPOS="974" HPOS="692"/>
							<String ID="string_206" HPOS="706" VPOS="974" WIDTH="46" HEIGHT="20" WC="0.96" CONTENT="min"/><SP WIDTH="15" VPOS="974" HPOS="752"/>
							<String ID="string_207" HPOS="767" VPOS="974" WIDTH="34" HEIGHT="21" WC="0.93" CONTENT="del"/><SP WIDTH="16" VPOS="974" HPOS="801"/>
							<String ID="string_208" HPOS="817" VPOS="974" WIDTH="48" HEIGHT="22" WC="0.92" CONTENT="icke"/>
						</TextLine>
						<TextLine ID="line_25" HPOS="116" VPOS="1008" WIDTH="750" HEIGHT="28">
							<String ID="string_209" HPOS="116" VPOS="1018" WIDTH="51" HEIGHT="13" WC="0.93" CONTENT="anse"/><SP WIDTH="21" VPOS="1018" HPOS="167"/>
							<String ID="string_210" HPOS="188" VPOS="1010" WIDTH="119" HEIGHT="21" WC="0.92" CONTENT="detsamma"/><SP WIDTH="20" VPOS="1010" HPOS="307"/>
							<String ID="string_211" HPOS="327" VPOS="1008" WIDTH="215" HEIGHT="28" WC="0.89" CONTENT="tillfyllestgörande;"/><SP WIDTH="23" VPOS="1008" HPOS="542"/>
							<String ID="string_212" HPOS="565" VPOS="1008" WIDTH="101" HEIGHT="21" WC="0.92" CONTENT="hvarföre"/><SP WIDTH="17" VPOS="1008" HPOS="666"/>
							<String ID="string_213" HPOS="683" VPOS="1009" WIDTH="41" HEIGHT="26" WC="0.92" CONTENT="jag"/><SP WIDTH="19" VPOS="1009" HPOS="724"/>
							<String ID="string_214" HPOS="743" VPOS="1008" WIDTH="63" HEIGHT="21" WC="0.92" CONTENT="utber"/><SP WIDTH="15" VPOS="1008" HPOS="806"/>
							<String ID="string_215" HPOS="821" VPOS="1008" WIDTH="45" HEIGHT="28" WC="0.96" CONTENT="mig"/>
						</TextLine>
						<TextLine ID="line_26" HPOS="116" VPOS="1042" WIDTH="749" HEIGHT="29">
							<String ID="string_216" HPOS="116" VPOS="1046" WIDTH="32" HEIGHT="19" WC="0.95" CONTENT="att"/><SP WIDTH="16" VPOS="1046" HPOS="148"/>
							<String ID="string_217" HPOS="164" VPOS="1044" WIDTH="32" HEIGHT="21" WC="0.93" CONTENT="till"/><SP WIDTH="15" VPOS="1044" HPOS="196"/>
							<String ID="string_218" HPOS="211" VPOS="1044" WIDTH="118" HEIGHT="27" WC="0.92" CONTENT="högloflige"/><SP WIDTH="15" VPOS="1044" HPOS="329"/>
							<String ID="string_219" HPOS="344" VPOS="1043" WIDTH="151" HEIGHT="27" WC="0.91" CONTENT="ridderskapet"/><SP WIDTH="16" VPOS="1043" HPOS="495"/>
							<String ID="string_220" HPOS="511" VPOS="1042" WIDTH="39" HEIGHT="21" WC="0.93" CONTENT="och"/><SP WIDTH="11" VPOS="1042" HPOS="550"/>
							<String ID="string_221" HPOS="561" VPOS="1042" WIDTH="64" HEIGHT="21" WC="0.92" CONTENT="adeln"/><SP WIDTH="11" VPOS="1042" HPOS="625"/>
							<String ID="string_222" HPOS="636" VPOS="1042" WIDTH="22" HEIGHT="21" WC="0.92" CONTENT="fä"/><SP WIDTH="10" VPOS="1042" HPOS="658"/>
							<String ID="string_223" HPOS="668" VPOS="1042" WIDTH="121" HEIGHT="27" WC="0.93" CONTENT="hemställa,"/><SP WIDTH="12" VPOS="1042" HPOS="789"/>
							<String ID="string_224" HPOS="801" VPOS="1042" WIDTH="64" HEIGHT="21" WC="0.93" CONTENT="huru-"/>
						</TextLine>
						<TextLine ID="line_27" HPOS="116" VPOS="1076" WIDTH="749" HEIGHT="29">
							<String ID="string_225" HPOS="116" VPOS="1079" WIDTH="50" HEIGHT="21" WC="0.93" CONTENT="vida"/><SP WIDTH="15" VPOS="1079" HPOS="166"/>
							<String ID="string_226" HPOS="181" VPOS="1078" WIDTH="48" HEIGHT="21" WC="0.92" CONTENT="icke"/><SP WIDTH="16" VPOS="1078" HPOS="229"/>
							<String ID="string_227" HPOS="245" VPOS="1078" WIDTH="32" HEIGHT="21" WC="0.96" CONTENT="till"/><SP WIDTH="16" VPOS="1078" HPOS="277"/>
							<String ID="string_228" HPOS="293" VPOS="1077" WIDTH="42" HEIGHT="21" WC="0.95" CONTENT="den"/><SP WIDTH="15" VPOS="1077" HPOS="335"/>
							<String ID="string_229" HPOS="350" VPOS="1077" WIDTH="23" HEIGHT="21" WC="0.93" CONTENT="af"/><SP WIDTH="13" VPOS="1077" HPOS="373"/>
							<String ID="string_230" HPOS="386" VPOS="1077" WIDTH="51" HEIGHT="21" WC="0.93" CONTENT="herr"/><SP WIDTH="14" VPOS="1077" HPOS="437"/>
							<String ID="string_231" HPOS="451" VPOS="1083" WIDTH="42" HEIGHT="15" WC="0.96" CONTENT="von"/><SP WIDTH="11" VPOS="1083" HPOS="493"/>
							<String ID="string_232" HPOS="504" VPOS="1076" WIDTH="158" HEIGHT="28" WC="0.96" CONTENT="Weissenberg"/><SP WIDTH="14" VPOS="1076" HPOS="662"/>
							<String ID="string_233" HPOS="676" VPOS="1076" WIDTH="125" HEIGHT="28" WC="0.93" CONTENT="föreslagna"/><SP WIDTH="9" VPOS="1076" HPOS="801"/>
							<String ID="string_234" HPOS="810" VPOS="1077" WIDTH="55" HEIGHT="28" WC="0.92" CONTENT="peti-"/>
						</TextLine>
						<TextLine ID="line_28" HPOS="116" VPOS="1110" WIDTH="749" HEIGHT="29">
							<String ID="string_235" HPOS="116" VPOS="1113" WIDTH="74" HEIGHT="22" WC="0.93" CONTENT="tionen"/><SP WIDTH="20" VPOS="1113" HPOS="190"/>
							<String ID="string_236" HPOS="210" VPOS="1112" WIDTH="72" HEIGHT="21" WC="0.96" CONTENT="kunde"/><SP WIDTH="20" VPOS="1112" HPOS="282"/>
							<String ID="string_237" HPOS="302" VPOS="1111" WIDTH="40" HEIGHT="22" WC="0.96" CONTENT="och"/><SP WIDTH="15" VPOS="1111" HPOS="342"/>
							<String ID="string_238" HPOS="357" VPOS="1111" WIDTH="67" HEIGHT="21" WC="0.93" CONTENT="borde"/><SP WIDTH="16" VPOS="1111" HPOS="424"/>
							<String ID="string_239" HPOS="440" VPOS="1111" WIDTH="75" HEIGHT="28" WC="0.91" CONTENT="läggas"/><SP WIDTH="15" VPOS="1111" HPOS="515"/>
							<String ID="string_240" HPOS="530" VPOS="1117" WIDTH="28" HEIGHT="15" WC="0.93" CONTENT="en"/><SP WIDTH="15" VPOS="1117" HPOS="558"/>
							<String ID="string_241" HPOS="573" VPOS="1110" WIDTH="102" HEIGHT="22" WC="0.93" CONTENT="anhällan"/><SP WIDTH="14" VPOS="1110" HPOS="675"/>
							<String ID="string_242" HPOS="689" VPOS="1110" WIDTH="81" HEIGHT="27" WC="0.92" CONTENT="derom,"/><SP WIDTH="15" VPOS="1110" HPOS="770"/>
							<String ID="string_243" HPOS="785" VPOS="1112" WIDTH="32" HEIGHT="19" WC="0.93" CONTENT="att"/><SP WIDTH="15" VPOS="1112" HPOS="817"/>
							<String ID="string_244" HPOS="832" VPOS="1117" WIDTH="33" HEIGHT="14" WC="0.92" CONTENT="re-"/>
						</TextLine>
						<TextLine ID="line_29" HPOS="116" VPOS="1144" WIDTH="749" HEIGHT="32">
							<String ID="string_245" HPOS="116" VPOS="1148" WIDTH="106" HEIGHT="28" WC="0.92" CONTENT="geringen"/><SP WIDTH="13" VPOS="1148" HPOS="222"/>
							<String ID="string_246" HPOS="235" VPOS="1146" WIDTH="83" HEIGHT="29" WC="0.89" CONTENT="jemväl"/><SP WIDTH="15" VPOS="1146" HPOS="318"/>
							<String ID="string_247" HPOS="333" VPOS="1146" WIDTH="51" HEIGHT="21" WC="0.96" CONTENT="ville"/><SP WIDTH="15" VPOS="1146" HPOS="384"/>
							<String ID="string_248" HPOS="399" VPOS="1153" WIDTH="52" HEIGHT="14" WC="0.93" CONTENT="vara"/><SP WIDTH="14" VPOS="1153" HPOS="451"/>
							<String ID="string_249" HPOS="465" VPOS="1145" WIDTH="92" HEIGHT="22" WC="0.86" CONTENT="betänkt"/><SP WIDTH="14" VPOS="1145" HPOS="557"/>
							<String ID="string_250" HPOS="571" VPOS="1145" WIDTH="28" HEIGHT="28" WC="0.96" CONTENT="pä"/><SP WIDTH="15" VPOS="1145" HPOS="599"/>
							<String ID="string_251" HPOS="614" VPOS="1144" WIDTH="71" HEIGHT="22" WC="0.92" CONTENT="medel"/><SP WIDTH="15" VPOS="1144" HPOS="685"/>
							<String ID="string_252" HPOS="700" VPOS="1146" WIDTH="33" HEIGHT="19" WC="0.93" CONTENT="att"/><SP WIDTH="13" VPOS="1146" HPOS="733"/>
							<String ID="string_253" HPOS="746" VPOS="1145" WIDTH="78" HEIGHT="28" WC="0.96" CONTENT="bringa"/><SP WIDTH="15" VPOS="1145" HPOS="824"/>
							<String ID="string_254" HPOS="839" VPOS="1145" WIDTH="26" HEIGHT="20" WC="0.97" CONTENT="de"/>
						</TextLine>
						<TextLine ID="line_30" HPOS="116" VPOS="1179" WIDTH="749" HEIGHT="31">
							<String ID="string_255" HPOS="116" VPOS="1181" WIDTH="142" HEIGHT="29" WC="0.95" CONTENT="stadganden,"/><SP WIDTH="15" VPOS="1181" HPOS="258"/>
							<String ID="string_256" HPOS="273" VPOS="1188" WIDTH="46" HEIGHT="14" WC="0.93" CONTENT="som"/><SP WIDTH="16" VPOS="1188" HPOS="319"/>
							<String ID="string_257" HPOS="335" VPOS="1180" WIDTH="118" HEIGHT="21" WC="0.95" CONTENT="innefattas"/><SP WIDTH="16" VPOS="1180" HPOS="453"/>
							<String ID="string_258" HPOS="469" VPOS="1180" WIDTH="6" HEIGHT="21" WC="0.96" CONTENT="i"/><SP WIDTH="16" VPOS="1180" HPOS="475"/>
							<String ID="string_259" HPOS="491" VPOS="1181" WIDTH="27" HEIGHT="20" WC="0.93" CONTENT="45"/><SP WIDTH="16" VPOS="1181" HPOS="518"/>
							<String ID="string_260" HPOS="534" VPOS="1181" WIDTH="12" HEIGHT="27" WC="0.71" CONTENT="&amp;"/><SP WIDTH="14" VPOS="1181" HPOS="546"/>
							<String ID="string_261" HPOS="560" VPOS="1180" WIDTH="24" HEIGHT="21" WC="0.93" CONTENT="af"/><SP WIDTH="12" VPOS="1180" HPOS="584"/>
							<String ID="string_262" HPOS="596" VPOS="1179" WIDTH="95" HEIGHT="28" WC="0.91" CONTENT="Kejserl."/><SP WIDTH="8" VPOS="1179" HPOS="691"/>
							<String ID="string_263" HPOS="699" VPOS="1179" WIDTH="166" HEIGHT="28" WC="0.95" CONTENT="Förordningen"/>
						</TextLine>
						<TextLine ID="line_31" HPOS="116" VPOS="1213" WIDTH="750" HEIGHT="31">
							<String ID="string_264" HPOS="116" VPOS="1218" WIDTH="34" HEIGHT="20" WC="0.96" CONTENT="för"/><SP WIDTH="10" VPOS="1218" HPOS="150"/>
							<String ID="string_265" HPOS="160" VPOS="1216" WIDTH="42" HEIGHT="21" WC="0.96" CONTENT="den"/><SP WIDTH="9" VPOS="1216" HPOS="202"/>
							<String ID="string_266" HPOS="211" VPOS="1217" WIDTH="12" HEIGHT="19" WC="0.96" CONTENT="9"/><SP WIDTH="9" VPOS="1217" HPOS="223"/>
							<String ID="string_267" HPOS="232" VPOS="1215" WIDTH="123" HEIGHT="29" WC="0.96" CONTENT="september"/><SP WIDTH="10" VPOS="1215" HPOS="355"/>
							<String ID="string_268" HPOS="365" VPOS="1216" WIDTH="51" HEIGHT="20" WC="0.96" CONTENT="1851"/><SP WIDTH="11" VPOS="1216" HPOS="416"/>
							<String ID="string_269" HPOS="427" VPOS="1214" WIDTH="33" HEIGHT="22" WC="0.93" CONTENT="till"/><SP WIDTH="10" VPOS="1214" HPOS="460"/>
							<String ID="string_270" HPOS="470" VPOS="1220" WIDTH="152" HEIGHT="22" WC="0.92" CONTENT="noggrannare"/><SP WIDTH="12" VPOS="1220" HPOS="622"/>
							<String ID="string_271" HPOS="634" VPOS="1213" WIDTH="138" HEIGHT="21" WC="0.92" CONTENT="efterlefnad."/><SP WIDTH="15" VPOS="1213" HPOS="772"/>
							<String ID="string_272" HPOS="787" VPOS="1213" WIDTH="79" HEIGHT="21" WC="0.96" CONTENT="Denna"/>
						</TextLine>
						<TextLine ID="line_32" HPOS="116" VPOS="1248" WIDTH="748" HEIGHT="30">
							<String ID="string_273" HPOS="116" VPOS="1252" WIDTH="12" HEIGHT="26" WC="0.60" CONTENT="8"/><SP WIDTH="15" VPOS="1252" HPOS="128"/>
							<String ID="string_274" HPOS="143" VPOS="1250" WIDTH="121" HEIGHT="21" WC="0.93" CONTENT="innehåller"/><SP WIDTH="15" VPOS="1250" HPOS="264"/>
							<String ID="string_275" HPOS="279" VPOS="1249" WIDTH="110" HEIGHT="27" WC="0.92" CONTENT="nemligen"/><SP WIDTH="17" VPOS="1249" HPOS="389"/>
							<String ID="string_276" HPOS="406" VPOS="1250" WIDTH="32" HEIGHT="20" WC="0.97" CONTENT="ett"/><SP WIDTH="14" VPOS="1250" HPOS="438"/>
							<String ID="string_277" HPOS="452" VPOS="1249" WIDTH="34" HEIGHT="21" WC="0.93" CONTENT="för"/><SP WIDTH="15" VPOS="1249" HPOS="486"/>
							<String ID="string_278" HPOS="501" VPOS="1249" WIDTH="75" HEIGHT="27" WC="0.93" CONTENT="hvarje"/><SP WIDTH="8" VPOS="1249" HPOS="576"/>
							<String ID="string_279" HPOS="584" VPOS="1248" WIDTH="116" HEIGHT="28" WC="0.92" CONTENT="jordnatur"/><SP WIDTH="10" VPOS="1248" HPOS="700"/>
							<String ID="string_280" HPOS="710" VPOS="1248" WIDTH="100" HEIGHT="27" WC="0.93" CONTENT="gällande"/><SP WIDTH="11" VPOS="1248" HPOS="810"/>
							<String ID="string_281" HPOS="821" VPOS="1248" WIDTH="43" HEIGHT="20" WC="0.93" CONTENT="för-"/>
						</TextLine>
						<TextLine ID="line_33" HPOS="116" VPOS="1281" WIDTH="749" HEIGHT="30">
							<String ID="string_282" HPOS="116" VPOS="1284" WIDTH="43" HEIGHT="22" WC="0.96" CONTENT="bud"/><SP WIDTH="21" VPOS="1284" HPOS="159"/>
							<String ID="string_283" HPOS="180" VPOS="1285" WIDTH="58" HEIGHT="21" WC="0.93" CONTENT="emot"/><SP WIDTH="20" VPOS="1285" HPOS="238"/>
							<String ID="string_284" HPOS="258" VPOS="1283" WIDTH="117" HEIGHT="28" WC="0.92" CONTENT="svedjande"/><SP WIDTH="20" VPOS="1283" HPOS="375"/>
							<String ID="string_285" HPOS="395" VPOS="1283" WIDTH="14" HEIGHT="21" WC="0.92" CONTENT="&amp;"/><SP WIDTH="18" VPOS="1283" HPOS="409"/>
							<String ID="string_286" HPOS="427" VPOS="1282" WIDTH="126" HEIGHT="28" WC="0.96" CONTENT="berggrund"/><SP WIDTH="20" VPOS="1282" HPOS="553"/>
							<String ID="string_287" HPOS="573" VPOS="1283" WIDTH="56" HEIGHT="20" WC="0.93" CONTENT="samt"/><SP WIDTH="18" VPOS="1283" HPOS="629"/>
							<String ID="string_288" HPOS="647" VPOS="1281" WIDTH="142" HEIGHT="28" WC="0.93" CONTENT="stenhölstrig"/><SP WIDTH="14" VPOS="1281" HPOS="789"/>
							<String ID="string_289" HPOS="803" VPOS="1282" WIDTH="62" HEIGHT="20" WC="0.96" CONTENT="mark"/>
						</TextLine>
						<TextLine ID="line_34" HPOS="116" VPOS="1315" WIDTH="749" HEIGHT="29">
							<String ID="string_290" HPOS="116" VPOS="1319" WIDTH="39" HEIGHT="21" WC="0.93" CONTENT="och"/><SP WIDTH="16" VPOS="1319" HPOS="155"/>
							<String ID="string_291" HPOS="171" VPOS="1318" WIDTH="101" HEIGHT="26" WC="0.91" CONTENT="sandrus,"/><SP WIDTH="13" VPOS="1318" HPOS="272"/>
							<String ID="string_292" HPOS="285" VPOS="1318" WIDTH="67" HEIGHT="20" WC="0.91" CONTENT="hvarä"/><SP WIDTH="15" VPOS="1318" HPOS="352"/>
							<String ID="string_293" HPOS="367" VPOS="1317" WIDTH="135" HEIGHT="21" WC="0.93" CONTENT="vextkrafter"/><SP WIDTH="14" VPOS="1317" HPOS="502"/>
							<String ID="string_294" HPOS="516" VPOS="1317" WIDTH="35" HEIGHT="21" WC="0.96" CONTENT="för"/><SP WIDTH="15" VPOS="1317" HPOS="551"/>
							<String ID="string_295" HPOS="566" VPOS="1316" WIDTH="55" HEIGHT="27" WC="0.96" CONTENT="skog"/><SP WIDTH="14" VPOS="1316" HPOS="621"/>
							<String ID="string_296" HPOS="635" VPOS="1315" WIDTH="43" HEIGHT="21" WC="0.93" CONTENT="kan"/><SP WIDTH="16" VPOS="1315" HPOS="678"/>
							<String ID="string_297" HPOS="694" VPOS="1315" WIDTH="114" HEIGHT="27" WC="0.93" CONTENT="förstöras,"/><SP WIDTH="17" VPOS="1315" HPOS="808"/>
							<String ID="string_298" HPOS="825" VPOS="1316" WIDTH="40" HEIGHT="20" WC="0.96" CONTENT="och"/>
						</TextLine>
						<TextLine ID="line_35" HPOS="116" VPOS="1349" WIDTH="748" HEIGHT="28">
							<String ID="string_299" HPOS="116" VPOS="1352" WIDTH="152" HEIGHT="21" WC="0.92" CONTENT="erfarenheten"/><SP WIDTH="16" VPOS="1352" HPOS="268"/>
							<String ID="string_300" HPOS="284" VPOS="1351" WIDTH="65" HEIGHT="26" WC="0.92" CONTENT="visar,"/><SP WIDTH="16" VPOS="1351" HPOS="349"/>
							<String ID="string_301" HPOS="365" VPOS="1352" WIDTH="32" HEIGHT="18" WC="0.97" CONTENT="att"/><SP WIDTH="16" VPOS="1352" HPOS="397"/>
							<String ID="string_302" HPOS="413" VPOS="1350" WIDTH="36" HEIGHT="20" WC="0.97" CONTENT="det"/><SP WIDTH="12" VPOS="1350" HPOS="449"/>
							<String ID="string_303" HPOS="461" VPOS="1351" WIDTH="47" HEIGHT="26" WC="0.96" CONTENT="just"/><SP WIDTH="15" VPOS="1351" HPOS="508"/>
							<String ID="string_304" HPOS="523" VPOS="1352" WIDTH="24" HEIGHT="19" WC="0.96" CONTENT="är"/><SP WIDTH="15" VPOS="1352" HPOS="547"/>
							<String ID="string_305" HPOS="562" VPOS="1349" WIDTH="41" HEIGHT="21" WC="0.93" CONTENT="den"/><SP WIDTH="17" VPOS="1349" HPOS="603"/>
							<String ID="string_306" HPOS="620" VPOS="1349" WIDTH="100" HEIGHT="20" WC="0.90" CONTENT="tanklösa"/><SP WIDTH="15" VPOS="1349" HPOS="720"/>
							<String ID="string_307" HPOS="735" VPOS="1349" WIDTH="39" HEIGHT="20" WC="0.93" CONTENT="och"/><SP WIDTH="17" VPOS="1349" HPOS="774"/>
							<String ID="string_308" HPOS="791" VPOS="1349" WIDTH="73" HEIGHT="27" WC="0.93" CONTENT="opäta-"/>
						</TextLine>
						<TextLine ID="line_36" HPOS="115" VPOS="1382" WIDTH="750" HEIGHT="27">
							<String ID="string_309" HPOS="115" VPOS="1385" WIDTH="49" HEIGHT="22" WC="0.92" CONTENT="lade"/><SP WIDTH="21" VPOS="1385" HPOS="164"/>
							<String ID="string_310" HPOS="185" VPOS="1384" WIDTH="171" HEIGHT="22" WC="0.91" CONTENT="öfverträdelsen"/><SP WIDTH="16" VPOS="1384" HPOS="356"/>
							<String ID="string_311" HPOS="372" VPOS="1384" WIDTH="25" HEIGHT="21" WC="0.97" CONTENT="af"/><SP WIDTH="11" VPOS="1384" HPOS="397"/>
							<String ID="string_312" HPOS="408" VPOS="1383" WIDTH="60" HEIGHT="21" WC="0.93" CONTENT="detta"/><SP WIDTH="15" VPOS="1383" HPOS="468"/>
							<String ID="string_313" HPOS="483" VPOS="1383" WIDTH="87" HEIGHT="26" WC="0.92" CONTENT="förbud,"/><SP WIDTH="21" VPOS="1383" HPOS="570"/>
							<String ID="string_314" HPOS="591" VPOS="1389" WIDTH="46" HEIGHT="14" WC="0.93" CONTENT="som"/><SP WIDTH="15" VPOS="1389" HPOS="637"/>
							<String ID="string_315" HPOS="652" VPOS="1382" WIDTH="131" HEIGHT="21" WC="0.90" CONTENT="framförallt"/><SP WIDTH="15" VPOS="1382" HPOS="783"/>
							<String ID="string_316" HPOS="798" VPOS="1384" WIDTH="67" HEIGHT="19" WC="0.96" CONTENT="annat"/>
						</TextLine>
						<TextLine ID="line_37" HPOS="116" VPOS="1416" WIDTH="749" HEIGHT="31">
							<String ID="string_317" HPOS="116" VPOS="1420" WIDTH="63" HEIGHT="22" WC="0.96" CONTENT="hotar"/><SP WIDTH="19" VPOS="1420" HPOS="179"/>
							<String ID="string_318" HPOS="198" VPOS="1419" WIDTH="38" HEIGHT="22" WC="0.96" CONTENT="vär"/><SP WIDTH="20" VPOS="1419" HPOS="236"/>
							<String ID="string_319" HPOS="256" VPOS="1419" WIDTH="54" HEIGHT="28" WC="0.96" CONTENT="skog"/><SP WIDTH="19" VPOS="1419" HPOS="310"/>
							<String ID="string_320" HPOS="329" VPOS="1418" WIDTH="50" HEIGHT="22" WC="0.96" CONTENT="med"/><SP WIDTH="20" VPOS="1418" HPOS="379"/>
							<String ID="string_321" HPOS="399" VPOS="1418" WIDTH="53" HEIGHT="22" WC="0.96" CONTENT="total"/><SP WIDTH="20" VPOS="1418" HPOS="452"/>
							<String ID="string_322" HPOS="472" VPOS="1417" WIDTH="52" HEIGHT="23" WC="0.93" CONTENT="min."/><SP WIDTH="30" VPOS="1417" HPOS="524"/>
							<String ID="string_323" HPOS="554" VPOS="1417" WIDTH="135" HEIGHT="29" WC="0.92" CONTENT="Svedjandet"/><SP WIDTH="19" VPOS="1417" HPOS="689"/>
							<String ID="string_324" HPOS="708" VPOS="1416" WIDTH="69" HEIGHT="22" WC="0.96" CONTENT="måste"/><SP WIDTH="20" VPOS="1416" HPOS="777"/>
							<String ID="string_325" HPOS="797" VPOS="1416" WIDTH="36" HEIGHT="22" WC="0.84" CONTENT="väl"/><SP WIDTH="18" VPOS="1416" HPOS="833"/>
							<String ID="string_326" HPOS="851" VPOS="1416" WIDTH="14" HEIGHT="22" WC="0.84" CONTENT="&amp;"/>
						</TextLine>
					</TextBlock>
				</ComposedBlock>
				<GraphicalElement ID="cblock_2" HPOS="1029" VPOS="1195" WIDTH="5" HEIGHT="477"></GraphicalElement >
			</PrintSpace>
		</Page>
	</Layout>
</alto>
