1034 1711
778 126 40 21 471

98 192 62 22 Hans
180 192 63 29 Maj:t
258 192 8 21 i
281 192 87 21 tillfälle
388 193 32 20 att
438 192 58 28 välja
515 191 42 23 den
577 191 137 30 lämpligaste
734 192 54 21 eller
808 192 41 21 ock

98 227 123 22 bestämma
235 227 73 28 någon
323 233 80 15 annan.

166 261 59 22 Herr
240 261 109 27 Linder,
365 261 36 21 E.:
421 261 11 24 I
447 261 39 21 fall
501 260 42 22 den
558 260 24 22 af
594 260 52 21 herr
660 267 42 15 von
718 261 60 21 Born
793 261 56 21 före-

98 295 77 28 slagna
190 294 144 22 redaktionen
349 297 99 27 antages,
463 294 69 22 skulle
546 295 39 27 jag
600 301 52 14 anse
665 296 32 20 att
708 294 36 22 det
754 296 25 20 är
788 294 62 22 desto

99 336 60 14 mera
180 329 47 21 skäl
248 331 32 19 att
300 329 77 21 förena
393 329 33 27 sig
439 329 50 22 med
503 328 167 27 bondeståndet,
685 328 91 22 emedan
793 330 58 20 stän-

100 363 67 21 derna
182 363 34 27 då,
231 364 7 20 i
253 363 105 21 händelse
373 363 122 22 ärenderna
510 363 102 21 slutföras
627 362 68 28 förut,
711 363 21 28 ej
747 363 104 21 behöfver

100 398 96 22 derefter
219 398 171 27 sammanträda;
411 397 40 21 och
471 398 8 20 i
499 397 77 22 sådant
598 397 38 21 fall
659 399 24 19 är
705 396 37 22 det
763 404 88 15 snarare

100 439 60 15 mera
176 432 47 22 skäl
239 434 32 20 att
285 432 121 22 bestämma
421 439 28 14 en
463 432 75 28 längre
554 433 27 20 än
597 438 27 14 en
640 432 88 21 kortare
743 432 38 21 tid.

168 467 59 21 Herr
242 474 42 14 von
299 466 155 22 Bonsdorff:
471 466 42 29 Jag
528 466 67 25 beder
610 467 32 20 att
657 466 22 21 få
693 466 92 29 tillägga
795 468 58 20 ännu

101 503 31 20 ett
153 502 58 27 skäl,
227 508 46 15 som
289 501 69 28 enligt
373 502 45 21 min
434 501 57 29 åsigt
506 500 67 24 borde
588 500 67 22 verka
670 501 34 21 till
719 500 85 22 förmån
819 501 34 21 för

102 537 42 20 den
166 537 26 20 15
212 536 63 28 april.
305 536 11 21 I
335 536 56 28 april
411 536 90 21 månads
520 536 43 21 slut
582 536 41 22 och
637 535 69 22 första
721 535 96 29 dagarna
833 536 24 21 af

101 571 51 27 maj,
167 570 75 28 börjar
257 570 43 21 den
315 570 34 21 för
365 570 156 21 landtmannen
536 570 24 21 så
572 570 84 28 vigtiga
665 570 189 21 vårutsädestiden

102 605 40 21 och
158 611 46 14 som
220 611 26 15 en
263 606 45 19 stor
323 604 35 21 del
373 605 24 20 af
411 605 26 21 de
453 604 124 29 respektive
592 603 104 25 ståndens
711 604 143 22 medlemmar

103 641 37 20 äro
156 639 119 27 landtmän,
291 645 64 15 anser
367 639 40 28 jag
422 639 37 21 det
474 639 66 21 också
554 639 24 20 af
591 639 48 28 vigt
654 640 33 20 att
701 645 50 15 man
762 639 93 28 påskyn-

103 674 39 21 dar
156 673 144 28 landtdagens
315 674 51 25 slut,
381 673 35 22 för
431 675 32 20 att
477 673 27 22 de
520 673 72 22 denna
607 673 84 28 vigtiga
706 673 32 22 tid
753 673 67 22 måtte
834 673 22 22 få

103 715 53 14 vara
170 708 89 21 hemma
273 707 40 22 hos
328 708 40 27 sig.

172 742 58 21 Herr
250 742 156 27 Schauman,
426 742 26 21 B.
471 741 36 22 O.:
526 741 47 28 Mig
588 741 76 29 tyckes
680 743 31 20 att
726 742 131 22 hondestän-

105 777 37 21 det
162 776 77 21 främst
258 776 65 21 bordt
341 779 51 26 taga
411 776 133 21 sistnämnde
560 775 162 29 omständighet
737 777 7 20 i
760 777 97 24 äfvervä-

105 811 78 28 gande,
199 811 28 21 dä
241 811 26 21 de
283 813 52 19 utan
350 811 112 28 undantag
477 811 43 21 alla
535 810 61 22 torde
612 817 52 15 vara
676 811 153 28 jordbrukare.

174 845 58 21 Herr
247 845 201 21 landtmarskalken
464 844 135 22 framställde
614 845 54 21 härä
683 851 28 14 en
726 846 24 20 sä
764 845 94 28 lydande

106 879 147 29 proposition:

174 913 46 21 Vill
241 912 150 29 ridderskapet
410 913 40 21 och
466 912 63 22 adeln
544 913 39 21 hos
598 912 29 22 H.
642 912 63 29 Kejs.
720 913 63 29 Maj:t
797 913 8 21 i
820 920 39 14 un-

106 947 145 28 derdänighet
266 947 87 21 anhälla
367 954 36 15 om
417 947 145 28 landtdagens
577 946 140 29 förlängning
732 948 33 20 till
776 947 42 21 den
834 948 25 20 15

106 981 147 22 instundande
269 981 62 29 april.

176 1016 50 21 Den
242 1022 46 15 som
303 1016 39 21 vill
357 1015 87 22 anhälla
459 1022 35 15 om
510 1016 142 28 förlängning
662 1015 34 22 till
706 1015 42 22 den
761 1016 25 22 15
797 1016 64 21 först-

107 1050 130 22 kommande
253 1050 56 29 april
324 1056 73 16 svarar
411 1050 30 28 ja.

177 1085 50 22 Den
244 1085 37 22 det
296 1085 49 21 icke
360 1085 38 21 vill
413 1092 74 14 syarar
502 1085 44 28 nej.

178 1119 85 22 Vinner
287 1119 36 28 nej
345 1121 64 26 göres
429 1119 101 22 anhällan
551 1125 35 16 om
605 1118 142 30 förlängning
765 1120 34 22 till
821 1120 42 22 den

112 1155 10 21 1
139 1154 51 28 maj.

179 1188 12 21 1
205 1188 108 22 hvardera
332 1188 122 21 händelsen
474 1187 128 29 hänskjutes
622 1188 91 22 ärendet
727 1188 34 22 till
776 1189 89 29 expedi-

110 1223 177 21 tionsutskottet:

113 1258 53 21 derå
181 1256 101 29 votering
297 1256 107 28 begärdes
415 1256 41 22 och
465 1256 105 28 företogs,
580 1256 28 22 dä
617 1256 165 29 omröstningen
793 1257 73 22 utföll:

273 1291 8 21 i
297 1291 58 28 8:dje
370 1291 29 21 kl.
415 1291 51 21 med
481 1292 27 20 30
517 1292 29 28 ja
561 1291 40 21 och
617 1292 27 20 25
659 1292 42 28 nej,

271 1341 9 12 n
296 1325 94 27 2dra
387 1312 19 45 ,
435 1341 10 11 »
481 1326 108 26 12.»
633 1326 52 26 7,

269 1360 122 25 sistä
386 1354 21 36 »
436 1374 9 11 »,
482 1359 61 27 l4
539 1354 19 36 ,
581 1374 9 11 »
634 1358 52 28 a

182 1393 44 21 Till
247 1392 54 29 följe
322 1392 24 22 af
359 1392 41 22 den
416 1392 91 22 sålunda
522 1392 157 29 försiggångna
694 1393 175 28 omröstningen,

117 1427 71 22 skulle
204 1427 153 29 prolongation
372 1426 25 22 af
409 1426 133 29 landtdagen
554 1427 34 21 till
599 1426 42 22 den
654 1427 25 21 15
689 1427 181 22 nästkommande

161 1467 52 23 Högl.
226 1467 53 18 Ridd.
293 1467 30 18 och
335 1467 63 18 Adelns
409 1467 66 18 Protok.
490 1467 26 19 II.
779 1468 21 17 31
