1009 1717
740 128 41 21 625

59 192 141 21 medlemmar
218 194 41 25 att,
280 192 57 21 efter
356 200 84 21 upprop
461 194 23 20 af
502 193 216 28 riddarhusfiskalen,
734 195 76 21 hvar
799 188 15 37 i

58 227 32 19 sin
106 226 94 28 ordning
215 227 149 21 underteckna
378 228 94 20 nämnde
488 228 109 27 adresser;
614 229 40 20 och
668 228 66 22 sedan
746 230 64 20 dessa

57 260 7 20 i
83 260 55 27 följd
157 261 63 20 häraf
239 260 73 22 blifvit
330 261 24 21 af
370 261 72 21 herre-
462 262 40 20 och
522 262 210 22 riddareklassernes
750 264 59 20 med-

58 294 90 20 lemmar
168 294 152 22 underskrifne
340 296 55 20 samt
415 295 94 21 klockan
528 296 122 21 emellertid
664 296 49 22 lidit
728 297 33 21 till
777 297 32 21 in-

58 330 58 19 emot
134 329 46 27 två,
196 329 82 21 afbröts
296 330 112 20 sessionen
428 330 22 21 af
468 331 50 20 herr
533 330 211 28 landtmarskalken,
760 332 50 20 med

58 364 136 28 uppmaning
214 364 33 20 till
262 364 87 22 ståndet
364 366 32 20 att
411 365 29 21 kl.
457 366 13 20 5
486 372 17 14 e.
520 372 28 15 m.
564 366 46 21 åter
626 366 112 22 härstädes
753 374 56 14 sam-

58 399 119 23 manträda.

228 510 114 28 Samma
362 512 69 38 dag,
453 512 40 27 kl.
517 514 16 26 5
556 522 22 18 e.
600 522 36 18 m.

123 574 121 21 Fortsattes
260 574 207 28 underskrifningen
483 575 24 21 af
520 575 129 21 adresserna
663 576 33 20 till
707 575 101 29 Sveriges

56 608 39 22 och
120 608 121 28 Rysslands
261 609 56 27 folk,
337 609 110 22 hvarefter
466 609 33 21 till
520 610 74 20 vidare
614 610 77 27 åtgärd
711 609 97 29 företogs

54 642 234 22 riddarhusutskottets
300 644 42 20 den
355 645 24 20 17
392 644 147 21 innevarande
550 644 116 21 november
677 644 131 22 förevordna

56 685 50 15 men
122 678 28 21 då
164 678 29 28 på
209 679 26 20 10
250 678 67 28 dagar
333 679 119 28 bordlagda
467 679 139 21 betänkande
622 679 91 22 rörande
726 679 82 29 förslag

55 713 33 21 till
104 720 28 21 ny
148 712 214 30 riddarhusordning.

123 747 83 22 Härvid
217 748 147 29 tillkännagaf
370 749 51 21 herr
430 749 206 27 landtmarskalken,
646 750 32 20 att
685 749 93 22 friherre
787 750 24 21 af

55 783 110 26 Schultén,
176 783 89 21 hvilken
281 783 24 21 af
318 784 132 28 opasslighet
466 791 38 14 var
520 784 92 20 hindrad
628 785 31 19 att
674 784 80 21 bivista
764 785 43 21 rid-

54 818 128 28 derskapets
201 818 39 21 och
254 818 76 21 adelns
346 818 170 27 sammanträde,
533 818 6 21 i
555 818 119 28 anledning
689 819 24 20 af
726 819 82 21 riddar-

54 853 159 21 husutskottets
234 852 137 22 betänkande
392 853 106 21 inlemnat
520 854 32 20 ett
567 853 122 27 memorial,
705 854 50 20 med
770 861 38 14 an-

55 888 79 26 hållan,
150 889 32 19 att
197 888 120 20 detsamma
332 887 72 21 kunde
418 888 7 20 i
438 888 156 27 sammanhang
606 887 49 21 med
666 888 142 22 förenämnde

54 922 137 21 betänkande
207 922 39 21 hos
263 922 85 21 ståndet
364 922 136 29 föredragas;
517 922 41 21 och
574 930 38 13 var
623 922 92 22 berörde
726 930 81 14 memo-

54 957 40 21 rial
110 957 24 21 af
147 956 97 29 följande
260 956 93 29 lydelse:

123 992 63 26 Som
206 992 106 28 förslaget
332 992 33 21 till
385 1000 28 20 ny
434 992 209 28 riddarhusordning
658 993 24 20 är
696 993 68 28 bygdt
779 993 28 28 på

54 1028 42 20 den
112 1027 68 21 under
196 1027 41 21 den
253 1027 110 21 såkallade
379 1027 139 21 frihetstiden
529 1027 7 21 i
548 1027 90 27 Sverige
652 1026 87 22 införda
748 1028 60 28 prin-

54 1062 33 28 cip
108 1062 24 20 af
150 1062 169 28 röstberäkning
338 1062 36 21 vid
395 1063 100 27 votering
515 1062 59 21 inom
595 1061 62 21 adeln
674 1069 38 21 per
728 1062 79 28 capita,

53 1103 50 15 men
124 1096 70 21 denna
214 1096 84 28 princip
320 1096 24 21 af
361 1096 90 28 konung
471 1097 81 21 Gustaf
569 1096 33 21 III
618 1096 140 21 förändrades
774 1097 34 21 till

54 1132 41 20 den
111 1131 39 21 hos
165 1138 35 14 oss
218 1133 59 19 ännu
292 1130 101 29 gällande
408 1132 24 20 af
446 1131 122 28 beräkning
578 1132 28 27 på
616 1130 87 28 classes,
712 1131 95 21 förmod-

53 1166 59 28 ligen
128 1166 71 21 såsom
215 1166 27 20 då
258 1166 81 21 ansedd
355 1173 61 14 mera
430 1166 140 22 konservativ
586 1166 40 20 och
642 1166 90 21 sålunda
746 1172 61 15 mera

54 1200 238 22 öfverensstämmande
318 1200 50 20 med
391 1201 41 20 den
455 1200 141 22 monarkiska
618 1200 189 28 styrelseformens

54 1235 129 28 fordringar,
204 1242 65 20 synes
290 1234 36 21 det
346 1235 46 28 mig
412 1235 76 27 nödigt
508 1237 32 19 att
559 1235 55 21 först
630 1234 97 21 inhemta
741 1234 65 22 huru-

55 1270 48 21 vida
123 1270 59 20 detta
202 1270 75 28 utbyte
298 1269 23 21 af
339 1270 110 28 principer
469 1270 44 21 kan
532 1270 25 20 af
571 1269 27 21 H.
606 1266 70 31 Maj:t
692 1269 115 28 Kejsaren,

53 1305 38 22 vår
112 1304 124 27 storfurste,
256 1304 136 28 godkännas,
416 1304 91 22 emedan
528 1305 6 20 i
555 1305 66 20 annat
644 1304 37 20 fall
701 1304 107 28 förslaget

53 1340 69 20 måste
138 1338 134 26 omarbetas;
289 1338 39 20 och
344 1339 62 19 torde
422 1339 37 19 det
474 1339 64 20 äfven
555 1338 64 27 eljest
634 1345 52 13 vara
698 1338 34 20 för
744 1338 63 27 tidigt

54 1374 31 19 att
104 1372 34 20 till
158 1372 62 20 Hans
240 1372 74 26 Maj:ts
335 1371 56 27 höga
410 1372 140 20 stadfästelse
570 1371 136 21 öfverlemna
724 1371 84 21 hvilket

54 1406 82 27 förslag
151 1412 46 14 som
213 1406 57 20 helst
284 1405 34 21 till
334 1412 28 21 ny
378 1405 216 27 riddarhusordning,
605 1404 66 21 innan
684 1411 26 14 en
726 1404 80 21 allmän

54 1440 210 30 landtdagsordning
286 1439 71 22 blifvit
379 1440 110 30 uppgjord
511 1440 41 21 och
573 1439 118 28 fastställd,
714 1439 92 23 emedan
