1011 1720
756 128 40 19 793

78 187 49 22 den.
157 188 33 22 En
211 197 57 20 man,
284 197 45 14 som
344 190 34 21 för
393 191 67 28 något
475 192 61 21 tiotal
551 192 23 21 år
590 192 66 21 sedan
671 193 104 21 stannade
791 193 33 21 för

78 224 67 27 några
165 225 125 27 lägenheter
310 225 28 28 på
352 225 81 27 landet,
449 226 51 21 fann
516 227 47 20 sina
579 228 87 27 torpare
681 227 120 22 skuldsatte
817 228 6 20 i

77 255 108 24 socknens
211 259 104 27 magasin.
349 259 135 22 Husbonden
505 260 93 28 ogillade
622 261 62 20 deras
707 261 116 21 skuldsätt-

79 292 54 27 ning
147 292 40 21 och
203 293 76 27 erbjöd
295 293 33 27 sig
343 293 85 22 derföre
444 296 31 18 att
486 294 94 21 inbetala
591 296 127 26 torparenes
729 295 94 26 skulder,

77 326 48 20 med
146 327 42 20 rätt
208 327 33 20 för
261 328 114 27 torparene
396 329 32 19 att
448 330 106 19 amortera
574 329 48 20 sina
640 329 29 27 på
690 329 25 20 15
731 329 24 20 år
770 329 54 20 eller

77 359 49 22 med
144 360 55 28 årlig
214 361 136 28 inbetalning
364 361 56 21 blott
435 362 24 21 af
472 362 26 21 de
513 363 13 20 2
541 362 83 28 kappar
640 369 45 14 som
701 363 34 20 till
750 370 73 21 maga-

77 394 57 21 sinet
153 395 82 21 erlades
255 395 7 21 i
280 397 52 20 växt
350 395 53 22 eller
420 398 69 25 ränta,
508 403 49 14 men
578 397 48 20 med
643 397 128 28 uttryckligt
785 397 38 22 vil-

77 429 40 20 kor
136 429 80 27 tillika,
232 431 32 19 att
283 430 26 21 de
328 430 116 21 framdeles
462 431 20 27 ej
495 431 57 28 finge
567 431 50 21 låna
632 431 48 21 från
695 432 128 28 magasinet.

76 462 106 29 Följande
197 465 47 21 året
258 464 92 21 infunno
365 464 34 29 sig
412 464 68 22 likväl
495 465 38 21 hos
548 465 80 21 honom
639 467 79 20 tvenne
728 468 95 26 torpare,

77 504 45 16 som
137 498 122 22 förklarade
275 500 34 27 sig
323 506 52 14 vara
390 501 52 19 utan
457 500 106 21 brödföda
578 500 40 20 och
629 500 86 22 derföre
725 502 98 27 tvungna

77 534 31 20 att
123 533 68 21 anlita
204 534 128 28 magasinet,
342 534 8 20 i
362 534 84 21 hvilket
461 534 102 22 afseende
578 534 26 22 de
620 535 87 21 anhöllo
723 542 34 14 om
773 535 49 21 hus-

76 568 97 21 bondens
193 568 90 21 motbok
302 568 49 22 med
370 569 128 27 magasinet,
519 582 26 3 —
566 570 86 27 torpare
672 569 23 21 få
712 570 110 28 nemligen

75 602 49 21 ieke
144 603 49 21 låna
212 603 136 21 annorlunda
368 605 27 19 än
412 604 29 27 på
455 604 205 27 hemmansegarens
675 611 85 14 ansvar.
789 604 34 21 De

77 637 111 21 erinrades
208 645 34 14 om
263 638 236 22 öfverenskommelsen
520 638 40 21 och
580 640 31 19 att
632 638 25 21 de
677 638 69 21 under
768 638 55 21 intet

76 672 71 21 vilkor
167 672 56 28 finge
239 674 51 26 taga
309 672 153 28 magasinslån.
492 673 77 27 Någon
584 672 32 21 tid
632 672 93 22 derefter
740 673 82 28 uppda-

77 706 66 28 gades
160 707 72 27 likväl,
248 709 31 19 att
299 707 26 21 de
346 707 87 21 erhållit
453 707 98 29 spanmål
571 707 47 21 från
639 707 121 28 magasinet
783 708 40 20 och

77 743 32 19 att
128 742 60 20 lånet
207 742 58 21 skett
285 742 28 28 på
333 749 26 14 en
376 749 93 21 grannes
484 742 49 27 bok,
549 746 45 17 mot
609 742 24 21 af
646 744 116 26 torparene
777 742 45 21 åta-

76 783 42 21 gen
134 776 132 22 förbindelse
281 778 33 20 att
329 777 32 21 till
377 777 71 21 denne
463 779 77 26 utgöra
552 776 48 29 fyra
610 776 133 29 dagsverken
755 777 68 21 under

77 810 138 22 skördetiden
235 804 34 28 för
288 812 75 28 hvarje
383 813 67 19 tunna
471 819 45 13 som
536 811 27 21 de
582 812 66 20 lånat.
678 811 29 21 Så
727 812 39 20 har
783 812 40 28 jag

77 845 50 21 hört
141 847 32 19 att
188 846 28 27 på
231 846 52 21 flere
299 846 79 21 ställen
392 846 88 27 tillgått.
509 846 43 28 Jag
566 846 73 28 frågar
654 853 35 14 om
705 848 31 19 ett
747 846 77 21 sådant

77 879 66 21 ocker
159 879 38 22 och
213 887 26 14 en
256 880 67 21 sådan
338 880 79 21 anstalt
432 881 43 20 kan
491 880 97 21 medföra
603 880 71 28 någon
685 881 138 28 välsignelse.

76 913 50 21 Den
142 921 46 14 som
203 915 87 27 engång
304 914 92 21 kommit
406 915 7 20 i
424 915 131 28 magasinets
570 914 80 21 böcker
663 915 99 20 kommer
772 923 51 13 van-

77 949 59 27 ligen
153 949 67 20 sällan
236 949 102 27 derifrån,
354 951 52 19 utan
420 949 133 26 skuldsätter
569 949 33 28 sig
617 956 46 14 mer
679 949 39 21 och
734 957 46 14 mer
790 950 33 21 för

77 983 76 28 hvarje
169 983 24 21 år
208 983 51 27 och,
275 983 103 28 slutligen
398 983 42 21 blir
460 983 36 22 det
516 984 193 27 hemmansegaren
730 991 45 13 som
791 983 34 22 får

78 1017 78 21 betala.
186 1017 33 22 Då
234 1018 21 21 vi
269 1018 36 21 vid
319 1018 105 21 kusterna
439 1018 63 22 hafva
516 1018 80 27 nödiga
610 1018 214 21 kommunikationer

78 1053 24 19 är
120 1052 37 21 det
172 1052 36 21 vid
222 1052 130 22 inträffande
367 1053 103 21 missvext
486 1053 82 28 ganska
582 1053 40 20 lätt
638 1055 31 18 att
685 1053 21 21 få
721 1053 54 21 både
791 1055 33 18 ut-

77 1086 52 21 säde
145 1087 40 20 och
199 1087 106 21 brödföda
320 1087 54 21 blott
389 1087 121 28 penningar
525 1087 76 21 finnas.
631 1087 11 21 I
656 1087 40 21 den
712 1087 111 27 kommun,

77 1127 47 14 som
137 1121 39 28 jag
191 1121 80 28 tillhör,
287 1121 75 29 gjorde
376 1122 39 27 jag
430 1122 67 21 redan
512 1122 33 21 för
555 1121 132 28 längesedan
699 1123 31 20 ett
742 1122 83 27 förslag

78 1157 32 19 att
132 1155 136 28 småningom
294 1156 112 21 förvandla
432 1156 49 21 hela
505 1156 121 28 magasinet
647 1156 33 21 till
703 1163 27 14 en
752 1158 73 19 ränte-

78 1189 95 21 bärande
194 1190 61 27 fond,
271 1197 46 14 som
337 1190 70 21 skulle
422 1190 91 21 insättas
528 1191 7 20 i
551 1190 71 27 någon
638 1190 187 27 bankinrättning,

78 1223 78 21 hvaraf
164 1225 76 20 räntan
251 1224 68 21 borde
329 1224 111 21 användas
450 1224 34 21 till
494 1224 143 21 kommunens
645 1223 67 22 bästa.
735 1223 90 28 Kapita-

77 1258 32 20 let
127 1257 68 21 skulle
209 1258 33 21 stå
258 1259 70 20 såsom
343 1265 74 14 reserv
432 1258 34 21 för
481 1258 129 21 inträffande
626 1258 109 21 missvext.
758 1258 67 20 Detta

77 1292 82 27 förslag
174 1298 56 14 vann
245 1292 65 20 äfven
325 1292 65 27 något
408 1292 104 28 burskap,
531 1298 48 14 men
600 1292 151 20 dessförinnan
769 1292 56 20 hade

78 1326 48 20 från
142 1326 157 28 länestyrelsen
317 1326 71 27 utgått
407 1326 120 27 befallning
542 1327 32 19 att
588 1326 8 20 i
607 1326 96 26 enlighet
719 1325 50 21 med
784 1326 41 20 den

78 1360 88 20 sednast
184 1360 111 20 utfärdade
315 1360 78 26 nådiga
413 1359 148 27 befallningen
579 1359 86 27 reglera
683 1359 143 27 magasinet
816 1355 14 36 i

79 1393 105 21 särskilda
199 1393 83 21 fonder.
313 1393 42 27 Jag
370 1393 68 27 ansåg
453 1393 36 20 det
504 1400 51 14 vara
570 1392 38 21 vår
623 1392 104 28 rättighet
738 1394 31 19 att
780 1392 47 21 fritt

78 1427 115 29 disponera
217 1427 60 21 öfver
300 1427 132 28 magasinets
455 1427 124 28 tillgångar,
600 1434 50 14 men
669 1427 158 28 länestyrelsen
