1031 1706
216 136 41 20 504

188 200 90 20 daktion
294 200 67 20 redan
377 200 24 20 är
416 200 94 26 antagen
521 198 24 22 af
555 200 32 19 tre
599 198 69 27 stånd,
680 199 24 20 så
715 199 62 20 torde
788 199 37 21 det
835 200 19 26 ej
866 198 74 22 kunna

188 234 110 21 förmenas
314 234 27 20 de
357 234 140 20 medlemmar
513 233 23 20 af
549 233 151 27 ridderskapet
715 232 40 21 och
767 233 70 27 adeln,
849 240 45 14 som
907 233 33 21 så-

188 268 53 21 dant
260 267 79 27 önska,
359 269 32 19 att
411 268 58 20 emot
489 267 126 21 densamma
634 267 108 28 nedlägga
757 268 34 20 sin
805 267 136 22 reservation

188 302 34 21 till
238 302 97 21 ståndets
350 301 116 29 protokoll,
483 308 34 14 om
531 301 66 21 också
611 302 66 27 ingen
692 301 75 21 vidare
782 302 84 28 påföljd
881 302 63 21 deraf

189 336 70 22 skulle
278 336 129 22 föranledas.
438 336 43 21 För
499 336 45 21 min
560 336 35 21 del
610 336 59 21 inser
683 336 40 28 jag
738 337 20 27 ej
772 336 69 22 heller
857 338 32 20 att
905 336 37 22 det

188 378 52 14 vore
260 370 112 22 stridande
391 372 46 20 mot
456 371 86 21 formen
562 372 41 25 att,
619 371 7 20 i
642 370 103 22 händelse
761 371 143 21 redaktionen
921 372 20 26 ej

189 406 126 27 godkännes
327 405 45 26 här,
385 405 92 21 ärendet
488 405 70 20 skulle
569 406 171 20 återremitteras
750 406 33 19 till
795 406 147 27 expeditions-

189 440 106 21 utskottet
311 439 40 21 och
367 439 26 21 de
409 439 71 28 öfriga
496 439 101 27 stånden,
617 439 89 22 oaktadt
721 439 26 21 de
762 439 67 22 redan
845 440 97 28 godkänt

188 475 116 27 förslaget,
324 474 100 27 inbjudas
445 475 32 20 att
492 473 46 22 deri
553 475 54 26 göra
622 473 27 22 de
665 474 86 28 tillägg,
770 474 73 21 hvilka
859 475 83 20 ridder-

190 509 77 28 skapet
278 508 41 21 och
330 508 64 21 adeln
406 510 71 19 ansett
489 508 113 28 lämpliga;
616 508 109 21 beroende
736 509 29 28 på
775 509 93 20 nämnde
880 509 63 20 stånd

190 545 32 18 att
236 543 8 20 i
259 543 43 21 den
316 544 71 27 vägen
402 544 80 27 antaga
497 542 76 22 adelns
588 542 131 29 inbjudning
735 543 54 21 eller
804 543 27 28 ej.

257 577 65 22 Hvad
337 584 29 14 nu
381 577 78 28 sjelfva
475 577 66 21 saken
557 577 54 20 eller
626 577 139 22 adressernas
780 577 114 22 redaktion
905 578 37 21 be-

189 612 82 27 träffar,
287 612 35 21 får
333 612 40 28 jag
387 613 59 27 yttra
461 613 32 20 att
505 613 40 27 jag
559 612 20 27 ej
595 611 33 21 till
640 611 42 22 alla
694 612 60 21 delar
765 613 43 20 kan
820 612 53 28 gilla
885 613 57 20 hvad

189 647 7 20 i
212 647 104 21 adressen
331 646 34 21 till
381 646 91 28 Sverige
487 646 70 21 finnes
576 646 63 28 sagdt
659 647 85 21 utöfver
759 653 28 15 en
802 653 39 14 ren
857 647 85 21 tacksä-

189 681 67 28 gelse,
271 688 52 14 men
338 681 99 22 deremot
451 681 8 21 i
473 681 107 21 hvardera
593 681 103 22 adressen
710 681 79 21 saknas
801 688 26 14 en
839 681 103 28 antydan,

189 717 33 19 att
240 715 37 21 det
295 723 30 13 nu
343 715 21 28 ej
381 716 24 20 är
419 715 69 21 första
503 715 86 28 gången
604 715 94 21 Finland
712 716 41 21 fått
768 717 98 26 mottaga
880 716 62 21 bevis

189 750 29 28 på
233 749 130 28 deltagande
379 749 60 21 såväl
453 749 48 22 från
517 749 110 29 Ryssland
642 756 46 14 som
705 750 97 28 Sverige.
822 749 39 22 Ett
872 750 70 28 dylikt

189 784 131 28 deltagande
340 784 39 21 har
399 783 111 29 nemligen
530 784 79 21 uttalat
625 784 33 28 sig
673 784 37 21 vid
725 785 53 20 flera
793 785 58 21 förut
866 785 7 20 i
888 785 52 21 Fin-

189 818 51 21 land
257 818 116 21 inträffade
389 818 134 21 allmännare
538 818 198 29 olyckshändelser,
753 819 33 20 till
801 819 74 21 hvilka
890 827 50 13 man

188 852 50 21 med
258 852 50 21 fullt
328 853 47 20 skäl
395 852 44 21 kan
458 853 69 20 räkna
547 853 97 21 branden
664 853 7 20 i
686 845 49 29 Åbo
751 854 40 20 och
809 854 132 21 missvexten

189 887 24 20 år
231 887 59 20 1856.
320 886 45 21 Vid
384 887 72 27 begge
476 887 63 21 dessa
553 887 102 22 tillfällen
670 887 91 22 hastade
777 888 58 21 såväl
851 888 91 28 Sverige

189 927 46 15 som
250 921 111 27 Ryssland
379 923 32 19 att
426 921 49 21 med
490 921 80 29 rikliga
585 922 77 27 gåfvor
677 922 88 21 komma
779 923 26 20 de
819 923 123 21 nödställde

189 956 7 20 i
211 954 95 22 Finland
321 955 34 20 till
370 955 67 28 hjelp,
453 956 40 20 och
505 956 40 28 jag
561 956 69 21 skulle
646 956 86 22 derföre
743 964 60 20 anse,
815 959 32 19 att
859 958 27 20 då
896 957 46 21 lan-

189 990 48 20 dets
252 989 89 21 ständer
355 996 30 14 nu
400 989 94 21 omsider
509 992 54 19 satts
578 990 7 21 i
600 990 86 22 tillfälle
698 992 32 19 att
740 991 70 21 uttala
822 992 33 20 sin
865 991 78 22 känsla

188 1024 24 20 af
224 1023 136 21 tacksamhet
375 1024 34 20 för
424 1024 185 27 grannländernas
624 1024 155 29 hjelpsamhet,
795 1026 23 20 så
832 1026 67 21 borde
915 1026 27 20 de

189 1059 20 27 ej
226 1058 95 27 glömma
336 1058 27 20 de
378 1057 92 28 tidigare
486 1058 99 22 erhållna
597 1059 116 28 bidragen;
729 1059 37 21 det
778 1060 70 21 skulle
859 1061 8 20 i
875 1062 67 20 annat

188 1092 39 20 fall
246 1098 24 14 se
290 1093 33 25 ut,
344 1098 45 14 som
404 1092 57 20 hade
477 1092 21 21 vi
513 1092 90 21 alldeles
619 1093 78 27 glömt,
717 1095 33 19 att
765 1094 21 20 vi
801 1094 64 22 hafva
880 1094 61 22 äldre

188 1125 145 22 förbindelser
349 1126 24 20 af
385 1126 142 27 tacksamhet,
543 1128 27 19 än
586 1126 42 22 den
643 1127 49 21 från
708 1128 89 20 förlidet
813 1128 30 21 år.

256 1159 59 21 Herr
331 1159 154 28 Schauman,
501 1160 25 21 B.
543 1160 36 22 O.:
595 1161 44 28 Jag
652 1162 70 21 skulle
738 1162 56 20 blott
808 1162 87 22 anhålla
910 1165 32 19 att

189 1193 22 21 få
231 1194 105 20 anmärka
358 1196 46 18 mot
425 1194 57 21 hvad
504 1195 51 21 herr
576 1195 157 27 Björkenheim
756 1198 69 26 yttrat
845 1204 34 14 om
899 1197 42 21 den

189 1227 94 27 skilnad,
303 1228 51 20 med
373 1228 90 21 hvilken
483 1228 93 22 svenska
595 1229 80 21 folkets
692 1230 131 28 deltagande
837 1231 56 21 visat
908 1231 34 27 sig

188 1262 46 19 mot
248 1261 57 21 hvad
319 1260 8 20 i
342 1260 110 28 Ryssland
467 1262 64 27 skett,
542 1262 40 20 och
593 1262 58 22 fästa
661 1264 221 27 uppmärksamheten
893 1264 47 22 der-

188 1294 43 27 vid,
254 1296 32 19 att
308 1294 65 21 också
396 1295 59 21 detta
478 1296 130 28 deltagande
630 1296 72 22 blifvit
720 1298 33 20 till
774 1297 53 21 fullo
848 1298 93 21 erkändt

188 1336 78 20 genom
282 1329 154 28 publicitetens
452 1336 93 22 organer
555 1331 7 21 i
572 1331 48 21 vårt
630 1331 51 21 land
691 1332 148 28 mångfaldiga
850 1333 90 28 gånger,

187 1363 114 22 hvaremot
320 1370 51 15 man
391 1364 71 28 aldrig
482 1366 43 20 sett
545 1365 30 21 uti
596 1365 49 22 dem
663 1366 84 22 infördt
761 1368 32 20 ett
808 1367 56 21 enda
879 1367 39 21 ord
933 1368 7 21 i

188 1398 78 21 sådant
288 1398 102 22 afseende
410 1398 135 24 beträffande
564 1400 116 29 Ryssland.
715 1401 44 29 Jag
778 1402 51 22 ville
849 1402 91 22 härmed

188 1432 77 22 endast
278 1433 49 22 litet
339 1434 84 28 justera
439 1434 57 22 hvad
510 1435 51 22 herr
575 1434 157 29 Björkenheim
748 1439 55 26 sagt.
