1036 1706
779 125 40 21 463

105 190 131 28 landtdagen
260 191 141 27 erforderliga
425 191 82 21 utskott
528 192 54 21 samt
605 191 185 28 språkdualismen
812 191 36 21 vid

106 225 63 21 dessa
188 225 94 21 utskotts
302 226 183 25 sammanträden,
505 226 7 20 i
532 226 100 26 förening
650 225 49 21 med
714 233 83 13 ovanan
813 226 35 20 vid

105 259 131 27 behandling
256 260 24 20 af
297 260 90 20 ärender
408 260 68 20 under
493 260 111 27 landtdag,
627 260 23 20 så
665 260 105 27 medtagit
789 260 59 20 tiden

106 294 33 20 för
159 293 126 21 ständernas
306 294 95 27 göromål
418 295 39 25 att,
474 294 87 21 oaktadt
576 294 29 20 all
621 293 77 28 ospard
713 294 64 20 möda
792 296 57 18 ännu

107 327 76 21 endast
202 327 68 28 några
290 328 22 20 få
327 328 23 20 af
364 327 25 21 de
405 328 48 20 utaf
466 328 27 20 H.
509 327 59 29 Kejs.
584 328 63 27 Maj:t
662 328 115 20 ständerna
793 328 56 20 före-

106 362 64 27 lagde
190 361 73 29 frågor
283 362 78 20 hunnit
375 362 100 27 beredas,
492 362 66 21 ehuru
578 362 168 28 tvåtredjedelar
767 362 24 21 af
808 362 41 20 den

106 396 33 21 för
159 396 131 28 landtdagen
311 396 85 28 nådigst
416 396 120 21 fastställda
554 396 31 21 tid
603 396 67 21 redan
688 397 97 20 förflutit.
815 396 34 21 Då

107 437 50 14 man
172 430 83 21 således
270 431 108 27 klarligen
393 430 72 21 kunde
481 431 45 20 inse
542 433 32 18 att
590 430 122 21 återstoden
727 431 24 20 af
759 430 90 21 berörde

107 465 31 20 tid
154 465 115 28 omöjligen
286 465 71 20 kunde
373 472 51 13 vara
440 465 116 28 tillräcklig
571 465 33 20 för
620 464 25 21 de
661 465 78 28 nådiga
754 465 96 27 proposi-

107 499 109 21 tionernas
232 499 88 28 slutliga
334 499 163 28 handläggning
513 499 39 20 och
568 499 85 20 derföre
669 501 72 26 syntes
757 499 93 20 oafvisli-

107 540 42 21 gen
165 533 131 28 nödvändigt
312 535 31 18 att
358 533 7 20 i
380 534 172 27 underdånighet
568 533 81 21 ansöka
664 540 34 14 om
709 533 142 28 landtdagens

108 567 148 28 förlängning,
277 567 55 20 hade
352 567 248 26 talmanskonferensen,
620 567 50 21 med
692 567 159 28 öfvervägande

104 602 82 27 jemväl
205 602 62 21 deraf
280 603 32 19 att
328 601 61 22 dessa
405 602 78 27 många
498 601 178 22 vidtomfattande
692 602 40 20 och
745 602 8 20 i
768 601 84 23 landets

107 636 205 21 rättsförhållanden
328 636 39 21 och
383 636 185 28 statsförvaltning
584 637 62 27 djupt
661 635 128 28 ingripande
803 643 48 21 pro-

107 671 126 28 positioner,
248 671 34 20 för
298 672 31 19 att
345 671 66 20 blifva
426 671 49 20 med
486 671 65 27 nödig
562 671 139 28 grundlighet
710 670 141 27 behandlade,

108 708 58 19 ännu
186 705 60 21 torde
264 705 86 21 komma
371 707 30 19 att
420 707 51 26 taga
485 705 7 20 i
507 705 93 28 anspråk
616 712 26 13 en
658 705 83 28 ganska
755 705 98 28 betydlig

109 741 31 20 tid
155 740 85 21 utöfver
256 739 41 21 den
313 739 71 22 dertill
400 739 66 21 redan
482 740 118 27 bestämda,
616 741 52 18 trott
684 739 32 28 sig
731 739 52 22 böra
797 740 56 20 före-

109 775 32 20 slå
161 774 25 21 de
207 774 123 28 respektive
350 774 90 21 stånden
461 776 32 19 att
513 774 32 21 till
560 775 28 20 H.
604 774 27 21 K.
652 774 62 27 Maj:t
733 774 52 27 ingå
805 773 49 21 med

109 816 27 13 en
155 808 134 27 underdånig
308 808 91 28 petition
421 815 32 14 om
475 809 138 27 förlängning
632 808 24 21 af
668 807 131 28 landtdagen
820 808 33 20 till

109 843 42 20 den
175 843 25 20 15
223 843 178 20 nästkommande
420 843 61 27 april.
512 843 46 20 Och
576 842 127 21 hemställde
718 842 50 21 herr
783 842 69 21 landt-

109 877 136 21 marskalken
262 877 85 21 derföre
363 884 29 13 nu
408 877 32 20 till
456 877 149 28 ridderskapet
620 877 39 20 och
676 876 63 21 adeln
750 883 34 14 om
797 877 56 20 stån-

109 912 36 21 det
160 911 51 21 ville
226 911 76 21 förena
318 911 33 27 sig
367 919 34 13 om
417 919 27 13 en
460 911 66 22 sådan
541 911 100 28 petition.

176 945 51 21 Med
242 946 118 28 anledning
375 946 64 21 häraf
452 946 95 27 yttrades
563 946 23 20 af

178 980 58 21 Herr
245 988 41 13 von
298 980 105 21 Konow:
415 980 43 28 Jag
468 981 33 21 får
512 980 110 21 vördsamt
632 980 91 28 upplysa
733 982 32 19 att
774 979 81 22 bonde-

111 1015 91 27 ståndet,
218 1015 39 21 hos
273 1015 82 21 hvilket
367 1015 39 28 jag
421 1022 52 21 nyss
486 1022 38 14 var
534 1015 7 20 i
552 1014 86 21 tillfälle
654 1016 32 19 att
700 1014 67 21 åhöra
777 1014 78 28 ifråga-

111 1050 94 21 varande
221 1050 91 20 ärendes
327 1049 138 29 behandling,
479 1050 88 20 beslutit
580 1051 32 19 att
626 1049 32 20 uti
674 1049 135 27 underdånig
819 1056 36 20 pe-

112 1085 62 20 tition
190 1084 39 21 hos
244 1085 28 20 H.
288 1084 61 28 Kejs.
365 1084 62 28 Maj:t
442 1085 86 20 anhålla
548 1092 34 13 om
602 1083 143 47 andtdsgens
761 1084 94 27 förläng-

112 1119 53 27 ning
179 1118 34 21 till
228 1119 41 21 den
287 1120 9 19 1
313 1118 144 22 instundande
473 1119 49 27 maj.

180 1153 57 21 Herr
257 1160 42 14 von
319 1153 197 27 Weissenberg:
532 1153 42 27 Jag
589 1159 63 14 anser
667 1152 76 28 frågan
759 1159 35 13 om
807 1159 49 21 pro-

113 1188 111 27 longation
239 1188 51 20 bero
307 1187 72 27 derpå,
394 1187 105 21 huruvida
515 1187 131 27 landtdagen
661 1186 68 21 under
741 1186 114 28 julhelgen

113 1222 97 20 kommer
230 1223 32 19 att
280 1222 67 20 blifva
362 1221 33 21 för
410 1222 75 27 längre
502 1221 52 21 eller
569 1221 87 21 kortare
672 1221 31 20 tid
718 1220 138 28 prorogerad.

180 1256 58 21 Herr
257 1256 199 21 landtmarskalken
477 1256 111 20 anmärkte
608 1255 76 21 härvid
699 1256 32 20 att
745 1255 112 27 landtdag,

113 1291 69 27 enligt
197 1290 166 28 grundlagarne,
374 1290 48 21 icke
437 1290 72 21 kunde
524 1297 127 21 prorogeras
667 1296 33 14 om
716 1290 20 27 ej
752 1292 106 24 regenten

114 1325 51 27 sjelf
178 1325 76 20 sådant
268 1324 137 26 verkställde,
415 1324 110 20 hvarefter
541 1331 26 13 en
578 1331 29 20 ny
617 1324 103 26 landtdag
731 1324 46 20 åter
787 1324 70 20 skulle

114 1359 172 20 sammankallas.
316 1358 51 21 Men
387 1365 34 13 om
436 1358 50 20 herr
501 1364 41 14 von
557 1358 155 26 Weissenberg
731 1358 78 26 ansåge
827 1359 31 19 att

114 1393 67 27 några
192 1392 232 28 plenisammanträden
435 1392 68 21 under
514 1392 70 28 någon
595 1392 31 21 tid
637 1392 20 27 ej
672 1391 69 21 skulle
753 1393 40 26 äga
803 1398 54 20 rum,

114 1427 95 21 berodde
225 1427 59 21 detta
300 1426 23 22 af
337 1426 85 22 ståndet
437 1428 32 19 att
483 1426 80 28 afgöra.
