1045 1714
215 136 41 24 486

187 204 50 21 med
256 204 157 28 skattejorden.
443 204 43 28 Jag
503 204 92 22 nämnde
611 210 35 16 om
664 202 51 24 herr
729 210 43 16 von
786 203 149 23 Willebrands

186 238 114 21 memorial
315 240 32 19 att
362 239 51 21 herr
422 246 42 13 von
474 239 138 21 Willebrand
622 238 38 22 vill
670 238 109 22 bibehålla
789 239 75 21 adelns
875 238 60 28 sjelf-

186 272 84 21 skrifna
284 274 236 27 representationsrätt,
531 280 50 14 men
597 272 110 30 upphäfva
717 273 43 21 alla
770 273 67 21 andra
847 273 88 29 privile-

186 307 57 28 gier;
262 307 55 21 hade
333 308 66 28 något
414 307 138 29 privilegium
567 308 64 20 bordt
643 308 121 28 upphäfvas
782 308 34 20 för
833 308 101 21 fullkom-

186 341 82 21 nandet
283 342 23 20 af
319 342 41 21 den
376 342 79 22 vackra
470 342 57 27 idén,
536 342 117 28 jemlikhet
662 342 8 21 i
680 342 131 28 rättigheter
826 342 41 21 och
877 342 57 28 skyl-

186 376 107 28 digheter,
314 377 23 21 så
352 377 55 21 hade
423 377 36 21 det
474 377 35 21 väl
524 377 50 21 bort
589 384 52 14 vara
655 377 42 21 den
713 376 134 29 sjelfskrifna
861 384 74 21 repre-

187 411 203 28 sentationsrätten;
399 412 40 28 jag
453 411 79 22 önskar
548 412 65 28 lifligt
627 414 32 19 att
669 412 42 21 den
722 411 42 29 dag
775 412 19 28 ej
806 412 67 21 måtte
883 419 53 14 vara

186 446 60 28 långt
267 446 96 28 aflägsen
384 446 27 21 då
434 446 60 22 detta
516 446 138 28 privilegium
674 446 92 29 upphör,
787 447 38 21 och
845 447 27 21 då
892 447 42 21 kan

186 480 66 22 också
267 487 51 15 vara
333 480 32 22 tid
379 481 34 21 för
429 481 26 21 de
469 481 67 22 andra
551 482 46 21 små
612 481 139 21 företrädena
766 482 31 20 att
812 481 58 21 falla.

254 516 44 28 Jag
317 515 98 21 anhåller
435 516 85 22 derföre
535 516 39 21 hos
590 516 153 28 ridderskapet
758 516 39 20 och
813 516 74 27 adeln,
903 517 31 19 att

186 556 46 15 som
250 550 60 21 tiden
326 551 20 27 ej
363 551 58 20 ännu
436 552 23 20 är
474 551 51 21 inne
540 551 34 21 för
590 550 80 22 sådana
684 551 113 26 reformer,
813 550 63 22 dessa
891 557 44 14 me-

186 585 109 27 morialer,
310 585 67 21 måtte
397 585 75 28 läggas
488 586 33 20 till
537 586 96 21 ståndets
649 585 129 28 handlingar
794 585 39 21 och
849 584 38 22 der
902 585 32 21 in-

185 620 67 20 vänta
270 620 42 20 den
328 619 43 28 dag
385 619 27 21 då
427 620 49 21 hela
491 620 38 22 vår
544 619 316 29 representationsförfattning
874 620 60 20 kom-

185 661 47 15 mer
246 656 32 20 att
294 654 112 21 ombildas.

253 689 59 21 Herr
328 689 157 28 Jägerhorn,
500 689 27 22 K.
544 689 31 22 J.:
595 689 34 21 Då
649 696 29 14 nu
693 696 27 14 en
736 690 58 28 gång
809 689 61 29 fråga
885 689 49 21 blif-

185 724 31 22 vit
231 724 65 21 väckt
310 732 35 13 om
361 724 125 28 privilegier
501 725 40 21 och
557 724 178 29 oegentligheten
750 725 24 21 af
787 725 62 21 deras
863 724 71 29 åtnju-

185 759 65 21 tande
266 760 48 20 utaf
327 759 42 21 den
383 766 41 14 cna
435 760 188 21 samhällsklassen
635 759 90 21 framför
737 759 41 22 den
789 759 73 27 andra,
873 760 61 20 torde

185 794 37 22 det
237 794 34 22 väl
287 794 53 21 höra
355 793 33 21 till
404 794 67 21 saken
487 796 37 26 att,
540 795 8 21 i
561 794 73 22 stället
649 794 35 21 för
699 794 87 28 frågans
797 794 139 22 omedelbara

185 828 150 28 förkastande,
356 836 45 14 som
421 828 39 22 här
477 829 71 21 blifvit
567 829 88 29 yrkadt,
674 829 55 21 dock
749 829 54 21 först
823 831 51 27 taga
892 829 41 21 den

185 864 69 20 under
274 865 100 19 närmare
395 863 166 29 öfvervägande.
591 864 51 20 Men
663 863 27 21 då
704 864 40 28 jag
761 866 45 19 tror
821 866 32 19 att
867 864 67 20 histo-

184 898 48 21 rien
248 905 34 14 om
298 898 165 28 ifrågavarande
479 898 136 28 privilegiers
630 898 118 28 uppkomst
760 900 23 20 är
794 899 59 21 inom
863 898 72 22 denna

185 932 67 22 värda
272 932 128 28 församling
420 932 74 21 alltför
514 933 34 21 väl
568 932 67 28 känd,
651 932 34 22 för
705 934 32 20 att
751 933 39 21 här
805 933 92 22 behöfva
912 933 25 21 af

185 967 47 28 mig
246 974 118 21 upprepas,
380 967 92 21 likasom
488 968 120 27 sanningen
624 967 63 21 deraf
700 968 24 20 är
738 967 151 29 ovedersäglig
903 969 32 19 att

185 1002 37 21 det
241 1002 50 20 med
310 1002 156 28 privilegierna
485 1002 169 28 ursprungligen
674 1002 90 21 afsedda
784 1002 100 22 ändamål
903 1004 32 20 att

185 1036 142 28 understödja
347 1036 40 21 och
402 1036 116 28 uppehålla
534 1036 26 21 de
577 1036 169 28 statsintressen,
762 1044 46 14 som
823 1037 36 21 vid
874 1037 60 21 tiden

184 1072 35 20 för
237 1071 165 28 privilegiernas
418 1072 106 20 tillkomst
539 1072 93 27 ansågos
647 1078 52 14 vara
715 1071 26 21 de
756 1071 116 28 vigtigaste
887 1072 47 21 häf-

185 1108 89 26 stänger
288 1105 34 21 för
337 1106 115 20 nationens
467 1106 94 27 höjande
577 1106 7 20 i
599 1106 146 21 intellektuelt
760 1106 40 20 och
811 1106 123 21 industrielt

184 1139 136 27 hänseende,
340 1140 136 28 småningom
497 1140 108 28 öfvergått
625 1140 33 20 till
674 1142 31 19 ett
720 1142 135 26 gemensamt
870 1140 63 21 sträf-

185 1174 70 21 vande
274 1174 40 21 hos
333 1174 76 28 hvarje
429 1174 82 22 individ
530 1174 58 21 inom
602 1174 103 22 nationen
722 1174 39 22 och
777 1175 157 28 samhällsbyg-

185 1209 72 21 naden
276 1209 89 21 sålunda
384 1209 66 21 redan
468 1209 78 22 hunnit
564 1209 33 20 till
615 1209 67 28 nödig
701 1209 76 28 stadga
790 1209 35 21 för
840 1209 37 21 sitt
893 1209 41 22 fria

184 1243 154 28 sjelfbestånd,
354 1249 63 20 synes
436 1243 45 27 mig
501 1243 110 28 sjelffallet
631 1251 52 13 vara
702 1245 31 19 att
749 1243 184 28 ståndsprivilegi-

185 1283 59 20 erna,
260 1277 7 20 i
283 1276 33 21 sin
331 1276 104 21 liknande
450 1277 110 27 egenskap
574 1277 24 20 af
607 1277 128 27 ställningar
746 1277 68 20 under
825 1277 107 28 bygnads-

186 1311 93 27 arbetet,
299 1317 30 14 nu
349 1309 66 26 borde
437 1311 71 21 såsom
528 1310 141 29 öfverflödiga
689 1311 40 21 och
747 1311 34 21 för
800 1313 31 19 att
846 1311 21 28 ej
882 1318 51 15 van-

184 1345 69 29 pryda
268 1345 69 28 huset,
353 1345 24 21 af
389 1345 167 28 bygmästarene
572 1345 77 28 sjelfve
664 1345 118 29 borttagas.

252 1380 45 21 Det
317 1382 24 19 är
360 1379 35 22 väl
415 1382 63 19 sannt
497 1382 31 19 att
544 1388 27 13 en
587 1382 44 19 stor
647 1380 34 21 del
697 1381 24 20 af
734 1381 200 28 ställningsarbetet

184 1415 68 22 redan
272 1415 56 21 fallit
343 1415 34 21 för
392 1415 71 21 tidens
479 1416 90 21 tärande
585 1415 52 22 tand
652 1415 39 21 och
707 1418 32 19 att
754 1416 42 22 den
812 1416 71 29 öfriga
898 1416 36 22 de-

185 1449 37 24 len
238 1452 59 20 snart
312 1457 43 21 nog
371 1449 55 22 skall
440 1450 54 28 följa
508 1450 56 22 efter
580 1451 41 21 den
637 1451 64 27 förra,
716 1457 51 16 men
783 1451 26 22 då
825 1451 48 21 dess
885 1451 49 22 obe-
