<?xml version="1.0" encoding="UTF-8"?>
<alto xmlns="http://www.loc.gov/standards/alto/ns-v3#" xmlns:xlink="http://www.w3.org/1999/xlink" xmlns:xsi="http://www.w3.org/2001/XMLSchema-instance" xsi:schemaLocation="http://www.loc.gov/standards/alto/ns-v3# http://www.loc.gov/alto/v3/alto-3-0.xsd">
	<Description>
		<MeasurementUnit>pixel</MeasurementUnit>
		<sourceImageInformation>
			<fileName>/tmp/tess_uvltcw_5_input.PNG</fileName>
		</sourceImageInformation>
		<OCRProcessing ID="OCR_0">
			<ocrProcessingStep>
				<processingSoftware>
					<softwareName>tesseract 5.3.4</softwareName>
				</processingSoftware>
			</ocrProcessingStep>
		</OCRProcessing>
	</Description>
	<Layout>
		<Page WIDTH="1003" HEIGHT="1714" PHYSICAL_IMG_NR="0" ID="page_0">
			<PrintSpace HPOS="0" VPOS="0" WIDTH="1003" HEIGHT="1714">
				<ComposedBlock ID="cblock_0" HPOS="216" VPOS="129" WIDTH="40" HEIGHT="21">
					<TextBlock ID="block_0" HPOS="216" VPOS="129" WIDTH="40" HEIGHT="21">
						<TextLine ID="line_0" HPOS="216" VPOS="129" WIDTH="40" HEIGHT="21">
							<String ID="string_0" HPOS="216" VPOS="129" WIDTH="40" HEIGHT="21" WC="0.91" CONTENT="706"/>
						</TextLine>
					</TextBlock>
				</ComposedBlock>
				<ComposedBlock ID="cblock_1" HPOS="182" VPOS="195" WIDTH="749" HEIGHT="1270">
					<TextBlock ID="block_1" HPOS="512" VPOS="195" WIDTH="90" HEIGHT="54">
						<TextLine ID="line_1" HPOS="528" VPOS="195" WIDTH="61" HEIGHT="27">
							<String ID="string_1" HPOS="528" VPOS="195" WIDTH="11" HEIGHT="27" WC="0.72" CONTENT="8"/><SP WIDTH="15" VPOS="195" HPOS="539"/>
							<String ID="string_2" HPOS="554" VPOS="195" WIDTH="35" HEIGHT="20" WC="0.95" CONTENT="24."/>
						</TextLine>
						<TextLine ID="line_2" HPOS="512" VPOS="229" WIDTH="90" HEIGHT="20">
							<String ID="string_3" HPOS="512" VPOS="229" WIDTH="8" HEIGHT="20" WC="0.95" CONTENT="1"/><SP WIDTH="19" VPOS="229" HPOS="520"/>
							<String ID="string_4" HPOS="539" VPOS="236" WIDTH="63" HEIGHT="13" WC="0.95" CONTENT="mom."/>
						</TextLine>
					</TextBlock>
					<TextBlock ID="block_2" HPOS="186" VPOS="262" WIDTH="745" HEIGHT="127">
						<TextLine ID="line_3" HPOS="255" VPOS="262" WIDTH="674" HEIGHT="29">
							<String ID="string_5" HPOS="255" VPOS="263" WIDTH="57" HEIGHT="22" WC="0.96" CONTENT="Herr"/><SP WIDTH="15" VPOS="263" HPOS="312"/>
							<String ID="string_6" HPOS="327" VPOS="270" WIDTH="42" HEIGHT="14" WC="0.93" CONTENT="von"/><SP WIDTH="16" VPOS="270" HPOS="369"/>
							<String ID="string_7" HPOS="385" VPOS="263" WIDTH="188" HEIGHT="28" WC="0.91" CONTENT="Weissenberg"/><SP WIDTH="19" VPOS="263" HPOS="573"/>
							<String ID="string_8" HPOS="592" VPOS="263" WIDTH="94" HEIGHT="28" WC="0.96" CONTENT="begärde"/><SP WIDTH="16" VPOS="263" HPOS="686"/>
							<String ID="string_9" HPOS="702" VPOS="263" WIDTH="61" HEIGHT="21" WC="0.96" CONTENT="ordet"/><SP WIDTH="16" VPOS="263" HPOS="763"/>
							<String ID="string_10" HPOS="779" VPOS="263" WIDTH="39" HEIGHT="21" WC="0.96" CONTENT="och"/><SP WIDTH="15" VPOS="263" HPOS="818"/>
							<String ID="string_11" HPOS="833" VPOS="262" WIDTH="96" HEIGHT="29" WC="0.96" CONTENT="yttrade:"/>
						</TextLine>
						<TextLine ID="line_4" HPOS="186" VPOS="297" WIDTH="744" HEIGHT="29">
							<String ID="string_12" HPOS="186" VPOS="299" WIDTH="62" HEIGHT="21" WC="0.96" CONTENT="Hvad"/><SP WIDTH="15" VPOS="299" HPOS="248"/>
							<String ID="string_13" HPOS="263" VPOS="298" WIDTH="60" HEIGHT="21" WC="0.96" CONTENT="detta"/><SP WIDTH="16" VPOS="298" HPOS="323"/>
							<String ID="string_14" HPOS="339" VPOS="299" WIDTH="10" HEIGHT="20" WC="0.95" CONTENT="1"/><SP WIDTH="17" VPOS="299" HPOS="349"/>
							<String ID="string_15" HPOS="366" VPOS="305" WIDTH="64" HEIGHT="14" WC="0.96" CONTENT="mom."/><SP WIDTH="15" VPOS="305" HPOS="430"/>
							<String ID="string_16" HPOS="445" VPOS="297" WIDTH="109" HEIGHT="28" WC="0.96" CONTENT="beträffar,"/><SP WIDTH="17" VPOS="297" HPOS="554"/>
							<String ID="string_17" HPOS="571" VPOS="298" WIDTH="22" HEIGHT="20" WC="0.96" CONTENT="så"/><SP WIDTH="15" VPOS="298" HPOS="593"/>
							<String ID="string_18" HPOS="608" VPOS="297" WIDTH="87" HEIGHT="21" WC="0.96" CONTENT="förenar"/><SP WIDTH="12" VPOS="297" HPOS="695"/>
							<String ID="string_19" HPOS="707" VPOS="298" WIDTH="40" HEIGHT="27" WC="0.96" CONTENT="jag"/><SP WIDTH="20" VPOS="298" HPOS="747"/>
							<String ID="string_20" HPOS="767" VPOS="297" WIDTH="44" HEIGHT="29" WC="0.96" CONTENT="mig"/><SP WIDTH="19" VPOS="297" HPOS="811"/>
							<String ID="string_21" HPOS="830" VPOS="297" WIDTH="46" HEIGHT="21" WC="0.96" CONTENT="helt"/><SP WIDTH="15" VPOS="297" HPOS="876"/>
							<String ID="string_22" HPOS="891" VPOS="297" WIDTH="39" HEIGHT="21" WC="0.96" CONTENT="och"/>
						</TextLine>
						<TextLine ID="line_5" HPOS="186" VPOS="332" WIDTH="745" HEIGHT="23">
							<String ID="string_23" HPOS="186" VPOS="334" WIDTH="67" HEIGHT="21" WC="0.94" CONTENT="hållet"/><SP WIDTH="20" VPOS="334" HPOS="253"/>
							<String ID="string_24" HPOS="273" VPOS="333" WIDTH="7" HEIGHT="21" WC="0.96" CONTENT="i"/><SP WIDTH="19" VPOS="333" HPOS="280"/>
							<String ID="string_25" HPOS="299" VPOS="333" WIDTH="42" HEIGHT="21" WC="0.96" CONTENT="den"/><SP WIDTH="26" VPOS="333" HPOS="341"/>
							<String ID="string_26" HPOS="367" VPOS="333" WIDTH="132" HEIGHT="21" WC="0.95" CONTENT="reservation"/><SP WIDTH="22" VPOS="333" HPOS="499"/>
							<String ID="string_27" HPOS="521" VPOS="333" WIDTH="91" HEIGHT="20" WC="0.95" CONTENT="friherre"/><SP WIDTH="26" VPOS="333" HPOS="612"/>
							<String ID="string_28" HPOS="638" VPOS="332" WIDTH="59" HEIGHT="21" WC="0.95" CONTENT="Troil"/><SP WIDTH="16" VPOS="332" HPOS="697"/>
							<String ID="string_29" HPOS="713" VPOS="333" WIDTH="7" HEIGHT="20" WC="0.93" CONTENT="i"/><SP WIDTH="15" VPOS="333" HPOS="720"/>
							<String ID="string_30" HPOS="735" VPOS="332" WIDTH="196" HEIGHT="21" WC="0.92" CONTENT="riddarhusutskot-"/>
						</TextLine>
						<TextLine ID="line_6" HPOS="186" VPOS="368" WIDTH="154" HEIGHT="21">
							<String ID="string_31" HPOS="186" VPOS="370" WIDTH="32" HEIGHT="19" WC="0.93" CONTENT="tet"/><SP WIDTH="14" VPOS="370" HPOS="218"/>
							<String ID="string_32" HPOS="232" VPOS="368" WIDTH="108" HEIGHT="21" WC="0.89" CONTENT="aflemnat."/>
						</TextLine>
					</TextBlock>
					<TextBlock ID="block_3" HPOS="185" VPOS="401" WIDTH="745" HEIGHT="168">
						<TextLine ID="line_7" HPOS="253" VPOS="401" WIDTH="676" HEIGHT="29">
							<String ID="string_33" HPOS="253" VPOS="403" WIDTH="58" HEIGHT="20" WC="0.96" CONTENT="Herr"/><SP WIDTH="15" VPOS="403" HPOS="311"/>
							<String ID="string_34" HPOS="326" VPOS="409" WIDTH="41" HEIGHT="14" WC="0.96" CONTENT="von"/><SP WIDTH="15" VPOS="409" HPOS="367"/>
							<String ID="string_35" HPOS="382" VPOS="403" WIDTH="77" HEIGHT="26" WC="0.93" CONTENT="Born,"/><SP WIDTH="18" VPOS="403" HPOS="459"/>
							<String ID="string_36" HPOS="477" VPOS="401" WIDTH="27" HEIGHT="22" WC="0.89" CONTENT="K."/><SP WIDTH="18" VPOS="401" HPOS="504"/>
							<String ID="string_37" HPOS="522" VPOS="402" WIDTH="36" HEIGHT="21" WC="0.91" CONTENT="F.:"/><SP WIDTH="16" VPOS="402" HPOS="558"/>
							<String ID="string_38" HPOS="574" VPOS="401" WIDTH="34" HEIGHT="22" WC="0.96" CONTENT="Då"/><SP WIDTH="15" VPOS="401" HPOS="608"/>
							<String ID="string_39" HPOS="623" VPOS="401" WIDTH="70" HEIGHT="21" WC="0.96" CONTENT="denna"/><SP WIDTH="15" VPOS="401" HPOS="693"/>
							<String ID="string_40" HPOS="708" VPOS="401" WIDTH="68" HEIGHT="29" WC="0.96" CONTENT="fråga,"/><SP WIDTH="16" VPOS="401" HPOS="776"/>
							<String ID="string_41" HPOS="792" VPOS="409" WIDTH="45" HEIGHT="13" WC="0.96" CONTENT="som"/><SP WIDTH="14" VPOS="409" HPOS="837"/>
							<String ID="string_42" HPOS="851" VPOS="401" WIDTH="40" HEIGHT="22" WC="0.96" CONTENT="här"/><SP WIDTH="15" VPOS="401" HPOS="891"/>
							<String ID="string_43" HPOS="906" VPOS="403" WIDTH="23" HEIGHT="20" WC="0.95" CONTENT="är"/>
						</TextLine>
						<TextLine ID="line_8" HPOS="186" VPOS="436" WIDTH="744" HEIGHT="29">
							<String ID="string_44" HPOS="186" VPOS="437" WIDTH="128" HEIGHT="27" WC="0.96" CONTENT="behandlad,"/><SP WIDTH="17" VPOS="437" HPOS="314"/>
							<String ID="string_45" HPOS="331" VPOS="439" WIDTH="23" HEIGHT="19" WC="0.96" CONTENT="är"/><SP WIDTH="16" VPOS="439" HPOS="354"/>
							<String ID="string_46" HPOS="370" VPOS="437" WIDTH="24" HEIGHT="21" WC="0.96" CONTENT="af"/><SP WIDTH="12" VPOS="437" HPOS="394"/>
							<String ID="string_47" HPOS="406" VPOS="437" WIDTH="92" HEIGHT="28" WC="0.96" CONTENT="mycken"/><SP WIDTH="15" VPOS="437" HPOS="498"/>
							<String ID="string_48" HPOS="513" VPOS="437" WIDTH="46" HEIGHT="28" WC="0.96" CONTENT="vigt"/><SP WIDTH="16" VPOS="437" HPOS="559"/>
							<String ID="string_49" HPOS="575" VPOS="436" WIDTH="38" HEIGHT="21" WC="0.96" CONTENT="och"/><SP WIDTH="15" VPOS="436" HPOS="613"/>
							<String ID="string_50" HPOS="628" VPOS="436" WIDTH="138" HEIGHT="28" WC="0.96" CONTENT="betydenhet,"/><SP WIDTH="16" VPOS="436" HPOS="766"/>
							<String ID="string_51" HPOS="782" VPOS="437" WIDTH="23" HEIGHT="20" WC="0.96" CONTENT="så"/><SP WIDTH="15" VPOS="437" HPOS="805"/>
							<String ID="string_52" HPOS="820" VPOS="443" WIDTH="63" HEIGHT="14" WC="0.96" CONTENT="anser"/><SP WIDTH="8" VPOS="443" HPOS="883"/>
							<String ID="string_53" HPOS="891" VPOS="437" WIDTH="39" HEIGHT="27" WC="0.95" CONTENT="jag"/>
						</TextLine>
						<TextLine ID="line_9" HPOS="186" VPOS="470" WIDTH="743" HEIGHT="29">
							<String ID="string_54" HPOS="186" VPOS="471" WIDTH="129" HEIGHT="28" WC="0.96" CONTENT="betänkligt,"/><SP WIDTH="16" VPOS="471" HPOS="315"/>
							<String ID="string_55" HPOS="331" VPOS="474" WIDTH="32" HEIGHT="19" WC="0.96" CONTENT="att"/><SP WIDTH="15" VPOS="474" HPOS="363"/>
							<String ID="string_56" HPOS="378" VPOS="471" WIDTH="124" HEIGHT="22" WC="0.96" CONTENT="densamma"/><SP WIDTH="20" VPOS="471" HPOS="502"/>
							<String ID="string_57" HPOS="522" VPOS="479" WIDTH="29" HEIGHT="13" WC="0.96" CONTENT="nu"/><SP WIDTH="19" VPOS="479" HPOS="551"/>
							<String ID="string_58" HPOS="570" VPOS="471" WIDTH="152" HEIGHT="26" WC="0.96" CONTENT="förekommer,"/><SP WIDTH="20" VPOS="471" HPOS="722"/>
							<String ID="string_59" HPOS="742" VPOS="470" WIDTH="27" HEIGHT="21" WC="0.95" CONTENT="då"/><SP WIDTH="20" VPOS="470" HPOS="769"/>
							<String ID="string_60" HPOS="789" VPOS="471" WIDTH="23" HEIGHT="20" WC="0.96" CONTENT="så"/><SP WIDTH="19" VPOS="471" HPOS="812"/>
							<String ID="string_61" HPOS="831" VPOS="470" WIDTH="22" HEIGHT="21" WC="0.93" CONTENT="få"/><SP WIDTH="18" VPOS="470" HPOS="853"/>
							<String ID="string_62" HPOS="871" VPOS="471" WIDTH="58" HEIGHT="21" WC="0.92" CONTENT="med-"/>
						</TextLine>
						<TextLine ID="line_10" HPOS="186" VPOS="505" WIDTH="744" HEIGHT="28">
							<String ID="string_63" HPOS="186" VPOS="507" WIDTH="90" HEIGHT="20" WC="0.96" CONTENT="lemmar"/><SP WIDTH="18" VPOS="507" HPOS="276"/>
							<String ID="string_64" HPOS="294" VPOS="508" WIDTH="37" HEIGHT="19" WC="0.96" CONTENT="äro"/><SP WIDTH="16" VPOS="508" HPOS="331"/>
							<String ID="string_65" HPOS="347" VPOS="506" WIDTH="139" HEIGHT="21" WC="0.93" CONTENT="närvarande."/><SP WIDTH="30" VPOS="506" HPOS="486"/>
							<String ID="string_66" HPOS="516" VPOS="506" WIDTH="75" HEIGHT="21" WC="0.82" CONTENT="Skulle"/><SP WIDTH="20" VPOS="506" HPOS="591"/>
							<String ID="string_67" HPOS="611" VPOS="505" WIDTH="74" HEIGHT="28" WC="0.96" CONTENT="frågan"/><SP WIDTH="17" VPOS="505" HPOS="685"/>
							<String ID="string_68" HPOS="702" VPOS="505" WIDTH="55" HEIGHT="21" WC="0.96" CONTENT="dock"/><SP WIDTH="15" VPOS="505" HPOS="757"/>
							<String ID="string_69" HPOS="772" VPOS="505" WIDTH="118" HEIGHT="28" WC="0.96" CONTENT="företagas,"/><SP WIDTH="17" VPOS="505" HPOS="890"/>
							<String ID="string_70" HPOS="907" VPOS="505" WIDTH="23" HEIGHT="21" WC="0.96" CONTENT="så"/>
						</TextLine>
						<TextLine ID="line_11" HPOS="185" VPOS="540" WIDTH="431" HEIGHT="29">
							<String ID="string_71" HPOS="185" VPOS="541" WIDTH="98" HEIGHT="21" WC="0.96" CONTENT="anhåller"/><SP WIDTH="12" VPOS="541" HPOS="283"/>
							<String ID="string_72" HPOS="295" VPOS="541" WIDTH="39" HEIGHT="28" WC="0.96" CONTENT="jag"/><SP WIDTH="15" VPOS="541" HPOS="334"/>
							<String ID="string_73" HPOS="349" VPOS="543" WIDTH="32" HEIGHT="18" WC="0.96" CONTENT="att"/><SP WIDTH="15" VPOS="543" HPOS="381"/>
							<String ID="string_74" HPOS="396" VPOS="541" WIDTH="21" HEIGHT="20" WC="0.96" CONTENT="få"/><SP WIDTH="15" VPOS="541" HPOS="417"/>
							<String ID="string_75" HPOS="432" VPOS="542" WIDTH="57" HEIGHT="26" WC="0.95" CONTENT="yttra"/><SP WIDTH="15" VPOS="542" HPOS="489"/>
							<String ID="string_76" HPOS="504" VPOS="541" WIDTH="44" HEIGHT="27" WC="0.92" CONTENT="mig"/><SP WIDTH="16" VPOS="541" HPOS="548"/>
							<String ID="string_77" HPOS="564" VPOS="540" WIDTH="52" HEIGHT="21" WC="0.90" CONTENT="deri."/>
						</TextLine>
					</TextBlock>
					<TextBlock ID="block_4" HPOS="182" VPOS="574" WIDTH="748" HEIGHT="891">
						<TextLine ID="line_12" HPOS="254" VPOS="574" WIDTH="675" HEIGHT="28">
							<String ID="string_78" HPOS="254" VPOS="575" WIDTH="71" HEIGHT="22" WC="0.95" CONTENT="Sedan"/><SP WIDTH="17" VPOS="575" HPOS="325"/>
							<String ID="string_79" HPOS="342" VPOS="575" WIDTH="49" HEIGHT="21" WC="0.92" CONTENT="herr"/><SP WIDTH="15" VPOS="575" HPOS="391"/>
							<String ID="string_80" HPOS="406" VPOS="575" WIDTH="199" HEIGHT="21" WC="0.91" CONTENT="landtmarskalken"/><SP WIDTH="16" VPOS="575" HPOS="605"/>
							<String ID="string_81" HPOS="621" VPOS="575" WIDTH="48" HEIGHT="20" WC="0.96" CONTENT="med"/><SP WIDTH="15" VPOS="575" HPOS="669"/>
							<String ID="string_82" HPOS="684" VPOS="574" WIDTH="117" HEIGHT="28" WC="0.96" CONTENT="anledning"/><SP WIDTH="14" VPOS="574" HPOS="801"/>
							<String ID="string_83" HPOS="815" VPOS="575" WIDTH="64" HEIGHT="20" WC="0.93" CONTENT="häraf"/><SP WIDTH="8" VPOS="575" HPOS="879"/>
							<String ID="string_84" HPOS="887" VPOS="575" WIDTH="42" HEIGHT="20" WC="0.93" CONTENT="för-"/>
						</TextLine>
						<TextLine ID="line_13" HPOS="185" VPOS="609" WIDTH="744" HEIGHT="29">
							<String ID="string_85" HPOS="185" VPOS="610" WIDTH="71" HEIGHT="21" WC="0.96" CONTENT="klarat"/><SP WIDTH="15" VPOS="610" HPOS="256"/>
							<String ID="string_86" HPOS="271" VPOS="611" WIDTH="33" HEIGHT="27" WC="0.96" CONTENT="sig"/><SP WIDTH="15" VPOS="611" HPOS="304"/>
							<String ID="string_87" HPOS="319" VPOS="610" WIDTH="48" HEIGHT="21" WC="0.96" CONTENT="icke"/><SP WIDTH="15" VPOS="610" HPOS="367"/>
							<String ID="string_88" HPOS="382" VPOS="610" WIDTH="58" HEIGHT="21" WC="0.92" CONTENT="finna"/><SP WIDTH="11" VPOS="610" HPOS="440"/>
							<String ID="string_89" HPOS="451" VPOS="610" WIDTH="157" HEIGHT="21" WC="0.92" CONTENT="ledamöternes"/><SP WIDTH="11" VPOS="610" HPOS="608"/>
							<String ID="string_90" HPOS="619" VPOS="609" WIDTH="59" HEIGHT="21" WC="0.96" CONTENT="antal"/><SP WIDTH="11" VPOS="609" HPOS="678"/>
							<String ID="string_91" HPOS="689" VPOS="609" WIDTH="23" HEIGHT="21" WC="0.96" CONTENT="så"/><SP WIDTH="10" VPOS="609" HPOS="712"/>
							<String ID="string_92" HPOS="722" VPOS="609" WIDTH="69" HEIGHT="28" WC="0.96" CONTENT="ringa,"/><SP WIDTH="10" VPOS="609" HPOS="791"/>
							<String ID="string_93" HPOS="801" VPOS="611" WIDTH="32" HEIGHT="19" WC="0.93" CONTENT="att"/><SP WIDTH="13" VPOS="611" HPOS="833"/>
							<String ID="string_94" HPOS="846" VPOS="609" WIDTH="83" HEIGHT="22" WC="0.92" CONTENT="diskus-"/>
						</TextLine>
						<TextLine ID="line_14" HPOS="185" VPOS="644" WIDTH="743" HEIGHT="27">
							<String ID="string_95" HPOS="185" VPOS="645" WIDTH="76" HEIGHT="20" WC="0.96" CONTENT="sionen"/><SP WIDTH="15" VPOS="645" HPOS="261"/>
							<String ID="string_96" HPOS="276" VPOS="645" WIDTH="7" HEIGHT="20" WC="0.96" CONTENT="i"/><SP WIDTH="16" VPOS="645" HPOS="283"/>
							<String ID="string_97" HPOS="299" VPOS="646" WIDTH="73" HEIGHT="19" WC="0.93" CONTENT="ämnet"/><SP WIDTH="20" VPOS="646" HPOS="372"/>
							<String ID="string_98" HPOS="392" VPOS="645" WIDTH="84" HEIGHT="20" WC="0.92" CONTENT="derföre"/><SP WIDTH="20" VPOS="645" HPOS="476"/>
							<String ID="string_99" HPOS="496" VPOS="644" WIDTH="93" HEIGHT="21" WC="0.91" CONTENT="behöfde"/><SP WIDTH="20" VPOS="644" HPOS="589"/>
							<String ID="string_100" HPOS="609" VPOS="644" WIDTH="106" HEIGHT="27" WC="0.92" CONTENT="afbrytas,"/><SP WIDTH="16" VPOS="644" HPOS="715"/>
							<String ID="string_101" HPOS="731" VPOS="644" WIDTH="69" HEIGHT="21" WC="0.96" CONTENT="erhöll"/><SP WIDTH="19" VPOS="644" HPOS="800"/>
							<String ID="string_102" HPOS="819" VPOS="644" WIDTH="50" HEIGHT="21" WC="0.96" CONTENT="herr"/><SP WIDTH="18" VPOS="644" HPOS="869"/>
							<String ID="string_103" HPOS="887" VPOS="651" WIDTH="41" HEIGHT="14" WC="0.96" CONTENT="von"/>
						</TextLine>
						<TextLine ID="line_15" HPOS="185" VPOS="678" WIDTH="745" HEIGHT="29">
							<String ID="string_104" HPOS="185" VPOS="679" WIDTH="59" HEIGHT="21" WC="0.96" CONTENT="Born"/><SP WIDTH="15" VPOS="679" HPOS="244"/>
							<String ID="string_105" HPOS="259" VPOS="679" WIDTH="47" HEIGHT="21" WC="0.96" CONTENT="åter"/><SP WIDTH="15" VPOS="679" HPOS="306"/>
							<String ID="string_106" HPOS="321" VPOS="679" WIDTH="62" HEIGHT="21" WC="0.96" CONTENT="ordet"/><SP WIDTH="10" VPOS="679" HPOS="383"/>
							<String ID="string_107" HPOS="393" VPOS="679" WIDTH="39" HEIGHT="21" WC="0.96" CONTENT="och"/><SP WIDTH="11" VPOS="679" HPOS="432"/>
							<String ID="string_108" HPOS="443" VPOS="679" WIDTH="93" HEIGHT="28" WC="0.96" CONTENT="yttrade:"/><SP WIDTH="16" VPOS="679" HPOS="536"/>
							<String ID="string_109" HPOS="552" VPOS="679" WIDTH="39" HEIGHT="20" WC="0.95" CONTENT="Uti"/><SP WIDTH="10" VPOS="679" HPOS="591"/>
							<String ID="string_110" HPOS="601" VPOS="679" WIDTH="11" HEIGHT="27" WC="0.87" CONTENT="$"/><SP WIDTH="12" VPOS="679" HPOS="612"/>
							<String ID="string_111" HPOS="624" VPOS="679" WIDTH="26" HEIGHT="20" WC="0.96" CONTENT="24"/><SP WIDTH="11" VPOS="679" HPOS="650"/>
							<String ID="string_112" HPOS="661" VPOS="678" WIDTH="38" HEIGHT="21" WC="0.93" CONTENT="har"/><SP WIDTH="11" VPOS="678" HPOS="699"/>
							<String ID="string_113" HPOS="710" VPOS="678" WIDTH="220" HEIGHT="22" WC="0.93" CONTENT="riddarhusutskottet"/>
						</TextLine>
						<TextLine ID="line_16" HPOS="185" VPOS="713" WIDTH="744" HEIGHT="29">
							<String ID="string_114" HPOS="185" VPOS="714" WIDTH="106" HEIGHT="21" WC="0.96" CONTENT="etablerat"/><SP WIDTH="14" VPOS="714" HPOS="291"/>
							<String ID="string_115" HPOS="305" VPOS="720" WIDTH="28" HEIGHT="15" WC="0.96" CONTENT="en"/><SP WIDTH="14" VPOS="720" HPOS="333"/>
							<String ID="string_116" HPOS="347" VPOS="713" WIDTH="95" HEIGHT="29" WC="0.96" CONTENT="princip,"/><SP WIDTH="15" VPOS="713" HPOS="442"/>
							<String ID="string_117" HPOS="457" VPOS="713" WIDTH="88" HEIGHT="22" WC="0.96" CONTENT="hvilken"/><SP WIDTH="15" VPOS="713" HPOS="545"/>
							<String ID="string_118" HPOS="560" VPOS="713" WIDTH="36" HEIGHT="22" WC="0.96" CONTENT="vid"/><SP WIDTH="14" VPOS="713" HPOS="596"/>
							<String ID="string_119" HPOS="610" VPOS="713" WIDTH="44" HEIGHT="20" WC="0.95" CONTENT="alla"/><SP WIDTH="14" VPOS="713" HPOS="654"/>
							<String ID="string_120" HPOS="668" VPOS="713" WIDTH="131" HEIGHT="28" WC="0.96" CONTENT="föregående"/><SP WIDTH="18" VPOS="713" HPOS="799"/>
							<String ID="string_121" HPOS="817" VPOS="713" WIDTH="112" HEIGHT="28" WC="0.96" CONTENT="riksdagar"/>
						</TextLine>
						<TextLine ID="line_17" HPOS="185" VPOS="747" WIDTH="744" HEIGHT="29">
							<String ID="string_122" HPOS="185" VPOS="749" WIDTH="56" HEIGHT="20" WC="0.96" CONTENT="varit"/><SP WIDTH="10" VPOS="749" HPOS="241"/>
							<String ID="string_123" HPOS="251" VPOS="748" WIDTH="132" HEIGHT="28" WC="0.95" CONTENT="fullkomligt"/><SP WIDTH="16" VPOS="748" HPOS="383"/>
							<String ID="string_124" HPOS="399" VPOS="749" WIDTH="76" HEIGHT="27" WC="0.96" CONTENT="okänd,"/><SP WIDTH="11" VPOS="749" HPOS="475"/>
							<String ID="string_125" HPOS="486" VPOS="755" WIDTH="48" HEIGHT="14" WC="0.96" CONTENT="men"/><SP WIDTH="11" VPOS="755" HPOS="534"/>
							<String ID="string_126" HPOS="545" VPOS="755" WIDTH="46" HEIGHT="14" WC="0.95" CONTENT="som"/><SP WIDTH="16" VPOS="755" HPOS="591"/>
							<String ID="string_127" HPOS="607" VPOS="748" WIDTH="66" HEIGHT="21" WC="0.95" CONTENT="redan"/><SP WIDTH="15" VPOS="748" HPOS="673"/>
							<String ID="string_128" HPOS="688" VPOS="748" WIDTH="36" HEIGHT="21" WC="0.96" CONTENT="vid"/><SP WIDTH="15" VPOS="748" HPOS="724"/>
							<String ID="string_129" HPOS="739" VPOS="747" WIDTH="70" HEIGHT="22" WC="0.93" CONTENT="denna"/><SP WIDTH="10" VPOS="747" HPOS="809"/>
							<String ID="string_130" HPOS="819" VPOS="748" WIDTH="110" HEIGHT="28" WC="0.91" CONTENT="landtdag,"/>
						</TextLine>
						<TextLine ID="line_18" HPOS="185" VPOS="782" WIDTH="744" HEIGHT="29">
							<String ID="string_131" HPOS="185" VPOS="785" WIDTH="51" HEIGHT="19" WC="0.96" CONTENT="utan"/><SP WIDTH="16" VPOS="785" HPOS="236"/>
							<String ID="string_132" HPOS="252" VPOS="783" WIDTH="48" HEIGHT="21" WC="0.96" CONTENT="stöd"/><SP WIDTH="15" VPOS="783" HPOS="300"/>
							<String ID="string_133" HPOS="315" VPOS="783" WIDTH="23" HEIGHT="21" WC="0.96" CONTENT="af"/><SP WIDTH="13" VPOS="783" HPOS="338"/>
							<String ID="string_134" HPOS="351" VPOS="783" WIDTH="99" HEIGHT="28" WC="0.96" CONTENT="gällande"/><SP WIDTH="15" VPOS="783" HPOS="450"/>
							<String ID="string_135" HPOS="465" VPOS="783" WIDTH="135" HEIGHT="26" WC="0.96" CONTENT="föreskrifter"/><SP WIDTH="15" VPOS="783" HPOS="600"/>
							<String ID="string_136" HPOS="615" VPOS="783" WIDTH="53" HEIGHT="20" WC="0.96" CONTENT="eller"/><SP WIDTH="16" VPOS="783" HPOS="668"/>
							<String ID="string_137" HPOS="684" VPOS="789" WIDTH="38" HEIGHT="14" WC="0.93" CONTENT="ens"/><SP WIDTH="14" VPOS="789" HPOS="722"/>
							<String ID="string_138" HPOS="736" VPOS="782" WIDTH="106" HEIGHT="28" WC="0.91" CONTENT="billighet,"/><SP WIDTH="11" VPOS="782" HPOS="842"/>
							<String ID="string_139" HPOS="853" VPOS="783" WIDTH="76" HEIGHT="21" WC="0.96" CONTENT="vunnit"/>
						</TextLine>
						<TextLine ID="line_19" HPOS="185" VPOS="817" WIDTH="744" HEIGHT="29">
							<String ID="string_140" HPOS="185" VPOS="818" WIDTH="146" HEIGHT="28" WC="0.93" CONTENT="tillämpning,"/><SP WIDTH="17" VPOS="818" HPOS="331"/>
							<String ID="string_141" HPOS="348" VPOS="818" WIDTH="109" HEIGHT="27" WC="0.91" CONTENT="nemligen"/><SP WIDTH="19" VPOS="818" HPOS="457"/>
							<String ID="string_142" HPOS="476" VPOS="817" WIDTH="118" HEIGHT="28" WC="0.96" CONTENT="stadgande"/><SP WIDTH="16" VPOS="817" HPOS="594"/>
							<String ID="string_143" HPOS="610" VPOS="817" WIDTH="74" HEIGHT="21" WC="0.96" CONTENT="derom"/><SP WIDTH="16" VPOS="817" HPOS="684"/>
							<String ID="string_144" HPOS="700" VPOS="819" WIDTH="32" HEIGHT="19" WC="0.93" CONTENT="att"/><SP WIDTH="19" VPOS="819" HPOS="732"/>
							<String ID="string_145" HPOS="751" VPOS="817" WIDTH="178" HEIGHT="22" WC="0.92" CONTENT="ståndsmedlems"/>
						</TextLine>
						<TextLine ID="line_20" HPOS="185" VPOS="852" WIDTH="744" HEIGHT="29">
							<String ID="string_146" HPOS="185" VPOS="853" WIDTH="107" HEIGHT="28" WC="0.92" CONTENT="afsägelse"/><SP WIDTH="20" VPOS="853" HPOS="292"/>
							<String ID="string_147" HPOS="312" VPOS="853" WIDTH="48" HEIGHT="20" WC="0.96" CONTENT="från"/><SP WIDTH="19" VPOS="853" HPOS="360"/>
							<String ID="string_148" HPOS="379" VPOS="852" WIDTH="123" HEIGHT="29" WC="0.96" CONTENT="befattning"/><SP WIDTH="16" VPOS="852" HPOS="502"/>
							<String ID="string_149" HPOS="518" VPOS="853" WIDTH="69" HEIGHT="20" WC="0.93" CONTENT="såsom"/><SP WIDTH="17" VPOS="853" HPOS="587"/>
							<String ID="string_150" HPOS="604" VPOS="852" WIDTH="189" HEIGHT="21" WC="0.91" CONTENT="utskottsledamot"/><SP WIDTH="15" VPOS="852" HPOS="793"/>
							<String ID="string_151" HPOS="808" VPOS="853" WIDTH="69" HEIGHT="27" WC="0.93" CONTENT="gjorts"/><SP WIDTH="16" VPOS="853" HPOS="877"/>
							<String ID="string_152" HPOS="893" VPOS="853" WIDTH="36" HEIGHT="21" WC="0.90" CONTENT="be-"/>
						</TextLine>
						<TextLine ID="line_21" HPOS="185" VPOS="886" WIDTH="744" HEIGHT="29">
							<String ID="string_153" HPOS="185" VPOS="887" WIDTH="80" HEIGHT="21" WC="0.96" CONTENT="roende"/><SP WIDTH="20" VPOS="887" HPOS="265"/>
							<String ID="string_154" HPOS="285" VPOS="887" WIDTH="23" HEIGHT="20" WC="0.93" CONTENT="af"/><SP WIDTH="13" VPOS="887" HPOS="308"/>
							<String ID="string_155" HPOS="321" VPOS="887" WIDTH="97" HEIGHT="20" WC="0.92" CONTENT="ständets"/><SP WIDTH="16" VPOS="887" HPOS="418"/>
							<String ID="string_156" HPOS="434" VPOS="887" WIDTH="116" HEIGHT="28" WC="0.93" CONTENT="samtycke."/><SP WIDTH="30" VPOS="887" HPOS="550"/>
							<String ID="string_157" HPOS="580" VPOS="886" WIDTH="82" HEIGHT="21" WC="0.91" CONTENT="Hatare"/><SP WIDTH="16" VPOS="886" HPOS="662"/>
							<String ID="string_158" HPOS="678" VPOS="887" WIDTH="23" HEIGHT="20" WC="0.96" CONTENT="af"/><SP WIDTH="13" VPOS="887" HPOS="701"/>
							<String ID="string_159" HPOS="714" VPOS="887" WIDTH="43" HEIGHT="20" WC="0.96" CONTENT="alla"/><SP WIDTH="15" VPOS="887" HPOS="757"/>
							<String ID="string_160" HPOS="772" VPOS="887" WIDTH="57" HEIGHT="27" WC="0.92" CONTENT="slags"/><SP WIDTH="14" VPOS="887" HPOS="829"/>
							<String ID="string_161" HPOS="843" VPOS="887" WIDTH="86" HEIGHT="28" WC="0.92" CONTENT="tvångs-"/>
						</TextLine>
						<TextLine ID="line_22" HPOS="185" VPOS="921" WIDTH="744" HEIGHT="28">
							<String ID="string_162" HPOS="185" VPOS="921" WIDTH="109" HEIGHT="28" WC="0.96" CONTENT="åtgärder,"/><SP WIDTH="21" VPOS="921" HPOS="294"/>
							<String ID="string_163" HPOS="315" VPOS="922" WIDTH="68" HEIGHT="20" WC="0.96" CONTENT="måste"/><SP WIDTH="18" VPOS="922" HPOS="383"/>
							<String ID="string_164" HPOS="401" VPOS="922" WIDTH="39" HEIGHT="27" WC="0.95" CONTENT="jag"/><SP WIDTH="20" VPOS="922" HPOS="440"/>
							<String ID="string_165" HPOS="460" VPOS="928" WIDTH="51" HEIGHT="14" WC="0.96" CONTENT="anse"/><SP WIDTH="21" VPOS="928" HPOS="511"/>
							<String ID="string_166" HPOS="532" VPOS="928" WIDTH="27" HEIGHT="13" WC="0.96" CONTENT="en"/><SP WIDTH="16" VPOS="928" HPOS="559"/>
							<String ID="string_167" HPOS="575" VPOS="921" WIDTH="66" HEIGHT="20" WC="0.96" CONTENT="sådan"/><SP WIDTH="16" VPOS="921" HPOS="641"/>
							<String ID="string_168" HPOS="657" VPOS="928" WIDTH="44" HEIGHT="13" WC="0.96" CONTENT="som"/><SP WIDTH="17" VPOS="928" HPOS="701"/>
							<String ID="string_169" HPOS="718" VPOS="921" WIDTH="70" HEIGHT="20" WC="0.93" CONTENT="denna"/><SP WIDTH="14" VPOS="921" HPOS="788"/>
							<String ID="string_170" HPOS="802" VPOS="921" WIDTH="127" HEIGHT="28" WC="0.92" CONTENT="isynnerhet"/>
						</TextLine>
						<TextLine ID="line_23" HPOS="184" VPOS="955" WIDTH="745" HEIGHT="28">
							<String ID="string_171" HPOS="184" VPOS="963" WIDTH="51" HEIGHT="14" WC="0.96" CONTENT="vara"/><SP WIDTH="20" VPOS="963" HPOS="235"/>
							<String ID="string_172" HPOS="255" VPOS="956" WIDTH="113" HEIGHT="27" WC="0.96" CONTENT="olämplig,"/><SP WIDTH="21" VPOS="956" HPOS="368"/>
							<String ID="string_173" HPOS="389" VPOS="956" WIDTH="69" HEIGHT="20" WC="0.96" CONTENT="såsom"/><SP WIDTH="16" VPOS="956" HPOS="458"/>
							<String ID="string_174" HPOS="474" VPOS="956" WIDTH="63" HEIGHT="21" WC="0.96" CONTENT="äfven"/><SP WIDTH="15" VPOS="956" HPOS="537"/>
							<String ID="string_175" HPOS="552" VPOS="955" WIDTH="83" HEIGHT="28" WC="0.93" CONTENT="ganska"/><SP WIDTH="15" VPOS="955" HPOS="635"/>
							<String ID="string_176" HPOS="650" VPOS="955" WIDTH="118" HEIGHT="28" WC="0.90" CONTENT="betänklig."/><SP WIDTH="29" VPOS="955" HPOS="768"/>
							<String ID="string_177" HPOS="797" VPOS="955" WIDTH="132" HEIGHT="22" WC="0.89" CONTENT="Ridderska-"/>
						</TextLine>
						<TextLine ID="line_24" HPOS="183" VPOS="989" WIDTH="746" HEIGHT="29">
							<String ID="string_178" HPOS="183" VPOS="992" WIDTH="48" HEIGHT="26" WC="0.91" CONTENT="pets"/><SP WIDTH="20" VPOS="992" HPOS="231"/>
							<String ID="string_179" HPOS="251" VPOS="990" WIDTH="41" HEIGHT="21" WC="0.96" CONTENT="och"/><SP WIDTH="20" VPOS="990" HPOS="292"/>
							<String ID="string_180" HPOS="312" VPOS="989" WIDTH="74" HEIGHT="21" WC="0.95" CONTENT="adelns"/><SP WIDTH="19" VPOS="989" HPOS="386"/>
							<String ID="string_181" HPOS="405" VPOS="990" WIDTH="139" HEIGHT="21" WC="0.93" CONTENT="medlemmar"/><SP WIDTH="19" VPOS="990" HPOS="544"/>
							<String ID="string_182" HPOS="563" VPOS="989" WIDTH="74" HEIGHT="21" WC="0.92" CONTENT="utöfva"/><SP WIDTH="16" VPOS="989" HPOS="637"/>
							<String ID="string_183" HPOS="653" VPOS="989" WIDTH="32" HEIGHT="21" WC="0.93" CONTENT="sin"/><SP WIDTH="16" VPOS="989" HPOS="685"/>
							<String ID="string_184" HPOS="701" VPOS="990" WIDTH="228" HEIGHT="27" WC="0.92" CONTENT="representationsrätt"/>
						</TextLine>
						<TextLine ID="line_25" HPOS="184" VPOS="1024" WIDTH="745" HEIGHT="29">
							<String ID="string_185" HPOS="184" VPOS="1025" WIDTH="28" HEIGHT="28" WC="0.96" CONTENT="på"/><SP WIDTH="20" VPOS="1025" HPOS="212"/>
							<String ID="string_186" HPOS="232" VPOS="1031" WIDTH="56" HEIGHT="22" WC="0.96" CONTENT="egen"/><SP WIDTH="19" VPOS="1031" HPOS="288"/>
							<String ID="string_187" HPOS="307" VPOS="1024" WIDTH="130" HEIGHT="27" WC="0.96" CONTENT="bekostnad;"/><SP WIDTH="21" VPOS="1024" HPOS="437"/>
							<String ID="string_188" HPOS="458" VPOS="1025" WIDTH="93" HEIGHT="27" WC="0.96" CONTENT="mången"/><SP WIDTH="15" VPOS="1025" HPOS="551"/>
							<String ID="string_189" HPOS="566" VPOS="1024" WIDTH="43" HEIGHT="21" WC="0.96" CONTENT="kan"/><SP WIDTH="15" VPOS="1024" HPOS="609"/>
							<String ID="string_190" HPOS="624" VPOS="1031" WIDTH="51" HEIGHT="14" WC="0.93" CONTENT="vara"/><SP WIDTH="15" VPOS="1031" HPOS="675"/>
							<String ID="string_191" HPOS="690" VPOS="1024" WIDTH="109" HEIGHT="21" WC="0.92" CONTENT="nödsakad"/><SP WIDTH="16" VPOS="1024" HPOS="799"/>
							<String ID="string_192" HPOS="815" VPOS="1026" WIDTH="31" HEIGHT="19" WC="0.96" CONTENT="att"/><SP WIDTH="15" VPOS="1026" HPOS="846"/>
							<String ID="string_193" HPOS="861" VPOS="1025" WIDTH="68" HEIGHT="21" WC="0.96" CONTENT="under"/>
						</TextLine>
						<TextLine ID="line_26" HPOS="184" VPOS="1058" WIDTH="745" HEIGHT="29">
							<String ID="string_194" HPOS="184" VPOS="1059" WIDTH="131" HEIGHT="28" WC="0.90" CONTENT="landtdagen"/><SP WIDTH="18" VPOS="1059" HPOS="315"/>
							<String ID="string_195" HPOS="333" VPOS="1059" WIDTH="70" HEIGHT="21" WC="0.96" CONTENT="tillika"/><SP WIDTH="15" VPOS="1059" HPOS="403"/>
							<String ID="string_196" HPOS="418" VPOS="1066" WIDTH="56" HEIGHT="21" WC="0.96" CONTENT="egna"/><SP WIDTH="15" VPOS="1066" HPOS="474"/>
							<String ID="string_197" HPOS="489" VPOS="1059" WIDTH="33" HEIGHT="28" WC="0.96" CONTENT="sig"/><SP WIDTH="15" VPOS="1059" HPOS="522"/>
							<String ID="string_198" HPOS="537" VPOS="1059" WIDTH="21" HEIGHT="21" WC="0.93" CONTENT="åt"/><SP WIDTH="15" VPOS="1059" HPOS="558"/>
							<String ID="string_199" HPOS="573" VPOS="1059" WIDTH="205" HEIGHT="28" WC="0.91" CONTENT="tjenstebefattning"/><SP WIDTH="16" VPOS="1059" HPOS="778"/>
							<String ID="string_200" HPOS="794" VPOS="1058" WIDTH="52" HEIGHT="21" WC="0.96" CONTENT="eller"/><SP WIDTH="15" VPOS="1058" HPOS="846"/>
							<String ID="string_201" HPOS="861" VPOS="1059" WIDTH="68" HEIGHT="21" WC="0.96" CONTENT="andra"/>
						</TextLine>
						<TextLine ID="line_27" HPOS="185" VPOS="1093" WIDTH="743" HEIGHT="28">
							<String ID="string_202" HPOS="185" VPOS="1093" WIDTH="105" HEIGHT="28" WC="0.95" CONTENT="göromål,"/><SP WIDTH="21" VPOS="1093" HPOS="290"/>
							<String ID="string_203" HPOS="311" VPOS="1094" WIDTH="33" HEIGHT="20" WC="0.96" CONTENT="för"/><SP WIDTH="19" VPOS="1094" HPOS="344"/>
							<String ID="string_204" HPOS="363" VPOS="1095" WIDTH="30" HEIGHT="19" WC="0.93" CONTENT="att"/><SP WIDTH="19" VPOS="1095" HPOS="393"/>
							<String ID="string_205" HPOS="412" VPOS="1093" WIDTH="108" HEIGHT="21" WC="0.92" CONTENT="förvärfva"/><SP WIDTH="18" VPOS="1093" HPOS="520"/>
							<String ID="string_206" HPOS="538" VPOS="1093" WIDTH="80" HEIGHT="28" WC="0.96" CONTENT="nödiga"/><SP WIDTH="14" VPOS="1093" HPOS="618"/>
							<String ID="string_207" HPOS="632" VPOS="1093" WIDTH="118" HEIGHT="28" WC="0.96" CONTENT="tillgångar"/><SP WIDTH="16" VPOS="1093" HPOS="750"/>
							<String ID="string_208" HPOS="766" VPOS="1095" WIDTH="31" HEIGHT="19" WC="0.96" CONTENT="att"/><SP WIDTH="14" VPOS="1095" HPOS="797"/>
							<String ID="string_209" HPOS="811" VPOS="1093" WIDTH="36" HEIGHT="21" WC="0.93" CONTENT="vid"/><SP WIDTH="12" VPOS="1093" HPOS="847"/>
							<String ID="string_210" HPOS="859" VPOS="1094" WIDTH="69" HEIGHT="21" WC="0.91" CONTENT="landt-"/>
						</TextLine>
						<TextLine ID="line_28" HPOS="184" VPOS="1127" WIDTH="745" HEIGHT="29">
							<String ID="string_211" HPOS="184" VPOS="1128" WIDTH="70" HEIGHT="27" WC="0.96" CONTENT="dagen"/><SP WIDTH="16" VPOS="1128" HPOS="254"/>
							<String ID="string_212" HPOS="270" VPOS="1128" WIDTH="33" HEIGHT="27" WC="0.96" CONTENT="sig"/><SP WIDTH="18" VPOS="1128" HPOS="303"/>
							<String ID="string_213" HPOS="321" VPOS="1127" WIDTH="122" HEIGHT="28" WC="0.92" CONTENT="uppehålla,"/><SP WIDTH="16" VPOS="1127" HPOS="443"/>
							<String ID="string_214" HPOS="459" VPOS="1128" WIDTH="39" HEIGHT="20" WC="0.96" CONTENT="och"/><SP WIDTH="21" VPOS="1128" HPOS="498"/>
							<String ID="string_215" HPOS="519" VPOS="1127" WIDTH="45" HEIGHT="22" WC="0.96" CONTENT="ofta"/><SP WIDTH="20" VPOS="1127" HPOS="564"/>
							<String ID="string_216" HPOS="584" VPOS="1127" WIDTH="60" HEIGHT="21" WC="0.96" CONTENT="torde"/><SP WIDTH="21" VPOS="1127" HPOS="644"/>
							<String ID="string_217" HPOS="665" VPOS="1128" WIDTH="110" HEIGHT="27" WC="0.96" CONTENT="svårighet"/><SP WIDTH="16" VPOS="1128" HPOS="775"/>
							<String ID="string_218" HPOS="791" VPOS="1128" WIDTH="86" HEIGHT="28" WC="0.96" CONTENT="uppstå,"/><SP WIDTH="19" VPOS="1128" HPOS="877"/>
							<String ID="string_219" HPOS="896" VPOS="1129" WIDTH="33" HEIGHT="20" WC="0.96" CONTENT="att"/>
						</TextLine>
						<TextLine ID="line_29" HPOS="183" VPOS="1161" WIDTH="745" HEIGHT="23">
							<String ID="string_220" HPOS="183" VPOS="1162" WIDTH="74" HEIGHT="21" WC="0.96" CONTENT="kunna"/><SP WIDTH="15" VPOS="1162" HPOS="257"/>
							<String ID="string_221" HPOS="272" VPOS="1162" WIDTH="75" HEIGHT="21" WC="0.96" CONTENT="förena"/><SP WIDTH="16" VPOS="1162" HPOS="347"/>
							<String ID="string_222" HPOS="363" VPOS="1162" WIDTH="75" HEIGHT="21" WC="0.95" CONTENT="sådant"/><SP WIDTH="14" VPOS="1162" HPOS="438"/>
							<String ID="string_223" HPOS="452" VPOS="1163" WIDTH="49" HEIGHT="20" WC="0.96" CONTENT="med"/><SP WIDTH="15" VPOS="1163" HPOS="501"/>
							<String ID="string_224" HPOS="516" VPOS="1163" WIDTH="105" HEIGHT="20" WC="0.96" CONTENT="arbetena"/><SP WIDTH="10" VPOS="1163" HPOS="621"/>
							<String ID="string_225" HPOS="631" VPOS="1162" WIDTH="7" HEIGHT="21" WC="0.96" CONTENT="i"/><SP WIDTH="11" VPOS="1162" HPOS="638"/>
							<String ID="string_226" HPOS="649" VPOS="1162" WIDTH="118" HEIGHT="21" WC="0.93" CONTENT="utskotten."/><SP WIDTH="30" VPOS="1162" HPOS="767"/>
							<String ID="string_227" HPOS="797" VPOS="1161" WIDTH="50" HEIGHT="22" WC="0.93" CONTENT="Men"/><SP WIDTH="17" VPOS="1161" HPOS="847"/>
							<String ID="string_228" HPOS="864" VPOS="1163" WIDTH="64" HEIGHT="21" WC="0.96" CONTENT="äfven"/>
						</TextLine>
						<TextLine ID="line_30" HPOS="185" VPOS="1196" WIDTH="744" HEIGHT="29">
							<String ID="string_229" HPOS="185" VPOS="1203" WIDTH="34" HEIGHT="14" WC="0.96" CONTENT="om"/><SP WIDTH="15" VPOS="1203" HPOS="219"/>
							<String ID="string_230" HPOS="234" VPOS="1203" WIDTH="50" HEIGHT="14" WC="0.93" CONTENT="man"/><SP WIDTH="21" VPOS="1203" HPOS="284"/>
							<String ID="string_231" HPOS="305" VPOS="1196" WIDTH="92" HEIGHT="21" WC="0.92" CONTENT="förbiser"/><SP WIDTH="15" VPOS="1196" HPOS="397"/>
							<String ID="string_232" HPOS="412" VPOS="1196" WIDTH="40" HEIGHT="21" WC="0.96" CONTENT="den"/><SP WIDTH="16" VPOS="1196" HPOS="452"/>
							<String ID="string_233" HPOS="468" VPOS="1197" WIDTH="142" HEIGHT="20" WC="0.96" CONTENT="ekonomiska"/><SP WIDTH="14" VPOS="1197" HPOS="610"/>
							<String ID="string_234" HPOS="624" VPOS="1196" WIDTH="62" HEIGHT="21" WC="0.96" CONTENT="sidan"/><SP WIDTH="15" VPOS="1196" HPOS="686"/>
							<String ID="string_235" HPOS="701" VPOS="1197" WIDTH="24" HEIGHT="20" WC="0.96" CONTENT="af"/><SP WIDTH="13" VPOS="1197" HPOS="725"/>
							<String ID="string_236" HPOS="738" VPOS="1196" WIDTH="77" HEIGHT="27" WC="0.93" CONTENT="saken,"/><SP WIDTH="16" VPOS="1196" HPOS="815"/>
							<String ID="string_237" HPOS="831" VPOS="1197" WIDTH="98" HEIGHT="28" WC="0.92" CONTENT="qvarstår"/>
						</TextLine>
						<TextLine ID="line_31" HPOS="185" VPOS="1230" WIDTH="743" HEIGHT="29">
							<String ID="string_238" HPOS="185" VPOS="1230" WIDTH="122" HEIGHT="21" WC="0.96" CONTENT="emellertid"/><SP WIDTH="20" VPOS="1230" HPOS="307"/>
							<String ID="string_239" HPOS="327" VPOS="1230" WIDTH="41" HEIGHT="21" WC="0.96" CONTENT="den"/><SP WIDTH="21" VPOS="1230" HPOS="368"/>
							<String ID="string_240" HPOS="389" VPOS="1231" WIDTH="170" HEIGHT="28" WC="0.96" CONTENT="omständighet,"/><SP WIDTH="21" VPOS="1231" HPOS="559"/>
							<String ID="string_241" HPOS="580" VPOS="1232" WIDTH="31" HEIGHT="19" WC="0.93" CONTENT="att"/><SP WIDTH="15" VPOS="1232" HPOS="611"/>
							<String ID="string_242" HPOS="626" VPOS="1230" WIDTH="146" HEIGHT="21" WC="0.91" CONTENT="ledamöterne"/><SP WIDTH="16" VPOS="1230" HPOS="772"/>
							<String ID="string_243" HPOS="788" VPOS="1231" WIDTH="7" HEIGHT="20" WC="0.96" CONTENT="i"/><SP WIDTH="14" VPOS="1231" HPOS="795"/>
							<String ID="string_244" HPOS="809" VPOS="1231" WIDTH="119" HEIGHT="26" WC="0.96" CONTENT="utskotten,"/>
						</TextLine>
						<TextLine ID="line_32" HPOS="184" VPOS="1264" WIDTH="744" HEIGHT="27">
							<String ID="string_245" HPOS="184" VPOS="1264" WIDTH="111" HEIGHT="21" WC="0.91" CONTENT="derstädes"/><SP WIDTH="15" VPOS="1264" HPOS="295"/>
							<String ID="string_246" HPOS="310" VPOS="1265" WIDTH="49" HEIGHT="19" WC="0.96" CONTENT="fullt"/><SP WIDTH="16" VPOS="1265" HPOS="359"/>
							<String ID="string_247" HPOS="375" VPOS="1265" WIDTH="125" HEIGHT="26" WC="0.96" CONTENT="sysselsatte"/><SP WIDTH="10" VPOS="1265" HPOS="500"/>
							<String ID="string_248" HPOS="510" VPOS="1265" WIDTH="49" HEIGHT="20" WC="0.91" CONTENT="med"/><SP WIDTH="10" VPOS="1265" HPOS="559"/>
							<String ID="string_249" HPOS="569" VPOS="1265" WIDTH="113" HEIGHT="26" WC="0.91" CONTENT="frågornas"/><SP WIDTH="10" VPOS="1265" HPOS="682"/>
							<String ID="string_250" HPOS="692" VPOS="1264" WIDTH="158" HEIGHT="21" WC="0.93" CONTENT="förberedande"/><SP WIDTH="11" VPOS="1264" HPOS="850"/>
							<String ID="string_251" HPOS="861" VPOS="1265" WIDTH="67" HEIGHT="20" WC="0.91" CONTENT="hand-"/>
						</TextLine>
						<TextLine ID="line_33" HPOS="183" VPOS="1297" WIDTH="745" HEIGHT="28">
							<String ID="string_252" HPOS="183" VPOS="1297" WIDTH="114" HEIGHT="28" WC="0.93" CONTENT="läggning,"/><SP WIDTH="21" VPOS="1297" HPOS="297"/>
							<String ID="string_253" HPOS="318" VPOS="1298" WIDTH="126" HEIGHT="27" WC="0.92" CONTENT="isynnerhet"/><SP WIDTH="18" VPOS="1298" HPOS="444"/>
							<String ID="string_254" HPOS="462" VPOS="1305" WIDTH="36" HEIGHT="14" WC="0.96" CONTENT="om"/><SP WIDTH="16" VPOS="1305" HPOS="498"/>
							<String ID="string_255" HPOS="514" VPOS="1298" WIDTH="41" HEIGHT="21" WC="0.95" CONTENT="den"/><SP WIDTH="15" VPOS="1298" HPOS="555"/>
							<String ID="string_256" HPOS="570" VPOS="1298" WIDTH="7" HEIGHT="20" WC="0.95" CONTENT="i"/><SP WIDTH="16" VPOS="1298" HPOS="577"/>
							<String ID="string_257" HPOS="593" VPOS="1298" WIDTH="53" HEIGHT="20" WC="0.96" CONTENT="strid"/><SP WIDTH="16" VPOS="1298" HPOS="646"/>
							<String ID="string_258" HPOS="662" VPOS="1299" WIDTH="58" HEIGHT="20" WC="0.96" CONTENT="emot"/><SP WIDTH="15" VPOS="1299" HPOS="720"/>
							<String ID="string_259" HPOS="735" VPOS="1298" WIDTH="77" HEIGHT="20" WC="0.96" CONTENT="hittills"/><SP WIDTH="15" VPOS="1298" HPOS="812"/>
							<String ID="string_260" HPOS="827" VPOS="1298" WIDTH="101" HEIGHT="27" WC="0.96" CONTENT="gällande"/>
						</TextLine>
						<TextLine ID="line_34" HPOS="182" VPOS="1331" WIDTH="746" HEIGHT="30">
							<String ID="string_261" HPOS="182" VPOS="1331" WIDTH="174" HEIGHT="29" WC="0.90" CONTENT="riksdagspraxis"/><SP WIDTH="23" VPOS="1331" HPOS="356"/>
							<String ID="string_262" HPOS="379" VPOS="1332" WIDTH="35" HEIGHT="21" WC="0.96" CONTENT="vid"/><SP WIDTH="28" VPOS="1332" HPOS="414"/>
							<String ID="string_263" HPOS="442" VPOS="1332" WIDTH="71" HEIGHT="21" WC="0.93" CONTENT="denna"/><SP WIDTH="29" VPOS="1332" HPOS="513"/>
							<String ID="string_264" HPOS="542" VPOS="1332" WIDTH="102" HEIGHT="28" WC="0.91" CONTENT="landtdag"/><SP WIDTH="25" VPOS="1332" HPOS="644"/>
							<String ID="string_265" HPOS="669" VPOS="1333" WIDTH="123" HEIGHT="20" WC="0.93" CONTENT="etablerade"/><SP WIDTH="23" VPOS="1333" HPOS="792"/>
							<String ID="string_266" HPOS="815" VPOS="1333" WIDTH="66" HEIGHT="28" WC="0.91" CONTENT="åsigt,"/><SP WIDTH="16" VPOS="1333" HPOS="881"/>
							<String ID="string_267" HPOS="897" VPOS="1335" WIDTH="31" HEIGHT="19" WC="0.96" CONTENT="att"/>
						</TextLine>
						<TextLine ID="line_35" HPOS="183" VPOS="1366" WIDTH="744" HEIGHT="29">
							<String ID="string_268" HPOS="183" VPOS="1366" WIDTH="109" HEIGHT="29" WC="0.91" CONTENT="nemligen"/><SP WIDTH="21" VPOS="1366" HPOS="292"/>
							<String ID="string_269" HPOS="313" VPOS="1366" WIDTH="81" HEIGHT="21" WC="0.92" CONTENT="insätta"/><SP WIDTH="20" VPOS="1366" HPOS="394"/>
							<String ID="string_270" HPOS="414" VPOS="1374" WIDTH="82" HEIGHT="14" WC="0.95" CONTENT="samma"/><SP WIDTH="14" VPOS="1374" HPOS="496"/>
							<String ID="string_271" HPOS="510" VPOS="1373" WIDTH="104" HEIGHT="22" WC="0.96" CONTENT="personer"/><SP WIDTH="15" VPOS="1373" HPOS="614"/>
							<String ID="string_272" HPOS="629" VPOS="1367" WIDTH="6" HEIGHT="20" WC="0.96" CONTENT="i"/><SP WIDTH="16" VPOS="1367" HPOS="635"/>
							<String ID="string_273" HPOS="651" VPOS="1367" WIDTH="51" HEIGHT="21" WC="0.96" CONTENT="flere"/><SP WIDTH="17" VPOS="1367" HPOS="702"/>
							<String ID="string_274" HPOS="719" VPOS="1367" WIDTH="57" HEIGHT="22" WC="0.96" CONTENT="olika"/><SP WIDTH="16" VPOS="1367" HPOS="776"/>
							<String ID="string_275" HPOS="792" VPOS="1367" WIDTH="89" HEIGHT="28" WC="0.93" CONTENT="utskott,"/><SP WIDTH="16" VPOS="1367" HPOS="881"/>
							<String ID="string_276" HPOS="897" VPOS="1368" WIDTH="30" HEIGHT="21" WC="0.93" CONTENT="äf-"/>
						</TextLine>
						<TextLine ID="line_36" HPOS="182" VPOS="1401" WIDTH="745" HEIGHT="30">
							<String ID="string_277" HPOS="182" VPOS="1408" WIDTH="41" HEIGHT="15" WC="0.96" CONTENT="ven"/><SP WIDTH="18" VPOS="1408" HPOS="223"/>
							<String ID="string_278" HPOS="241" VPOS="1401" WIDTH="133" HEIGHT="22" WC="0.93" CONTENT="fortfarande"/><SP WIDTH="14" VPOS="1401" HPOS="374"/>
							<String ID="string_279" HPOS="388" VPOS="1402" WIDTH="117" HEIGHT="27" WC="0.91" CONTENT="iakttages,"/><SP WIDTH="16" VPOS="1402" HPOS="505"/>
							<String ID="string_280" HPOS="521" VPOS="1402" WIDTH="76" HEIGHT="21" WC="0.96" CONTENT="endast"/><SP WIDTH="15" VPOS="1402" HPOS="597"/>
							<String ID="string_281" HPOS="612" VPOS="1402" WIDTH="154" HEIGHT="29" WC="0.96" CONTENT="undantagsvis"/><SP WIDTH="15" VPOS="1402" HPOS="766"/>
							<String ID="string_282" HPOS="781" VPOS="1402" WIDTH="73" HEIGHT="21" WC="0.93" CONTENT="kunna"/><SP WIDTH="15" VPOS="1402" HPOS="854"/>
							<String ID="string_283" HPOS="869" VPOS="1403" WIDTH="58" HEIGHT="21" WC="0.93" CONTENT="med-"/>
						</TextLine>
						<TextLine ID="line_37" HPOS="183" VPOS="1435" WIDTH="743" HEIGHT="30">
							<String ID="string_284" HPOS="183" VPOS="1435" WIDTH="66" HEIGHT="23" WC="0.96" CONTENT="hinna"/><SP WIDTH="20" VPOS="1435" HPOS="249"/>
							<String ID="string_285" HPOS="269" VPOS="1437" WIDTH="32" HEIGHT="20" WC="0.93" CONTENT="att"/><SP WIDTH="18" VPOS="1437" HPOS="301"/>
							<String ID="string_286" HPOS="319" VPOS="1436" WIDTH="105" HEIGHT="29" WC="0.92" CONTENT="derjemte"/><SP WIDTH="20" VPOS="1436" HPOS="424"/>
							<String ID="string_287" HPOS="444" VPOS="1437" WIDTH="108" HEIGHT="21" WC="0.90" CONTENT="förvärfva"/><SP WIDTH="16" VPOS="1437" HPOS="552"/>
							<String ID="string_288" HPOS="568" VPOS="1437" WIDTH="33" HEIGHT="28" WC="0.96" CONTENT="sig"/><SP WIDTH="17" VPOS="1437" HPOS="601"/>
							<String ID="string_289" HPOS="618" VPOS="1437" WIDTH="24" HEIGHT="21" WC="0.96" CONTENT="så"/><SP WIDTH="16" VPOS="1437" HPOS="642"/>
							<String ID="string_290" HPOS="658" VPOS="1437" WIDTH="140" HEIGHT="28" WC="0.93" CONTENT="fullständiga"/><SP WIDTH="15" VPOS="1437" HPOS="798"/>
							<String ID="string_291" HPOS="813" VPOS="1437" WIDTH="91" HEIGHT="28" WC="0.92" CONTENT="insigter"/><SP WIDTH="15" VPOS="1437" HPOS="904"/>
							<String ID="string_292" HPOS="919" VPOS="1438" WIDTH="7" HEIGHT="21" WC="0.97" CONTENT="i"/>
						</TextLine>
					</TextBlock>
				</ComposedBlock>
			</PrintSpace>
		</Page>
	</Layout>
</alto>
