1006 1711
221 124 42 22 718

193 189 45 21 lika
252 188 140 28 fremmande,
400 188 35 28 ja!
449 195 59 15 mera
522 188 134 21 fremmande
671 187 33 21 för
719 187 48 21 vårt
781 186 62 22 lands
857 186 80 21 förhål-

193 222 80 22 landen
293 224 28 20 än
344 223 47 26 den,
407 223 87 21 hvilken
509 222 56 21 varit
580 222 76 20 endast
672 222 12 20 6
700 222 23 20 år
737 223 59 19 utom
812 221 75 21 landet
900 220 38 21 bo-

194 259 49 19 satt.
273 257 44 21 Det
332 258 23 20 är
370 257 55 21 visst
444 258 73 25 sannt,
533 258 31 18 att
580 256 41 20 den
636 256 58 20 förre
710 255 129 28 underlyder
854 255 84 21 landets

194 291 71 28 lagar;
287 298 51 14 men
359 291 44 21 han
426 291 96 27 deltager
542 290 8 21 i
570 291 31 20 att
620 290 61 21 stifta
700 290 67 27 lagar,
791 296 45 14 som
857 289 82 20 kanske

195 325 76 28 aldrig,
286 325 130 21 åtminstone
431 326 64 27 högst
510 325 74 26 sällan,
595 324 86 21 komma
692 326 31 19 att
733 324 28 27 på
770 324 79 20 honom
860 323 79 21 tilläm-

194 367 49 21 pas;
258 360 43 21 han
316 360 43 21 kan
375 360 74 21 dervid
464 359 75 21 tänka:
552 360 39 27 jag
606 365 58 14 reser
680 359 76 28 genast
772 358 48 21 bort
835 358 50 27 igen
900 358 38 21 och

195 393 72 22 denna
281 395 36 27 lag
332 395 98 20 kommer
445 393 84 22 således
544 394 20 27 ej
580 395 32 19 att
627 393 108 28 tillämpas
750 393 27 27 på
789 393 50 27 mig.
862 392 44 21 Det
917 394 22 19 är
960 403 2 2 :

195 429 24 20 af
237 429 70 20 denna
328 429 117 28 anledning
462 429 38 27 jag
518 429 33 20 för
572 428 44 21 min
636 428 35 20 del
691 428 20 27 ej
732 427 69 21 skulle
820 427 53 28 vilja
889 429 51 26 göra

196 463 72 28 någon
290 463 85 21 skilnad
397 463 93 20 emellan
512 463 90 20 resande
626 469 44 14 som
693 463 66 20 vistas
780 463 6 20 i
807 461 133 22 fremmande

196 497 51 21 land
268 497 60 22 öfver
343 499 12 20 6
371 497 24 21 år
410 497 40 21 och
466 497 47 21 dem
530 504 45 14 som
591 497 60 21 öfver
667 504 81 13 samma
763 496 31 21 tid
810 497 55 20 varit
880 498 59 19 utom

196 531 94 22 Finland
309 531 91 22 bosatte.
431 532 42 27 Jag
493 531 91 22 föreslår
602 531 87 22 derföre
710 533 32 18 att
761 532 12 19 5
794 538 63 14 mom.
875 531 66 20 måtte

197 566 82 20 erhålla
294 566 97 27 följande
406 566 92 27 lydelse:
515 566 130 26 ,Adelsman
660 565 88 21 hvilken
764 565 23 21 af
795 572 72 14 annan
879 565 63 20 orsak

197 602 27 20 än
239 600 159 22 innehafvande
413 600 57 21 finsk
485 600 121 28 statstjenst
623 600 85 21 utöfver
724 600 12 20 6
752 600 23 20 år
790 600 75 20 vistats
881 601 59 19 utom

197 634 103 27 Finland,
315 634 57 22 intill
387 634 49 22 dess
456 635 42 21 han
513 635 34 20 till
561 634 74 21 landet
649 635 95 27 inflyttat
759 634 39 21 och
814 634 80 28 styrkt,
910 636 31 18 att

197 670 43 20 han
255 670 26 20 de
297 671 33 19 tre
346 669 99 21 sednaste
460 670 59 26 åren,
534 670 72 20 förrän
621 669 42 21 han
679 670 33 27 sig
722 669 34 21 till
767 671 45 19 säte
825 668 41 22 och
877 670 64 20 stäm-

197 710 36 16 ma
248 704 13 21 &
275 703 137 22 riddarhuset
432 704 90 26 anmält,
537 704 56 21 varit
614 704 69 20 såsom
704 703 56 21 finsk
779 703 140 49 vansa
935 704 8 20 i

198 738 73 21 landet
286 738 71 21 bosatt
372 739 41 20 och
428 738 176 21 skattskrifven.*

265 772 59 21 Herr
338 772 126 28 Furuhjelm
480 773 39 20 har
532 772 66 21 redan
611 772 24 21 sä
645 772 57 21 klart
713 772 119 21 framhällit
843 773 26 20 de
879 779 64 21 grun-

197 807 46 26 der,
262 807 83 28 hvarpä
367 808 54 20 hans
440 807 82 28 förslag
541 809 24 19 är
585 806 75 29 bygdt,
682 809 31 18 att
733 813 34 14 om
783 807 48 21 dem
846 807 20 28 ej
882 807 61 21 torde

198 848 52 14 vara
265 841 87 27 mycket
367 844 32 18 att
413 841 58 21 orda.
500 841 64 21 Flere
585 842 67 20 talare
673 841 63 21 hafva
756 841 63 21 äfven
840 841 104 21 förklarat

199 875 36 21 det
257 882 52 14 vara
331 882 27 14 en
380 876 90 21 allmänt
492 879 94 24 antagen
608 876 141 28 statsrättslig
769 876 125 27 grundsats,
913 878 31 19 att

200 909 53 21 hvar
269 910 40 22 och
324 917 33 19 en,
369 917 45 13 som
428 910 37 20 vill
480 910 86 28 deltaga
580 910 8 20 i
603 910 112 21 stiftandet
730 910 23 21 af
766 912 31 18 ett
812 910 61 21 lands
884 910 60 28 lagar

199 944 40 21 och
259 944 174 21 bestämmandet
452 945 24 20 af
495 944 49 22 dess
564 944 88 27 skatter,
673 944 39 21 bör
730 952 51 13 vara
799 945 146 21 underkastad

201 986 81 14 samma
297 978 61 22 lands
373 979 60 27 lagar
449 980 40 20 och
504 979 148 27 beskattning;
673 986 49 14 man
738 979 38 21 har
791 980 33 20 till
841 980 38 20 och
895 979 50 21 med

199 1013 40 21 här
260 1013 49 21 hört
323 1014 79 27 yttras,
418 1015 31 19 att
464 1014 72 20 denna
550 1016 43 18 sats
608 1020 52 14 vore
676 1014 24 20 sä
714 1013 128 28 obestridlig
857 1016 31 18 att
903 1014 41 20 den

199 1048 73 21 kunde
292 1050 90 25 antagas
398 1048 69 21 säsom
483 1050 31 18 ett
530 1048 80 27 axiom;
630 1055 49 14 men
694 1048 28 28 pä
738 1055 80 13 samma
834 1048 57 28 gäng
906 1048 39 21 har

201 1088 49 15 man
269 1082 58 21 velat
346 1084 53 26 göra
419 1084 31 19 ett
468 1082 111 28 undantag
599 1082 48 21 frän
667 1082 59 22 detta
744 1083 70 20 axiom
831 1082 40 21 och
887 1082 58 22 detta

201 1116 111 27 undantag
327 1116 34 21 för
375 1118 48 20 värt
443 1120 50 24 eget
512 1117 57 21 land.
599 1117 51 21 Man
665 1117 39 21 har
720 1117 127 26 framhällit,
864 1118 31 20 att
911 1124 34 16 om

201 1149 72 23 denna
291 1150 84 28 princip
396 1150 68 21 skulle
485 1151 108 27 tillämpas
612 1151 7 20 i
640 1151 48 20 värt
705 1150 58 27 land,
782 1151 80 27 mänga
877 1151 69 20 finske

201 1184 121 26 adelsmän,
341 1185 74 20 hvilka
434 1185 54 27 hysa
501 1185 46 21 lika
562 1187 69 19 varmt
650 1185 146 21 intresse*för
816 1186 47 20 vårt
883 1185 61 21 lands

201 1218 191 27 angelägenheter,
403 1218 73 21 hvilka
491 1221 41 25 äga
547 1219 45 20 lika
606 1219 60 20 stark
680 1219 207 21 fosterlandskänsla
901 1225 44 14 som

201 1252 72 26 någon
292 1252 24 20 af
331 1259 41 18 oss,
389 1253 68 19 skulle
477 1254 104 19 uteslutas
600 1253 53 19 eller
672 1253 100 19 beröfvas
791 1253 62 20 deras
873 1259 72 20 repre-

202 1285 170 20 sentationsrätt.
403 1285 36 21 Ja!
462 1293 50 13 man
531 1286 39 20 har
590 1286 46 27 gått
656 1287 57 19 ännu
733 1286 84 27 längre,
838 1293 50 14 man
907 1286 38 21 har

202 1319 68 21 under
290 1326 27 14 en
337 1319 33 22 för
389 1319 68 28 några
476 1320 79 21 veckor
576 1319 66 22 sedan
660 1320 113 21 härstädes
791 1320 155 29 försiggången

202 1354 74 21 debatt
292 1354 60 21 öfver
367 1354 58 21 detta
441 1356 62 19 ämne
519 1355 87 28 påstått,
622 1356 31 19 att
668 1355 63 21 desse
747 1355 110 22 adelsmän
868 1362 79 21 genom

202 1388 121 28 antagande
339 1389 23 21 af
376 1390 32 20 ett
423 1389 75 21 sådant
513 1389 118 28 stadgande
646 1389 70 21 skulle
731 1389 81 23 förlora
827 1390 48 22 sina
888 1390 59 21 med-

202 1424 124 29 borgerliga
341 1424 135 28 rättigheter,
491 1426 15 21 t,
522 1431 18 15 o,
556 1431 28 14 m.
600 1424 38 22 sitt
652 1424 126 23 fosterland.
807 1424 64 22 Hvad
884 1425 62 21 dessa
