1078 1692
196 87 40 20 182

167 143 73 26 deras,
257 142 27 21 då
300 142 20 20 vi
335 141 48 21 icke
399 140 45 21 haft
460 140 65 27 några
537 139 266 28 markegångssättningar
815 139 32 21 för
860 138 53 22 dem.
937 138 54 20 Der-

167 172 46 20 före
229 178 38 14 var
283 170 36 20 det
335 169 65 21 också
416 176 26 14 en
459 168 95 21 sträfvan
575 168 38 21 hos
630 168 105 26 komitén,
758 168 38 20 och
813 168 35 20 det
863 167 79 21 undrar
954 167 38 27 jag

167 200 48 21 icke
238 200 36 26 på,
298 200 31 18 att
352 198 95 20 beräkna
466 197 96 27 priserna
581 197 24 20 så
624 196 44 28 lågt
686 202 46 15 som
748 196 93 27 möjligt,
857 197 22 26 ty
894 196 24 26 ju
934 196 58 26 lägre

167 228 97 28 priserna
279 226 133 26 bestämdes,
432 226 60 20 desto
511 226 59 26 lägre
589 225 45 20 blef
651 225 40 20 den
712 224 70 28 gamla
800 226 84 24 räntan,
902 224 38 20 och
957 224 35 20 det

169 264 38 13 var
229 255 89 21 obilligt.
349 254 95 21 Numera
462 255 23 19 är
505 254 36 20 det
561 260 26 14 en
603 253 46 27 sak,
665 260 45 14 som
728 252 95 28 omöjligt
839 252 47 21 icke
902 252 41 20 kan
960 255 32 17 ut-

168 285 86 20 räknas.
308 282 134 21 Hufvudsaken
459 284 23 18 är
497 283 32 19 att
544 282 64 27 ingen
624 282 38 20 har
678 282 58 20 skett
753 283 56 19 orätt
821 287 77 21 genom
909 282 31 19 att
952 280 40 21 den

169 312 69 28 gamla
254 313 75 19 räntan
346 310 137 22 evalverades
500 310 30 20 till
547 310 40 21 den
603 317 51 20 nya,
672 310 38 20 och
728 312 30 18 att
775 310 48 20 hela
839 309 81 21 landets
933 309 59 27 jord-

169 347 64 21 egare
249 340 55 20 varit
319 340 7 20 i
342 339 82 21 tillfälle
439 340 32 20 att
487 338 98 21 deröfver
601 340 51 26 göra
664 338 46 20 sina
720 338 173 27 anmärkningar.
916 336 76 22 Denna

169 368 132 27 omsättning
316 368 39 20 har
371 367 69 21 blifvit
455 367 98 21 faststäld
569 367 6 19 i
589 366 168 28 jordböckerna,
770 366 39 21 och
822 366 37 20 har
870 365 122 21 tillkommit

170 398 27 27 pä
212 398 35 20 det
263 398 43 19 sätt
320 397 37 27 jag
373 395 64 21 redan
458 395 44 21 haft
520 396 50 20 äran
589 395 119 20 framställa
724 394 55 21 efter
795 394 125 21 ständernas
937 400 54 21 egen

169 426 81 20 önskan
268 426 96 26 uttryckt
381 424 64 20 redan
463 424 52 20 1741
533 424 38 20 och
588 423 110 28 upprepad
716 424 60 25 1809,
789 422 38 21 och
842 422 64 21 sedan
919 422 72 28 hvarje

168 454 115 28 jordegare
300 453 54 20 varit
369 453 7 20 i
391 452 82 21 tillfälle
490 454 31 18 att
540 452 84 20 bevaka
644 452 31 20 sin
694 453 49 19 rätt.
774 451 42 27 Jag
831 457 62 15 anser
909 450 83 22 säledes

170 482 128 28 regeringen
314 481 64 21 hafva
391 481 54 20 varit
459 481 6 20 i
481 480 31 20 sin
529 480 50 21 fulla
596 482 42 18 rätt
654 482 32 18 att
701 480 106 21 fastställa
823 479 122 21 densamma
960 479 32 20 till

171 510 151 22 efterrättelse.
348 509 46 21 Och
408 509 37 27 jag
461 510 23 19 är
500 508 126 28 öfvertygad
643 515 33 13 om
693 510 41 24 att,
751 507 72 21 såvida
839 508 48 26 inga
904 508 88 27 olyckor

171 538 80 22 drabba
270 537 100 27 Finland,
386 539 101 19 räntorna
503 536 46 21 icke
565 544 59 13 mera
643 537 59 20 skola
718 536 66 28 stiga,
801 536 88 20 emedan
905 536 86 27 persed-

171 568 58 20 larne
246 568 36 19 äro
301 565 111 21 bestämda
426 566 7 20 i
449 572 44 14 som
510 572 48 14 man
575 567 62 25 säger
652 565 92 21 kuranta
760 572 69 19 varor,
847 564 71 20 hvilka
934 564 57 21 bibe-

170 596 56 20 hålla
248 594 90 28 ungefär
360 600 81 14 samma
464 594 71 20 värde.
568 594 47 20 Mitt
638 593 102 27 yttrande
764 593 39 21 blir
825 593 61 21 alltså
907 595 31 18 att
957 592 35 21 vid

171 624 67 21 saken
261 623 55 21 intet
334 624 24 19 är
376 624 32 18 att
426 623 61 26 göra,
503 624 50 18 utan
570 622 36 20 det
622 623 23 19 är
660 622 48 20 bäst
725 624 31 18 att
772 622 42 20 låta
830 621 35 21 det
882 628 49 14 vara
946 628 45 14 som

171 652 36 21 det
223 653 29 25 är,
269 651 39 21 och
324 652 32 19 att
372 650 76 21 endast
463 650 40 21 den
523 650 145 26 underdåniga
686 650 83 20 önskan
786 656 27 14 nu
829 649 67 21 skulle
912 651 79 26 uttryc-

170 681 39 20 kas
226 681 32 19 att
273 680 53 20 ifrån
342 680 62 19 nästa
419 678 48 21 höst
483 678 102 28 börjande
601 678 311 28 medelmarkegångspriserna
924 678 68 20 skulle

171 708 123 27 korrigeras
310 706 98 27 sålunda,
424 708 31 19 att
471 707 25 21 de
512 706 130 28 föregående
653 707 63 20 årens
728 707 74 27 priser,
814 714 45 13 som
871 706 120 21 bestämdes

171 737 63 20 innan
252 735 178 28 myntreformen,
446 735 67 21 skulle
530 736 113 20 reduceras
658 735 31 21 till
706 735 56 21 hvad
773 735 26 21 de
810 736 74 26 utgöra
896 735 5 20 i
913 734 78 26 silfver,

171 764 139 28 hvarigenom
323 764 38 27 jag
376 766 24 18 är
416 763 126 28 öfvertygad
560 770 34 14 om
613 765 31 19 att
660 770 26 14 en
702 764 84 26 ganska
801 763 95 27 betydlig
910 762 80 21 lättnad

171 793 68 21 skulle
255 792 128 27 tillskyndas
399 792 26 20 de
441 792 226 27 betalningsskyldige.

240 820 57 21 Herr
312 820 193 27 Björkenheim,
521 820 36 20 R.:
580 820 33 20 Då
632 820 48 20 herr
700 820 196 20 landtmarskalken
912 820 78 20 förkla-

171 849 51 21 rade
238 850 32 19 att
286 849 68 26 någon
371 848 119 21 diskussion
509 849 52 20 eller
579 848 97 27 votering
692 848 111 27 angående
820 848 35 20 det
872 848 22 20 af
908 847 82 21 utskot-

171 879 31 19 tet
224 877 122 26 föreslagna
368 883 75 14 senare
463 877 135 20 alternativet
618 877 47 20 icke
684 877 96 20 kommer
796 878 31 19 att
843 876 20 21 få
879 883 39 20 ega
934 883 56 18 rum,

171 906 24 21 så
211 912 36 13 var
263 905 36 20 det
314 905 47 20 icke
377 905 43 20 min
436 905 72 26 afsigt,
525 905 26 20 då
564 905 39 27 jag
619 905 92 27 begärde
728 905 72 25 ordet,
814 907 31 18 att
855 904 65 21 inlåta
930 905 59 27 mig
979 900 14 36 i

171 935 69 26 någon
264 933 120 20 diskussion
408 939 33 14 om
464 933 91 20 nämnda
575 933 85 28 förslag,
680 933 40 20 och
740 933 36 21 det
791 933 71 20 kunde
878 933 46 20 icke
941 939 50 14 vara

171 962 45 27 det,
232 961 90 22 emedan
338 961 36 20 det
390 961 47 20 icke
452 968 37 13 var
505 962 41 19 min
563 961 113 28 rättighet;
690 962 38 27 jag
740 961 92 28 begärde
844 961 60 20 ordet
916 961 75 20 endast

171 991 32 20 för
219 992 31 19 att
266 989 56 21 inför
337 989 85 20 ståndet
437 989 117 28 framlägga
570 989 25 21 de
612 990 54 24 skäl,
682 990 27 27 på
720 990 70 27 grund
801 990 23 19 af
833 989 70 20 hvilka
916 996 75 14 senare

171 1018 137 21 alternativet
323 1017 128 21 tillkommit.
474 1017 60 21 Hans
550 1017 102 28 Majestät
669 1018 53 20 hade
738 1017 36 21 vid
790 1020 84 18 senaste
891 1017 101 28 landtdag

171 1047 92 27 förelagt
275 1046 117 21 ständerna
403 1053 26 13 en
445 1046 63 27 nådig
524 1046 131 27 proposition
672 1046 6 20 i
694 1046 98 26 ärendet,
808 1046 5 20 i
830 1046 84 20 hvilken
931 1045 60 22 Hans

171 1075 102 27 Majestät
288 1075 94 26 föreslog
398 1076 30 19 att
444 1074 115 21 ständerna
574 1074 68 21 skulle
658 1074 57 27 välja
731 1075 67 26 några
811 1074 179 26 förtroendemän,

171 1103 71 21 hvilka
256 1103 68 27 jemte
340 1103 22 20 af
376 1103 126 27 regeringen
519 1103 90 20 utsedda
626 1109 102 20 personer
745 1105 54 18 samt
815 1102 77 21 ombud
907 1103 46 20 från
965 1103 25 20 de

171 1131 69 21 skilda
255 1131 61 20 länen
337 1131 69 20 skulle
424 1132 97 26 uppgöra
536 1131 86 27 förslag,
640 1131 80 20 hvilket
737 1131 171 27 nästpåföljande
923 1131 67 20 landt-

171 1159 41 28 dag
227 1159 69 20 skulle
310 1159 23 20 af
347 1159 114 20 ständerna
477 1159 93 27 pröfvas.
597 1159 120 21 Ständerna
732 1159 113 28 godkände
861 1159 59 21 detta
931 1159 59 21 Hans

172 1188 112 27 Majestäts
300 1188 86 26 förslag,
402 1187 38 21 och
458 1188 74 27 utsägo
549 1187 26 21 de
590 1187 78 21 ombud
680 1187 61 21 Hans
753 1187 100 28 Majestät
864 1187 54 21 hade
930 1188 60 21 äskat

170 1218 32 19 att
221 1215 116 21 ständerna
360 1215 68 21 skulle
451 1216 61 27 välja.
544 1216 47 20 Den
612 1216 47 20 med
678 1215 115 28 anledning
811 1215 62 22 häraf
886 1223 104 14 samman-

170 1244 76 21 trädda
262 1243 93 21 komitén
372 1244 38 20 har
426 1243 96 28 fullgjort
539 1244 35 21 sitt
591 1244 118 27 äliggande,
730 1244 37 20 och
787 1244 100 20 aflemnat
902 1244 36 21 det
953 1251 37 14 un-

170 1272 116 27 derdäniga
301 1272 80 27 förslag
397 1272 31 20 till
443 1272 124 27 förordning
582 1273 6 19 i
605 1274 79 25 ämnet,
705 1272 81 21 hvilket
805 1279 27 14 nu
845 1273 68 26 jemte
929 1273 61 20 Hans

170 1301 112 27 Majestäts
305 1300 78 27 nådiga
406 1301 132 26 proposition
563 1300 67 21 blifvit
652 1301 116 20 ständerna
787 1300 111 28 delgifvet,
917 1301 73 21 dervid

169 1329 61 20 Hans
246 1328 102 28 Majestät
364 1328 54 21 dock
433 1329 109 27 föreslagit
558 1331 31 18 att
605 1329 90 21 ärendet
706 1330 56 19 ännu
774 1329 46 20 icke
831 1330 34 19 må
875 1330 35 19 vid
922 1329 68 21 denna

169 1357 101 27 landtdag
290 1357 80 27 slutligt
389 1357 121 21 behandlas.
542 1357 112 21 Utskottet
674 1358 38 19 har
731 1357 47 21 icke
794 1357 81 21 kunnat
891 1358 99 27 uppfatta

169 1385 59 21 detta
243 1387 65 18 annat
324 1387 26 18 än
367 1385 69 20 såsom
453 1387 30 19 ett
499 1386 86 27 förslag,
602 1386 82 21 hvilket
700 1385 54 21 dock
769 1385 47 21 icke
828 1385 65 22 borde
904 1386 85 21 betrak-

168 1416 33 18 tas
217 1413 70 21 såsom
302 1416 30 17 ett
348 1414 84 20 absolut
448 1413 75 21 förbud
539 1414 32 21 för
588 1414 114 21 ständerna
721 1416 31 19 att
771 1414 48 27 ingå
835 1415 6 19 i
857 1415 81 26 slutligt
954 1415 34 21 be-

168 1441 118 28 pröfvande
302 1441 22 20 af
337 1442 108 27 förslaget.
477 1442 112 21 Utskottet
601 1443 37 20 har
654 1442 73 21 dervid
744 1442 58 21 stödt
818 1443 32 26 sig
866 1443 74 27 derpå,
957 1445 31 19 att

167 1470 63 21 äfven
254 1470 137 21 härförinnan
415 1471 83 26 förslag,
523 1471 71 21 hvilka
613 1471 23 20 af
653 1470 61 21 Hans
731 1471 100 27 Majestät
849 1471 67 20 blifvit
932 1473 56 19 stän-
