1078 1692
856 66 41 20 215

101 122 84 22 märkta
207 122 130 21 förhållande
360 122 41 21 kan
423 122 38 28 jag
479 122 33 20 för
532 122 43 20 min
593 122 34 21 del
643 122 47 21 icke
706 122 84 21 biträda
805 123 117 21 utskottets

101 151 135 21 betänkande
252 151 6 20 i
274 150 69 22 denna
361 150 34 22 del
414 151 23 20 af
453 150 75 26 saken,
545 150 127 28 öfvertygad
688 158 45 14 som
746 151 39 27 jag
800 152 24 20 är
840 153 39 23 att,
896 152 26 21 då

101 180 41 21 den
165 179 101 28 tidpunkt
288 179 114 21 framdeles
420 181 23 19 är
461 179 56 27 inne,
537 180 30 20 att
587 186 26 14 en
629 179 182 28 omorganisation
827 180 24 21 af
863 180 58 21 dom-

101 208 158 21 stolsväsendet
269 208 17 21 'å
301 208 71 21 landet
395 208 41 20 kan
455 207 176 28 tillvägabringas
646 208 7 20 i
668 208 36 20 det
722 208 23 20 af
761 208 43 28 mig
819 208 103 28 uppgifna

101 237 63 28 syfte,
186 237 64 21 hvars
272 236 91 28 detaljer
385 236 48 21 icke
455 236 75 21 härvid
549 236 61 21 torde
629 236 51 21 böra
698 238 98 20 närmare
813 238 107 27 utläggas,

100 266 52 20 eller
176 265 104 21 törhända
301 266 27 26 på
346 265 125 27 lämpligare
490 266 43 20 sätt
551 264 82 22 landets
649 265 101 27 upplysta
765 266 93 27 styrelse
873 266 48 20 icke

100 294 55 21 skall
177 294 111 21 underlåta
311 296 32 18 att
361 296 52 18 utan
431 293 132 28 uppmaning
582 293 74 21 derom
677 294 33 20 för
731 293 84 22 landets
834 294 87 22 ständer

100 324 53 26 göra
167 322 163 28 framställning.

169 351 113 21 Utskottet
303 351 38 21 har
361 351 34 21 väl
414 350 48 22 icke
481 350 80 21 biträdt
579 350 126 28 petitionen,
722 350 70 21 såvidt
807 351 41 21 den
864 352 56 20 afser

99 380 132 20 anställande
254 386 27 14 nu
304 382 76 25 genast
402 379 24 21 af
445 386 25 14 en
495 379 100 27 ansvarig
617 379 186 21 domstolsnotarie
821 380 7 20 i
846 380 74 28 hvarje

100 408 113 28 domsaga,
232 408 102 21 domaren
353 408 30 21 till
402 408 83 21 biträde
502 408 35 21 vid
555 408 226 27 protokollsföringene
788 408 39 22 och
843 409 77 21 kansli-

99 437 135 29 göromålen,
256 444 47 14 men
327 436 119 22 emellertid
468 436 116 21 framhållit
605 437 70 21 såsom
695 436 148 28 pluralitetens
862 438 58 20 inom

99 466 108 21 utskottet
222 466 64 27 åsigt,
302 468 31 18 att
349 472 26 14 en
391 465 64 21 sådan
472 465 227 21 notariatsinstitution
715 472 51 14 vore
782 467 31 19 ett
829 466 41 21 mål
883 466 37 21 det

100 501 49 15 man
164 494 66 21 borde
246 494 142 21 eftersträfva.
419 494 34 20 Då
473 494 119 20 emellertid
611 494 69 20 denna
698 494 55 28 åsigt
770 494 77 21 strider
862 497 58 19 emot

100 523 43 21 min
159 523 149 27 öfvertygelse,
324 523 66 21 måste
404 523 38 27 jag
457 522 64 22 äfven
537 522 96 22 deremot
648 522 106 28 nedlägga
769 522 43 22 min
823 530 96 14 reserva-

100 552 51 21 tion.
182 551 114 21 Notariens
320 551 123 28 skyldighet
461 551 68 21 under
548 551 77 27 sjelfva
639 552 141 27 rättegången
797 551 70 22 blefve
883 559 35 14 na-

101 580 108 28 turligtvis
232 581 32 19 att
281 580 6 21 i
306 580 130 28 protokollet
459 580 69 20 införa
550 582 84 26 parters
656 579 163 28 andraganden,
841 580 79 22 vitnes-

101 609 78 25 målen,
195 610 55 19 samt
264 609 7 20 i
287 608 62 22 skrift
364 608 98 21 företedd
477 608 122 28 utredning,
615 615 48 14 men
679 608 113 22 domarens
807 609 113 27 åliggande

100 639 24 19 är
139 637 39 21 och
195 637 108 21 förblifver
318 638 59 20 alltid
392 639 32 19 att
440 644 92 14 ansvara
545 637 33 21 för
588 637 170 27 ransakningens
769 637 40 21 och
820 637 100 21 förhand-

100 666 109 28 lingarnes
224 666 102 28 riktighet
342 666 39 21 och
396 665 171 28 fullständighet,
583 672 26 14 en
625 666 159 27 omständighet
794 666 64 21 högst
868 666 51 22 nöd-

101 694 78 28 vändig
194 694 33 21 för
242 697 32 19 att
290 694 100 22 domaren
406 694 55 21 skall
471 694 149 28 tillförlitligen
631 695 72 20 kunna
712 694 50 21 fälla
774 694 36 21 sitt
836 695 83 21 domslut.

100 723 35 21 Nu
152 725 35 19 vet
203 730 49 14 man
268 723 118 21 emellertid
402 725 31 19 att
449 722 35 21 vid
500 723 26 21 de
540 723 104 27 muntliga
660 723 187 28 förhandlingarne
864 724 56 21 inför

100 752 144 20 domstolarne
259 752 12 21 &
286 752 72 20 landet
373 751 130 21 anföranden
522 752 39 20 och
580 752 111 20 vitnesmål
710 752 66 20 sällan
790 752 51 20 eller
852 752 67 28 aldrig

100 782 36 19 äro
153 781 23 20 så
191 780 89 21 koncisa
295 780 39 21 och
350 780 103 21 korrekta
468 782 33 18 att
517 780 26 21 de
559 780 73 20 kunna
648 780 115 27 ordagrant
778 780 7 21 i
799 781 119 21 memorial-

99 809 135 27 protokollet
244 809 90 26 införas,
350 816 35 14 om
401 808 40 22 ock
456 808 98 28 förmåga
569 808 71 21 dertill
654 808 39 21 hos
707 808 212 28 protokollföranden

99 838 77 20 funnes
195 838 39 20 och
254 838 58 20 tiden
332 837 76 21 sådant
429 837 120 27 medgäfve,
565 837 81 21 hvilket
662 844 76 14 senare
753 837 64 21 likväl
833 838 47 21 icke
895 839 24 20 är

99 865 69 28 fallet;
186 865 56 22 hvad
257 868 73 25 parter
345 865 39 22 och
400 866 73 20 vitnen
489 865 83 27 anföra,
589 866 68 21 mäste
672 865 76 22 endast
763 866 7 20 i
785 865 87 22 korthet
887 867 31 20 till

99 894 197 28 hufvudsakligaste
319 894 116 21 innehållet
457 894 126 26 antecknas,
607 894 39 21 och
665 894 40 21 blir
723 894 62 21 äfven
805 895 56 20 efter
875 901 43 15 me-

99 923 206 28 morialprotokollet
320 923 6 20 i
342 923 76 21 sädant
437 923 61 21 skick
517 923 34 20 för
568 923 47 20 dem
632 923 95 27 uppläst;
743 923 35 21 vid
794 923 36 21 det
845 925 73 26 egent-

99 951 42 28 liga
157 951 129 28 protokollet
300 952 52 27 eller
367 951 170 28 ransakningens
553 951 144 28 uppsättande
707 951 82 21 utföras
799 951 119 28 andragan-

100 980 55 21 dena
171 980 39 21 och
225 980 140 21 vitnesmälen
381 980 144 27 fullständigt,
537 980 38 21 och
587 979 74 22 dervid
672 981 62 20 beror
744 980 89 21 framför
844 980 37 21 allt
891 981 28 27 pä

100 1008 41 29 den
163 1008 138 29 uppfattning
323 1015 49 14 man
394 1010 65 26 egnat
482 1008 57 27 dem,
565 1009 53 20 huru
642 1008 26 21 de
691 1009 50 27 ingå
759 1009 7 20 i
781 1008 137 28 protokollet.

99 1037 33 21 Ar
147 1037 69 21 denna
232 1037 136 28 uppfattning
383 1037 43 21 lika
441 1037 38 21 hos
495 1037 98 21 notarien
609 1043 46 15 som
671 1037 38 21 hos
725 1037 111 27 domaren,
847 1038 24 20 är
881 1037 37 21 allt

99 1066 35 21 väl
157 1066 39 21 och
215 1066 47 27 bra,
281 1073 48 14 men
348 1066 27 21 dä
393 1067 31 20 ett
444 1067 89 19 motsatt
548 1065 132 22 förhällande
695 1065 102 26 inträffar,
813 1066 68 20 mäste
894 1066 25 28 ju

100 1094 91 21 enderas
214 1095 136 27 uppfattning
369 1094 66 21 blifva
453 1094 41 21 den
514 1094 105 28 gällande,
639 1094 39 21 och
694 1096 31 19 att
741 1094 37 21 det
792 1094 41 21 blir
848 1094 71 21 doma-

100 1130 49 14 rens
165 1124 24 19 är
204 1123 115 28 sjelifallet,
342 1124 52 20 enär
416 1123 102 21 domaren
541 1123 70 21 säsom
630 1122 41 22 den
689 1122 86 22 hvilken
791 1123 129 21 bestämmer

101 1151 115 22 domslutet
232 1152 40 21 och
287 1152 33 21 för
336 1151 64 28 öfrigt
416 1151 48 21 med
479 1151 102 22 afseende
596 1151 13 21 &
624 1151 32 21 sin
674 1151 100 28 ställning
789 1151 68 21 måste
873 1151 46 21 der-

101 1180 35 21 vid
159 1180 63 21 hafva
244 1180 42 21 den
304 1180 116 28 afgörande
438 1181 79 20 rösten.
549 1179 63 22 Hvad
630 1182 62 26 nytta
706 1179 83 22 medför
803 1179 35 22 väl
853 1179 67 22 under

102 1209 76 21 sädant
193 1208 132 22 förhällande
340 1208 265 27 notariatsinstitutionen,
621 1209 77 20 männe
713 1209 20 27 ej
748 1208 99 21 notarien
861 1208 60 21 alltid

102 1237 71 22 blefve
189 1237 23 21 af
226 1237 102 22 domaren
344 1237 44 21 helt
402 1237 40 21 och
458 1237 65 22 hället
538 1237 121 21 beroende?
675 1237 44 21 För
734 1237 102 20 domaren
851 1236 71 21 kunde

101 1266 34 21 för
151 1265 64 28 öfrigt
234 1272 24 15 en
278 1266 90 27 notarie,
386 1266 32 20 till
433 1265 64 22 hvars
513 1266 121 27 antagande
650 1266 40 21 han
705 1265 49 21 icke
768 1265 102 28 bidragit,
886 1265 36 21 vid

101 1295 204 27 kansligöromälens
328 1294 159 28 handläggning
506 1295 7 20 i
533 1295 113 20 domarens
666 1294 101 27 hemvist,
790 1293 45 21 ofta
857 1293 65 22 blifva

101 1323 114 27 besvärlig,
238 1323 40 21 och
298 1323 109 21 notariens
426 1323 101 28 ställning
545 1323 70 21 blefve
631 1323 67 20 under
714 1322 80 21 sådana
809 1321 113 22 förhällan-

101 1351 42 21 den
157 1351 79 28 jemväl
252 1352 82 27 ganska
350 1351 119 28 obehaglig,
485 1353 60 19 snart
561 1351 63 28 sagdt
640 1358 45 14 som
695 1351 65 21 femte
772 1351 68 28 hjulet
855 1351 67 20 under

102 1387 93 21 vagnen,
211 1380 24 21 så
250 1382 32 19 att
297 1381 28 28 på
340 1380 62 21 deras
417 1379 101 22 inbördes
537 1379 133 22 förhållande
688 1379 50 22 med
753 1379 37 21 allt
806 1379 46 21 skäl
868 1379 55 21 skall

101 1409 73 20 kunna
197 1408 107 29 tillämpas
328 1409 36 21 det
386 1408 23 21 af
429 1415 26 14 en
475 1409 52 20 ärad
546 1408 166 21 ståndsmedlem
731 1408 34 21 vid
780 1407 86 28 frågans
881 1407 43 22 för-

103 1437 123 21 beredande
245 1437 130 28 behandling
394 1437 38 20 hos
452 1437 150 28 ridderskapet
618 1437 39 21 och
673 1437 62 21 adeln
750 1436 126 28 begagnade
892 1439 32 18 ut-

101 1465 65 28 tryck
182 1478 28 4 —
224 1467 32 20 att
272 1465 48 22 dem
336 1465 90 22 emellan
442 1465 107 28 uppstode
565 1467 31 20 ett
612 1465 103 29 olyckligt
731 1465 127 28 äktenskap.
882 1464 43 29 Jag
