1078 1692
843 89 39 20 313

91 148 135 24 urarfvamål,
243 154 33 13 om
296 146 143 28 preskription
459 146 32 20 för
507 146 116 27 utsökning
638 146 22 20 af
674 145 126 28 fordringar,
817 153 34 13 om
866 147 44 20 års-

90 176 107 27 stämning
213 176 11 20 &
241 176 128 26 borgenärer
388 175 39 21 och
443 182 33 13 om
493 174 211 27 äktenskapsförord.

159 204 48 20 Alla
229 204 63 20 dessa
316 203 203 27 protokollsutdrag,
543 203 70 20 såsom
636 203 47 21 icke
706 202 151 22 föranledande
880 203 30 21 till

91 234 68 26 någon
175 233 85 27 åtgärd,
276 232 58 21 lades
351 232 30 21 till
398 232 159 28 handlingarne.

158 290 121 26 Föredrogs
303 296 26 14 en
352 289 113 21 skrifvelse
484 289 47 21 från
548 288 226 28 justeringsutskottet
790 289 23 20 af
827 289 39 21 den
883 290 27 20 22

91 319 52 27 Maj,
169 318 31 21 uti
223 318 86 21 hvilken
333 318 107 20 utskottet
459 317 172 28 tillkännagifver
650 319 32 18 att
701 317 36 20 det
752 318 103 26 granskat
870 318 39 20 och

89 347 94 27 godkänt
201 346 254 28 expeditionsutskottets
471 346 80 28 förslag
566 346 31 20 till
614 346 126 20 ständernas
752 353 48 13 svar
811 347 12 19 å
833 346 77 28 nådiga

90 376 159 27 propositionen
272 376 19 26 ej
311 375 82 21 mindre
412 382 33 13 om
461 375 118 27 förklaring
599 374 23 21 af
635 374 74 28 lagens
725 375 133 27 stadganden
874 382 36 14 an-

89 404 82 28 gående
190 404 132 20 fatalietiden
338 404 6 20 i
360 404 90 27 vädjade
467 404 38 20 och
525 403 157 26 revisionsmål,
702 404 26 19 än
744 403 40 21 ock
800 404 110 27 angående

90 433 126 27 tryckfrihet
232 433 6 19 i
254 432 102 27 Finland,
375 434 55 19 samt
449 434 32 19 att
499 432 92 20 berörda
605 432 81 26 förslag
702 432 58 20 såväl
776 432 26 27 på
817 432 93 20 svenska

90 469 45 13 som
151 462 68 20 finska
235 461 92 27 språken
341 462 67 26 jemte
424 461 126 21 dithörande
567 460 196 27 protokollsutdrag
779 462 26 26 på
821 462 26 19 24
862 461 48 21 tim-

90 498 51 19 mar,
158 490 90 21 räknadt
264 490 46 20 från
326 490 28 20 kl.
371 492 26 19 11
414 490 13 20 f.
444 497 27 13 m.
487 489 157 21 ofvannämnde
664 489 47 27 dag,
728 488 68 21 finnes
812 489 98 28 tillgäng-

90 520 41 26 liga
147 519 6 20 i
169 518 171 28 presteståndets
358 518 127 26 kanslirum,
504 518 33 20 för
556 518 48 20 dem
624 518 23 20 af
661 516 95 22 ståndets
773 518 137 20 medlemmar

90 555 45 13 som
151 547 95 21 önskade
263 554 33 13 om
312 547 107 27 förslagen
435 549 50 25 taga
501 548 98 19 närmare
615 546 128 20 kännedom.

159 604 121 28 Föredrogs
305 604 154 28 lagutskottets
482 603 135 22 betänkande
633 604 6 20 i
655 603 114 27 anledning
792 604 23 20 af
835 603 28 21 H.
882 603 27 21 K.

91 633 112 27 Majestäts
227 633 75 27 nådiga
325 633 133 27 proposition
479 640 34 13 om
532 632 89 27 ändring
640 632 22 20 af
679 632 25 27 $$
721 633 10 20 1
749 632 38 20 och
804 633 12 19 2
833 632 48 28 kap.
898 634 12 19 2

90 661 27 21 U.
134 662 32 26 B.,
182 664 55 18 samt
252 668 34 14 om
302 662 114 26 gäldenärs
431 661 122 28 skyldighet
569 662 31 19 att
616 660 34 20 vid
662 660 108 21 bristande
783 660 127 28 betalnings-

90 690 89 28 tillgång
202 690 80 27 aftjena
305 690 61 20 skuld
385 690 48 20 med
452 689 80 27 arbete,
552 690 51 20 eller
619 689 84 20 derföre
719 688 95 28 undergå
830 690 80 26 bysätt-

90 719 57 27 ning,
171 720 69 19 såsom
260 718 40 21 ock
319 718 111 28 angående
445 718 126 28 försäljning
587 718 22 20 af
623 718 42 20 fast
681 718 104 27 egendom
801 718 12 20 å
829 718 81 27 landet,

91 755 44 13 som
153 747 68 21 blifvit
235 747 33 20 för
283 747 49 27 gäld
347 748 6 19 i
370 748 43 19 mät
429 749 73 26 tagen;
519 747 73 21 dervid
609 746 161 26 ridderskapets
786 747 39 20 och
837 747 73 20 adelns

90 776 80 27 förslag
186 776 30 20 till
232 776 130 27 förordning,
378 776 147 20 innefattande
541 775 91 27 ändring
647 775 22 20 af
684 775 24 27 $$
726 776 8 19 1
754 775 38 20 och
808 776 12 19 2
837 775 47 27 kap.
897 776 13 20 2

91 804 26 21 U.
134 804 25 21 B.
175 804 54 21 först
245 806 48 25 togs
309 804 31 20 till
356 804 134 28 behandling.
522 804 139 26 Inledningen
682 805 76 25 antogs
774 803 136 27 oförändrad,

91 834 66 26 enligt
173 833 41 20 den
229 833 77 26 nådiga
323 833 172 26 propositionens
510 832 99 21 innehåll.

162 861 47 20 Med
225 861 115 27 anledning
356 861 22 20 af
392 861 11 27 $
421 863 9 19 1
448 861 95 27 yttrade:

159 889 57 21 Herr
233 889 144 21 Molander:
394 890 10 19 I
420 897 27 12 nu
463 889 96 28 gällande
575 889 35 27 lag
625 889 62 20 heter
702 889 46 20 det:
760 905 12 9 ,,
774 889 45 21 Hos
831 889 80 21 konun-

92 926 52 19 gens
161 918 235 27 befallningshafvande
413 919 34 20 må
461 925 48 13 man
525 917 109 21 föreställa
649 917 38 20 sitt
702 917 78 21 ärende
796 918 116 27 munteliga

92 947 51 20 eller
159 954 76 20 genom
252 953 25 14 en
294 947 48 20 kort
358 947 83 26 skrift'';
455 947 41 20 den
507 946 76 27 nådiga
596 946 157 27 propositionen
766 945 77 22 ändrar
854 947 59 20 detta

91 975 118 28 stadgande
232 976 23 19 sä
278 975 30 20 till
330 975 49 20 vida
395 977 31 19 att
442 975 61 20 ordet
520 975 143 26 ,munteliga'*
680 974 146 21 bortlemnats.
857 975 54 27 Lag-

92 1004 105 21 utskottet
221 1004 38 20 har
281 1004 46 20 från
349 1011 29 13 nu
396 1003 98 28 gällande
513 1004 34 27 lag
564 1004 46 19 åter
625 1003 65 20 infört
706 1003 109 27 uttrycket
829 1005 83 24 ,,munt-

92 1033 77 27 ligen'',
185 1033 20 20 d.
221 1040 19 13 v.
257 1039 15 13 s.
289 1032 142 27 lagutskottet
448 1032 37 20 har
501 1031 109 22 bibehållit
629 1031 41 21 den
688 1031 173 28 bestämningen,
880 1034 32 19 att

93 1069 47 13 man
165 1061 64 21 ocksä
252 1061 117 26 muntligen
389 1061 32 20 fär
439 1061 38 20 hos
494 1061 117 26 Kejsarens
629 1060 232 27 befallningshafvande
876 1067 36 14 an-

92 1090 53 20 söka
161 1097 33 13 om
214 1097 80 13 annans
314 1089 143 28 förpligtande
477 1091 32 18 att
529 1089 69 20 betala
614 1089 42 20 viss
672 1088 48 27 gäld
737 1089 65 27 enligt
817 1089 95 21 förskrif-

93 1119 49 27 ning
159 1119 51 20 eller
225 1125 69 13 annan
307 1117 138 21 förbindelse.
471 1118 42 27 Jag
529 1117 34 20 vill
579 1117 48 20 med
643 1117 115 26 anledning
773 1117 62 21 häraf
848 1117 63 21 fram-

92 1147 56 20 hålla
171 1148 65 26 några
260 1146 187 27 omständigheter.
479 1146 34 21 Då
536 1147 53 20 1734
613 1146 34 20 års
670 1145 35 28 lag
723 1145 132 28 utfärdades,
875 1153 37 14 var

92 1175 119 21 ärendenas
227 1175 56 20 antal
303 1175 47 20 icke
370 1176 22 19 sä
412 1177 54 18 stort
483 1182 44 13 som
544 1181 36 20 nu,
598 1174 39 21 och
653 1174 47 21 icke
717 1174 65 20 heller
796 1181 39 15 var
851 1175 61 20 skrif-

93 1204 145 27 kunnigheten
259 1204 23 20 sä
302 1203 76 21 allmän
400 1211 44 13 som
460 1203 33 21 för
509 1203 143 26 närvarande;
669 1203 27 20 dä
712 1203 70 20 kunde
798 1203 35 20 det
849 1204 63 20 hafva

93 1233 45 20 skäl
160 1233 33 20 för
216 1232 32 27 sig
271 1234 31 18 att
326 1232 107 27 medgifva
456 1234 31 19 att
510 1231 110 21 sökanden
639 1231 65 21 ocksä
729 1232 116 27 muntligen
870 1232 41 21 fick

92 1261 118 20 framställa
221 1261 35 26 sin
272 1261 108 26 anhällan,
397 1267 47 14 men
462 1267 27 14 nu
503 1261 63 20 hafva
581 1259 160 22 förhällandena
752 1260 105 27 betydligt
868 1260 43 21 för-

93 1289 93 21 ändrats.
217 1289 126 20 Arendenas
366 1289 58 20 antal
447 1289 44 23 har,
511 1289 69 20 såsom
599 1289 53 20 hvar
674 1288 40 21 och
733 1295 26 14 en
775 1288 60 21 torde
852 1290 60 26 veta,

92 1319 96 26 tilltagit,
204 1318 23 21 sä
242 1319 32 19 att
290 1318 26 21 de
331 1317 36 21 vid
383 1317 180 27 länestyrelserna
578 1317 174 27 mängdubblats;
766 1317 146 28 skrifkunnig-

93 1347 63 20 heten
173 1347 38 20 har
227 1346 86 21 utbredt
328 1347 34 26 sig
377 1346 6 20 i
399 1346 82 27 landet,
498 1347 22 20 sä
536 1347 31 19 att
583 1346 47 20 icke
646 1352 81 14 samma
741 1346 131 27 svårigheter
883 1353 28 14 nu

93 1375 66 21 borde
181 1376 58 19 möta
262 1377 32 18 att
314 1376 56 19 sätta
389 1381 42 20 upp
451 1381 25 14 en
493 1375 48 20 kort
557 1374 72 27 skrift,
646 1381 45 13 som
708 1373 34 21 vid
758 1374 72 27 lagens
846 1375 65 20 utfär-

93 1404 75 21 dande.
199 1404 41 26 Jag
256 1403 41 20 kan
314 1403 84 20 derföre
414 1403 47 20 icke
477 1403 56 20 finna
549 1404 65 25 något
631 1402 119 27 betänkligt
766 1403 44 20 deri
826 1405 42 24 att,
879 1403 32 21 sä-

93 1439 45 14 som
154 1432 77 27 nädiga
247 1432 161 27 propositionen
423 1431 123 27 innehäller,
564 1431 36 21 det
618 1431 87 27 stadgas
721 1433 31 18 att
768 1431 92 28 skriftlig
875 1439 35 13 an-

93 1461 91 27 sökning
199 1461 67 20 mäste
287 1461 38 20 hos
346 1462 134 25 guvernören
496 1461 69 26 göras.
597 1460 58 20 Skall
671 1459 36 20 det
723 1459 78 21 tillätas
817 1459 95 21 sökande

93 1491 32 18 att
148 1489 117 27 muntligen
283 1489 119 20 framställa
418 1489 30 20 sin
466 1489 102 27 begäran,
585 1489 67 20 mäste
668 1487 36 21 det
720 1488 135 27 naturligtvis
873 1487 39 22 ske
