1078 1692
198 84 25 19 74

169 139 69 21 skulle
254 140 34 20 för
303 140 42 20 min
362 140 41 26 del,
418 140 6 20 i
440 140 101 20 händelse
557 140 70 27 någon
643 140 67 27 utsigt
725 140 67 20 finnes
808 141 32 20 att
851 140 31 21 till
893 140 99 21 väsendt-

169 168 38 28 ligt
222 175 58 21 gagn
295 168 33 20 för
343 168 210 21 folkskoleväsendet
577 168 97 21 använda
692 168 36 21 det
744 168 162 28 ifrågavarande
923 169 68 21 öfver-

169 196 91 26 skottet,
284 196 47 21 icke
350 197 50 27 vilja
415 197 98 21 använda
529 203 26 14 en
571 197 54 21 enda
643 198 64 26 penni
723 197 61 21 deraf
798 197 32 21 för
846 197 66 21 andra
928 198 63 20 ända-

171 225 48 21 mål.
250 225 44 27 Jag
317 225 68 21 skulle
409 225 84 21 derföre
510 226 22 20 af
546 226 69 27 någon
638 226 64 20 bland
721 225 118 21 utskottets
855 226 137 21 medlemmar

169 254 68 20 önska
253 254 81 20 erhålla
349 254 122 28 utredning,
480 254 28 28 på
523 254 72 20 hvilka
610 254 92 27 grunder
713 254 106 21 utskottet
830 254 92 28 grundat
932 255 60 21 detta

169 282 38 21 sitt
221 282 89 27 förslag.

238 310 58 20 Herr
312 310 202 22 Nordenskiöld:
534 311 42 27 Jag
591 311 95 21 anhåller
702 313 31 19 att
749 311 21 21 få
785 311 76 21 förena
875 312 43 27 mig
934 312 6 20 i
956 312 36 21 det

169 338 102 28 yttrande
287 339 49 21 herr
351 339 55 21 Rein
422 340 83 27 afgifvit
521 339 39 21 och
577 340 38 20 ber
630 340 104 27 derjemte
750 342 31 18 att
797 340 21 20 få
834 340 74 27 styrka
919 340 26 20 de
956 347 36 14 an-

170 368 138 27 märkningar
323 368 49 20 herr
387 368 80 21 Linder
484 368 58 28 gjort
561 368 90 21 rörande
669 368 186 28 tillförlitligheten
871 368 23 21 af
907 368 26 21 de
949 368 43 21 siff-

169 403 42 19 ror,
227 397 27 27 på
274 396 72 21 hvilka
362 397 106 21 utskottet
490 396 81 28 stödjer
587 396 32 28 sig
637 397 40 21 och
697 397 71 20 hvilka
784 396 67 21 finnas
872 397 89 21 anförda
980 398 12 20 å

169 432 49 20 pag.
234 425 13 20 2
264 424 39 22 och
314 426 12 19 3
343 425 6 21 i
366 426 116 20 utskottets
506 425 141 21 förevarande
671 425 142 21 betänkande.
844 425 11 20 I
878 426 114 27 anledning

170 453 23 21 af
207 453 63 21 dessa
286 453 70 21 siffror
371 454 38 20 ber
422 454 39 27 jag
476 456 56 18 ännu
543 456 32 18 att
585 454 22 20 få
618 454 55 20 fästa
684 453 218 28 uppmärksamheten
915 454 35 20 vid
961 456 31 18 ett

171 489 38 20 par
225 482 191 27 omständigheter.
440 482 113 21 Utskottet
563 482 38 20 har
612 482 37 21 här
661 482 105 21 beräknat
775 482 53 20 huru
840 484 58 19 stora
910 484 82 19 statens

171 510 74 28 bidrag
260 510 7 20 i
284 510 38 21 och
338 510 33 21 för
382 510 181 28 undervisvingen
574 511 6 20 i
591 510 71 21 landet
673 511 77 27 utgöra
761 511 6 20 i
778 513 89 25 procent
879 511 23 21 af
910 513 81 19 statens

169 539 120 21 inkomster
305 539 39 21 och
362 539 103 21 likaledes
483 540 104 20 beräknat
602 542 117 25 procenten
738 540 7 20 i
761 539 60 21 detta
839 539 101 21 afseende
960 540 32 20 för

169 568 66 20 andra
258 568 79 20 länder.
368 568 86 20 Statens
474 568 119 20 inkomster
612 570 36 18 ärv
664 568 137 26 temmeligen
817 570 51 18 nära
884 568 107 21 öfverens-

170 596 133 21 stämmande
319 596 48 21 med
384 598 81 19 statens
482 596 94 28 utgifter.
609 596 39 20 Om
666 604 46 13 man
728 596 75 20 endast
814 596 67 21 fäster
892 596 100 21 afseende

170 625 27 27 pä
212 624 48 21 hela
279 625 39 20 och
337 625 71 21 halfva
430 627 120 25 procenter,
574 626 69 20 säsom
660 625 105 20 utskottet
784 625 38 20 har
841 625 64 27 gjort,
922 626 23 20 sä
960 626 32 20 fär

170 660 48 14 man
241 653 87 21 alldeles
345 661 81 13 samma
441 654 76 26 siffror,
533 660 34 14 om
584 660 47 14 man
647 654 106 20 beräknar
776 654 142 26 procenttalet
938 654 54 20 efter

170 684 83 18 statens
274 682 93 27 utgifter.
399 682 33 20 Nu
449 684 23 18 är
488 682 36 20 det
539 682 119 20 emellertid
674 682 66 25 fallet,
756 684 32 18 att
803 682 188 27 militärbudgeten

169 710 7 20 i
192 710 91 20 Finland
299 712 23 18 är
337 711 87 27 mycket
438 711 61 26 liten,
519 718 34 13 om
572 718 49 13 man
637 710 79 28 jemför
731 710 40 21 den
788 710 47 21 med
851 710 141 22 förhällandet

171 738 128 21 utomlands.
330 738 70 21 Häraf
413 739 68 27 följer,
498 741 31 19 att
544 739 43 21 ifall
597 740 38 26 jag
646 739 68 20 skulle
726 738 102 26 beräkna,
839 740 152 26 procentdelen

169 767 34 21 för
218 767 67 21 andra
309 768 94 27 utgifter,
427 775 33 13 om
474 768 38 27 jag
527 770 14 18 t.
558 774 34 14 ex.
609 768 68 20 skulle
699 767 95 21 beräkna
813 767 54 21 huru
884 770 44 18 stor
943 775 48 21 pro-

170 798 49 18 cent
235 796 23 20 af
272 798 82 18 statens
369 796 89 28 utgifter
473 797 62 26 utgär
550 796 33 20 för
599 796 132 20 underhället
747 796 23 20 af
782 796 170 27 lagskipningen,
969 797 23 20 sä

169 824 69 21 skulle
259 825 39 26 jag
320 824 86 21 komma
421 825 31 20 till
468 825 35 20 det
520 825 97 25 resultat,
637 827 31 18 att
688 825 54 20 intet
762 824 48 20 land
831 824 6 21 i
853 824 86 21 verlden
959 825 33 20 för

170 852 163 28 lagskipningen
354 853 91 27 utgifver
464 853 23 20 sä
506 853 87 27 mycket
613 860 44 13 som
677 853 97 20 Finland.
805 852 32 21 Pä
853 860 79 13 samma
948 855 43 19 sätt

170 881 68 20 skulle
253 881 39 27 jag
308 881 72 20 kunna
396 881 73 21 bevisa
485 884 32 18 att
531 881 48 21 icke
596 881 66 21 heller
677 882 65 26 nägot
757 881 50 20 land
823 881 6 20 i
845 881 86 21 verlden
943 889 47 20 pro-

171 909 130 28 portionsvis
316 909 94 28 utgifver
426 911 22 20 sä
464 910 87 28 mycket
567 917 45 13 som
628 910 47 20 värt
687 909 47 21 land
746 910 33 20 för
790 909 135 28 sjukvärden.
949 910 42 27 Jag

170 938 68 21 skulle
262 938 72 21 kunna
354 938 74 21 bevisa
447 940 31 19 att
497 938 91 21 Finland
606 938 68 28 gifver
689 940 24 19 ut
728 945 60 14 mera
803 939 27 19 än
846 939 65 26 nägot
927 941 65 18 annat

169 967 50 20 land
235 967 31 20 till
284 967 40 20 alla
344 967 86 27 möjliga
448 967 57 27 slags
525 967 104 26 ändamäl,
648 967 46 20 med
714 967 110 26 undantag
840 967 22 20 af
876 967 115 21 militärvä-

170 995 82 21 sendet.
283 995 33 21 En
333 995 64 21 sädan
414 995 118 28 beräkning
547 995 42 21 kan
605 995 83 21 säledes
704 995 47 21 icke
768 995 47 20 leda
831 995 31 20 till
877 996 65 27 nägot
956 1003 35 13 an-

170 1025 37 19 nat
221 1023 91 22 resultat
327 1025 26 19 än
369 1024 30 20 till
417 1024 174 27 ädagaläggande
607 1024 65 26 deraf,
689 1025 32 19 att
737 1023 90 22 Finland
843 1023 33 21 för
891 1024 32 20 sin
939 1024 52 21 mili-

170 1053 33 19 tär
217 1052 95 27 utgifver
327 1053 87 26 mycket
430 1053 47 20 litet
492 1053 6 20 i
514 1052 132 21 förhällande
665 1052 31 21 till
712 1053 45 20 sina
774 1052 88 28 utgifter
876 1052 34 21 för
925 1053 67 20 andra

170 1081 106 20 ändamål.
301 1081 43 20 Det
352 1082 24 19 är
384 1081 83 20 således
482 1081 87 20 alldeles
586 1081 87 27 oriktigt
682 1083 32 18 att
722 1081 22 20 af
752 1081 62 20 dessa
826 1081 166 27 procentberäk-

170 1109 76 27 ningar
262 1109 66 28 draga
344 1109 40 21 den
401 1109 96 26 slutsats,
514 1109 84 21 hvartill
615 1109 105 21 utskottet
736 1109 96 21 kommit.
863 1109 29 21 Sä
906 1110 86 21 mycket

170 1139 69 19 större
255 1137 190 28 uppmärksamhet
461 1139 38 20 bör
515 1145 49 13 man
578 1138 96 21 deremot
689 1138 57 20 fästa
761 1138 35 20 vid
812 1138 35 20 det
861 1138 131 21 förhällande

170 1167 107 20 utskottet
293 1166 97 28 angifvit,
407 1169 30 18 att
452 1167 7 20 i
475 1167 89 27 Sverige
581 1169 81 18 statens
677 1166 77 27 bidrag
769 1167 32 20 för
818 1166 172 21 elementarläro-

171 1195 79 20 verken
267 1195 52 27 utgå
335 1195 47 20 med
398 1195 55 27 511/,
469 1195 64 27 penni
549 1195 27 27 pä
591 1195 73 27 hvarje
680 1195 139 26 innevånare,
835 1195 110 20 hvaremot
961 1195 30 21 bi-

171 1223 80 27 dragen
267 1223 6 20 i
290 1223 59 21 detta
372 1223 101 21 afseende
497 1225 74 26 utgöra
591 1224 26 20 45
634 1223 63 28 penni
713 1224 6 19 i
735 1223 47 20 vårt
801 1225 49 25 eget
868 1223 54 21 land.
954 1224 38 21 Sä-

171 1252 51 20 dant
244 1259 39 13 var
306 1251 141 22 förhällandet
466 1253 23 19 är
508 1253 60 20 1865.
599 1252 42 27 Jag
658 1252 33 20 vill
708 1251 54 21 dock
779 1251 101 21 anmärka
896 1254 32 18 att
943 1259 48 14 man

171 1280 20 27 ej
207 1280 38 20 bör
261 1280 43 21 läta
320 1280 102 21 vilseleda
437 1281 32 26 sig
485 1281 22 20 af
521 1281 40 20 den
577 1281 36 20 vid
628 1281 66 20 första
711 1280 106 27 päseende
833 1280 60 27 ringa
909 1281 83 20 skilnad

171 1309 90 20 emellan
287 1309 141 20 förhållandet
443 1309 6 20 i
465 1309 89 28 Sverige
573 1309 40 21 och
629 1309 46 20 vårt
691 1308 55 21 land.
778 1308 77 21 Denna
870 1309 83 20 skilnad
969 1310 23 19 är

170 1337 6 20 i
193 1337 35 20 det
244 1337 48 20 hela
308 1337 82 27 ganska
406 1337 101 28 betydlig.
538 1338 41 20 Om
593 1338 38 27 jag
646 1340 14 17 t.
677 1344 33 14 ex.
728 1337 68 20 skulle
812 1337 41 20 öka
867 1337 125 20 statsbidra-

170 1372 41 21 gen
226 1365 34 21 för
276 1365 244 22 elementarläroverken
536 1366 48 21 med
601 1367 88 25 100,000
700 1366 68 26 mark,
780 1366 69 20 säsom
861 1368 80 25 preste-
953 1365 39 21 och

171 1393 173 21 bondeständens
368 1395 214 20 utskottsledamöter
605 1394 119 27 föreslagit,
748 1395 24 20 sä
790 1393 68 21 skulle
876 1394 116 27 utgifterna

169 1423 34 20 för
218 1423 245 20 elementarläroverken
482 1423 47 21 icke
548 1423 55 28 stiga
619 1423 47 20 med
682 1429 60 14 mera
758 1423 26 20 än
800 1423 41 26 9'/,
857 1423 63 26 penni
936 1423 20 20 d.
972 1429 19 14 v.

170 1458 16 13 s.
203 1451 36 20 det
254 1451 68 20 totala
338 1451 100 28 beloppet
453 1452 65 20 blifva
537 1451 90 28 ungefär
645 1451 129 26 detsamma,
790 1457 45 14 som
850 1451 142 21 förhällandet

171 1479 168 28 proportionsvis
355 1487 38 14 var
408 1480 7 20 i
430 1480 88 27 Sverige
536 1481 59 20 1865.
627 1480 49 21 Men
692 1480 38 27 jag
749 1479 38 21 ber
805 1481 57 19 ännu
877 1481 31 19 att
924 1479 22 22 fä
960 1479 32 22 fä-
