1078 1692
206 103 38 20 116

246 176 11 9 ,
260 158 122 28 Förgiftadt
398 159 99 21 lockbete
512 158 32 22 får
560 158 76 22 endast
652 159 12 21 &
680 166 54 20 egen
750 159 61 21 mark
827 159 107 28 utläggas,
946 158 54 22 dock

176 188 48 21 icke
239 188 67 20 heller
325 187 112 21 derstädes
457 187 67 21 under
543 194 69 14 annan
629 188 30 20 tid
675 189 27 19 än
719 188 89 20 emellan
825 188 40 20 den
884 189 8 19 1
910 187 90 21 Decem-

177 216 38 21 ber
230 216 40 21 och
288 216 8 20 1
314 216 66 27 Maj';

244 246 57 19 samt
317 245 11 27 $
346 245 25 21 18
388 246 117 20 momentet
521 245 22 20 2:

246 290 4 8 »
254 272 48 26 Till
325 273 112 21 enahanda
457 274 61 20 böter
537 273 38 21 och
597 273 120 28 ersättning
735 273 33 21 för
788 274 98 27 möjligen
903 273 96 27 tillskyn-

178 302 41 21 dad
234 301 69 21 skada
322 308 50 14 vare
389 302 79 27 jemväl
487 301 41 21 den
547 301 108 27 förfallen,
672 308 45 14 som
733 302 69 27 utlagt
817 302 110 27 förgiftadt
943 302 56 20 lock-

178 330 50 22 bete
244 330 68 21 under
328 330 71 28 oloflig
415 330 29 21 tid
461 330 51 21 eller
528 330 12 21 ä
555 337 82 14 annans
653 337 57 20 egor,
727 330 53 21 eller
794 330 76 21 sädant
885 330 47 20 icke
943 330 56 21 inom

178 359 40 21 den
235 358 89 28 lofgifna
340 358 70 22 tidens
425 359 82 27 utgång
522 358 160 27 undankaffat';

246 388 34 20 6:0
300 387 22 21 af
339 388 41 20 den
401 388 25 20 13
445 386 53 28 Maj,
515 387 146 21 innefattande
678 387 188 27 borgareständets
883 387 69 21 beslut
968 389 32 19 att

177 416 115 28 godkänna
315 416 153 27 lagutskottets
491 416 157 20 betänkande
638 412 15 36 i
667 416 115 27 anledning
800 416 23 20 af
840 416 158 27 propositionen

177 444 111 28 angående
304 451 78 14 ansvar
397 445 33 20 för
445 444 131 28 antändning
592 444 23 21 af
629 451 54 21 egen
699 444 105 28 egendom
819 444 6 20 i
842 444 63 27 afsigt
920 446 32 18 att
968 444 31 20 ät-

177 473 86 21 komma
286 473 129 27 ersättning,
439 480 44 13 som
503 472 34 21 för
556 472 136 22 brandskada
714 472 67 22 utfäst
796 474 30 25 är,
846 474 58 19 utom
921 472 78 22 beträf-

177 501 63 21 fande
256 502 12 26 8
284 502 23 26 4,
324 501 30 21 till
371 502 84 20 hvilken
475 501 85 21 ståndet
580 502 66 26 ansåg
662 504 31 18 ett
709 502 75 27 tillägg
799 502 52 20 böra
866 502 63 27 göras
945 501 5 21 i
967 502 31 20 sä-

177 530 51 21 dant
252 530 66 27 syfte,
336 532 31 18 att
390 530 127 27 paragrafen
540 530 48 20 icke
610 530 84 20 komme
712 532 32 18 att
763 530 105 21 innefatta
883 530 69 28 någon
969 530 30 20 in-

177 558 132 28 skränkniog
324 558 33 20 för
373 558 37 21 det
428 558 44 27 fall,
488 561 31 18 att
530 558 209 28 försäkringsbolags
751 558 131 28 stadganden
893 558 107 20 innehölle

177 586 150 28 medgifvande
342 587 33 20 för
391 587 68 27 tredje
475 594 48 13 man
539 589 31 18 att
586 587 5 20 i
608 586 73 28 hvarje
698 587 111 26 händelse,
827 587 26 21 då
868 586 40 22 han
925 586 73 22 visade

177 616 32 27 sig
226 622 50 14 vara
292 615 70 21 dertill
382 615 129 27 berättigad,
536 615 138 21 utbekomma
696 615 231 28 försäkringssumman
944 618 54 18 samt

176 643 209 28 försäkringsaftalet
402 643 81 21 således
499 644 69 20 blifvit
584 645 27 26 på
627 644 76 21 sådant
720 644 68 20 vilkor
803 644 112 27 afslutadt;

246 673 33 20 7:0
296 672 23 21 af
332 672 40 20 den
390 673 25 19 13
432 672 54 28 Maj,
503 672 148 21 innehållande
667 675 31 18 att
715 672 177 28 borgareständet
904 672 47 21 med
963 680 35 13 an-

176 700 87 28 ledning
282 701 23 20 af
323 701 235 27 grundlagsutskottets
581 701 300 28 sammanjemkningsförslag
899 702 5 20 i
924 702 74 26 frägan

177 736 33 14 om
229 729 27 21 de
277 729 127 27 rättigheter
423 729 39 21 och
481 729 154 28 skyldigheter,
655 737 45 13 som
720 730 118 20 tillkomma
860 730 138 27 tjenstemän,

177 758 82 20 hvilkas
276 758 145 27 befattningar
437 757 106 28 indragas,
559 758 48 20 icke
623 760 70 19 ansett
709 758 113 28 förslaget,
839 760 51 19 enär
906 758 35 21 det
951 758 47 21 icke

179 786 91 21 berörde
286 786 27 21 de
328 786 24 20 af
365 786 85 21 ståndet
466 786 6 20 i
487 786 89 21 ärendet
592 787 81 20 fattade
690 787 76 26 beslut,
783 787 85 27 påkalla
883 794 69 14 annan
968 787 30 20 åt-

177 815 51 26 gärd
248 816 26 19 än
294 816 32 19 att
341 814 140 21 medstånden
505 815 39 21 och
567 815 132 21 förbemälda
722 816 84 20 utskott
829 822 33 14 om
886 815 112 27 förslagets

176 843 154 28 föredragning
346 842 68 21 skulle
430 849 75 22 genom
523 843 197 28 protokollsutdrag
736 843 146 27 underrättas;

245 871 57 21 Från
319 871 168 27 presteståndet:

245 900 34 21 8:0
296 900 22 21 af
332 899 40 21 den
390 900 24 21 13
431 899 53 28 Maj,
501 900 148 21 innehållande
666 903 31 18 att
714 901 95 26 ståndet,
827 900 47 21 med
886 901 114 27 anledning

176 928 23 21 af
213 929 106 20 allmänna
342 928 206 21 besvärsutskottets
567 929 80 27 förslag
663 929 32 20 till
710 929 133 28 underdånig
859 929 90 28 petition
966 936 33 14 om

176 957 128 21 utfärdande
327 957 23 20 af
370 963 26 14 en
419 957 126 28 författning
564 957 31 20 till
617 957 126 28 skyddande
762 957 22 21 af
801 957 83 21 landets
907 957 93 22 forntida

176 986 171 20 minnesmärken
365 985 39 21 och
421 985 245 28 ålderdomslemningar,
684 986 94 21 beslutat
789 986 157 21 återremittera
956 987 43 20 för-

176 1014 67 27 slaget
259 1013 32 22 till
306 1014 106 21 allmänna
428 1014 195 21 besvärsutskottet
639 1014 33 21 för
688 1016 32 19 att
736 1015 6 20 i
758 1014 108 28 åtskilliga
881 1015 58 20 delar
956 1022 42 13 om-

175 1042 138 25 formuleras;

244 1071 34 21 9:o
295 1071 62 20 äfven
374 1071 24 20 af
411 1071 40 20 den
469 1071 24 21 13
510 1071 53 28 Maj,
579 1071 141 28 hvarigenom
736 1071 109 21 meddelas
860 1073 32 19 att
903 1071 95 27 ståndet,

175 1099 48 21 med
246 1099 116 28 anledning
382 1099 23 20 af
418 1101 153 19 sammansatta
593 1100 110 21 ekonomi-
719 1102 56 19 samt
791 1102 63 19 stats-
870 1101 39 20 och
925 1100 72 21 bevill-

175 1128 181 28 ningsutskottets
372 1127 137 22 betänkande
525 1128 109 27 angående
650 1129 78 27 nådiga
745 1129 160 27 propositionen
917 1136 33 14 om
962 1136 35 14 an-

175 1157 111 20 skaffande
303 1157 23 20 af
339 1156 79 27 nödiga
433 1156 69 21 medel
519 1156 31 21 till
565 1157 149 21 förbättrande
731 1157 23 20 af
767 1157 230 21 elementarundervis-

174 1185 140 28 ningsverket
329 1185 6 20 i
351 1185 80 26 landet,
448 1185 93 20 beslutat
556 1187 78 26 antaga
651 1185 157 22 betänkandets
819 1193 75 14 senare
906 1186 91 21 alterna-

173 1214 37 26 tiv,
226 1213 55 21 dock
305 1213 49 21 med
373 1213 40 21 den
433 1213 146 21 modifikation
600 1214 132 21 beträffande
752 1214 152 28 dispositionen
924 1215 23 20 af
960 1215 36 20 det

171 1241 46 21 från
241 1241 197 21 folkskolefondens
466 1242 141 27 besparingar
633 1243 107 27 beviljade
767 1243 74 27 anslag
862 1243 23 20 af
907 1244 89 26 100,000

171 1270 66 25 mark,
254 1272 32 19 att
302 1271 7 20 i
324 1270 127 21 ständernas
468 1277 49 14 svar
533 1270 40 21 den
595 1271 147 27 underdåniga
759 1271 82 21 önskan
857 1271 67 22 skulle
940 1273 56 20 utta-

170 1298 43 27 las,
229 1301 32 18 att
277 1299 67 27 sagda
358 1299 75 26 anslag
449 1299 65 20 borde
530 1299 109 21 användas
650 1300 30 20 till
692 1299 149 21 förbättrande
853 1300 22 20 af
883 1301 112 20 skollärar-

170 1334 38 14 nes
223 1327 6 20 i
246 1327 26 20 de
288 1327 116 21 allraflesta
423 1327 35 20 fall
475 1327 88 21 alldeles
587 1328 143 28 otillräckliga
752 1328 158 21 löneförmoner
930 1329 65 27 enligt

169 1355 36 21 det
220 1355 81 28 förslag
316 1357 88 26 prosten
421 1355 105 22 Borenius
543 1356 30 20 uti
590 1356 49 21 dess
654 1357 6 20 i
676 1357 108 20 utskottet
803 1357 80 27 afgifna
898 1364 96 14 reserva-

168 1384 45 21 tion
235 1383 107 22 framstält
362 1384 58 21 såväl
436 1385 5 19 i
458 1384 101 21 afseende
575 1385 12 20 å
604 1385 106 28 beloppen
734 1385 24 21 af
772 1385 87 21 lönerna
878 1386 39 20 och
936 1385 58 21 löne-

167 1412 175 28 förhöjningarne
362 1419 46 14 som
428 1413 131 21 beträffande
582 1413 97 21 vilkoren
698 1413 34 21 för
752 1413 26 22 de
794 1414 143 21 sistnämndas
955 1415 39 20 till-

166 1441 170 28 godonjutande.

235 1469 49 21 Alla
300 1469 62 21 dessa
378 1469 208 29 protokollsutdrag,
602 1471 70 20 såsom
688 1471 48 21 icke
753 1470 151 22 föranledande
915 1471 31 21 till
957 1472 35 21 nå-

165 1505 42 20 gon
223 1498 74 21 vidare
313 1498 87 28 åtgärd,
416 1498 59 21 lades
490 1498 31 21 till
537 1499 161 28 handlingarne.
