1078 1692
209 80 42 22 220

181 137 85 22 biträda
282 138 36 21 det
336 138 80 28 fjerdes
435 139 85 27 åsigter,
540 138 124 28 isynnerhet
680 145 46 15 som
743 138 26 22 de
785 139 36 21 två
837 138 87 22 stånden
941 138 63 22 hafva

181 166 112 28 föreslagit
312 167 39 21 den
371 167 68 27 lägsta
457 168 92 20 skatten.
580 167 42 27 Jag
638 168 68 20 skulle
723 167 85 21 derföre
825 168 71 27 afböja
912 168 48 20 hela
974 167 30 21 in-

181 195 221 28 bjudningsförslaget
424 197 31 19 att
477 198 78 25 antaga
577 196 36 20 det
632 196 57 21 förra
708 196 144 21 alternativet.
884 196 39 20 Om
940 196 65 21 också

181 224 63 20 deraf
257 223 69 21 skulle
340 224 65 20 blifva
420 224 90 28 följden,
529 227 31 18 att
576 224 41 21 den
631 224 70 28 gamla
716 225 63 27 lagen
796 225 67 20 skulle
881 224 65 21 blifva
961 224 44 28 gäl-

182 252 70 27 lande,
268 252 25 21 så
308 254 45 19 tror
366 253 38 27 jag
420 252 35 22 det
471 253 54 21 ändå
542 260 49 14 vara
608 253 42 21 lika
666 254 23 20 så
705 253 52 28 godt
774 260 45 14 som
835 255 31 19 att
882 256 77 25 antaga
969 254 35 20 det

182 281 64 21 förra.
277 280 62 22 Felet
359 281 81 28 hjelpes
462 282 55 20 ändå
536 282 47 20 icke
602 282 136 28 derigenom,
754 288 48 14 men
819 289 48 13 man
884 282 74 20 vinner
974 282 30 20 åt-

183 309 106 21 minstone
312 310 122 20 erfarenhet
455 310 30 20 till
509 312 61 19 nästa
588 310 108 28 landtdag,
718 310 40 21 och
775 313 30 18 ett
820 310 48 21 fullt
884 310 120 21 botemedel

184 337 40 21 kan
241 338 102 28 möjligen
359 338 123 28 derigenom
499 338 97 22 erhållas.

252 366 58 22 Herr
325 366 192 29 Björkenheim,
533 366 36 22 R.:
589 367 40 21 Om
646 374 58 19 man,
721 368 70 20 såsom
807 367 89 21 friherre
913 367 91 21 Wredes

184 402 28 14 nu
228 398 73 18 senast
316 396 86 27 yttrade
417 395 37 21 ord
470 396 89 27 antyda,
576 397 63 27 utgår
653 396 46 20 från
712 396 41 20 den
765 396 143 28 synpunkten,
924 398 32 18 att
970 396 35 20 det

183 425 23 19 är
222 424 43 20 lika
282 424 23 21 så
320 424 52 28 godt
387 427 32 18 att
434 424 264 28 bränvinslagstiftningen
718 426 44 19 står
781 425 26 26 på
823 424 39 21 den
880 424 68 28 punkt
964 424 40 21 den

183 452 96 28 innehar,
302 459 44 15 som
366 455 32 19 att
416 453 56 21 förra
491 453 137 21 alternativet
646 453 135 28 godkännes,
797 452 26 21 då
839 454 23 20 är
878 459 37 15 ens
931 455 73 19 votum

184 481 118 27 sjelffallet,
325 488 49 14 men
396 482 32 20 för
447 482 41 20 min
509 482 33 20 del
558 482 41 20 kan
614 482 38 27 jag
668 482 19 27 ej
704 482 48 20 dela
768 482 63 20 dessa
847 482 85 27 åsigter.
963 481 42 28 Jag

184 516 63 14 anser
271 512 31 19 att
325 517 26 14 en
375 511 57 20 skatt
451 510 23 21 af
493 512 8 18 1
524 510 60 21 mark
608 512 27 19 60
658 510 63 28 penni
736 510 68 20 måste
823 517 51 14 vara
890 512 30 18 ett
936 511 68 19 större

184 538 105 28 premium
305 539 33 20 för
353 539 138 27 lurendrejeri
507 539 39 21 och
562 539 142 27 lönbränning
720 540 26 19 än
763 545 26 14 en
805 538 57 21 skatt
878 539 24 20 af
917 539 7 19 1
938 538 66 21 mark.

184 566 42 28 Jag
242 574 62 14 anser
320 569 31 19 att
366 567 121 21 kontrollen
504 568 59 20 öfver
580 574 76 14 varans
672 567 78 28 lagliga
766 567 140 21 tillverkande
922 568 23 20 är
959 567 46 21 svä-

183 602 55 20 rare,
262 596 27 20 dä
308 603 46 13 man
374 596 45 20 fritt
438 596 33 21 fär
489 596 64 20 forsla
570 597 25 19 15
611 596 89 26 kannor,
716 596 52 20 eller
784 602 33 14 om
834 603 47 13 man
897 598 51 18 utan
964 595 42 21 för-

184 624 103 28 passning
303 624 31 21 fär
349 624 47 21 föra
412 624 41 28 21/,
468 625 88 26 kannor,
573 626 59 19 utom
647 624 109 28 ätskilliga
772 624 65 21 andra
852 624 131 28 stadganden
999 624 6 20 i

184 652 58 21 förra
258 654 146 26 alternativet,
421 660 44 14 som
481 653 81 21 sträfva
577 653 31 21 till
619 655 31 19 ett
661 653 77 21 bättre.
766 652 111 21 Erkänner
888 660 48 13 man
948 652 59 21 detta

184 681 39 21 och
240 681 26 21 då
283 688 47 14 man
348 684 34 18 vet
401 684 32 18 att
450 682 75 28 frågan
543 682 19 27 ej
582 682 42 20 kan
640 682 56 20 lösas
712 682 28 26 pä
753 682 41 20 den
810 681 78 27 grund,
904 688 44 14 som
965 681 41 21 rid-

184 709 117 29 derskapet
317 710 39 21 och
372 710 60 22 adeln
449 710 39 21 och
505 710 177 28 borgareständet
701 710 36 20 vid
756 710 68 21 denna
839 710 101 27 landtdag
956 710 50 27 vilja

184 738 63 28 lägga
270 738 32 22 till
324 739 69 21 denna
416 739 70 27 frägas
509 738 90 28 lösning,
619 739 24 20 sä
661 741 90 25 antager
769 739 38 27 jag
823 741 31 18 att
871 738 135 28 pluraliteten

185 767 56 21 inom
262 767 85 21 ständet
367 768 53 20 skall
439 768 94 20 erkänna
552 770 31 18 att
603 774 47 14 man
666 768 39 26 gör
722 768 70 20 bättre
807 767 6 20 i
829 768 32 20 att
876 769 79 26 antaga
971 766 35 21 det

184 795 58 21 förra
266 796 146 27 alternativet,
435 796 37 20 der
492 803 26 14 en
537 796 111 28 möjlighet
664 796 68 20 finnes
748 797 32 19 att
796 797 72 19 närma
884 796 32 27 sig
932 796 74 26 mälet,

185 825 26 20 än
227 826 32 19 att
275 824 85 21 absolut
378 824 101 21 vidblifva
497 827 31 18 ett
547 824 80 27 beslut,
645 831 46 14 som
705 824 66 21 redan
787 824 38 20 har
840 824 56 20 visat
912 824 32 27 sig
959 824 47 20 icke

185 852 72 21 kunna
272 853 48 20 leda
335 853 30 20 till
382 853 70 21 mälet.
484 853 62 20 Hvad
561 853 91 20 friherre
668 852 81 21 Wrede
766 853 97 20 anmärkt
879 859 33 14 om
929 854 31 19 att
976 852 30 21 in-

186 881 130 28 bjudningen
339 881 7 21 i
371 881 321 28 sammanjemkningsförslaget
719 888 50 13 vore
795 881 87 27 oriktigt
907 883 99 25 uppsatt,

185 909 85 22 derföre
286 912 32 19 att
334 911 36 20 två
386 910 61 21 stånd
463 910 64 21 hafva
542 910 85 21 förenat
642 910 32 27 sig
690 917 34 13 om
736 909 37 21 det
784 909 65 21 andra
860 909 146 25 alternativet,

185 939 24 21 sä
224 940 23 19 är
263 938 37 21 det
316 941 31 18 ett
362 941 113 25 argument
491 945 45 14 som
552 938 100 27 förfaller,
670 938 91 21 emedan
778 937 176 28 borgareständet
970 938 38 20 har

185 967 95 28 frängätt
296 967 37 21 sitt
349 967 79 27 beslut,
446 967 23 20 sä
484 969 32 18 att
527 967 32 20 för
571 967 132 21 närvarande
715 968 23 19 är
749 967 37 20 det
796 967 37 20 tvä
844 967 70 26 ständ,
926 968 80 25 preste-

185 995 39 22 ooh
243 995 192 28 borgareständen,
455 1003 45 13 som
519 995 64 21 hafva
601 995 79 21 uttalat
696 995 32 28 sig
744 995 33 21 för
793 995 35 21 det
844 995 57 20 förra
916 995 91 20 alterna-

185 1024 62 27 tivet,
267 1024 151 28 ridderskapet
437 1024 39 21 och
497 1023 61 22 adeln
578 1025 86 20 röstade
680 1024 33 21 för
729 1024 37 21 det
782 1023 75 26 andra,
874 1023 39 22 och
929 1023 78 21 bonde-

185 1053 87 20 ståndet
294 1053 45 27 har,
362 1053 73 21 såvida
459 1053 36 20 det
513 1053 47 20 icke
576 1053 6 20 i
598 1053 42 27 dag
659 1053 37 20 har
717 1052 115 21 behandlat
850 1053 84 26 frågan,
951 1052 57 21 velat

185 1081 107 22 bibehälla
307 1081 40 22 den
363 1081 70 28 gamla
449 1081 167 28 lagstiftningen.
648 1081 49 20 Med
717 1081 115 27 anledning
847 1081 22 20 af
883 1081 26 20 de
925 1082 82 26 yttran-

185 1110 51 27 den,
252 1117 45 14 som
308 1110 7 21 i
326 1110 107 21 utskottet
446 1110 69 21 fäldes
531 1110 22 21 af
567 1109 169 22 bondeständets
751 1109 123 26 ledamöter,
890 1109 66 27 vägar
970 1109 37 28 jag

185 1139 82 27 hoppas
283 1141 31 18 att
331 1138 164 26 bondeständet,
511 1138 44 21 ifall
571 1139 26 20 de
613 1138 69 28 öfriga
698 1138 90 21 ständen
804 1140 78 25 antaga
898 1137 36 21 det
949 1137 58 21 förra

185 1167 146 26 alternativet,
354 1167 63 21 äfven
440 1167 53 20 skall
514 1167 75 27 frängä
608 1167 37 20 sitt
664 1167 70 20 beslut
753 1166 39 22 och
813 1168 31 19 att
860 1173 47 14 man
924 1166 82 21 säledes

185 1195 66 22 borde
268 1196 71 21 kunna
355 1196 84 20 komma
455 1195 31 21 till
502 1202 25 14 en
544 1195 48 21 fullt
607 1195 95 28 antaglig
717 1195 84 27 lösning
816 1195 23 20 af
852 1195 82 27 frägan.
958 1195 48 26 Att,

186 1225 70 20 säsom
272 1225 102 20 herrarne
390 1224 107 21 Snellman
513 1224 39 21 och
569 1231 40 14 von
620 1223 59 21 Born
689 1223 120 28 föreslagit,
821 1223 124 28 ytterligare
956 1223 51 21 ned-

186 1254 56 20 sätta
265 1253 40 21 den
322 1253 6 20 i
344 1253 57 20 förra
422 1252 136 21 alternativet
577 1252 121 28 föreslagna
718 1252 95 26 skatten,
830 1253 44 19 tror
888 1252 38 27 jag
941 1252 67 21 också

186 1289 52 14 vara
258 1284 32 18 att
313 1281 140 28 omöjliggöra
474 1281 86 27 frågans
583 1281 91 27 lösning,
697 1283 24 25 ty
740 1281 109 27 åsigterna
871 1280 57 21 inom
949 1280 58 21 såväl

185 1312 82 27 preste-
290 1317 45 14 som
360 1309 165 27 bondeståndet,
549 1316 33 14 om
603 1316 47 14 man
666 1309 32 21 får
721 1309 63 20 döma
806 1309 23 20 af
850 1309 62 20 deras
935 1315 72 20 repre-

186 1341 110 19 sentanter
312 1339 6 20 i
333 1337 116 27 utskottet,
473 1339 36 19 äro
534 1339 87 26 mycket
644 1337 111 21 bestämda
774 1338 6 20 i
798 1337 39 21 den
862 1338 75 27 vägen.
968 1336 40 21 Att

185 1367 69 21 under
270 1366 79 21 sådana
364 1366 145 21 förhållanden
525 1366 103 27 punktvis
643 1366 111 21 diskutera
764 1366 103 27 förslaget
878 1366 69 21 såsom
960 1365 48 21 herr

186 1403 41 13 von
242 1395 59 21 Born
317 1395 100 27 föreslog,
434 1401 52 14 vore
502 1395 66 27 enligt
587 1395 43 20 min
649 1395 138 27 uppfattning
804 1396 31 19 att
850 1395 52 27 göra
918 1393 36 22 det
969 1394 38 21 bra

186 1424 77 26 ovisst,
283 1423 105 21 huruvida
403 1423 70 21 denna
495 1423 60 28 fråga
578 1423 41 21 kan
642 1423 22 21 få
687 1424 69 27 någon
779 1423 83 27 lösning
880 1422 36 21 vid
938 1422 70 21 denna

185 1452 109 28 landtdag.
325 1451 27 21 Vi
368 1451 64 22 hafva
447 1451 47 22 icke
511 1459 44 13 mer
571 1453 26 19 än
614 1452 29 21 tio
659 1451 66 28 dagar
741 1458 58 21 qvar,
821 1451 39 22 och
876 1451 58 21 såväl
950 1452 57 20 stån-

185 1481 40 26 den
240 1487 46 15 som
303 1480 111 22 utskotten
425 1480 64 21 hafva
499 1481 33 20 att
542 1480 71 21 utföra
625 1482 31 19 ett
666 1481 76 20 nästan
754 1479 61 29 sagdt
827 1479 95 29 omöjligt
933 1479 75 22 arbete
