1078 1692
845 76 39 20 471

356 132 49 20 herr
425 131 122 21 Alexander
565 131 77 28 Uggla,

376 176 13 10 »
426 160 56 20 Axel
498 159 168 28 Tavaststjerna,

376 204 12 11 »
426 188 90 20 Fredrik
531 188 104 28 Idestam,

378 232 5 11 »
428 216 93 21 Walfrid
537 216 74 28 Späre.

167 245 71 25 Valet,
254 252 46 14 som
316 245 67 27 enligt
398 244 95 22 ständets
509 245 70 21 beslut
594 245 69 21 skulle
679 245 39 21 ske
730 253 41 20 per
787 247 79 27 capita,
882 248 33 18 ut-

98 274 35 20 föll
151 274 87 20 sålunda
254 275 32 19 att
301 274 27 20 26
344 275 69 19 röster
426 273 82 21 tillföllo
524 273 49 21 herr
589 280 95 14 assessor
699 274 125 21 Alexander
834 274 80 28 Uggla,

97 303 14 20 8
133 304 70 19 röster
228 302 48 21 herr
298 302 92 20 Fredrik
414 301 93 21 Idestam
533 302 40 20 och
588 302 13 20 6
616 302 49 20 herr
681 302 55 20 Axel
753 302 162 28 Tvaststjerna;

97 331 6 20 i
128 330 53 28 följd
204 330 76 22 hvaraf
300 330 50 21 herr
372 336 96 14 assessor
490 329 73 29 Uggla
585 330 22 20 af
629 330 85 21 ståndet
736 337 39 14 var
791 330 77 22 utsedd
883 331 32 21 till

98 359 156 21 ofvannämnda
268 359 127 27 befattning.

165 416 121 28 Föredrogs
302 422 25 14 en
343 415 122 21 inkommen
482 416 23 21 så
519 414 93 29 lydande
627 415 112 21 skrifvelse
755 416 24 20 af
792 416 19 20 d.
826 417 27 20 26
862 416 53 28 Maj:

269 466 42 22 Till
327 466 115 28 höglofliga
458 466 147 28 ridderskapet
621 466 37 21 och
673 466 70 21 adeln.

166 507 30 21 Af
216 507 27 21 de
265 506 32 21 till
317 506 244 28 expeditionsutskottet
583 506 158 21 öfverlemnade
767 506 148 28 handlingar
904 502 15 37 i

97 536 75 27 frågan
188 542 34 14 om
237 535 121 28 antagande
374 535 23 20 af
409 541 26 14 en
446 534 126 28 författning
582 534 111 28 angående
699 535 50 28 jagt
759 534 40 22 och
810 536 106 28 djurfång

96 564 7 20 i
118 564 91 21 Finland
231 564 39 20 har
284 564 108 20 utskottet
407 563 104 21 inhemtat
526 564 31 20 att
573 563 31 20 uti
628 563 3 27 $
654 563 6 21 8
675 564 118 20 momentet
808 564 13 20 3
839 570 12 14 af
874 564 41 21 den

97 592 78 28 nådiga
191 592 172 28 propositionen,
379 592 86 20 hvarest
478 591 91 21 föreslås
582 593 33 20 att
625 591 113 28 förgiftadt
748 591 99 22 lockbete
858 592 56 28 finge

97 621 95 21 hvarken
208 621 12 21 å
235 627 54 21 egen
314 620 52 21 eller
389 627 80 14 annans
485 619 60 21 mark
561 620 107 27 utläggas,
684 619 66 21 sådan
766 620 149 28 skiljaktighet

97 649 26 21 de
147 649 89 21 särsilda
257 648 90 22 stånden
366 648 90 22 emellan
472 650 36 26 egt
523 655 47 13 rum
585 650 32 18 att
632 647 150 29 ridderskapet
797 648 40 22 och
853 649 62 21 adeln

97 680 55 18 samt
183 677 157 28 presteståndet
361 677 96 27 godkänt
479 676 114 28 förslaget,
618 676 112 22 hvaremot
753 677 99 27 borgare-
874 677 41 21 oeh

97 706 171 27 bondestånden,
284 706 28 27 på
327 708 111 26 upptagna
453 705 57 27 skäl,
525 705 33 21 för
567 705 32 21 sin
610 705 35 21 del
654 705 94 21 beslutat
760 707 32 19 att
802 705 112 28 förgiftadt

96 734 99 22 lockbete
217 734 56 28 finge
294 734 77 21 endast
393 734 12 21 å
427 740 54 21 egen
503 733 61 21 mark
586 733 107 28 utläggas,
712 733 55 21 dock
781 734 48 20 icke
849 734 67 21 heller

97 763 112 21 derstädes
231 762 68 22 under
322 769 70 15 annan
415 762 30 20 tid
469 763 26 19 än
518 762 89 21 emellan
632 761 42 22 den
698 762 8 20 1
733 762 120 21 December
875 763 39 21 och

97 791 41 21 den
155 792 9 20 1
183 791 49 28 Maj.

165 819 35 21 Då
222 819 82 21 således
319 820 7 20 i
342 819 88 21 anförda
452 818 158 28 omständighet
625 818 37 22 två
677 818 63 22 stånd
755 820 86 20 stannat
856 821 58 19 emot

97 849 46 26 två,
167 847 38 22 har
226 847 116 27 utskottet,
366 854 46 14 som
434 847 33 20 för
490 847 32 20 sin
538 847 34 20 del
587 846 69 21 funnit
672 847 124 20 densamma
811 847 47 20 icke
874 854 40 21 ega

97 877 76 20 sådant
193 876 118 27 inflytande
334 877 26 26 på
380 875 36 22 det
431 875 6 21 i
453 875 64 28 öfrigt
533 875 44 21 dels
594 875 114 28 enhälligt,
724 875 46 20 dels
786 874 23 21 af
821 875 93 22 flertalet

97 905 64 20 bland
177 904 89 21 stånden
281 903 114 30 godkända
410 904 112 27 förslaget,
537 905 32 19 att
585 903 118 21 detsamma
718 903 67 21 borde
800 903 7 20 i
822 903 32 21 sin
870 903 44 22 hel-

97 933 36 21 het
153 933 32 21 för
203 933 69 21 denna
294 933 56 28 gång
368 932 93 27 förfalla,
477 933 71 20 ansett
563 931 125 22 ständernas
704 931 147 28 underdåniga
866 939 49 14 svar

97 962 12 21 å
124 961 41 22 den
181 961 76 28 nådiga
266 961 169 28 propositionen,
449 961 68 27 jemte
525 960 154 21 framhällande
687 960 24 21 af
724 960 26 21 de
761 961 85 26 yttrade
857 961 57 20 olika

97 990 108 27 åsigterna
219 990 7 20 i
242 989 70 21 denna
326 989 43 26 del,
386 989 52 21 böra
452 989 105 20 innefatta
572 995 26 14 en
607 988 132 28 underdånig
754 989 107 26 anmälan,
872 990 41 26 att,

97 1019 48 20 med
167 1018 101 21 afseende
283 1018 13 21 å
312 1018 40 21 den
368 1017 88 21 sålunda
471 1017 111 21 förefallna
597 1016 186 28 skiljaktigheten,
797 1019 117 19 momentet

97 1048 12 20 3
125 1047 23 21 af
162 1047 12 27 &
190 1047 12 20 8
217 1046 110 21 äfvensom
343 1053 75 14 senare
434 1045 61 22 delen
511 1045 23 21 af
547 1047 118 19 momentet
680 1045 13 21 2
708 1045 7 20 i
731 1045 11 27 &
761 1045 32 26 18,
802 1051 45 15 som
855 1045 59 21 inne-

97 1075 66 21 håller
182 1075 117 28 stadgande
316 1081 34 14 om
366 1081 77 14 ansvar
457 1074 34 21 för
505 1073 123 22 utsättande
644 1073 22 21 af
682 1073 112 28 förgiftadt
809 1073 104 26 lockbete,

98 1103 68 22 blifvit
180 1103 46 21 från
241 1103 240 27 författningsförslaget
496 1102 114 27 uteslutna,
626 1101 111 22 hvaremot
754 1101 66 28 sagda
835 1102 79 28 förslag

97 1133 6 20 i
119 1132 65 27 öfrigt
207 1131 69 22 skulle
298 1131 31 21 till
345 1131 29 21 H.
391 1131 27 20 K.
434 1131 28 20 M.
478 1130 78 28 nådiga
571 1130 136 21 stadfästelse
722 1130 6 21 i
744 1129 171 28 underdånighet

97 1161 152 26 öfverlemnas;
266 1160 39 21 och
320 1159 33 21 får
368 1159 107 21 utskottet
490 1159 57 28 förty
561 1159 157 20 vördsammast
729 1158 83 21 anhålla
823 1160 32 19 att
866 1159 48 21 dess

97 1189 6 20 i
119 1189 75 20 anförd
218 1189 66 20 måtto
307 1188 85 28 hyllade
410 1188 56 27 åsigt
481 1187 70 21 blefve
567 1187 22 21 af
602 1187 84 21 landets
698 1186 115 29 höglofliga
828 1187 87 21 ständer

97 1217 106 28 godkänd.

249 1245 37 21 På
308 1243 325 29 Expeditionsutskottets
656 1244 107 27 vägnar:

410 1290 25 20 A.
453 1289 154 21 GROTENFELT.

167 1353 47 21 Och
236 1353 46 22 blef
295 1353 40 21 den
351 1353 31 20 uti
398 1351 91 22 berörda
505 1351 112 22 skrifvelse
633 1351 23 21 af
672 1351 244 28 expeditionsutskottet

98 1381 97 22 uttalade
219 1382 66 27 åsigt,
309 1382 27 27 på
357 1380 156 28 framställning
536 1380 23 21 af
580 1380 49 21 herr
645 1379 210 27 landtmarskalken,
871 1380 48 21 utaf

99 1410 86 21 ståndet
199 1410 77 28 gillad;
293 1423 25 2 —
334 1409 83 22 hvilket
425 1408 68 22 skulle
502 1408 99 22 bemälda
613 1408 98 21 utskott
701 1403 11 39 i
720 1407 198 29 protokollsutdrag

98 1438 115 21 meddelas.
