1078 1692
840 87 25 20 79

69 143 39 21 och
132 143 150 21 universitetet
297 143 6 20 i
320 143 132 27 perspektiv,
472 143 23 21 så
514 142 69 21 skulle
601 142 48 21 icke
669 142 41 21 den
728 143 78 27 mängd
822 143 71 21 elever

69 172 67 21 finnas
148 172 27 27 på
186 172 65 27 högre
262 172 201 26 elementarskolan,
475 171 48 21 icke
535 171 103 21 behöfvas
650 173 31 19 ett
693 172 23 20 så
727 174 55 18 stort
793 172 58 20 antal
862 172 28 20 lä-

69 207 48 14 rare
133 207 46 14 som
195 207 35 14 nu.
260 200 80 21 Härtill
356 200 96 20 kommer
467 202 32 18 att
515 206 48 14 man
579 199 47 21 från
642 200 58 20 äldre
716 200 62 26 tider,
795 200 26 21 då
832 207 59 21 gym-

69 229 70 21 nasier
169 229 77 21 funnos
279 229 76 21 endast
381 228 7 21 i
418 228 169 26 stiftsstäderna,
611 228 61 20 ålade
702 229 190 27 gymnasiilärarne

69 259 31 19 ett
123 258 82 26 ganska
223 257 39 21 lätt
280 257 242 27 undervisningsbesvär
541 257 49 20 med
610 256 100 22 afseende
730 256 68 28 derpå
819 260 31 18 att
866 257 26 21 de

69 292 52 14 voro
144 286 119 21 ledamöter
279 286 7 20 i
305 286 26 20 de
350 285 149 21 ecklesiastika
523 285 175 21 konsistorierna.
729 285 49 21 Man
804 285 38 22 har
864 293 28 14 nu

69 314 88 22 inrättat
173 322 42 20 nya
230 314 130 28 gymnasier,
379 314 83 20 hvilkas
480 314 69 20 lärare
568 314 47 20 icke
630 314 46 20 haft
692 314 60 20 detta
767 314 125 28 åliggande;

69 350 49 14 man
131 343 40 21 har
186 344 89 20 inrättat
305 345 154 18 sammansatta
482 342 100 21 läroverk
606 342 48 20 med
677 342 65 28 högre
766 343 126 21 elementar-

70 371 68 22 skole-
159 372 39 20 och
218 371 210 28 gymnasialklasser,
452 378 48 14 man
525 370 39 21 har
586 370 92 21 fortfarit
702 370 87 22 dermed
811 373 32 19 att
865 372 27 27 på

70 399 63 22 dessa
147 400 203 28 gymnasialklasser
366 400 89 20 tillsätta
471 400 75 26 lärare,
562 399 73 21 hvilka
650 399 64 21 hafva
724 400 79 27 fjorton
815 400 76 21 under-

70 428 182 28 visningstimmar
266 428 7 20 i
289 428 88 21 veckan.
409 428 85 21 Fortfar
513 435 48 13 man
581 428 86 20 dermed
684 428 38 20 och
739 428 87 21 sålunda
842 430 50 20 aflö-

70 464 38 14 nar
124 458 52 27 högt
191 457 75 27 lärare,
283 464 45 14 som
344 457 63 20 hafva
423 457 79 27 fjorton
519 457 96 21 timmars
629 456 144 28 tjenstgöring
788 457 7 20 i
810 458 82 20 veckan

70 485 19 21 d.
106 493 19 13 v.
143 493 16 13 s.
175 486 37 20 två
227 486 13 20 &
255 488 33 18 tre
304 486 85 20 timmar
405 492 34 14 om
455 486 80 27 dagen,
555 486 96 20 kommer
667 485 125 21 skolverket
807 488 32 18 att
854 486 38 21 ko-

70 516 33 19 sta
119 514 93 26 mycket.

139 538 42 32 Jag
201 545 45 18 tror
270 542 94 27 säledes,
380 544 31 19 att
427 549 33 14 om
477 550 25 13 en
519 542 79 21 reform
618 549 50 14 vore
688 542 130 28 nödvändig,
842 550 50 14 vore

70 571 36 21 det
121 578 27 14 en
164 571 78 21 reform
258 571 6 21 i
280 571 36 21 det
336 571 57 28 syfte
410 571 37 27 jag
467 571 45 21 haft
527 572 51 20 äran
595 571 91 28 päpeka,
703 571 137 27 hvarigenom
857 578 34 14 en-

70 600 38 27 ligt
127 600 42 20 min
189 600 145 27 öfvertygelse
352 600 48 20 icke
419 600 90 20 allenast
533 600 182 27 undervisningen
730 600 7 20 i
753 599 72 21 landet
840 607 51 14 vore

69 628 107 28 betydligt
192 628 88 28 hulpen,
296 630 51 19 utan
363 628 63 21 äfven
441 628 90 28 tillgäng
546 628 68 21 skulle
633 628 91 21 beredas
739 628 31 20 till
786 628 106 22 reformen

71 664 77 20 genom
164 664 45 13 mer
225 657 133 27 sparsamhet
374 657 6 20 i
397 656 26 22 de
439 657 84 27 anslag,
539 664 46 13 som
601 664 28 13 nu
645 656 121 21 förefinnas.
797 657 42 28 Jag
855 658 37 20 ber

70 687 32 19 att
116 685 22 21 få
154 685 93 28 tillägga,
263 688 31 18 att
310 685 36 21 det
361 687 23 19 är
404 688 58 18 utom
481 686 38 20 allt
538 685 81 27 tvifvel,
637 687 32 19 att
694 685 95 27 lärarne,
803 686 38 27 jag
857 686 35 20 vill

70 714 107 28 medgifva
193 714 131 21 skollärarne
343 714 152 26 öfverhufvud,
514 715 37 19 äro
566 714 7 20 i
589 714 66 20 behof
671 714 23 20 af
711 714 181 28 löneförhöjning,

71 742 126 28 isynnerhet
220 742 26 21 de
270 743 58 27 lägre
352 742 67 21 stälde
444 742 89 21 lärarne.
565 742 48 27 Man
633 742 38 21 har
686 742 70 28 bjudit
772 742 30 21 till
821 745 32 19 att
869 744 23 20 sä

70 771 87 27 mycket
177 778 44 14 som
242 771 82 28 möjligt
343 771 45 21 afse
407 771 59 21 detta
481 771 71 21 behof.
583 770 70 22 Afven
669 771 68 21 under
752 771 63 21 dessa
831 772 61 21 svåra

71 800 30 26 år,
117 800 26 20 dä
159 800 141 20 statsverkets
316 800 89 27 utgifter
424 800 54 20 varit
497 801 24 19 sä
539 802 58 18 stora
612 799 33 21 för
661 799 180 28 utomordentliga
856 800 37 21 be-

71 828 42 26 hof,
139 828 77 21 medan
234 828 147 21 inkomsterna
405 828 90 27 sjunkit,
511 828 65 20 hafva
592 835 43 20 nya
650 828 75 27 anslag
740 828 70 20 blifvit
826 828 65 21 bevil-

69 856 51 27 jade
138 856 34 21 för
191 858 32 19 att
242 856 72 27 hjelpa
338 857 64 27 sagde
418 857 123 20 skollärare.
572 856 43 21 Det
633 863 37 14 var
688 857 54 20 1864
758 863 44 14 som
819 857 74 28 anslag

73 885 117 27 beviljades
205 886 34 19 för
255 887 32 18 att
303 885 49 28 höja
368 885 129 21 åtminstone
513 885 40 20 alla
569 885 106 20 ordinarie
690 885 80 20 lärares
786 885 60 20 löner
857 886 35 20 vid

71 913 225 27 elementarskolorna,
312 914 110 20 äfvensom
438 914 41 20 alla
489 913 126 21 biträdande
627 913 79 21 lärares
718 913 60 20 löner
788 913 31 21 till
831 915 61 24 1,000

71 942 66 21 mark.
169 942 48 21 Man
241 942 38 20 har
302 942 64 21 också
385 942 51 21 ökat
452 942 80 21 antalet
548 942 23 20 af
584 941 229 28 löneförhöjningarne.
845 942 47 21 God

72 971 51 26 vilja
145 971 38 20 har
199 971 6 20 i
220 971 60 20 detta
298 971 102 20 afseende
418 971 47 20 icke
485 971 94 20 saknats.
610 970 42 27 Jag
674 972 45 18 tror
743 970 39 21 och
811 970 81 28 boppas

70 1001 42 24 att,
132 1006 35 14 om
186 999 48 20 Gud
253 999 68 27 gifver
340 1006 35 14 oss
394 999 70 21 bättre
485 999 90 20 skördar
592 999 40 20 och
652 998 118 28 lyckligare
788 999 56 20 tider
859 999 33 21 för

71 1027 80 27 landet,
167 1027 36 21 det
218 1027 48 21 icke
282 1027 53 21 skall
351 1028 65 20 blifva
432 1027 97 28 omöjligt
545 1030 31 18 att
592 1027 80 28 fortgå,
692 1027 75 20 endast
782 1034 48 14 man
846 1028 46 21 icke

69 1055 85 22 fordrar
169 1056 34 21 för
218 1056 92 27 mycket.
342 1055 50 22 Man
413 1057 37 20 bör
465 1057 20 27 ej
501 1055 72 22 fordra
589 1056 33 20 för
637 1055 87 28 mycket
739 1055 27 28 på
782 1062 25 14 en
823 1057 68 27 gång,

70 1086 51 19 utan
137 1085 34 20 må
186 1085 108 27 försigtigt
310 1085 128 20 framskrida
453 1084 48 21 med
518 1084 142 21 statsverkets
677 1083 96 28 utgifter;
790 1086 22 26 ty
829 1085 62 27 eljest

70 1113 69 21 måste
163 1120 48 13 man
234 1113 78 21 bereda
332 1113 32 27 sig
382 1114 28 27 på
434 1113 25 21 de
478 1113 136 27 nödvändiga
636 1113 105 27 följderna
767 1115 31 18 att
821 1113 72 21 betala

71 1143 68 19 större
156 1141 119 28 utskylder,
292 1144 31 18 att
340 1149 22 13 se
378 1142 115 27 pålagorna
510 1142 27 27 på
548 1142 83 20 landets
642 1141 130 21 innevånare
783 1141 108 22 förökade.

71 1169 42 22 Det
129 1171 24 20 är
167 1172 32 19 ett
214 1171 85 26 mycket
315 1170 97 27 lämpligt
428 1171 41 20 sätt
485 1172 32 19 att
532 1170 50 27 höja
597 1170 89 21 lönerna
706 1171 30 20 att
760 1170 131 28 småningom

70 1199 41 20 öka
135 1199 81 20 antalet
238 1199 23 20 af
282 1199 233 27 löneförhöjningarne,
535 1199 23 20 så
577 1201 31 18 att
627 1198 114 21 efterhand
764 1198 41 21 alla
824 1199 68 21 lärare

70 1227 68 20 skulle
155 1227 84 21 komma
254 1228 6 19 i
277 1227 127 28 åtnjutande
420 1227 21 21 af
455 1227 79 28 dylika.
564 1227 114 21 Utskottet
695 1233 64 22 synes
775 1227 66 20 delvis
857 1234 36 14 va-

69 1256 28 20 rit
113 1255 70 28 styrdt
199 1256 23 20 af
236 1263 81 14 samma
337 1255 108 28 välvilliga
463 1263 86 20 omsorg
567 1256 34 20 för
616 1255 131 21 skollärarne
763 1255 39 21 och
818 1255 33 21 för
866 1256 26 21 de

69 1284 59 28 lägre
139 1284 98 21 aflönade
247 1285 83 20 lärarne
338 1285 133 27 isynnerhet,
483 1284 26 21 då
520 1285 37 20 det
567 1284 110 27 föreslagit
688 1286 32 19 att
731 1284 23 21 af
762 1284 26 21 de
799 1284 32 20 för
839 1284 53 21 folk-

69 1313 101 20 skolorna
188 1312 111 21 bestämda
314 1313 69 20 medel
400 1313 21 20 åt
437 1313 105 27 styrelsen
559 1313 68 20 skulle
644 1313 141 20 öfverlemnas
804 1313 89 27 100,000

69 1341 72 26 mark,
153 1341 33 20 för
197 1343 31 19 att
240 1341 108 21 användas
361 1341 30 20 till
400 1341 92 28 höjande
504 1341 22 21 af
536 1341 142 21 skollärarnes
689 1341 67 21 löner.
783 1341 48 21 Med
841 1341 52 28 hög-

70 1372 33 18 sta
115 1370 137 21 erkännande
262 1370 33 20 får
301 1370 38 27 jag
348 1370 42 20 tala
400 1369 79 22 derom.
500 1370 48 20 Man
557 1370 39 21 har
604 1369 68 22 tadlat
680 1372 32 19 att
723 1369 106 21 utskottet
845 1370 47 21 icke

69 1398 103 28 framlagt
182 1398 59 21 bevis
258 1398 33 21 för
308 1399 179 27 besparingarnes
498 1399 12 20 å
523 1398 193 21 folkskolemedlen
735 1398 157 28 tillräcklighet.

71 1426 43 28 Jag
125 1429 36 18 vet
177 1427 53 26 icke,
247 1427 53 20 huru
316 1427 36 20 det
364 1427 56 20 varit
431 1427 83 28 möjligt
525 1429 32 18 att
569 1427 117 28 framlägga
695 1427 85 20 klarare
789 1427 66 27 bevis,
866 1429 26 19 än

71 1454 27 21 de
113 1462 46 14 som
176 1455 68 21 finnas
259 1455 6 20 i
282 1455 40 21 den
338 1455 137 28 redogörelse
491 1455 110 28 angående
617 1455 220 27 bevillningsmedlen,
847 1462 45 15 som

71 1483 33 20 till
120 1483 116 22 ständerna
250 1483 69 22 blifvit
336 1483 100 28 afgifven.
467 1483 70 21 Deraf
550 1483 99 28 framgår,
666 1485 32 19 att
714 1483 22 21 af
750 1483 27 21 de
792 1483 33 21 för
839 1483 54 21 folk-
