1078 1692
83 145 122 21 hvarandra
232 146 112 28 jemföras.
384 146 102 21 Derefter

83 175 113 27 upprättas
216 176 32 19 ett
264 175 154 26 omröstnings-
434 175 51 21 eller

83 202 153 28 valprotokoll,
248 210 45 14 som
303 205 76 25 genast
388 204 32 20 för
428 204 57 20 stån-

83 231 36 21 det
135 231 109 27 uppläses.

249 1306 12 27 8
278 1306 34 20 85.

109 1345 82 21 Blifver
222 1345 70 27 någon
320 1345 160 27 ridderskapets

81 1373 38 21 och
136 1373 75 21 adelns
227 1373 94 21 ledamot
337 1373 101 21 tillvitadt
449 1376 32 18 att

80 1401 72 26 hafva,
173 1402 49 27 sjelf
240 1402 51 21 eller
309 1409 76 20 genom
405 1402 75 26 andra,

80 1431 59 27 värft
156 1430 51 21 eller
221 1431 44 20 sökt
281 1431 78 28 värfva
371 1432 68 19 röster
450 1431 30 20 till

80 1458 34 20 val
137 1459 53 20 eller
213 1459 105 27 votering,
342 1459 65 20 varde
426 1459 55 20 efter

80 1487 161 27 undersökning
254 1487 6 20 i
275 1487 205 21 riddarhus-utskot-

837 90 40 20 269

534 146 95 28 (Tillägg
637 147 8 19 i
654 146 88 28 enlighet
752 148 47 21 med
807 148 97 28 Ldtdgs-

505 175 61 20 ordn.
583 174 30 28 $$
628 175 35 25 63,
679 176 35 24 64,
728 176 30 20 65
773 176 36 21 och
824 177 43 26 66).

534 202 64 22 Emot
614 203 70 21 beslut
696 204 34 20 mä
740 204 110 29 skiljaktig
860 213 43 13 me-

505 232 51 26 ning
579 232 22 20 af
622 232 52 27 den,
692 239 45 14 som
753 233 6 21 i
775 233 92 22 beslutet
884 235 19 27 ej

505 260 97 27 instämt,
617 260 29 21 till
659 262 129 26 protokollet
799 263 104 27 anmälas,

505 295 47 14 men
569 289 76 21 sädant
660 290 6 20 i
682 290 62 27 ingen
760 290 101 22 händelse
872 292 31 20 till

504 324 29 20 ny
559 317 162 29 öfverläggning
747 319 92 21 rörande
862 320 41 21 den

505 345 66 21 redan
587 346 99 28 afgjorda
701 346 74 28 frägan
786 348 116 22 föranleda.

533 374 181 22 Landtmarskalk
738 376 34 20 mä
795 376 20 28 ej
838 378 66 26 vägra

504 404 31 19 att
551 403 32 20 till
598 403 162 29 öfverläggning
775 404 56 21 inom
846 406 57 20 stän-

504 430 36 22 det
556 434 96 26 upptaga
667 439 27 14 en
705 433 22 20 af
736 433 167 22 ständsledamot

504 460 64 20 väckt
590 460 70 28 fråga,
683 461 51 21 eller
757 463 31 19 att
805 462 6 20 i
827 462 76 28 sådan,

503 488 66 21 redan
578 492 119 25 upptagen,
707 490 31 20 till
746 490 85 21 ståndet
839 490 63 22 fram-

504 516 61 22 ställa
581 518 142 28 proposition,
739 520 59 19 utom
808 519 7 20 i
826 519 26 21 de
867 520 35 20 fall

503 546 32 20 att
551 546 41 20 han
609 546 68 21 finner
692 546 73 28 frågan
782 547 66 21 strida
858 550 44 19 mot

503 574 106 28 grundlag
625 575 51 21 eller
687 578 44 18 mot
742 576 65 20 redan
817 576 6 20 i
835 576 67 22 saken

503 602 79 22 fattadt
606 603 78 27 beslut,
708 604 51 21 eller
782 604 39 21 ock
840 605 63 27 eljest

504 638 51 14 vara
571 632 23 20 af
607 632 66 21 sådan
690 632 117 28 grannlaga
817 633 85 21 beskaf-

503 660 74 21 fenhet
599 663 32 18 att
654 660 40 22 den
718 662 19 26 ej
760 661 39 21 bör
817 662 85 21 komma

503 688 68 22 under
580 689 168 29 öfverläggning,
758 690 73 20 dervid
840 690 61 22 äfven

503 717 74 21 skälen
601 718 32 20 för
656 718 41 21 slik
723 720 78 26 vägran
829 719 73 27 hvarje

502 746 58 27 gång
576 746 38 21 bör
629 746 24 21 af
666 746 78 22 honom
760 747 91 21 anföras.

531 774 76 22 Beslut
623 775 34 21 må
673 775 20 27 ej
705 775 34 21 vid
748 776 107 28 justering
866 777 36 20 än-

503 802 59 28 dras,
576 810 47 14 men
636 804 33 20 väl
680 804 81 21 sådana
771 804 74 28 tillägg
855 804 46 21 der-

503 832 30 19 till
549 833 74 26 göras,
641 839 45 13 som
702 832 47 21 icke
765 832 47 21 leda
823 832 31 21 till
865 834 36 19 än-

502 859 63 28 dring
581 860 22 21 af
617 860 99 21 beslutet.
741 861 62 20 Hvad
819 861 82 20 stånds-

502 888 92 21 medlem
603 891 68 25 yttrat
682 889 39 20 och
733 889 168 28 öfverläggning,

502 923 45 14 som
571 917 62 21 deraf
650 917 57 28 följt,
727 918 41 20 kan
785 917 48 21 med
850 918 52 21 hans

501 945 113 28 samtycke
630 945 38 22 och
686 946 96 21 ståndets
797 946 59 21 bifall
867 946 35 21 vid

499 974 108 27 justering
630 981 24 14 ur
674 974 129 28 protokollet
823 975 78 20 uteslu-

502 1004 43 25 tas;
569 1003 54 20 dock
646 1003 48 20 icke
718 1003 83 27 sådant,
822 1003 80 28 hvarpå

502 1031 94 20 beslutet
611 1031 97 28 tydligen
724 1031 93 28 grundar
833 1032 39 27 sig.

530 1059 92 21 Medlem
647 1060 23 21 af
694 1059 93 26 ståndet,
812 1067 45 14 som
880 1061 20 26 ej

502 1088 55 20 varit
573 1088 105 21 tillstädes
694 1088 27 21 då
736 1088 70 21 béslut
819 1089 6 20 i
837 1089 64 27 något

501 1116 79 21 ärende
591 1117 75 20 fattats
676 1117 57 20 inom
747 1117 94 27 ståndet,
851 1123 50 15 vare

502 1145 77 21 tillåtet
596 1147 32 19 att
645 1145 94 21 derefter
751 1145 30 21 till
792 1145 109 28 protokol-

501 1173 30 21 let
551 1174 83 21 anmäla
654 1176 32 19 att
705 1174 41 21 han
763 1174 19 27 ej
798 1175 6 19 i
821 1181 80 14 samma

503 1202 69 20 beslut
588 1202 98 28 deltagit,
702 1209 48 14 men
762 1209 38 21 ege
811 1202 48 21 icke
870 1204 31 19 att

501 1231 70 26 någon
602 1231 142 27 anmärkning
774 1233 57 18 emot
855 1231 45 20 det-

501 1265 82 15 samma
598 1259 126 21 framställa.

670 1305 12 27 8
698 1305 33 20 35.
750 1310 95 17 (Latdgsord.
856 1311 7 14 &
874 1309 26 18 15).

530 1344 81 21 Blifver
639 1345 69 27 någon
739 1344 161 27 ridderskapets

501 1373 38 20 och
557 1373 73 20 adelns
646 1373 94 21 ledamot
756 1373 101 20 tillvitadt
869 1375 31 19 att

500 1402 73 26 hafva,
594 1402 49 27 sjelf
660 1402 52 20 eller
730 1408 77 21 genom
824 1401 75 27 andra,

500 1431 47 20 med
559 1431 125 27 penningar
699 1430 49 21 eller
763 1430 79 28 gåfvor
857 1431 43 20 sökt

500 1459 79 28 värfva
594 1460 70 19 röster
680 1459 30 20 till
727 1459 33 20 val
776 1459 51 20 eller
841 1461 58 18 vote-

500 1487 53 28 ring,
576 1487 50 21 eller
645 1488 31 19 sin
696 1491 43 16 röst
758 1491 52 16 emot
826 1487 73 20 veder-
