1078 1692
821 66 41 21 469

140 120 114 23 Likaledes
278 122 112 22 bordlades
413 122 41 21 tills
473 122 3 20 i
492 129 89 20 morgon
597 122 105 22 särskilda
716 123 81 27 ingifna
812 123 77 21 ansök-

72 151 75 27 ningar
170 153 31 18 att
225 150 33 21 vid
278 152 124 20 besättande
419 151 22 21 af
455 150 332 29 riddarhuskamreraretjensten
804 152 85 20 komma

71 179 6 21 i
93 180 86 20 åtanke.

140 236 172 21 Sammanträdet
328 236 110 28 upphörde
454 236 28 20 kl.
500 237 9 19 1
527 242 18 15 e.
561 243 27 13 m.

678 278 22 15 In
713 277 62 16 fidem:

587 322 70 21 Victor
673 322 25 21 de
714 322 22 20 la
752 321 105 29 Chapelle.

308 457 49 27 Den
375 456 28 27 28
420 456 49 34 Maj
488 457 33 26 kl.
540 457 26 26 11
585 458 16 25 f£
620 465 30 19 m.

139 520 41 20 Till
194 520 106 28 justering
316 520 110 28 upplästes
441 520 130 28 protokollet
587 520 59 21 öfver
663 520 167 22 sammanträdet
846 522 40 20 den

70 550 27 20 27
113 548 50 28 Maj.

138 605 136 28 Föredrogos
298 605 94 28 följande
408 606 46 20 frän
471 605 140 21 medständen
634 606 100 20 inkomna
759 606 127 27 protokolls-

70 634 87 28 utdrag:

139 663 32 20 1:o
180 662 46 20 frän
236 662 159 27 presteständet
411 662 22 21 af
447 663 27 20 24
485 662 52 28 Maj,
548 662 140 21 meddelande
698 664 30 19 att
740 662 85 22 ständet
835 663 52 27 god-

70 691 52 21 känt
145 691 320 27 sammanjemkningsförslaget
490 690 132 22 beträffande
645 691 101 21 ständens
762 691 126 28 skiljaktiga

70 720 69 20 beslut
161 720 6 19 i
190 719 60 27 fräga
273 726 34 14 om
330 720 103 27 lagmans-
458 719 40 21 och
517 718 370 30 häradshödingetingsgästningens

69 747 130 29 utgörande;

137 777 34 20 2:0
193 776 46 20 från
262 782 80 14 samma
365 776 61 28 stånd
448 776 23 21 af
490 782 81 15 samma
593 776 83 27 datum,
698 776 24 21 af
742 776 93 22 innehåll
855 778 32 19 att

69 804 86 22 ständet
171 804 95 28 godkänt
278 804 321 28 sammanjemkningsförslaget
615 804 6 20 i
637 804 73 28 frägan
722 811 34 14 om
768 804 118 22 vattenled-

69 833 76 27 ningar
161 833 40 20 och
217 833 137 26 vattenverk;

137 862 34 20 3:o
187 861 46 20 från
248 867 80 15 samma
344 861 63 21 stånd
422 861 23 20 af
459 867 81 14 samma
555 860 74 21 datum
645 861 23 20 af
681 861 92 20 innehåll
789 863 32 19 att
832 868 54 13 sam-

69 891 107 19 mansatta
199 889 108 20 ekonomi-
330 891 54 19 samt
400 891 63 19 stats-
480 889 39 21 och
543 889 246 28 hbevillningsutskottets
812 889 74 21 betän-

70 917 69 22 kande
154 918 6 20 i
177 917 113 28 anledning
313 917 23 22 af
357 918 159 27 propositionen
537 917 111 28 angäende
671 924 152 21 masugnarnes
847 918 39 21 och

69 945 203 28 stängjernverkens
300 946 110 21 befriande
437 946 47 21 frän
507 946 129 27 erläggande
659 946 23 21 af
702 946 120 28 tiondejern
847 947 39 20 och

69 974 163 27 hammarskatt,
248 974 69 21 blifvit
332 975 23 20 af
369 974 84 21 ständet
469 974 138 21 oförändradt
623 976 97 26 antaget;

137 1004 34 19 4:o
193 1003 45 20 frän
262 1010 80 13 samma
365 1003 62 21 ständ
450 1003 23 20 af
493 1009 82 14 samma
591 1003 83 26 datum,
690 1003 149 21 innehällande
854 1005 32 19 att

69 1031 158 27 presteständet
242 1031 82 28 antagit
339 1031 43 28 lag-
394 1032 38 20 och
447 1031 217 21 ekonomiutskottets
677 1031 136 21 betänkande
828 1031 6 20 i
851 1038 35 14 an-

69 1060 86 27 ledning
178 1060 23 20 af
221 1059 76 28 nädiga
312 1060 161 27 propositionen
489 1059 110 28 angäende
615 1059 102 28 utvidgad
732 1059 97 21 handels-
846 1059 40 22 och

70 1088 150 27 näringsfrihet
235 1088 6 20 i
258 1088 36 20 allt
317 1088 64 27 öfrigt
397 1090 58 19 utom
470 1088 7 20 i
493 1087 93 28 följande
602 1088 103 27 punkter:
722 1088 11 27 8
749 1089 19 26 6,
785 1095 46 14 som
849 1095 36 14 an-

69 1119 48 25 togs
133 1117 66 27 enligt
214 1116 114 28 kejserliga
344 1117 169 27 propositionen;
529 1117 12 26 &
557 1117 34 26 20,
607 1121 45 16 som
666 1118 76 25 antogs
756 1116 67 28 enligt
834 1117 51 20 kon-

70 1145 156 27 traktsprosten
250 1145 73 20 Sir6ns
338 1145 7 20 i
360 1145 106 20 utskottet
488 1145 81 27 afgifna
583 1145 145 26 reservation;
744 1145 12 27 &
772 1145 33 26 29,
822 1145 63 20 hvars

70 1173 52 20 sista
145 1173 85 27 mening
253 1173 65 21 borde
341 1173 146 28 omredigeras
503 1173 92 26 derhän,
611 1175 31 19 att
658 1173 52 20 barn
726 1173 68 21 under
809 1173 41 21 tolf
863 1174 23 20 är

69 1201 48 21 icke
139 1201 56 28 finge
214 1203 50 19 utan
281 1201 101 21 särskildt
397 1201 144 28 vederbörligt
557 1201 95 21 tillstånd
668 1203 120 26 emottagas
804 1201 31 21 till
851 1209 34 13 ar-

69 1230 56 26 bete,
141 1229 92 21 hvarhos
249 1229 31 21 uti
296 1231 11 26 $
323 1231 24 20 31
366 1237 75 14 senare
457 1229 61 22 delen
534 1229 23 21 af
571 1230 13 20 2
600 1231 116 20 momentet
731 1230 66 21 borde
808 1230 78 21 omfor-

70 1258 91 21 muleras
177 1258 7 20 i
199 1258 36 21 det
258 1258 62 27 syfte,
338 1260 31 19 att
392 1265 102 20 personer
517 1258 68 21 under
601 1258 89 21 aderton
706 1258 24 21 år
745 1259 19 26 ej
781 1258 68 21 skulle
864 1258 22 21 få

70 1286 109 21 användas
195 1286 35 21 vid
244 1287 92 20 fabriks-
352 1287 39 21 och
406 1286 156 28 näringsyrken
578 1286 32 21 till
625 1287 121 20 nattarbete
754 1286 133 21 annorlunda

70 1316 26 19 än
120 1314 54 21 efter
192 1315 100 20 särskildt
307 1315 144 27 vederbörligt
465 1315 106 26 tillstånd,
586 1315 110 21 äfvensom
712 1315 32 20 till
759 1315 127 27 paragrafen

70 1343 68 20 skulle
153 1343 60 27 fogas
229 1345 31 19 ett
274 1343 49 21 4:de
338 1345 95 19 moment
448 1343 23 21 af
483 1343 102 27 innehåll,
601 1345 32 19 att
648 1343 51 21 barn
716 1343 68 21 under
796 1344 25 20 12
832 1343 23 21 år
866 1343 20 28 ej

70 1371 57 28 finge
143 1371 66 22 hållas
224 1371 31 21 till
270 1372 74 20 arbete
360 1372 73 27 längre
448 1371 31 21 tid
495 1373 26 19 än
537 1378 39 14 sex
591 1372 85 21 timmar
692 1378 34 14 om
742 1371 75 28 dagen.

139 1400 33 20 5:o
188 1399 46 22 från
250 1407 80 14 samma
345 1400 63 21 stånd
423 1400 23 21 af
459 1407 81 14 samma
555 1400 84 27 datum,
654 1399 23 22 af
686 1400 93 21 innehåll
788 1402 31 19 att
830 1400 56 21 stån-

70 1427 37 21 det
122 1428 6 20 i
141 1428 179 28 jernvägsfrågan
342 1428 95 28 godkänt
460 1430 152 20 sammansatta
629 1428 107 21 ekonomi-
752 1430 55 19 samt
823 1429 64 20 stats-

71 1457 39 19 och
119 1456 245 28 bevillningsutskottets
380 1457 143 26 betänkande,
539 1456 55 21 dock
609 1456 49 21 med
674 1457 75 26 vilkor,
765 1458 33 19 att
813 1457 37 21 det
866 1456 23 21 af
