1078 1692
844 70 40 21 305

91 131 26 14 en
134 124 82 28 ganska
232 124 60 27 ringa
308 124 94 20 inkomst
418 124 32 20 för
465 125 141 27 statsverket,
623 126 21 19 så
663 125 84 21 fruktar
759 126 38 27 jag
812 128 40 24 att,
868 126 44 21 ifall

91 153 188 27 dagtraktamente
295 152 126 28 ytterligare
440 152 96 22 kommer
555 156 31 18 att
605 154 57 27 afgå,
678 154 121 21 inkomsten
816 155 96 20 kommer

91 184 32 18 att
139 181 103 21 reducera
258 181 32 27 sig
305 181 30 20 till
352 181 50 20 noll.

160 209 57 21 Herr
232 216 47 14 von
296 209 78 21 Born:
398 209 40 21 Om
462 210 89 20 friherre
570 210 73 28 Boijes
662 210 80 28 förslag
760 212 39 26 går
816 212 95 27 igenom,

92 238 80 20 hvilket
193 238 37 27 jag
254 238 62 27 eljest
334 238 48 21 icke
402 238 67 20 skulle
488 238 63 21 hafva
567 240 64 26 något
647 241 66 24 emot,
730 239 84 22 befarar
827 241 38 27 jag
880 243 32 18 att

92 267 20 20 vi
131 267 124 27 isynnerhet
278 267 27 26 pä
360 266 36 20 %Whdet
414 266 47 21 icke
481 267 68 21 skulle
566 267 21 21 få
602 268 66 27 några
683 267 118 21 ledamöter
816 269 6 20 i
839 269 72 20 bevill-

92 294 165 28 ningskomitén.
288 294 32 21 En
337 294 65 21 sådan
420 295 90 21 komités
526 296 89 20 arbeten
632 296 64 20 räcka
711 296 13 20 4
740 296 55 20 ända
810 297 31 20 till
853 298 12 20 5
876 297 12 21 å
899 298 13 19 6

92 324 66 27 dagar
173 324 6 20 i
196 324 25 20 de
245 324 69 20 större
337 323 164 27 kommunerna,
521 324 24 20 sä
561 326 14 18 t.
592 331 33 13 ex.
645 326 36 19 vet
698 325 37 27 jag
756 326 30 19 att
802 325 36 21 det
854 326 57 20 med-

92 352 54 28 tagit
162 353 12 19 6
191 352 66 27 dagar
274 352 11 20 ä
301 352 40 20 den
365 354 33 18 ort
421 352 37 20 der
478 353 39 27 jag
540 352 109 28 deltagit
643 348 12 36 i
666 353 136 27 taxeringen,
825 354 39 20 och
885 355 27 20 dä

93 380 227 21 komitöledamöterne
336 380 86 20 komma
438 380 46 21 från
501 381 57 20 olika
573 381 60 21 delar
649 381 23 21 af
686 381 93 21 socknen
793 382 38 20 och
844 383 67 20 måste

92 409 69 21 skaffa
177 409 32 27 sig
224 411 44 18 mat
284 408 39 21 och
340 408 97 27 husrum,
453 410 23 20 sä
492 409 83 21 medför
591 410 35 20 dot
641 410 59 20 alltid
716 410 122 21 kostnader.
863 411 47 21 Man

91 438 42 20 kan
155 437 48 21 icke
225 444 67 20 gerna
315 437 79 27 begära
418 440 30 18 att
467 437 26 21 de
513 438 60 20 skola
591 438 59 27 släpa
668 439 125 20 matsäcken
808 439 49 21 med
872 440 39 27 sig,

92 466 38 21 och
148 466 35 20 det
199 468 23 18 är
238 466 46 20 litet
300 466 59 20 svärt
375 468 32 18 att
421 466 75 28 älägga
511 466 116 28 allmogen,
643 474 45 13 som
705 468 62 20 sitter
782 468 6 20 i
804 474 26 14 en
845 468 65 21 sädan

93 495 86 25 komit6,
196 496 32 19 att
242 496 52 26 göra
310 494 36 21 det
363 494 48 20 med
427 495 128 27 uppoffring.
584 495 68 21 Deras
668 496 80 20 arvode
764 497 23 19 är
802 496 108 21 dessutom

92 524 47 20 icke
157 523 117 27 föreslaget
292 522 94 21 särdeles
406 525 63 25 stort,
489 524 76 20 endast
581 524 12 20 2
610 524 60 20 mark
686 524 27 20 50
727 525 74 27 penni,
819 525 40 21 och
876 525 35 21 det

92 552 38 27 gär
145 558 42 21 nog
203 552 21 20 ät
240 552 33 20 för
288 551 76 27 dagen.
391 552 47 20 Man
451 552 72 20 kunde
539 552 33 20 väl
588 552 103 21 anmärka
706 554 32 19 att
753 554 76 26 mänga
845 554 66 20 andra

93 580 135 20 kommunala
247 580 98 28 uppdrag
364 580 60 21 skola
441 580 128 21 verkställas
587 583 51 18 utan
655 582 125 27 ersättning,
796 589 47 13 men
861 589 49 14 van-

91 609 56 27 ligen
168 609 62 21 bestä
252 609 63 20 dessa
329 608 7 21 i
352 609 67 27 nägra
441 609 95 21 timmars
559 609 95 27 göromäl
678 616 32 14 om
732 610 107 28 söndagen
856 610 55 22 efter

90 637 160 28 gudstjenstens
270 637 126 21 bevistande
415 638 26 26 pä
459 638 236 21 kommunalstämman.
726 638 59 21 Skall
799 646 48 13 man
864 639 47 21 der-

90 668 58 18 emot
163 666 49 20 med
227 666 149 27 noggrannhet
392 666 27 27 gä
429 666 84 27 igenom
526 666 218 28 bevillningslängden
756 667 39 20 och
807 668 104 20 fastställa

91 694 144 28 bovillningen
255 696 23 18 sä
296 696 32 18 att
347 701 49 13 man
413 694 40 21 kan
470 702 63 13 svara
548 695 33 19 för
597 694 44 27 det,
658 695 39 20 och
714 696 22 20 sä
752 697 32 19 att
799 702 49 14 man
864 696 46 21 icke

89 724 39 26 gör
151 723 41 20 den
215 730 39 14 ena
274 722 52 21 eller
344 722 67 21 andra
430 724 66 25 orätt,
513 724 112 26 medtager
640 722 36 22 det
691 724 90 27 mycken
798 724 37 20 tid.
865 724 45 21 Fri-

90 752 62 20 herre
172 751 62 28 Boije
254 753 44 19 tror
316 752 32 19 att
364 751 120 21 inkomsten
503 752 23 20 af
539 752 143 27 bevillningen
699 752 47 20 icke
762 752 68 21 skulle
846 753 65 21 blifva

89 780 94 21 särdeles
201 783 50 23 stor,
272 780 66 20 sedan
357 782 117 18 momentet
489 781 12 19 3
517 780 6 20 i
540 780 11 27 $
567 781 13 19 4
597 780 68 20 blifvit
684 781 112 26 uteslutet,
816 788 48 14 men
880 782 30 20 ät-

89 809 106 20 minstone
212 809 27 27 pä
255 808 25 21 de
297 810 58 19 orter
368 809 39 27 jag
422 809 81 20 känner
517 808 64 21 hafva
591 808 262 28 bevillningskomiteerna
863 810 47 20 icke

89 837 105 27 tillämpat
216 836 128 28 stadgandet
366 838 69 19 såsom
459 837 107 20 utskottet
590 844 28 13 nu
640 837 120 27 föreslagit,
782 840 50 18 utan
851 838 59 21 alltid

90 865 71 20 tillåtit
176 865 75 27 afdrag
267 865 23 20 af
304 865 143 21 kostnaderna
463 865 33 20 för
512 865 105 20 rörelsens
633 865 133 28 utvidgning,
778 866 38 20 och
828 866 82 21 inkom-

89 896 47 18 sten
159 894 23 20 af
202 893 142 28 bevillningen
368 893 39 21 har
430 893 126 28 visserligen
575 894 47 20 icke
641 893 69 21 blifvit
729 897 50 23 stor,
799 901 47 14 men
863 895 47 20 icke

90 922 65 20 heller
171 922 93 21 särdeles
280 922 62 26 liten,
358 924 50 19 utan
426 922 64 21 sådan
507 929 45 13 som
569 929 47 14 man
631 922 82 21 kunnat
724 924 64 19 vänta
799 925 32 18 att
842 923 68 21 skulle

89 951 51 26 utgå
156 951 5 20 i
178 953 31 18 ett
228 951 24 20 sä
270 950 73 27 fattigt
362 950 48 21 land
430 958 45 13 som
495 951 96 20 Finland.
622 950 52 21 Icke
689 953 45 18 tror
747 951 37 27 jag
800 953 31 19 att
848 951 39 21 den
904 952 5 20 i

90 979 111 20 framtiden
218 979 67 21 heller
300 979 77 20 blifver
393 981 74 24 större,
485 979 39 20 och
540 980 12 19 5
569 980 12 20 4
597 979 90 26 600,000
703 980 59 20 mark
777 981 36 19 äro
825 980 85 28 mycket

90 1008 5 19 i
112 1010 30 18 ett
158 1007 73 28 fattigt
246 1007 56 21 land.

157 1036 101 20 Friherre
272 1043 47 14 von
335 1036 76 21 Born:
428 1036 41 27 Jag
485 1036 76 27 tycker
577 1038 32 19 att
624 1037 11 26 &
652 1037 24 19 är
691 1036 105 27 tvetydig.
813 1032 12 36 I
821 1036 89 21 första

89 1065 113 26 meningen
226 1066 62 25 säges
310 1064 144 28 uttryckligen
474 1067 32 18 att
525 1065 79 20 arvode
623 1065 47 20 icke
688 1065 72 20 bestäs
776 1065 33 20 för
823 1065 85 20 förrätt-

90 1093 87 27 ningen,
194 1100 47 13 men
258 1093 73 27 längre
347 1093 53 20 fram
417 1094 62 26 säges
495 1095 31 18 att
542 1092 38 21 der
597 1093 145 20 ledamöterne
758 1093 47 20 icke
821 1095 36 18 äro
873 1093 36 21 bo-

90 1123 57 19 satta
164 1122 3 19 i
183 1128 81 14 samma
287 1121 47 20 stad
358 1121 50 20 eller
431 1121 26 27 pä
475 1121 72 21 landet
565 1121 58 21 invid
642 1121 36 20 det
694 1121 61 20 ställe
771 1121 38 21 der
823 1121 86 22 förrätt-

90 1150 77 27 ningen
191 1150 55 26 sker,
267 1149 60 21 skola
346 1150 26 20 de
391 1149 21 21 fä
428 1151 11 19 2
456 1149 60 21 mark
533 1150 26 21 50
575 1150 63 27 penni
656 1149 34 21 för
708 1150 73 27 hvarje
797 1156 57 14 rese-
870 1150 39 21 och

90 1178 189 27 förrättningsdag.
310 1178 116 27 Uttrycket
450 1178 210 27 ,förrättningsdag'*
683 1178 75 27 tyckes
781 1178 79 27 antyda
878 1180 31 19 att

89 1207 26 20 de
131 1207 61 20 skola
207 1207 21 20 fä
243 1207 83 27 ätnjuta
345 1207 146 20 traktamente
509 1207 48 20 icke
575 1207 89 20 allenast
680 1206 32 21 för
728 1207 115 27 resedagar
859 1209 49 18 utan

89 1235 65 20 också
169 1235 35 20 för
219 1235 41 21 den
276 1235 30 20 tid
322 1235 126 27 taxeringen
465 1242 51 21 eger
532 1242 53 13 rum.
611 1235 77 21 Denna
703 1235 128 27 motsägelse
847 1241 63 14 anser

87 1264 39 27 jag
141 1265 32 19 att
188 1271 48 13 man
254 1263 65 21 borde
338 1263 138 28 undanrödja.
509 1263 42 20 För
570 1264 42 20 min
631 1263 33 21 del
683 1270 63 20 synes
762 1264 43 27 mig
816 1263 40 20 den
867 1263 42 21 för-

89 1295 34 18 sta
138 1292 113 27 meningen
267 1292 64 21 hafva
346 1292 46 20 skäl
407 1291 34 21 för
456 1292 38 27 sig.
529 1291 133 28 "Taxeringar
677 1293 37 19 äro
734 1299 24 14 en
778 1292 131 21 kommunal-

89 1321 166 27 angelägenhet,
271 1321 33 20 för
320 1321 86 20 hvilken
422 1321 53 20 intet
491 1320 75 28 afdrag
581 1320 46 21 frän
644 1320 40 21 den
700 1321 61 26 ringa
773 1319 135 28 bevillnings-

90 1356 95 14 summan
209 1349 67 21 borde
295 1349 48 27 afgä
361 1349 31 20 till
411 1349 288 26 traktamentsersättningar
714 1349 33 20 för
762 1348 147 28 förrättnings-

89 1377 100 28 dagarne.
220 1377 44 21 För
287 1378 142 27 resedagarne
451 1377 48 21 ville
517 1378 38 27 jag
574 1377 97 21 deremot
689 1377 79 28 bevilja
784 1378 124 26 ersättning.

159 1406 57 21 Herr
232 1406 196 27 Björkenheim,
443 1405 36 22 R.:
495 1405 42 28 Jag
553 1406 40 20 kan
609 1406 48 20 icke
673 1405 57 21 finna
745 1408 32 18 att
791 1405 40 20 den
843 1405 22 20 af
874 1405 35 21 fri-

90 1434 63 21 herre
168 1441 41 14 von
229 1434 58 21 Born
308 1434 95 28 antydda
420 1434 148 28 otydligheten
584 1434 67 21 skulle
667 1433 115 22 förefinnas
796 1434 5 20 i
818 1434 18 27 8.
867 1434 43 20 Det

90 1464 62 26 säges
169 1463 126 27 visserligen
312 1465 31 18 att
358 1463 54 20 intet
428 1463 79 20 arvode
520 1463 68 20 skulle
599 1462 83 21 tillfalla
693 1462 154 26 ledamöterne,
859 1464 50 18 utan

822 1503 21 16 20
