1078 1692
197 92 26 19 86

170 154 59 15 mans
245 148 149 26 förmenande,
412 149 31 19 att
459 154 47 14 man
524 146 65 22 borde
605 154 55 20 egna
676 154 26 14 en
719 147 69 21 större
804 146 189 28 uppmärksamhet

169 177 22 20 åt
207 176 177 28 organiserandet
395 176 22 20 af
435 175 158 28 borgarskolor,
612 176 24 20 så
653 176 43 20 kan
710 176 39 26 jag
764 175 47 21 icke
828 177 64 19 annat
908 176 26 20 än
949 175 45 21 helt

170 205 39 21 och
225 205 66 21 hållet
306 204 115 21 instämma
436 204 52 27 deri,
505 206 31 18 att
553 204 19 20 vi
589 204 75 20 främst
680 204 67 20 borde
763 204 56 20 rikta
830 204 37 20 vår
879 204 114 27 uppmärk-

170 233 84 21 samhet
270 234 21 20 åt
308 232 58 21 detta
382 233 48 20 håll.
461 232 96 21 Afvenså
567 232 38 21 har
621 232 35 21 det
667 232 87 28 mycket
765 232 74 28 riktigt
850 232 69 21 blifvit
930 232 62 21 fram-

170 262 75 26 hållet,
260 261 103 21 hurusom
379 262 81 20 antalet
476 261 23 20 af
511 261 252 27 undervisningstimmar
778 261 35 21 vid
829 261 51 20 flera
895 260 97 21 läroverk

170 292 23 19 är
209 290 87 27 mycket
310 290 52 27 lågt,
378 290 24 21 så
418 292 30 18 att
464 296 48 14 man
529 290 34 20 vid
579 289 110 21 desamma
706 290 65 20 borde
787 290 72 20 kunna
870 289 63 21 hinna
944 289 48 21 med

170 319 86 27 mycket
279 324 60 14 mera
358 320 26 19 än
406 318 54 21 hvad
483 318 33 20 för
539 318 134 20 närvarande
696 319 24 19 är
742 318 71 27 fallet;
836 324 47 14 men
900 318 38 26 jag
956 318 36 20 vill

169 347 70 20 lemna
255 346 60 21 detta
330 348 62 20 ämne
408 346 39 21 och
463 346 88 28 öfvergå
567 346 30 20 till
614 346 188 27 hufvudpunkten,
819 346 104 27 nemligen
936 346 57 20 hvad

170 382 45 14 som
239 375 67 21 borde
329 376 63 26 göras
412 375 33 20 för
463 377 32 19 att
513 375 22 20 åt
553 375 69 20 lärare
642 374 35 21 vid
692 375 59 27 lägre
774 374 218 22 elementarskolorna

170 403 106 21 förskaffa
300 410 26 14 en
346 404 69 20 bättre
436 404 100 26 aflöning.
567 403 113 21 Utskottet
704 403 38 20 har
764 404 110 27 föreslagit
894 404 31 19 att
943 409 49 14 man

170 432 70 20 dertill
262 432 70 20 skulle
355 432 97 21 använda
469 432 98 26 100,000
581 432 61 20 mark
660 432 24 20 af
698 432 26 20 de
740 432 75 26 medel,
830 439 45 13 som
890 431 33 21 för
938 431 54 21 folk-

170 460 166 21 skoleväsendet
352 462 36 19 äro
405 460 117 21 bestämda.
552 460 72 21 Afven
637 460 39 27 jag
691 467 64 13 anser
771 463 37 24 att,
819 460 43 21 ifall
874 460 69 20 medel
954 460 38 20 fin-

170 496 38 14 nas
224 489 23 20 af
261 489 59 21 detta
336 489 80 27 anslag,
433 489 70 20 hvilka
519 489 48 20 icke
583 488 91 21 behöfva
690 489 125 27 disponeras
832 489 39 21 och
883 489 27 26 på
921 488 71 21 hvilka

170 524 48 14 man
235 524 25 14 en
277 517 50 28 lång
343 517 31 21 tid
389 518 42 20 kan
447 517 74 26 räkna,
537 518 24 20 så
577 517 66 21 borde
658 524 50 14 man
724 517 98 21 använda
838 517 47 21 dem
900 516 34 21 för
950 517 42 20 ele-

170 546 275 27 mentarundervisningen,
469 552 48 14 men
541 545 138 21 derförinnan
703 546 39 20 bör
765 545 113 27 utredning
894 545 97 27 erhållas,

170 574 105 21 huruvida
299 574 62 20 dessa
382 574 69 20 medel
473 574 48 20 icke
545 574 67 20 under
631 574 41 20 den
691 576 109 19 närmaste
816 574 58 21 tiden
890 574 102 20 behöfvas

170 603 33 20 för
227 602 36 21 det
287 602 163 28 ursprungligen
474 602 89 21 afsedda
579 602 126 21 ändamålet.
737 602 72 21 Också
825 602 64 21 borde
908 602 84 27 frågan,

171 631 105 21 huruvida
300 631 116 21 ständerna
439 630 66 22 under
524 631 95 27 följande
635 632 23 20 år
675 631 51 27 vilja
741 632 100 20 fortsätta
857 631 47 21 med
920 631 72 21 bevill-

170 660 90 27 ningens
276 660 135 27 erläggande,
429 666 50 14 vara
494 660 91 27 afgjord,
597 660 64 20 innan
672 661 31 19 ett
714 660 105 20 definitivt
830 660 70 20 beslut
911 666 34 14 om
956 666 36 14 an-

170 688 124 21 vändandet
309 688 23 20 af
347 695 26 13 en
390 688 32 20 del
438 688 47 21 utaf
499 688 124 20 densamma
643 688 41 20 kan
700 688 73 21 fattas.
804 688 57 21 Herr
884 688 108 20 Snellman

169 717 39 20 har
224 716 66 21 redan
307 716 76 28 antydt
399 716 65 28 derpå
480 718 31 19 att
527 716 49 21 med
592 716 36 21 det
643 716 105 28 tillfälliga
763 716 96 28 bidraget
870 716 22 21 af
903 717 90 26 100,000

170 745 60 21 mark
247 745 68 21 under
331 747 30 19 ett
378 745 51 21 eller
444 752 38 20 par
497 745 34 21 års
547 745 31 20 tid
593 745 48 21 icke
657 746 23 20 är
696 746 88 26 mycket
795 747 89 24 vunnet,
895 747 23 25 ty
929 744 64 21 hafva

170 774 84 27 engång
278 774 144 20 skollärarene
446 773 83 21 erhållit
552 774 142 20 lönetillskott
718 774 39 20 och
776 781 49 13 man
844 773 148 27 undandrager

170 802 132 20 statsverket
326 802 98 27 bidraget
447 802 22 20 af
487 802 154 27 bevillningen,
661 802 23 21 så
699 802 42 21 kan
765 802 36 21 det
824 802 64 20 blifva
911 802 81 27 ganska

170 831 58 20 svårt
244 830 34 20 för
294 831 132 20 statsverket
447 832 30 19 att
497 830 114 27 uppehålla
630 830 59 21 detta
705 831 98 20 tillskott.
835 830 29 21 Af
879 830 64 21 sådan
960 837 32 13 or-

171 858 38 21 sak
228 865 66 14 anser
314 859 37 27 jag
370 860 32 19 att
421 858 74 28 frågan
515 865 34 14 om
569 859 91 20 berörda
683 859 89 24 100,000
788 859 60 20 mark
863 859 48 20 icke
927 865 66 21 gerna

171 894 28 13 nu
221 887 43 20 kan
288 887 95 27 afgöras,
407 887 64 20 innan
495 887 62 20 dessa
580 887 37 20 två
640 887 183 28 omständigheter
839 889 35 19 äro
891 887 101 26 utredda,

170 915 106 21 huruvida
294 915 92 21 nämnda
407 915 114 28 besparing
536 915 124 28 verkeligen
674 916 6 19 i
697 915 40 21 den
754 917 108 19 närmaste
878 915 114 21 framtiden

171 944 68 20 skulle
254 944 87 21 komma
357 946 31 19 att
404 944 57 27 ligga
476 943 145 28 odisponerad
637 944 39 21 och
688 951 34 14 om
735 944 115 27 bevillning
861 944 131 21 fortfarande

170 973 97 20 kommer
283 974 31 19 att
330 979 40 20 ega
385 979 52 14 rum.

239 1000 59 21 Herr
316 1000 202 21 Nordenskiöld:
538 1000 65 21 Hvad
622 1001 54 20 först
694 1001 40 20 och
750 1001 75 20 främst
841 1001 100 21 beträffar
957 1008 35 13 an-

171 1029 141 28 märkningen
332 1036 34 13 om
386 1029 26 21 de
430 1029 169 28 sifferuppgifter
619 1029 107 22 utskottet
740 1029 109 28 framlagt,
866 1031 23 19 så
904 1029 38 21 ber
954 1029 39 28 jag

171 1060 31 19 att
217 1057 22 21 få
254 1065 97 20 upprepa
367 1058 47 20 mitt
430 1057 127 28 påstående,
573 1059 32 19 att
616 1058 47 21 hela
674 1058 41 21 den
728 1058 217 27 beräkningsmethod
960 1061 32 18 ut-

171 1086 81 21 skottet
268 1086 93 21 användt
377 1086 47 21 icke
440 1087 41 20 kan
497 1093 51 14 vara
564 1086 23 21 af
600 1087 70 26 någon
686 1087 111 27 betydelse
812 1087 32 20 för
859 1087 36 20 sitt
906 1086 87 21 afsedda

171 1115 104 20 ändamål.
300 1114 40 21 Om
354 1115 145 27 beräkningen
514 1115 68 27 gjorts
591 1115 74 27 riktig,
676 1115 24 20 så
710 1115 42 20 kan
762 1115 40 21 den
814 1115 76 21 endast
900 1115 92 28 upplysa

171 1143 83 26 derom,
267 1145 31 18 att
310 1143 70 20 såsom
392 1143 88 26 bekant,
492 1142 103 21 Finlands
609 1143 161 28 militärbudget
786 1145 63 26 utgör
866 1150 26 14 en
911 1144 82 27 ganska

170 1172 61 26 ringa
242 1173 90 26 procent
344 1171 23 20 af
380 1173 81 19 statens
477 1171 94 28 utgifter.
602 1172 42 27 Jag
655 1172 57 21 inser
722 1173 82 26 ganska
816 1172 32 20 väl
860 1172 132 27 riktigheten

170 1200 23 20 af
209 1200 50 20 herr
275 1200 120 20 Snellmans
411 1199 106 28 yttrande,
538 1202 31 19 att
585 1200 88 21 främsta
689 1201 92 20 orsaken
798 1200 80 27 dertill,
895 1202 31 19 att
942 1201 51 20 våra

170 1228 216 21 elementarläroverk
405 1228 46 21 icke
469 1229 78 20 lemnat
564 1229 185 20 tillfredställande
765 1229 119 25 resultater,
902 1229 71 20 består
987 1229 5 20 i

171 1257 62 20 deras
249 1257 103 27 felaktiga
368 1257 153 27 organisation,
538 1264 48 14 men
597 1257 33 20 för
641 1260 31 18 att
682 1257 71 21 utföra
764 1257 40 21 den
816 1257 97 28 önskliga
924 1264 69 14 omor-

170 1285 161 28 ganisationen
328 1281 9 36 ,
348 1285 23 21 sä
382 1285 68 20 skulle
466 1285 37 21 det
519 1286 63 20 äfven
598 1293 51 13 vara
665 1286 83 27 ganska
764 1286 103 27 önskligt,
882 1286 69 20 såsom
963 1286 30 21 äf-

171 1320 39 14 ven
230 1313 50 21 herr
299 1313 108 21 Snellman
423 1315 76 26 yttrat,
515 1316 31 19 att
563 1314 153 21 meranämnda
732 1315 90 26 100,000
838 1315 60 20 mark
914 1314 78 27 skulle,

170 1342 5 20 i
193 1341 66 21 likhet
275 1342 48 20 med
339 1344 82 25 preste-
433 1342 39 21 och
487 1343 172 20 bondeståndens
675 1343 92 28 förslag,
779 1343 117 20 öfverföras
909 1343 30 20 till
951 1343 42 20 ele-

171 1370 221 21 mentarläroverkens
404 1370 69 21 behof.
496 1371 42 28 Jag
549 1377 107 22 upprepar
667 1372 68 26 ännu,
747 1373 31 19 att
787 1372 38 27 jag
835 1371 47 21 med
895 1371 42 20 min
948 1372 45 19 röst

170 1399 95 20 biträder
276 1399 64 27 sagda
352 1399 79 20 medels
443 1399 149 22 öfverförande
608 1401 27 26 på
650 1399 68 28 grund
728 1400 22 20 af
757 1400 117 21 utskottets
886 1399 106 28 yttrande,

170 1429 31 18 att
218 1427 36 20 det
270 1427 46 21 icke
333 1429 23 18 är
372 1427 72 28 troligt
459 1430 32 18 att
507 1428 59 21 detta
579 1429 120 20 öfverskott
715 1429 6 19 i
738 1429 39 20 den
792 1429 107 20 närmaste
912 1429 81 20 framti-

170 1455 40 21 den
226 1456 33 20 för
275 1455 209 22 folkskoleväsendet
500 1457 41 20 blir
555 1457 111 20 behöfligt.

238 1483 59 22 Herr
315 1484 192 28 Björkenheim,
523 1485 36 21 R.:
579 1485 42 28 Jag
636 1464 42 43 far
697 1485 77 21 endast
790 1492 27 15 en
832 1485 50 21 liten
894 1485 98 22 anmärk-
