1078 1692
176 86 42 21 348

149 144 32 20 slå
196 143 134 21 tillsättande
345 144 23 20 af
382 151 26 13 en
424 143 90 27 komité,
530 150 45 14 som
592 144 68 21 skulle
676 146 98 26 uppgöra
789 146 32 20 ett
836 145 92 27 förslag,
945 145 25 26 på

150 172 70 28 grund
235 172 79 20 hvaraf
327 172 65 20 sedan
408 179 25 14 en
451 172 131 27 proposition
598 172 7 20 i
621 174 72 19 ämnet
708 173 69 21 skulle
793 174 71 20 kunna
879 173 91 27 föreläg-

150 209 39 20 gas
204 200 85 21 landets
305 200 249 21 nästsammanträdande
566 201 93 21 ständer.
691 202 40 20 Att
743 202 34 20 vid
789 202 69 21 denna
868 201 102 27 landtdag

151 230 75 27 afgöra
242 228 70 21 denna
328 229 39 20 sak
382 236 63 14 anser
457 229 38 27 jag
510 228 59 22 tiden
585 229 34 21 för
634 230 54 20 kort.

218 257 59 21 Herr
292 263 47 15 von
358 257 165 21 Willebrand:
540 257 43 28 Jag
599 258 68 20 skulle
683 258 27 20 be
725 260 33 19 att
768 258 44 22 helt
823 259 39 21 och
873 258 65 21 hållet
949 258 21 20 få

149 287 75 20 förena
247 286 44 27 mig
315 286 49 20 med
382 286 49 20 herr
447 293 40 14 von
504 286 93 20 Becker.
627 286 44 21 Det
686 288 24 19 är
726 293 26 14 en
768 287 61 27 fråga
844 287 22 21 af
880 287 40 20 den
936 288 33 26 yt-

150 317 67 19 tersta
232 314 46 28 vigt
294 316 32 19 att
341 314 59 21 såväl
415 314 35 21 det
465 314 98 21 växande
579 314 90 28 slägtets
686 315 100 21 säkerhet
801 316 7 20 i
823 315 105 21 särskilda
939 315 30 20 af-

151 343 94 21 seenden
270 342 126 28 betryggas,
413 350 44 14 som
474 344 31 19 att
520 342 162 28 lagstiftningen
698 344 20 27 ej
734 345 37 26 går
787 344 23 20 så
825 344 59 28 långt
899 344 6 20 i
921 350 49 20 pre-

150 372 114 20 kautioner
279 371 33 21 för
332 371 48 21 dess
400 371 132 27 utveckling,
549 373 31 19 att
596 371 35 21 det
647 372 87 20 hindras
751 374 31 18 att
798 372 74 22 arbeta
887 372 33 21 för
937 372 32 20 sin

149 401 82 27 näring.
262 399 43 28 Jag
328 400 68 20 fäster
418 400 23 20 så
464 400 85 27 mycket
568 401 69 19 större
656 400 45 28 vigt
717 400 35 21 vid
768 403 31 18 att
815 402 20 26 ej
850 400 120 22 förhastadt

149 429 73 27 afgöra
238 429 72 20 denna
324 428 68 28 fråga,
408 435 45 14 som
466 429 38 27 jag
519 430 46 18 tror
581 430 32 19 att
628 428 146 22 fackkännare
785 430 76 20 nästan
872 429 38 21 alls
921 429 47 20 icke

149 458 31 20 uti
195 456 143 22 förevarande
353 458 61 19 ämne
432 457 67 21 blifvit
515 456 133 28 rådfrågade.
678 457 44 21 Det
738 459 24 19 är
773 458 19 27 ej
804 465 42 20 nog
858 460 30 18 att
900 458 70 20 känna

149 486 71 27 reglor
235 486 34 20 för
284 485 120 21 Frankrike
420 486 39 20 och
481 485 104 27 England,
600 487 23 26 ty
640 485 62 21 dessa
717 486 73 21 kunna
805 487 20 26 ej
842 493 63 20 passa
920 492 49 21 pre-

149 515 40 21 cist
212 514 21 21 in
254 514 28 26 på
304 514 51 20 våra
377 514 152 20 förhållanden.
560 514 32 20 Då
615 514 69 27 någon
708 514 67 21 talare
797 517 67 25 yttrat
880 516 32 19 att
928 514 40 24 den

150 545 59 19 stora
224 542 113 21 skilnaden
353 542 89 20 emellan
459 542 62 21 dessa
536 542 74 20 länder
626 542 40 21 och
682 543 47 20 vårt
744 543 50 21 land
809 543 55 21 blott
874 543 63 20 beror
948 542 22 20 af

149 572 109 20 klimatets
274 570 112 27 inverkan,
403 572 23 19 så
441 570 36 21 vill
489 572 38 26 jag
542 571 53 20 visst
611 571 20 27 ej
647 571 56 20 neka
718 573 32 19 att
766 572 62 20 äfven
845 571 80 26 klimat,
937 571 31 20 sol

150 600 39 20 och
205 600 41 27 ljus
262 600 67 20 verka
351 599 75 27 något,
449 606 47 14 men
518 598 144 22 födoämnena
685 599 66 21 verka
767 600 54 20 dock
836 600 49 20 vida
900 606 69 20 mera,

148 628 83 21 kanske
254 627 63 21 äfven
343 627 163 21 raceolikheten.
537 627 44 21 Det
600 629 23 19 är
639 627 23 21 af
674 628 78 27 högsta
766 628 45 27 vigt
826 628 33 20 för
874 629 32 19 att
930 628 37 20 nä-

149 658 38 26 got
198 657 23 20 så
232 658 40 18 när
287 656 63 20 träffa
366 656 36 20 det
417 657 64 24 rätta,
498 657 31 19 att
545 656 48 20 hela
609 656 59 20 detta
684 658 62 19 ämne
757 658 99 19 närmare
866 656 101 20 undersö-

150 686 38 20 kes
204 684 40 21 och
260 691 27 14 en
303 684 91 20 särskild
409 684 79 21 komité
503 684 111 21 nedsättes
629 684 33 20 för
678 686 32 19 att
725 691 77 21 genom
813 684 155 28 uppsamlande

149 713 23 21 af
193 713 121 21 statistiska
337 712 51 21 data
410 712 63 21 vinna
495 713 69 27 någon
581 713 42 20 fast
639 713 152 27 öfvertygelse.
821 713 42 27 Jag
878 713 90 21 föreslår

150 741 84 21 derföre
257 742 32 20 att
312 740 92 27 ståndet,
427 740 33 21 för
483 742 31 19 att
537 741 20 27 ej
581 740 89 28 bidraga
693 741 32 20 till
747 742 142 27 uppkomsten
905 742 23 20 af
942 748 26 14 en

149 770 102 27 olämplig
266 769 45 27 lag,
327 770 76 25 måtte,
422 769 69 21 såsom
507 769 50 21 herr
573 776 40 14 von
627 769 117 21 Bonsdorff
757 770 142 28 projekterat,
914 776 53 21 upp-

149 799 73 27 skjuta
237 798 51 20 med
303 798 62 20 dessa
381 798 55 26 S$:rs
451 797 126 28 afgörande,
593 798 82 20 hvilket
692 798 19 27 ej
723 798 68 21 skulle
801 798 89 21 inverka
900 798 27 27 på
938 798 30 20 la-

149 834 54 20 gens
218 826 118 27 afgörande
352 826 6 20 i
373 826 33 20 sin
417 826 78 26 helhet,
507 828 55 18 samt
573 826 109 27 uttryckte
694 826 41 21 den
751 827 88 25 önskan,
851 828 30 19 att
892 827 75 26 frågan

149 855 66 20 måtte
231 855 23 20 af
267 854 98 21 fackmän
382 855 97 20 närmare
494 854 87 21 utredas
598 855 39 20 och
653 854 69 21 såsom
739 855 54 20 skild
808 855 36 27 lag
859 861 32 14 om
904 854 63 21 sund-

149 883 131 21 hetsvården
304 883 33 20 för
359 882 53 21 barn
428 883 51 20 eller
494 884 53 26 ungt
561 882 46 21 folk
621 883 7 20 i
644 883 186 28 utvecklingsåren
845 883 122 28 föreläggas

148 911 84 22 landets
248 911 88 21 ständer
351 911 35 20 vid
401 911 176 20 nästkommande
593 911 108 27 landtdag.

219 939 57 21 Herr
293 939 142 21 Snellman:
459 939 43 28 Jag
524 939 32 20 får
578 939 33 21 för
627 940 43 20 min
686 939 32 21 del
734 941 28 26 på
777 940 36 21 det
829 941 138 26 enträgnaste

150 968 82 27 påyrka
257 969 31 20 att
312 968 19 27 ej
354 967 38 21 allt
414 967 117 27 stadgande
555 968 74 20 härom
650 968 67 21 måtte
740 968 136 28 uppskjutas,
891 970 24 26 ty
931 968 37 21 det

149 997 99 20 kommer
264 996 66 27 enligt
345 996 43 21 min
405 996 64 21 tanke
481 996 81 21 mindre
573 1003 26 14 an
611 997 27 26 på
649 1003 33 14 om
693 1003 49 14 man
753 998 61 26 tager
825 997 63 20 miste
898 997 28 26 på
936 998 32 19 ett

149 1025 52 21 eller
217 1027 31 18 ett
264 1031 40 21 par
319 1025 29 26 år,
364 1026 27 19 än
407 1031 34 14 om
456 1031 48 14 man
520 1025 44 20 helt
580 1025 39 20 och
639 1024 65 21 hållet
722 1025 82 20 lemnar
820 1025 80 21 barnen
915 1026 52 20 utan

149 1053 70 27 skydd
242 1053 68 20 under
330 1054 57 19 ännu
411 1053 66 27 några
499 1054 30 25 år,
545 1053 27 20 då
587 1060 49 14 man
651 1053 64 20 likväl
730 1055 46 25 vet,
799 1053 54 21 huru
876 1053 91 28 mycken

150 1081 155 28 misshandling
328 1081 74 21 hittills
422 1083 36 25 egt
476 1088 53 14 rum.
559 1081 42 28 Jag
621 1087 62 15 anser
698 1081 85 22 derföre
798 1084 32 19 att
845 1082 33 21 för
893 1081 75 28 hvarje

149 1110 36 21 fall
202 1111 66 26 något
285 1110 38 20 bör
338 1109 94 28 stadgas.

218 1138 58 21 Herr
292 1138 139 21 Molander:
456 1138 42 27 Jag
513 1138 95 21 anhåller
624 1140 32 18 att
671 1138 21 21 få
706 1138 75 21 förena
796 1139 43 27 mig
854 1138 48 21 med
919 1139 49 20 herr

150 1167 116 20 Snellman.
296 1166 44 21 Det
363 1168 23 19 är
410 1167 69 20 bättre
502 1168 31 19 att
549 1167 6 20 i
571 1167 60 20 detta
654 1166 101 21 afseende
774 1167 63 21 hafva
856 1168 65 27 något
936 1167 32 20 till

149 1195 93 21 barnens
266 1195 70 27 skydd
354 1196 27 19 än
400 1197 31 18 att
448 1195 69 20 lemna
540 1195 49 21 dem
608 1195 87 21 alldeles
710 1197 52 18 utan
778 1195 83 21 sådant.
892 1195 76 21 Seder-

149 1231 59 13 mera
224 1223 74 21 kunna
313 1223 61 25 dock,
391 1223 69 20 såsom
477 1223 73 20 herrar
565 1230 41 14 von
622 1223 134 21 Willebrand
772 1223 39 22 och
828 1231 40 14 von
885 1223 84 22 Becker

149 1251 103 27 förordat,
268 1251 154 28 upplysningar
437 1251 112 21 inhemtas.

218 1280 59 21 Herr
293 1279 197 28 Björkenheim,
506 1279 25 21 L.
549 1280 38 20 M.:
613 1280 50 26 Att,
688 1280 69 21 såsom
773 1280 49 21 herr
837 1287 41 14 von
894 1280 74 21 Wille-

150 1308 68 21 brand
233 1308 118 27 föreslagit,
367 1308 70 21 lemna
452 1309 65 20 saken
534 1308 114 27 beroende,
664 1308 33 21 för
712 1310 32 19 att
759 1309 23 20 af
796 1309 97 20 fackmän
904 1309 7 20 i
922 1310 47 19 vårt

149 1337 50 20 land
222 1337 98 26 utredas,
344 1343 62 14 anser
419 1337 37 26 jag
472 1337 23 20 så
511 1337 86 27 mycket
612 1343 45 14 mer
676 1337 144 26 öfverflödigt,
844 1344 45 14 som
905 1337 40 20 den
962 1337 6 20 i

150 1365 26 20 do
199 1365 63 20 flesta
285 1365 95 20 fabriker
395 1365 57 20 förut
467 1365 60 20 torde
543 1372 52 13 vara
610 1365 32 20 till
656 1365 73 26 fyllest
744 1365 83 21 utredd.
858 1365 109 21 Ehuruväl

150 1393 37 21 det
202 1400 40 14 ena
259 1393 77 21 barnet
351 1393 31 20 till
398 1393 32 20 sin
445 1393 141 21 konstitution
602 1393 41 21 kan
660 1400 52 14 vara
728 1400 99 21 svagare,
850 1393 36 22 det
902 1393 66 22 andra

151 1421 106 25 starkare,
274 1422 23 19 så
313 1421 40 21 kan
374 1421 106 20 missbruk
496 1421 23 20 af
532 1422 92 20 barnens
641 1421 81 21 krafter
737 1422 64 20 likväl
817 1429 40 20 ega
872 1429 57 19 rum,
945 1422 23 21 så

150 1451 31 20 att
204 1450 26 20 de
252 1449 120 21 förderfvas
395 1449 54 21 både
466 1449 30 21 till
514 1450 59 20 helsa
589 1450 39 21 och
644 1450 73 21 moral.
748 1449 42 28 Jag
805 1457 63 14 anser
884 1450 84 21 derföre

151 1479 63 27 högst
229 1478 79 27 vigtigt
326 1479 42 26 att,
386 1478 89 21 likasom
491 1485 48 14 man
555 1478 7 21 i
577 1477 105 29 England,
698 1478 6 21 i
720 1478 111 29 Tyskland
846 1479 70 20 funnit
931 1480 37 20 nö-
