1078 1692
818 92 39 20 175

63 158 26 14 en
106 150 98 28 vidlyftig
219 150 122 21 diskussion
358 150 39 20 och
414 149 65 21 sedan
496 156 26 14 en
538 156 35 20 ny,
590 148 27 22 då
633 148 39 21 den
684 149 144 21 återkommer
838 150 45 21 från

63 180 113 20 utskottet.

132 207 71 21 Sedan
225 208 117 20 utskottets
365 206 112 21 skrifvelse
494 206 5 20 i
515 206 116 27 anledning
654 206 62 20 häraf
738 206 69 22 blifvit
830 207 54 27 ånyo

64 236 91 27 uppläst,
171 236 85 27 yttrade
272 236 33 27 sig

133 264 57 20 Herr
205 264 195 28 Björkenheim,
417 263 35 20 R.:
476 263 33 21 På
531 264 43 19 sätt
593 262 23 21 af
634 262 117 22 utskottets
774 264 111 21 skrifvelse

64 293 99 27 framgår,
186 292 93 28 uppstod
302 292 108 27 svårighet
433 291 32 21 för
488 291 107 21 utskottet
613 293 32 19 att
661 292 97 27 uppgöra
780 299 104 15 samman-

61 321 204 27 jemkningsförslag
280 321 48 20 icke
344 327 76 21 genom
437 320 39 20 den
496 320 109 27 votering,
624 320 137 27 hvarigenom
777 321 108 27 afgjordes

66 350 133 20 hvilketdera
215 349 137 21 alternativet
368 348 67 21 skulle
451 348 75 28 läggas
543 348 30 20 till
590 348 69 28 grund
674 348 34 20 för
723 350 163 26 sammanjemk-

65 378 90 27 ningen,
176 380 23 26 ty
220 378 72 20 derom
312 384 52 14 vans
389 377 109 27 pluralitet
517 378 56 19 inom
590 377 106 21 utskottet
712 377 39 20 och
767 376 36 22 det
819 378 67 20 beslöt

66 408 31 19 att
112 407 67 20 första
195 406 137 21 alternativet
348 406 68 20 skulle
432 406 74 27 läggas
522 405 31 21 till
569 412 27 14 en
612 406 66 20 sådan
694 405 75 28 grund,
785 408 50 18 utan
852 406 34 21 vid

66 434 93 21 derefter
175 435 109 21 verkstäld
301 434 107 28 votering,
424 434 105 21 huruvida
545 434 59 20 detta
619 434 80 27 förslag
714 434 68 20 skulle
798 434 89 22 föreslås

66 463 138 21 oförändradt
219 464 51 20 eller
285 463 49 21 med
350 463 120 27 ändringar,
487 462 37 21 der
541 462 103 21 stannade
655 463 37 20 två
702 462 62 21 stånd
776 465 57 19 emot
844 464 42 26 två,

65 492 39 20 och
121 491 36 21 det
173 494 22 18 är
214 492 82 20 således
312 492 24 20 af
349 493 91 26 yttersta
455 491 55 27 vigt,
527 493 31 19 att
577 490 85 22 ståndet
678 498 28 13 nu
722 492 68 26 yttrar
806 492 32 27 sig
853 498 34 14 om

65 520 26 20 de
108 520 114 28 ändringar
244 520 86 21 ståndet
354 520 36 20 vill
412 519 63 21 hafva
491 520 83 20 införda
590 520 6 20 i
612 519 68 21 första
695 519 143 27 alternativet,
855 520 31 20 så-

67 548 48 21 vida
131 548 59 21 detta
205 549 54 21 skall
275 549 72 27 läggas
364 548 31 20 till
414 548 68 28 grund
502 548 33 21 för
553 548 245 27 sammanjemkningen,
814 551 23 25 ty
853 556 34 13 om

66 576 84 22 ståndet
166 578 78 20 uttalar
267 577 32 27 sig
318 576 92 27 derhän,
426 578 31 19 att
477 576 36 21 det
529 576 126 28 godkänner
670 576 67 21 första
752 576 136 22 alternativet

66 606 69 20 såsom
151 606 69 27 grund
235 606 33 20 för
284 605 235 27 sammanjemkningen
535 605 50 21 med
601 605 26 20 de
643 604 113 28 ändringar
772 604 37 22 det
823 606 63 20 redan

67 634 56 20 velat
139 636 57 26 göra,
213 634 23 20 så
251 634 97 21 kommer
364 633 34 21 vid
414 634 119 20 utskottets
549 635 63 19 nästa
628 633 82 21 session
722 634 46 20 åter
778 634 36 20 två
825 634 61 20 stånd

66 664 32 19 att
114 664 75 19 stanna
205 664 57 19 emot
277 662 42 21 två.

135 690 100 22 Friherre
258 691 84 27 Boije:
371 690 42 27 Jag
435 690 90 20 ämnade
547 692 59 25 yttra
629 690 119 21 detsamma
772 697 44 13 som
839 690 49 21 herr

67 719 152 27 Björkenheim
235 719 64 21 redan
317 719 98 21 nämnde.
448 718 111 22 Utskottet
575 718 42 26 vill,
634 719 6 20 i
656 718 100 21 händelse
768 718 119 22 ridderska-

67 751 36 24 pet
118 748 39 21 och
173 748 62 20 adeln
251 748 78 20 önskar
344 748 52 26 göra
412 748 66 26 några
497 747 121 27 ändringar,
635 747 65 21 också
716 747 20 21 få
752 749 49 19 veta
817 747 71 21 hvilka

67 776 62 20 dessa
152 776 114 28 ändringar
289 778 43 18 äro.
363 775 43 21 För
422 776 41 20 min
481 775 96 21 enskilda
593 775 33 21 del
642 776 65 26 yrkar
720 776 38 26 jag
774 777 30 19 att
819 776 69 20 första

67 804 135 21 alternativet
218 805 65 20 måtte
299 807 90 24 antagas
404 803 146 26 oförändradt,
562 804 89 20 emedan
660 804 38 27 jag
709 804 90 27 befarar,
811 806 31 18 att
853 811 33 14 om

67 833 160 27 bestämningen
245 840 33 13 om
296 833 84 20 skatten
398 832 38 20 och
453 839 33 13 om
507 832 135 20 bränneriers
665 832 143 27 anläggande,
825 832 62 21 huru-

68 861 47 20 vida
131 861 36 20 det
182 861 53 20 skall
254 861 102 27 utbjudas
376 861 26 26 på
422 860 86 21 auktion
526 867 18 14 o.
561 867 16 13 s.
594 867 27 19 v.,
637 861 86 26 mycket
745 861 96 20 kommer
856 863 32 18 att

66 889 111 21 förändras
192 889 38 21 hos
252 889 148 26 ridderskapet
420 889 38 20 och
479 889 70 24 adeln,
570 889 146 20 betänkandet
739 889 96 28 omöjligt
851 889 37 27 går

66 918 84 27 igenom
175 917 37 21 hos
235 918 80 21 bonde-
336 917 40 20 och
401 917 164 27 prestestånden
585 917 38 20 och
641 919 31 18 att
698 917 94 27 frågan
786 913 12 36 i
813 917 75 21 sådant

66 946 35 20 fall
118 946 97 20 kommer
230 947 5 20 i
251 948 56 19 ännu
324 945 147 27 betänkligare
488 945 67 21 skick.

135 973 58 22 Herr
209 981 46 14 von
271 975 79 20 Born:
375 973 114 21 Utskottet
507 974 45 26 har,
572 974 70 20 såsom
658 976 86 18 senaste
766 974 67 21 talare
856 981 32 13 re-

66 1003 40 20 dan
131 1004 80 25 nämnt,
234 1003 77 20 önskat
331 1003 20 20 få
370 1004 50 19 veta
442 1002 72 21 hvilka
539 1002 115 27 ändringar
677 1002 148 27 ridderskapet
849 1003 39 20 och

66 1031 61 20 adeln
153 1031 79 20 önskar
247 1033 51 26 göra
314 1031 6 20 i
336 1031 67 20 första
419 1031 138 20 alternativet
573 1031 38 20 och
629 1031 38 27 jag
682 1031 76 26 tycker
773 1033 31 18 att
819 1030 70 21 denna

67 1060 81 19 önskan
165 1061 23 19 är
204 1060 86 20 alldeles
306 1059 119 27 sjelffallen,
441 1059 89 20 emedan
551 1059 106 20 utskottet
672 1059 48 20 icke
735 1059 41 20 kan
792 1060 97 27 uppgöra

67 1089 64 26 något
147 1087 298 28 sammanjemkningsförslag
460 1087 6 20 i
483 1087 26 21 de
525 1087 104 20 särskilda
645 1087 37 27 $$,
698 1094 34 13 om
748 1087 36 21 det
795 1087 47 21 icke
854 1090 34 18 vet

66 1116 55 20 hvad
137 1116 148 27 ridderskapet
302 1115 39 22 och
358 1115 61 21 adeln
435 1115 76 21 tänker
527 1123 34 13 om
578 1115 74 28 hvarje
668 1116 18 27 $.
717 1115 73 28 Några
805 1115 83 21 ändrin-

66 1151 37 20 gar
123 1145 46 20 åter
191 1144 72 21 kunna
286 1144 47 21 icke
349 1144 98 26 föreslås,
467 1151 33 13 om
520 1144 47 20 icke
580 1144 103 27 förslaget
699 1144 119 21 diskuteras
834 1145 54 26 ånyo

66 1173 39 20 och
123 1173 64 20 skildt
202 1173 94 20 beslutes
316 1173 34 20 för
370 1172 74 27 hvarje
461 1173 18 26 $.
510 1172 43 27 Jag
571 1172 67 27 yrkar
654 1172 84 21 derföre
754 1174 31 19 att
801 1173 87 20 ärendet

66 1201 34 20 må
116 1201 64 20 blifva
196 1201 113 28 bordlagdt
325 1201 31 20 till
373 1202 61 19 nästa
453 1201 92 26 måndag
564 1201 39 20 och
623 1201 47 20 icke
685 1201 108 27 företagas
809 1207 38 19 nu,
862 1201 27 20 då

66 1236 48 14 man
131 1229 46 20 icke
194 1237 36 13 ens
247 1231 23 19 är
286 1229 86 20 försedd
388 1229 48 20 med
452 1229 30 20 till
499 1229 89 20 ärendet
605 1229 94 20 hörande
715 1229 130 27 handlingar.

134 1257 100 21 Friherre
251 1265 46 13 von
314 1257 80 21 Born:
418 1257 41 27 Jag
483 1264 63 14 anser
569 1257 48 21 icke
641 1257 45 22 skäl
709 1257 132 21 förekomma
857 1259 31 18 att

65 1287 44 20 helt
125 1286 38 21 och
180 1286 64 21 hållet
259 1287 26 26 gå
301 1287 20 19 in
338 1287 26 26 på
376 1285 117 21 utskottets
504 1285 166 28 framställning,
682 1288 31 18 att
724 1285 85 22 ståndet
820 1285 67 22 skulle

65 1317 57 24 yttra
139 1315 31 26 sig
186 1321 32 14 om
236 1314 41 21 alla
294 1315 25 20 de
335 1314 120 27 ändringar,
473 1314 85 21 ståndet
575 1315 78 19 önskar
668 1314 21 21 få
705 1314 83 21 införda
803 1315 6 19 i
820 1314 68 21 första

64 1343 143 20 alternativet.
240 1343 41 20 Det
298 1344 23 19 är
336 1343 105 26 nemligen
457 1343 48 20 icke
525 1342 96 21 ståndets
646 1343 50 26 sak,
712 1344 31 19 att
756 1343 6 20 i
778 1343 61 27 fråga
854 1349 33 14 om

65 1371 231 27 sammanjemkningar
312 1373 98 26 uppgöra
425 1371 80 27 förslag
520 1371 31 20 till
568 1371 122 27 ändringar,
706 1374 51 17 utan
774 1371 35 20 det
821 1373 23 18 är
855 1373 32 18 ut-

64 1399 93 20 skottets
174 1399 45 20 sak.
250 1399 60 21 Hvar
330 1400 37 19 och
388 1406 26 13 en
431 1406 44 13 som
492 1400 54 27 tagit
562 1399 33 20 del
610 1399 23 20 af
645 1399 38 21 den
700 1399 77 28 nådiga
792 1400 96 27 proposi-

64 1428 72 20 tionen
153 1428 39 20 och
210 1428 152 26 betänkandet,
378 1428 27 20 då
420 1427 37 20 det
473 1427 159 27 diskuterades,
652 1428 38 20 bör
707 1428 63 20 hafva
785 1427 56 21 klart
856 1428 32 20 för

64 1456 33 27 sig
113 1456 73 21 hvilka
202 1456 204 27 hufvudgrunderna
421 1456 5 20 i
442 1455 67 22 första
525 1455 39 21 och
581 1456 67 21 andra
664 1456 167 21 alternativerna
845 1457 42 20 äro.

64 1483 74 28 Enligt
154 1485 42 20 min
213 1485 65 20 tanke
294 1485 38 20 bör
348 1484 84 21 ståndet
448 1484 35 21 vid
499 1484 60 21 detta
575 1484 82 21 tillfälle
672 1484 114 27 godkänna
801 1484 26 21 de
844 1485 44 20 huf-
