1078 1692
828 73 40 19 319

74 131 89 21 heterna
187 131 149 27 skyldigheten
356 132 32 19 att
408 130 38 21 hos
465 130 186 27 fordringsegaren
675 129 119 28 supplicera
810 131 32 19 att
857 130 41 20 han

73 160 66 20 måtte
163 166 51 14 vara
236 159 41 28 god
301 160 38 20 och
360 160 71 20 lemna
453 159 119 27 penningar
595 158 60 21 torde
679 158 47 20 icke
750 158 71 20 kunna
837 165 60 14 anses

75 189 102 27 lämpligt.
202 188 62 20 Emot
281 189 11 26 &
310 189 31 25 10,
358 195 44 13 som
419 187 118 21 innehåller
553 189 31 19 att
599 187 108 27 gäldenär,
723 187 66 20 sedan
805 186 41 21 han
863 194 35 13 va-

74 217 27 20 rit
117 217 32 20 för
166 216 62 21 skuld
243 216 73 28 bysatt
332 216 51 21 eller
399 216 70 20 hällen
485 216 30 20 till
532 216 74 20 arbete
623 216 38 20 och
678 215 92 21 derifrän
787 215 22 21 af
823 216 75 27 borge-

74 246 37 20 när
136 245 69 21 blifvit
221 245 91 27 befriad,
328 245 47 21 icke
392 245 55 27 ånyo
463 244 33 20 för
511 251 81 14 samma
608 244 61 20 skuld
685 244 32 20 får
734 244 97 28 bysättas
847 244 51 21 eller

74 274 85 27 tvingas
182 274 30 20 till
228 274 84 26 arbete,
331 274 39 20 har
385 273 37 21 det
437 273 110 20 anmärkts
563 275 32 18 att
611 273 59 21 detta
686 272 119 28 stadgande
821 272 77 22 strider

74 304 45 18 mot
135 309 28 13 nu
179 302 97 27 gällande
292 302 40 28 lag.
364 302 67 21 Detta
448 301 35 21 vill
497 302 38 27 jag
551 302 46 20 icke
614 301 105 26 bestrida,
743 308 48 14 men
809 301 88 21 förbätt-

74 331 74 27 ringen
165 331 62 20 äfven
242 331 7 20 i
265 330 69 21 denna
350 331 33 20 del
400 330 61 21 torde
478 337 50 13 vara
544 330 23 20 sä
583 330 6 20 i
605 331 84 26 ögonen
708 330 91 20 fallande
816 332 31 18 att
863 330 35 20 nä-

73 362 38 25 got
127 359 88 27 specielt
231 360 65 20 motiv
312 359 70 21 dertill
398 359 47 21 icke
461 358 60 22 torde
539 358 92 21 behöfva
646 358 22 21 af
682 359 43 27 mig
740 358 93 21 anföras.
856 358 42 20 Vill

74 388 107 27 borgenär
204 395 25 14 en
252 388 56 28 gäng
330 388 85 28 frigifva
438 394 27 14 en
488 388 109 26 gäldenär,
620 394 44 14 som
686 387 41 21 han
743 387 38 21 har
796 388 6 20 i
818 388 80 27 bysätt-

74 416 129 28 ningshäkte
222 417 52 20 eller
292 417 83 26 arbete,
392 417 23 20 sä
431 416 34 20 mä
482 416 35 20 det
533 416 34 20 stä
583 416 77 20 honom
676 416 58 26 fritt;
758 416 41 20 han
816 418 35 19 vet
868 418 31 18 att

74 445 41 21 han
132 445 65 20 sedan
214 445 47 21 icke
277 445 41 21 kan
334 445 22 21 få
371 445 78 21 honom
465 451 59 14 mera
540 444 31 21 till
588 451 80 14 samma
684 445 66 27 tvång
765 444 90 22 tillbaka
865 444 33 21 för

75 480 82 14 samma
180 474 69 20 skuld.
280 474 73 20 Skulle
372 480 29 14 nu
417 480 82 14 samma
521 473 132 21 förhällande
675 473 90 20 fortfara
780 480 45 14 som
841 473 58 21 förut

75 504 36 24 egt
134 509 54 20 rum,
212 502 40 21 kan
276 502 133 28 borgenären
432 509 26 14 en
483 502 42 27 dag
548 504 51 25 taga
617 502 22 20 in
657 502 128 27 gäldenären
805 502 6 20 i
827 502 71 26 häkte,

75 531 55 20 hällä
153 531 77 20 honom
250 531 37 21 der
306 538 25 14 en
351 531 67 21 vecka
434 530 39 21 och
489 530 54 21 efter
560 530 81 21 dennas
656 530 84 28 förlopp
756 530 91 28 lösgifva
862 531 37 20 ho-

75 566 49 14 nom
140 559 33 20 för
189 561 31 19 att
236 559 80 21 kanske
335 560 46 20 äter
400 560 54 20 efter
469 559 70 27 nägon
555 559 31 20 tid
602 559 85 21 inmana
702 559 78 20 honom
796 560 5 19 i
818 559 81 27 bysätt-

75 588 51 27 ning
142 588 38 20 och
197 588 139 27 gäldenärens
352 588 64 20 frihet
432 588 83 20 säledes
531 588 68 27 aldrig
614 594 51 14 vara
688 587 120 21 säkerstäld
823 587 34 21 för
872 594 26 14 en

76 617 113 27 borgenär,
205 623 45 14 som
266 617 44 20 ofta
326 617 23 20 af
362 617 82 20 mindre
461 616 48 21 ädla
524 616 91 21 motiver
630 616 93 20 förledes
739 618 31 19 att
782 616 77 20 handla
869 617 29 20 sä.

75 644 64 22 Hvad
157 645 97 27 slutligen
270 646 66 26 angår
353 646 11 26 $
382 645 64 26 16,sä
461 644 39 21 har
516 644 36 21 det
567 645 56 20 varit
637 645 77 20 allmän
728 645 72 27 praxis
811 645 35 20 vid
857 652 42 20 nya

75 674 71 27 lagars
168 674 130 27 antagande,
318 676 31 18 att
367 674 26 20 dä
409 673 25 21 de
450 673 148 21 åstadkomma
621 680 26 14 en
670 673 98 28 mildring
784 673 51 21 eller
851 674 48 20 lätt-

75 702 49 25 nad,
147 703 70 20 säsom
241 702 34 21 vid
298 702 126 28 strafflagar,
440 702 7 20 i
463 702 72 20 hvilka
557 702 83 20 mindre
663 708 77 14 ansvar
761 704 37 18 äro
818 704 81 19 utsatta

75 732 33 19 för
123 731 119 26 förseelser,
266 731 62 21 hafva
351 731 26 21 de
398 730 69 21 blifvit
490 730 123 28 tillämpade
628 731 28 27 pä
670 730 58 21 förut
746 730 97 28 lagförda
857 730 42 21 för-

76 760 107 27 brytelser
207 760 51 20 eller
280 760 57 20 förut
357 760 57 20 fälda
437 759 99 21 domslut.
567 759 42 27 Jag
624 766 62 14 anser
702 759 84 21 derföre
803 762 31 18 att
850 760 48 20 herr

75 788 106 28 Pippings
196 788 80 28 förslag
291 795 33 13 om
340 788 163 27 förordningens
519 787 145 27 förkastande,
680 789 32 19 att
720 788 38 27 jag
769 788 23 20 sä
803 788 35 20 mä
849 790 50 26 säga

75 816 96 26 obesedt,
187 817 47 20 icke
250 817 104 26 förtjenar
369 817 65 27 något
450 816 101 21 afseende
569 816 39 21 och
624 816 82 27 hoppas
715 817 44 26 jag,
775 817 7 20 i
797 816 101 22 händelse

75 845 148 27 ridderskapet
239 845 38 21 och
294 845 62 20 adeln
372 845 95 20 beslutar
483 846 32 19 att
531 845 160 27 propositionen
708 845 53 20 skall
771 845 127 28 granskas
887 841 15 36 &

74 874 33 20 för
123 874 22 26 8,
162 873 65 20 blifva
243 874 4 20 i
264 873 80 21 tillfälle
361 876 31 18 att
408 874 86 20 bemöta
509 873 26 21 de
551 873 125 27 ytterligare
700 873 78 27 inkast,
794 881 45 13 som
856 877 43 18 mot

75 902 160 27 propositionen
252 902 65 21 blifva
332 902 81 28 gjorda.
444 901 43 28 Jag
507 902 111 27 påminner
634 902 43 27 mig
692 909 28 13 nu
736 904 32 19 att
784 902 48 21 herr
848 902 50 27 Pip-

75 931 50 27 ping
149 931 110 20 anmärkte
276 933 38 24 att,
330 931 91 20 rörande
442 937 110 20 personer,
576 937 45 14 som
641 931 47 26 gätt
704 931 6 20 i
725 930 80 28 borgen
822 931 33 20 för
870 931 28 20 lö-

73 959 70 27 pande
167 959 73 20 vexlar
263 959 39 21 och
324 959 169 28 förskrifningar,
517 958 102 21 domaren
643 959 68 20 skulle
734 966 51 14 vara
801 959 97 28 villrädig

74 987 83 21 hvilket
180 987 81 28 lagrum
277 988 41 20 han
334 988 65 20 borde
418 987 95 27 tillämpa
529 987 39 21 och
584 987 105 21 huruvida
704 987 125 28 bysättning
844 988 6 20 i
866 989 32 20 sä-

74 1016 55 21 dana
152 1016 37 20 fall
208 1016 53 21 skall
284 1017 85 20 komma
384 1017 6 20 i
406 1016 60 27 fråga
489 1016 51 20 eller
555 1016 54 21 icke.
639 1016 43 20 För
698 1016 42 20 min
756 1016 34 21 del
803 1018 46 19 tror
861 1017 38 28 jag

74 1047 31 18 att
121 1044 65 21 sådan
203 1045 135 27 villrädighet
354 1045 38 20 hos
408 1045 103 20 domaren
527 1044 53 21 skall
597 1045 116 26 försvinna,
725 1051 33 14 om
770 1045 40 20 han
823 1046 76 20 endast

74 1073 134 28 genomläser
224 1074 11 26 &
252 1074 32 26 15,
302 1073 92 28 jemförd
418 1073 49 20 med
483 1073 12 27 &
513 1074 17 25 1,
547 1074 23 19 sä
586 1075 31 18 att
633 1073 63 21 äfven
716 1073 69 21 denna
801 1074 98 21 anmärk-

73 1102 51 27 ning
139 1101 62 21 torde
217 1102 51 20 böra
282 1102 90 21 förfalla.

142 1129 57 22 Herr
215 1130 125 28 Pipping,
357 1130 23 21 F.
392 1130 27 21 J.:
439 1130 100 21 Friherre
551 1137 40 14 von
604 1130 58 21 Troil
674 1130 38 21 har
722 1130 82 21 försökt
815 1132 39 25 att,
866 1131 32 21 sä-

73 1165 45 14 som
135 1159 41 20 han
192 1159 91 28 yttrade,
295 1159 31 20 till
337 1159 69 27 nägon
418 1159 33 20 del
463 1157 86 22 bemöta
560 1159 57 20 mina
628 1159 173 27 anmärkningar.
827 1159 71 21 Huru-

74 1187 48 20 vida
145 1187 104 21 friherren
270 1188 81 27 lyckats
368 1188 55 26 häri,
439 1187 38 21 ber
490 1187 23 27 jag
543 1194 28 13 nu
588 1187 37 20 här
640 1187 22 20 fä
679 1187 124 21 framställa.
834 1187 63 22 Hvad

73 1215 54 21 först
142 1216 154 27 motiveringen
314 1216 106 26 beträffar,
436 1216 38 21 har
489 1216 90 20 friherre
596 1223 39 13 von
651 1215 59 21 Troil
726 1218 71 19 ansett
812 1216 41 21 den
869 1217 46 30 öf-,

73 1244 104 27 verflödig
193 1245 22 20 af
230 1245 41 20 den
287 1245 70 26 orsak,
374 1247 31 18 att
421 1245 36 20 det
473 1251 43 21 nya
531 1244 140 27 lagförslaget
687 1245 100 20 beträder
809 1247 30 19 ett
856 1252 43 13 om-

73 1273 57 26 råde,
153 1280 46 13 som
215 1274 23 19 är
254 1280 58 14 mera
335 1273 124 21 utveckladt
474 1273 6 20 i
497 1273 66 20 andra
585 1273 84 20 länders
693 1273 134 28 lagstiftning
850 1275 26 19 än
892 1274 7 21 i

73 1301 109 21 Finlands.
213 1301 86 21 Samma
314 1302 131 21 förhällande
462 1308 51 21 eger
529 1308 46 13 rum
587 1301 5 20 i
604 1301 101 22 afseende
717 1303 11 19 ä
739 1303 75 20 nästan
825 1302 74 27 hvarje

73 1332 48 25 nytt
136 1330 122 27 lagförslag,
275 1337 45 14 som
336 1331 35 20 vid
388 1331 51 20 våra
454 1330 128 27 landtdagar
599 1330 67 21 blifvit
678 1330 123 28 handlagdt.
829 1330 69 21 Hvar-

74 1359 40 20 ken
131 1357 126 29 regeringen
281 1359 52 21 eller
356 1359 115 20 ständerna
495 1358 64 21 hafva
575 1359 60 27 skytt
650 1361 32 18 att
697 1359 87 28 utlägga
800 1361 98 19 närmare

73 1387 45 20 skäl
142 1387 39 20 och
205 1387 91 21 motiver
318 1388 32 20 för
370 1388 46 20 sina
431 1387 106 28 ätgärder.
569 1387 46 20 Här
631 1387 54 21 hade
701 1387 36 21 det
753 1388 83 21 säledes
852 1388 47 21 icke

73 1415 56 20 varit
152 1422 25 13 ur
201 1417 68 26 vägen
292 1418 32 19 att
347 1416 79 27 begära
445 1417 124 19 detsamma.
600 1415 80 21 Vidare
698 1416 38 20 har
752 1416 89 21 friherre
857 1423 41 14 von

73 1443 59 20 Troil
149 1446 48 25 sagt
213 1446 31 19 att
260 1444 47 27 den,
324 1451 44 14 som
385 1445 35 20 vill
436 1445 76 25 förstä,
529 1444 78 21 förstär
623 1446 31 19 att
665 1445 57 20 mina
734 1445 165 27 anmärkningar

74 1472 91 20 rörande
189 1473 112 27 förslagets
323 1473 166 28 genomförande
514 1472 63 21 hafva
593 1473 44 27 gält
652 1473 37 20 det
705 1475 31 18 att
749 1473 108 28 ätskilliga
873 1474 25 27 8$
