1078 1692
825 90 28 20 45

128 150 65 28 Uppå
215 150 49 20 herr
288 149 208 21 landtmarskalkens
515 148 119 28 förfrågan,
653 147 105 21 huruvida
776 148 69 26 någon
861 147 23 20 af

60 178 221 22 ståndsledamöterne
297 178 94 21 önskade
408 178 80 27 afgifva
504 179 65 25 något
584 176 101 28 yttrande
697 176 5 20 i
714 178 82 24 ämnet,
812 176 69 20 anhöll

129 207 58 21 Herr
204 207 192 27 Björkenheim,
412 206 33 27 R.,
462 208 31 19 att
508 206 21 21 få
541 205 122 27 hemställa,
674 205 105 21 huruvida
789 204 47 21 icke
848 212 34 13 va-

60 236 29 21 let
106 236 66 20 borde
189 236 126 20 verkställas
332 236 26 26 på
374 242 81 14 samma
471 236 42 19 sätt
530 242 45 13 som
591 234 68 21 under
676 236 86 18 senaste
774 233 108 27 landtdag,

61 264 51 21 eller
127 272 77 19 genom
220 264 22 20 af
256 265 85 20 ståndet
356 264 91 21 utsedda
463 263 114 21 elektorer.

129 292 101 22 Friherre
246 292 74 28 Boije
335 292 48 21 ville
399 292 75 21 endast
490 292 70 20 erinra
576 292 82 26 derom,
676 292 31 20 att
719 291 68 21 under
798 293 85 19 senaste

60 321 103 28 landtdag
186 322 134 20 elektorerne
343 321 119 27 uppgjorde
485 320 86 27 förslag,
594 320 110 20 hvarefter
723 319 76 28 sjelfva
822 319 60 21 valen

62 350 133 21 verkstäldes
211 350 23 20 af
248 350 91 20 ståndet.

131 378 57 21 Herr
207 378 187 28 Montgomerie
410 378 40 20 och
466 378 49 20 herr
531 384 46 14 von
594 376 70 22 Bor'n
680 377 124 25 hemstälde,
821 376 63 21 huru-

62 407 50 21 vida
126 408 48 20 icke
190 407 85 21 ståndet
292 406 70 22 kunde
381 406 131 21 öfverlemna
532 406 21 20 åt
569 406 47 20 sina
631 405 85 27 vanliga
731 405 107 21 elektorer
853 406 31 20 att

63 437 102 27 uppsätta
181 435 121 28 valförslag.

131 463 65 29 Uppå
212 464 48 20 herr
275 464 208 20 landtmarskalkens
499 462 157 28 framställning
672 462 69 21 beslöt
757 462 86 21 ståndet
853 464 32 18 att

63 494 22 20 åt
101 493 46 20 sina
162 492 85 28 vanliga
263 493 107 21 elektorer
384 492 111 28 uppdraga
507 491 149 28 valförslagets
667 490 152 28 upprättande,
831 493 54 19 samt

63 524 32 18 att
113 522 60 20 valen
189 520 66 22 borde
271 521 38 21 ske
326 521 64 21 skildt
408 521 39 21 och
471 520 55 22 efter
542 520 120 21 hvarandra
681 520 31 20 till
730 519 155 21 bankfullmäk-

65 551 51 26 tige,
132 550 106 21 revisorer
254 550 39 20 och
310 550 143 27 suppleanter.

133 578 138 21 Beträffande
288 578 80 21 antalet
384 578 23 21 af
422 578 138 28 suppleanter
576 577 95 28 föreslog

134 607 100 21 Friherre
250 614 46 14 von
312 607 78 27 Born,
406 609 31 19 att
452 607 6 20 i
474 606 106 21 anseende
591 606 32 20 till
635 606 40 20 den
687 606 62 27 långa
760 605 126 28 tidsperiod,

65 642 46 14 som
135 635 68 21 skulle
225 635 88 28 förflyta
335 636 30 20 till
391 634 251 22 nästsammanträdande
666 634 109 28 landtdag,
798 634 39 20 och
861 634 26 20 dä

65 664 151 21 erfarenheten
240 664 55 21 hade
320 665 136 20 konstaterat
479 666 31 18 att
536 664 98 27 samtliga
660 663 138 28 suppleanter
823 662 64 22 redan

65 700 28 14 nu
117 693 55 21 hade
195 692 69 22 blifvit
284 695 64 25 tagna
366 693 6 20 i
392 693 99 27 anspräk,
510 692 151 27 ridderskapet
680 692 40 20 och
740 691 61 21 adeln
821 691 66 21 skulle

65 723 48 19 utse
132 722 125 27 ytterligare
278 728 26 14 en
324 722 123 27 suppleant,
471 722 27 26 pä
522 721 36 21 det
581 720 124 21 totalförfall
727 721 67 20 mätte
817 720 71 20 kunna

65 750 113 20 undvikas.

136 778 159 28 Ridderskapet
310 778 40 21 och
366 779 62 20 adeln
444 779 69 20 beslöt
529 781 30 19 att
575 778 31 20 till
625 780 31 18 ett
675 778 93 27 följande
784 784 104 14 samman-

68 807 60 21 träde
146 807 116 28 uppskjuta
278 807 124 27 afgörandet
418 807 23 21 af
454 807 75 27 frägan
546 814 34 14 om
595 807 178 27 suppleanternes
789 806 64 21 antal.

138 887 170 20 Nedannämnda
329 887 46 20 från
398 887 111 21 utskotten
531 887 101 20 inkomna
655 886 150 21 betänkanden
828 885 62 21 bord-

70 916 67 21 lades:

139 950 23 27 a)
179 951 30 20 till
224 951 62 20 nästa
302 950 167 21 sammanträde:

140 986 32 19 1:0
192 985 152 27 lagutskottets
364 984 137 21 betänkande
517 985 6 19 i
539 983 115 28 anledning
672 983 24 20 af
712 983 78 28 nådiga
813 990 77 21 propo-

71 1013 91 20 sitionen
182 1013 110 28 angående
312 1020 77 14 ansvar
406 1013 32 20 för
454 1012 132 27 antändning
601 1012 24 21 af
638 1012 104 27 egendom
758 1012 6 21 i
780 1011 64 29 afsigt
859 1014 31 19 att

70 1041 110 21 åtkomma
195 1042 125 27 ersättning,
336 1049 45 13 som
397 1041 33 20 för
446 1041 136 20 brandskada
597 1040 68 21 utfäst
680 1042 33 26 är;

140 1071 33 20 2:0
191 1077 79 14 samma
288 1071 95 20 utskotts
403 1069 135 22 betänkande
554 1070 6 19 i
577 1069 114 28 anledning
710 1069 22 21 af
748 1069 77 27 nådiga
844 1075 47 22 pro-

71 1099 121 27 positionen
209 1099 109 27 angående
334 1100 97 19 närmare
451 1098 144 28 begränsning
611 1098 22 21 af
646 1098 59 21 tiden
720 1097 33 21 för
768 1098 124 20 löftesmans

71 1127 222 28 ansvarsskyldighet,
309 1134 27 13 m.
352 1134 38 19 m.;

141 1156 33 20 3:o
191 1158 63 18 stats-
271 1156 39 21 och
326 1156 246 27 bevillningsutskottets
589 1155 79 27 förslag
682 1155 31 20 till
729 1155 163 27 sammanjemk-

72 1185 51 26 ning
139 1184 24 20 af
177 1184 101 21 ständens
302 1184 56 21 olika
382 1184 70 21 beslut
467 1184 6 20 i
489 1183 76 28 frägan
585 1191 33 13 om
637 1184 83 20 inlösen
735 1184 23 20 af
771 1183 121 21 donations-

72 1213 81 26 godsen
173 1213 2 20 i
191 1213 103 27 Wiborgs
310 1213 39 20 och
366 1213 31 20 S:t
413 1212 88 21 Michels
517 1213 44 26 län;

142 1259 25 28 b)
184 1259 31 20 till
229 1259 87 21 dernäst
330 1259 95 27 följande
441 1259 96 28 plenum:

141 1294 34 20 4:o
195 1295 153 19 sammansatta
370 1293 115 26 ekonomi-,
507 1296 54 18 samt
585 1295 63 19 stats-
671 1293 39 21 och
733 1293 160 28 bevillningsut-

73 1322 92 21 skottets
182 1322 136 21 betänkande
334 1322 6 20 i
356 1322 114 27 anledning
487 1322 23 21 af
524 1322 77 27 nädiga
611 1322 161 28 propositionen
783 1322 110 27 angäende

73 1351 120 20 ordnandet
209 1350 22 21 af
245 1351 192 27 skjutshällningen
457 1351 39 20 och
513 1351 188 27 gästgifverierna,
718 1352 54 19 samt
788 1352 49 26 väg-
854 1351 40 20 och

74 1379 164 28 brobygnaden;

142 1409 33 20 5:o
192 1408 140 21 nästnämnda
351 1408 94 20 utskotts:
466 1408 135 21 betänkande
621 1408 5 20 i
646 1408 114 27 anledning
778 1407 23 21 af
817 1407 77 28 nådiga

74 1437 159 28 propositionen
253 1437 111 27 angäende
386 1436 139 21 anskaffande
544 1436 22 21 af
581 1436 76 27 nödiga
674 1436 68 21 medel
758 1436 32 20 till
805 1436 89 20 förbätt-

74 1466 65 21 rande
156 1465 23 21 af
193 1465 363 27 elementarundervisningsvorken
571 1465 6 20 i
593 1465 82 26 landet;
770 1488 2 2 :

143 1495 34 20 6:0
193 1493 236 28 kyrkolagsutskottets
444 1493 80 28 förslag
540 1493 31 21 till
585 1492 209 29 sammanjemkning
804 1493 23 20 af
839 1493 56 20 stän-
