1078 1692
159 136 223 31 Riddarhusordning

73 182 27 28 af
132 181 201 29 Storfurstendömet
369 181 100 20 Finlands
481 177 2 28 i

105 210 132 28 Ridderskap
254 210 36 20 och
303 210 62 24 Adel,
380 208 103 31 antagen:

103 239 35 20 vid
149 238 145 28 Landtdagen
307 240 8 19 i
325 238 158 28 Helsingfors,

102 268 40 20 den
158 268 31 20 22
205 268 105 20 Februari
328 267 58 21 1864.
481 265 2 10 i

250 314 8 26 8
277 314 19 20 1.

102 353 83 27 Hvarje
213 354 26 26 pä
255 353 135 21 riddarhuset
406 345 77 27 intro-
479 341 8 44 |

825 65 37 21 251

578 135 225 31 Riddarhusordning

493 181 26 28 aj
549 180 203 28 Storfurstendömet
772 176 10 37 —
789 180 104 20 Finlands

524 209 133 27 Ridderskap
674 208 37 21 och
722 208 65 24 Adel,
801 212 90 24 antagen

521 238 36 20 vid
571 238 143 26 Landtdagen
728 237 8 20 i
745 237 147 29 Helsingfors,

521 267 40 20 den
632 266 49 27 Maj
696 266 26 20 18

722 266 32 20 67.

668 313 48 25 81.

521 352 82 27 Hvarje
625 352 25 27 pä
666 351 137 21 riddarhuset
827 351 65 21 intro-

74 382 93 21 ducerad
175 383 32 19 ätt
215 388 51 21 eger
274 381 121 27 derstädes,
404 380 68 22 under
481 387 1 14 '
492 380 93 21 ducerad
594 382 31 18 ätt
634 386 52 22 eger
694 380 121 26 derstädes,
825 380 67 20 under

74 410 26 21 de
115 410 70 21 vilkor
199 410 37 21 här
248 410 115 21 nedanföre
374 410 97 27 stadgas,
481 405 2 19 |
492 410 26 20 de
534 409 69 21 vilkor
619 408 38 21 här
668 408 116 22 nedanföre
795 408 97 28 stadgas,

74 440 45 20 säte
136 439 39 21 och
195 440 89 20 stämma
299 439 7 20 i
322 438 39 21 den
382 438 90 28 ordning!
492 440 47 19 säte
555 437 39 21 och
613 439 91 19 stämma
719 437 6 20 i
741 437 41 21 den
801 437 91 28 ordning

74 468 39 20 och
125 468 54 20 efter
191 467 40 21 den
242 466 160 28 nummerföljd,
411 467 60 21 hvari
483 462 7 37 |
493 466 40 22 och
545 466 55 21 efter
611 466 41 21 den
663 466 157 28 nummerföljd,
832 466 59 20 hvari

74 498 59 19 ätten
149 496 67 20 finnes
232 496 6 20 i
254 496 113 20 matrikeln
384 495 168 25 anteck-!ätten
568 494 68 21 finnes
652 495 6 20 i
674 494 114 21 matrikeln
805 494 87 22 anteck-

74 524 51 27 nad,
141 524 54 21 först
211 525 91 27 grefvar,
318 524 66 21 sedan
396 524 87 20 friher--

75 560 34 14 rar
125 553 40 21 och
181 553 39 20 sist
235 553 115 21 adelsmän.
483 551 1 32 |

252 600 11 26 $
279 600 19 20 2.

105 640 33 20 De
154 646 109 20 personer,
279 639 72 20 hvilka
366 639 22 20 af
402 638 28 21 H.
444 639 40 19 M.;

76 668 116 27 Kejsaren,
209 668 6 20 i
230 668 95 27 enlighet
340 667 49 21 med
401 668 11 26 $
425 668 24 20 11
467 667 5 20 i

77 698 54 20 1772
143 697 33 20 års
187 696 175 28 regeringsform,
373 696 7 20 i
391 696 82 28 greflig,

75 725 106 28 friherrlig
207 725 51 21 eller
280 724 57 28 adlig
361 724 122 28 värdighet;

75 754 105 27 upphöjas
204 754 50 20 eller
276 753 49 21 med
348 753 135 24 naturalisa-|

75 783 101 20 tionsrätt
195 783 12 20 &
226 782 65 21 finskt
314 782 102 26 adelskap
437 781 46 27 be-;

76 811 77 26 nädas,
164 811 69 27 skola,
245 811 55 20 inom
312 812 13 20 2
336 811 23 20 år
372 810 100 26 derefter,

76 840 32 27 sig
126 840 32 19 till
176 840 158 20 introduktions
350 838 133 22 erhållande
474 834 13 38 |

75 869 12 19 å
103 867 135 22 riddarhuset
258 867 92 27 anmäla,
369 867 40 21 och
425 867 47 20 der-

75 896 72 21 städes
171 896 55 21 inför
248 895 225 22 riddarhus-direktio-

76 932 40 13 nen
132 925 90 28 uppvisa
234 925 28 20 H.
272 924 28 21 K.
312 925 112 27 Majestäts
437 925 46 23 nä-
475 920 11 37 ;

75 953 50 28 diga
141 953 77 28 diplom
235 953 6 21 i
257 953 89 28 original
367 955 55 18 samt
438 960 45 13 ve-!

75 982 122 27 derbörliga
220 981 117 29 gvittenser
361 981 59 21 öfver
441 985 42 17 er-|

75 1010 62 28 lagde
168 1010 162 21 nedannämnde
362 1010 110 21 introduk-

76 1039 149 27 tionsafgifter,
242 1039 116 27 nemligen:

105 1068 30 21 till
152 1067 202 27 riddarhuskassan,

104 1096 32 21 för
152 1103 26 14 en
193 1097 73 26 grefve
282 1097 70 24 4,000,

104 1125 33 20 för
152 1131 26 14 en
193 1125 90 20 friherre
299 1125 69 26 3,200,
385 1125 39 20 och

104 1154 32 20 för
145 1160 27 14 en
181 1153 107 21 adelsman
295 1154 63 25 2,400
366 1153 42 27 mk,
418 1155 55 19 samt

103 1182 31 21 till
147 1182 235 27 jungfrustiftskassan
375 1178 9 36 ,
463 1185 2 2 N

104 1211 33 22 för
153 1217 30 14 en
195 1211 73 26 grefve
285 1211 68 25 1,200,

103 1239 33 20 för
152 1245 26 14 en
192 1239 90 20 friherre
298 1239 48 26 800,
364 1239 40 20 och

104 1268 33 20 för
159 1274 27 14 en
209 1267 109 21 adelsman
342 1268 42 20 400
402 1267 71 28 mark;

75 1296 112 21 hvarutom
203 1296 31 21 till
247 1296 237 25 riddarhus-direktio-
475 1292 12 33 |

75 1331 41 14 nen
140 1325 37 20 bör
200 1325 46 20 icke
270 1324 92 21 allenast
382 1325 91 27 ingifvas

75 1353 161 21 sköldebrefvet
246 1353 5 20 i
263 1353 85 20 afskrift
357 1353 67 27 jemte
436 1360 36 14 va-

75 1381 122 28 penritning
220 1381 48 22 med
288 1381 71 21 dertill
378 1381 106 22 hörande!

75 1410 133 27 beskrifning
224 1410 39 21 och
275 1410 134 27 fullständigt
420 1406 49 42 upp-
479 1415 5 29 |

75 1438 72 21 rättad
162 1439 116 27 biografisk
288 1439 113 27 genealogi
412 1438 61 21 öfver
483 1456 1 3 |

75 1466 42 21 alla
132 1467 31 20 till
179 1468 59 20 ätten
255 1467 95 21 hörande
363 1473 121 23 personer,
476 1462 10 38 |

492 524 53 26 nad,
561 524 54 20 först
631 523 91 27 grefvar,
738 523 65 21 sedan
817 523 76 21 friher-

493 560 34 13 rar
543 552 39 21 och
599 552 38 21 sist
653 552 69 28 öfrige
738 552 115 20 adelsmän.

670 598 11 26 s
698 598 19 20 2.

522 638 33 21 De
579 644 107 21 personer,
711 638 71 20 hvilka
801 638 23 20 af
841 638 51 28 Kej-

482 671 73 17 |saren
571 667 39 21 och
627 666 142 27 Storfursten,
781 666 6 21 i
798 666 94 28 enlighet

493 696 49 20 med
561 697 40 19 etc.
621 697 41 19 etc.
681 695 43 21 lika
739 694 48 22 med
803 695 89 21 motstå-

493 724 55 21 ende
563 725 101 20 moment.
