1078 1692
834 91 40 21 447

82 146 33 21 för
138 154 26 14 en
187 146 125 28 fullständig
326 147 147 21 förberedelse
492 147 23 21 af
529 147 60 21 detta
605 148 68 26 ämne,
690 147 37 21 har
743 148 62 20 äfven
821 148 82 28 utgjort

84 176 92 20 orsaken
201 175 99 21 hvarföre
316 176 43 20 lika
374 176 47 20 litet
433 176 39 28 jag
487 183 46 13 som
548 176 108 20 utskottet
672 178 71 19 ansett
758 176 97 28 lämpligt
871 179 32 19 att

84 206 15 18 t.
123 211 32 13 ex.
181 204 47 20 med
252 204 101 20 afseende
379 204 12 20 å
416 204 321 22 nämndemannainstitutionen
762 205 142 21 framkomma

83 232 47 21 med
150 234 31 19 ett
197 232 128 28 detaljeradt
340 232 86 28 förslag.
457 232 33 21 En
507 232 99 28 grundlig
621 233 160 28 undersökning
798 234 39 20 blir
852 234 52 21 nöd-

83 261 87 27 vändig,
194 268 48 14 men
264 261 38 27 jag
324 268 62 14 anser
409 263 31 19 att
463 262 126 27 regeringen
609 262 50 26 sjelf
672 262 98 27 vidtager
785 269 25 14 en
827 263 76 26 sådan,

83 291 51 19 utan
151 292 32 18 att
199 290 71 20 derom
287 290 65 27 något
367 290 6 20 i
390 290 118 27 petitionen
524 290 103 20 behöfver
641 290 55 28 ingå.

152 318 57 21 Herr
234 325 48 13 von
308 318 76 21 Born:
411 318 100 21 Friherre
533 318 82 21 Wrede
639 318 39 21 har
700 326 88 14 numera
803 319 44 21 helt
862 320 40 20 och

83 347 65 21 hållet
169 346 110 21 förändrat
294 347 38 20 sitt
348 346 189 28 petitionsförslag.
558 346 67 22 Förut
641 354 37 14 var
694 348 36 20 det
745 347 60 28 fråga
821 355 34 13 om
870 350 34 19 att

83 376 22 20 få
120 382 128 21 permanens
263 376 6 19 i
286 375 26 21 de
328 382 19 14 n.
364 382 19 14 v.
400 375 153 28 domsagorna,
568 382 49 14 men
633 383 28 13 nu
677 376 39 20 har
730 376 104 21 friherren
846 376 58 22 före-

84 404 63 27 slagit
163 406 32 18 att
211 404 26 20 de
252 404 55 20 först
323 404 61 21 skola
399 404 95 28 undergå
509 404 98 28 klyfning
623 404 39 21 och
678 405 113 28 reglering.
821 405 43 21 Det
880 407 24 20 är

84 432 59 21 detta
157 433 38 27 jag
210 432 60 21 hållit
284 432 44 28 mig
343 432 35 21 vid
394 432 68 22 under
479 433 47 21 hela
543 432 40 22 den
599 433 131 27 diskussion,
747 440 45 14 som
808 434 39 20 här
861 434 42 21 för-

84 461 89 28 siggått,
190 463 30 18 att
236 461 62 27 ingen
315 468 127 20 permanens
458 468 51 14 vore
526 461 98 27 tänkbar,
635 462 64 20 innan
711 462 142 28 domsagorna
864 470 38 14 un-

84 490 85 27 dergått
192 496 25 14 en
237 490 117 27 reglering,
369 497 49 13 men
433 491 38 19 när
487 490 43 21 kan
546 497 25 13 en
588 490 67 21 sådan
671 490 173 22 åstadkommas?
874 492 28 21 Vi

84 518 60 21 skola
167 520 79 25 antaga
270 520 32 18 att
324 518 40 21 den
381 518 68 21 skulle
465 518 38 21 ske
519 526 77 20 genom
612 518 98 28 klyfning
724 519 23 21 af
761 519 141 29 domsagorna

84 547 40 20 och
146 549 31 18 att
193 546 101 21 domaren
311 548 6 19 i
333 547 71 21 stället
426 547 69 21 skulle
509 547 22 21 få
546 547 291 29 lagmanstingsgästningen,
854 556 47 14 men

84 577 39 19 när
140 576 39 20 blir
194 575 34 21 väl
243 575 284 28 lagmanstingsgästningen
542 576 71 28 ledig?
629 576 43 21 Det
688 578 23 18 är
722 576 66 21 kändt
799 580 31 18 att
841 579 15 19 t.
867 584 34 15 ex.

84 605 7 19 i
107 604 40 20 den
164 604 96 27 lagsaga,
277 604 6 20 i
299 604 84 20 hvilken
400 604 20 20 vi
435 611 28 14 nu
478 604 86 21 befinna
571 611 42 21 oss,
629 604 127 28 lagmannen
768 606 55 20 ännu
835 606 67 21 lefver

85 633 40 21 och
144 632 61 21 skola
220 632 82 28 hoppas
318 634 31 19 att
365 632 41 21 han
422 632 127 22 öfverlefver
565 634 62 20 nästa
641 633 108 28 landtdag.
765 633 137 29 Regeringen

85 662 42 20 kan
150 661 82 21 således
248 661 20 27 ej
284 662 97 26 uppgöra
396 662 65 27 något
473 661 81 28 förslag
569 662 32 20 till
616 662 107 27 reglering
738 662 23 21 af
774 663 69 21 denna
858 664 44 28 lag-

85 697 58 21 saga.
185 689 24 21 Vi
232 690 68 20 måste
322 690 53 20 först
398 691 64 20 vänta
477 692 32 18 att
524 690 212 27 lagmansembetena
752 691 65 21 blifva
831 692 71 28 lediga

85 718 39 21 och
139 718 283 28 lagmanstingsgästningen
438 718 119 28 disponibel
572 719 7 20 i
594 719 26 21 de
637 719 58 21 delar
710 719 23 21 af
745 720 72 20 landet
828 720 37 21 der
876 728 26 14 en

85 747 65 21 sådan
173 746 107 28 reglering
304 747 96 21 kommer
422 749 31 19 att
469 754 41 20 ega
525 754 58 20 rum,
599 748 129 20 åtminstone
744 748 6 20 i
765 755 26 14 en
807 750 46 20 stor
868 749 34 21 del

85 776 23 20 af
121 776 95 27 Nylands
232 775 40 21 och
288 775 134 21 Tavastehus
437 776 44 27 län,
497 783 45 14 som
559 777 36 19 äro
614 776 26 21 de
654 778 56 19 mest
721 776 112 22 befolkade
845 778 56 20 inom

86 804 77 20 landet.
181 804 10 20 I
200 804 141 27 domsagorna
352 804 27 27 på
387 804 76 21 kusten
473 804 90 21 emellan
574 804 80 22 Lovisa
672 805 40 21 och
722 804 96 28 Ekenäs,
829 806 38 20 der
875 806 27 21 de

87 832 129 21 territoriala
232 833 113 27 omfången
364 832 47 21 icke
430 834 36 19 äro
485 835 69 24 stora,
573 840 50 14 vore
635 836 140 25 permanenta
786 834 116 21 domstolar

85 861 136 27 synnerligen
231 861 107 27 lämpliga,
351 867 48 14 men
410 861 6 20 i
428 861 47 20 dem
484 861 68 20 finnes
561 861 20 28 ej
592 861 186 28 tingsgästningen
789 862 62 28 ledig.
862 863 40 21 Att

85 889 61 21 såder
154 889 6 20 i
169 889 67 20 luften
248 891 97 26 uppgöra
356 891 30 18 ett
398 889 78 27 förslag
488 891 27 26 på
525 890 113 21 framtiden
649 885 57 38 anser
717 891 37 27 jag
765 891 19 26 ej
795 891 105 28 lämpligt;

85 918 20 20 vi
115 918 72 20 kunna
200 918 24 27 ju
240 917 35 21 vid
290 919 62 19 nästa
367 918 102 27 landtdag
485 919 52 26 göra
552 918 45 27 det,
614 925 34 14 om
664 919 26 20 de
706 919 146 21 förhållanden
864 921 38 26 jag

84 946 95 27 påpekat
195 946 91 21 inträffa.
313 947 42 27 Jag
371 949 45 18 tror
428 947 19 27 ej
464 948 31 19 att
511 947 58 20 tiden
585 947 27 21 då
628 954 37 14 ens
681 948 23 19 är
718 947 50 21 inne
784 949 31 19 att
831 949 70 20 åstad-

85 975 85 20 komma
182 975 65 20 sådan
256 981 191 20 permanens,
407 971 37 36 som
463 975 91 21 friherre
569 975 83 21 Wrede
671 975 119 28 föreslagit,
806 977 48 20 med
870 979 32 19 ett

85 1003 45 28 ting
145 1003 6 20 i
167 1003 74 27 hvarje
267 1003 109 28 domsaga.
406 1003 42 28 Jag
465 1003 102 22 vidhåller
583 1004 54 21 hvad
651 1005 39 27 jag
704 1005 7 20 i
727 1005 59 20 detta
801 1005 101 22 afseende

85 1032 5 20 i
107 1032 41 20 min
173 1032 130 20 reservation
319 1031 115 22 framhållit
450 1032 39 21 och
509 1033 35 20 vill
559 1040 29 13 nu
604 1033 76 20 endast
695 1033 112 27 anmärka,
823 1035 32 19 att
870 1034 32 21 får

84 1061 84 26 engång
191 1060 101 21 domaren
314 1061 103 27 rättighet
439 1063 32 18 att
487 1061 50 20 sitta
553 1062 27 26 på
596 1063 31 19 ett
643 1061 60 20 ställe
719 1062 7 20 i
742 1062 30 20 sin
789 1062 113 28 domsaga,

84 1089 24 20 så
122 1089 66 28 yrkar
203 1089 187 20 häradskrifvaren
406 1091 31 18 att
452 1089 42 21 alla
509 1089 61 22 skola
585 1090 80 21 infinna
680 1090 33 27 sig
728 1090 38 21 hos
782 1090 77 21 honom
869 1091 33 21 för

83 1119 32 18 att
130 1117 182 26 mantalskrifvas,
328 1117 138 21 länsmannen
482 1118 53 27 åter,
551 1125 33 14 om
602 1119 40 20 han
658 1118 52 21 skall
727 1120 56 19 sätta
797 1119 68 28 någon
875 1120 27 27 på

85 1145 76 27 häkte,
184 1146 82 21 fordrar
289 1148 31 19 att
336 1145 134 29 deliqventen
486 1147 53 20 först
555 1147 54 20 skall
625 1147 85 20 komma
726 1147 38 21 och
781 1148 121 27 ödmjukast

84 1175 84 20 anmäla
193 1174 31 27 sig
239 1175 39 20 hos
294 1175 84 20 honom.
409 1175 51 20 Icke
476 1175 73 21 kunna
564 1175 41 21 alla
621 1175 93 28 anspråk
730 1177 27 26 på
773 1176 129 28 beqvämlig-

84 1203 41 20 hen
142 1203 171 20 tillfredsställas.
344 1203 27 20 Vi
388 1203 60 21 skola
464 1205 64 19 vänta
543 1204 43 20 tills
602 1204 141 27 domsagorna
759 1205 73 20 kunna
847 1212 55 14 sam-

83 1231 100 21 manfalla
199 1231 47 21 med
262 1231 26 21 de
304 1239 20 13 n.
340 1239 19 13 v.
376 1232 129 27 tingslagen;
521 1232 28 21 dä
563 1233 74 20 kunna
651 1233 21 20 vi
682 1232 70 21 införa
763 1236 139 25 permanenta

83 1259 117 22 domstolar
215 1260 7 20 i
237 1259 57 28 dem,
311 1267 48 14 men
375 1260 68 21 bildar
458 1263 14 18 t.
485 1267 33 14 ex.
531 1268 26 13 en
569 1261 101 27 domsaga
681 1261 23 20 af
712 1262 36 20 tvä
759 1262 103 27 tingslag,
878 1263 24 20 sä

83 1288 35 21 mä
135 1288 36 21 det
188 1289 62 20 äfven
262 1295 51 14 vara
328 1290 78 19 tvenne
422 1289 51 28 ting,
486 1289 55 21 dock
551 1289 49 21 med
612 1289 129 21 mellanskof
750 1297 101 14 sommar-
862 1291 39 20 och

82 1317 99 27 jultiden.
198 1317 66 20 Detta
279 1317 40 20 blir
335 1317 77 21 lättare
428 1317 55 21 både
497 1318 33 20 för
541 1318 101 21 domaren
654 1318 39 21 och
705 1320 109 26 parterna,
830 1319 72 21 hvilka

83 1345 42 20 alla
147 1345 124 27 derigenom
294 1345 69 28 slippa
386 1346 48 21 med
459 1346 85 21 kortare
563 1348 42 26 väg
621 1347 38 20 och
675 1347 83 27 kyrkan
774 1348 24 19 är
813 1347 89 21 sälunda

84 1373 54 21 stäld
161 1374 54 20 midt
230 1374 6 20 i
252 1374 49 27 byn.
331 1374 11 20 I
358 1376 31 19 ett
412 1375 56 27 glest
490 1375 111 20 befolkadt
623 1375 59 25 land,
705 1376 68 20 såsom
801 1375 100 27 Finland,

84 1401 42 21 kan
149 1403 20 26 ej
193 1403 182 26 tjenstemännens
400 1403 156 28 begvämlighet
575 1403 6 20 i
601 1403 64 21 sädan
689 1404 52 27 grad
764 1404 63 21 afses.
859 1405 42 20 Det

83 1430 68 21 finnes
174 1431 33 20 väl
223 1433 31 18 ett
270 1438 38 19 par
324 1431 120 28 domsagor,
461 1431 38 21 der
515 1431 75 21 sädant
606 1432 68 20 skulle
691 1432 72 21 kunna
779 1433 121 20 ästadkom-

83 1465 56 20 mas,
156 1467 47 13 men
220 1466 50 14 vore
286 1459 35 21 det
338 1460 32 20 väl
386 1460 45 20 skäl
448 1462 31 19 att
495 1461 6 20 i
517 1461 66 26 nägra
598 1461 93 26 tingslag
706 1461 115 20 verkställa
836 1468 26 14 en
878 1462 23 20 sä

83 1487 53 21 total
152 1488 124 27 förändring
291 1488 23 20 af
328 1488 47 21 hela
391 1489 210 20 rättsinstitutionen.
633 1489 57 20 Skall
707 1489 39 21 den
764 1489 44 28 ske,
824 1490 23 20 sä
863 1491 39 19 bör
