1078 1692
211 96 42 21 404

187 152 134 28 afkastning,
337 152 54 20 huru
407 152 86 27 mycket
509 158 44 14 som
570 152 38 26 går
623 151 31 21 till
670 151 82 21 kronan
768 158 19 14 o.
804 158 15 13 s.
836 158 19 14 v.
886 150 81 22 Resten
983 151 23 20 är

185 182 91 28 jordens
291 187 51 15 rena
358 180 131 28 behållning;
505 187 48 13 man
570 180 148 28 kapitaliserar
734 180 45 26 det,
795 180 39 20 och
850 179 26 21 då
892 180 62 27 utgör
970 179 36 21 det

187 212 77 19 räntan
280 210 28 26 på
322 209 36 20 det
374 208 89 28 kapital,
481 215 44 14 som
541 208 126 27 lägenheten
684 210 24 18 är
718 208 58 21 värd.
799 207 97 21 Erhåller
907 208 40 20 han
959 209 47 19 rän-

187 241 36 18 tan
247 238 27 26 på
293 237 45 21 sina
358 237 124 28 penningar,
499 238 23 20 så
537 238 23 19 är
576 237 35 20 det
627 237 46 26 allt,
690 243 45 14 som
752 236 41 21 han
809 236 42 20 kan
867 236 101 27 åstunda;
984 238 22 18 är

187 267 36 20 det
239 266 47 20 åter
302 266 80 27 någon,
398 272 44 14 som
457 266 38 26 gör
511 264 124 22 svindlande
654 265 77 21 affärer
747 264 39 22 och
802 264 66 28 köper
882 264 67 21 under
964 264 42 21 för-

186 294 122 27 utsättning
326 294 24 20 af
367 294 31 20 sin
418 296 57 18 stora
495 294 96 26 förmåga
610 295 31 19 att
660 293 69 21 drifva
745 300 43 20 upp
805 300 25 13 en
847 292 103 28 egendom
967 294 39 20 och

187 324 41 20 den
247 322 111 28 förmågan
377 322 65 20 sedan
463 322 56 20 visar
540 322 31 27 sig
591 322 48 20 icke
658 329 51 13 vara
724 322 23 20 så
763 321 135 28 synnerligen
916 324 50 24 stor,
983 322 23 20 så

187 352 35 20 må
237 358 26 14 en
280 351 65 21 sådan
362 351 33 20 stå
410 350 37 20 sitt
463 350 46 26 öde,
526 352 22 25 ty
565 350 40 20 den
621 357 44 14 som
682 351 39 26 gör
737 350 124 20 svindlande
877 350 77 20 affärer
966 350 40 20 kan

188 380 48 20 icke
251 379 68 21 heller
336 379 22 21 af
372 379 61 27 lagen
449 378 162 28 upprätthållas.
635 378 48 21 Man
700 378 120 27 anmärkte,
837 378 26 21 då
878 378 74 27 frågan
969 378 38 21 här

188 409 74 19 senast
282 408 92 25 förevar,
394 408 69 19 såsom
483 406 47 21 stöd
545 406 33 21 för
593 414 26 13 en
637 407 64 21 sådan
716 407 99 27 petition,
832 408 30 19 att
877 407 61 27 fråga
952 406 54 21 hade

188 436 70 20 blifvit
274 436 72 20 härom
364 436 63 20 väckt
442 435 6 20 i
464 435 87 27 Sverige
567 436 38 20 och
623 437 31 19 att
670 435 36 21 det
721 435 38 21 der
775 435 32 20 för
823 435 131 21 närvarande
970 435 37 27 på-

187 465 49 27 gick
253 471 25 13 en
296 464 159 27 undersökning
471 470 32 14 om
520 463 167 27 grundskattens
707 463 126 28 aflyftande;
853 463 36 21 det
907 465 23 19 är
950 465 56 25 sant,

188 494 38 20 der
240 493 96 27 företogs
352 492 123 27 verkeligen
491 498 26 14 en
533 492 75 26 sådan,
625 499 47 13 men
688 492 31 20 till
736 492 55 20 hvad
807 492 89 20 resultat
911 492 39 20 har
966 492 40 20 den

187 521 58 21 ledt?
266 520 36 22 Jo!
319 528 49 13 man
384 520 73 28 tyckte
473 522 32 18 att
520 520 41 20 den
577 520 55 20 enda
647 520 91 21 rättvisa
748 520 97 28 grunden
857 522 31 18 att
898 520 21 20 få
929 520 77 28 grund-

188 550 86 20 skatten
298 549 97 27 aflyftad,
414 556 51 13 vore
481 550 31 19 att
532 548 138 28 kapitalisera
686 548 51 27 den,
754 549 18 19 d.
790 555 18 14 v.
825 556 16 12 s.
859 548 51 21 hvar
926 549 38 20 och
981 555 26 14 en

189 578 68 20 skulle
279 578 21 20 få
318 577 84 27 friköpa
418 577 31 27 sig
464 577 46 20 från
527 577 155 27 grundskatten
698 583 77 21 genom
792 578 31 19 att
837 577 71 20 betala
924 579 31 18 ett
970 577 37 21 ka-

189 606 61 27 pital,
275 606 27 26 på
320 606 81 20 hvilket
420 605 154 27 grundskatten
595 605 100 27 utgjorde
708 606 78 25 ränta,
801 605 32 20 till
848 606 88 20 kronan.
966 605 41 21 Om

189 634 35 21 det
247 641 38 14 ens
308 641 50 13 vore
382 634 82 26 möjligt
483 635 31 19 att
533 634 115 20 verkställa
664 633 76 21 sådant
756 634 38 20 här
808 634 7 20 i
831 634 81 26 landet,
928 634 26 20 då
969 633 39 21 här

189 663 46 21 icke
259 663 67 20 finnes
349 662 66 28 några
438 662 111 27 kapitaler,
569 662 24 20 så
611 662 68 20 skulle
698 662 36 20 det
750 662 48 20 icke
813 668 52 14 vara
880 662 60 20 klokt
957 662 51 20 eller

189 698 37 14 ens
243 691 63 21 hafva
322 691 69 27 någon
407 692 61 25 nytta
483 690 49 20 med
547 690 38 27 sig.
611 690 39 21 Ett
665 690 146 28 ouppsägbart
827 690 89 27 kapital,
929 690 79 28 hvarpå

189 720 82 20 betalas
294 720 70 20 såsom
385 720 60 19 ränta
463 718 138 27 grundskatt,
621 720 23 19 är
659 719 87 27 mycket
762 719 69 20 bättre
847 720 25 19 än
890 721 31 18 att
936 718 72 21 betala

189 748 110 27 kapitalet.
323 747 60 20 Hvar
399 746 67 21 skulle
483 754 24 13 en
521 746 152 28 jordbrukare,
690 747 108 20 skuldsatt
808 746 65 21 redan
885 746 45 21 ofta
940 747 68 26 förut,

188 776 21 20 få
228 776 118 27 penningar
364 775 52 21 eller
432 782 38 14 ens
490 775 70 20 kredit
575 775 39 21 och
631 775 111 27 möjlighet
758 777 31 18 att
804 775 92 27 upplåna
912 776 23 20 så
948 777 59 19 stora

189 811 94 14 summor
304 804 39 20 och
363 803 55 21 ändå
433 804 24 19 är
473 804 35 20 det
524 803 35 21 det
575 803 55 21 enda
646 804 89 20 rättvisa
751 805 66 19 sättet
832 804 32 20 för
879 803 128 27 grundskat-

188 835 47 18 tens
260 832 126 27 aflyftande,
410 832 104 27 nemligen
539 834 30 17 att
592 832 139 26 kapitalisera
755 832 46 19 den.
832 832 11 21 1
859 832 89 27 Sverige
968 832 39 20 har

188 861 70 20 denna
274 861 60 26 fråga
350 860 64 20 redan
431 859 84 21 erhållit
531 860 31 19 sin
573 860 85 27 slutliga
669 860 91 27 lösning.
784 860 97 20 Svenska
892 860 114 27 riksdagen

188 889 89 20 tillsatte
301 890 31 19 ett
348 888 99 20 särskildt
464 888 83 20 utskott
562 888 33 20 för
610 890 31 19 att
656 888 108 20 behandla
779 887 82 28 frågan.
892 888 114 21 Utskottet

188 917 116 27 tillstyrkte
320 916 167 28 grundskattens
503 916 113 27 aflyftning
631 918 44 19 mot
690 916 163 28 kapitalisering
867 917 38 20 och
922 917 84 27 yttrade

189 945 67 21 tillika
280 945 54 20 huru
357 945 25 20 de
402 947 57 18 stora
478 944 224 27 kapitaltillgångarne
718 945 69 20 skulle
803 944 108 21 förvaltas.
942 945 64 20 Hvad

189 973 43 21 blef
246 973 79 27 följden
342 973 22 20 af
379 973 37 20 allt
431 972 72 21 detta?
529 973 36 20 Jo!
582 973 40 20 den
639 972 65 21 andra
721 973 133 26 kammaren,
870 973 38 20 der
924 973 35 20 det
970 973 35 20 sit-

188 1004 33 18 ter
236 1003 78 26 många
329 1008 56 21 unga
401 1008 102 20 personer
518 1001 49 20 med
583 1001 124 20 svindlande
723 1001 66 27 idéer,
805 1001 55 20 fäste
876 1001 32 28 sig
924 1001 34 21 vid
974 1003 32 19 ut-

188 1030 92 20 skottets
297 1029 129 21 fantastiska
440 1029 67 27 idéer;
529 1029 26 20 de
571 1031 79 26 antogo
670 1029 104 28 förslaget
792 1030 145 27 naturligtvis,
958 1037 47 13 men

187 1058 74 28 frågan
287 1058 142 20 behandlades
452 1057 66 22 sedan
533 1058 5 20 i
555 1058 67 20 första
642 1058 134 26 kammaren;
796 1057 37 21 der
851 1058 68 21 finnas
936 1058 70 27 gamla

187 1086 105 27 mognade
308 1087 48 20 män
373 1086 39 21 och
424 1086 25 21 de
460 1086 81 27 afslogo
552 1086 117 21 utskottets
682 1086 142 21 betänkande.
848 1086 79 21 Likaså
937 1086 69 21 skulle

185 1115 37 27 jag
238 1121 28 14 nu
282 1115 68 20 önska
366 1117 32 18 att
412 1115 74 26 frågan
504 1115 37 20 här
557 1115 68 20 skulle
641 1114 55 21 falla.

256 1143 57 20 Herr
335 1143 138 20 Snellman:
493 1142 42 27 Jag
554 1145 61 25 tager
633 1143 43 27 mig
696 1143 93 20 friheten
808 1143 114 28 uppträda,
939 1143 67 21 ehuru

184 1172 38 26 jag
237 1171 47 20 icke
300 1173 82 19 ansetts
398 1178 51 13 vara
465 1171 141 26 närvarande;
623 1171 35 20 det
674 1171 76 27 fägnar
764 1171 43 28 mig
817 1173 32 18 att
860 1172 23 20 så
894 1171 111 21 obemärkt

183 1200 39 26 jag
236 1200 57 20 varit
308 1200 20 20 få
344 1199 53 20 höra
413 1199 35 20 det
465 1199 72 27 påstås
553 1199 39 20 och
609 1199 71 21 kunna
696 1206 62 14 svara
769 1199 66 27 derpå
847 1207 76 20 genom
935 1202 32 18 att
977 1207 29 13 nu

186 1228 113 27 uppträda.
330 1227 42 28 Jag
390 1227 110 21 bekänner
516 1227 35 21 det
568 1229 31 19 att
615 1228 65 20 också
693 1228 39 27 jag
746 1228 48 20 icke
811 1228 41 20 kan
868 1235 50 14 vara
934 1229 24 20 så
974 1235 32 14 ar-

185 1256 30 27 tig
231 1259 45 18 mot
292 1255 96 22 ståndets
404 1255 97 21 enskilda
517 1256 183 27 besvärsutskott,
716 1263 46 14 som
775 1256 38 27 jag
824 1263 65 20 gerna
900 1257 105 26 önskade;

182 1285 38 26 jag
238 1285 54 20 skall
311 1284 64 21 likväl
395 1283 64 28 bjuda
478 1284 31 20 till
528 1286 31 19 att
579 1284 93 21 undvika
688 1284 27 21 all
731 1285 78 26 positiv
825 1285 116 27 oartighet,
957 1291 48 14 men

184 1313 70 26 undgå
274 1315 32 18 att
325 1313 90 20 klandra
431 1313 42 19 kan
486 1313 39 26 jag
540 1312 55 21 icke.
625 1312 42 28 Jag
682 1313 69 20 måste
768 1314 51 25 säga
835 1315 31 18 att
879 1314 38 27 jag
932 1314 74 20 väntat

183 1341 43 26 mig
240 1347 70 20 mera;
326 1341 36 20 det
378 1347 37 14 var
431 1341 34 20 väl
480 1341 130 27 förklarligt,
626 1343 31 18 att
672 1341 41 20 den
729 1341 65 20 ärade
810 1341 132 21 motionären
958 1341 48 21 icke

182 1368 33 21 för
231 1369 138 26 ögonblicket
385 1369 38 20 här
439 1369 68 20 skulle
523 1369 72 20 kunna
610 1369 103 27 uppgifva
729 1369 66 28 något
806 1369 162 28 fullständigare
980 1369 26 21 de

181 1397 100 26 grunder,
297 1397 82 28 hvarpå
396 1397 40 20 han
453 1397 58 20 stödt
527 1397 120 26 motionen,
663 1404 49 14 men
725 1397 39 28 jag
779 1397 123 21 förmodade
918 1400 31 19 att
964 1398 41 21 han

180 1425 78 20 lättare
278 1425 68 21 skulle
366 1425 45 21 haft
432 1425 82 21 tillfälle
530 1427 31 19 att
577 1425 34 20 för
626 1425 108 21 utskottet
750 1427 52 26 göra
817 1426 48 21 dem
881 1426 69 21 kända
966 1426 39 21 och

180 1453 89 21 sålunda
288 1453 92 28 bidragit
399 1454 31 20 till
451 1455 31 18 ett
501 1460 60 14 mera
576 1453 143 27 välgrundadt
735 1454 111 21 utlåtande
860 1454 46 21 från
922 1455 83 20 utskot-

177 1484 44 19 tets
241 1482 46 20 sida
304 1482 39 21 och
366 1483 76 26 också,
463 1482 26 21 då
505 1489 26 13 en
548 1482 66 21 sådan
629 1482 61 27 fråga
705 1482 50 21 kom
772 1483 30 20 till
819 1483 115 27 utskottet,
951 1483 54 21 hade
