1078 1692
845 75 39 21 185

91 133 159 27 gångstaxorna
273 132 46 20 icke
343 132 59 28 stigit
417 132 7 20 i
440 139 80 14 samma
543 132 131 21 förhållande
696 139 45 13 som
761 132 35 20 det
817 132 95 28 verkliga

92 160 128 28 varupriset,
237 160 37 21 har
290 162 58 19 utom
361 161 41 20 den
418 160 106 22 allmänna
539 160 106 28 grunden,
662 162 31 19 att
704 167 48 14 man
766 160 96 28 vanligen
872 160 39 21 vid

92 189 264 27 markegångssättningen
373 189 6 21 i
396 189 61 21 länen
479 189 48 21 icke
551 189 53 27 tagit
623 189 37 20 det
676 189 76 27 högsta
768 189 76 27 priset,
860 191 51 19 utan

93 217 23 20 så
131 217 85 27 mycket
232 224 44 14 som
293 217 83 27 möjligt
392 217 49 21 sökt
456 217 112 21 moderera
584 217 46 26 det,
646 217 119 26 dessutom,
778 217 87 21 hvarom
875 218 37 27 jag

93 246 40 20 kan
151 246 50 20 bära
216 246 64 25 vitne,
298 246 83 20 härrört
397 246 23 20 af
433 246 35 20 det
485 246 55 26 skäl,
557 247 30 19 att
603 246 6 20 i
626 245 115 27 kejserliga
760 248 99 24 senaten,
875 246 38 20 der

93 274 234 27 markegångstaxorna
343 274 99 27 slutligen
458 274 139 24 bestämmas,
614 274 60 20 alltid
689 274 80 20 funnits
780 280 26 14 en
818 274 94 21 sträfvan

93 304 32 18 att
148 303 24 19 så
194 302 84 27 mycket
299 309 45 13 som
364 302 82 28 möjligt
463 302 98 22 nedsätta
577 303 56 20 årets
650 302 136 28 markegång.
817 302 42 28 Jag
875 303 37 21 har

93 330 46 21 haft
161 332 50 20 äran
235 338 50 13 vara
308 331 58 20 vitne
386 331 69 20 dertill
474 332 66 26 några
559 332 28 23 år,
609 331 39 21 och
670 331 38 27 jag
723 331 67 20 skulle
810 338 51 14 anse
876 331 37 21 det

93 366 51 13 vara
159 361 57 19 emot
232 360 42 20 min
290 359 131 27 skyldighet,
438 366 33 14 om
481 360 38 27 jag
534 360 48 20 icke
598 359 68 21 skulle
683 360 112 20 omnämna
810 360 47 25 det,
872 359 40 21 och

93 387 52 21 hvar
161 388 40 20 och
216 394 25 14 en
258 394 44 14 som
322 389 38 25 gör
379 388 33 27 sig
430 388 77 21 mödan
523 390 32 18 att
572 388 135 27 personligen
721 387 92 28 jemföra
828 387 84 21 marke-

93 416 190 28 gångssättningen
300 416 5 20 i
318 416 62 20 länen
392 416 48 21 med
451 416 235 28 markegångstaxorna
697 416 79 21 sådana
787 416 26 20 de
824 416 89 21 kommit

93 444 47 21 från
162 444 114 28 kejserliga
294 446 99 25 senaten,
412 444 52 21 skall
484 444 57 22 finna
559 447 32 19 att
609 445 59 20 alltid
684 444 74 21 värdet
774 444 33 21 för
823 451 89 14 varorna

93 472 69 21 blifvit
181 472 91 22 nedsatt.
302 473 68 21 Detta
388 473 89 21 oaktadt
496 473 37 21 har
552 473 229 27 medelmarkegången
797 473 47 21 icke
860 473 53 21 fallit

92 501 7 20 i
115 508 80 14 samma
213 501 132 21 förhållande
364 508 46 14 som
429 502 147 20 rubelskatten
597 502 23 20 af
637 502 36 20 det
693 502 55 26 skäl,
772 504 31 18 att
819 508 26 14 en
860 501 52 27 följd

93 529 23 21 af
132 530 127 20 missväxter
275 530 68 20 under
361 530 26 20 de
405 531 25 20 10
446 530 29 26 &r,
492 537 45 13 som
557 530 125 27 beräknats,
702 530 38 20 har
756 530 57 28 gjort
828 532 32 19 ett
875 530 37 20 fal-

94 558 61 20 lande
171 558 102 28 omöjligt.
304 558 67 21 Detta
387 558 38 20 har
440 558 125 28 isynnerhet
580 559 85 21 erfarits
682 558 67 21 under
761 559 26 20 de
798 559 53 20 sista
861 559 51 21 ären

94 586 34 20 vid
144 586 265 29 markegängssättningen
427 588 53 20 1865
496 587 39 21 och
553 588 60 24 1866,
633 587 27 21 dä
676 589 90 19 taxorna
781 587 32 21 för
829 587 26 21 de
870 587 42 21 för-

93 615 67 20 flutna
175 615 54 27 goda
245 616 49 20 åren
313 616 53 20 1854
382 616 39 20 och
437 616 55 21 1855
508 616 34 20 vid
559 616 146 27 beräkningen
724 616 23 20 af
760 615 152 21 medelmarke-

93 644 83 27 gången
193 643 110 27 bortfallit,
320 644 39 21 och
375 644 37 26 då,
424 644 88 21 oaktadt
528 644 41 21 alla
580 644 168 27 nedsättningar,
760 643 153 21 medelmarke-

93 672 164 27 gängspriserna
272 672 66 27 stigit.
362 672 138 28 Fullkomligt
517 672 58 21 delar
589 674 38 26 jag
642 673 33 20 för
692 673 41 20 min
750 672 33 21 del
799 672 40 21 den
851 672 61 28 äsigt,

94 702 41 24 att,
158 700 86 21 emedan
264 701 23 20 sä
306 700 100 21 förhäller
425 701 38 28 sig,
480 701 230 27 medelmarkegängen
728 701 55 21 hade
798 701 49 20 bort
862 700 51 22 ned-

94 730 75 23 sättas,
186 729 23 20 sä
224 731 59 18 snart
299 729 167 27 myntreformen
484 730 89 24 skedde,
586 730 6 20 i
603 729 102 21 afseende
716 730 12 20 å
739 730 35 20 det
785 729 128 21 förändrade

94 757 145 27 myntvärdet,
255 757 55 21 dock
325 758 48 21 icke
390 758 5 20 i
412 765 81 14 samma
509 758 123 27 proportion
648 765 47 13 som
711 758 136 27 myntvärdet
858 758 54 20 deri-

93 792 77 20 genom
187 786 82 27 höjdes,
286 788 51 18 utan
353 786 31 20 till
400 787 65 27 nägot
480 786 82 21 mindre
579 786 128 28 procenttal,
727 786 99 27 emedan,
843 786 69 20 säsom

91 814 38 27 jag
145 814 64 20 redan
225 814 45 21 haft
286 816 49 19 äran
352 816 86 25 nämna,
454 815 151 26 varupriserna
620 815 57 21 inom
694 814 72 22 landet
776 815 47 20 icke
834 814 78 27 nägon-

94 842 31 20 sin
142 842 23 20 sä
181 844 81 25 strängt
278 843 50 27 följa
345 843 79 20 kursen
440 843 31 25 ät,
488 845 31 18 att
535 850 48 13 man
595 843 70 20 kunde
677 843 62 28 lägga
750 842 162 21 kursskilnaden

94 870 51 21 eller
168 870 40 21 den
230 871 95 27 verkliga
344 871 111 21 skilnaden
471 871 6 20 i
494 871 135 28 myntvärdet
649 871 30 21 till
699 871 78 27 grund,
794 871 38 21 och
849 871 64 21 ocksä

93 899 49 20 med
157 898 100 22 afseende
274 899 75 28 derpä,
366 902 31 18 att
413 900 6 20 i
435 900 75 27 sjelfva
528 900 76 21 verket
619 900 127 27 inflytandet
762 900 22 20 af
802 899 25 21 de
843 899 70 28 dåliga

93 929 51 19 ären
164 927 66 21 mäste
254 928 79 21 lemnas
353 929 48 20 dess
418 935 55 19 rum,
489 928 67 21 ehuru
572 929 24 20 sä
611 928 61 27 ringa
687 935 45 13 som
749 928 92 27 möjligt,
857 935 55 14 eme-

94 956 41 20 dan
151 955 62 27 eljest
228 956 81 21 kronan
326 957 27 27 pä
368 964 26 13 en
411 957 64 20 sädan
492 957 138 27 nedsättning
646 957 68 20 skulle
730 957 83 20 komma
829 958 32 19 att
872 956 41 21 för-

94 984 45 21 lora
161 984 33 20 för
216 985 95 27 mycket,
335 985 40 21 och
398 985 161 28 svärigheterna
578 987 32 18 att
629 985 95 20 bestrida
742 985 172 28 statsutgifterna

95 1013 67 20 skulle
179 1012 65 21 blifva
258 1013 33 20 för
307 1016 64 18 stora.

163 1041 62 20 Hvad
242 1041 45 21 äter
303 1042 154 27 hufvudfrägan
473 1044 67 25 angär
556 1049 33 14 om
606 1042 209 27 räntepersedlarnes
826 1043 87 19 omsätt-

95 1069 50 27 ning
161 1069 38 21 och
216 1071 65 20 sättet
296 1070 33 21 för
341 1070 146 21 beräknandet
499 1071 22 20 af
532 1071 156 27 grundräntan,
701 1071 23 20 sä
735 1070 66 21 skulle
810 1070 38 27 jag
859 1070 55 21 hälla

94 1097 46 21 före
155 1100 31 18 att
202 1099 154 26 grundskatten
373 1101 24 18 är
412 1099 23 20 af
448 1106 81 13 samma
544 1101 63 19 natur
623 1105 44 14 som
681 1099 27 20 all
720 1098 141 28 grundränta;
872 1098 42 21 den

95 1127 33 20 mä
151 1126 62 21 hafva
236 1127 122 20 tillkommit
381 1128 53 20 huru
454 1134 44 13 som
519 1127 65 27 helst,
603 1128 24 20 sä
645 1129 63 26 utgör
723 1127 40 20 den
779 1134 87 13 numera
882 1129 32 18 ett

95 1155 88 20 arrende
200 1155 26 27 pä
239 1155 83 27 jorden.
354 1156 48 20 Den
419 1156 96 20 enskilde
529 1156 129 27 jordegaren
676 1157 37 19 har
729 1155 81 21 tillfälle
821 1157 33 19 att
865 1155 49 27 höja

94 1183 31 20 sin
147 1183 131 27 grundränta
302 1184 54 21 efter
379 1185 56 20 vissa
459 1185 103 26 perioder,
586 1186 38 19 när
645 1184 214 21 arrendekontraktet
879 1191 34 14 om

95 1211 131 28 egendomen
250 1213 82 27 upphör
354 1213 39 20 och
418 1215 47 24 nytt
483 1213 102 20 kontrakt
605 1214 114 26 uppgöres.
750 1211 88 22 Kronan
854 1212 60 21 har
898 1207 20 38 i

93 1239 60 27 fräga
169 1247 33 13 om
218 1241 157 26 grundskatten
391 1241 46 20 icke
455 1248 80 14 samma
550 1241 113 28 rättighet;
679 1241 156 27 grundskatten
852 1242 62 25 säger

94 1275 47 14 man
164 1268 74 21 förblir
260 1269 58 20 alltid
342 1269 132 26 densamma,
495 1277 47 13 men
563 1271 35 19 det
619 1271 24 19 är
659 1269 89 21 rättvisa
764 1269 38 20 och
819 1269 95 27 billighet

94 1297 30 20 uti
141 1298 42 25 att,
199 1304 32 13 om
247 1297 139 28 jordbrukets
402 1298 117 27 produkter
535 1298 72 27 stiga
598 1293 13 37 i
620 1298 51 27 pris,
684 1298 64 21 också
758 1297 156 28 grundskatten

95 1326 37 20 bör
151 1326 60 27 stiga.
243 1326 39 20 Att
302 1327 45 20 åter
363 1326 140 28 jordbrukets
523 1327 118 26 produkter
659 1326 61 21 äfven
740 1327 105 26 framgent
860 1326 54 21 små-

94 1355 85 25 ningom
199 1355 55 27 stiga
270 1355 5 20 i
292 1355 42 26 pris
354 1357 62 25 säger
436 1355 39 21 den
495 1355 107 21 allmänna
617 1355 159 26 erfarenheten,
793 1354 39 21 och
848 1355 66 27 derpå

93 1382 62 21 torde
170 1383 63 27 ingen
249 1383 68 26 tvifla,
334 1383 67 20 ehuru
418 1383 107 28 stigandet
541 1384 38 27 går
591 1384 112 26 långsamt.
728 1383 47 20 Den
788 1383 124 27 beräkning,

93 1417 45 14 som
151 1411 5 20 i
167 1411 222 28 finansexpeditionen
406 1411 68 21 blifvit
487 1412 84 21 anstäld
583 1412 90 21 rörande
685 1411 141 21 förhållandet
836 1411 6 20 i
854 1411 59 21 detta

93 1439 101 21 afseende
209 1440 6 20 i
231 1440 47 20 vårt
297 1440 57 27 land,
374 1447 46 14 som
439 1440 82 21 utvisar
539 1443 31 18 att
587 1441 85 20 skatten
688 1440 68 20 skulle
773 1439 62 21 hafva
851 1439 62 21 ökats

93 1468 48 20 med
159 1469 7 19 1
185 1469 28 26 %
228 1475 34 14 om
278 1468 54 27 året,
356 1469 39 20 och
420 1471 30 18 att
473 1468 40 21 den
537 1469 88 20 sålunda
646 1469 55 20 efter
719 1471 31 18 ett
768 1468 59 21 sekel
846 1467 67 21 skulle
