1078 1692
852 91 38 21 201

100 148 64 21 blifva
187 148 93 20 föremål.
319 148 47 20 Den
386 148 55 20 enda
457 148 92 27 motvigt
565 148 40 20 han
621 147 68 21 under
705 149 123 21 nuvarande
844 149 77 21 förhål-

99 177 76 21 landen
192 177 95 20 häremot
303 176 38 21 har
356 178 32 19 att
403 176 108 28 uppställa
525 178 24 18 är
565 176 181 28 domarekorpens
755 184 76 20 genom
841 178 79 21 erkänd

99 206 126 26 omutlighet
246 205 134 21 förvärfvade
404 204 109 22 anseende
537 206 56 19 samt
617 212 80 14 vanans
713 206 59 20 makt
788 206 39 21 och
839 206 81 21 förkär-

100 234 62 20 leken
184 234 32 20 för
239 234 35 20 det
290 234 136 20 traditionela
441 234 6 20 i
463 233 127 27 allmänhet;
607 240 47 14 men
670 235 32 19 att
718 235 77 27 trygga
811 235 32 27 sig
867 235 54 21 blott

99 263 66 26 härpå
188 262 39 21 blir
243 262 6 20 i
264 263 91 27 längden
378 262 76 26 odiöst,
479 262 39 20 och
534 262 26 20 då
576 264 100 19 ansvaret
692 263 32 19 för
740 264 130 26 protokollet
885 270 35 14 en-

99 293 54 19 samt
169 291 67 21 hvilar
252 292 11 20 å
278 291 88 26 honom,
382 298 63 13 oroas
461 290 41 21 han
520 290 33 21 vid
570 290 49 21 dess
634 291 144 27 uppsättande
793 292 60 21 desto
863 299 58 15 mera

99 320 23 20 af
145 320 87 20 fruktan
255 321 31 19 att
309 320 47 20 icke
384 319 48 21 med
452 319 102 27 tillbörlig
569 319 150 27 noggrannhet
734 320 62 21 hafva
812 321 109 27 uppfattat

99 348 50 21 eller
172 348 72 20 kunna
266 348 104 27 återgifva
386 348 163 27 förhandlingen
566 348 51 20 eller
633 348 69 28 någon
719 348 33 21 del
768 348 62 22 deraf
843 350 29 26 så,
889 352 31 18 att

99 377 46 21 icke
166 377 129 27 protokollet
311 376 122 21 omedvetet
449 376 92 21 erhåller
557 376 40 21 den
613 376 53 28 färg,
682 384 46 13 som
744 378 95 20 närmast
855 378 65 21 sluter

99 406 31 28 sig
147 405 30 21 till
193 405 35 21 det
244 405 108 21 utlåtande
365 405 6 20 i
387 405 66 21 saken
471 405 124 21 meddelats.

167 434 77 20 Denna
260 434 111 20 domarens
388 434 74 20 skefva
478 434 101 27 ställning
593 434 109 20 försvåras
718 436 117 26 yttermera
849 436 22 20 af
884 436 36 20 det

99 462 82 28 vidriga
204 462 138 26 förhållande,
363 464 31 19 att
410 469 25 14 en
453 462 34 21 del
503 462 22 20 af
539 462 54 20 hans
608 462 118 21 inkomster
742 462 62 22 beror
819 464 24 20 af
855 471 65 20 expe-

98 491 151 25 ditionssättet,
265 492 51 20 enär
332 491 59 20 lösen
407 491 32 20 för
454 491 136 27 protokollen
606 490 94 21 tillfaller
708 491 78 21 honom
797 492 38 20 och
845 492 75 22 beräk-

98 527 38 13 nas
159 520 54 20 efter
229 520 98 20 arktalet.
359 519 47 21 Den
422 521 39 26 gör
480 520 77 20 honom
573 520 57 20 inom
646 520 49 20 kort
710 526 46 14 mer
772 520 51 21 eller
839 521 80 21 mindre

97 548 92 28 likgiltig
204 548 32 20 för
252 548 37 20 sitt
305 548 81 28 vigtiga
403 548 47 21 kall.

166 577 43 20 För
223 577 93 21 botande
332 576 22 21 af
368 576 63 21 dessa
447 576 78 21 brister
537 576 6 20 i
554 576 77 28 sjelfva
645 576 149 22 institutionen
803 578 116 28 erfordras,

98 605 66 27 enligt
188 605 42 21 min
254 606 74 24 tanke,
353 607 31 19 att
408 606 35 21 vid
459 606 74 26 hvarje
549 605 133 27 häradsrätt,
698 605 34 21 för
748 606 63 28 öfrigt
827 607 23 20 så
865 614 55 14 sam-

97 636 93 19 mansatt
206 641 45 13 som
266 634 81 26 hittills,
363 634 100 20 anställes
480 641 26 13 en
522 634 100 27 ansvarig
630 634 193 28 domstolsnotarie,
834 635 85 22 hvilken

98 663 67 21 under
181 662 155 21 ordförandens
352 662 101 21 inseende
469 662 56 21 hade
541 664 32 18 att
589 669 91 14 ansvara
690 663 19 27 ej
726 663 89 21 allenast
830 664 32 20 för
870 672 48 20 pro-

98 692 97 26 tokollet,
213 693 50 19 utan
280 691 39 21 ock
336 691 104 28 derjemte
456 692 34 20 för
506 691 132 27 diariiföring
654 691 39 21 och
710 692 69 27 någon
789 692 34 20 del
832 687 18 36 af
845 693 73 21 före-

97 720 92 21 nämnda
211 720 227 27 förteckningsarbete.
470 720 239 28 Notariebefattningen
735 720 70 21 blefve
825 722 40 20 ock
888 724 31 18 ett

99 748 96 28 lämpligt
203 748 39 21 fält
253 749 31 20 för
292 756 55 20 unge
354 749 101 27 juristers
465 748 111 28 praktiska
586 748 121 28 utbildning
716 749 30 20 till
758 749 160 23 domarekallet.

166 778 82 20 Genom
274 778 36 20 det
326 777 111 21 ofvanförc
454 777 89 21 anförda
559 777 62 21 torde
637 777 101 21 behofvet
754 778 23 20 af
790 785 26 13 en
832 785 86 21 reorga-

97 806 92 20 nisation
209 805 22 21 af
245 806 83 20 landets
345 806 149 21 häradsrätter
518 813 51 13 vara
585 806 105 27 tillfyllest
706 806 135 28 ädagalagdt.
872 807 45 21 Och

96 834 128 21 framställer
234 834 32 27 sig
282 834 59 21 detta
356 834 66 21 behof
436 841 28 14 nu
480 835 24 20 sä
520 834 86 28 mycket
621 841 59 14 mera
696 835 127 27 trängande,
839 843 56 19 som,
912 837 5 20 i

96 863 101 20 händelse
214 863 191 26 lagmansrätterna
426 863 111 27 indragas,
557 862 149 28 fordringarne
722 864 28 26 pä
768 863 149 22 häradsrätten

96 891 101 28 billigtvis
224 892 67 20 måste
311 892 85 20 komma
419 894 32 18 att
474 893 90 26 stegras.
595 891 11 20 I
629 891 288 29 lagmanstingsgästningen

96 920 100 27 erbjuder
219 919 32 28 sig
274 920 62 21 äfven
352 922 32 19 ett
401 920 106 27 betydligt
522 919 76 28 bidrag
615 920 31 20 till
662 920 176 28 undanrödjande
855 921 23 21 af
892 922 25 21 de

95 948 140 21 ekonomiska
260 949 81 26 hinder,
363 955 45 14 som
431 951 58 18 emot
505 955 25 14 en
547 949 168 27 omgestaltning
730 949 23 20 af
767 949 148 22 häradsrätten

95 977 62 28 eljest
174 977 70 20 kunde
261 977 120 21 förefinnas.
398 977 45 21 Och
460 977 61 21 torde
530 983 77 22 genom
617 978 70 27 nägon
696 977 87 28 lämplig
794 978 122 29 förhöjning

95 1007 23 19 af
129 1005 204 28 oxpeditionslösen,
350 1013 44 14 som
413 1005 65 22 borde
495 1005 83 21 tillfalla
593 1007 79 23 staten,
690 1006 71 21 vidare
778 1006 70 21 medel
870 1007 46 21 här-

95 1035 31 20 till
143 1034 72 21 kunna
230 1035 114 20 anskaffas.

163 1063 10 20 I
195 1063 52 27 följd
269 1063 23 20 af
314 1063 55 20 hvad
390 1063 38 27 jag
453 1062 89 21 sälunda
564 1062 84 21 försökt
671 1063 111 21 framhälla
798 1064 68 27 vägar
878 1065 39 28 jag

94 1091 84 21 derföre
203 1091 155 21 vördnadsfullt
379 1091 88 28 inbjuda
494 1091 115 28 höglofliga
632 1091 150 28 ridderskapet
798 1092 38 21 och
854 1093 61 21 adeln

93 1121 32 19 att
148 1120 73 20 förena
247 1120 31 27 sig
301 1127 34 14 om
358 1127 26 14 en
408 1119 135 28 underdänig
565 1120 97 27 petition,
687 1122 31 19 att
741 1121 29 20 H.
794 1121 26 20 K.
838 1121 27 20 M.
882 1122 34 21 vid

94 1148 177 21 nästkommande
297 1149 101 27 landtdag
425 1148 48 21 ville
496 1148 112 27 förelägga
635 1148 84 21 landets
743 1149 87 21 ständer
852 1150 64 28 nådig

93 1177 133 27 proposition
243 1184 32 13 om
293 1177 184 20 häradsrätternas
495 1177 170 27 reorganisation
682 1177 6 21 i
704 1177 37 21 det
757 1178 66 27 syfte:

164 1206 22 25 1)
211 1207 32 19 att
265 1206 73 27 hvarje
362 1206 103 27 domsaga
480 1206 6 20 i
503 1205 26 21 de
555 1207 70 19 tätare
649 1206 112 21 befolkade
787 1207 86 20 delarne
896 1207 22 21 af

92 1233 73 21 landet
179 1234 113 21 framdeles
309 1235 84 20 komme
410 1237 31 18 att
457 1235 78 26 utgöra
557 1236 30 19 eti
608 1234 54 21 enda
671 1235 101 28 tingslag,
784 1235 37 20 der
831 1235 85 21 härads-

93 1263 71 19 rätten
185 1263 27 26 på
227 1263 43 20 viss
286 1263 94 27 tingstad
396 1263 56 20 inom
470 1263 127 27 domsagan,
613 1263 68 20 under
696 1263 113 21 bestämda
825 1264 55 21 tider
896 1265 22 20 af

92 1291 54 26 året,
163 1291 60 27 ålåge
240 1293 138 25 permanenta
395 1291 184 26 sammanträden;

161 1319 24 26 2)
205 1321 30 19 att
259 1320 34 21 vid
317 1320 73 27 hvarjo
414 1320 122 21 häradsrätt
560 1319 70 22 blefve
657 1320 84 21 anstäld
766 1327 26 14 en
809 1320 105 22 edsvuren

91 1348 188 21 domstolsnotarie
296 1349 48 20 med
360 1349 129 27 skyldighet,
505 1348 64 21 bland
586 1351 71 24 annat,
674 1351 31 18 att
722 1349 66 21 under
802 1349 113 22 domarens

91 1377 87 26 uppsigt
193 1377 46 20 föra
255 1377 39 20 och
310 1384 92 14 ansvara
417 1378 33 20 för
466 1377 140 28 protokollet;

160 1405 21 27 3)
199 1407 30 18 att
246 1405 195 28 expeditionslösen
458 1406 127 21 hädanefter
602 1406 84 20 komme
702 1408 32 19 att
752 1406 81 21 tillfalla
843 1408 71 19 staten

91 1435 58 18 emot
175 1434 87 27 lämplig
280 1434 138 28 godtgörelse
434 1435 30 20 till
481 1434 101 21 domaren
599 1434 32 21 för
646 1434 42 21 den
705 1435 81 27 sportel
802 1435 41 20 han
859 1435 55 20 häri-

90 1468 78 20 genom
183 1462 95 21 förlorar.

701 1493 27 19 A.
749 1491 96 22 Wrede."
