1078 1692
840 76 37 19 113

87 131 39 21 den
150 130 130 28 försumlige.
312 130 40 21 Om
376 131 40 20 han
436 137 28 14 nu
483 130 66 28 enligt
571 131 60 21 detta
654 131 118 27 stadgande
795 132 62 20 bötar
878 133 28 20 30

86 160 67 26 mark,
169 160 24 20 är
206 160 24 26 ju
246 159 111 27 ingenting
372 159 88 21 dermed
477 161 86 25 vunnet,
578 159 76 21 hästen
671 160 23 20 är
709 160 6 20 i
731 159 41 21 alla
787 160 36 20 fall
837 160 67 21 borta.

86 188 41 27 Jag
143 194 63 14 anser
221 190 32 18 att
269 188 36 20 det
321 188 38 20 bör
375 187 98 21 förblifva
490 188 33 20 vid
541 188 35 20 det
592 188 78 27 gamla.

155 216 57 20 Herr
231 216 27 20 af
274 216 137 24 Forselles,
437 216 34 20 L.:
498 216 63 20 Hvad
586 216 49 20 herr
658 223 40 14 von
722 216 125 22 Bonsdorffs
869 224 35 14 an-

87 244 112 28 märkning
222 251 34 15 om
281 244 233 28 väntningspenningar
530 244 110 27 beträffar,
662 245 24 20 så
708 244 67 21 finnes
788 246 25 27 ju
829 246 5 20 i
851 246 11 27 &
878 246 26 20 32

87 273 107 21 bestämdt
210 275 32 19 att
258 273 41 21 den
316 272 99 27 resande,
435 280 44 14 som
499 273 126 28 uppehåller
641 273 39 21 den
698 273 133 28 skjutsande,
852 274 54 21 skall

87 301 70 21 betala
173 308 26 14 en
216 301 60 21 mark
290 301 33 21 för
338 301 74 28 hvarje
434 302 79 20 timme.
545 302 103 20 Deremot
669 302 125 20 instämmer
806 303 38 27 jag
859 302 46 22 full-

87 330 89 28 komligt
191 330 6 20 i
214 330 48 21 herr
282 336 40 14 von
346 330 125 21 Bonsdorffs
494 330 141 28 anmärkning
653 337 34 14 om
703 330 26 21 de
745 330 55 28 höga
817 331 88 21 böterna

87 358 39 21 och
146 366 62 14 anser
228 358 36 21 det
282 366 52 13 vara
349 358 132 28 tillräckligt,
497 366 34 13 om
547 358 36 21 det
599 359 58 27 leges
673 359 27 27 på
715 359 40 21 den
771 359 133 28 försumliges

87 386 125 28 bekostnad,
228 389 51 19 utan
295 389 32 19 att
343 388 65 26 några
424 387 61 21 böter
500 386 92 22 behöfva
608 387 85 21 komma
708 388 6 20 i
728 387 67 28 fråga.

155 416 101 20 Friherre
277 415 29 21 de
325 416 23 20 la
368 416 131 27 Chapelle:
526 415 42 28 Jag
583 415 39 21 har
638 415 75 28 begärt
729 416 61 21 ordet
805 416 48 22 med
869 424 35 14 an-

86 444 86 28 ledning
188 444 23 21 af
224 444 49 21 herr
297 444 146 28 Gripenbergs
458 444 87 28 förslag,
562 446 31 19 att
608 444 27 28 på
650 444 26 21 de
689 444 155 28 gästgifverier,
867 445 38 21 der

86 472 168 28 entreprenader
270 472 100 27 inrättas,
386 472 105 22 särskilda
505 473 76 20 kärror
596 472 66 21 borde
678 472 68 22 finnas
761 472 33 22 för
809 476 95 25 postver-

87 502 46 20 kets
156 501 96 28 räkning.
284 501 56 21 Före
357 502 54 20 1845
434 501 133 21 verkstäldes
591 501 147 28 postföringen
763 502 22 20 af
798 502 106 27 posthem-

87 536 57 18 man,
163 537 49 13 men
232 536 76 21 genom
328 530 141 27 kungörelsen
490 530 40 21 den
546 530 26 20 25
589 530 60 27 April
667 530 53 20 1845
736 530 121 21 bestämdes
873 533 32 19 att

86 560 76 25 posten
185 558 69 21 skulle
276 558 118 21 frambäras
417 558 48 21 med
484 558 197 28 gästgifveriskjuts
700 558 40 21 och
760 560 32 19 att
807 559 97 28 samtlige

86 587 148 27 posthemman
259 587 68 20 skulle
351 587 98 27 indragas
473 586 39 22 och
535 586 113 22 framdeles
670 587 30 20 till
724 586 80 22 kronan
829 589 76 26 utgöra

87 615 98 27 samtliga
199 615 26 21 de
242 622 64 14 onera
322 616 39 20 och
377 615 118 28 utskylder,
512 615 107 21 hvarifrån
631 615 26 21 de
668 615 58 21 förut
737 616 55 20 varit
803 616 101 21 befriade.

87 644 88 20 Således
199 644 66 20 erhöll
285 644 131 21 statsverket
429 650 25 14 en
470 644 94 21 inkomst
582 644 46 20 från
645 644 81 20 kronan
742 644 28 27 på
785 644 25 21 de
827 644 77 28 skjuts-

86 672 173 28 ningsskyldiges
286 672 126 21 bekostnad.
447 672 83 21 Genom
556 672 91 21 nämnda
672 672 127 28 kungörelse
825 673 79 21 ökades

86 701 214 27 skjutsningstungan
319 701 115 27 ansenligt,
458 701 39 21 och
513 701 69 21 skulle
605 701 36 21 det
664 702 56 20 ännu
741 701 118 21 tillkomma
874 703 31 19 att

86 729 69 21 skilda
177 732 131 25 postvagnar
327 730 68 20 skulle
415 729 118 26 anskaffas,
549 730 24 20 så
588 730 68 20 skulle
672 730 26 20 de
714 729 190 28 skjutsningsskyl-

86 758 49 27 dige
155 758 100 21 besväras
274 760 55 18 ännu
349 765 65 14 mera.
445 758 44 27 Mig
507 764 64 22 synes
587 760 31 18 att
635 758 124 27 postverket
776 758 47 21 icke
840 758 64 21 borde

86 786 63 21 hafva
165 786 69 28 någon
246 786 67 21 fördel
329 786 88 21 framför
433 786 65 21 andra
514 786 97 21 resande.
643 786 9 20 I
669 786 100 21 händelse
785 786 26 21 de
822 786 83 28 vanliga

86 817 113 26 resetygen
222 815 48 21 icke
288 816 36 20 äro
344 815 137 27 tillräckliga,
501 815 44 20 står
564 815 35 21 det
613 815 24 27 ju
653 815 125 27 postverket
794 816 65 26 öppet
874 817 32 19 att

87 843 50 28 sjelf
151 843 96 20 anskaffa
262 850 55 21 egna
334 843 74 21 kärror
424 843 39 21 och
480 843 103 28 redskap,
603 843 125 27 isynnerhet
743 850 44 13 som
804 845 101 19 statsver-

86 871 37 21 ket
145 878 76 21 genom
247 872 176 26 posthemmanen
448 871 92 21 erhåller
559 879 25 13 en
604 872 47 20 icke
672 871 108 28 obetydlig
803 871 101 25 inkomst,

87 900 58 21 alltid
165 901 27 26 på
212 900 26 21 de
257 900 244 28 skjutsningsskyldiges
525 899 125 22 bekostnad.
682 899 43 21 För
740 900 64 27 öfrigt
819 901 86 20 instäm-

86 935 45 14 mer
144 929 38 27 jag
197 929 6 20 i
218 928 36 21 det
270 929 24 20 af
308 929 48 20 herr
372 935 40 14 von
430 928 116 21 Bonsdorff
555 928 39 21 och
606 928 66 21 andra
689 929 77 20 väckta
776 928 86 28 förslag,
874 930 32 19 att

87 957 35 20 det
138 957 75 20 endast
230 957 68 20 skulle
314 957 59 28 legas
389 958 27 27 pä
431 957 41 20 den
489 956 141 21 tredskandes
647 957 129 26 bekostnad,
787 957 6 20 i
804 957 101 21 händelse

87 985 40 21 han
144 985 123 21 underläter
283 987 31 19 att
331 993 50 14 vara
397 985 86 21 försedd
499 985 48 21 med
563 985 120 28 ordentliga
698 985 98 28 redskap.

155 1013 33 22 Pä
205 1014 157 27 framställning
380 1014 22 20 af
419 1014 48 20 herr
486 1014 196 21 landtmarskalken
706 1013 80 22 beslöts
804 1013 52 22 härä
875 1016 31 19 att

87 1042 65 21 skildt
175 1043 105 27 genomgå
303 1043 73 26 hvarje
401 1045 94 18 moment
517 1042 23 21 af
560 1041 162 28 ifrågavarande
738 1043 19 26 8,
776 1042 39 21 och
835 1042 70 21 blefvo

87 1070 73 21 dervid
179 1071 8 20 1
205 1071 38 20 och
266 1071 6 20 2
288 1073 147 18 momenterna
450 1071 114 27 godkända
580 1073 51 18 utan
647 1070 95 27 ändring.

423 1116 114 21 Momentet
552 1117 20 20 3.

155 1156 56 21 Herr
227 1163 47 14 von
291 1155 150 28 Haartman,
458 1156 32 26 R.,
502 1155 144 22 understödde
658 1156 48 20 herr
717 1163 40 13 von
769 1155 137 28 Haartmans,

87 1184 23 21 C.
128 1185 33 26 D.,
178 1185 148 20 amendement
342 1191 34 14 om
393 1187 31 18 att
440 1185 80 27 plikten
532 1185 33 20 för
576 1184 50 27 den,
638 1191 45 14 som
695 1185 47 20 icke
753 1183 54 22 hade
819 1184 33 21 för
863 1185 43 20 ärs-

87 1213 56 21 tiden
161 1213 93 28 passliga
268 1215 94 26 resetyg,
379 1220 51 14 vore
445 1213 71 21 alltför
533 1214 50 19 stor.

154 1241 58 21 Herr
228 1249 46 13 von
291 1241 151 21 Bonsdorff:
461 1241 42 28 Jag
519 1241 69 21 skulle
603 1241 65 20 förslä
680 1243 30 18 att
722 1241 80 28 plikten
816 1241 90 21 bestäm-

86 1270 37 21 des
139 1270 32 21 till
186 1270 47 27 fyra
249 1270 67 26 mark,
333 1272 58 19 utom
408 1270 25 20 di
449 1270 36 21 det
501 1270 50 21 sker
561 1269 24 22 af
594 1269 140 27 värdslöshet,
746 1269 27 21 dä
784 1269 40 21 den
836 1269 70 22 kunde

87 1299 60 27 höjas
163 1299 32 20 till
211 1299 25 20 10
252 1298 66 21 mark.

155 1327 99 21 Friherre
271 1327 105 20 Linder:
402 1327 41 27 Jag
463 1333 64 14 anser
546 1327 70 27 någon
637 1326 53 27 plikt
705 1327 5 19 i
727 1326 60 21 detta
805 1326 36 21 fall
861 1327 46 20 icke

87 1355 51 21 böra
153 1355 85 21 komma
254 1355 6 21 i
276 1355 66 28 fråga,
358 1358 51 18 utan
421 1357 31 20 att
463 1355 36 21 det
511 1355 70 20 kunde
593 1355 59 20 heta:
671 1354 97 27 ,Brister
780 1355 64 28 något
856 1355 51 27 häri,

86 1384 64 21 varde
166 1385 27 26 pä
209 1384 39 21 den
264 1384 97 21 felandes
378 1383 119 22 bekostnad
513 1383 141 21 anskaffadt*.

155 1412 56 21 Herr
227 1419 48 14 von
292 1412 140 21 Haartman
449 1411 102 22 förenade
567 1412 32 27 sig
614 1411 48 21 med
678 1411 89 21 friherre
782 1411 86 22 Linder.

155 1440 57 21 Herr
229 1448 47 13 von
293 1441 144 21 Bonsdorff
453 1440 144 21 formulerade
612 1440 37 21 sitt
662 1440 80 28 förslag
753 1440 45 21 häri
809 1441 97 21 sälunda:

87 1469 97 26 »Brister
200 1469 68 28 någon
285 1469 45 21 häri
346 1469 23 21 af
383 1469 141 26 vårdslöshet,
540 1469 67 27 plikte
625 1469 25 20 10
666 1468 81 21 mark*.

831 1510 9 15 8
