1078 1692
189 84 27 20 60

160 140 85 26 kassor,
259 140 27 20 då
300 140 60 21 torde
378 140 69 21 denna
458 140 78 28 klagan
548 140 65 21 blifva
623 142 57 20 ännu
691 148 59 14 mera
762 141 81 20 känbar
852 141 38 21 och
901 141 80 21 bristen

161 170 55 19 ännu
232 170 77 19 större.
334 168 127 21 Oberoende
477 169 22 20 af
513 169 26 20 de
554 169 55 26 skäl,
626 176 44 14 som
682 169 67 21 under
760 169 65 21 andra
837 169 144 21 förhållanden

160 197 72 21 kunde
248 198 44 20 tala
307 198 33 19 för
356 197 40 21 den
412 197 77 27 nådiga
505 198 170 26 propositionen,
690 205 64 14 anser
763 198 37 26 jag
811 198 36 20 det
858 198 66 20 under
936 200 46 19 när-

162 226 93 20 varande
274 226 101 26 tidpunkt
391 228 52 18 nära
458 233 42 20 nog
519 233 50 13 vara
585 227 104 20 obetänkt
705 229 31 18 att
752 227 138 20 sanktionera
907 234 25 13 en
948 227 34 27 lag

161 254 48 21 med
228 255 24 19 så
271 254 150 27 oberäkneliga
440 254 84 28 följder,
545 262 44 13 som
609 255 26 20 de
654 262 28 14 nu
703 255 64 26 redan
785 255 22 20 af
821 255 51 27 mig
880 255 100 27 antydda.

160 282 10 20 I
189 283 76 27 sjelfva
284 282 66 21 saken
374 283 66 20 håller
456 284 38 26 jag
512 283 33 20 för
565 284 42 20 min
629 283 33 21 del
682 284 46 20 före
744 285 32 19 att
793 284 48 20 herr
859 283 123 28 Ohrnbergs

161 311 132 20 reservation
305 311 115 21 innehåller
431 318 27 14 en
469 312 82 26 ganska
562 312 65 27 riktig
637 312 55 27 äsigt
704 312 79 24 derom,
793 314 30 18 att
833 312 147 27 författnings-

160 339 103 27 förslaget
279 339 54 21 hade
345 340 59 25 bort,
420 340 7 20 i
442 340 67 20 likhet
525 340 48 21 med
589 340 56 21 hvad
662 341 25 20 10
704 341 48 27 kap.
770 340 26 20 H.
813 340 24 20 B.
854 340 126 26 innehäller,

161 368 89 20 omfatta
272 368 48 20 icke
343 368 89 21 allenast
451 368 91 28 borgen,
561 371 53 18 utan
633 369 64 20 äfven
718 371 51 25 pant
792 369 23 20 af
833 368 147 28 lösegendom,

160 403 45 14 som
222 398 100 25 surrogat
337 397 32 20 för
385 397 40 20 den
442 398 89 26 borgen,
549 398 85 20 hvilken
649 398 154 26 författningen
815 398 81 26 äsyftar
907 399 31 19 att
950 397 30 20 af-

161 424 74 21 skaffa.
258 424 34 21 Pä
302 426 62 20 dessa
376 425 45 21 skäl
438 427 44 19 tror
491 426 38 27 jag
539 426 43 27 mig
592 426 51 20 böra
652 426 78 20 föreslä
738 428 31 18 att
779 426 46 20 hela
834 426 147 27 författnings-

160 453 103 28 förslaget
279 454 80 20 lemnas
376 456 50 18 utan
442 454 100 20 afseende
559 455 40 20 och
614 454 114 21 ständerna
743 454 94 21 förklara
853 456 31 19 att
895 454 26 21 de
932 454 48 21 icke

161 482 81 20 kunnat
262 482 72 20 bifalla
352 482 79 26 dertill,
448 482 55 21 helst
519 482 41 21 den
576 483 77 27 nädiga
668 483 160 27 propositionen
845 483 62 21 äfven
924 483 57 21 dess-

161 512 67 25 utom,
248 511 28 27 pä
296 512 42 19 sätt
361 510 72 21 derom
453 518 73 20 synes,
545 512 6 19 i
571 518 25 14 en
621 512 32 20 del
678 512 25 26 $&
727 512 89 20 innebär
839 512 143 27 stadganden,

160 539 72 21 hvilka
247 539 85 21 komma
348 541 31 19 att
395 540 66 20 verka
477 540 138 25 retroaktivt,
633 542 29 18 ett
676 540 28 20 fel
723 547 45 13 som
788 540 63 28 ingen
861 540 119 27 lagstiftare

161 567 66 21 borde
246 568 44 20 låta
314 568 84 20 komma
416 568 32 27 sig
467 568 30 20 till
516 568 47 20 last.
594 568 63 20 Hvad
676 568 153 27 lagutskottets
846 568 135 21 betänkande

160 596 108 26 beträffar,
288 596 38 20 har
344 596 66 20 redan
432 603 34 13 om
483 596 118 21 detsamma
621 597 67 20 blifvit
708 597 121 20 framhället
849 598 23 19 sä
888 597 92 27 mycket,

161 626 30 19 att
205 625 38 27 jag
258 625 34 20 för
307 625 41 20 min
365 624 34 21 del
415 625 46 20 icke
477 632 62 14 anser
555 626 43 26 mig
614 625 73 21 derom
705 625 51 21 böra
767 627 58 25 yttra
836 627 65 19 annat
912 627 26 19 än
950 627 32 19 att

158 653 47 27 jag,
221 653 43 21 lika
280 653 48 21 med
344 654 49 20 herr
409 653 131 26 Grotenfelt,
562 656 43 18 tror
622 654 42 27 mig
680 654 45 20 deri
742 654 63 20 hafva
820 654 69 20 funnit
906 660 24 14 en
947 654 35 20 hel

161 682 77 26 mängd
262 682 177 27 oegentligheter,
461 689 44 13 som
529 682 47 21 icke
600 682 60 20 torde
680 682 106 20 förbättra
805 682 26 21 de
848 682 132 21 närvarande

161 706 169 35 förhällandena.
628 716 4 6 E

231 738 100 21 Friherre
347 745 49 14 von
414 739 79 20 Born:
517 739 42 28 Jag
578 740 58 20 delar
652 740 62 20 äfven
731 739 40 21 den
788 739 22 20 af
824 739 48 21 herr
887 740 93 27 Pipping

160 774 51 20 nyss
227 767 95 21 uttalade
334 767 66 27 äsigt,
410 769 31 19 att
457 768 36 20 det
509 768 54 20 hade
580 768 54 26 varit
650 768 103 27 önskligt,
770 774 33 14 om
820 770 31 18 ett
867 768 113 27 lagförslag

160 796 7 19 i
183 795 35 21 det
234 796 131 20 vidsträckta
381 796 62 27 syfte,
460 803 44 13 som
521 796 49 20 herr
587 796 113 28 Ohrnberg
710 796 7 20 i
728 796 32 20 sin
775 796 131 20 reservation
918 796 62 21 fram-

161 824 59 26 stält,
236 824 55 20 hade
308 824 68 20 blifvit
399 825 115 19 ständerna
536 824 116 28 förelagdt;
677 832 49 13 men
743 824 27 20 dä
789 832 27 19 nu
836 824 74 21 sådant
933 824 47 21 icke

161 852 67 26 skett,
244 859 64 14 anser
328 853 38 26 jag
381 853 36 20 det
433 853 47 20 icke
497 859 50 14 vara
564 853 55 26 skäl,
643 853 70 20 såsom
734 853 48 20 herr
798 852 114 28 Ohrnberg
926 853 6 20 i
948 853 31 20 sin

161 881 133 20 reservation
316 881 112 27 föreslagit
449 881 38 20 och
507 881 49 20 herr
572 881 93 28 Pipping
684 881 137 26 understödt,
837 883 32 18 att
884 881 96 21 förkasta

161 909 41 20 den
218 909 78 28 nädiga
315 910 167 27 propositionen,
500 909 64 21 sädan
581 910 41 20 den
638 917 27 13 nu
681 911 23 19 är
720 909 96 21 affattad.
848 910 48 20 Man
913 910 67 21 skulle

161 938 134 27 derigenom,
312 945 62 20 synes
392 938 53 27 mig,
465 938 97 20 förkasta
578 939 70 26 nägot,
665 939 84 20 derföre
765 940 32 18 att
811 945 49 14 man
875 938 47 21 icke
938 938 42 21 kan

162 967 63 20 vinna
241 967 47 26 allt,
309 967 39 20 och
368 966 36 21 det
423 967 88 27 förslag,
529 973 45 14 som
590 974 27 13 nu
634 969 22 18 är
672 966 130 27 framstäldt,
818 967 116 20 innehäller
950 968 30 19 ät-

161 995 89 28 skilligt,
267 1002 45 13 som
328 995 38 20 har
388 995 109 20 företräde
513 995 88 20 framför
617 995 36 21 det
668 1003 29 12 nu
714 995 111 27 stadgade.
856 995 39 20 Att
911 995 69 21 lemna

161 1023 36 21 det
212 1023 108 21 beroende
336 1023 107 27 ätskilliga
459 1024 29 25 är,
505 1023 81 21 kanske
602 1024 31 20 till
649 1031 26 13 en
690 1024 111 20 obestämd
812 1023 94 27 framtid,
918 1031 63 14 anser

158 1053 39 26 jag
212 1052 46 21 icke
275 1059 51 13 vara
342 1051 52 21 skäl.
426 1051 70 21 Jemte
513 1052 36 20 det
562 1053 38 26 jag
615 1053 6 19 i
638 1051 121 22 hufvudsak
776 1053 46 20 ville
837 1054 77 25 antaga
925 1052 55 21 hvad

161 1087 46 14 som
223 1087 28 14 nu
267 1082 23 19 är
306 1080 155 27 proponeradt,
477 1080 98 21 förordar
588 1081 48 27 jag,
652 1081 7 20 i
675 1080 71 21 stället
762 1080 33 21 för
811 1081 39 20 den
866 1081 24 20 af
898 1081 82 20 utskot-

161 1111 30 18 tet
206 1109 122 27 föreslagna
343 1109 127 26 petitionen,
495 1116 25 13 en
540 1109 59 27 dylik
617 1109 71 21 derom
710 1111 32 18 att
757 1109 60 20 Hans
834 1109 99 27 Majestät
949 1109 32 20 till

161 1137 176 21 nästkommande
359 1137 102 27 landtdag
484 1137 49 21 ville
558 1137 108 28 förelägga
686 1137 115 21 ständerna
820 1140 31 18 ett
866 1137 115 28 lagförslag

160 1166 91 21 rörande
267 1166 119 27 underpant
402 1166 7 19 i
424 1166 147 27 lösegendom,
588 1166 81 20 hvilket
686 1165 118 28 stadgande
815 1166 21 20 vi
847 1167 55 19 ännu
914 1167 67 20 sakna

160 1195 40 20 och
215 1201 78 20 genom
309 1194 63 20 hvars
387 1193 111 22 införande
511 1195 38 26 jag
564 1201 63 14 anser
643 1197 31 18 att
686 1195 5 20 i
704 1195 119 27 väsendtlig
834 1201 49 14 mon
895 1201 26 14 en
932 1195 48 20 kre-

161 1223 30 20 dit
207 1223 71 20 kunde
294 1223 131 20 underlättas
441 1223 33 20 för
489 1223 87 27 mänga,
593 1230 44 13 som
654 1223 47 20 icke
718 1223 63 20 hafva
792 1223 146 20 realsäkerhet
949 1225 32 18 att

160 1251 91 28 erbjuda
269 1251 39 20 och
327 1251 138 26 hvarigenom
484 1251 36 20 det
537 1251 47 20 med
601 1251 23 20 sä
639 1251 87 28 mycket
742 1251 46 20 skäl
805 1251 68 21 såsom
890 1251 90 21 förderf-

160 1281 39 26 ligt
214 1280 96 20 erkända
325 1279 85 28 proprie
426 1279 183 28 borgessystemet
629 1280 67 21 skulle
713 1280 86 20 komma
815 1280 48 20 atti
882 1280 98 21 väsendt-

161 1309 28 26 lig
205 1315 48 13 mon
270 1308 111 20 undvikas.
412 1307 42 28 Jag
469 1308 94 21 anhäller
579 1310 32 18 att
623 1309 59 20 detta
693 1308 68 21 skulle
772 1308 127 21 framställas
911 1309 69 20 säsom

161 1339 31 18 ett
208 1337 169 26 önskningsmäl,
394 1343 47 13 men
459 1336 42 21 kan
517 1337 32 19 för
564 1337 43 20 min
623 1337 33 20 del
672 1337 47 20 icke
735 1336 114 27 godkänna
864 1339 40 24 att,
916 1337 5 20 i
933 1337 47 20 sak-

161 1365 41 20 nad
218 1365 22 20 af
255 1365 63 26 nädig
335 1365 130 26 proposition
481 1365 7 20 i
504 1365 59 20 detta
583 1365 65 27 syfte,
670 1365 47 20 hela
732 1365 102 27 förslaget
853 1365 113 21 förkastas.

229 1393 59 21 Herr
304 1393 141 20 Järnefelt:
470 1393 42 20 Det
528 1393 61 20 torde
604 1393 47 21 icke
667 1394 68 20 finnas
752 1400 44 13 mer
812 1395 25 18 än
854 1401 26 13 en
896 1394 86 27 mening

161 1422 72 21 derom
250 1424 32 18 att
298 1422 85 27 proprio
398 1422 79 27 borgen
489 1422 32 19 för
533 1421 33 21 län
581 1422 26 27 pä
623 1422 73 27 längre
713 1422 30 20 tid
760 1422 38 20 har
813 1421 54 21 visat
883 1422 32 27 sig
931 1429 51 14 vara

161 1451 83 26 skadlig
259 1450 33 20 för
308 1450 47 20 värt
370 1450 59 26 land,
442 1450 39 20 och
493 1450 93 27 önskligt
597 1457 51 14 vore
660 1452 30 19 att
702 1451 70 20 denna
783 1450 118 21 institution
914 1451 66 20 skulle

161 1479 44 20 helt
228 1479 39 20 och
291 1478 64 21 hället
371 1478 120 28 förbjudas,
515 1479 81 20 hvilket
612 1479 64 20 likväl
692 1479 20 28 ej
729 1479 31 20 lär
776 1486 51 14 vara
843 1479 82 27 möjligt
941 1479 39 20 och
