<?xml version="1.0" encoding="UTF-8"?>
<alto xmlns="http://www.loc.gov/standards/alto/ns-v3#" xmlns:xlink="http://www.w3.org/1999/xlink" xmlns:xsi="http://www.w3.org/2001/XMLSchema-instance" xsi:schemaLocation="http://www.loc.gov/standards/alto/ns-v3# http://www.loc.gov/alto/v3/alto-3-0.xsd">
	<Description>
		<MeasurementUnit>pixel</MeasurementUnit>
		<sourceImageInformation>
			<fileName>/tmp/tess_u6kejewm_input.PNG</fileName>
		</sourceImageInformation>
		<OCRProcessing ID="OCR_0">
			<ocrProcessingStep>
				<processingSoftware>
					<softwareName>tesseract 5.3.4</softwareName>
				</processingSoftware>
			</ocrProcessingStep>
		</OCRProcessing>
	</Description>
	<Layout>
		<Page WIDTH="1078" HEIGHT="1692" PHYSICAL_IMG_NR="0" ID="page_0">
			<PrintSpace HPOS="0" VPOS="0" WIDTH="1078" HEIGHT="1692">
				<ComposedBlock ID="cblock_0" HPOS="850" VPOS="90" WIDTH="40" HEIGHT="21">
					<TextBlock ID="block_0" HPOS="850" VPOS="90" WIDTH="40" HEIGHT="21">
						<TextLine ID="line_0" HPOS="850" VPOS="90" WIDTH="40" HEIGHT="21">
							<String ID="string_0" HPOS="850" VPOS="90" WIDTH="40" HEIGHT="21" WC="0.94" CONTENT="327"/>
						</TextLine>
					</TextBlock>
				</ComposedBlock>
				<ComposedBlock ID="cblock_1" HPOS="89" VPOS="146" WIDTH="827" HEIGHT="1366">
					<TextBlock ID="block_1" HPOS="89" VPOS="146" WIDTH="827" HEIGHT="739">
						<TextLine ID="line_1" HPOS="89" VPOS="146" WIDTH="827" HEIGHT="28">
							<String ID="string_1" HPOS="89" VPOS="154" WIDTH="41" HEIGHT="20" WC="0.96" CONTENT="gen"/><SP WIDTH="16" VPOS="154" HPOS="130"/>
							<String ID="string_2" HPOS="146" VPOS="153" WIDTH="52" HEIGHT="14" WC="0.96" CONTENT="vara"/><SP WIDTH="22" VPOS="153" HPOS="198"/>
							<String ID="string_3" HPOS="220" VPOS="148" WIDTH="95" HEIGHT="25" WC="0.96" CONTENT="tvungen"/><SP WIDTH="17" VPOS="148" HPOS="315"/>
							<String ID="string_4" HPOS="332" VPOS="147" WIDTH="31" HEIGHT="19" WC="0.93" CONTENT="att"/><SP WIDTH="16" VPOS="147" HPOS="363"/>
							<String ID="string_5" HPOS="379" VPOS="146" WIDTH="96" HEIGHT="21" WC="0.92" CONTENT="bedrifva"/><SP WIDTH="17" VPOS="146" HPOS="475"/>
							<String ID="string_6" HPOS="492" VPOS="146" WIDTH="31" HEIGHT="20" WC="0.96" CONTENT="sin"/><SP WIDTH="16" VPOS="146" HPOS="523"/>
							<String ID="string_7" HPOS="539" VPOS="146" WIDTH="81" HEIGHT="20" WC="0.96" CONTENT="rörelse"/><SP WIDTH="15" VPOS="146" HPOS="620"/>
							<String ID="string_8" HPOS="635" VPOS="146" WIDTH="58" HEIGHT="20" WC="0.95" CONTENT="inom"/><SP WIDTH="16" VPOS="146" HPOS="693"/>
							<String ID="string_9" HPOS="709" VPOS="146" WIDTH="86" HEIGHT="21" WC="0.89" CONTENT="stadens"/><SP WIDTH="15" VPOS="146" HPOS="795"/>
							<String ID="string_10" HPOS="810" VPOS="146" WIDTH="67" HEIGHT="26" WC="0.89" CONTENT="linier,"/><SP WIDTH="20" VPOS="146" HPOS="877"/>
							<String ID="string_11" HPOS="897" VPOS="146" WIDTH="19" HEIGHT="20" WC="0.90" CONTENT="d."/>
						</TextLine>
						<TextLine ID="line_2" HPOS="90" VPOS="174" WIDTH="826" HEIGHT="28">
							<String ID="string_12" HPOS="90" VPOS="182" WIDTH="19" HEIGHT="14" WC="0.96" CONTENT="v."/><SP WIDTH="20" VPOS="182" HPOS="109"/>
							<String ID="string_13" HPOS="129" VPOS="182" WIDTH="16" HEIGHT="14" WC="0.96" CONTENT="s."/><SP WIDTH="16" VPOS="182" HPOS="145"/>
							<String ID="string_14" HPOS="161" VPOS="175" WIDTH="56" HEIGHT="20" WC="0.93" CONTENT="inom"/><SP WIDTH="25" VPOS="175" HPOS="217"/>
							<String ID="string_15" HPOS="242" VPOS="174" WIDTH="147" HEIGHT="28" WC="0.90" CONTENT="tullportarne."/><SP WIDTH="31" VPOS="174" HPOS="389"/>
							<String ID="string_16" HPOS="420" VPOS="174" WIDTH="11" HEIGHT="20" WC="0.93" CONTENT="I"/><SP WIDTH="15" VPOS="174" HPOS="431"/>
							<String ID="string_17" HPOS="446" VPOS="174" WIDTH="77" HEIGHT="28" WC="0.95" CONTENT="många"/><SP WIDTH="24" VPOS="174" HPOS="523"/>
							<String ID="string_18" HPOS="547" VPOS="174" WIDTH="73" HEIGHT="21" WC="0.96" CONTENT="städer"/><SP WIDTH="16" VPOS="174" HPOS="620"/>
							<String ID="string_19" HPOS="636" VPOS="174" WIDTH="31" HEIGHT="20" WC="0.96" CONTENT="lär"/><SP WIDTH="16" VPOS="174" HPOS="667"/>
							<String ID="string_20" HPOS="683" VPOS="174" WIDTH="59" HEIGHT="21" WC="0.96" CONTENT="fallet"/><SP WIDTH="16" VPOS="174" HPOS="742"/>
							<String ID="string_21" HPOS="758" VPOS="182" WIDTH="50" HEIGHT="14" WC="0.97" CONTENT="vara"/><SP WIDTH="15" VPOS="182" HPOS="808"/>
							<String ID="string_22" HPOS="823" VPOS="174" WIDTH="45" HEIGHT="26" WC="0.96" CONTENT="det,"/><SP WIDTH="16" VPOS="174" HPOS="868"/>
							<String ID="string_23" HPOS="884" VPOS="177" WIDTH="32" HEIGHT="19" WC="0.96" CONTENT="att"/>
						</TextLine>
						<TextLine ID="line_3" HPOS="90" VPOS="202" WIDTH="826" HEIGHT="29">
							<String ID="string_24" HPOS="90" VPOS="210" WIDTH="25" HEIGHT="14" WC="0.95" CONTENT="en"/><SP WIDTH="16" VPOS="210" HPOS="115"/>
							<String ID="string_25" HPOS="131" VPOS="203" WIDTH="34" HEIGHT="21" WC="0.96" CONTENT="del"/><SP WIDTH="14" VPOS="203" HPOS="165"/>
							<String ID="string_26" HPOS="179" VPOS="203" WIDTH="126" HEIGHT="21" WC="0.96" CONTENT="verkstäder"/><SP WIDTH="15" VPOS="203" HPOS="305"/>
							<String ID="string_27" HPOS="320" VPOS="204" WIDTH="37" HEIGHT="20" WC="0.96" CONTENT="äro"/><SP WIDTH="17" VPOS="204" HPOS="357"/>
							<String ID="string_28" HPOS="374" VPOS="203" WIDTH="90" HEIGHT="27" WC="0.96" CONTENT="belägna"/><SP WIDTH="16" VPOS="203" HPOS="464"/>
							<String ID="string_29" HPOS="480" VPOS="205" WIDTH="58" HEIGHT="18" WC="0.96" CONTENT="utom"/><SP WIDTH="17" VPOS="205" HPOS="538"/>
							<String ID="string_30" HPOS="555" VPOS="203" WIDTH="76" HEIGHT="20" WC="0.96" CONTENT="staden"/><SP WIDTH="17" VPOS="203" HPOS="631"/>
							<String ID="string_31" HPOS="648" VPOS="203" WIDTH="38" HEIGHT="20" WC="0.96" CONTENT="och"/><SP WIDTH="17" VPOS="203" HPOS="686"/>
							<String ID="string_32" HPOS="703" VPOS="202" WIDTH="75" HEIGHT="28" WC="0.93" CONTENT="sjelfva"/><SP WIDTH="16" VPOS="202" HPOS="778"/>
							<String ID="string_33" HPOS="794" VPOS="210" WIDTH="79" HEIGHT="21" WC="0.90" CONTENT="egarne"/><SP WIDTH="15" VPOS="210" HPOS="873"/>
							<String ID="string_34" HPOS="888" VPOS="204" WIDTH="28" HEIGHT="20" WC="0.96" CONTENT="bo"/>
						</TextLine>
						<TextLine ID="line_4" HPOS="90" VPOS="231" WIDTH="825" HEIGHT="29">
							<String ID="string_35" HPOS="90" VPOS="232" WIDTH="57" HEIGHT="21" WC="0.96" CONTENT="inom"/><SP WIDTH="20" VPOS="232" HPOS="147"/>
							<String ID="string_36" HPOS="167" VPOS="232" WIDTH="81" HEIGHT="20" WC="0.93" CONTENT="staden."/><SP WIDTH="32" VPOS="232" HPOS="248"/>
							<String ID="string_37" HPOS="280" VPOS="231" WIDTH="181" HEIGHT="21" WC="0.92" CONTENT="Fabriksidkarne"/><SP WIDTH="16" VPOS="231" HPOS="461"/>
							<String ID="string_38" HPOS="477" VPOS="231" WIDTH="69" HEIGHT="21" WC="0.93" CONTENT="skulle"/><SP WIDTH="16" VPOS="231" HPOS="546"/>
							<String ID="string_39" HPOS="562" VPOS="231" WIDTH="98" HEIGHT="21" WC="0.92" CONTENT="deremot"/><SP WIDTH="15" VPOS="231" HPOS="660"/>
							<String ID="string_40" HPOS="675" VPOS="231" WIDTH="65" HEIGHT="27" WC="0.95" CONTENT="enligt"/><SP WIDTH="16" VPOS="231" HPOS="740"/>
							<String ID="string_41" HPOS="756" VPOS="232" WIDTH="159" HEIGHT="28" WC="0.96" CONTENT="propositionen"/>
						</TextLine>
						<TextLine ID="line_5" HPOS="90" VPOS="259" WIDTH="825" HEIGHT="28">
							<String ID="string_42" HPOS="90" VPOS="260" WIDTH="21" HEIGHT="21" WC="0.93" CONTENT="få"/><SP WIDTH="22" VPOS="260" HPOS="111"/>
							<String ID="string_43" HPOS="133" VPOS="260" WIDTH="99" HEIGHT="21" WC="0.92" CONTENT="bedrifva"/><SP WIDTH="16" VPOS="260" HPOS="232"/>
							<String ID="string_44" HPOS="248" VPOS="260" WIDTH="31" HEIGHT="20" WC="0.96" CONTENT="sin"/><SP WIDTH="17" VPOS="260" HPOS="279"/>
							<String ID="string_45" HPOS="296" VPOS="260" WIDTH="81" HEIGHT="20" WC="0.96" CONTENT="rörelse"/><SP WIDTH="15" VPOS="260" HPOS="377"/>
							<String ID="string_46" HPOS="392" VPOS="260" WIDTH="28" HEIGHT="27" WC="0.96" CONTENT="på"/><SP WIDTH="15" VPOS="260" HPOS="420"/>
							<String ID="string_47" HPOS="435" VPOS="259" WIDTH="87" HEIGHT="21" WC="0.96" CONTENT="stadens"/><SP WIDTH="16" VPOS="259" HPOS="522"/>
							<String ID="string_48" HPOS="538" VPOS="260" WIDTH="92" HEIGHT="20" WC="0.93" CONTENT="område."/><SP WIDTH="32" VPOS="260" HPOS="630"/>
							<String ID="string_49" HPOS="662" VPOS="259" WIDTH="34" HEIGHT="21" WC="0.93" CONTENT="Nu"/><SP WIDTH="15" VPOS="259" HPOS="696"/>
							<String ID="string_50" HPOS="711" VPOS="260" WIDTH="96" HEIGHT="20" WC="0.96" CONTENT="inträffar"/><SP WIDTH="23" VPOS="260" HPOS="807"/>
							<String ID="string_51" HPOS="830" VPOS="260" WIDTH="36" HEIGHT="21" WC="0.96" CONTENT="det"/><SP WIDTH="18" VPOS="260" HPOS="866"/>
							<String ID="string_52" HPOS="884" VPOS="262" WIDTH="31" HEIGHT="19" WC="0.96" CONTENT="att"/>
						</TextLine>
						<TextLine ID="line_6" HPOS="90" VPOS="288" WIDTH="826" HEIGHT="27">
							<String ID="string_53" HPOS="90" VPOS="288" WIDTH="111" HEIGHT="22" WC="0.96" CONTENT="skilnaden"/><SP WIDTH="16" VPOS="288" HPOS="201"/>
							<String ID="string_54" HPOS="217" VPOS="288" WIDTH="77" HEIGHT="21" WC="0.96" CONTENT="mellan"/><SP WIDTH="15" VPOS="288" HPOS="294"/>
							<String ID="string_55" HPOS="309" VPOS="288" WIDTH="71" HEIGHT="21" WC="0.96" CONTENT="fabrik"/><SP WIDTH="16" VPOS="288" HPOS="380"/>
							<String ID="string_56" HPOS="396" VPOS="288" WIDTH="39" HEIGHT="21" WC="0.93" CONTENT="och"/><SP WIDTH="16" VPOS="288" HPOS="435"/>
							<String ID="string_57" HPOS="451" VPOS="288" WIDTH="120" HEIGHT="21" WC="0.92" CONTENT="handtverk"/><SP WIDTH="16" VPOS="288" HPOS="571"/>
							<String ID="string_58" HPOS="587" VPOS="290" WIDTH="24" HEIGHT="18" WC="0.96" CONTENT="är"/><SP WIDTH="16" VPOS="290" HPOS="611"/>
							<String ID="string_59" HPOS="627" VPOS="288" WIDTH="23" HEIGHT="20" WC="0.96" CONTENT="så"/><SP WIDTH="15" VPOS="288" HPOS="650"/>
							<String ID="string_60" HPOS="665" VPOS="288" WIDTH="49" HEIGHT="20" WC="0.96" CONTENT="svår"/><SP WIDTH="18" VPOS="288" HPOS="714"/>
							<String ID="string_61" HPOS="732" VPOS="291" WIDTH="31" HEIGHT="18" WC="0.91" CONTENT="att"/><SP WIDTH="10" VPOS="291" HPOS="763"/>
							<String ID="string_62" HPOS="773" VPOS="289" WIDTH="95" HEIGHT="26" WC="0.91" CONTENT="utstaka,"/><SP WIDTH="16" VPOS="289" HPOS="868"/>
							<String ID="string_63" HPOS="884" VPOS="290" WIDTH="32" HEIGHT="19" WC="0.96" CONTENT="att"/>
						</TextLine>
						<TextLine ID="line_7" HPOS="91" VPOS="316" WIDTH="824" HEIGHT="28">
							<String ID="string_64" HPOS="91" VPOS="317" WIDTH="36" HEIGHT="21" WC="0.96" CONTENT="det"/><SP WIDTH="15" VPOS="317" HPOS="127"/>
							<String ID="string_65" HPOS="142" VPOS="317" WIDTH="47" HEIGHT="21" WC="0.96" CONTENT="icke"/><SP WIDTH="16" VPOS="317" HPOS="189"/>
							<String ID="string_66" HPOS="205" VPOS="318" WIDTH="23" HEIGHT="20" WC="0.96" CONTENT="är"/><SP WIDTH="16" VPOS="318" HPOS="228"/>
							<String ID="string_67" HPOS="244" VPOS="317" WIDTH="82" HEIGHT="27" WC="0.95" CONTENT="möjligt"/><SP WIDTH="16" VPOS="317" HPOS="326"/>
							<String ID="string_68" HPOS="342" VPOS="318" WIDTH="32" HEIGHT="19" WC="0.96" CONTENT="att"/><SP WIDTH="15" VPOS="318" HPOS="374"/>
							<String ID="string_69" HPOS="389" VPOS="316" WIDTH="91" HEIGHT="22" WC="0.96" CONTENT="bedöma"/><SP WIDTH="15" VPOS="316" HPOS="480"/>
							<String ID="string_70" HPOS="495" VPOS="316" WIDTH="56" HEIGHT="21" WC="0.96" CONTENT="hvad"/><SP WIDTH="15" VPOS="316" HPOS="551"/>
							<String ID="string_71" HPOS="566" VPOS="323" WIDTH="45" HEIGHT="14" WC="0.96" CONTENT="som"/><SP WIDTH="19" VPOS="323" HPOS="611"/>
							<String ID="string_72" HPOS="630" VPOS="318" WIDTH="24" HEIGHT="19" WC="0.92" CONTENT="är"/><SP WIDTH="18" VPOS="318" HPOS="654"/>
							<String ID="string_73" HPOS="672" VPOS="316" WIDTH="120" HEIGHT="22" WC="0.92" CONTENT="handtverk"/><SP WIDTH="18" VPOS="316" HPOS="792"/>
							<String ID="string_74" HPOS="810" VPOS="317" WIDTH="39" HEIGHT="21" WC="0.96" CONTENT="och"/><SP WIDTH="12" VPOS="317" HPOS="849"/>
							<String ID="string_75" HPOS="861" VPOS="317" WIDTH="54" HEIGHT="21" WC="0.96" CONTENT="hvad"/>
						</TextLine>
						<TextLine ID="line_8" HPOS="91" VPOS="345" WIDTH="824" HEIGHT="27">
							<String ID="string_76" HPOS="91" VPOS="353" WIDTH="44" HEIGHT="13" WC="0.96" CONTENT="som"/><SP WIDTH="24" VPOS="353" HPOS="135"/>
							<String ID="string_77" HPOS="159" VPOS="347" WIDTH="24" HEIGHT="19" WC="0.96" CONTENT="är"/><SP WIDTH="22" VPOS="347" HPOS="183"/>
							<String ID="string_78" HPOS="205" VPOS="346" WIDTH="76" HEIGHT="20" WC="0.95" CONTENT="fabrik."/><SP WIDTH="39" VPOS="346" HPOS="281"/>
							<String ID="string_79" HPOS="320" VPOS="346" WIDTH="48" HEIGHT="20" WC="0.95" CONTENT="Man"/><SP WIDTH="17" VPOS="346" HPOS="368"/>
							<String ID="string_80" HPOS="385" VPOS="352" WIDTH="33" HEIGHT="14" WC="0.96" CONTENT="ser"/><SP WIDTH="15" VPOS="352" HPOS="418"/>
							<String ID="string_81" HPOS="433" VPOS="346" WIDTH="6" HEIGHT="20" WC="0.96" CONTENT="i"/><SP WIDTH="16" VPOS="346" HPOS="439"/>
							<String ID="string_82" HPOS="455" VPOS="345" WIDTH="136" HEIGHT="27" WC="0.95" CONTENT="Helsingfors"/><SP WIDTH="16" VPOS="345" HPOS="591"/>
							<String ID="string_83" HPOS="607" VPOS="347" WIDTH="32" HEIGHT="19" WC="0.96" CONTENT="att"/><SP WIDTH="15" VPOS="347" HPOS="639"/>
							<String ID="string_84" HPOS="654" VPOS="345" WIDTH="40" HEIGHT="21" WC="0.96" CONTENT="den"/><SP WIDTH="17" VPOS="345" HPOS="694"/>
							<String ID="string_85" HPOS="711" VPOS="352" WIDTH="40" HEIGHT="14" WC="0.93" CONTENT="ena"/><SP WIDTH="15" VPOS="352" HPOS="751"/>
							<String ID="string_86" HPOS="766" VPOS="346" WIDTH="149" HEIGHT="20" WC="0.92" CONTENT="hattmakaren"/>
						</TextLine>
						<TextLine ID="line_9" HPOS="90" VPOS="374" WIDTH="825" HEIGHT="28">
							<String ID="string_87" HPOS="90" VPOS="375" WIDTH="38" HEIGHT="20" WC="0.96" CONTENT="har"/><SP WIDTH="24" VPOS="375" HPOS="128"/>
							<String ID="string_88" HPOS="152" VPOS="381" WIDTH="26" HEIGHT="14" WC="0.93" CONTENT="en"/><SP WIDTH="22" VPOS="381" HPOS="178"/>
							<String ID="string_89" HPOS="200" VPOS="374" WIDTH="127" HEIGHT="27" WC="0.89" CONTENT="hattfabrik,"/><SP WIDTH="24" VPOS="374" HPOS="327"/>
							<String ID="string_90" HPOS="351" VPOS="374" WIDTH="40" HEIGHT="20" WC="0.96" CONTENT="den"/><SP WIDTH="23" VPOS="374" HPOS="391"/>
							<String ID="string_91" HPOS="414" VPOS="374" WIDTH="67" HEIGHT="20" WC="0.93" CONTENT="andra"/><SP WIDTH="22" VPOS="374" HPOS="481"/>
							<String ID="string_92" HPOS="503" VPOS="374" WIDTH="107" HEIGHT="20" WC="0.89" CONTENT="bedrifver"/><SP WIDTH="23" VPOS="374" HPOS="610"/>
							<String ID="string_93" HPOS="633" VPOS="374" WIDTH="46" HEIGHT="20" WC="0.96" CONTENT="åter"/><SP WIDTH="23" VPOS="374" HPOS="679"/>
							<String ID="string_94" HPOS="702" VPOS="374" WIDTH="37" HEIGHT="20" WC="0.96" CONTENT="sitt"/><SP WIDTH="15" VPOS="374" HPOS="739"/>
							<String ID="string_95" HPOS="754" VPOS="374" WIDTH="53" HEIGHT="28" WC="0.96" CONTENT="yrke"/><SP WIDTH="16" VPOS="374" HPOS="807"/>
							<String ID="string_96" HPOS="823" VPOS="381" WIDTH="45" HEIGHT="14" WC="0.96" CONTENT="som"/><SP WIDTH="16" VPOS="381" HPOS="868"/>
							<String ID="string_97" HPOS="884" VPOS="376" WIDTH="31" HEIGHT="19" WC="0.95" CONTENT="ett"/>
						</TextLine>
						<TextLine ID="line_10" HPOS="90" VPOS="402" WIDTH="824" HEIGHT="22">
							<String ID="string_98" HPOS="90" VPOS="403" WIDTH="127" HEIGHT="21" WC="0.92" CONTENT="handtverk."/><SP WIDTH="39" VPOS="403" HPOS="217"/>
							<String ID="string_99" HPOS="256" VPOS="402" WIDTH="48" HEIGHT="21" WC="0.95" CONTENT="Den"/><SP WIDTH="20" VPOS="402" HPOS="304"/>
							<String ID="string_100" HPOS="324" VPOS="409" WIDTH="40" HEIGHT="14" WC="0.95" CONTENT="ena"/><SP WIDTH="16" VPOS="409" HPOS="364"/>
							<String ID="string_101" HPOS="380" VPOS="402" WIDTH="68" HEIGHT="21" WC="0.96" CONTENT="skulle"/><SP WIDTH="17" VPOS="402" HPOS="448"/>
							<String ID="string_102" HPOS="465" VPOS="402" WIDTH="84" HEIGHT="21" WC="0.96" CONTENT="således"/><SP WIDTH="16" VPOS="402" HPOS="549"/>
							<String ID="string_103" HPOS="565" VPOS="402" WIDTH="20" HEIGHT="21" WC="0.93" CONTENT="få"/><SP WIDTH="16" VPOS="402" HPOS="585"/>
							<String ID="string_104" HPOS="601" VPOS="402" WIDTH="97" HEIGHT="21" WC="0.92" CONTENT="bedrifva"/><SP WIDTH="16" VPOS="402" HPOS="698"/>
							<String ID="string_105" HPOS="714" VPOS="402" WIDTH="32" HEIGHT="21" WC="0.96" CONTENT="sin"/><SP WIDTH="16" VPOS="402" HPOS="746"/>
							<String ID="string_106" HPOS="762" VPOS="402" WIDTH="79" HEIGHT="21" WC="0.96" CONTENT="rörelse"/><SP WIDTH="16" VPOS="402" HPOS="841"/>
							<String ID="string_107" HPOS="857" VPOS="404" WIDTH="57" HEIGHT="19" WC="0.97" CONTENT="utom"/>
						</TextLine>
						<TextLine ID="line_11" HPOS="91" VPOS="431" WIDTH="824" HEIGHT="28">
							<String ID="string_108" HPOS="91" VPOS="432" WIDTH="86" HEIGHT="20" WC="0.92" CONTENT="stadens"/><SP WIDTH="23" VPOS="432" HPOS="177"/>
							<String ID="string_109" HPOS="200" VPOS="431" WIDTH="68" HEIGHT="27" WC="0.90" CONTENT="linier,"/><SP WIDTH="19" VPOS="431" HPOS="268"/>
							<String ID="string_110" HPOS="287" VPOS="431" WIDTH="41" HEIGHT="21" WC="0.96" CONTENT="den"/><SP WIDTH="16" VPOS="431" HPOS="328"/>
							<String ID="string_111" HPOS="344" VPOS="431" WIDTH="66" HEIGHT="21" WC="0.96" CONTENT="andra"/><SP WIDTH="16" VPOS="431" HPOS="410"/>
							<String ID="string_112" HPOS="426" VPOS="431" WIDTH="54" HEIGHT="21" WC="0.93" CONTENT="icke."/><SP WIDTH="31" VPOS="431" HPOS="480"/>
							<String ID="string_113" HPOS="511" VPOS="432" WIDTH="39" HEIGHT="19" WC="0.96" CONTENT="Att"/><SP WIDTH="16" VPOS="432" HPOS="550"/>
							<String ID="string_114" HPOS="566" VPOS="432" WIDTH="69" HEIGHT="26" WC="0.95" CONTENT="någon"/><SP WIDTH="16" VPOS="432" HPOS="635"/>
							<String ID="string_115" HPOS="651" VPOS="431" WIDTH="114" HEIGHT="27" WC="0.96" CONTENT="olägenhet"/><SP WIDTH="16" VPOS="431" HPOS="765"/>
							<String ID="string_116" HPOS="781" VPOS="431" WIDTH="68" HEIGHT="21" WC="0.96" CONTENT="skulle"/><SP WIDTH="15" VPOS="431" HPOS="849"/>
							<String ID="string_117" HPOS="864" VPOS="431" WIDTH="51" HEIGHT="28" WC="0.96" CONTENT="följa"/>
						</TextLine>
						<TextLine ID="line_12" HPOS="91" VPOS="459" WIDTH="823" HEIGHT="28">
							<String ID="string_118" HPOS="91" VPOS="460" WIDTH="62" HEIGHT="21" WC="0.96" CONTENT="deraf"/><SP WIDTH="20" VPOS="460" HPOS="153"/>
							<String ID="string_119" HPOS="173" VPOS="462" WIDTH="32" HEIGHT="18" WC="0.96" CONTENT="att"/><SP WIDTH="16" VPOS="462" HPOS="205"/>
							<String ID="string_120" HPOS="221" VPOS="466" WIDTH="47" HEIGHT="14" WC="0.93" CONTENT="man"/><SP WIDTH="16" VPOS="466" HPOS="268"/>
							<String ID="string_121" HPOS="284" VPOS="462" WIDTH="79" HEIGHT="25" WC="0.92" CONTENT="antoge"/><SP WIDTH="16" VPOS="462" HPOS="363"/>
							<String ID="string_122" HPOS="379" VPOS="460" WIDTH="116" HEIGHT="20" WC="0.96" CONTENT="utskottets"/><SP WIDTH="15" VPOS="460" HPOS="495"/>
							<String ID="string_123" HPOS="510" VPOS="459" WIDTH="81" HEIGHT="28" WC="0.96" CONTENT="förslag"/><SP WIDTH="15" VPOS="459" HPOS="591"/>
							<String ID="string_124" HPOS="606" VPOS="462" WIDTH="44" HEIGHT="18" WC="0.96" CONTENT="tror"/><SP WIDTH="14" VPOS="462" HPOS="650"/>
							<String ID="string_125" HPOS="664" VPOS="460" WIDTH="38" HEIGHT="26" WC="0.96" CONTENT="jag"/><SP WIDTH="15" VPOS="460" HPOS="702"/>
							<String ID="string_126" HPOS="717" VPOS="460" WIDTH="57" HEIGHT="26" WC="0.96" CONTENT="icke,"/><SP WIDTH="16" VPOS="460" HPOS="774"/>
							<String ID="string_127" HPOS="790" VPOS="459" WIDTH="26" HEIGHT="21" WC="0.93" CONTENT="då"/><SP WIDTH="15" VPOS="459" HPOS="816"/>
							<String ID="string_128" HPOS="831" VPOS="460" WIDTH="83" HEIGHT="20" WC="0.92" CONTENT="författ-"/>
						</TextLine>
						<TextLine ID="line_13" HPOS="91" VPOS="488" WIDTH="824" HEIGHT="28">
							<String ID="string_129" HPOS="91" VPOS="488" WIDTH="167" HEIGHT="28" WC="0.92" CONTENT="ningsförslaget"/><SP WIDTH="14" VPOS="488" HPOS="258"/>
							<String ID="string_130" HPOS="272" VPOS="488" WIDTH="7" HEIGHT="20" WC="0.96" CONTENT="i"/><SP WIDTH="16" VPOS="488" HPOS="279"/>
							<String ID="string_131" HPOS="295" VPOS="488" WIDTH="40" HEIGHT="21" WC="0.96" CONTENT="alla"/><SP WIDTH="23" VPOS="488" HPOS="335"/>
							<String ID="string_132" HPOS="358" VPOS="488" WIDTH="35" HEIGHT="20" WC="0.96" CONTENT="fall"/><SP WIDTH="22" VPOS="488" HPOS="393"/>
							<String ID="string_133" HPOS="415" VPOS="488" WIDTH="118" HEIGHT="20" WC="0.96" CONTENT="innehåller"/><SP WIDTH="22" VPOS="488" HPOS="533"/>
							<String ID="string_134" HPOS="555" VPOS="490" WIDTH="32" HEIGHT="18" WC="0.96" CONTENT="att"/><SP WIDTH="18" VPOS="490" HPOS="587"/>
							<String ID="string_135" HPOS="605" VPOS="488" WIDTH="26" HEIGHT="20" WC="0.96" CONTENT="de"/><SP WIDTH="16" VPOS="488" HPOS="631"/>
							<String ID="string_136" HPOS="647" VPOS="488" WIDTH="60" HEIGHT="20" WC="0.96" CONTENT="skola"/><SP WIDTH="16" VPOS="488" HPOS="707"/>
							<String ID="string_137" HPOS="723" VPOS="488" WIDTH="63" HEIGHT="20" WC="0.96" CONTENT="hafva"/><SP WIDTH="17" VPOS="488" HPOS="786"/>
							<String ID="string_138" HPOS="803" VPOS="488" WIDTH="93" HEIGHT="28" WC="0.96" CONTENT="burskap"/><SP WIDTH="13" VPOS="488" HPOS="896"/>
							<String ID="string_139" HPOS="909" VPOS="489" WIDTH="6" HEIGHT="20" WC="0.95" CONTENT="i"/>
						</TextLine>
						<TextLine ID="line_14" HPOS="91" VPOS="516" WIDTH="823" HEIGHT="28">
							<String ID="string_140" HPOS="91" VPOS="517" WIDTH="76" HEIGHT="21" WC="0.96" CONTENT="staden"/><SP WIDTH="24" VPOS="517" HPOS="167"/>
							<String ID="string_141" HPOS="191" VPOS="517" WIDTH="40" HEIGHT="21" WC="0.96" CONTENT="och"/><SP WIDTH="22" VPOS="517" HPOS="231"/>
							<String ID="string_142" HPOS="253" VPOS="518" WIDTH="76" HEIGHT="26" WC="0.95" CONTENT="utgöra"/><SP WIDTH="15" VPOS="518" HPOS="329"/>
							<String ID="string_143" HPOS="344" VPOS="516" WIDTH="40" HEIGHT="21" WC="0.93" CONTENT="alla"/><SP WIDTH="16" VPOS="516" HPOS="384"/>
							<String ID="string_144" HPOS="400" VPOS="516" WIDTH="112" HEIGHT="28" WC="0.92" CONTENT="utskylder"/><SP WIDTH="16" VPOS="516" HPOS="512"/>
							<String ID="string_145" HPOS="528" VPOS="516" WIDTH="37" HEIGHT="21" WC="0.93" CONTENT="och"/><SP WIDTH="18" VPOS="516" HPOS="565"/>
							<String ID="string_146" HPOS="583" VPOS="523" WIDTH="65" HEIGHT="13" WC="0.92" CONTENT="onera"/><SP WIDTH="15" VPOS="523" HPOS="648"/>
							<String ID="string_147" HPOS="663" VPOS="516" WIDTH="31" HEIGHT="20" WC="0.95" CONTENT="till"/><SP WIDTH="18" VPOS="516" HPOS="694"/>
							<String ID="string_148" HPOS="712" VPOS="516" WIDTH="129" HEIGHT="22" WC="0.94" CONTENT="densamma."/><SP WIDTH="31" VPOS="516" HPOS="841"/>
							<String ID="string_149" HPOS="872" VPOS="517" WIDTH="42" HEIGHT="21" WC="0.95" CONTENT="Det"/>
						</TextLine>
						<TextLine ID="line_15" HPOS="91" VPOS="544" WIDTH="823" HEIGHT="29">
							<String ID="string_150" HPOS="91" VPOS="548" WIDTH="30" HEIGHT="25" WC="0.96" CONTENT="är,"/><SP WIDTH="16" VPOS="548" HPOS="121"/>
							<String ID="string_151" HPOS="137" VPOS="546" WIDTH="70" HEIGHT="20" WC="0.93" CONTENT="såsom"/><SP WIDTH="15" VPOS="546" HPOS="207"/>
							<String ID="string_152" HPOS="222" VPOS="545" WIDTH="63" HEIGHT="27" WC="0.92" CONTENT="sagdt"/><SP WIDTH="15" VPOS="545" HPOS="285"/>
							<String ID="string_153" HPOS="300" VPOS="547" WIDTH="30" HEIGHT="25" WC="0.96" CONTENT="är,"/><SP WIDTH="16" VPOS="547" HPOS="330"/>
							<String ID="string_154" HPOS="346" VPOS="545" WIDTH="56" HEIGHT="21" WC="0.96" CONTENT="blott"/><SP WIDTH="14" VPOS="545" HPOS="402"/>
							<String ID="string_155" HPOS="416" VPOS="545" WIDTH="33" HEIGHT="21" WC="0.96" CONTENT="för"/><SP WIDTH="15" VPOS="545" HPOS="449"/>
							<String ID="string_156" HPOS="464" VPOS="547" WIDTH="32" HEIGHT="19" WC="0.96" CONTENT="att"/><SP WIDTH="15" VPOS="547" HPOS="496"/>
							<String ID="string_157" HPOS="511" VPOS="545" WIDTH="133" HEIGHT="21" WC="0.92" CONTENT="förekomma"/><SP WIDTH="14" VPOS="545" HPOS="644"/>
							<String ID="string_158" HPOS="658" VPOS="544" WIDTH="133" HEIGHT="28" WC="0.91" CONTENT="eldfarlighet"/><SP WIDTH="18" VPOS="544" HPOS="791"/>
							<String ID="string_159" HPOS="809" VPOS="545" WIDTH="105" HEIGHT="28" WC="0.92" CONTENT="ifrågava-"/>
						</TextLine>
						<TextLine ID="line_16" HPOS="90" VPOS="574" WIDTH="822" HEIGHT="28">
							<String ID="string_160" HPOS="90" VPOS="574" WIDTH="66" HEIGHT="21" WC="0.96" CONTENT="rande"/><SP WIDTH="23" VPOS="574" HPOS="156"/>
							<String ID="string_161" HPOS="179" VPOS="574" WIDTH="74" HEIGHT="28" WC="0.96" CONTENT="tillägg"/><SP WIDTH="23" VPOS="574" HPOS="253"/>
							<String ID="string_162" HPOS="276" VPOS="574" WIDTH="127" HEIGHT="27" WC="0.93" CONTENT="föreslagits."/><SP WIDTH="34" VPOS="574" HPOS="403"/>
							<String ID="string_163" HPOS="437" VPOS="574" WIDTH="44" HEIGHT="20" WC="0.95" CONTENT="Det"/><SP WIDTH="18" VPOS="574" HPOS="481"/>
							<String ID="string_164" HPOS="499" VPOS="574" WIDTH="68" HEIGHT="20" WC="0.96" CONTENT="finnes"/><SP WIDTH="17" VPOS="574" HPOS="567"/>
							<String ID="string_165" HPOS="584" VPOS="574" WIDTH="110" HEIGHT="20" WC="0.95" CONTENT="dessutom"/><SP WIDTH="16" VPOS="574" HPOS="694"/>
							<String ID="string_166" HPOS="710" VPOS="574" WIDTH="63" HEIGHT="20" WC="0.96" CONTENT="äfven"/><SP WIDTH="16" VPOS="574" HPOS="773"/>
							<String ID="string_167" HPOS="789" VPOS="574" WIDTH="66" HEIGHT="20" WC="0.92" CONTENT="andra"/><SP WIDTH="15" VPOS="574" HPOS="855"/>
							<String ID="string_168" HPOS="870" VPOS="580" WIDTH="42" HEIGHT="14" WC="0.92" CONTENT="om-"/>
						</TextLine>
						<TextLine ID="line_17" HPOS="90" VPOS="602" WIDTH="824" HEIGHT="28">
							<String ID="string_169" HPOS="90" VPOS="603" WIDTH="152" HEIGHT="27" WC="0.91" CONTENT="ständigheter,"/><SP WIDTH="16" VPOS="603" HPOS="242"/>
							<String ID="string_170" HPOS="258" VPOS="603" WIDTH="70" HEIGHT="20" WC="0.93" CONTENT="såsom"/><SP WIDTH="18" VPOS="603" HPOS="328"/>
							<String ID="string_171" HPOS="346" VPOS="604" WIDTH="14" HEIGHT="19" WC="0.92" CONTENT="t."/><SP WIDTH="16" VPOS="604" HPOS="360"/>
							<String ID="string_172" HPOS="376" VPOS="609" WIDTH="33" HEIGHT="14" WC="0.95" CONTENT="ex."/><SP WIDTH="17" VPOS="609" HPOS="409"/>
							<String ID="string_173" HPOS="426" VPOS="602" WIDTH="95" HEIGHT="28" WC="0.95" CONTENT="trängsel"/><SP WIDTH="16" VPOS="602" HPOS="521"/>
							<String ID="string_174" HPOS="537" VPOS="602" WIDTH="6" HEIGHT="20" WC="0.96" CONTENT="i"/><SP WIDTH="16" VPOS="602" HPOS="543"/>
							<String ID="string_175" HPOS="559" VPOS="602" WIDTH="86" HEIGHT="26" WC="0.95" CONTENT="staden,"/><SP WIDTH="17" VPOS="602" HPOS="645"/>
							<String ID="string_176" HPOS="662" VPOS="609" WIDTH="45" HEIGHT="13" WC="0.96" CONTENT="som"/><SP WIDTH="19" VPOS="609" HPOS="707"/>
							<String ID="string_177" HPOS="726" VPOS="603" WIDTH="52" HEIGHT="27" WC="0.96" CONTENT="göra"/><SP WIDTH="15" VPOS="603" HPOS="778"/>
							<String ID="string_178" HPOS="793" VPOS="604" WIDTH="32" HEIGHT="18" WC="0.96" CONTENT="att"/><SP WIDTH="15" VPOS="604" HPOS="825"/>
							<String ID="string_179" HPOS="840" VPOS="602" WIDTH="35" HEIGHT="21" WC="0.96" CONTENT="det"/><SP WIDTH="16" VPOS="602" HPOS="875"/>
							<String ID="string_180" HPOS="891" VPOS="604" WIDTH="23" HEIGHT="19" WC="0.96" CONTENT="är"/>
						</TextLine>
						<TextLine ID="line_18" HPOS="90" VPOS="630" WIDTH="824" HEIGHT="28">
							<String ID="string_181" HPOS="90" VPOS="632" WIDTH="125" HEIGHT="26" WC="0.95" CONTENT="lämpligare"/><SP WIDTH="26" VPOS="632" HPOS="215"/>
							<String ID="string_182" HPOS="241" VPOS="633" WIDTH="31" HEIGHT="19" WC="0.93" CONTENT="att"/><SP WIDTH="22" VPOS="633" HPOS="272"/>
							<String ID="string_183" HPOS="294" VPOS="631" WIDTH="63" HEIGHT="21" WC="0.93" CONTENT="hafva"/><SP WIDTH="23" VPOS="631" HPOS="357"/>
							<String ID="string_184" HPOS="380" VPOS="630" WIDTH="206" HEIGHT="23" WC="0.92" CONTENT="handtverkerierna"/><SP WIDTH="23" VPOS="630" HPOS="586"/>
							<String ID="string_185" HPOS="609" VPOS="632" WIDTH="59" HEIGHT="19" WC="0.96" CONTENT="utom"/><SP WIDTH="24" VPOS="632" HPOS="668"/>
							<String ID="string_186" HPOS="692" VPOS="631" WIDTH="85" HEIGHT="26" WC="0.72" CONTENT="staden;"/><SP WIDTH="24" VPOS="631" HPOS="777"/>
							<String ID="string_187" HPOS="801" VPOS="631" WIDTH="113" HEIGHT="21" WC="0.92" CONTENT="arbetarne"/>
						</TextLine>
						<TextLine ID="line_19" HPOS="91" VPOS="659" WIDTH="822" HEIGHT="27">
							<String ID="string_188" HPOS="91" VPOS="660" WIDTH="64" HEIGHT="20" WC="0.96" CONTENT="hafva"/><SP WIDTH="16" VPOS="660" HPOS="155"/>
							<String ID="string_189" HPOS="171" VPOS="660" WIDTH="65" HEIGHT="20" WC="0.96" CONTENT="också"/><SP WIDTH="15" VPOS="660" HPOS="236"/>
							<String ID="string_190" HPOS="251" VPOS="660" WIDTH="81" HEIGHT="20" WC="0.93" CONTENT="mindre"/><SP WIDTH="16" VPOS="660" HPOS="332"/>
							<String ID="string_191" HPOS="348" VPOS="659" WIDTH="110" HEIGHT="21" WC="0.95" CONTENT="frestelser"/><SP WIDTH="16" VPOS="659" HPOS="458"/>
							<String ID="string_192" HPOS="474" VPOS="661" WIDTH="31" HEIGHT="19" WC="0.96" CONTENT="att"/><SP WIDTH="16" VPOS="661" HPOS="505"/>
							<String ID="string_193" HPOS="521" VPOS="659" WIDTH="81" HEIGHT="21" WC="0.93" CONTENT="besöka"/><SP WIDTH="17" VPOS="659" HPOS="602"/>
							<String ID="string_194" HPOS="619" VPOS="659" WIDTH="85" HEIGHT="27" WC="0.92" CONTENT="olofliga"/><SP WIDTH="10" VPOS="659" HPOS="704"/>
							<String ID="string_195" HPOS="714" VPOS="659" WIDTH="77" HEIGHT="21" WC="0.95" CONTENT="ställen"/><SP WIDTH="15" VPOS="659" HPOS="791"/>
							<String ID="string_196" HPOS="806" VPOS="659" WIDTH="7" HEIGHT="21" WC="0.96" CONTENT="i"/><SP WIDTH="16" VPOS="659" HPOS="813"/>
							<String ID="string_197" HPOS="829" VPOS="660" WIDTH="84" HEIGHT="26" WC="0.96" CONTENT="staden,"/>
						</TextLine>
						<TextLine ID="line_20" HPOS="91" VPOS="687" WIDTH="822" HEIGHT="27">
							<String ID="string_198" HPOS="91" VPOS="688" WIDTH="27" HEIGHT="21" WC="0.84" CONTENT="dä"/><SP WIDTH="23" VPOS="688" HPOS="118"/>
							<String ID="string_199" HPOS="141" VPOS="688" WIDTH="26" HEIGHT="21" WC="0.93" CONTENT="de"/><SP WIDTH="22" VPOS="688" HPOS="167"/>
							<String ID="string_200" HPOS="189" VPOS="688" WIDTH="63" HEIGHT="21" WC="0.96" CONTENT="hafva"/><SP WIDTH="23" VPOS="688" HPOS="252"/>
							<String ID="string_201" HPOS="275" VPOS="688" WIDTH="33" HEIGHT="20" WC="0.96" CONTENT="sin"/><SP WIDTH="23" VPOS="688" HPOS="308"/>
							<String ID="string_202" HPOS="331" VPOS="688" WIDTH="138" HEIGHT="21" WC="0.93" CONTENT="verksamhet"/><SP WIDTH="18" VPOS="688" HPOS="469"/>
							<String ID="string_203" HPOS="487" VPOS="690" WIDTH="58" HEIGHT="18" WC="0.96" CONTENT="utom"/><SP WIDTH="20" VPOS="690" HPOS="545"/>
							<String ID="string_204" HPOS="565" VPOS="687" WIDTH="86" HEIGHT="21" WC="0.93" CONTENT="stadens"/><SP WIDTH="17" VPOS="687" HPOS="651"/>
							<String ID="string_205" HPOS="668" VPOS="690" WIDTH="79" HEIGHT="24" WC="0.96" CONTENT="portar,"/><SP WIDTH="17" VPOS="690" HPOS="747"/>
							<String ID="string_206" HPOS="764" VPOS="687" WIDTH="37" HEIGHT="21" WC="0.96" CONTENT="der"/><SP WIDTH="15" VPOS="687" HPOS="801"/>
							<String ID="string_207" HPOS="816" VPOS="687" WIDTH="36" HEIGHT="21" WC="0.93" CONTENT="det"/><SP WIDTH="14" VPOS="687" HPOS="852"/>
							<String ID="string_208" HPOS="866" VPOS="688" WIDTH="47" HEIGHT="21" WC="0.96" CONTENT="icke"/>
						</TextLine>
						<TextLine ID="line_21" HPOS="90" VPOS="716" WIDTH="824" HEIGHT="28">
							<String ID="string_209" HPOS="90" VPOS="717" WIDTH="68" HEIGHT="21" WC="0.96" CONTENT="finnes"/><SP WIDTH="23" VPOS="717" HPOS="158"/>
							<String ID="string_210" HPOS="181" VPOS="717" WIDTH="24" HEIGHT="20" WC="0.96" CONTENT="sä"/><SP WIDTH="22" VPOS="717" HPOS="205"/>
							<String ID="string_211" HPOS="227" VPOS="717" WIDTH="86" HEIGHT="27" WC="0.93" CONTENT="mycket"/><SP WIDTH="23" VPOS="717" HPOS="313"/>
							<String ID="string_212" HPOS="336" VPOS="716" WIDTH="83" HEIGHT="21" WC="0.96" CONTENT="tillfälle"/><SP WIDTH="23" VPOS="716" HPOS="419"/>
							<String ID="string_213" HPOS="442" VPOS="724" WIDTH="45" HEIGHT="13" WC="0.96" CONTENT="som"/><SP WIDTH="24" VPOS="724" HPOS="487"/>
							<String ID="string_214" HPOS="511" VPOS="717" WIDTH="56" HEIGHT="20" WC="0.95" CONTENT="inom"/><SP WIDTH="24" VPOS="717" HPOS="567"/>
							<String ID="string_215" HPOS="591" VPOS="716" WIDTH="81" HEIGHT="20" WC="0.93" CONTENT="staden."/><SP WIDTH="31" VPOS="716" HPOS="672"/>
							<String ID="string_216" HPOS="703" VPOS="716" WIDTH="51" HEIGHT="20" WC="0.96" CONTENT="Icke"/><SP WIDTH="18" VPOS="716" HPOS="754"/>
							<String ID="string_217" HPOS="772" VPOS="718" WIDTH="44" HEIGHT="18" WC="0.96" CONTENT="tror"/><SP WIDTH="13" VPOS="718" HPOS="816"/>
							<String ID="string_218" HPOS="829" VPOS="717" WIDTH="38" HEIGHT="27" WC="0.96" CONTENT="jag"/><SP WIDTH="16" VPOS="717" HPOS="867"/>
							<String ID="string_219" HPOS="883" VPOS="718" WIDTH="31" HEIGHT="20" WC="0.96" CONTENT="att"/>
						</TextLine>
						<TextLine ID="line_22" HPOS="90" VPOS="744" WIDTH="823" HEIGHT="28">
							<String ID="string_220" HPOS="90" VPOS="746" WIDTH="78" HEIGHT="20" WC="0.96" CONTENT="minsta"/><SP WIDTH="23" VPOS="746" HPOS="168"/>
							<String ID="string_221" HPOS="191" VPOS="745" WIDTH="113" HEIGHT="27" WC="0.93" CONTENT="olägenhet"/><SP WIDTH="22" VPOS="745" HPOS="304"/>
							<String ID="string_222" HPOS="326" VPOS="745" WIDTH="159" HEIGHT="21" WC="0.80" CONTENT="ästadkommes"/><SP WIDTH="16" VPOS="745" HPOS="485"/>
							<String ID="string_223" HPOS="501" VPOS="745" WIDTH="94" HEIGHT="20" WC="0.92" CONTENT="hvarken"/><SP WIDTH="18" VPOS="745" HPOS="595"/>
							<String ID="string_224" HPOS="613" VPOS="744" WIDTH="32" HEIGHT="20" WC="0.93" CONTENT="för"/><SP WIDTH="15" VPOS="744" HPOS="645"/>
							<String ID="string_225" HPOS="660" VPOS="744" WIDTH="101" HEIGHT="21" WC="0.96" CONTENT="städerna"/><SP WIDTH="17" VPOS="744" HPOS="761"/>
							<String ID="string_226" HPOS="778" VPOS="744" WIDTH="51" HEIGHT="21" WC="0.93" CONTENT="eller"/><SP WIDTH="16" VPOS="744" HPOS="829"/>
							<String ID="string_227" HPOS="845" VPOS="746" WIDTH="68" HEIGHT="26" WC="0.96" CONTENT="någon"/>
						</TextLine>
						<TextLine ID="line_23" HPOS="90" VPOS="772" WIDTH="824" HEIGHT="29">
							<String ID="string_228" HPOS="90" VPOS="781" WIDTH="70" HEIGHT="14" WC="0.96" CONTENT="annan"/><SP WIDTH="16" VPOS="781" HPOS="160"/>
							<String ID="string_229" HPOS="176" VPOS="781" WIDTH="76" HEIGHT="20" WC="0.93" CONTENT="genom"/><SP WIDTH="16" VPOS="781" HPOS="252"/>
							<String ID="string_230" HPOS="268" VPOS="773" WIDTH="156" HEIGHT="28" WC="0.92" CONTENT="godkännande"/><SP WIDTH="15" VPOS="773" HPOS="424"/>
							<String ID="string_231" HPOS="439" VPOS="774" WIDTH="22" HEIGHT="20" WC="0.96" CONTENT="af"/><SP WIDTH="14" VPOS="774" HPOS="461"/>
							<String ID="string_232" HPOS="475" VPOS="774" WIDTH="70" HEIGHT="20" WC="0.93" CONTENT="denna"/><SP WIDTH="16" VPOS="774" HPOS="545"/>
							<String ID="string_233" HPOS="561" VPOS="774" WIDTH="21" HEIGHT="26" WC="0.88" CONTENT="$,"/><SP WIDTH="17" VPOS="774" HPOS="582"/>
							<String ID="string_234" HPOS="599" VPOS="772" WIDTH="55" HEIGHT="22" WC="0.96" CONTENT="helst"/><SP WIDTH="15" VPOS="772" HPOS="654"/>
							<String ID="string_235" HPOS="669" VPOS="772" WIDTH="160" HEIGHT="28" WC="0.93" CONTENT="tillämpningen"/><SP WIDTH="16" VPOS="772" HPOS="829"/>
							<String ID="string_236" HPOS="845" VPOS="773" WIDTH="69" HEIGHT="21" WC="0.90" CONTENT="blefve"/>
						</TextLine>
						<TextLine ID="line_24" HPOS="91" VPOS="801" WIDTH="822" HEIGHT="29">
							<String ID="string_237" HPOS="91" VPOS="802" WIDTH="75" HEIGHT="27" WC="0.89" CONTENT="sädan,"/><SP WIDTH="15" VPOS="802" HPOS="166"/>
							<String ID="string_238" HPOS="181" VPOS="802" WIDTH="44" HEIGHT="21" WC="0.92" CONTENT="ifall"/><SP WIDTH="15" VPOS="802" HPOS="225"/>
							<String ID="string_239" HPOS="240" VPOS="809" WIDTH="49" HEIGHT="14" WC="0.93" CONTENT="man"/><SP WIDTH="16" VPOS="809" HPOS="289"/>
							<String ID="string_240" HPOS="305" VPOS="802" WIDTH="71" HEIGHT="21" WC="0.93" CONTENT="alltför"/><SP WIDTH="10" VPOS="802" HPOS="376"/>
							<String ID="string_241" HPOS="386" VPOS="808" WIDTH="55" HEIGHT="22" WC="0.93" CONTENT="noga"/><SP WIDTH="11" VPOS="808" HPOS="441"/>
							<String ID="string_242" HPOS="452" VPOS="802" WIDTH="49" HEIGHT="21" WC="0.93" CONTENT="ville"/><SP WIDTH="11" VPOS="802" HPOS="501"/>
							<String ID="string_243" HPOS="512" VPOS="802" WIDTH="110" HEIGHT="28" WC="0.92" CONTENT="nagelfara"/><SP WIDTH="10" VPOS="802" HPOS="622"/>
							<String ID="string_244" HPOS="632" VPOS="801" WIDTH="97" HEIGHT="27" WC="0.91" CONTENT="dermed,"/><SP WIDTH="16" VPOS="801" HPOS="729"/>
							<String ID="string_245" HPOS="745" VPOS="803" WIDTH="32" HEIGHT="19" WC="0.96" CONTENT="att"/><SP WIDTH="11" VPOS="803" HPOS="777"/>
							<String ID="string_246" HPOS="788" VPOS="801" WIDTH="41" HEIGHT="21" WC="0.93" CONTENT="alla"/><SP WIDTH="11" VPOS="801" HPOS="829"/>
							<String ID="string_247" HPOS="840" VPOS="802" WIDTH="73" HEIGHT="21" WC="0.93" CONTENT="handt-"/>
						</TextLine>
						<TextLine ID="line_25" HPOS="91" VPOS="830" WIDTH="822" HEIGHT="27">
							<String ID="string_248" HPOS="91" VPOS="831" WIDTH="89" HEIGHT="21" WC="0.92" CONTENT="verkare"/><SP WIDTH="16" VPOS="831" HPOS="180"/>
							<String ID="string_249" HPOS="196" VPOS="831" WIDTH="67" HEIGHT="20" WC="0.93" CONTENT="skulle"/><SP WIDTH="16" VPOS="831" HPOS="263"/>
							<String ID="string_250" HPOS="279" VPOS="830" WIDTH="65" HEIGHT="21" WC="0.93" CONTENT="blifva"/><SP WIDTH="16" VPOS="830" HPOS="344"/>
							<String ID="string_251" HPOS="360" VPOS="830" WIDTH="138" HEIGHT="21" WC="0.92" CONTENT="fabrikanter."/><SP WIDTH="17" VPOS="830" HPOS="498"/>
							<String ID="string_252" HPOS="515" VPOS="830" WIDTH="43" HEIGHT="21" WC="0.96" CONTENT="Det"/><SP WIDTH="16" VPOS="830" HPOS="558"/>
							<String ID="string_253" HPOS="574" VPOS="832" WIDTH="23" HEIGHT="19" WC="0.96" CONTENT="är"/><SP WIDTH="16" VPOS="832" HPOS="597"/>
							<String ID="string_254" HPOS="613" VPOS="830" WIDTH="27" HEIGHT="20" WC="0.96" CONTENT="dä"/><SP WIDTH="16" VPOS="830" HPOS="640"/>
							<String ID="string_255" HPOS="656" VPOS="830" WIDTH="70" HEIGHT="20" WC="0.96" CONTENT="bättre"/><SP WIDTH="10" VPOS="830" HPOS="726"/>
							<String ID="string_256" HPOS="736" VPOS="831" WIDTH="32" HEIGHT="19" WC="0.96" CONTENT="att"/><SP WIDTH="11" VPOS="831" HPOS="768"/>
							<String ID="string_257" HPOS="779" VPOS="830" WIDTH="61" HEIGHT="27" WC="0.93" CONTENT="lagen"/><SP WIDTH="12" VPOS="830" HPOS="840"/>
							<String ID="string_258" HPOS="852" VPOS="831" WIDTH="61" HEIGHT="20" WC="0.91" CONTENT="sank-"/>
						</TextLine>
						<TextLine ID="line_26" HPOS="90" VPOS="858" WIDTH="664" HEIGHT="27">
							<String ID="string_259" HPOS="90" VPOS="860" WIDTH="94" HEIGHT="20" WC="0.92" CONTENT="tionerar"/><SP WIDTH="15" VPOS="860" HPOS="184"/>
							<String ID="string_260" HPOS="199" VPOS="859" WIDTH="61" HEIGHT="21" WC="0.93" CONTENT="detta"/><SP WIDTH="14" VPOS="859" HPOS="260"/>
							<String ID="string_261" HPOS="274" VPOS="859" WIDTH="142" HEIGHT="26" WC="0.92" CONTENT="förhällande,"/><SP WIDTH="15" VPOS="859" HPOS="416"/>
							<String ID="string_262" HPOS="431" VPOS="861" WIDTH="26" HEIGHT="18" WC="0.96" CONTENT="än"/><SP WIDTH="16" VPOS="861" HPOS="457"/>
							<String ID="string_263" HPOS="473" VPOS="860" WIDTH="32" HEIGHT="19" WC="0.96" CONTENT="att"/><SP WIDTH="16" VPOS="860" HPOS="505"/>
							<String ID="string_264" HPOS="521" VPOS="859" WIDTH="39" HEIGHT="20" WC="0.96" CONTENT="den"/><SP WIDTH="17" VPOS="859" HPOS="560"/>
							<String ID="string_265" HPOS="577" VPOS="858" WIDTH="54" HEIGHT="21" WC="0.93" CONTENT="skall"/><SP WIDTH="16" VPOS="858" HPOS="631"/>
							<String ID="string_266" HPOS="647" VPOS="858" WIDTH="107" HEIGHT="27" WC="0.91" CONTENT="kringgäs."/>
						</TextLine>
					</TextBlock>
					<TextBlock ID="block_2" HPOS="91" VPOS="886" WIDTH="824" HEIGHT="626">
						<TextLine ID="line_27" HPOS="159" VPOS="886" WIDTH="754" HEIGHT="29">
							<String ID="string_267" HPOS="159" VPOS="887" WIDTH="57" HEIGHT="22" WC="0.95" CONTENT="Herr"/><SP WIDTH="23" VPOS="887" HPOS="216"/>
							<String ID="string_268" HPOS="239" VPOS="887" WIDTH="145" HEIGHT="21" WC="0.95" CONTENT="Snellman:"/><SP WIDTH="23" VPOS="887" HPOS="384"/>
							<String ID="string_269" HPOS="407" VPOS="887" WIDTH="42" HEIGHT="28" WC="0.93" CONTENT="Jag"/><SP WIDTH="23" VPOS="887" HPOS="449"/>
							<String ID="string_270" HPOS="472" VPOS="887" WIDTH="85" HEIGHT="21" WC="0.92" CONTENT="förenar"/><SP WIDTH="23" VPOS="887" HPOS="557"/>
							<String ID="string_271" HPOS="580" VPOS="887" WIDTH="44" HEIGHT="27" WC="0.96" CONTENT="mig"/><SP WIDTH="22" VPOS="887" HPOS="624"/>
							<String ID="string_272" HPOS="646" VPOS="886" WIDTH="49" HEIGHT="21" WC="0.96" CONTENT="med"/><SP WIDTH="23" VPOS="886" HPOS="695"/>
							<String ID="string_273" HPOS="718" VPOS="886" WIDTH="42" HEIGHT="21" WC="0.93" CONTENT="den"/><SP WIDTH="15" VPOS="886" HPOS="760"/>
							<String ID="string_274" HPOS="775" VPOS="886" WIDTH="77" HEIGHT="27" WC="0.92" CONTENT="talare,"/><SP WIDTH="16" VPOS="886" HPOS="852"/>
							<String ID="string_275" HPOS="868" VPOS="893" WIDTH="45" HEIGHT="15" WC="0.97" CONTENT="som"/>
						</TextLine>
						<TextLine ID="line_28" HPOS="91" VPOS="914" WIDTH="821" HEIGHT="30">
							<String ID="string_276" HPOS="91" VPOS="916" WIDTH="86" HEIGHT="28" WC="0.93" CONTENT="yttrade"/><SP WIDTH="20" VPOS="916" HPOS="177"/>
							<String ID="string_277" HPOS="197" VPOS="916" WIDTH="33" HEIGHT="28" WC="0.96" CONTENT="sig"/><SP WIDTH="15" VPOS="916" HPOS="230"/>
							<String ID="string_278" HPOS="245" VPOS="916" WIDTH="30" HEIGHT="21" WC="0.93" CONTENT="till"/><SP WIDTH="17" VPOS="916" HPOS="275"/>
							<String ID="string_279" HPOS="292" VPOS="916" WIDTH="82" HEIGHT="21" WC="0.92" CONTENT="förmon"/><SP WIDTH="16" VPOS="916" HPOS="374"/>
							<String ID="string_280" HPOS="390" VPOS="916" WIDTH="33" HEIGHT="20" WC="0.96" CONTENT="för"/><SP WIDTH="16" VPOS="916" HPOS="423"/>
							<String ID="string_281" HPOS="439" VPOS="916" WIDTH="40" HEIGHT="20" WC="0.96" CONTENT="den"/><SP WIDTH="17" VPOS="916" HPOS="479"/>
							<String ID="string_282" HPOS="496" VPOS="916" WIDTH="23" HEIGHT="20" WC="0.93" CONTENT="af"/><SP WIDTH="14" VPOS="916" HPOS="519"/>
							<String ID="string_283" HPOS="533" VPOS="916" WIDTH="161" HEIGHT="27" WC="0.92" CONTENT="borgmästaren"/><SP WIDTH="16" VPOS="916" HPOS="694"/>
							<String ID="string_284" HPOS="710" VPOS="914" WIDTH="157" HEIGHT="29" WC="0.92" CONTENT="Pronikowskij"/><SP WIDTH="16" VPOS="914" HPOS="867"/>
							<String ID="string_285" HPOS="883" VPOS="915" WIDTH="29" HEIGHT="22" WC="0.92" CONTENT="bi-"/>
						</TextLine>
						<TextLine ID="line_29" HPOS="91" VPOS="943" WIDTH="821" HEIGHT="30">
							<String ID="string_286" HPOS="91" VPOS="945" WIDTH="76" HEIGHT="28" WC="0.90" CONTENT="fogade"/><SP WIDTH="23" VPOS="945" HPOS="167"/>
							<String ID="string_287" HPOS="190" VPOS="945" WIDTH="171" HEIGHT="21" WC="0.92" CONTENT="reservationens"/><SP WIDTH="26" VPOS="945" HPOS="361"/>
							<String ID="string_288" HPOS="387" VPOS="944" WIDTH="158" HEIGHT="28" WC="0.95" CONTENT="godkännande"/><SP WIDTH="22" VPOS="944" HPOS="545"/>
							<String ID="string_289" HPOS="567" VPOS="943" WIDTH="111" HEIGHT="28" WC="0.96" CONTENT="angående"/><SP WIDTH="23" VPOS="943" HPOS="678"/>
							<String ID="string_290" HPOS="701" VPOS="943" WIDTH="68" HEIGHT="20" WC="0.93" CONTENT="första"/><SP WIDTH="15" VPOS="943" HPOS="769"/>
							<String ID="string_291" HPOS="784" VPOS="946" WIDTH="128" HEIGHT="24" WC="0.95" CONTENT="momentet,"/>
						</TextLine>
						<TextLine ID="line_30" HPOS="91" VPOS="971" WIDTH="821" HEIGHT="30">
							<String ID="string_292" HPOS="91" VPOS="974" WIDTH="20" HEIGHT="20" WC="0.91" CONTENT="d."/><SP WIDTH="16" VPOS="974" HPOS="111"/>
							<String ID="string_293" HPOS="127" VPOS="981" WIDTH="18" HEIGHT="13" WC="0.96" CONTENT="v."/><SP WIDTH="18" VPOS="981" HPOS="145"/>
							<String ID="string_294" HPOS="163" VPOS="980" WIDTH="15" HEIGHT="13" WC="0.96" CONTENT="s."/><SP WIDTH="18" VPOS="980" HPOS="178"/>
							<String ID="string_295" HPOS="196" VPOS="973" WIDTH="40" HEIGHT="21" WC="0.92" CONTENT="den"/><SP WIDTH="26" VPOS="973" HPOS="236"/>
							<String ID="string_296" HPOS="262" VPOS="973" WIDTH="64" HEIGHT="28" WC="0.92" CONTENT="åsigt,"/><SP WIDTH="18" VPOS="973" HPOS="326"/>
							<String ID="string_297" HPOS="344" VPOS="980" WIDTH="45" HEIGHT="13" WC="0.96" CONTENT="som"/><SP WIDTH="17" VPOS="980" HPOS="389"/>
							<String ID="string_298" HPOS="406" VPOS="979" WIDTH="62" HEIGHT="14" WC="0.96" CONTENT="anser"/><SP WIDTH="15" VPOS="979" HPOS="468"/>
							<String ID="string_299" HPOS="483" VPOS="972" WIDTH="141" HEIGHT="21" WC="0.96" CONTENT="redaktionen"/><SP WIDTH="15" VPOS="972" HPOS="624"/>
							<String ID="string_300" HPOS="639" VPOS="972" WIDTH="6" HEIGHT="20" WC="0.96" CONTENT="i"/><SP WIDTH="16" VPOS="972" HPOS="645"/>
							<String ID="string_301" HPOS="661" VPOS="971" WIDTH="77" HEIGHT="28" WC="0.96" CONTENT="nådiga"/><SP WIDTH="16" VPOS="971" HPOS="738"/>
							<String ID="string_302" HPOS="754" VPOS="972" WIDTH="158" HEIGHT="27" WC="0.96" CONTENT="propositionen"/>
						</TextLine>
						<TextLine ID="line_31" HPOS="91" VPOS="1000" WIDTH="822" HEIGHT="29">
							<String ID="string_303" HPOS="91" VPOS="1009" WIDTH="40" HEIGHT="20" WC="0.90" CONTENT="ega"/><SP WIDTH="16" VPOS="1009" HPOS="131"/>
							<String ID="string_304" HPOS="147" VPOS="1001" WIDTH="108" HEIGHT="22" WC="0.96" CONTENT="företräde"/><SP WIDTH="16" VPOS="1001" HPOS="255"/>
							<String ID="string_305" HPOS="271" VPOS="1002" WIDTH="32" HEIGHT="20" WC="0.96" CONTENT="för"/><SP WIDTH="16" VPOS="1002" HPOS="303"/>
							<String ID="string_306" HPOS="319" VPOS="1001" WIDTH="117" HEIGHT="21" WC="0.96" CONTENT="utskottets"/><SP WIDTH="16" VPOS="1001" HPOS="436"/>
							<String ID="string_307" HPOS="452" VPOS="1001" WIDTH="143" HEIGHT="21" WC="0.95" CONTENT="betänkande."/><SP WIDTH="17" VPOS="1001" HPOS="595"/>
							<String ID="string_308" HPOS="612" VPOS="1001" WIDTH="43" HEIGHT="20" WC="0.96" CONTENT="Det"/><SP WIDTH="16" VPOS="1001" HPOS="655"/>
							<String ID="string_309" HPOS="671" VPOS="1000" WIDTH="38" HEIGHT="21" WC="0.96" CONTENT="har"/><SP WIDTH="15" VPOS="1000" HPOS="709"/>
							<String ID="string_310" HPOS="724" VPOS="1000" WIDTH="112" HEIGHT="27" WC="0.96" CONTENT="iakttagits"/><SP WIDTH="11" VPOS="1000" HPOS="836"/>
							<String ID="string_311" HPOS="847" VPOS="1001" WIDTH="66" HEIGHT="21" WC="0.96" CONTENT="redan"/>
						</TextLine>
						<TextLine ID="line_32" HPOS="91" VPOS="1028" WIDTH="823" HEIGHT="29">
							<String ID="string_312" HPOS="91" VPOS="1031" WIDTH="147" HEIGHT="25" WC="0.90" CONTENT="härförinnan,"/><SP WIDTH="24" VPOS="1031" HPOS="238"/>
							<String ID="string_313" HPOS="262" VPOS="1032" WIDTH="32" HEIGHT="19" WC="0.95" CONTENT="att"/><SP WIDTH="22" VPOS="1032" HPOS="294"/>
							<String ID="string_314" HPOS="316" VPOS="1030" WIDTH="94" HEIGHT="21" WC="0.95" CONTENT="tillstånd"/><SP WIDTH="17" VPOS="1030" HPOS="410"/>
							<String ID="string_315" HPOS="427" VPOS="1029" WIDTH="30" HEIGHT="21" WC="0.93" CONTENT="till"/><SP WIDTH="16" VPOS="1029" HPOS="457"/>
							<String ID="string_316" HPOS="473" VPOS="1029" WIDTH="138" HEIGHT="21" WC="0.92" CONTENT="landthandel"/><SP WIDTH="16" VPOS="1029" HPOS="611"/>
							<String ID="string_317" HPOS="627" VPOS="1029" WIDTH="38" HEIGHT="20" WC="0.93" CONTENT="har"/><SP WIDTH="15" VPOS="1029" HPOS="665"/>
							<String ID="string_318" HPOS="680" VPOS="1028" WIDTH="121" HEIGHT="28" WC="0.92" CONTENT="medgifvits"/><SP WIDTH="16" VPOS="1028" HPOS="801"/>
							<String ID="string_319" HPOS="817" VPOS="1028" WIDTH="55" HEIGHT="22" WC="0.96" CONTENT="blott"/><SP WIDTH="14" VPOS="1028" HPOS="872"/>
							<String ID="string_320" HPOS="886" VPOS="1030" WIDTH="28" HEIGHT="27" WC="0.96" CONTENT="på"/>
						</TextLine>
						<TextLine ID="line_33" HPOS="91" VPOS="1057" WIDTH="821" HEIGHT="26">
							<String ID="string_321" HPOS="91" VPOS="1059" WIDTH="54" HEIGHT="21" WC="0.93" CONTENT="visst"/><SP WIDTH="16" VPOS="1059" HPOS="145"/>
							<String ID="string_322" HPOS="161" VPOS="1059" WIDTH="83" HEIGHT="21" WC="0.92" CONTENT="afstånd"/><SP WIDTH="17" VPOS="1059" HPOS="244"/>
							<String ID="string_323" HPOS="261" VPOS="1059" WIDTH="45" HEIGHT="20" WC="0.96" CONTENT="från"/><SP WIDTH="17" VPOS="1059" HPOS="306"/>
							<String ID="string_324" HPOS="323" VPOS="1058" WIDTH="81" HEIGHT="21" WC="0.96" CONTENT="staden."/><SP WIDTH="18" VPOS="1058" HPOS="404"/>
							<String ID="string_325" HPOS="422" VPOS="1058" WIDTH="97" HEIGHT="21" WC="0.92" CONTENT="Orsaken"/><SP WIDTH="17" VPOS="1058" HPOS="519"/>
							<String ID="string_326" HPOS="536" VPOS="1057" WIDTH="70" HEIGHT="21" WC="0.91" CONTENT="dertill"/><SP WIDTH="16" VPOS="1057" HPOS="606"/>
							<String ID="string_327" HPOS="622" VPOS="1057" WIDTH="38" HEIGHT="21" WC="0.96" CONTENT="har"/><SP WIDTH="14" VPOS="1057" HPOS="660"/>
							<String ID="string_328" HPOS="674" VPOS="1057" WIDTH="54" HEIGHT="21" WC="0.96" CONTENT="varit"/><SP WIDTH="14" VPOS="1057" HPOS="728"/>
							<String ID="string_329" HPOS="742" VPOS="1057" WIDTH="50" HEIGHT="26" WC="0.96" CONTENT="den,"/><SP WIDTH="14" VPOS="1057" HPOS="792"/>
							<String ID="string_330" HPOS="806" VPOS="1059" WIDTH="32" HEIGHT="18" WC="0.93" CONTENT="att"/><SP WIDTH="11" VPOS="1059" HPOS="838"/>
							<String ID="string_331" HPOS="849" VPOS="1057" WIDTH="63" HEIGHT="21" WC="0.92" CONTENT="hand-"/>
						</TextLine>
						<TextLine ID="line_34" HPOS="91" VPOS="1085" WIDTH="823" HEIGHT="29">
							<String ID="string_332" HPOS="91" VPOS="1087" WIDTH="62" HEIGHT="21" WC="0.96" CONTENT="lande"/><SP WIDTH="16" VPOS="1087" HPOS="153"/>
							<String ID="string_333" HPOS="169" VPOS="1088" WIDTH="7" HEIGHT="20" WC="0.96" CONTENT="i"/><SP WIDTH="15" VPOS="1088" HPOS="176"/>
							<String ID="string_334" HPOS="191" VPOS="1087" WIDTH="47" HEIGHT="21" WC="0.96" CONTENT="stad"/><SP WIDTH="17" VPOS="1087" HPOS="238"/>
							<String ID="string_335" HPOS="255" VPOS="1088" WIDTH="83" HEIGHT="20" WC="0.96" CONTENT="betalar"/><SP WIDTH="15" VPOS="1088" HPOS="338"/>
							<String ID="string_336" HPOS="353" VPOS="1094" WIDTH="26" HEIGHT="14" WC="0.96" CONTENT="en"/><SP WIDTH="16" VPOS="1094" HPOS="379"/>
							<String ID="string_337" HPOS="395" VPOS="1087" WIDTH="77" HEIGHT="27" WC="0.91" CONTENT="mängd"/><SP WIDTH="17" VPOS="1087" HPOS="472"/>
							<String ID="string_338" HPOS="489" VPOS="1093" WIDTH="65" HEIGHT="14" WC="0.91" CONTENT="onera"/><SP WIDTH="15" VPOS="1093" HPOS="554"/>
							<String ID="string_339" HPOS="569" VPOS="1086" WIDTH="31" HEIGHT="21" WC="0.96" CONTENT="till"/><SP WIDTH="15" VPOS="1086" HPOS="600"/>
							<String ID="string_340" HPOS="615" VPOS="1086" WIDTH="83" HEIGHT="20" WC="0.95" CONTENT="kronan"/><SP WIDTH="16" VPOS="1086" HPOS="698"/>
							<String ID="string_341" HPOS="714" VPOS="1085" WIDTH="92" HEIGHT="27" WC="0.96" CONTENT="direkte,"/><SP WIDTH="15" VPOS="1085" HPOS="806"/>
							<String ID="string_342" HPOS="821" VPOS="1086" WIDTH="52" HEIGHT="21" WC="0.93" CONTENT="eller"/><SP WIDTH="10" VPOS="1086" HPOS="873"/>
							<String ID="string_343" HPOS="883" VPOS="1086" WIDTH="31" HEIGHT="21" WC="0.92" CONTENT="in-"/>
						</TextLine>
						<TextLine ID="line_35" HPOS="92" VPOS="1114" WIDTH="820" HEIGHT="29">
							<String ID="string_344" HPOS="92" VPOS="1116" WIDTH="83" HEIGHT="21" WC="0.96" CONTENT="direkte"/><SP WIDTH="23" VPOS="1116" HPOS="175"/>
							<String ID="string_345" HPOS="198" VPOS="1123" WIDTH="77" HEIGHT="20" WC="0.96" CONTENT="genom"/><SP WIDTH="23" VPOS="1123" HPOS="275"/>
							<String ID="string_346" HPOS="298" VPOS="1118" WIDTH="31" HEIGHT="18" WC="0.96" CONTENT="att"/><SP WIDTH="16" VPOS="1118" HPOS="329"/>
							<String ID="string_347" HPOS="345" VPOS="1116" WIDTH="5" HEIGHT="20" WC="0.96" CONTENT="i"/><SP WIDTH="17" VPOS="1116" HPOS="350"/>
							<String ID="string_348" HPOS="367" VPOS="1115" WIDTH="74" HEIGHT="21" WC="0.96" CONTENT="staden"/><SP WIDTH="24" VPOS="1115" HPOS="441"/>
							<String ID="string_349" HPOS="465" VPOS="1115" WIDTH="126" HEIGHT="20" WC="0.95" CONTENT="underhålla"/><SP WIDTH="22" VPOS="1115" HPOS="591"/>
							<String ID="string_350" HPOS="613" VPOS="1114" WIDTH="123" HEIGHT="26" WC="0.96" CONTENT="domstolar,"/><SP WIDTH="23" VPOS="1114" HPOS="736"/>
							<String ID="string_351" HPOS="759" VPOS="1114" WIDTH="54" HEIGHT="27" WC="0.93" CONTENT="polis"/><SP WIDTH="23" VPOS="1114" HPOS="813"/>
							<String ID="string_352" HPOS="836" VPOS="1121" WIDTH="26" HEIGHT="14" WC="0.93" CONTENT="m."/><SP WIDTH="17" VPOS="1121" HPOS="862"/>
							<String ID="string_353" HPOS="879" VPOS="1121" WIDTH="33" HEIGHT="20" WC="0.90" CONTENT="m.,"/>
						</TextLine>
						<TextLine ID="line_36" HPOS="92" VPOS="1142" WIDTH="820" HEIGHT="30">
							<String ID="string_354" HPOS="92" VPOS="1145" WIDTH="71" HEIGHT="20" WC="0.91" CONTENT="hvilka"/><SP WIDTH="24" VPOS="1145" HPOS="163"/>
							<String ID="string_355" HPOS="187" VPOS="1144" WIDTH="111" HEIGHT="28" WC="0.90" CONTENT="utskylder"/><SP WIDTH="21" VPOS="1144" HPOS="298"/>
							<String ID="string_356" HPOS="319" VPOS="1151" WIDTH="25" HEIGHT="14" WC="0.93" CONTENT="en"/><SP WIDTH="24" VPOS="1151" HPOS="344"/>
							<String ID="string_357" HPOS="368" VPOS="1143" WIDTH="180" HEIGHT="22" WC="0.91" CONTENT="landthandlande"/><SP WIDTH="19" VPOS="1143" HPOS="548"/>
							<String ID="string_358" HPOS="567" VPOS="1143" WIDTH="47" HEIGHT="21" WC="0.96" CONTENT="icke"/><SP WIDTH="16" VPOS="1143" HPOS="614"/>
							<String ID="string_359" HPOS="630" VPOS="1143" WIDTH="38" HEIGHT="20" WC="0.95" CONTENT="har"/><SP WIDTH="16" VPOS="1143" HPOS="668"/>
							<String ID="string_360" HPOS="684" VPOS="1144" WIDTH="31" HEIGHT="19" WC="0.95" CONTENT="att"/><SP WIDTH="16" VPOS="1144" HPOS="715"/>
							<String ID="string_361" HPOS="731" VPOS="1142" WIDTH="86" HEIGHT="27" WC="0.96" CONTENT="erlägga"/><SP WIDTH="16" VPOS="1142" HPOS="817"/>
							<String ID="string_362" HPOS="833" VPOS="1143" WIDTH="38" HEIGHT="20" WC="0.95" CONTENT="och"/><SP WIDTH="16" VPOS="1143" HPOS="871"/>
							<String ID="string_363" HPOS="887" VPOS="1144" WIDTH="25" HEIGHT="20" WC="0.96" CONTENT="än"/>
						</TextLine>
						<TextLine ID="line_37" HPOS="92" VPOS="1170" WIDTH="822" HEIGHT="29">
							<String ID="string_364" HPOS="92" VPOS="1173" WIDTH="82" HEIGHT="21" WC="0.96" CONTENT="mindre"/><SP WIDTH="16" VPOS="1173" HPOS="174"/>
							<String ID="string_365" HPOS="190" VPOS="1173" WIDTH="96" HEIGHT="21" WC="0.96" CONTENT="kommer"/><SP WIDTH="16" VPOS="1173" HPOS="286"/>
							<String ID="string_366" HPOS="302" VPOS="1174" WIDTH="30" HEIGHT="19" WC="0.96" CONTENT="att"/><SP WIDTH="16" VPOS="1174" HPOS="332"/>
							<String ID="string_367" HPOS="348" VPOS="1172" WIDTH="97" HEIGHT="27" WC="0.96" CONTENT="erlägga,"/><SP WIDTH="16" VPOS="1172" HPOS="445"/>
							<String ID="string_368" HPOS="461" VPOS="1173" WIDTH="6" HEIGHT="20" WC="0.96" CONTENT="i"/><SP WIDTH="16" VPOS="1173" HPOS="467"/>
							<String ID="string_369" HPOS="483" VPOS="1172" WIDTH="101" HEIGHT="21" WC="0.96" CONTENT="händelse"/><SP WIDTH="16" VPOS="1172" HPOS="584"/>
							<String ID="string_370" HPOS="600" VPOS="1171" WIDTH="41" HEIGHT="21" WC="0.96" CONTENT="den"/><SP WIDTH="11" VPOS="1171" HPOS="641"/>
							<String ID="string_371" HPOS="652" VPOS="1171" WIDTH="100" HEIGHT="20" WC="0.96" CONTENT="befrielse"/><SP WIDTH="9" VPOS="1171" HPOS="752"/>
							<String ID="string_372" HPOS="761" VPOS="1170" WIDTH="46" HEIGHT="21" WC="0.96" CONTENT="från"/><SP WIDTH="11" VPOS="1170" HPOS="807"/>
							<String ID="string_373" HPOS="818" VPOS="1171" WIDTH="27" HEIGHT="20" WC="0.93" CONTENT="de"/><SP WIDTH="8" VPOS="1171" HPOS="845"/>
							<String ID="string_374" HPOS="853" VPOS="1171" WIDTH="61" HEIGHT="28" WC="0.91" CONTENT="afgif-"/>
						</TextLine>
						<TextLine ID="line_38" HPOS="93" VPOS="1199" WIDTH="820" HEIGHT="28">
							<String ID="string_375" HPOS="93" VPOS="1205" WIDTH="38" HEIGHT="22" WC="0.92" CONTENT="ter,"/><SP WIDTH="24" VPOS="1205" HPOS="131"/>
							<String ID="string_376" HPOS="155" VPOS="1201" WIDTH="181" HEIGHT="21" WC="0.90" CONTENT="landthandlande"/><SP WIDTH="23" VPOS="1201" HPOS="336"/>
							<String ID="string_377" HPOS="359" VPOS="1208" WIDTH="28" HEIGHT="13" WC="0.96" CONTENT="nu"/><SP WIDTH="23" VPOS="1208" HPOS="387"/>
							<String ID="string_378" HPOS="410" VPOS="1201" WIDTH="81" HEIGHT="26" WC="0.96" CONTENT="betala,"/><SP WIDTH="20" VPOS="1201" HPOS="491"/>
							<String ID="string_379" HPOS="511" VPOS="1207" WIDTH="45" HEIGHT="14" WC="0.96" CONTENT="som"/><SP WIDTH="16" VPOS="1207" HPOS="556"/>
							<String ID="string_380" HPOS="572" VPOS="1199" WIDTH="107" HEIGHT="22" WC="0.93" CONTENT="utskottet"/><SP WIDTH="15" VPOS="1199" HPOS="679"/>
							<String ID="string_381" HPOS="694" VPOS="1199" WIDTH="90" HEIGHT="28" WC="0.91" CONTENT="åsyftat,"/><SP WIDTH="15" VPOS="1199" HPOS="784"/>
							<String ID="string_382" HPOS="799" VPOS="1199" WIDTH="69" HEIGHT="21" WC="0.92" CONTENT="skulle"/><SP WIDTH="14" VPOS="1199" HPOS="868"/>
							<String ID="string_383" HPOS="882" VPOS="1200" WIDTH="31" HEIGHT="21" WC="0.92" CONTENT="in-"/>
						</TextLine>
						<TextLine ID="line_39" HPOS="93" VPOS="1227" WIDTH="821" HEIGHT="30">
							<String ID="string_384" HPOS="93" VPOS="1231" WIDTH="68" HEIGHT="20" WC="0.92" CONTENT="träda."/><SP WIDTH="38" VPOS="1231" HPOS="161"/>
							<String ID="string_385" HPOS="199" VPOS="1230" WIDTH="44" HEIGHT="21" WC="0.95" CONTENT="Det"/><SP WIDTH="23" VPOS="1230" HPOS="243"/>
							<String ID="string_386" HPOS="266" VPOS="1232" WIDTH="23" HEIGHT="19" WC="0.96" CONTENT="är"/><SP WIDTH="23" VPOS="1232" HPOS="289"/>
							<String ID="string_387" HPOS="312" VPOS="1229" WIDTH="124" HEIGHT="28" WC="0.96" CONTENT="visserligen"/><SP WIDTH="20" VPOS="1229" HPOS="436"/>
							<String ID="string_388" HPOS="456" VPOS="1230" WIDTH="66" HEIGHT="27" WC="0.96" CONTENT="något"/><SP WIDTH="15" VPOS="1230" HPOS="522"/>
							<String ID="string_389" HPOS="537" VPOS="1229" WIDTH="44" HEIGHT="20" WC="0.96" CONTENT="helt"/><SP WIDTH="16" VPOS="1229" HPOS="581"/>
							<String ID="string_390" HPOS="597" VPOS="1228" WIDTH="41" HEIGHT="21" WC="0.96" CONTENT="och"/><SP WIDTH="15" VPOS="1228" HPOS="638"/>
							<String ID="string_391" HPOS="653" VPOS="1228" WIDTH="65" HEIGHT="21" WC="0.96" CONTENT="hållet"/><SP WIDTH="15" VPOS="1228" HPOS="718"/>
							<String ID="string_392" HPOS="733" VPOS="1227" WIDTH="134" HEIGHT="28" WC="0.96" CONTENT="godtyckligt"/><SP WIDTH="15" VPOS="1227" HPOS="867"/>
							<String ID="string_393" HPOS="882" VPOS="1230" WIDTH="32" HEIGHT="19" WC="0.96" CONTENT="att"/>
						</TextLine>
						<TextLine ID="line_40" HPOS="93" VPOS="1256" WIDTH="820" HEIGHT="30">
							<String ID="string_394" HPOS="93" VPOS="1266" WIDTH="48" HEIGHT="13" WC="0.93" CONTENT="man"/><SP WIDTH="20" VPOS="1266" HPOS="141"/>
							<String ID="string_395" HPOS="161" VPOS="1260" WIDTH="107" HEIGHT="19" WC="0.90" CONTENT="statuerar"/><SP WIDTH="15" VPOS="1260" HPOS="268"/>
							<String ID="string_396" HPOS="283" VPOS="1265" WIDTH="26" HEIGHT="14" WC="0.96" CONTENT="en"/><SP WIDTH="16" VPOS="1265" HPOS="309"/>
							<String ID="string_397" HPOS="325" VPOS="1258" WIDTH="56" HEIGHT="28" WC="0.93" CONTENT="slags"/><SP WIDTH="15" VPOS="1258" HPOS="381"/>
							<String ID="string_398" HPOS="396" VPOS="1258" WIDTH="73" HEIGHT="26" WC="0.91" CONTENT="frimil,"/><SP WIDTH="17" VPOS="1258" HPOS="469"/>
							<String ID="string_399" HPOS="486" VPOS="1264" WIDTH="26" HEIGHT="14" WC="0.96" CONTENT="en"/><SP WIDTH="16" VPOS="1264" HPOS="512"/>
							<String ID="string_400" HPOS="528" VPOS="1257" WIDTH="47" HEIGHT="26" WC="0.96" CONTENT="half"/><SP WIDTH="12" VPOS="1257" HPOS="575"/>
							<String ID="string_401" HPOS="587" VPOS="1257" WIDTH="36" HEIGHT="20" WC="0.96" CONTENT="mil"/><SP WIDTH="15" VPOS="1257" HPOS="623"/>
							<String ID="string_402" HPOS="638" VPOS="1258" WIDTH="59" HEIGHT="19" WC="0.96" CONTENT="utom"/><SP WIDTH="17" VPOS="1258" HPOS="697"/>
							<String ID="string_403" HPOS="714" VPOS="1256" WIDTH="86" HEIGHT="21" WC="0.95" CONTENT="stadens"/><SP WIDTH="16" VPOS="1256" HPOS="800"/>
							<String ID="string_404" HPOS="816" VPOS="1256" WIDTH="97" HEIGHT="27" WC="0.96" CONTENT="område,"/>
						</TextLine>
						<TextLine ID="line_41" HPOS="92" VPOS="1285" WIDTH="821" HEIGHT="30">
							<String ID="string_405" HPOS="92" VPOS="1289" WIDTH="24" HEIGHT="26" WC="0.96" CONTENT="ty"/><SP WIDTH="26" VPOS="1289" HPOS="116"/>
							<String ID="string_406" HPOS="142" VPOS="1294" WIDTH="49" HEIGHT="13" WC="0.95" CONTENT="man"/><SP WIDTH="23" VPOS="1294" HPOS="191"/>
							<String ID="string_407" HPOS="214" VPOS="1287" WIDTH="70" HEIGHT="21" WC="0.96" CONTENT="kunde"/><SP WIDTH="20" VPOS="1287" HPOS="284"/>
							<String ID="string_408" HPOS="304" VPOS="1289" WIDTH="49" HEIGHT="25" WC="0.96" CONTENT="taga"/><SP WIDTH="17" VPOS="1289" HPOS="353"/>
							<String ID="string_409" HPOS="370" VPOS="1293" WIDTH="26" HEIGHT="14" WC="0.93" CONTENT="en"/><SP WIDTH="17" VPOS="1293" HPOS="396"/>
							<String ID="string_410" HPOS="413" VPOS="1288" WIDTH="58" HEIGHT="19" WC="0.93" CONTENT="verst"/><SP WIDTH="16" VPOS="1288" HPOS="471"/>
							<String ID="string_411" HPOS="487" VPOS="1286" WIDTH="52" HEIGHT="20" WC="0.96" CONTENT="eller"/><SP WIDTH="15" VPOS="1286" HPOS="539"/>
							<String ID="string_412" HPOS="554" VPOS="1292" WIDTH="27" HEIGHT="14" WC="0.96" CONTENT="en"/><SP WIDTH="15" VPOS="1292" HPOS="581"/>
							<String ID="string_413" HPOS="596" VPOS="1285" WIDTH="36" HEIGHT="20" WC="0.96" CONTENT="mil"/><SP WIDTH="15" VPOS="1285" HPOS="632"/>
							<String ID="string_414" HPOS="647" VPOS="1285" WIDTH="44" HEIGHT="20" WC="0.95" CONTENT="lika"/><SP WIDTH="15" VPOS="1285" HPOS="691"/>
							<String ID="string_415" HPOS="706" VPOS="1285" WIDTH="24" HEIGHT="20" WC="0.96" CONTENT="så"/><SP WIDTH="15" VPOS="1285" HPOS="730"/>
							<String ID="string_416" HPOS="745" VPOS="1291" WIDTH="66" HEIGHT="20" WC="0.96" CONTENT="gerna"/><SP WIDTH="16" VPOS="1291" HPOS="811"/>
							<String ID="string_417" HPOS="827" VPOS="1291" WIDTH="45" HEIGHT="14" WC="0.96" CONTENT="som"/><SP WIDTH="16" VPOS="1291" HPOS="872"/>
							<String ID="string_418" HPOS="888" VPOS="1292" WIDTH="25" HEIGHT="13" WC="0.95" CONTENT="en"/>
						</TextLine>
						<TextLine ID="line_42" HPOS="94" VPOS="1312" WIDTH="820" HEIGHT="30">
							<String ID="string_419" HPOS="94" VPOS="1316" WIDTH="45" HEIGHT="21" WC="0.88" CONTENT="balf"/><SP WIDTH="21" VPOS="1316" HPOS="139"/>
							<String ID="string_420" HPOS="160" VPOS="1316" WIDTH="45" HEIGHT="26" WC="0.96" CONTENT="mil;"/><SP WIDTH="23" VPOS="1316" HPOS="205"/>
							<String ID="string_421" HPOS="228" VPOS="1315" WIDTH="36" HEIGHT="21" WC="0.96" CONTENT="det"/><SP WIDTH="23" VPOS="1315" HPOS="264"/>
							<String ID="string_422" HPOS="287" VPOS="1316" WIDTH="67" HEIGHT="20" WC="0.95" CONTENT="måste"/><SP WIDTH="24" VPOS="1316" HPOS="354"/>
							<String ID="string_423" HPOS="378" VPOS="1315" WIDTH="59" HEIGHT="20" WC="0.95" CONTENT="alltid"/><SP WIDTH="19" VPOS="1315" HPOS="437"/>
							<String ID="string_424" HPOS="456" VPOS="1314" WIDTH="66" HEIGHT="21" WC="0.95" CONTENT="blifva"/><SP WIDTH="15" VPOS="1314" HPOS="522"/>
							<String ID="string_425" HPOS="537" VPOS="1313" WIDTH="102" HEIGHT="28" WC="0.88" CONTENT="tillfälligt"/><SP WIDTH="15" VPOS="1313" HPOS="639"/>
							<String ID="string_426" HPOS="654" VPOS="1313" WIDTH="39" HEIGHT="21" WC="0.96" CONTENT="och"/><SP WIDTH="17" VPOS="1313" HPOS="693"/>
							<String ID="string_427" HPOS="710" VPOS="1312" WIDTH="135" HEIGHT="29" WC="0.96" CONTENT="godtyckligt"/><SP WIDTH="15" VPOS="1312" HPOS="845"/>
							<String ID="string_428" HPOS="860" VPOS="1313" WIDTH="54" HEIGHT="21" WC="0.96" CONTENT="huru"/>
						</TextLine>
						<TextLine ID="line_43" HPOS="93" VPOS="1341" WIDTH="821" HEIGHT="31">
							<String ID="string_429" HPOS="93" VPOS="1345" WIDTH="59" HEIGHT="27" WC="0.88" CONTENT="längt"/><SP WIDTH="15" VPOS="1345" HPOS="152"/>
							<String ID="string_430" HPOS="167" VPOS="1344" WIDTH="107" HEIGHT="21" WC="0.92" CONTENT="afståndet"/><SP WIDTH="16" VPOS="1344" HPOS="274"/>
							<String ID="string_431" HPOS="290" VPOS="1344" WIDTH="139" HEIGHT="26" WC="0.95" CONTENT="bestämmes,"/><SP WIDTH="16" VPOS="1344" HPOS="429"/>
							<String ID="string_432" HPOS="445" VPOS="1350" WIDTH="48" HEIGHT="14" WC="0.95" CONTENT="men"/><SP WIDTH="17" VPOS="1350" HPOS="493"/>
							<String ID="string_433" HPOS="510" VPOS="1343" WIDTH="112" HEIGHT="27" WC="0.96" CONTENT="meningen"/><SP WIDTH="17" VPOS="1343" HPOS="622"/>
							<String ID="string_434" HPOS="639" VPOS="1343" WIDTH="23" HEIGHT="19" WC="0.96" CONTENT="är"/><SP WIDTH="15" VPOS="1343" HPOS="662"/>
							<String ID="string_435" HPOS="677" VPOS="1343" WIDTH="32" HEIGHT="19" WC="0.93" CONTENT="att"/><SP WIDTH="16" VPOS="1343" HPOS="709"/>
							<String ID="string_436" HPOS="725" VPOS="1341" WIDTH="128" HEIGHT="28" WC="0.92" CONTENT="stadgandet"/><SP WIDTH="14" VPOS="1341" HPOS="853"/>
							<String ID="string_437" HPOS="867" VPOS="1341" WIDTH="47" HEIGHT="22" WC="0.96" CONTENT="icke"/>
						</TextLine>
						<TextLine ID="line_44" HPOS="93" VPOS="1370" WIDTH="821" HEIGHT="29">
							<String ID="string_438" HPOS="93" VPOS="1373" WIDTH="68" HEIGHT="20" WC="0.93" CONTENT="skulle"/><SP WIDTH="20" VPOS="1373" HPOS="161"/>
							<String ID="string_439" HPOS="181" VPOS="1373" WIDTH="107" HEIGHT="26" WC="0.91" CONTENT="eluderas,"/><SP WIDTH="17" VPOS="1373" HPOS="288"/>
							<String ID="string_440" HPOS="305" VPOS="1374" WIDTH="31" HEIGHT="19" WC="0.96" CONTENT="att"/><SP WIDTH="18" VPOS="1374" HPOS="336"/>
							<String ID="string_441" HPOS="354" VPOS="1372" WIDTH="48" HEIGHT="21" WC="0.96" CONTENT="icke"/><SP WIDTH="16" VPOS="1372" HPOS="402"/>
							<String ID="string_442" HPOS="418" VPOS="1372" WIDTH="52" HEIGHT="26" WC="0.96" CONTENT="den,"/><SP WIDTH="17" VPOS="1372" HPOS="470"/>
							<String ID="string_443" HPOS="487" VPOS="1378" WIDTH="45" HEIGHT="14" WC="0.96" CONTENT="som"/><SP WIDTH="15" VPOS="1378" HPOS="532"/>
							<String ID="string_444" HPOS="547" VPOS="1371" WIDTH="58" HEIGHT="21" WC="0.96" CONTENT="inom"/><SP WIDTH="16" VPOS="1371" HPOS="605"/>
							<String ID="string_445" HPOS="621" VPOS="1370" WIDTH="87" HEIGHT="21" WC="0.96" CONTENT="stadens"/><SP WIDTH="16" VPOS="1370" HPOS="708"/>
							<String ID="string_446" HPOS="724" VPOS="1371" WIDTH="23" HEIGHT="20" WC="0.96" CONTENT="rå"/><SP WIDTH="15" VPOS="1371" HPOS="747"/>
							<String ID="string_447" HPOS="762" VPOS="1370" WIDTH="96" HEIGHT="20" WC="0.96" CONTENT="bosätter"/><SP WIDTH="15" VPOS="1370" HPOS="858"/>
							<String ID="string_448" HPOS="873" VPOS="1371" WIDTH="41" HEIGHT="27" WC="0.96" CONTENT="sig,"/>
						</TextLine>
						<TextLine ID="line_45" HPOS="93" VPOS="1397" WIDTH="821" HEIGHT="31">
							<String ID="string_449" HPOS="93" VPOS="1401" WIDTH="40" HEIGHT="21" WC="0.96" CONTENT="och"/><SP WIDTH="16" VPOS="1401" HPOS="133"/>
							<String ID="string_450" HPOS="149" VPOS="1401" WIDTH="82" HEIGHT="21" WC="0.96" CONTENT="således"/><SP WIDTH="16" VPOS="1401" HPOS="231"/>
							<String ID="string_451" HPOS="247" VPOS="1407" WIDTH="51" HEIGHT="14" WC="0.96" CONTENT="vore"/><SP WIDTH="16" VPOS="1407" HPOS="298"/>
							<String ID="string_452" HPOS="314" VPOS="1400" WIDTH="84" HEIGHT="28" WC="0.96" CONTENT="skyldig"/><SP WIDTH="16" VPOS="1400" HPOS="398"/>
							<String ID="string_453" HPOS="414" VPOS="1402" WIDTH="31" HEIGHT="19" WC="0.96" CONTENT="att"/><SP WIDTH="16" VPOS="1402" HPOS="445"/>
							<String ID="string_454" HPOS="461" VPOS="1400" WIDTH="86" HEIGHT="27" WC="0.96" CONTENT="deltaga"/><SP WIDTH="16" VPOS="1400" HPOS="547"/>
							<String ID="string_455" HPOS="563" VPOS="1399" WIDTH="6" HEIGHT="20" WC="0.96" CONTENT="i"/><SP WIDTH="16" VPOS="1399" HPOS="569"/>
							<String ID="string_456" HPOS="585" VPOS="1399" WIDTH="42" HEIGHT="21" WC="0.93" CONTENT="alla"/><SP WIDTH="15" VPOS="1399" HPOS="627"/>
							<String ID="string_457" HPOS="642" VPOS="1398" WIDTH="112" HEIGHT="28" WC="0.92" CONTENT="utskylder"/><SP WIDTH="15" VPOS="1398" HPOS="754"/>
							<String ID="string_458" HPOS="769" VPOS="1397" WIDTH="48" HEIGHT="22" WC="0.95" CONTENT="med"/><SP WIDTH="11" VPOS="1397" HPOS="817"/>
							<String ID="string_459" HPOS="828" VPOS="1398" WIDTH="86" HEIGHT="21" WC="0.96" CONTENT="stadens"/>
						</TextLine>
						<TextLine ID="line_46" HPOS="94" VPOS="1422" WIDTH="820" HEIGHT="58">
							<String ID="string_460" HPOS="94" VPOS="1429" WIDTH="68" HEIGHT="27" WC="0.96" CONTENT="öfriga"/><SP WIDTH="9" VPOS="1429" HPOS="162"/>
							<String ID="string_461" HPOS="171" VPOS="1430" WIDTH="135" HEIGHT="26" WC="0.96" CONTENT="innevånare,"/><SP WIDTH="11" VPOS="1430" HPOS="306"/>
							<String ID="string_462" HPOS="317" VPOS="1429" WIDTH="69" HEIGHT="21" WC="0.96" CONTENT="skulle"/><SP WIDTH="16" VPOS="1429" HPOS="386"/>
							<String ID="string_463" HPOS="402" VPOS="1435" WIDTH="51" HEIGHT="15" WC="0.92" CONTENT="vara"/><SP WIDTH="13" VPOS="1435" HPOS="453"/>
							<String ID="string_464" HPOS="466" VPOS="1429" WIDTH="92" HEIGHT="27" WC="0.90" CONTENT="fritagen"/><SP WIDTH="15" VPOS="1429" HPOS="558"/>
							<String ID="string_465" HPOS="573" VPOS="1428" WIDTH="48" HEIGHT="21" WC="0.96" CONTENT="från"/><SP WIDTH="17" VPOS="1428" HPOS="621"/>
							<String ID="string_466" HPOS="638" VPOS="1427" WIDTH="62" HEIGHT="21" WC="0.93" CONTENT="dessa"/><SP WIDTH="16" VPOS="1427" HPOS="700"/>
							<String ID="string_467" HPOS="716" VPOS="1427" WIDTH="122" HEIGHT="27" WC="0.92" CONTENT="utskylders"/><SP WIDTH="17" VPOS="1427" HPOS="838"/>
							<String ID="string_468" HPOS="855" VPOS="1422" WIDTH="59" HEIGHT="58" WC="0.91" CONTENT="utgör"/>
						</TextLine>
						<TextLine ID="line_47" HPOS="94" VPOS="1454" WIDTH="821" HEIGHT="31">
							<String ID="string_469" HPOS="94" VPOS="1458" WIDTH="66" HEIGHT="21" WC="0.95" CONTENT="rande"/><SP WIDTH="26" VPOS="1458" HPOS="160"/>
							<String ID="string_470" HPOS="186" VPOS="1458" WIDTH="54" HEIGHT="21" WC="0.95" CONTENT="blott"/><SP WIDTH="22" VPOS="1458" HPOS="240"/>
							<String ID="string_471" HPOS="262" VPOS="1464" WIDTH="76" HEIGHT="21" WC="0.96" CONTENT="genom"/><SP WIDTH="22" VPOS="1464" HPOS="338"/>
							<String ID="string_472" HPOS="360" VPOS="1459" WIDTH="32" HEIGHT="19" WC="0.96" CONTENT="att"/><SP WIDTH="16" VPOS="1459" HPOS="392"/>
							<String ID="string_473" HPOS="408" VPOS="1457" WIDTH="63" HEIGHT="27" WC="0.96" CONTENT="flytta"/><SP WIDTH="16" VPOS="1457" HPOS="471"/>
							<String ID="string_474" HPOS="487" VPOS="1463" WIDTH="26" HEIGHT="14" WC="0.96" CONTENT="en"/><SP WIDTH="16" VPOS="1463" HPOS="513"/>
							<String ID="string_475" HPOS="529" VPOS="1457" WIDTH="34" HEIGHT="20" WC="0.93" CONTENT="aln"/><SP WIDTH="16" VPOS="1457" HPOS="563"/>
							<String ID="string_476" HPOS="579" VPOS="1455" WIDTH="85" HEIGHT="22" WC="0.90" CONTENT="utöfver"/><SP WIDTH="16" VPOS="1455" HPOS="664"/>
							<String ID="string_477" HPOS="680" VPOS="1455" WIDTH="37" HEIGHT="21" WC="0.96" CONTENT="rån"/><SP WIDTH="16" VPOS="1455" HPOS="717"/>
							<String ID="string_478" HPOS="733" VPOS="1456" WIDTH="27" HEIGHT="25" WC="0.96" CONTENT="på"/><SP WIDTH="15" VPOS="1456" HPOS="760"/>
							<String ID="string_479" HPOS="775" VPOS="1454" WIDTH="79" HEIGHT="22" WC="0.93" CONTENT="landet."/><SP WIDTH="34" VPOS="1454" HPOS="854"/>
							<String ID="string_480" HPOS="888" VPOS="1463" WIDTH="27" HEIGHT="20" WC="0.96" CONTENT="Jag"/>
						</TextLine>
						<TextLine ID="line_48" HPOS="94" VPOS="1483" WIDTH="821" HEIGHT="29">
							<String ID="string_481" HPOS="94" VPOS="1493" WIDTH="63" HEIGHT="14" WC="0.93" CONTENT="anser"/><SP WIDTH="18" VPOS="1493" HPOS="157"/>
							<String ID="string_482" HPOS="175" VPOS="1486" WIDTH="85" HEIGHT="21" WC="0.92" CONTENT="derföre"/><SP WIDTH="15" VPOS="1486" HPOS="260"/>
							<String ID="string_483" HPOS="275" VPOS="1485" WIDTH="163" HEIGHT="22" WC="0.96" CONTENT="föreskrifterna"/><SP WIDTH="15" VPOS="1485" HPOS="438"/>
							<String ID="string_484" HPOS="453" VPOS="1485" WIDTH="6" HEIGHT="21" WC="0.96" CONTENT="i"/><SP WIDTH="16" VPOS="1485" HPOS="459"/>
							<String ID="string_485" HPOS="475" VPOS="1485" WIDTH="161" HEIGHT="27" WC="0.96" CONTENT="propositionen"/><SP WIDTH="16" VPOS="1485" HPOS="636"/>
							<String ID="string_486" HPOS="652" VPOS="1491" WIDTH="51" HEIGHT="14" WC="0.96" CONTENT="vara"/><SP WIDTH="16" VPOS="1491" HPOS="703"/>
							<String ID="string_487" HPOS="719" VPOS="1484" WIDTH="5" HEIGHT="19" WC="0.96" CONTENT="i"/><SP WIDTH="16" VPOS="1484" HPOS="724"/>
							<String ID="string_488" HPOS="740" VPOS="1484" WIDTH="60" HEIGHT="20" WC="0.96" CONTENT="detta"/><SP WIDTH="15" VPOS="1484" HPOS="800"/>
							<String ID="string_489" HPOS="815" VPOS="1483" WIDTH="100" HEIGHT="21" WC="0.96" CONTENT="afseende"/>
						</TextLine>
					</TextBlock>
				</ComposedBlock>
				<GraphicalElement ID="cblock_2" HPOS="1073" VPOS="599" WIDTH="5" HEIGHT="809"></GraphicalElement >
			</PrintSpace>
		</Page>
	</Layout>
</alto>
