<?xml version="1.0" encoding="UTF-8"?>
<alto xmlns="http://www.loc.gov/standards/alto/ns-v3#" xmlns:xlink="http://www.w3.org/1999/xlink" xmlns:xsi="http://www.w3.org/2001/XMLSchema-instance" xsi:schemaLocation="http://www.loc.gov/standards/alto/ns-v3# http://www.loc.gov/alto/v3/alto-3-0.xsd">
	<Description>
		<MeasurementUnit>pixel</MeasurementUnit>
		<sourceImageInformation>
			<fileName>/tmp/tess_d1iv5ppj_input.PNG</fileName>
		</sourceImageInformation>
		<OCRProcessing ID="OCR_0">
			<ocrProcessingStep>
				<processingSoftware>
					<softwareName>tesseract 5.3.4</softwareName>
				</processingSoftware>
			</ocrProcessingStep>
		</OCRProcessing>
	</Description>
	<Layout>
		<Page WIDTH="1078" HEIGHT="1692" PHYSICAL_IMG_NR="0" ID="page_0">
			<PrintSpace HPOS="0" VPOS="0" WIDTH="1078" HEIGHT="1692">
				<ComposedBlock ID="cblock_0" HPOS="841" VPOS="76" WIDTH="40" HEIGHT="21">
					<TextBlock ID="block_0" HPOS="841" VPOS="76" WIDTH="40" HEIGHT="21">
						<TextLine ID="line_0" HPOS="841" VPOS="76" WIDTH="40" HEIGHT="21">
							<String ID="string_0" HPOS="841" VPOS="76" WIDTH="40" HEIGHT="21" WC="0.96" CONTENT="385"/>
						</TextLine>
					</TextBlock>
				</ComposedBlock>
				<ComposedBlock ID="cblock_1" HPOS="89" VPOS="131" WIDTH="823" HEIGHT="1393">
					<TextBlock ID="block_1" HPOS="90" VPOS="131" WIDTH="819" HEIGHT="85">
						<TextLine ID="line_1" HPOS="91" VPOS="131" WIDTH="818" HEIGHT="28">
							<String ID="string_1" HPOS="91" VPOS="132" WIDTH="67" HEIGHT="20" WC="0.93" CONTENT="måtte"/><SP WIDTH="23" VPOS="132" HPOS="158"/>
							<String ID="string_2" HPOS="181" VPOS="131" WIDTH="125" HEIGHT="27" WC="0.91" CONTENT="ankomma,"/><SP WIDTH="19" VPOS="131" HPOS="306"/>
							<String ID="string_3" HPOS="325" VPOS="131" WIDTH="105" HEIGHT="21" WC="0.93" CONTENT="huruvida"/><SP WIDTH="13" VPOS="131" HPOS="430"/>
							<String ID="string_4" HPOS="443" VPOS="132" WIDTH="188" HEIGHT="27" WC="0.92" CONTENT="jernvägsarbetet"/><SP WIDTH="16" VPOS="132" HPOS="631"/>
							<String ID="string_5" HPOS="647" VPOS="132" WIDTH="54" HEIGHT="20" WC="0.95" CONTENT="skall"/><SP WIDTH="16" VPOS="132" HPOS="701"/>
							<String ID="string_6" HPOS="717" VPOS="132" WIDTH="32" HEIGHT="20" WC="0.96" CONTENT="för"/><SP WIDTH="16" VPOS="132" HPOS="749"/>
							<String ID="string_7" HPOS="765" VPOS="134" WIDTH="82" HEIGHT="19" WC="0.93" CONTENT="statens"/><SP WIDTH="15" VPOS="134" HPOS="847"/>
							<String ID="string_8" HPOS="862" VPOS="133" WIDTH="47" HEIGHT="21" WC="0.92" CONTENT="räk-"/>
						</TextLine>
						<TextLine ID="line_2" HPOS="90" VPOS="160" WIDTH="819" HEIGHT="28">
							<String ID="string_9" HPOS="90" VPOS="160" WIDTH="51" HEIGHT="28" WC="0.96" CONTENT="ning"/><SP WIDTH="20" VPOS="160" HPOS="141"/>
							<String ID="string_10" HPOS="161" VPOS="160" WIDTH="89" HEIGHT="21" WC="0.96" CONTENT="medelst"/><SP WIDTH="17" VPOS="160" HPOS="250"/>
							<String ID="string_11" HPOS="267" VPOS="160" WIDTH="111" HEIGHT="20" WC="0.96" CONTENT="utländskt"/><SP WIDTH="16" VPOS="160" HPOS="378"/>
							<String ID="string_12" HPOS="394" VPOS="160" WIDTH="32" HEIGHT="20" WC="0.96" CONTENT="lån"/><SP WIDTH="17" VPOS="160" HPOS="426"/>
							<String ID="string_13" HPOS="443" VPOS="160" WIDTH="81" HEIGHT="20" WC="0.96" CONTENT="utföras"/><SP WIDTH="16" VPOS="160" HPOS="524"/>
							<String ID="string_14" HPOS="540" VPOS="160" WIDTH="51" HEIGHT="20" WC="0.96" CONTENT="eller"/><SP WIDTH="16" VPOS="160" HPOS="591"/>
							<String ID="string_15" HPOS="607" VPOS="162" WIDTH="57" HEIGHT="19" WC="0.93" CONTENT="emot"/><SP WIDTH="16" VPOS="162" HPOS="664"/>
							<String ID="string_16" HPOS="680" VPOS="162" WIDTH="144" HEIGHT="26" WC="0.92" CONTENT="räntegaranti"/><SP WIDTH="17" VPOS="162" HPOS="824"/>
							<String ID="string_17" HPOS="841" VPOS="161" WIDTH="68" HEIGHT="21" WC="0.91" CONTENT="öfver-"/>
						</TextLine>
						<TextLine ID="line_3" HPOS="91" VPOS="188" WIDTH="625" HEIGHT="28">
							<String ID="string_18" HPOS="91" VPOS="189" WIDTH="53" HEIGHT="20" WC="0.91" CONTENT="låtas"/><SP WIDTH="17" VPOS="189" HPOS="144"/>
							<String ID="string_19" HPOS="161" VPOS="189" WIDTH="22" HEIGHT="20" WC="0.93" CONTENT="åt"/><SP WIDTH="16" VPOS="189" HPOS="183"/>
							<String ID="string_20" HPOS="199" VPOS="188" WIDTH="93" HEIGHT="21" WC="0.92" CONTENT="enskildt"/><SP WIDTH="15" VPOS="188" HPOS="292"/>
							<String ID="string_21" HPOS="307" VPOS="188" WIDTH="73" HEIGHT="28" WC="0.93" CONTENT="bolag,"/><SP WIDTH="16" VPOS="188" HPOS="380"/>
							<String ID="string_22" HPOS="396" VPOS="188" WIDTH="95" HEIGHT="21" WC="0.91" CONTENT="tillsades"/><SP WIDTH="16" VPOS="188" HPOS="491"/>
							<String ID="string_23" HPOS="507" VPOS="188" WIDTH="61" HEIGHT="21" WC="0.96" CONTENT="ordet"/><SP WIDTH="14" VPOS="188" HPOS="568"/>
							<String ID="string_24" HPOS="582" VPOS="189" WIDTH="27" HEIGHT="26" WC="0.96" CONTENT="på"/><SP WIDTH="15" VPOS="189" HPOS="609"/>
							<String ID="string_25" HPOS="624" VPOS="188" WIDTH="92" HEIGHT="28" WC="0.96" CONTENT="begäran"/>
						</TextLine>
					</TextBlock>
					<TextBlock ID="block_2" HPOS="159" VPOS="216" WIDTH="618" HEIGHT="28">
						<TextLine ID="line_4" HPOS="159" VPOS="216" WIDTH="618" HEIGHT="28">
							<String ID="string_26" HPOS="159" VPOS="217" WIDTH="56" HEIGHT="21" WC="0.92" CONTENT="Herr"/><SP WIDTH="17" VPOS="217" HPOS="215"/>
							<String ID="string_27" HPOS="232" VPOS="217" WIDTH="154" HEIGHT="27" WC="0.91" CONTENT="Stjernvall,"/><SP WIDTH="17" VPOS="217" HPOS="386"/>
							<String ID="string_28" HPOS="403" VPOS="216" WIDTH="45" HEIGHT="26" WC="0.88" CONTENT="Fr.,"/><SP WIDTH="17" VPOS="216" HPOS="448"/>
							<String ID="string_29" HPOS="465" VPOS="224" WIDTH="45" HEIGHT="13" WC="0.96" CONTENT="som"/><SP WIDTH="17" VPOS="224" HPOS="510"/>
							<String ID="string_30" HPOS="527" VPOS="216" WIDTH="84" HEIGHT="28" WC="0.95" CONTENT="yttrade"/><SP WIDTH="18" VPOS="216" HPOS="611"/>
							<String ID="string_31" HPOS="629" VPOS="217" WIDTH="32" HEIGHT="27" WC="0.96" CONTENT="sig"/><SP WIDTH="16" VPOS="217" HPOS="661"/>
							<String ID="string_32" HPOS="677" VPOS="217" WIDTH="100" HEIGHT="21" WC="0.96" CONTENT="sålunda:"/>
						</TextLine>
					</TextBlock>
					<TextBlock ID="block_3" HPOS="89" VPOS="245" WIDTH="823" HEIGHT="1250">
						<TextLine ID="line_5" HPOS="159" VPOS="245" WIDTH="749" HEIGHT="27">
							<String ID="string_33" HPOS="159" VPOS="246" WIDTH="43" HEIGHT="20" WC="0.96" CONTENT="Det"/><SP WIDTH="16" VPOS="246" HPOS="202"/>
							<String ID="string_34" HPOS="218" VPOS="246" WIDTH="93" HEIGHT="26" WC="0.96" CONTENT="framgår"/><SP WIDTH="15" VPOS="246" HPOS="311"/>
							<String ID="string_35" HPOS="326" VPOS="245" WIDTH="23" HEIGHT="21" WC="0.96" CONTENT="af"/><SP WIDTH="9" VPOS="245" HPOS="349"/>
							<String ID="string_36" HPOS="358" VPOS="246" WIDTH="69" HEIGHT="20" WC="0.96" CONTENT="andan"/><SP WIDTH="16" VPOS="246" HPOS="427"/>
							<String ID="string_37" HPOS="443" VPOS="246" WIDTH="5" HEIGHT="20" WC="0.96" CONTENT="i"/><SP WIDTH="16" VPOS="246" HPOS="448"/>
							<String ID="string_38" HPOS="464" VPOS="245" WIDTH="47" HEIGHT="21" WC="0.95" CONTENT="hela"/><SP WIDTH="12" VPOS="245" HPOS="511"/>
							<String ID="string_39" HPOS="523" VPOS="245" WIDTH="116" HEIGHT="21" WC="0.96" CONTENT="utskottets"/><SP WIDTH="13" VPOS="245" HPOS="639"/>
							<String ID="string_40" HPOS="652" VPOS="246" WIDTH="135" HEIGHT="21" WC="0.96" CONTENT="betänkande"/><SP WIDTH="11" VPOS="246" HPOS="787"/>
							<String ID="string_41" HPOS="798" VPOS="246" WIDTH="110" HEIGHT="21" WC="0.96" CONTENT="äfvensom"/>
						</TextLine>
						<TextLine ID="line_6" HPOS="89" VPOS="274" WIDTH="821" HEIGHT="27">
							<String ID="string_42" HPOS="89" VPOS="281" WIDTH="25" HEIGHT="13" WC="0.96" CONTENT="ur"/><SP WIDTH="17" VPOS="281" HPOS="114"/>
							<String ID="string_43" HPOS="131" VPOS="274" WIDTH="40" HEIGHT="20" WC="0.96" CONTENT="den"/><SP WIDTH="16" VPOS="274" HPOS="171"/>
							<String ID="string_44" HPOS="187" VPOS="274" WIDTH="7" HEIGHT="20" WC="0.96" CONTENT="i"/><SP WIDTH="16" VPOS="274" HPOS="194"/>
							<String ID="string_45" HPOS="210" VPOS="274" WIDTH="60" HEIGHT="21" WC="0.96" CONTENT="detta"/><SP WIDTH="15" VPOS="274" HPOS="270"/>
							<String ID="string_46" HPOS="285" VPOS="274" WIDTH="63" HEIGHT="20" WC="0.96" CONTENT="stånd"/><SP WIDTH="15" VPOS="274" HPOS="348"/>
							<String ID="string_47" HPOS="363" VPOS="274" WIDTH="6" HEIGHT="20" WC="0.96" CONTENT="i"/><SP WIDTH="17" VPOS="274" HPOS="369"/>
							<String ID="string_48" HPOS="386" VPOS="274" WIDTH="88" HEIGHT="20" WC="0.93" CONTENT="ärendet"/><SP WIDTH="16" VPOS="274" HPOS="474"/>
							<String ID="string_49" HPOS="490" VPOS="274" WIDTH="113" HEIGHT="20" WC="0.92" CONTENT="förefallna"/><SP WIDTH="15" VPOS="274" HPOS="603"/>
							<String ID="string_50" HPOS="618" VPOS="274" WIDTH="160" HEIGHT="27" WC="0.96" CONTENT="diskussionen,"/><SP WIDTH="16" VPOS="274" HPOS="778"/>
							<String ID="string_51" HPOS="794" VPOS="277" WIDTH="31" HEIGHT="18" WC="0.96" CONTENT="att"/><SP WIDTH="15" VPOS="277" HPOS="825"/>
							<String ID="string_52" HPOS="840" VPOS="275" WIDTH="36" HEIGHT="21" WC="0.96" CONTENT="det"/><SP WIDTH="11" VPOS="275" HPOS="876"/>
							<String ID="string_53" HPOS="887" VPOS="275" WIDTH="23" HEIGHT="21" WC="0.96" CONTENT="af"/>
						</TextLine>
						<TextLine ID="line_7" HPOS="89" VPOS="302" WIDTH="819" HEIGHT="28">
							<String ID="string_54" HPOS="89" VPOS="302" WIDTH="150" HEIGHT="28" WC="0.96" CONTENT="ridderskapet"/><SP WIDTH="23" VPOS="302" HPOS="239"/>
							<String ID="string_55" HPOS="262" VPOS="302" WIDTH="39" HEIGHT="21" WC="0.96" CONTENT="och"/><SP WIDTH="23" VPOS="302" HPOS="301"/>
							<String ID="string_56" HPOS="324" VPOS="302" WIDTH="62" HEIGHT="20" WC="0.96" CONTENT="adeln"/><SP WIDTH="21" VPOS="302" HPOS="386"/>
							<String ID="string_57" HPOS="407" VPOS="302" WIDTH="60" HEIGHT="21" WC="0.93" CONTENT="torde"/><SP WIDTH="16" VPOS="302" HPOS="467"/>
							<String ID="string_58" HPOS="483" VPOS="302" WIDTH="142" HEIGHT="21" WC="0.92" CONTENT="öfverlemnas"/><SP WIDTH="16" VPOS="302" HPOS="625"/>
							<String ID="string_59" HPOS="641" VPOS="303" WIDTH="32" HEIGHT="20" WC="0.96" CONTENT="till"/><SP WIDTH="16" VPOS="303" HPOS="673"/>
							<String ID="string_60" HPOS="689" VPOS="303" WIDTH="126" HEIGHT="27" WC="0.95" CONTENT="regeringen"/><SP WIDTH="16" VPOS="303" HPOS="815"/>
							<String ID="string_61" HPOS="831" VPOS="306" WIDTH="31" HEIGHT="18" WC="0.93" CONTENT="att"/><SP WIDTH="16" VPOS="306" HPOS="862"/>
							<String ID="string_62" HPOS="878" VPOS="304" WIDTH="30" HEIGHT="20" WC="0.92" CONTENT="af-"/>
						</TextLine>
						<TextLine ID="line_8" HPOS="89" VPOS="330" WIDTH="819" HEIGHT="28">
							<String ID="string_63" HPOS="89" VPOS="332" WIDTH="64" HEIGHT="26" WC="0.96" CONTENT="göra,"/><SP WIDTH="16" VPOS="332" HPOS="153"/>
							<String ID="string_64" HPOS="169" VPOS="330" WIDTH="106" HEIGHT="22" WC="0.96" CONTENT="huruvida"/><SP WIDTH="16" VPOS="330" HPOS="275"/>
							<String ID="string_65" HPOS="291" VPOS="333" WIDTH="31" HEIGHT="19" WC="0.96" CONTENT="ett"/><SP WIDTH="16" VPOS="333" HPOS="322"/>
							<String ID="string_66" HPOS="338" VPOS="331" WIDTH="63" HEIGHT="27" WC="0.96" CONTENT="bolag"/><SP WIDTH="16" VPOS="331" HPOS="401"/>
							<String ID="string_67" HPOS="417" VPOS="331" WIDTH="50" HEIGHT="21" WC="0.96" CONTENT="eller"/><SP WIDTH="17" VPOS="331" HPOS="467"/>
							<String ID="string_68" HPOS="484" VPOS="331" WIDTH="126" HEIGHT="27" WC="0.96" CONTENT="regeringen"/><SP WIDTH="17" VPOS="331" HPOS="610"/>
							<String ID="string_69" HPOS="627" VPOS="331" WIDTH="50" HEIGHT="27" WC="0.96" CONTENT="sjelf"/><SP WIDTH="14" VPOS="331" HPOS="677"/>
							<String ID="string_70" HPOS="691" VPOS="331" WIDTH="68" HEIGHT="21" WC="0.96" CONTENT="skulle"/><SP WIDTH="16" VPOS="331" HPOS="759"/>
							<String ID="string_71" HPOS="775" VPOS="331" WIDTH="86" HEIGHT="21" WC="0.96" CONTENT="komma"/><SP WIDTH="15" VPOS="331" HPOS="861"/>
							<String ID="string_72" HPOS="876" VPOS="334" WIDTH="32" HEIGHT="19" WC="0.96" CONTENT="att"/>
						</TextLine>
						<TextLine ID="line_9" HPOS="90" VPOS="359" WIDTH="822" HEIGHT="29">
							<String ID="string_73" HPOS="90" VPOS="360" WIDTH="113" HEIGHT="27" WC="0.91" CONTENT="öfvertaga"/><SP WIDTH="15" VPOS="360" HPOS="203"/>
							<String ID="string_74" HPOS="218" VPOS="360" WIDTH="87" HEIGHT="20" WC="0.95" CONTENT="affären."/><SP WIDTH="17" VPOS="360" HPOS="305"/>
							<String ID="string_75" HPOS="322" VPOS="359" WIDTH="42" HEIGHT="27" WC="0.96" CONTENT="Jag"/><SP WIDTH="15" VPOS="359" HPOS="364"/>
							<String ID="string_76" HPOS="379" VPOS="359" WIDTH="33" HEIGHT="21" WC="0.96" CONTENT="för"/><SP WIDTH="16" VPOS="359" HPOS="412"/>
							<String ID="string_77" HPOS="428" VPOS="359" WIDTH="42" HEIGHT="21" WC="0.96" CONTENT="min"/><SP WIDTH="17" VPOS="359" HPOS="470"/>
							<String ID="string_78" HPOS="487" VPOS="359" WIDTH="33" HEIGHT="21" WC="0.96" CONTENT="del"/><SP WIDTH="17" VPOS="359" HPOS="520"/>
							<String ID="string_79" HPOS="537" VPOS="366" WIDTH="62" HEIGHT="14" WC="0.96" CONTENT="anser"/><SP WIDTH="15" VPOS="366" HPOS="599"/>
							<String ID="string_80" HPOS="614" VPOS="362" WIDTH="40" HEIGHT="24" WC="0.96" CONTENT="att,"/><SP WIDTH="16" VPOS="362" HPOS="654"/>
							<String ID="string_81" HPOS="670" VPOS="366" WIDTH="34" HEIGHT="14" WC="0.96" CONTENT="om"/><SP WIDTH="16" VPOS="366" HPOS="704"/>
							<String ID="string_82" HPOS="720" VPOS="360" WIDTH="125" HEIGHT="28" WC="0.96" CONTENT="regeringen"/><SP WIDTH="17" VPOS="360" HPOS="845"/>
							<String ID="string_83" HPOS="862" VPOS="360" WIDTH="50" HEIGHT="28" WC="0.96" CONTENT="sjelf"/>
						</TextLine>
						<TextLine ID="line_10" HPOS="90" VPOS="388" WIDTH="820" HEIGHT="28">
							<String ID="string_84" HPOS="90" VPOS="388" WIDTH="123" HEIGHT="28" WC="0.92" CONTENT="öfvertager"/><SP WIDTH="21" VPOS="388" HPOS="213"/>
							<String ID="string_85" HPOS="234" VPOS="388" WIDTH="124" HEIGHT="28" WC="0.95" CONTENT="byggandet"/><SP WIDTH="16" VPOS="388" HPOS="358"/>
							<String ID="string_86" HPOS="374" VPOS="388" WIDTH="22" HEIGHT="20" WC="0.93" CONTENT="af"/><SP WIDTH="12" VPOS="388" HPOS="396"/>
							<String ID="string_87" HPOS="408" VPOS="388" WIDTH="126" HEIGHT="27" WC="0.90" CONTENT="jernvägen,"/><SP WIDTH="21" VPOS="388" HPOS="534"/>
							<String ID="string_88" HPOS="555" VPOS="388" WIDTH="36" HEIGHT="20" WC="0.96" CONTENT="det"/><SP WIDTH="16" VPOS="388" HPOS="591"/>
							<String ID="string_89" HPOS="607" VPOS="388" WIDTH="67" HEIGHT="20" WC="0.96" CONTENT="skulle"/><SP WIDTH="17" VPOS="388" HPOS="674"/>
							<String ID="string_90" HPOS="691" VPOS="388" WIDTH="65" HEIGHT="21" WC="0.96" CONTENT="blifva"/><SP WIDTH="16" VPOS="388" HPOS="756"/>
							<String ID="string_91" HPOS="772" VPOS="388" WIDTH="95" HEIGHT="28" WC="0.96" CONTENT="billigare"/><SP WIDTH="16" VPOS="388" HPOS="867"/>
							<String ID="string_92" HPOS="883" VPOS="390" WIDTH="27" HEIGHT="20" WC="0.96" CONTENT="än"/>
						</TextLine>
						<TextLine ID="line_11" HPOS="90" VPOS="416" WIDTH="819" HEIGHT="29">
							<String ID="string_93" HPOS="90" VPOS="424" WIDTH="34" HEIGHT="13" WC="0.96" CONTENT="om"/><SP WIDTH="19" VPOS="424" HPOS="124"/>
							<String ID="string_94" HPOS="143" VPOS="419" WIDTH="31" HEIGHT="18" WC="0.95" CONTENT="ett"/><SP WIDTH="16" VPOS="419" HPOS="174"/>
							<String ID="string_95" HPOS="190" VPOS="416" WIDTH="110" HEIGHT="21" WC="0.96" CONTENT="utländskt"/><SP WIDTH="19" VPOS="416" HPOS="300"/>
							<String ID="string_96" HPOS="319" VPOS="416" WIDTH="63" HEIGHT="28" WC="0.95" CONTENT="bolag"/><SP WIDTH="16" VPOS="416" HPOS="382"/>
							<String ID="string_97" HPOS="398" VPOS="418" WIDTH="37" HEIGHT="26" WC="0.96" CONTENT="gör"/><SP WIDTH="17" VPOS="418" HPOS="435"/>
							<String ID="string_98" HPOS="452" VPOS="416" WIDTH="45" HEIGHT="27" WC="0.96" CONTENT="det,"/><SP WIDTH="18" VPOS="416" HPOS="497"/>
							<String ID="string_99" HPOS="515" VPOS="416" WIDTH="38" HEIGHT="21" WC="0.96" CONTENT="och"/><SP WIDTH="16" VPOS="416" HPOS="553"/>
							<String ID="string_100" HPOS="569" VPOS="416" WIDTH="70" HEIGHT="21" WC="0.96" CONTENT="denna"/><SP WIDTH="16" VPOS="416" HPOS="639"/>
							<String ID="string_101" HPOS="655" VPOS="417" WIDTH="43" HEIGHT="20" WC="0.96" CONTENT="min"/><SP WIDTH="17" VPOS="417" HPOS="698"/>
							<String ID="string_102" HPOS="715" VPOS="417" WIDTH="84" HEIGHT="27" WC="0.96" CONTENT="mening"/><SP WIDTH="17" VPOS="417" HPOS="799"/>
							<String ID="string_103" HPOS="816" VPOS="417" WIDTH="41" HEIGHT="21" WC="0.96" CONTENT="kan"/><SP WIDTH="14" VPOS="417" HPOS="857"/>
							<String ID="string_104" HPOS="871" VPOS="418" WIDTH="38" HEIGHT="27" WC="0.96" CONTENT="jag"/>
						</TextLine>
						<TextLine ID="line_12" HPOS="90" VPOS="444" WIDTH="819" HEIGHT="30">
							<String ID="string_105" HPOS="90" VPOS="445" WIDTH="47" HEIGHT="21" WC="0.96" CONTENT="icke"/><SP WIDTH="25" VPOS="445" HPOS="137"/>
							<String ID="string_106" HPOS="162" VPOS="447" WIDTH="51" HEIGHT="19" WC="0.96" CONTENT="utan"/><SP WIDTH="23" VPOS="447" HPOS="213"/>
							<String ID="string_107" HPOS="236" VPOS="445" WIDTH="170" HEIGHT="27" WC="0.95" CONTENT="vederläggning"/><SP WIDTH="15" VPOS="445" HPOS="406"/>
							<String ID="string_108" HPOS="421" VPOS="445" WIDTH="80" HEIGHT="27" WC="0.95" CONTENT="frångå."/><SP WIDTH="38" VPOS="445" HPOS="501"/>
							<String ID="string_109" HPOS="539" VPOS="444" WIDTH="10" HEIGHT="21" WC="0.95" CONTENT="1"/><SP WIDTH="16" VPOS="444" HPOS="549"/>
							<String ID="string_110" HPOS="565" VPOS="445" WIDTH="52" HEIGHT="27" WC="0.95" CONTENT="följd"/><SP WIDTH="16" VPOS="445" HPOS="617"/>
							<String ID="string_111" HPOS="633" VPOS="445" WIDTH="22" HEIGHT="21" WC="0.97" CONTENT="af"/><SP WIDTH="14" VPOS="445" HPOS="655"/>
							<String ID="string_112" HPOS="669" VPOS="445" WIDTH="40" HEIGHT="21" WC="0.96" CONTENT="den"/><SP WIDTH="16" VPOS="445" HPOS="709"/>
							<String ID="string_113" HPOS="725" VPOS="445" WIDTH="141" HEIGHT="28" WC="0.96" CONTENT="ståndpunkt,"/><SP WIDTH="16" VPOS="445" HPOS="866"/>
							<String ID="string_114" HPOS="882" VPOS="447" WIDTH="27" HEIGHT="27" WC="0.97" CONTENT="pä"/>
						</TextLine>
						<TextLine ID="line_13" HPOS="91" VPOS="474" WIDTH="817" HEIGHT="28">
							<String ID="string_115" HPOS="91" VPOS="474" WIDTH="85" HEIGHT="20" WC="0.92" CONTENT="hvilken"/><SP WIDTH="17" VPOS="474" HPOS="176"/>
							<String ID="string_116" HPOS="193" VPOS="474" WIDTH="91" HEIGHT="20" WC="0.92" CONTENT="embets-"/><SP WIDTH="16" VPOS="474" HPOS="284"/>
							<String ID="string_117" HPOS="300" VPOS="474" WIDTH="39" HEIGHT="20" WC="0.93" CONTENT="och"/><SP WIDTH="17" VPOS="474" HPOS="339"/>
							<String ID="string_118" HPOS="356" VPOS="474" WIDTH="128" HEIGHT="27" WC="0.92" CONTENT="tjenstemän"/><SP WIDTH="17" VPOS="474" HPOS="484"/>
							<String ID="string_119" HPOS="501" VPOS="480" WIDTH="28" HEIGHT="14" WC="0.96" CONTENT="nu"/><SP WIDTH="15" VPOS="480" HPOS="529"/>
							<String ID="string_120" HPOS="544" VPOS="474" WIDTH="33" HEIGHT="20" WC="0.96" CONTENT="stå"/><SP WIDTH="15" VPOS="474" HPOS="577"/>
							<String ID="string_121" HPOS="592" VPOS="474" WIDTH="47" HEIGHT="20" WC="0.96" CONTENT="icke"/><SP WIDTH="9" VPOS="474" HPOS="639"/>
							<String ID="string_122" HPOS="648" VPOS="474" WIDTH="82" HEIGHT="20" WC="0.96" CONTENT="mindre"/><SP WIDTH="11" VPOS="474" HPOS="730"/>
							<String ID="string_123" HPOS="741" VPOS="474" WIDTH="32" HEIGHT="20" WC="0.96" CONTENT="till"/><SP WIDTH="10" VPOS="474" HPOS="773"/>
							<String ID="string_124" HPOS="783" VPOS="475" WIDTH="125" HEIGHT="27" WC="0.96" CONTENT="regeringen"/>
						</TextLine>
						<TextLine ID="line_14" HPOS="90" VPOS="502" WIDTH="818" HEIGHT="28">
							<String ID="string_125" HPOS="90" VPOS="504" WIDTH="26" HEIGHT="18" WC="0.95" CONTENT="än"/><SP WIDTH="17" VPOS="504" HPOS="116"/>
							<String ID="string_126" HPOS="133" VPOS="502" WIDTH="31" HEIGHT="21" WC="0.95" CONTENT="till"/><SP WIDTH="16" VPOS="502" HPOS="164"/>
							<String ID="string_127" HPOS="180" VPOS="502" WIDTH="106" HEIGHT="21" WC="0.96" CONTENT="allmänna"/><SP WIDTH="16" VPOS="502" HPOS="286"/>
							<String ID="string_128" HPOS="302" VPOS="502" WIDTH="114" HEIGHT="28" WC="0.96" CONTENT="opinionen"/><SP WIDTH="15" VPOS="502" HPOS="416"/>
							<String ID="string_129" HPOS="431" VPOS="502" WIDTH="6" HEIGHT="20" WC="0.96" CONTENT="i"/><SP WIDTH="15" VPOS="502" HPOS="437"/>
							<String ID="string_130" HPOS="452" VPOS="502" WIDTH="82" HEIGHT="24" WC="0.96" CONTENT="landet,"/><SP WIDTH="17" VPOS="502" HPOS="534"/>
							<String ID="string_131" HPOS="551" VPOS="502" WIDTH="39" HEIGHT="20" WC="0.96" CONTENT="bör"/><SP WIDTH="16" VPOS="502" HPOS="590"/>
							<String ID="string_132" HPOS="606" VPOS="504" WIDTH="68" HEIGHT="19" WC="0.96" CONTENT="staten"/><SP WIDTH="17" VPOS="504" HPOS="674"/>
							<String ID="string_133" HPOS="691" VPOS="509" WIDTH="28" HEIGHT="13" WC="0.96" CONTENT="nu"/><SP WIDTH="12" VPOS="509" HPOS="719"/>
							<String ID="string_134" HPOS="731" VPOS="502" WIDTH="70" HEIGHT="28" WC="0.96" CONTENT="bygga"/><SP WIDTH="11" VPOS="502" HPOS="801"/>
							<String ID="string_135" HPOS="812" VPOS="503" WIDTH="96" HEIGHT="27" WC="0.96" CONTENT="billigare"/>
						</TextLine>
						<TextLine ID="line_15" HPOS="90" VPOS="530" WIDTH="819" HEIGHT="29">
							<String ID="string_136" HPOS="90" VPOS="532" WIDTH="25" HEIGHT="19" WC="0.96" CONTENT="än"/><SP WIDTH="22" VPOS="532" HPOS="115"/>
							<String ID="string_137" HPOS="137" VPOS="531" WIDTH="97" HEIGHT="21" WC="0.95" CONTENT="enskilda"/><SP WIDTH="16" VPOS="531" HPOS="234"/>
							<String ID="string_138" HPOS="250" VPOS="531" WIDTH="72" HEIGHT="27" WC="0.96" CONTENT="bolag;"/><SP WIDTH="17" VPOS="531" HPOS="322"/>
							<String ID="string_139" HPOS="339" VPOS="533" WIDTH="22" HEIGHT="25" WC="0.96" CONTENT="ty"/><SP WIDTH="17" VPOS="533" HPOS="361"/>
							<String ID="string_140" HPOS="378" VPOS="531" WIDTH="105" HEIGHT="27" WC="0.96" CONTENT="styrelsen"/><SP WIDTH="16" VPOS="531" HPOS="483"/>
							<String ID="string_141" HPOS="499" VPOS="531" WIDTH="36" HEIGHT="20" WC="0.96" CONTENT="har"/><SP WIDTH="16" VPOS="531" HPOS="535"/>
							<String ID="string_142" HPOS="551" VPOS="530" WIDTH="31" HEIGHT="21" WC="0.96" CONTENT="till"/><SP WIDTH="17" VPOS="530" HPOS="582"/>
							<String ID="string_143" HPOS="599" VPOS="531" WIDTH="37" HEIGHT="20" WC="0.96" CONTENT="sitt"/><SP WIDTH="15" VPOS="531" HPOS="636"/>
							<String ID="string_144" HPOS="651" VPOS="530" WIDTH="127" HEIGHT="28" WC="0.96" CONTENT="förfogande"/><SP WIDTH="16" VPOS="530" HPOS="778"/>
							<String ID="string_145" HPOS="794" VPOS="532" WIDTH="23" HEIGHT="20" WC="0.96" CONTENT="så"/><SP WIDTH="15" VPOS="532" HPOS="817"/>
							<String ID="string_146" HPOS="832" VPOS="532" WIDTH="77" HEIGHT="27" WC="0.96" CONTENT="många"/>
						</TextLine>
						<TextLine ID="line_16" HPOS="90" VPOS="558" WIDTH="819" HEIGHT="28">
							<String ID="string_147" HPOS="90" VPOS="566" WIDTH="115" HEIGHT="20" WC="0.92" CONTENT="ressurser,"/><SP WIDTH="16" VPOS="566" HPOS="205"/>
							<String ID="string_148" HPOS="221" VPOS="566" WIDTH="45" HEIGHT="14" WC="0.96" CONTENT="som"/><SP WIDTH="18" VPOS="566" HPOS="266"/>
							<String ID="string_149" HPOS="284" VPOS="561" WIDTH="30" HEIGHT="19" WC="0.93" CONTENT="ett"/><SP WIDTH="16" VPOS="561" HPOS="314"/>
							<String ID="string_150" HPOS="330" VPOS="559" WIDTH="92" HEIGHT="21" WC="0.91" CONTENT="enskildt"/><SP WIDTH="15" VPOS="559" HPOS="422"/>
							<String ID="string_151" HPOS="437" VPOS="559" WIDTH="64" HEIGHT="27" WC="0.96" CONTENT="bolag"/><SP WIDTH="15" VPOS="559" HPOS="501"/>
							<String ID="string_152" HPOS="516" VPOS="559" WIDTH="69" HEIGHT="21" WC="0.96" CONTENT="måste"/><SP WIDTH="16" VPOS="559" HPOS="585"/>
							<String ID="string_153" HPOS="601" VPOS="559" WIDTH="73" HEIGHT="21" WC="0.96" CONTENT="sakna."/><SP WIDTH="15" VPOS="559" HPOS="674"/>
							<String ID="string_154" HPOS="689" VPOS="558" WIDTH="60" HEIGHT="22" WC="0.96" CONTENT="Hvar"/><SP WIDTH="17" VPOS="558" HPOS="749"/>
							<String ID="string_155" HPOS="766" VPOS="559" WIDTH="38" HEIGHT="21" WC="0.96" CONTENT="och"/><SP WIDTH="17" VPOS="559" HPOS="804"/>
							<String ID="string_156" HPOS="821" VPOS="566" WIDTH="25" HEIGHT="14" WC="0.96" CONTENT="en"/><SP WIDTH="17" VPOS="566" HPOS="846"/>
							<String ID="string_157" HPOS="863" VPOS="566" WIDTH="46" HEIGHT="14" WC="0.96" CONTENT="som"/>
						</TextLine>
						<TextLine ID="line_17" HPOS="90" VPOS="587" WIDTH="819" HEIGHT="29">
							<String ID="string_158" HPOS="90" VPOS="587" WIDTH="49" HEIGHT="28" WC="0.95" CONTENT="följt"/><SP WIDTH="20" VPOS="587" HPOS="139"/>
							<String ID="string_159" HPOS="159" VPOS="588" WIDTH="48" HEIGHT="21" WC="0.95" CONTENT="med"/><SP WIDTH="19" VPOS="588" HPOS="207"/>
							<String ID="string_160" HPOS="226" VPOS="588" WIDTH="58" HEIGHT="20" WC="0.93" CONTENT="såväl"/><SP WIDTH="23" VPOS="588" HPOS="284"/>
							<String ID="string_161" HPOS="307" VPOS="587" WIDTH="140" HEIGHT="27" WC="0.91" CONTENT="statsföretag"/><SP WIDTH="15" VPOS="587" HPOS="447"/>
							<String ID="string_162" HPOS="462" VPOS="594" WIDTH="45" HEIGHT="14" WC="0.96" CONTENT="som"/><SP WIDTH="17" VPOS="594" HPOS="507"/>
							<String ID="string_163" HPOS="524" VPOS="587" WIDTH="97" HEIGHT="21" WC="0.93" CONTENT="enskilda"/><SP WIDTH="16" VPOS="587" HPOS="621"/>
							<String ID="string_164" HPOS="637" VPOS="588" WIDTH="181" HEIGHT="28" WC="0.91" CONTENT="bygnadsföretag"/><SP WIDTH="23" VPOS="588" HPOS="818"/>
							<String ID="string_165" HPOS="841" VPOS="589" WIDTH="68" HEIGHT="20" WC="0.95" CONTENT="måste"/>
						</TextLine>
						<TextLine ID="line_18" HPOS="90" VPOS="616" WIDTH="818" HEIGHT="28">
							<String ID="string_166" HPOS="90" VPOS="616" WIDTH="95" HEIGHT="21" WC="0.96" CONTENT="erkänna"/><SP WIDTH="9" VPOS="616" HPOS="185"/>
							<String ID="string_167" HPOS="194" VPOS="619" WIDTH="31" HEIGHT="18" WC="0.93" CONTENT="att"/><SP WIDTH="8" VPOS="619" HPOS="225"/>
							<String ID="string_168" HPOS="233" VPOS="616" WIDTH="202" HEIGHT="28" WC="0.92" CONTENT="öfverhufvudtaget"/><SP WIDTH="8" VPOS="616" HPOS="435"/>
							<String ID="string_169" HPOS="443" VPOS="616" WIDTH="121" HEIGHT="27" WC="0.92" CONTENT="aflöningen"/><SP WIDTH="9" VPOS="616" HPOS="564"/>
							<String ID="string_170" HPOS="573" VPOS="616" WIDTH="38" HEIGHT="20" WC="0.96" CONTENT="hos"/><SP WIDTH="12" VPOS="616" HPOS="611"/>
							<String ID="string_171" HPOS="623" VPOS="616" WIDTH="97" HEIGHT="21" WC="0.96" CONTENT="enskilda"/><SP WIDTH="16" VPOS="616" HPOS="720"/>
							<String ID="string_172" HPOS="736" VPOS="616" WIDTH="63" HEIGHT="28" WC="0.96" CONTENT="bolag"/><SP WIDTH="11" VPOS="616" HPOS="799"/>
							<String ID="string_173" HPOS="810" VPOS="618" WIDTH="23" HEIGHT="19" WC="0.96" CONTENT="är"/><SP WIDTH="9" VPOS="618" HPOS="833"/>
							<String ID="string_174" HPOS="842" VPOS="616" WIDTH="66" HEIGHT="28" WC="0.96" CONTENT="högre"/>
						</TextLine>
						<TextLine ID="line_19" HPOS="90" VPOS="644" WIDTH="819" HEIGHT="28">
							<String ID="string_175" HPOS="90" VPOS="646" WIDTH="26" HEIGHT="19" WC="0.96" CONTENT="än"/><SP WIDTH="17" VPOS="646" HPOS="116"/>
							<String ID="string_176" HPOS="133" VPOS="645" WIDTH="38" HEIGHT="21" WC="0.95" CONTENT="hos"/><SP WIDTH="17" VPOS="645" HPOS="171"/>
							<String ID="string_177" HPOS="188" VPOS="647" WIDTH="76" HEIGHT="19" WC="0.95" CONTENT="staten."/><SP WIDTH="18" VPOS="647" HPOS="264"/>
							<String ID="string_178" HPOS="282" VPOS="644" WIDTH="76" HEIGHT="22" WC="0.96" CONTENT="Staten"/><SP WIDTH="16" VPOS="644" HPOS="358"/>
							<String ID="string_179" HPOS="374" VPOS="644" WIDTH="112" HEIGHT="21" WC="0.96" CONTENT="förordnar"/><SP WIDTH="15" VPOS="644" HPOS="486"/>
							<String ID="string_180" HPOS="501" VPOS="644" WIDTH="45" HEIGHT="20" WC="0.96" CONTENT="helt"/><SP WIDTH="8" VPOS="644" HPOS="546"/>
							<String ID="string_181" HPOS="554" VPOS="645" WIDTH="73" HEIGHT="20" WC="0.96" CONTENT="enkelt"/><SP WIDTH="11" VPOS="645" HPOS="627"/>
							<String ID="string_182" HPOS="638" VPOS="645" WIDTH="26" HEIGHT="20" WC="0.96" CONTENT="de"/><SP WIDTH="8" VPOS="645" HPOS="664"/>
							<String ID="string_183" HPOS="672" VPOS="644" WIDTH="40" HEIGHT="22" WC="0.96" CONTENT="och"/><SP WIDTH="9" VPOS="644" HPOS="712"/>
							<String ID="string_184" HPOS="721" VPOS="644" WIDTH="26" HEIGHT="22" WC="0.93" CONTENT="de"/><SP WIDTH="12" VPOS="644" HPOS="747"/>
							<String ID="string_185" HPOS="759" VPOS="645" WIDTH="150" HEIGHT="27" WC="0.91" CONTENT="ingeniörerne"/>
						</TextLine>
						<TextLine ID="line_20" HPOS="90" VPOS="673" WIDTH="819" HEIGHT="29">
							<String ID="string_186" HPOS="90" VPOS="675" WIDTH="31" HEIGHT="19" WC="0.96" CONTENT="att"/><SP WIDTH="24" VPOS="675" HPOS="121"/>
							<String ID="string_187" HPOS="145" VPOS="674" WIDTH="116" HEIGHT="20" WC="0.96" CONTENT="verkställa"/><SP WIDTH="23" VPOS="674" HPOS="261"/>
							<String ID="string_188" HPOS="284" VPOS="673" WIDTH="84" HEIGHT="21" WC="0.96" CONTENT="arbetet"/><SP WIDTH="19" VPOS="673" HPOS="368"/>
							<String ID="string_189" HPOS="387" VPOS="674" WIDTH="39" HEIGHT="20" WC="0.92" CONTENT="och"/><SP WIDTH="16" VPOS="674" HPOS="426"/>
							<String ID="string_190" HPOS="442" VPOS="673" WIDTH="63" HEIGHT="21" WC="0.91" CONTENT="desse"/><SP WIDTH="15" VPOS="673" HPOS="505"/>
							<String ID="string_191" HPOS="520" VPOS="673" WIDTH="22" HEIGHT="20" WC="0.93" CONTENT="få"/><SP WIDTH="15" VPOS="673" HPOS="542"/>
							<String ID="string_192" HPOS="557" VPOS="674" WIDTH="73" HEIGHT="26" WC="0.91" CONTENT="åtnöja"/><SP WIDTH="15" VPOS="674" HPOS="630"/>
							<String ID="string_193" HPOS="645" VPOS="673" WIDTH="32" HEIGHT="27" WC="0.96" CONTENT="sig"/><SP WIDTH="16" VPOS="673" HPOS="677"/>
							<String ID="string_194" HPOS="693" VPOS="673" WIDTH="47" HEIGHT="21" WC="0.96" CONTENT="med"/><SP WIDTH="19" VPOS="673" HPOS="740"/>
							<String ID="string_195" HPOS="759" VPOS="673" WIDTH="40" HEIGHT="21" WC="0.90" CONTENT="den"/><SP WIDTH="16" VPOS="673" HPOS="799"/>
							<String ID="string_196" HPOS="815" VPOS="674" WIDTH="94" HEIGHT="28" WC="0.90" CONTENT="aflöning"/>
						</TextLine>
						<TextLine ID="line_21" HPOS="91" VPOS="701" WIDTH="819" HEIGHT="29">
							<String ID="string_197" HPOS="91" VPOS="704" WIDTH="70" HEIGHT="18" WC="0.96" CONTENT="staten"/><SP WIDTH="17" VPOS="704" HPOS="161"/>
							<String ID="string_198" HPOS="178" VPOS="702" WIDTH="67" HEIGHT="21" WC="0.95" CONTENT="finner"/><SP WIDTH="15" VPOS="702" HPOS="245"/>
							<String ID="string_199" HPOS="260" VPOS="702" WIDTH="33" HEIGHT="20" WC="0.96" CONTENT="för"/><SP WIDTH="16" VPOS="702" HPOS="293"/>
							<String ID="string_200" HPOS="309" VPOS="702" WIDTH="51" HEIGHT="27" WC="0.96" CONTENT="godt"/><SP WIDTH="16" VPOS="702" HPOS="360"/>
							<String ID="string_201" HPOS="376" VPOS="704" WIDTH="32" HEIGHT="18" WC="0.92" CONTENT="att"/><SP WIDTH="15" VPOS="704" HPOS="408"/>
							<String ID="string_202" HPOS="423" VPOS="701" WIDTH="128" HEIGHT="21" WC="0.90" CONTENT="tillerkänna"/><SP WIDTH="15" VPOS="701" HPOS="551"/>
							<String ID="string_203" HPOS="566" VPOS="702" WIDTH="55" HEIGHT="20" WC="0.93" CONTENT="dem."/><SP WIDTH="32" VPOS="702" HPOS="621"/>
							<String ID="string_204" HPOS="653" VPOS="702" WIDTH="43" HEIGHT="20" WC="0.91" CONTENT="Det"/><SP WIDTH="16" VPOS="702" HPOS="696"/>
							<String ID="string_205" HPOS="712" VPOS="702" WIDTH="66" HEIGHT="20" WC="0.96" CONTENT="finnes"/><SP WIDTH="17" VPOS="702" HPOS="778"/>
							<String ID="string_206" HPOS="795" VPOS="702" WIDTH="22" HEIGHT="21" WC="0.96" CONTENT="så"/><SP WIDTH="16" VPOS="702" HPOS="817"/>
							<String ID="string_207" HPOS="833" VPOS="702" WIDTH="77" HEIGHT="28" WC="0.96" CONTENT="många"/>
						</TextLine>
						<TextLine ID="line_22" HPOS="89" VPOS="730" WIDTH="819" HEIGHT="28">
							<String ID="string_208" HPOS="89" VPOS="731" WIDTH="117" HEIGHT="25" WC="0.95" CONTENT="intressen,"/><SP WIDTH="16" VPOS="731" HPOS="206"/>
							<String ID="string_209" HPOS="222" VPOS="738" WIDTH="45" HEIGHT="13" WC="0.96" CONTENT="som"/><SP WIDTH="16" VPOS="738" HPOS="267"/>
							<String ID="string_210" HPOS="283" VPOS="730" WIDTH="55" HEIGHT="20" WC="0.96" CONTENT="hålla"/><SP WIDTH="16" VPOS="730" HPOS="338"/>
							<String ID="string_211" HPOS="354" VPOS="730" WIDTH="47" HEIGHT="20" WC="0.96" CONTENT="dem"/><SP WIDTH="17" VPOS="730" HPOS="401"/>
							<String ID="string_212" HPOS="418" VPOS="730" WIDTH="35" HEIGHT="20" WC="0.96" CONTENT="vid"/><SP WIDTH="16" VPOS="730" HPOS="453"/>
							<String ID="string_213" HPOS="469" VPOS="730" WIDTH="46" HEIGHT="20" WC="0.96" CONTENT="sina"/><SP WIDTH="14" VPOS="730" HPOS="515"/>
							<String ID="string_214" HPOS="529" VPOS="730" WIDTH="80" HEIGHT="28" WC="0.96" CONTENT="platser"/><SP WIDTH="12" VPOS="730" HPOS="609"/>
							<String ID="string_215" HPOS="621" VPOS="732" WIDTH="31" HEIGHT="19" WC="0.96" CONTENT="att"/><SP WIDTH="11" VPOS="732" HPOS="652"/>
							<String ID="string_216" HPOS="663" VPOS="730" WIDTH="38" HEIGHT="20" WC="0.96" CONTENT="der"/><SP WIDTH="11" VPOS="730" HPOS="701"/>
							<String ID="string_217" HPOS="712" VPOS="730" WIDTH="47" HEIGHT="21" WC="0.96" CONTENT="icke"/><SP WIDTH="11" VPOS="730" HPOS="759"/>
							<String ID="string_218" HPOS="770" VPOS="730" WIDTH="41" HEIGHT="21" WC="0.95" CONTENT="kan"/><SP WIDTH="12" VPOS="730" HPOS="811"/>
							<String ID="string_219" HPOS="823" VPOS="730" WIDTH="85" HEIGHT="21" WC="0.95" CONTENT="komma"/>
						</TextLine>
						<TextLine ID="line_23" HPOS="90" VPOS="758" WIDTH="819" HEIGHT="28">
							<String ID="string_220" HPOS="90" VPOS="759" WIDTH="5" HEIGHT="20" WC="0.95" CONTENT="i"/><SP WIDTH="16" VPOS="759" HPOS="95"/>
							<String ID="string_221" HPOS="111" VPOS="759" WIDTH="61" HEIGHT="27" WC="0.96" CONTENT="fråga"/><SP WIDTH="23" VPOS="759" HPOS="172"/>
							<String ID="string_222" HPOS="195" VPOS="760" WIDTH="68" HEIGHT="26" WC="0.96" CONTENT="någon"/><SP WIDTH="24" VPOS="760" HPOS="263"/>
							<String ID="string_223" HPOS="287" VPOS="758" WIDTH="134" HEIGHT="21" WC="0.96" CONTENT="konkurrens"/><SP WIDTH="23" VPOS="758" HPOS="421"/>
							<String ID="string_224" HPOS="444" VPOS="758" WIDTH="51" HEIGHT="21" WC="0.96" CONTENT="eller"/><SP WIDTH="16" VPOS="758" HPOS="495"/>
							<String ID="string_225" HPOS="511" VPOS="758" WIDTH="36" HEIGHT="21" WC="0.96" CONTENT="det"/><SP WIDTH="16" VPOS="758" HPOS="547"/>
							<String ID="string_226" HPOS="563" VPOS="758" WIDTH="85" HEIGHT="27" WC="0.96" CONTENT="vanliga"/><SP WIDTH="16" VPOS="758" HPOS="648"/>
							<String ID="string_227" HPOS="664" VPOS="758" WIDTH="140" HEIGHT="21" WC="0.96" CONTENT="förhållandet"/><SP WIDTH="15" VPOS="758" HPOS="804"/>
							<String ID="string_228" HPOS="819" VPOS="759" WIDTH="90" HEIGHT="21" WC="0.96" CONTENT="emellan"/>
						</TextLine>
						<TextLine ID="line_24" HPOS="89" VPOS="787" WIDTH="820" HEIGHT="28">
							<String ID="string_229" HPOS="89" VPOS="788" WIDTH="130" HEIGHT="27" WC="0.96" CONTENT="efterfrågan"/><SP WIDTH="23" VPOS="788" HPOS="219"/>
							<String ID="string_230" HPOS="242" VPOS="788" WIDTH="40" HEIGHT="20" WC="0.96" CONTENT="och"/><SP WIDTH="24" VPOS="788" HPOS="282"/>
							<String ID="string_231" HPOS="306" VPOS="788" WIDTH="75" HEIGHT="26" WC="0.95" CONTENT="priset,"/><SP WIDTH="25" VPOS="788" HPOS="381"/>
							<String ID="string_232" HPOS="406" VPOS="787" WIDTH="109" HEIGHT="21" WC="0.96" CONTENT="hvarefter"/><SP WIDTH="24" VPOS="787" HPOS="515"/>
							<String ID="string_233" HPOS="539" VPOS="787" WIDTH="88" HEIGHT="21" WC="0.96" CONTENT="arbeten"/><SP WIDTH="24" VPOS="787" HPOS="627"/>
							<String ID="string_234" HPOS="651" VPOS="787" WIDTH="58" HEIGHT="21" WC="0.96" CONTENT="inom"/><SP WIDTH="16" VPOS="787" HPOS="709"/>
							<String ID="string_235" HPOS="725" VPOS="787" WIDTH="41" HEIGHT="21" WC="0.93" CONTENT="den"/><SP WIDTH="16" VPOS="787" HPOS="766"/>
							<String ID="string_236" HPOS="782" VPOS="788" WIDTH="127" HEIGHT="20" WC="0.92" CONTENT="merkantila"/>
						</TextLine>
						<TextLine ID="line_25" HPOS="90" VPOS="815" WIDTH="817" HEIGHT="28">
							<String ID="string_237" HPOS="90" VPOS="816" WIDTH="86" HEIGHT="20" WC="0.92" CONTENT="verlden"/><SP WIDTH="17" VPOS="816" HPOS="176"/>
							<String ID="string_238" HPOS="193" VPOS="818" WIDTH="56" HEIGHT="18" WC="0.96" CONTENT="rätta"/><SP WIDTH="16" VPOS="818" HPOS="249"/>
							<String ID="string_239" HPOS="265" VPOS="816" WIDTH="39" HEIGHT="27" WC="0.96" CONTENT="sig."/><SP WIDTH="24" VPOS="816" HPOS="304"/>
							<String ID="string_240" HPOS="328" VPOS="815" WIDTH="41" HEIGHT="21" WC="0.96" CONTENT="Vid"/><SP WIDTH="20" VPOS="815" HPOS="369"/>
							<String ID="string_241" HPOS="389" VPOS="815" WIDTH="97" HEIGHT="21" WC="0.96" CONTENT="enskilda"/><SP WIDTH="15" VPOS="815" HPOS="486"/>
							<String ID="string_242" HPOS="501" VPOS="815" WIDTH="62" HEIGHT="27" WC="0.96" CONTENT="bolag"/><SP WIDTH="16" VPOS="815" HPOS="563"/>
							<String ID="string_243" HPOS="579" VPOS="816" WIDTH="40" HEIGHT="20" WC="0.96" CONTENT="blir"/><SP WIDTH="16" VPOS="816" HPOS="619"/>
							<String ID="string_244" HPOS="635" VPOS="816" WIDTH="36" HEIGHT="20" WC="0.93" CONTENT="det"/><SP WIDTH="16" VPOS="816" HPOS="671"/>
							<String ID="string_245" HPOS="687" VPOS="815" WIDTH="95" HEIGHT="21" WC="0.92" CONTENT="deremot"/><SP WIDTH="16" VPOS="815" HPOS="782"/>
							<String ID="string_246" HPOS="798" VPOS="816" WIDTH="60" HEIGHT="27" WC="0.96" CONTENT="fråga"/><SP WIDTH="16" VPOS="816" HPOS="858"/>
							<String ID="string_247" HPOS="874" VPOS="823" WIDTH="33" HEIGHT="13" WC="0.96" CONTENT="om"/>
						</TextLine>
						<TextLine ID="line_26" HPOS="89" VPOS="843" WIDTH="818" HEIGHT="28">
							<String ID="string_248" HPOS="89" VPOS="844" WIDTH="143" HEIGHT="27" WC="0.96" CONTENT="upprättande"/><SP WIDTH="24" VPOS="844" HPOS="232"/>
							<String ID="string_249" HPOS="256" VPOS="844" WIDTH="23" HEIGHT="21" WC="0.93" CONTENT="af"/><SP WIDTH="21" VPOS="844" HPOS="279"/>
							<String ID="string_250" HPOS="300" VPOS="844" WIDTH="127" HEIGHT="20" WC="0.92" CONTENT="kontrakter"/><SP WIDTH="16" VPOS="844" HPOS="427"/>
							<String ID="string_251" HPOS="443" VPOS="843" WIDTH="39" HEIGHT="21" WC="0.96" CONTENT="och"/><SP WIDTH="17" VPOS="843" HPOS="482"/>
							<String ID="string_252" HPOS="499" VPOS="843" WIDTH="35" HEIGHT="21" WC="0.95" CONTENT="det"/><SP WIDTH="15" VPOS="843" HPOS="534"/>
							<String ID="string_253" HPOS="549" VPOS="843" WIDTH="69" HEIGHT="28" WC="0.96" CONTENT="ligger"/><SP WIDTH="15" VPOS="843" HPOS="618"/>
							<String ID="string_254" HPOS="633" VPOS="844" WIDTH="7" HEIGHT="20" WC="0.96" CONTENT="i"/><SP WIDTH="16" VPOS="844" HPOS="640"/>
							<String ID="string_255" HPOS="656" VPOS="844" WIDTH="41" HEIGHT="20" WC="0.92" CONTENT="den"/><SP WIDTH="15" VPOS="844" HPOS="697"/>
							<String ID="string_256" HPOS="712" VPOS="843" WIDTH="118" HEIGHT="28" WC="0.91" CONTENT="menskliga"/><SP WIDTH="17" VPOS="843" HPOS="830"/>
							<String ID="string_257" HPOS="847" VPOS="845" WIDTH="60" HEIGHT="19" WC="0.92" CONTENT="natu-"/>
						</TextLine>
						<TextLine ID="line_27" HPOS="89" VPOS="872" WIDTH="819" HEIGHT="27">
							<String ID="string_258" HPOS="89" VPOS="879" WIDTH="37" HEIGHT="14" WC="0.96" CONTENT="ren"/><SP WIDTH="17" VPOS="879" HPOS="126"/>
							<String ID="string_259" HPOS="143" VPOS="875" WIDTH="32" HEIGHT="18" WC="0.96" CONTENT="att"/><SP WIDTH="16" VPOS="875" HPOS="175"/>
							<String ID="string_260" HPOS="191" VPOS="873" WIDTH="39" HEIGHT="20" WC="0.96" CONTENT="den"/><SP WIDTH="17" VPOS="873" HPOS="230"/>
							<String ID="string_261" HPOS="247" VPOS="879" WIDTH="40" HEIGHT="14" WC="0.96" CONTENT="ena"/><SP WIDTH="16" VPOS="879" HPOS="287"/>
							<String ID="string_262" HPOS="303" VPOS="874" WIDTH="74" HEIGHT="25" WC="0.96" CONTENT="parten"/><SP WIDTH="17" VPOS="874" HPOS="377"/>
							<String ID="string_263" HPOS="394" VPOS="872" WIDTH="65" HEIGHT="27" WC="0.96" CONTENT="begär"/><SP WIDTH="16" VPOS="872" HPOS="459"/>
							<String ID="string_264" HPOS="475" VPOS="873" WIDTH="22" HEIGHT="19" WC="0.96" CONTENT="så"/><SP WIDTH="16" VPOS="873" HPOS="497"/>
							<String ID="string_265" HPOS="513" VPOS="872" WIDTH="87" HEIGHT="27" WC="0.96" CONTENT="mycket"/><SP WIDTH="16" VPOS="872" HPOS="600"/>
							<String ID="string_266" HPOS="616" VPOS="872" WIDTH="41" HEIGHT="21" WC="0.96" CONTENT="han"/><SP WIDTH="16" VPOS="872" HPOS="657"/>
							<String ID="string_267" HPOS="673" VPOS="872" WIDTH="41" HEIGHT="21" WC="0.96" CONTENT="kan"/><SP WIDTH="17" VPOS="872" HPOS="714"/>
							<String ID="string_268" HPOS="731" VPOS="872" WIDTH="39" HEIGHT="21" WC="0.96" CONTENT="och"/><SP WIDTH="16" VPOS="872" HPOS="770"/>
							<String ID="string_269" HPOS="786" VPOS="873" WIDTH="40" HEIGHT="20" WC="0.96" CONTENT="den"/><SP WIDTH="17" VPOS="873" HPOS="826"/>
							<String ID="string_270" HPOS="843" VPOS="872" WIDTH="65" HEIGHT="21" WC="0.96" CONTENT="andra"/>
						</TextLine>
						<TextLine ID="line_28" HPOS="89" VPOS="900" WIDTH="819" HEIGHT="28">
							<String ID="string_271" HPOS="89" VPOS="901" WIDTH="70" HEIGHT="27" WC="0.91" CONTENT="gifver"/><SP WIDTH="14" VPOS="901" HPOS="159"/>
							<String ID="string_272" HPOS="173" VPOS="901" WIDTH="24" HEIGHT="20" WC="0.96" CONTENT="så"/><SP WIDTH="15" VPOS="901" HPOS="197"/>
							<String ID="string_273" HPOS="212" VPOS="901" WIDTH="47" HEIGHT="20" WC="0.95" CONTENT="litet"/><SP WIDTH="16" VPOS="901" HPOS="259"/>
							<String ID="string_274" HPOS="275" VPOS="907" WIDTH="45" HEIGHT="14" WC="0.96" CONTENT="som"/><SP WIDTH="16" VPOS="907" HPOS="320"/>
							<String ID="string_275" HPOS="336" VPOS="901" WIDTH="90" HEIGHT="26" WC="0.96" CONTENT="möjligt."/><SP WIDTH="30" VPOS="901" HPOS="426"/>
							<String ID="string_276" HPOS="456" VPOS="900" WIDTH="63" HEIGHT="21" WC="0.96" CONTENT="Hvad"/><SP WIDTH="18" VPOS="900" HPOS="519"/>
							<String ID="string_277" HPOS="537" VPOS="901" WIDTH="37" HEIGHT="20" WC="0.96" CONTENT="här"/><SP WIDTH="15" VPOS="901" HPOS="574"/>
							<String ID="string_278" HPOS="589" VPOS="901" WIDTH="66" HEIGHT="26" WC="0.96" CONTENT="gäller"/><SP WIDTH="16" VPOS="901" HPOS="655"/>
							<String ID="string_279" HPOS="671" VPOS="901" WIDTH="36" HEIGHT="20" WC="0.96" CONTENT="det"/><SP WIDTH="21" VPOS="901" HPOS="707"/>
							<String ID="string_280" HPOS="728" VPOS="901" WIDTH="98" HEIGHT="20" WC="0.92" CONTENT="tekniska"/><SP WIDTH="24" VPOS="901" HPOS="826"/>
							<String ID="string_281" HPOS="850" VPOS="901" WIDTH="58" HEIGHT="20" WC="0.92" CONTENT="befä-"/>
						</TextLine>
						<TextLine ID="line_29" HPOS="89" VPOS="929" WIDTH="819" HEIGHT="28">
							<String ID="string_282" HPOS="89" VPOS="929" WIDTH="30" HEIGHT="21" WC="0.96" CONTENT="let"/><SP WIDTH="24" VPOS="929" HPOS="119"/>
							<String ID="string_283" HPOS="143" VPOS="929" WIDTH="51" HEIGHT="21" WC="0.96" CONTENT="eller"/><SP WIDTH="23" VPOS="929" HPOS="194"/>
							<String ID="string_284" HPOS="217" VPOS="929" WIDTH="40" HEIGHT="20" WC="0.96" CONTENT="den"/><SP WIDTH="17" VPOS="929" HPOS="257"/>
							<String ID="string_285" HPOS="274" VPOS="929" WIDTH="140" HEIGHT="20" WC="0.96" CONTENT="ekonomiska"/><SP WIDTH="18" VPOS="929" HPOS="414"/>
							<String ID="string_286" HPOS="432" VPOS="929" WIDTH="167" HEIGHT="27" WC="0.96" CONTENT="förvaltningen,"/><SP WIDTH="16" VPOS="929" HPOS="599"/>
							<String ID="string_287" HPOS="615" VPOS="929" WIDTH="67" HEIGHT="28" WC="0.96" CONTENT="gäller"/><SP WIDTH="19" VPOS="929" HPOS="682"/>
							<String ID="string_288" HPOS="701" VPOS="929" WIDTH="2" HEIGHT="20" WC="0.95" CONTENT="i"/><SP WIDTH="16" VPOS="929" HPOS="703"/>
							<String ID="string_289" HPOS="719" VPOS="936" WIDTH="80" HEIGHT="13" WC="0.96" CONTENT="samma"/><SP WIDTH="16" VPOS="936" HPOS="799"/>
							<String ID="string_290" HPOS="815" VPOS="929" WIDTH="52" HEIGHT="27" WC="0.96" CONTENT="grad"/><SP WIDTH="16" VPOS="929" HPOS="867"/>
							<String ID="string_291" HPOS="883" VPOS="936" WIDTH="25" HEIGHT="13" WC="0.96" CONTENT="en"/>
						</TextLine>
						<TextLine ID="line_30" HPOS="91" VPOS="957" WIDTH="816" HEIGHT="28">
							<String ID="string_292" HPOS="91" VPOS="960" WIDTH="44" HEIGHT="18" WC="0.96" CONTENT="stor"/><SP WIDTH="16" VPOS="960" HPOS="135"/>
							<String ID="string_293" HPOS="151" VPOS="957" WIDTH="33" HEIGHT="21" WC="0.96" CONTENT="del"/><SP WIDTH="17" VPOS="957" HPOS="184"/>
							<String ID="string_294" HPOS="201" VPOS="958" WIDTH="22" HEIGHT="20" WC="0.96" CONTENT="af"/><SP WIDTH="14" VPOS="958" HPOS="223"/>
							<String ID="string_295" HPOS="237" VPOS="957" WIDTH="26" HEIGHT="21" WC="0.96" CONTENT="de"/><SP WIDTH="16" VPOS="957" HPOS="263"/>
							<String ID="string_296" HPOS="279" VPOS="957" WIDTH="109" HEIGHT="25" WC="0.95" CONTENT="arbetare,"/><SP WIDTH="20" VPOS="957" HPOS="388"/>
							<String ID="string_297" HPOS="408" VPOS="964" WIDTH="44" HEIGHT="13" WC="0.96" CONTENT="som"/><SP WIDTH="17" VPOS="964" HPOS="452"/>
							<String ID="string_298" HPOS="469" VPOS="957" WIDTH="24" HEIGHT="20" WC="0.95" CONTENT="år"/><SP WIDTH="15" VPOS="957" HPOS="493"/>
							<String ID="string_299" HPOS="508" VPOS="957" WIDTH="46" HEIGHT="20" WC="0.96" CONTENT="från"/><SP WIDTH="17" VPOS="957" HPOS="554"/>
							<String ID="string_300" HPOS="571" VPOS="958" WIDTH="23" HEIGHT="19" WC="0.95" CONTENT="år"/><SP WIDTH="15" VPOS="958" HPOS="594"/>
							<String ID="string_301" HPOS="609" VPOS="958" WIDTH="47" HEIGHT="27" WC="0.96" CONTENT="gått"/><SP WIDTH="15" VPOS="958" HPOS="656"/>
							<String ID="string_302" HPOS="671" VPOS="957" WIDTH="32" HEIGHT="20" WC="0.96" CONTENT="till"/><SP WIDTH="14" VPOS="957" HPOS="703"/>
							<String ID="string_303" HPOS="717" VPOS="957" WIDTH="36" HEIGHT="20" WC="0.96" CONTENT="det"/><SP WIDTH="16" VPOS="957" HPOS="753"/>
							<String ID="string_304" HPOS="769" VPOS="964" WIDTH="39" HEIGHT="14" WC="0.96" CONTENT="ena"/><SP WIDTH="16" VPOS="964" HPOS="808"/>
							<String ID="string_305" HPOS="824" VPOS="957" WIDTH="83" HEIGHT="21" WC="0.96" CONTENT="arbetet"/>
						</TextLine>
						<TextLine ID="line_31" HPOS="89" VPOS="985" WIDTH="819" HEIGHT="28">
							<String ID="string_306" HPOS="89" VPOS="986" WIDTH="56" HEIGHT="21" WC="0.96" CONTENT="efter"/><SP WIDTH="24" VPOS="986" HPOS="145"/>
							<String ID="string_307" HPOS="169" VPOS="986" WIDTH="36" HEIGHT="21" WC="0.96" CONTENT="det"/><SP WIDTH="23" VPOS="986" HPOS="205"/>
							<String ID="string_308" HPOS="228" VPOS="986" WIDTH="66" HEIGHT="21" WC="0.96" CONTENT="andra"/><SP WIDTH="16" VPOS="986" HPOS="294"/>
							<String ID="string_309" HPOS="310" VPOS="986" WIDTH="38" HEIGHT="20" WC="0.96" CONTENT="och"/><SP WIDTH="18" VPOS="986" HPOS="348"/>
							<String ID="string_310" HPOS="366" VPOS="985" WIDTH="81" HEIGHT="21" WC="0.96" CONTENT="således"/><SP WIDTH="17" VPOS="985" HPOS="447"/>
							<String ID="string_311" HPOS="464" VPOS="985" WIDTH="65" HEIGHT="21" WC="0.95" CONTENT="redan"/><SP WIDTH="16" VPOS="985" HPOS="529"/>
							<String ID="string_312" HPOS="545" VPOS="993" WIDTH="51" HEIGHT="13" WC="0.96" CONTENT="anse"/><SP WIDTH="16" VPOS="993" HPOS="596"/>
							<String ID="string_313" HPOS="612" VPOS="986" WIDTH="33" HEIGHT="27" WC="0.96" CONTENT="sig"/><SP WIDTH="15" VPOS="986" HPOS="645"/>
							<String ID="string_314" HPOS="660" VPOS="993" WIDTH="51" HEIGHT="13" WC="0.95" CONTENT="vara"/><SP WIDTH="15" VPOS="993" HPOS="711"/>
							<String ID="string_315" HPOS="726" VPOS="986" WIDTH="93" HEIGHT="20" WC="0.96" CONTENT="kronans"/><SP WIDTH="16" VPOS="986" HPOS="819"/>
							<String ID="string_316" HPOS="835" VPOS="985" WIDTH="73" HEIGHT="21" WC="0.96" CONTENT="karlar"/>
						</TextLine>
						<TextLine ID="line_32" HPOS="89" VPOS="1013" WIDTH="819" HEIGHT="28">
							<String ID="string_317" HPOS="89" VPOS="1015" WIDTH="39" HEIGHT="20" WC="0.93" CONTENT="och"/><SP WIDTH="17" VPOS="1015" HPOS="128"/>
							<String ID="string_318" HPOS="145" VPOS="1017" WIDTH="15" HEIGHT="18" WC="0.91" CONTENT="t."/><SP WIDTH="17" VPOS="1017" HPOS="160"/>
							<String ID="string_319" HPOS="177" VPOS="1022" WIDTH="18" HEIGHT="13" WC="0.96" CONTENT="o."/><SP WIDTH="17" VPOS="1022" HPOS="195"/>
							<String ID="string_320" HPOS="212" VPOS="1022" WIDTH="27" HEIGHT="13" WC="0.96" CONTENT="m."/><SP WIDTH="16" VPOS="1022" HPOS="239"/>
							<String ID="string_321" HPOS="255" VPOS="1015" WIDTH="24" HEIGHT="20" WC="0.96" CONTENT="så"/><SP WIDTH="15" VPOS="1015" HPOS="279"/>
							<String ID="string_322" HPOS="294" VPOS="1015" WIDTH="106" HEIGHT="20" WC="0.95" CONTENT="benämna"/><SP WIDTH="15" VPOS="1015" HPOS="400"/>
							<String ID="string_323" HPOS="415" VPOS="1015" WIDTH="32" HEIGHT="26" WC="0.93" CONTENT="sig"/><SP WIDTH="16" VPOS="1015" HPOS="447"/>
							<String ID="string_324" HPOS="463" VPOS="1013" WIDTH="82" HEIGHT="28" WC="0.92" CONTENT="sjelfve."/><SP WIDTH="27" VPOS="1013" HPOS="545"/>
							<String ID="string_325" HPOS="572" VPOS="1014" WIDTH="70" HEIGHT="21" WC="0.96" CONTENT="Deras"/><SP WIDTH="16" VPOS="1014" HPOS="642"/>
							<String ID="string_326" HPOS="658" VPOS="1014" WIDTH="90" HEIGHT="27" WC="0.93" CONTENT="tidigare"/><SP WIDTH="15" VPOS="1014" HPOS="748"/>
							<String ID="string_327" HPOS="763" VPOS="1013" WIDTH="145" HEIGHT="21" WC="0.92" CONTENT="lefnadskarta"/>
						</TextLine>
						<TextLine ID="line_33" HPOS="89" VPOS="1042" WIDTH="820" HEIGHT="28">
							<String ID="string_328" HPOS="89" VPOS="1045" WIDTH="23" HEIGHT="18" WC="0.96" CONTENT="är"/><SP WIDTH="23" VPOS="1045" HPOS="112"/>
							<String ID="string_329" HPOS="135" VPOS="1043" WIDTH="83" HEIGHT="27" WC="0.95" CONTENT="ganska"/><SP WIDTH="16" VPOS="1043" HPOS="218"/>
							<String ID="string_330" HPOS="234" VPOS="1043" WIDTH="75" HEIGHT="27" WC="0.96" CONTENT="brokig"/><SP WIDTH="16" VPOS="1043" HPOS="309"/>
							<String ID="string_331" HPOS="325" VPOS="1043" WIDTH="39" HEIGHT="20" WC="0.96" CONTENT="och"/><SP WIDTH="16" VPOS="1043" HPOS="364"/>
							<String ID="string_332" HPOS="380" VPOS="1042" WIDTH="130" HEIGHT="27" WC="0.95" CONTENT="efterfrågan"/><SP WIDTH="15" VPOS="1042" HPOS="510"/>
							<String ID="string_333" HPOS="525" VPOS="1043" WIDTH="22" HEIGHT="20" WC="0.96" CONTENT="af"/><SP WIDTH="14" VPOS="1043" HPOS="547"/>
							<String ID="string_334" HPOS="561" VPOS="1042" WIDTH="64" HEIGHT="21" WC="0.96" CONTENT="dessa"/><SP WIDTH="16" VPOS="1042" HPOS="625"/>
							<String ID="string_335" HPOS="641" VPOS="1043" WIDTH="52" HEIGHT="20" WC="0.96" CONTENT="barn"/><SP WIDTH="17" VPOS="1043" HPOS="693"/>
							<String ID="string_336" HPOS="710" VPOS="1043" WIDTH="46" HEIGHT="20" WC="0.95" CONTENT="från"/><SP WIDTH="16" VPOS="1043" HPOS="756"/>
							<String ID="string_337" HPOS="772" VPOS="1042" WIDTH="137" HEIGHT="27" WC="0.96" CONTENT="fängelserna"/>
						</TextLine>
						<TextLine ID="line_34" HPOS="89" VPOS="1071" WIDTH="818" HEIGHT="28">
							<String ID="string_338" HPOS="89" VPOS="1071" WIDTH="39" HEIGHT="21" WC="0.92" CONTENT="och"/><SP WIDTH="18" VPOS="1071" HPOS="128"/>
							<String ID="string_339" HPOS="146" VPOS="1071" WIDTH="92" HEIGHT="21" WC="0.91" CONTENT="häktena"/><SP WIDTH="16" VPOS="1071" HPOS="238"/>
							<String ID="string_340" HPOS="254" VPOS="1073" WIDTH="22" HEIGHT="19" WC="0.96" CONTENT="är"/><SP WIDTH="17" VPOS="1073" HPOS="276"/>
							<String ID="string_341" HPOS="293" VPOS="1071" WIDTH="37" HEIGHT="20" WC="0.96" CONTENT="hos"/><SP WIDTH="16" VPOS="1071" HPOS="330"/>
							<String ID="string_342" HPOS="346" VPOS="1071" WIDTH="42" HEIGHT="20" WC="0.97" CONTENT="den"/><SP WIDTH="16" VPOS="1071" HPOS="388"/>
							<String ID="string_343" HPOS="404" VPOS="1071" WIDTH="95" HEIGHT="20" WC="0.96" CONTENT="enskilde"/><SP WIDTH="17" VPOS="1071" HPOS="499"/>
							<String ID="string_344" HPOS="516" VPOS="1071" WIDTH="87" HEIGHT="28" WC="0.96" CONTENT="mycket"/><SP WIDTH="16" VPOS="1071" HPOS="603"/>
							<String ID="string_345" HPOS="619" VPOS="1071" WIDTH="64" HEIGHT="26" WC="0.96" CONTENT="liten,"/><SP WIDTH="21" VPOS="1071" HPOS="683"/>
							<String ID="string_346" HPOS="704" VPOS="1077" WIDTH="46" HEIGHT="14" WC="0.96" CONTENT="men"/><SP WIDTH="10" VPOS="1077" HPOS="750"/>
							<String ID="string_347" HPOS="760" VPOS="1071" WIDTH="36" HEIGHT="20" WC="0.96" CONTENT="det"/><SP WIDTH="8" VPOS="1071" HPOS="796"/>
							<String ID="string_348" HPOS="804" VPOS="1071" WIDTH="39" HEIGHT="20" WC="0.96" CONTENT="har"/><SP WIDTH="9" VPOS="1071" HPOS="843"/>
							<String ID="string_349" HPOS="852" VPOS="1071" WIDTH="55" HEIGHT="20" WC="0.96" CONTENT="visat"/>
						</TextLine>
						<TextLine ID="line_35" HPOS="89" VPOS="1099" WIDTH="819" HEIGHT="28">
							<String ID="string_350" HPOS="89" VPOS="1100" WIDTH="33" HEIGHT="27" WC="0.96" CONTENT="sig"/><SP WIDTH="23" VPOS="1100" HPOS="122"/>
							<String ID="string_351" HPOS="145" VPOS="1102" WIDTH="32" HEIGHT="18" WC="0.96" CONTENT="att"/><SP WIDTH="23" VPOS="1102" HPOS="177"/>
							<String ID="string_352" HPOS="200" VPOS="1100" WIDTH="26" HEIGHT="20" WC="0.96" CONTENT="då"/><SP WIDTH="20" VPOS="1100" HPOS="226"/>
							<String ID="string_353" HPOS="246" VPOS="1100" WIDTH="25" HEIGHT="20" WC="0.96" CONTENT="de"/><SP WIDTH="16" VPOS="1100" HPOS="271"/>
							<String ID="string_354" HPOS="287" VPOS="1099" WIDTH="67" HEIGHT="20" WC="0.96" CONTENT="under"/><SP WIDTH="16" VPOS="1099" HPOS="354"/>
							<String ID="string_355" HPOS="370" VPOS="1099" WIDTH="82" HEIGHT="28" WC="0.96" CONTENT="hunger"/><SP WIDTH="16" VPOS="1099" HPOS="452"/>
							<String ID="string_356" HPOS="468" VPOS="1099" WIDTH="39" HEIGHT="21" WC="0.96" CONTENT="och"/><SP WIDTH="15" VPOS="1099" HPOS="507"/>
							<String ID="string_357" HPOS="522" VPOS="1099" WIDTH="69" HEIGHT="28" WC="0.96" CONTENT="hårda"/><SP WIDTH="16" VPOS="1099" HPOS="591"/>
							<String ID="string_358" HPOS="607" VPOS="1100" WIDTH="23" HEIGHT="20" WC="0.96" CONTENT="år"/><SP WIDTH="16" VPOS="1100" HPOS="630"/>
							<String ID="string_359" HPOS="646" VPOS="1099" WIDTH="68" HEIGHT="21" WC="0.95" CONTENT="under"/><SP WIDTH="16" VPOS="1099" HPOS="714"/>
							<String ID="string_360" HPOS="730" VPOS="1106" WIDTH="26" HEIGHT="14" WC="0.95" CONTENT="en"/><SP WIDTH="16" VPOS="1106" HPOS="756"/>
							<String ID="string_361" HPOS="772" VPOS="1099" WIDTH="52" HEIGHT="20" WC="0.96" CONTENT="eller"/><SP WIDTH="16" VPOS="1099" HPOS="824"/>
							<String ID="string_362" HPOS="840" VPOS="1106" WIDTH="68" HEIGHT="14" WC="0.96" CONTENT="annan"/>
						</TextLine>
						<TextLine ID="line_36" HPOS="89" VPOS="1127" WIDTH="819" HEIGHT="28">
							<String ID="string_363" HPOS="89" VPOS="1128" WIDTH="54" HEIGHT="21" WC="0.96" CONTENT="form"/><SP WIDTH="17" VPOS="1128" HPOS="143"/>
							<String ID="string_364" HPOS="160" VPOS="1129" WIDTH="22" HEIGHT="20" WC="0.96" CONTENT="af"/><SP WIDTH="15" VPOS="1129" HPOS="182"/>
							<String ID="string_365" HPOS="197" VPOS="1130" WIDTH="68" HEIGHT="19" WC="0.96" CONTENT="staten"/><SP WIDTH="17" VPOS="1130" HPOS="265"/>
							<String ID="string_366" HPOS="282" VPOS="1128" WIDTH="83" HEIGHT="20" WC="0.96" CONTENT="erhållit"/><SP WIDTH="16" VPOS="1128" HPOS="365"/>
							<String ID="string_367" HPOS="381" VPOS="1128" WIDTH="118" HEIGHT="27" WC="0.96" CONTENT="penningar"/><SP WIDTH="16" VPOS="1128" HPOS="499"/>
							<String ID="string_368" HPOS="515" VPOS="1127" WIDTH="40" HEIGHT="21" WC="0.96" CONTENT="och"/><SP WIDTH="16" VPOS="1127" HPOS="555"/>
							<String ID="string_369" HPOS="571" VPOS="1127" WIDTH="81" HEIGHT="27" WC="0.96" CONTENT="arbete,"/><SP WIDTH="12" VPOS="1127" HPOS="652"/>
							<String ID="string_370" HPOS="664" VPOS="1128" WIDTH="63" HEIGHT="20" WC="0.96" CONTENT="hafva"/><SP WIDTH="15" VPOS="1128" HPOS="727"/>
							<String ID="string_371" HPOS="742" VPOS="1127" WIDTH="26" HEIGHT="21" WC="0.96" CONTENT="de"/><SP WIDTH="12" VPOS="1127" HPOS="768"/>
							<String ID="string_372" HPOS="780" VPOS="1127" WIDTH="84" HEIGHT="28" WC="0.96" CONTENT="stadgat"/><SP WIDTH="12" VPOS="1127" HPOS="864"/>
							<String ID="string_373" HPOS="876" VPOS="1128" WIDTH="32" HEIGHT="27" WC="0.96" CONTENT="sig"/>
						</TextLine>
						<TextLine ID="line_37" HPOS="89" VPOS="1156" WIDTH="819" HEIGHT="27">
							<String ID="string_374" HPOS="89" VPOS="1157" WIDTH="39" HEIGHT="20" WC="0.96" CONTENT="och"/><SP WIDTH="24" VPOS="1157" HPOS="128"/>
							<String ID="string_375" HPOS="152" VPOS="1157" WIDTH="68" HEIGHT="20" WC="0.93" CONTENT="blifvit"/><SP WIDTH="16" VPOS="1157" HPOS="220"/>
							<String ID="string_376" HPOS="236" VPOS="1157" WIDTH="26" HEIGHT="20" WC="0.96" CONTENT="de"/><SP WIDTH="17" VPOS="1157" HPOS="262"/>
							<String ID="string_377" HPOS="279" VPOS="1156" WIDTH="105" HEIGHT="27" WC="0.96" CONTENT="billigaste"/><SP WIDTH="17" VPOS="1156" HPOS="384"/>
							<String ID="string_378" HPOS="401" VPOS="1156" WIDTH="39" HEIGHT="21" WC="0.93" CONTENT="och"/><SP WIDTH="16" VPOS="1156" HPOS="440"/>
							<String ID="string_379" HPOS="456" VPOS="1156" WIDTH="106" HEIGHT="27" WC="0.92" CONTENT="lydigaste"/><SP WIDTH="21" VPOS="1156" HPOS="562"/>
							<String ID="string_380" HPOS="583" VPOS="1157" WIDTH="100" HEIGHT="20" WC="0.96" CONTENT="arbetare"/><SP WIDTH="21" VPOS="1157" HPOS="683"/>
							<String ID="string_381" HPOS="704" VPOS="1156" WIDTH="34" HEIGHT="20" WC="0.96" CONTENT="vid"/><SP WIDTH="18" VPOS="1156" HPOS="738"/>
							<String ID="string_382" HPOS="756" VPOS="1156" WIDTH="26" HEIGHT="20" WC="0.96" CONTENT="de"/><SP WIDTH="19" VPOS="1156" HPOS="782"/>
							<String ID="string_383" HPOS="801" VPOS="1156" WIDTH="107" HEIGHT="21" WC="0.95" CONTENT="allmänna"/>
						</TextLine>
						<TextLine ID="line_38" HPOS="89" VPOS="1184" WIDTH="819" HEIGHT="28">
							<String ID="string_384" HPOS="89" VPOS="1185" WIDTH="103" HEIGHT="21" WC="0.96" CONTENT="arbetena"/><SP WIDTH="15" VPOS="1185" HPOS="192"/>
							<String ID="string_385" HPOS="207" VPOS="1186" WIDTH="27" HEIGHT="26" WC="0.96" CONTENT="på"/><SP WIDTH="16" VPOS="1186" HPOS="234"/>
							<String ID="string_386" HPOS="250" VPOS="1191" WIDTH="80" HEIGHT="14" WC="0.96" CONTENT="samma"/><SP WIDTH="16" VPOS="1191" HPOS="330"/>
							<String ID="string_387" HPOS="346" VPOS="1185" WIDTH="56" HEIGHT="26" WC="0.95" CONTENT="gång"/><SP WIDTH="16" VPOS="1185" HPOS="402"/>
							<String ID="string_388" HPOS="418" VPOS="1185" WIDTH="25" HEIGHT="20" WC="0.96" CONTENT="de"/><SP WIDTH="16" VPOS="1185" HPOS="443"/>
							<String ID="string_389" HPOS="459" VPOS="1184" WIDTH="65" HEIGHT="21" WC="0.96" CONTENT="oftast"/><SP WIDTH="17" VPOS="1184" HPOS="524"/>
							<String ID="string_390" HPOS="541" VPOS="1186" WIDTH="36" HEIGHT="19" WC="0.96" CONTENT="äro"/><SP WIDTH="17" VPOS="1186" HPOS="577"/>
							<String ID="string_391" HPOS="594" VPOS="1185" WIDTH="26" HEIGHT="20" WC="0.96" CONTENT="de"/><SP WIDTH="16" VPOS="1185" HPOS="620"/>
							<String ID="string_392" HPOS="636" VPOS="1185" WIDTH="126" HEIGHT="27" WC="0.96" CONTENT="dugligaste."/><SP WIDTH="26" VPOS="1185" HPOS="762"/>
							<String ID="string_393" HPOS="788" VPOS="1184" WIDTH="42" HEIGHT="28" WC="0.96" CONTENT="Jag"/><SP WIDTH="15" VPOS="1184" HPOS="830"/>
							<String ID="string_394" HPOS="845" VPOS="1191" WIDTH="63" HEIGHT="14" WC="0.96" CONTENT="anser"/>
						</TextLine>
						<TextLine ID="line_39" HPOS="89" VPOS="1213" WIDTH="819" HEIGHT="28">
							<String ID="string_395" HPOS="89" VPOS="1213" WIDTH="84" HEIGHT="21" WC="0.96" CONTENT="således"/><SP WIDTH="24" VPOS="1213" HPOS="173"/>
							<String ID="string_396" HPOS="197" VPOS="1215" WIDTH="31" HEIGHT="19" WC="0.95" CONTENT="att"/><SP WIDTH="23" VPOS="1215" HPOS="228"/>
							<String ID="string_397" HPOS="251" VPOS="1213" WIDTH="73" HEIGHT="20" WC="0.95" CONTENT="skälen"/><SP WIDTH="25" VPOS="1213" HPOS="324"/>
							<String ID="string_398" HPOS="349" VPOS="1213" WIDTH="32" HEIGHT="20" WC="0.96" CONTENT="för"/><SP WIDTH="23" VPOS="1213" HPOS="381"/>
							<String ID="string_399" HPOS="404" VPOS="1215" WIDTH="30" HEIGHT="18" WC="0.96" CONTENT="att"/><SP WIDTH="23" VPOS="1215" HPOS="434"/>
							<String ID="string_400" HPOS="457" VPOS="1215" WIDTH="69" HEIGHT="18" WC="0.96" CONTENT="staten"/><SP WIDTH="25" VPOS="1215" HPOS="526"/>
							<String ID="string_401" HPOS="551" VPOS="1213" WIDTH="54" HEIGHT="20" WC="0.95" CONTENT="skall"/><SP WIDTH="16" VPOS="1213" HPOS="605"/>
							<String ID="string_402" HPOS="621" VPOS="1213" WIDTH="86" HEIGHT="28" WC="0.93" CONTENT="vidtaga"/><SP WIDTH="13" VPOS="1213" HPOS="707"/>
							<String ID="string_403" HPOS="720" VPOS="1213" WIDTH="188" HEIGHT="27" WC="0.90" CONTENT="jernvägsarbetet"/>
						</TextLine>
						<TextLine ID="line_40" HPOS="90" VPOS="1241" WIDTH="818" HEIGHT="28">
							<String ID="string_404" HPOS="90" VPOS="1241" WIDTH="66" HEIGHT="21" WC="0.93" CONTENT="borde"/><SP WIDTH="18" VPOS="1241" HPOS="156"/>
							<String ID="string_405" HPOS="174" VPOS="1241" WIDTH="124" HEIGHT="28" WC="0.93" CONTENT="föredragas"/><SP WIDTH="16" VPOS="1241" HPOS="298"/>
							<String ID="string_406" HPOS="314" VPOS="1241" WIDTH="89" HEIGHT="20" WC="0.96" CONTENT="framför"/><SP WIDTH="15" VPOS="1241" HPOS="403"/>
							<String ID="string_407" HPOS="418" VPOS="1241" WIDTH="47" HEIGHT="20" WC="0.96" CONTENT="dem"/><SP WIDTH="18" VPOS="1241" HPOS="465"/>
							<String ID="string_408" HPOS="483" VPOS="1247" WIDTH="44" HEIGHT="14" WC="0.96" CONTENT="som"/><SP WIDTH="17" VPOS="1247" HPOS="527"/>
							<String ID="string_409" HPOS="544" VPOS="1241" WIDTH="43" HEIGHT="20" WC="0.96" CONTENT="tala"/><SP WIDTH="15" VPOS="1241" HPOS="587"/>
							<String ID="string_410" HPOS="602" VPOS="1241" WIDTH="33" HEIGHT="21" WC="0.96" CONTENT="för"/><SP WIDTH="16" VPOS="1241" HPOS="635"/>
							<String ID="string_411" HPOS="651" VPOS="1242" WIDTH="49" HEIGHT="20" WC="0.96" CONTENT="dess"/><SP WIDTH="16" VPOS="1242" HPOS="700"/>
							<String ID="string_412" HPOS="716" VPOS="1241" WIDTH="103" HEIGHT="28" WC="0.96" CONTENT="åtagande"/><SP WIDTH="16" VPOS="1241" HPOS="819"/>
							<String ID="string_413" HPOS="835" VPOS="1241" WIDTH="23" HEIGHT="20" WC="0.93" CONTENT="af"/><SP WIDTH="14" VPOS="1241" HPOS="858"/>
							<String ID="string_414" HPOS="872" VPOS="1248" WIDTH="36" HEIGHT="13" WC="0.91" CONTENT="en-"/>
						</TextLine>
						<TextLine ID="line_41" HPOS="89" VPOS="1269" WIDTH="819" HEIGHT="28">
							<String ID="string_415" HPOS="89" VPOS="1270" WIDTH="76" HEIGHT="21" WC="0.96" CONTENT="skilda."/><SP WIDTH="17" VPOS="1270" HPOS="165"/>
							<String ID="string_416" HPOS="182" VPOS="1270" WIDTH="42" HEIGHT="27" WC="0.96" CONTENT="Jag"/><SP WIDTH="16" VPOS="1270" HPOS="224"/>
							<String ID="string_417" HPOS="240" VPOS="1277" WIDTH="62" HEIGHT="14" WC="0.96" CONTENT="anser"/><SP WIDTH="16" VPOS="1277" HPOS="302"/>
							<String ID="string_418" HPOS="318" VPOS="1269" WIDTH="36" HEIGHT="21" WC="0.96" CONTENT="det"/><SP WIDTH="15" VPOS="1269" HPOS="354"/>
							<String ID="string_419" HPOS="369" VPOS="1270" WIDTH="24" HEIGHT="20" WC="0.96" CONTENT="så"/><SP WIDTH="9" VPOS="1270" HPOS="393"/>
							<String ID="string_420" HPOS="402" VPOS="1269" WIDTH="85" HEIGHT="28" WC="0.96" CONTENT="mycket"/><SP WIDTH="9" VPOS="1269" HPOS="487"/>
							<String ID="string_421" HPOS="496" VPOS="1276" WIDTH="59" HEIGHT="14" WC="0.96" CONTENT="mera"/><SP WIDTH="15" VPOS="1276" HPOS="555"/>
							<String ID="string_422" HPOS="570" VPOS="1276" WIDTH="55" HEIGHT="20" WC="0.96" CONTENT="som,"/><SP WIDTH="18" VPOS="1276" HPOS="625"/>
							<String ID="string_423" HPOS="643" VPOS="1271" WIDTH="23" HEIGHT="20" WC="0.96" CONTENT="så"/><SP WIDTH="15" VPOS="1271" HPOS="666"/>
							<String ID="string_424" HPOS="681" VPOS="1270" WIDTH="45" HEIGHT="20" WC="0.96" CONTENT="vidt"/><SP WIDTH="10" VPOS="1270" HPOS="726"/>
							<String ID="string_425" HPOS="736" VPOS="1270" WIDTH="38" HEIGHT="27" WC="0.96" CONTENT="jag"/><SP WIDTH="12" VPOS="1270" HPOS="774"/>
							<String ID="string_426" HPOS="786" VPOS="1269" WIDTH="53" HEIGHT="21" WC="0.96" CONTENT="varit"/><SP WIDTH="6" VPOS="1269" HPOS="839"/>
							<String ID="string_427" HPOS="845" VPOS="1265" WIDTH="8" HEIGHT="36" WC="0.92" CONTENT="i"/><SP WIDTH="15" VPOS="1265" HPOS="853"/>
							<String ID="string_428" HPOS="868" VPOS="1269" WIDTH="40" HEIGHT="20" WC="0.92" CONTENT="till-"/>
						</TextLine>
						<TextLine ID="line_42" HPOS="89" VPOS="1297" WIDTH="818" HEIGHT="28">
							<String ID="string_429" HPOS="89" VPOS="1298" WIDTH="49" HEIGHT="21" WC="0.92" CONTENT="fälle"/><SP WIDTH="24" VPOS="1298" HPOS="138"/>
							<String ID="string_430" HPOS="162" VPOS="1301" WIDTH="31" HEIGHT="18" WC="0.96" CONTENT="att"/><SP WIDTH="23" VPOS="1301" HPOS="193"/>
							<String ID="string_431" HPOS="216" VPOS="1298" WIDTH="87" HEIGHT="21" WC="0.96" CONTENT="studera"/><SP WIDTH="23" VPOS="1298" HPOS="303"/>
							<String ID="string_432" HPOS="326" VPOS="1298" WIDTH="68" HEIGHT="27" WC="0.96" CONTENT="någon"/><SP WIDTH="17" VPOS="1298" HPOS="394"/>
							<String ID="string_433" HPOS="411" VPOS="1305" WIDTH="69" HEIGHT="13" WC="0.95" CONTENT="annan"/><SP WIDTH="17" VPOS="1305" HPOS="480"/>
							<String ID="string_434" HPOS="497" VPOS="1298" WIDTH="46" HEIGHT="20" WC="0.96" CONTENT="sida"/><SP WIDTH="15" VPOS="1298" HPOS="543"/>
							<String ID="string_435" HPOS="558" VPOS="1298" WIDTH="23" HEIGHT="20" WC="0.93" CONTENT="af"/><SP WIDTH="11" VPOS="1298" HPOS="581"/>
							<String ID="string_436" HPOS="592" VPOS="1299" WIDTH="214" HEIGHT="26" WC="0.91" CONTENT="jernvägsföretagen"/><SP WIDTH="17" VPOS="1299" HPOS="806"/>
							<String ID="string_437" HPOS="823" VPOS="1299" WIDTH="26" HEIGHT="18" WC="0.96" CONTENT="än"/><SP WIDTH="17" VPOS="1299" HPOS="849"/>
							<String ID="string_438" HPOS="866" VPOS="1297" WIDTH="41" HEIGHT="21" WC="0.96" CONTENT="den"/>
						</TextLine>
						<TextLine ID="line_43" HPOS="89" VPOS="1326" WIDTH="819" HEIGHT="27">
							<String ID="string_439" HPOS="89" VPOS="1330" WIDTH="48" HEIGHT="17" WC="0.96" CONTENT="rent"/><SP WIDTH="24" VPOS="1330" HPOS="137"/>
							<String ID="string_440" HPOS="161" VPOS="1327" WIDTH="111" HEIGHT="26" WC="0.93" CONTENT="tekniska,"/><SP WIDTH="22" VPOS="1327" HPOS="272"/>
							<String ID="string_441" HPOS="294" VPOS="1327" WIDTH="19" HEIGHT="20" WC="0.92" CONTENT="d."/><SP WIDTH="24" VPOS="1327" HPOS="313"/>
							<String ID="string_442" HPOS="337" VPOS="1333" WIDTH="19" HEIGHT="14" WC="0.96" CONTENT="v."/><SP WIDTH="24" VPOS="1333" HPOS="356"/>
							<String ID="string_443" HPOS="380" VPOS="1333" WIDTH="16" HEIGHT="14" WC="0.96" CONTENT="s."/><SP WIDTH="24" VPOS="1333" HPOS="396"/>
							<String ID="string_444" HPOS="420" VPOS="1326" WIDTH="49" HEIGHT="21" WC="0.93" CONTENT="dess"/><SP WIDTH="22" VPOS="1326" HPOS="469"/>
							<String ID="string_445" HPOS="491" VPOS="1327" WIDTH="196" HEIGHT="20" WC="0.92" CONTENT="statsekonomiska"/><SP WIDTH="25" VPOS="1327" HPOS="687"/>
							<String ID="string_446" HPOS="712" VPOS="1326" WIDTH="46" HEIGHT="21" WC="0.96" CONTENT="sida"/><SP WIDTH="22" VPOS="1326" HPOS="758"/>
							<String ID="string_447" HPOS="780" VPOS="1326" WIDTH="128" HEIGHT="21" WC="0.95" CONTENT="åtminstone"/>
						</TextLine>
						<TextLine ID="line_44" HPOS="89" VPOS="1354" WIDTH="818" HEIGHT="28">
							<String ID="string_448" HPOS="89" VPOS="1355" WIDTH="104" HEIGHT="27" WC="0.91" CONTENT="enskildt,"/><SP WIDTH="24" VPOS="1355" HPOS="193"/>
							<String ID="string_449" HPOS="217" VPOS="1355" WIDTH="39" HEIGHT="21" WC="0.95" CONTENT="och"/><SP WIDTH="14" VPOS="1355" HPOS="256"/>
							<String ID="string_450" HPOS="270" VPOS="1355" WIDTH="55" HEIGHT="20" WC="0.95" CONTENT="varit"/><SP WIDTH="16" VPOS="1355" HPOS="325"/>
							<String ID="string_451" HPOS="341" VPOS="1355" WIDTH="6" HEIGHT="20" WC="0.96" CONTENT="i"/><SP WIDTH="16" VPOS="1355" HPOS="347"/>
							<String ID="string_452" HPOS="363" VPOS="1354" WIDTH="82" HEIGHT="21" WC="0.96" CONTENT="tillfälle"/><SP WIDTH="16" VPOS="1354" HPOS="445"/>
							<String ID="string_453" HPOS="461" VPOS="1356" WIDTH="31" HEIGHT="19" WC="0.96" CONTENT="att"/><SP WIDTH="16" VPOS="1356" HPOS="492"/>
							<String ID="string_454" HPOS="508" VPOS="1355" WIDTH="6" HEIGHT="20" WC="0.96" CONTENT="i"/><SP WIDTH="15" VPOS="1355" HPOS="514"/>
							<String ID="string_455" HPOS="529" VPOS="1354" WIDTH="108" HEIGHT="28" WC="0.96" CONTENT="Ryssland"/><SP WIDTH="17" VPOS="1354" HPOS="637"/>
							<String ID="string_456" HPOS="654" VPOS="1362" WIDTH="22" HEIGHT="13" WC="0.96" CONTENT="se"/><SP WIDTH="16" VPOS="1362" HPOS="676"/>
							<String ID="string_457" HPOS="692" VPOS="1355" WIDTH="20" HEIGHT="20" WC="0.96" CONTENT="in"/><SP WIDTH="17" VPOS="1355" HPOS="712"/>
							<String ID="string_458" HPOS="729" VPOS="1355" WIDTH="6" HEIGHT="20" WC="0.96" CONTENT="i"/><SP WIDTH="16" VPOS="1355" HPOS="735"/>
							<String ID="string_459" HPOS="751" VPOS="1354" WIDTH="156" HEIGHT="27" WC="0.96" CONTENT="förvaltningen"/>
						</TextLine>
						<TextLine ID="line_45" HPOS="89" VPOS="1383" WIDTH="819" HEIGHT="28">
							<String ID="string_460" HPOS="89" VPOS="1383" WIDTH="24" HEIGHT="21" WC="0.96" CONTENT="af"/><SP WIDTH="14" VPOS="1383" HPOS="113"/>
							<String ID="string_461" HPOS="127" VPOS="1384" WIDTH="26" HEIGHT="20" WC="0.96" CONTENT="de"/><SP WIDTH="16" VPOS="1384" HPOS="153"/>
							<String ID="string_462" HPOS="169" VPOS="1383" WIDTH="97" HEIGHT="21" WC="0.96" CONTENT="enskilda"/><SP WIDTH="11" VPOS="1383" HPOS="266"/>
							<String ID="string_463" HPOS="277" VPOS="1383" WIDTH="101" HEIGHT="27" WC="0.96" CONTENT="bolagens"/><SP WIDTH="12" VPOS="1383" HPOS="378"/>
							<String ID="string_464" HPOS="390" VPOS="1383" WIDTH="187" HEIGHT="28" WC="0.96" CONTENT="angelägenheter,"/><SP WIDTH="14" VPOS="1383" HPOS="577"/>
							<String ID="string_465" HPOS="591" VPOS="1383" WIDTH="38" HEIGHT="28" WC="0.96" CONTENT="jag"/><SP WIDTH="15" VPOS="1383" HPOS="629"/>
							<String ID="string_466" HPOS="644" VPOS="1383" WIDTH="46" HEIGHT="21" WC="0.96" CONTENT="icke"/><SP WIDTH="12" VPOS="1383" HPOS="690"/>
							<String ID="string_467" HPOS="702" VPOS="1383" WIDTH="81" HEIGHT="20" WC="0.96" CONTENT="kunnat"/><SP WIDTH="13" VPOS="1383" HPOS="783"/>
							<String ID="string_468" HPOS="796" VPOS="1383" WIDTH="70" HEIGHT="27" WC="0.96" CONTENT="undgå"/><SP WIDTH="11" VPOS="1383" HPOS="866"/>
							<String ID="string_469" HPOS="877" VPOS="1385" WIDTH="31" HEIGHT="18" WC="0.96" CONTENT="att"/>
						</TextLine>
						<TextLine ID="line_46" HPOS="89" VPOS="1411" WIDTH="818" HEIGHT="27">
							<String ID="string_470" HPOS="89" VPOS="1411" WIDTH="58" HEIGHT="21" WC="0.96" CONTENT="finna"/><SP WIDTH="16" VPOS="1411" HPOS="147"/>
							<String ID="string_471" HPOS="163" VPOS="1412" WIDTH="39" HEIGHT="21" WC="0.96" CONTENT="och"/><SP WIDTH="16" VPOS="1412" HPOS="202"/>
							<String ID="string_472" HPOS="218" VPOS="1412" WIDTH="62" HEIGHT="20" WC="0.96" CONTENT="äfven"/><SP WIDTH="17" VPOS="1412" HPOS="280"/>
							<String ID="string_473" HPOS="297" VPOS="1412" WIDTH="37" HEIGHT="20" WC="0.96" CONTENT="här"/><SP WIDTH="16" VPOS="1412" HPOS="334"/>
							<String ID="string_474" HPOS="350" VPOS="1412" WIDTH="68" HEIGHT="20" WC="0.96" CONTENT="måste"/><SP WIDTH="15" VPOS="1412" HPOS="418"/>
							<String ID="string_475" HPOS="433" VPOS="1411" WIDTH="104" HEIGHT="26" WC="0.96" CONTENT="anmärka"/><SP WIDTH="16" VPOS="1411" HPOS="537"/>
							<String ID="string_476" HPOS="553" VPOS="1413" WIDTH="32" HEIGHT="19" WC="0.96" CONTENT="att"/><SP WIDTH="16" VPOS="1413" HPOS="585"/>
							<String ID="string_477" HPOS="601" VPOS="1414" WIDTH="31" HEIGHT="18" WC="0.96" CONTENT="ett"/><SP WIDTH="16" VPOS="1414" HPOS="632"/>
							<String ID="string_478" HPOS="648" VPOS="1411" WIDTH="109" HEIGHT="21" WC="0.96" CONTENT="utländskt"/><SP WIDTH="16" VPOS="1411" HPOS="757"/>
							<String ID="string_479" HPOS="773" VPOS="1411" WIDTH="73" HEIGHT="27" WC="0.96" CONTENT="bolag,"/><SP WIDTH="16" VPOS="1411" HPOS="846"/>
							<String ID="string_480" HPOS="862" VPOS="1418" WIDTH="45" HEIGHT="13" WC="0.96" CONTENT="som"/>
						</TextLine>
						<TextLine ID="line_47" HPOS="89" VPOS="1439" WIDTH="818" HEIGHT="28">
							<String ID="string_481" HPOS="89" VPOS="1440" WIDTH="76" HEIGHT="27" WC="0.92" CONTENT="åtager"/><SP WIDTH="16" VPOS="1440" HPOS="165"/>
							<String ID="string_482" HPOS="181" VPOS="1441" WIDTH="32" HEIGHT="26" WC="0.96" CONTENT="sig"/><SP WIDTH="15" VPOS="1441" HPOS="213"/>
							<String ID="string_483" HPOS="228" VPOS="1447" WIDTH="25" HEIGHT="14" WC="0.93" CONTENT="en"/><SP WIDTH="15" VPOS="1447" HPOS="253"/>
							<String ID="string_484" HPOS="268" VPOS="1439" WIDTH="201" HEIGHT="28" WC="0.90" CONTENT="jernvägsbygnad,"/><SP WIDTH="16" VPOS="1439" HPOS="469"/>
							<String ID="string_485" HPOS="485" VPOS="1440" WIDTH="59" HEIGHT="20" WC="0.95" CONTENT="alltid"/><SP WIDTH="17" VPOS="1440" HPOS="544"/>
							<String ID="string_486" HPOS="561" VPOS="1440" WIDTH="127" HEIGHT="27" WC="0.95" CONTENT="importerar"/><SP WIDTH="15" VPOS="1440" HPOS="688"/>
							<String ID="string_487" HPOS="703" VPOS="1441" WIDTH="65" HEIGHT="26" WC="0.96" CONTENT="något"/><SP WIDTH="16" VPOS="1441" HPOS="768"/>
							<String ID="string_488" HPOS="784" VPOS="1440" WIDTH="21" HEIGHT="20" WC="0.96" CONTENT="af"/><SP WIDTH="18" VPOS="1440" HPOS="805"/>
							<String ID="string_489" HPOS="823" VPOS="1439" WIDTH="26" HEIGHT="20" WC="0.91" CONTENT="de"/><SP WIDTH="15" VPOS="1439" HPOS="849"/>
							<String ID="string_490" HPOS="864" VPOS="1440" WIDTH="43" HEIGHT="27" WC="0.91" CONTENT="syf-"/>
						</TextLine>
						<TextLine ID="line_48" HPOS="89" VPOS="1467" WIDTH="818" HEIGHT="28">
							<String ID="string_491" HPOS="89" VPOS="1470" WIDTH="48" HEIGHT="25" WC="0.96" CONTENT="ten,"/><SP WIDTH="17" VPOS="1470" HPOS="137"/>
							<String ID="string_492" HPOS="154" VPOS="1475" WIDTH="45" HEIGHT="14" WC="0.96" CONTENT="som"/><SP WIDTH="17" VPOS="1475" HPOS="199"/>
							<String ID="string_493" HPOS="216" VPOS="1469" WIDTH="5" HEIGHT="20" WC="0.96" CONTENT="i"/><SP WIDTH="17" VPOS="1469" HPOS="221"/>
							<String ID="string_494" HPOS="238" VPOS="1469" WIDTH="36" HEIGHT="20" WC="0.96" CONTENT="det"/><SP WIDTH="14" VPOS="1469" HPOS="274"/>
							<String ID="string_495" HPOS="288" VPOS="1468" WIDTH="85" HEIGHT="27" WC="0.96" CONTENT="längsta"/><SP WIDTH="18" VPOS="1468" HPOS="373"/>
							<String ID="string_496" HPOS="391" VPOS="1467" WIDTH="65" HEIGHT="21" WC="0.96" CONTENT="borde"/><SP WIDTH="17" VPOS="1467" HPOS="456"/>
							<String ID="string_497" HPOS="473" VPOS="1474" WIDTH="50" HEIGHT="14" WC="0.93" CONTENT="vara"/><SP WIDTH="16" VPOS="1474" HPOS="523"/>
							<String ID="string_498" HPOS="539" VPOS="1468" WIDTH="96" HEIGHT="27" WC="0.92" CONTENT="aflägsna"/><SP WIDTH="15" VPOS="1468" HPOS="635"/>
							<String ID="string_499" HPOS="650" VPOS="1469" WIDTH="45" HEIGHT="20" WC="0.96" CONTENT="från"/><SP WIDTH="11" VPOS="1469" HPOS="695"/>
							<String ID="string_500" HPOS="706" VPOS="1469" WIDTH="58" HEIGHT="20" WC="0.96" CONTENT="detta"/><SP WIDTH="11" VPOS="1469" HPOS="764"/>
							<String ID="string_501" HPOS="775" VPOS="1468" WIDTH="58" HEIGHT="25" WC="0.93" CONTENT="land,"/><SP WIDTH="17" VPOS="1468" HPOS="833"/>
							<String ID="string_502" HPOS="850" VPOS="1475" WIDTH="57" HEIGHT="13" WC="0.91" CONTENT="nem-"/>
						</TextLine>
					</TextBlock>
					<TextBlock ID="block_4" HPOS="820" VPOS="1509" WIDTH="21" HEIGHT="15">
						<TextLine ID="line_49" HPOS="820" VPOS="1509" WIDTH="21" HEIGHT="15">
							<String ID="string_503" HPOS="820" VPOS="1509" WIDTH="21" HEIGHT="15" WC="0.75" CONTENT="26"/>
						</TextLine>
					</TextBlock>
				</ComposedBlock>
			</PrintSpace>
		</Page>
	</Layout>
</alto>
