1078 1692
191 82 43 22 228

164 141 33 20 att
224 139 85 21 således
331 138 171 22 brännerier
470 134 32 35 af
522 139 32 21 till
577 140 38 20 och
639 140 48 20 med
705 139 63 26 4,500
784 139 82 21 kannor
882 138 68 22 skulle
965 138 21 21 få

163 168 99 21 inrättas.

233 196 60 21 Herr
316 196 137 22 Snellman:
479 196 41 28 Jag
541 196 33 21 får
597 203 111 14 reservera
730 196 43 28 mig
792 196 107 26 deremot,
916 198 22 25 ty
954 198 32 18 att

165 225 69 21 tillåta
257 224 125 22 brännerier
403 226 49 20 med
474 225 63 26 4,500
560 226 94 20 kannors
672 224 138 28 tillverkning
825 226 24 19 är
864 227 33 18 att
912 225 75 27 återgå

165 254 30 20 till
211 252 263 29 husbehofsbränningens
490 253 61 21 tider.

234 281 59 21 Herr
308 288 48 14 von
371 282 77 21 Born:
465 282 69 21 Sedan
551 282 86 21 skatten
648 282 70 21 blifvit
736 282 22 20 så
769 281 52 28 högt
832 281 98 21 bestämd
941 288 45 14 som

164 310 32 21 till
219 317 27 14 en
262 310 72 27 mark,
351 310 40 21 blir
406 310 36 22 det
457 310 133 28 nödvändigt
606 312 32 19 att
654 310 61 21 ställa
730 310 24 20 så
769 310 31 20 till
816 312 32 19 att
862 310 47 20 små
925 310 61 20 brän-

165 339 71 21 nerier
258 340 79 26 genast
359 339 35 21 må
416 339 72 21 kunna
510 340 89 26 uppstå,
622 341 23 25 ty
671 346 77 14 annars
764 339 79 27 uppstå
858 338 57 28 inga.
946 338 39 21 Till

165 367 131 28 anläggning
314 367 23 21 af
351 370 58 18 stora
425 368 123 20 brännerier
563 367 68 21 finnes
646 367 48 21 icke
702 367 116 27 kapitaler;
834 367 152 21 brännerierna

164 396 39 21 hos
219 402 35 14 oss
270 396 69 20 måste
353 396 84 21 derföre
454 396 65 21 blifva
534 396 51 20 små.
606 396 160 27 Ridderskapet
782 395 39 21 och
837 395 60 21 adeln
910 397 76 26 antog,

164 424 67 21 redan
240 424 28 21 då
281 424 120 21 diskussion
417 424 58 22 förra
490 425 84 27 gången
590 431 38 14 var
644 431 34 14 om
694 424 70 21 denna
778 424 70 27 fråga,
864 424 36 20 det
917 424 69 21 beslut

164 460 46 14 som
226 453 48 26 sitt,
296 454 40 24 att,
359 460 35 14 om
409 454 119 20 kostnaden
543 452 34 21 för
592 452 120 22 kontrollen
728 452 69 21 skulle
813 453 71 20 kunna
899 452 86 22 förmin-

164 482 61 26 skas,
250 481 70 21 skulle
343 482 126 28 regeringen
491 482 31 20 till
546 481 39 21 och
601 481 48 21 med
666 488 40 20 ega
721 481 103 27 rättighet
840 483 31 19 att
887 480 99 22 nedsätta

165 510 37 20 det
224 509 87 28 dagliga
333 510 251 28 tillverkningsbeloppet
599 509 46 22 frän
663 510 41 21 150
719 509 32 21 till
768 510 40 20 100
823 509 89 21 kannor.
943 510 43 20 Det

164 538 41 21 kan
222 545 52 13 vara
286 538 77 27 skäligt
379 540 32 19 att
422 540 129 26 uppmuntra
567 538 123 21 brännerier
706 538 24 21 sä
745 538 86 28 mycket
847 544 44 14 som
904 538 82 28 möjligt

163 567 34 20 för
219 568 32 19 att
275 566 53 21 söka
350 567 65 27 stäfja
436 566 181 28 lönbränningen,
640 567 85 21 hvilken
749 573 77 14 annars
846 566 139 28 ovilkorligen

163 595 99 21 kommer
278 596 31 20 att
324 594 84 22 florera.

232 622 60 22 Herr
306 623 143 22 Molander:
466 624 42 27 Jag
523 624 68 20 skulle
608 624 50 27 vilja
674 623 92 21 vidhälla
782 623 36 21 det
834 623 104 26 beslutet,
954 626 32 18 att

164 652 253 28 tillverkningsbeloppet
439 652 47 21 icke
510 652 68 20 skulle
594 659 52 14 vara
660 652 83 21 mindre
758 653 26 19 än
802 652 76 26 10,000
893 652 92 26 kannor,

163 680 28 21 dä
213 687 77 14 senare
313 680 136 22 alternativet
472 682 99 26 antages,
591 681 39 20 och
643 680 39 28 jag
696 682 46 19 tror
756 682 33 19 att
804 680 160 28 presteständet
980 681 5 19 i

163 709 41 20 den
221 708 63 22 delen
300 709 68 21 skulle
384 709 72 21 kunna
471 710 26 26 gä
512 709 46 21 frän
575 709 38 21 sitt
624 709 80 25 beslut,
716 711 23 26 ty
750 709 49 21 dess
810 711 176 25 representanter

163 737 7 20 i
186 737 108 21 utskottet
309 737 63 21 hafva
388 739 71 19 ansett
475 740 31 18 att
521 738 78 24 20,000
615 738 82 20 kannor
712 737 67 21 borde
795 744 50 14 vara
861 737 36 21 det
908 738 78 20 minsta

163 765 260 29 tillverkningsbeloppet.

232 794 51 20 Med
299 795 113 27 anledning
421 794 23 21 af
453 794 38 21 den
502 796 73 20 senast
583 794 112 28 förelupna
704 794 149 21 diskussionen
862 794 124 21 framstälde

162 822 51 21 herr
220 822 198 21 landtmarskalken
427 823 29 20 till
468 823 150 27 ridderskapet
627 823 38 20 och
675 823 61 20 adeln
745 822 94 28 följande
846 823 140 27 proposition:

232 867 11 10 »
247 851 132 21 Godkänner
411 851 150 27 ridderskapet
593 851 39 21 och
658 851 62 21 adeln
744 851 36 20 det
804 851 31 20 uti
859 851 11 27 8
893 851 13 21 6
930 851 55 21 före-

163 879 74 28 slagna
259 881 67 19 sättet
348 880 33 20 för
406 879 149 21 förvärfvande
579 879 23 21 af
615 879 103 28 rättighet
733 881 32 19 att
780 879 100 21 tillverka
895 879 89 22 bränvin

163 908 113 20 äfvensom
293 908 26 21 de
334 908 6 21 i
356 915 81 14 samma
453 909 11 26 8
480 908 112 21 bestämda
607 908 77 27 högsta
696 908 38 21 och
746 908 77 21 minsta
835 907 77 28 belopp
923 908 61 21 brän-

162 936 46 27 vin,
225 943 46 14 som
287 936 32 21 får
335 937 13 20 &
362 937 75 27 hvarje
452 937 99 20 bränneri
566 937 124 20 tillverkas?

232 981 12 10 »
246 964 83 21 Vinner
351 965 45 28 nej,
420 967 87 25 antagas
523 965 64 20 äfven
602 965 92 21 berörda
712 965 170 27 bestämningar,
899 971 48 14 men
962 965 22 20 ät

163 993 109 28 styrelsen
296 993 141 21 öfverlemnas
460 995 31 19 att
514 993 101 22 nedsätta
637 993 78 21 minsta
730 993 102 28 beloppet
848 993 23 21 af
885 994 98 26 bränvin,

162 1028 46 14 som
224 1021 32 21 fär
273 1023 13 20 &
301 1023 31 20 ett
355 1022 99 21 bränneri
475 1022 67 21 under
558 1022 81 27 dygnet
654 1022 119 24 tillverkas,
790 1021 32 21 till
839 1023 39 20 100
894 1022 89 25 kannor,

162 1050 54 21 dock
232 1051 24 20 sä
272 1052 32 19 att
312 1050 165 28 tillverkningen
485 1051 33 20 för
529 1051 46 20 året
586 1050 48 21 icke
645 1051 135 27 understiger
794 1051 74 25 10,000
879 1051 103 20 kannor.''

230 1078 78 21 Denna
330 1079 132 27 proposition
485 1079 130 21 besvarades
637 1079 49 21 med
709 1079 105 21 obestridt
827 1079 34 27 ja,
885 1079 98 21 hvarföre

162 1107 48 20 herr
225 1107 197 21 landtmarskalken
437 1107 121 21 förklarade
575 1108 11 27 $
603 1108 12 20 6
632 1115 50 13 vara
698 1107 128 21 oförändrad
840 1109 99 26 antagen.

230 1135 42 21 Till
295 1135 89 22 föremål
402 1135 33 21 för
451 1136 72 21 vidare
539 1136 121 21 diskussion
676 1140 62 24 togos
754 1135 95 22 härefter
864 1135 26 22 de
906 1136 6 20 i
928 1137 25 26 8$
970 1137 12 20 9

161 1163 39 22 och
217 1164 27 21 10
259 1164 88 27 intagna
362 1164 197 28 bestämningarne;
577 1165 72 20 härom
665 1164 87 28 yttrade
769 1164 32 28 sig
896 1187 3 4 N

229 1192 59 21 Herr
310 1193 143 20 Snellman:
476 1193 11 27 $
511 1194 12 19 6
546 1193 118 21 innehäller
695 1193 105 21 särskilda
823 1193 159 27 bestämningar

159 1221 111 28 angäende
294 1221 134 21 bränneriers
443 1221 128 21 inrättande.
602 1221 42 28 Jag
660 1221 68 22 skulle
747 1223 33 19 tro
796 1223 32 19 att
841 1222 37 27 jag
894 1221 65 22 redan
976 1223 4 19 i

158 1249 61 28 fräga
234 1256 36 14 om
286 1249 66 21 andra
368 1249 145 27 alternativet,
525 1250 28 21 dä
561 1249 36 22 det
608 1250 38 20 hos
658 1250 86 21 ständet
757 1250 159 27 diskuterades,
927 1250 54 21 hade

159 1279 51 19 äran
225 1278 93 27 upplysa
334 1278 72 21 derom
422 1280 31 19 att
469 1278 63 21 dessa
542 1278 160 28 bestämningar
717 1280 36 19 äro
765 1278 101 28 omöjliga
876 1281 31 18 att
916 1279 64 21 efter-

158 1305 67 21 lefvas
248 1307 40 20 och
311 1308 31 19 att
366 1306 85 21 derföre
471 1307 105 28 styrelsen
600 1307 39 20 har
661 1307 56 20 varit
732 1307 110 20 nödsakad
859 1308 31 19 att
906 1307 75 21 frängä

158 1333 47 22 dem
222 1334 6 21 i
244 1334 53 21 flere
320 1335 42 20 fall
400 1335 42 27 Jag
467 1342 72 14 menar
555 1337 32 19 att
603 1343 81 13 samma
699 1335 134 28 svårigheter
849 1335 131 22 fortfarande

157 1362 61 21 skola
236 1364 54 26 göra
308 1363 33 28 sig
356 1363 109 28 gällande,
481 1371 47 14 men
545 1363 36 22 det
597 1371 51 14 vore
664 1364 80 27 bättre,
761 1371 34 13 om
811 1363 105 28 styrelsen
932 1364 48 21 icke

158 1391 68 20 skulle
249 1392 67 20 sättas
332 1392 6 20 i
354 1392 159 27 nödvändighet
535 1394 32 19 att
589 1393 52 26 göra
663 1392 127 28 medgifter,
818 1392 72 21 hvilka
912 1393 68 20 strida

157 1421 45 19 mot
215 1419 127 22 ständernas
358 1420 76 21 beslut.
451 1420 28 21 Sä
494 1422 24 19 är
533 1421 38 20 det
585 1423 16 18 t.
618 1428 32 13 ex.
667 1421 6 20 i
690 1421 75 28 början
782 1420 62 28 sagdt
855 1423 32 18 att
898 1421 5 20 i
916 1421 62 27 sprit-

156 1447 174 22 hällarerummet
345 1448 33 21 fär
394 1449 54 25 blott
463 1451 32 19 ett
510 1449 53 21 käril
575 1456 59 19 vara,
649 1450 7 20 i
672 1449 82 22 hvilket
776 1449 53 21 blott
850 1451 31 18 ett
897 1450 35 20 rör
947 1450 32 21 fär

155 1475 59 22 ledas
229 1476 47 21 från
293 1476 119 29 imkylaren
428 1477 39 22 och
482 1478 6 20 i
505 1485 81 14 samma
602 1478 54 21 käril
672 1478 53 21 skall
742 1477 81 22 inledas
840 1478 53 27 sprit
905 1478 23 21 af
937 1478 41 21 alla
