1078 1692
834 92 40 20 449

80 148 63 26 gingo
167 147 81 26 undan,
271 147 73 21 hvilka
360 154 52 14 voro
428 147 143 21 intresserade
587 147 6 20 i
610 147 72 21 saken.
713 147 58 21 Herr
787 154 40 14 von
844 148 58 20 Born

80 176 111 20 anmärkte
207 178 31 18 att
254 182 27 14 nu
298 176 65 20 också
378 176 122 20 existerade
517 176 145 27 olägenheter,
679 177 31 19 att
722 176 102 21 domaren
835 176 67 21 vistas

80 206 26 19 än
130 205 27 27 på
181 204 39 20 den
244 211 40 14 ena
299 206 25 18 än
341 205 27 27 på
384 204 41 20 den
441 204 66 21 andra
523 204 141 28 tingsstaden.
695 204 67 21 Detta
778 206 22 19 är
816 205 86 27 mycket

81 235 60 25 sant;
165 233 36 20 det
226 234 23 19 är
271 240 25 13 en
314 234 47 19 svår
378 233 115 27 olägenhet
507 233 34 20 för
557 233 40 21 den
615 240 43 13 som
676 232 34 21 vill
727 233 64 21 hafva
806 234 59 20 bevis
882 234 22 20 af

81 262 112 24 domaren,
208 261 72 21 hvilka
295 262 69 20 måste
380 262 83 26 grunda
479 262 32 27 sig
526 262 27 27 på
565 262 109 27 uppgifter
690 262 6 20 i
712 261 132 28 handlingar,
856 268 45 14 som

80 290 68 20 finnas
164 290 6 20 i
186 290 101 21 archivet.
319 290 47 20 Men
391 290 34 20 för
448 292 31 19 att
498 290 142 27 olägenheten
654 297 27 13 nu
698 290 113 27 existerar,
827 291 24 20 så
867 292 34 19 vet

79 319 40 27 jag
141 319 20 27 ej
178 320 31 19 att
225 318 59 21 detta
300 320 22 19 är
338 319 66 27 något
420 318 45 21 skäl
482 320 31 20 att
529 318 106 21 bibehålla
650 318 130 21 densamma.
811 318 43 28 Jag
870 319 31 20 för

80 348 43 20 min
140 347 33 21 del
189 348 23 20 är
228 347 19 27 ej
264 348 23 20 så
303 349 45 19 stor
363 349 41 19 vän
420 347 22 21 af
456 346 36 22 det
508 347 71 27 gamla
594 348 32 20 att
640 347 37 27 jag
693 347 67 21 skulle
776 347 51 28 vilja
843 348 58 20 bibe-

81 376 55 20 hålla
152 376 35 20 det
203 376 94 27 afgjordt
312 376 76 27 dåliga.
416 376 57 20 Herr
487 383 42 13 von
544 376 58 20 Born
618 376 38 20 har
672 376 125 27 ytterligare
813 376 88 20 kommit

81 404 54 21 fram
152 404 49 21 med
216 404 40 20 den
272 404 130 21 insinuation
419 406 31 19 att
466 404 36 21 det
518 406 23 18 är
553 404 111 21 domarens
677 404 168 28 beqvämlighet,
856 411 45 14 som

81 433 38 20 här
139 434 23 19 är
181 432 80 21 afsedd.
292 432 38 21 Ett
353 433 75 21 sådant
448 432 105 22 idislande
569 433 23 21 af
605 440 81 14 samma
701 432 116 28 påstående
833 433 34 21 må
882 433 20 21 få

81 461 55 27 gälla
159 461 32 21 för
207 461 55 21 hvad
278 462 35 20 det
330 462 52 26 kan,
398 468 48 14 men
461 462 38 27 jag
514 469 63 13 anser
593 461 36 21 det
644 462 65 20 redan
726 462 24 20 så
764 461 136 28 vederlagdt,

83 492 31 18 att
128 490 37 27 jag
181 490 20 27 ej
216 490 76 20 inlåter
308 490 42 27 mig
366 490 7 20 i
389 490 74 21 vidare
479 490 134 21 bemötande.

151 518 97 21 Friherre
270 518 104 21 Wrede:
394 518 41 28 Jag
455 518 35 21 vill
506 519 19 27 ej
542 521 95 25 upptaga
656 518 60 21 tiden
732 518 49 21 med
797 520 31 19 att
844 520 58 26 yttra

83 547 64 27 något
163 547 6 20 i
185 546 155 22 hufvudsaken.
356 547 42 27 Jag
414 549 45 19 tror
475 549 31 19 att
522 547 49 21 herr
585 547 103 21 Forsman
700 547 141 21 missförstått
851 547 50 27 mig.

82 575 44 21 Det
149 582 38 14 var
210 576 19 26 ej
253 576 42 20 min
318 576 86 27 mening
429 578 31 18 att
483 576 21 20 åt
519 576 127 27 regeringen
662 575 132 21 öfverlemna
810 575 91 21 berörda

81 604 161 27 undersökning
266 604 109 28 angående
398 604 170 27 behöfligheten,
588 606 51 18 utan
654 604 76 21 endast
746 606 31 18 att
794 611 26 13 en
836 604 65 21 sådan

81 633 90 21 emellan
195 632 68 21 denna
286 632 38 21 och
348 634 62 19 nästa
433 633 102 27 landtdag
554 633 68 20 skulle
639 632 125 22 verkställas
781 632 39 21 och
836 632 66 28 derpå

82 662 87 20 baseras
195 668 26 14 en
244 661 63 28 nådig
331 661 131 27 proposition
478 662 7 19 i
501 663 78 19 ämnet.
610 661 70 21 Sedan
704 661 85 21 ståndet
808 661 93 21 beslutat

81 697 34 13 om
139 690 294 27 lagmanstingsgästningens
456 690 140 22 användande
620 690 38 20 och
680 690 37 28 jag
740 690 20 27 ej
776 690 39 20 har
834 690 67 20 andra

81 725 108 14 ressurser
197 720 31 19 att
236 718 89 21 hänvisa
334 719 30 20 till
373 719 33 20 för
415 718 104 22 notariers
528 718 140 26 anställande,
677 719 23 20 så
708 718 68 21 måste
784 718 37 28 jag
829 720 71 19 natur-

81 747 70 27 ligtvis
170 747 115 21 inskränka
304 747 48 21 mitt
367 747 80 27 förslag
463 747 80 21 derhän
561 748 39 20 och
619 746 67 22 önska
702 749 31 19 att
749 754 153 20 permanenser

81 776 68 20 skulle
165 775 79 21 införas
259 776 6 20 i
281 782 48 14 mon
342 776 22 20 af
374 776 152 27 domsagornas
540 776 116 27 reglering,
670 776 85 20 hvilken
767 775 68 21 skulle
847 776 53 20 små-

82 804 86 28 ningom
178 804 135 25 verkställas,
330 804 69 21 såvidt
415 804 25 20 de
456 804 163 27 ifrågavarande
631 804 141 28 tillgångarne
782 804 118 26 medgifna.

151 832 70 21 Sedan
236 832 90 21 friherre
342 832 82 21 Wrede
439 833 121 27 skriftligen
574 833 84 20 affattat
671 833 37 20 sitt
719 832 128 21 förändrade
859 832 41 20 för-

82 861 54 28 slag,
152 861 134 20 framstäldes
311 861 22 20 af
352 861 48 20 herr
413 861 196 20 landtmarskalken
625 861 7 20 i
648 861 93 27 enlighet
757 860 88 21 dermed
862 861 38 20 och

82 889 48 21 med
149 889 153 21 föranledande
318 889 23 21 af
355 889 41 21 den
412 896 28 13 nu
455 889 105 21 afslutade
577 889 148 21 diskussionen
741 889 94 27 följande
852 896 49 20 pro-

82 918 127 27 positioner:

151 963 12 8 »
165 946 43 21 Vill
223 946 149 27 ridderskapet
388 946 40 21 och
443 946 61 21 adeln
521 946 30 21 till
568 946 210 27 kontraproposition
795 947 58 19 emot
869 947 33 19 ut-

83 975 92 20 skottets
199 975 135 20 betänkande
358 976 78 26 antaga
459 975 90 20 friherre
565 975 91 20 Wredes
673 974 136 21 modifierade
825 974 79 27 förslag

82 1005 32 19 att
129 1003 128 27 petitionera
273 1003 39 21 och
329 1003 88 27 inbjuda
434 1003 25 20 de
477 1003 67 27 öfriga
561 1003 88 21 stånden
666 1003 31 20 till
708 1002 127 27 deltagande
847 1003 7 20 i
865 1009 35 20 pe-

81 1032 90 20 titionen
195 1032 73 20 derom
291 1033 31 19 att
345 1031 28 21 H.
397 1031 27 21 K.
448 1032 28 20 M.
496 1031 49 21 ville
565 1032 42 20 låta
622 1032 99 20 utarbeta
737 1031 39 21 och
792 1031 108 27 förelägga

82 1060 82 21 landets
188 1060 175 21 nästkommande
387 1060 86 21 ständer
496 1062 31 18 ett
548 1060 81 27 förslag
643 1067 33 14 om
692 1059 209 21 häradsrätternas
889 1055 15 37 i

82 1089 26 20 de
124 1090 70 19 tätare
210 1089 112 20 befolkade
338 1089 86 20 delarne
439 1089 23 20 af
475 1089 73 20 landet
566 1089 123 27 förändring
708 1088 30 21 till
760 1090 141 25 permanenta

82 1117 117 21 domstolar
214 1117 112 21 fömedelst
342 1117 66 20 sådan
424 1117 107 28 reglering
547 1117 22 21 af
578 1117 152 28 domsagornas
742 1117 97 27 omfång,
854 1123 44 14 som

83 1147 41 19 kan
148 1145 127 21 verkställas
291 1146 48 20 med
356 1145 35 21 det
407 1145 92 21 tillskott
514 1146 31 19 till
561 1145 231 28 häradshöfdingarnes
807 1145 94 28 aflöning

83 1175 5 20 i
105 1174 283 27 lagmanstingsgästningen
405 1174 32 27 sig
453 1174 114 27 erbjuder?

152 1219 13 9 »,
167 1203 81 20 Vinner
264 1203 45 26 nej,
326 1203 39 20 blir
381 1203 210 26 kontraproposition
607 1204 32 19 att
654 1202 86 21 ståndet
751 1202 53 20 skall
816 1202 84 27 petitio-

82 1238 51 14 nera
149 1231 36 20 det
200 1231 27 20 H.
239 1231 27 20 K.
278 1231 28 20 M.
324 1231 82 20 täcktes
422 1231 56 20 fästa
493 1231 65 27 nådig
573 1231 191 27 uppmärksamhet
780 1231 27 26 på
822 1230 26 21 de
859 1231 42 20 olä-

81 1260 112 27 genheter,
216 1259 85 21 hvartill
317 1259 161 28 långsamheten
495 1259 35 21 vid
546 1259 170 28 rättskipningen
733 1259 27 27 på
776 1259 73 20 landet
864 1265 38 21 ger

82 1288 115 27 anledning
213 1288 39 21 och
269 1290 49 25 taga
333 1289 6 20 i
355 1288 73 27 nådigt
444 1288 158 27 öfvervägande
618 1289 90 26 utvägar
724 1294 45 14 som
780 1287 31 21 till
821 1287 81 20 undan-

83 1316 102 28 rödjande
201 1317 22 20 af
237 1317 63 20 dessa
316 1317 138 26 olägenheter
469 1317 72 20 kunna
557 1316 128 21 förefinnas?

151 1361 12 9 +,
165 1344 108 21 Häröfver
288 1345 105 27 begärdes
410 1345 39 20 och
465 1345 108 20 anstäldes
589 1345 98 27 votering
703 1351 44 14 som
763 1344 71 21 utföll:

294 1374 7 19 i
319 1375 53 19 1:sta
387 1373 28 20 kl.
431 1373 49 21 med
495 1374 13 20 3
522 1373 23 28 ja
561 1373 39 21 och
616 1375 12 18 4
645 1374 46 27 nej,

295 1409 5 25 1
315 1402 59 32 2:dra
393 1418 13 11 m”
447 1418 13 11 »
493 1403 44 26 3n
569 1418 12 10 »
613 1403 14 20 O
657 1417 12 11 n

294 1437 5 14 i
316 1430 56 27 3:dje
402 1447 5 10 v
447 1446 12 11 »
493 1431 44 26 In
569 1446 12 10 »
657 1446 13 10 ”

83 1459 48 20 med
155 1458 100 21 afseende
278 1459 64 20 hvarå
358 1459 89 20 friherre
464 1458 91 21 Wredes
571 1459 79 26 förslag
666 1457 133 22 förklarades
815 1459 87 26 antaget

83 1487 31 20 till
130 1487 217 28 kontraproposition.
598 1504 2 2 .

815 1527 20 15 29
