1078 1692
224 80 41 21 138

194 137 88 28 mening
298 137 38 21 har
360 137 65 27 varit,
441 139 32 19 att
489 137 77 20 kärran
583 137 39 21 och
639 136 72 22 släden
728 137 20 27 ej
764 137 69 21 skulle
849 137 49 27 ingå
914 138 6 20 i
937 136 80 28 vigtbe-

195 166 147 26 stämmelsen,
366 167 51 19 utan
439 165 42 21 den
505 166 84 27 vigten,
605 172 45 14 som
666 166 32 20 får
716 166 72 27 läggas
805 165 27 27 på
847 172 25 14 en
889 165 63 21 kärra
968 165 51 21 eller

194 195 70 25 släde,
282 194 52 20 skall
350 201 51 14 vara
418 195 26 20 20
460 194 45 28 lisp.

265 222 57 21 Herr
338 229 46 14 von
401 222 147 21 Bonsdorff:
565 222 42 28 Jag
623 222 68 21 skulle
708 230 51 13 anse
775 224 31 19 att
822 223 40 20 den
878 223 6 20 i
902 222 115 22 betänkan-

195 252 36 21 det
246 252 123 27 föreslagna
385 251 211 28 vigtbestämmelsen
613 251 22 21 af
649 252 27 20 20
692 251 46 27 lisp.
755 250 55 22 efter
825 258 27 14 en
868 252 58 26 häst,
939 251 79 28 skjuts-

194 280 74 21 karlen
293 280 45 20 deri
355 280 48 20 icke
422 280 134 27 inbegripen,
575 281 23 19 är
613 280 32 20 för
661 280 93 27 mycket.
786 280 150 27 Skjutskarlen
953 280 65 27 väger

195 316 26 14 en
238 310 12 19 6
266 308 13 21 &
294 310 12 19 8
322 308 57 27 lisp.;
403 309 36 20 det
462 310 23 19 är
507 309 27 20 28
557 308 46 28 lisp.
620 309 55 20 efter
690 315 26 13 en
734 308 55 26 häst,
809 308 48 21 med
873 308 85 21 hvilken
974 309 44 20 ofta

195 338 51 20 äkes
272 337 51 27 fort;
347 337 36 21 det
404 339 23 19 är
442 337 33 20 för
491 337 92 27 mycket.
615 336 41 28 Jag
670 337 68 20 skulle
755 337 50 27 vilja
822 337 98 21 nedsätta
936 337 36 21 det
987 337 30 20 till

196 367 24 20 15
237 366 55 27 lisp.,
308 373 33 13 om
357 365 144 28 skjutskarlen
518 365 47 21 icke
582 367 23 19 är
620 366 134 26 inbegripen,
770 366 7 20 i
793 366 71 20 stället
879 365 33 21 för
928 366 26 20 20
970 365 46 27 lisp.

196 396 25 20 15
236 394 48 28 lisp.
307 394 39 21 och
369 394 145 28 skjutskarlen
532 394 47 21 icke
595 394 127 28 inbegripen
738 395 24 19 är
777 394 81 27 lagom;
872 394 37 21 det
925 396 23 18 är
964 394 26 20 22
1006 394 12 20 &

195 424 25 20 23
236 423 56 28 lisp.,
308 423 40 21 och
364 422 36 22 det
416 424 22 20 är
454 422 36 22 det
506 423 76 27 högsta
598 430 48 13 man
662 422 42 21 kan
720 424 58 19 sätta
793 422 55 21 efter
859 430 26 13 en
896 423 59 25 häst,
972 429 45 14 som

194 452 54 21 skall
265 452 94 28 springa.

264 480 100 21 Friherre
380 480 123 20 Aminoff:
526 479 42 28 Jag
591 480 67 20 mäste
684 480 48 20 med
754 480 43 20 min
820 481 44 19 röst
879 480 139 27 understödja

194 510 48 20 herr
259 516 42 14 von
316 508 70 21 Borns
402 509 61 27 äsigt,
480 508 89 21 emedan
582 508 38 28 jag
637 515 62 14 anser
714 510 32 19 att
762 508 170 28 tillämpningen,
951 508 66 21 ehuru

194 538 112 27 principen
322 537 42 21 kan
381 544 50 14 vara
446 537 82 27 ganska
550 537 80 21 vacker
648 537 40 21 och
708 537 144 27 konsegvent,
876 537 96 21 kommer
987 538 31 19 att

194 566 97 22 medföra
307 568 57 19 stora
380 566 138 28 svårigheter.

263 594 58 22 Herr
336 594 193 28 Björkenheim,
546 594 37 21 R.:
609 594 123 21 Utskottets
754 594 80 28 förslag
857 594 96 20 kommer
977 594 41 20 vis-

196 624 93 28 serligen
306 625 31 19 att
352 623 49 21 leda
417 623 87 26 derhän,
521 624 31 19 att
568 624 69 19 större
653 623 45 27 vigt
714 622 97 21 kommer
826 624 31 19 att
868 623 55 20 efter
934 630 25 13 en
971 622 47 21 häst

195 653 113 21 framföras
324 653 26 19 än
368 652 55 20 efter
438 652 161 27 propositionen
615 652 24 20 är
653 651 127 27 föreslaget,
799 658 49 14 men
864 651 68 21 skälet
948 652 24 19 är
987 653 31 18 att

195 688 49 14 man
260 681 48 21 icke
324 680 57 21 velat
396 680 87 28 fördyra
499 687 88 13 resorna
603 682 50 18 utan
670 681 93 19 tvärtom
778 681 53 25 göra
846 680 47 20 dem
910 680 23 20 sä
946 680 72 27 billiga

194 717 45 13 som
257 709 89 28 möjligt.
376 708 114 21 Utskottet
506 709 38 20 har
559 708 7 21 i
582 716 27 13 cn
625 715 76 14 senare
716 708 12 27 $
744 708 111 28 föreslagit
870 710 32 18 att
917 708 41 21 den
969 708 49 26 fart,

194 746 44 14 som
263 744 27 14 en
309 737 90 21 resande
418 737 32 21 fär
465 737 71 21 färdas
553 737 54 26 med,
625 737 67 20 mätte
709 736 117 27 nedsättas,
843 737 23 20 sä
882 738 31 19 att
929 737 41 21 den
986 744 32 13 re-

193 766 75 27 sande,
286 773 44 14 som
346 766 39 20 har
402 766 95 20 brädtom
515 766 38 20 och
571 766 35 20 vill
621 765 87 21 komma
724 765 80 21 fortare
820 765 64 27 fram,
901 766 38 20 bör
954 765 64 21 hafva

194 796 84 20 mindre
301 795 107 27 packning
428 794 38 21 och
485 794 26 22 dä
531 794 52 21 skall
603 794 40 20 den
663 794 127 28 skjutsande
809 794 57 20 finna
881 794 31 20 sin
928 794 68 20 fördel
1012 794 6 20 i

195 826 31 19 att
241 824 45 21 läta
302 824 77 19 honom
396 823 40 20 äka
450 823 87 20 fortare.

263 851 101 22 Friherre
380 851 29 21 de
426 851 22 21 la
464 851 133 27 Chapelle:
623 851 42 27 Jag
680 851 151 27 understödjer
850 851 116 20 utskottets
982 851 35 20 be-

194 881 109 21 tänkande
318 880 6 20 i
340 880 70 21 denna
433 879 40 21 del.
504 880 33 20 Dä
561 879 160 28 propositionen
741 881 107 26 upptager
866 880 69 20 säsom
958 886 60 14 norm

194 910 63 21 äfven
274 909 147 28 packningens
437 909 44 27 vigt
497 909 30 20 till
544 909 12 20 5
572 908 47 27 lisp.
636 908 56 21 efter
708 915 26 14 en
750 908 57 26 häst,
828 908 39 21 blir
884 915 25 14 en
926 908 92 28 vägning

195 938 54 21 ändä
272 937 127 28 nödvändig.
430 937 41 27 Jag
491 937 76 28 tycker
590 937 82 20 säledes
692 937 36 20 det
744 943 52 14 vara
811 943 57 14 mera
884 936 134 28 konsegvent

195 969 30 18 att
240 967 6 20 i
264 966 114 21 allmänhet
398 966 71 27 vigten
490 966 70 20 säsom
579 972 60 14 norm
655 967 88 26 antages
760 965 39 20 och
815 965 46 21 icke
878 965 139 28 persontalet.

264 995 34 20 Dä
319 995 63 27 ingen
409 994 22 21 af
452 993 241 22 ständsmedlemmarne
718 1001 58 13 mera
799 994 71 20 anhöll
892 1001 34 13 om
946 993 71 27 ordet,

193 1023 125 22 framstälde
336 1023 49 20 herr
405 1023 196 20 landtmarskalken
618 1022 31 21 till
666 1022 85 21 ständet
767 1021 94 29 följande
876 1022 141 28 proposition:

264 1051 146 26 ,Godkänner
433 1051 148 28 ridderskapet
605 1051 39 21 och
660 1051 62 21 adeln
738 1051 41 20 den
798 1051 23 20 af
835 1051 105 20 utskottet
963 1051 54 20 före-

195 1081 74 28 slagna
286 1081 10 26 $
313 1081 25 20 24
355 1079 47 22 med
419 1080 51 21 eller
486 1082 50 19 utan
553 1080 103 27 ändring?

266 1126 12 8 »
280 1109 82 21 Vinner
384 1109 44 26 nej,
452 1112 90 24 antages
563 1109 149 20 motsvarande
730 1109 11 26 &
758 1109 26 20 25
799 1109 6 20 i
821 1109 41 20 den
878 1107 77 29 nådiga
971 1115 46 20 pro-

195 1138 120 27 positionen
333 1137 47 21 med
397 1137 50 20 eller
463 1139 50 19 utan
530 1137 110 27 ändring'.

265 1166 47 21 Den
336 1165 47 22 med
408 1165 114 28 anledning
538 1165 21 21 af
574 1165 69 21 denna
662 1165 133 28 proposition
815 1165 95 21 anstälda
927 1165 91 21 voterin-

193 1202 40 21 gen
250 1195 61 20 utföll

409 1223 5 20 i
432 1224 53 19 1:sta
501 1223 27 20 kl.
544 1223 49 20 med
624 1223 12 20 5
650 1223 23 27 ja
688 1222 40 21 och
744 1224 13 19 4
773 1223 44 26 nej,

409 1251 5 32 i
430 1251 59 32 2:dra
507 1267 12 11 ”
563 1267 12 10 ”
625 1252 11 20 6
654 1267 12 11 ”
698 1267 12 11 ”
744 1252 13 20 0
782 1267 12 10 ”

409 1287 6 13 1
431 1279 56 28 3:dje
505 1296 12 10 ”
561 1296 12 10 ”
609 1280 23 20 11
650 1296 12 10 ”
694 1296 12 10 »
742 1280 13 20 5
780 1295 12 11 ”

264 1309 10 20 I
297 1308 51 27 följd
368 1308 62 21 deraf
451 1310 31 19 att
495 1309 23 26 ja
535 1308 6 20 i
557 1308 40 21 alla
616 1308 83 21 klasser
722 1310 81 25 segrat,
820 1315 38 13 var
874 1308 11 27 &
902 1308 66 27 enligt
984 1310 33 18 ut-

195 1337 94 21 skottets
306 1337 134 21 betänkande
463 1339 101 25 antagen,
582 1337 54 20 dock
656 1336 48 21 med
724 1337 52 20 eller
791 1338 50 19 utan
858 1336 98 27 ändring,
974 1339 43 18 mot

195 1365 82 21 hvilket
293 1365 70 22 beslut
379 1366 48 20 herr
443 1372 44 13 von
505 1365 66 20 Born
588 1365 140 21 reserverade
744 1365 38 28 sig.

263 1394 11 20 I
297 1394 100 21 afseende
413 1395 12 20 &
441 1394 25 20 de
482 1393 120 28 ändringar,
619 1401 45 14 som
688 1394 100 27 möjligen
809 1393 71 21 kunde
896 1394 63 27 göras
975 1393 6 20 i
998 1393 19 26 &,

193 1423 97 27 yttrade:

264 1451 56 21 Herr
336 1451 26 20 af
376 1451 145 26 Forselles,
537 1451 35 20 L.:
596 1451 42 27 Jag
654 1457 64 15 anser
734 1450 36 21 det
786 1457 51 14 vara
849 1451 62 26 högst
922 1450 94 21 nödvän-

194 1480 45 28 digt
262 1482 32 19 att
312 1479 38 21 här
370 1481 52 26 göra
441 1479 70 28 någon
530 1479 97 28 ändring.
657 1479 43 28 Jag
716 1479 35 21 vill
767 1478 47 22 icke
831 1480 51 26 göra
898 1478 36 21 det
950 1479 66 27 omöj-
