1078 1692
203 94 27 20 50

178 150 69 27 deraf,
264 152 32 20 att
312 151 36 21 det
366 151 69 21 finska
451 151 67 21 folket
534 151 6 20 i
554 150 163 29 ifrågavarande
733 151 100 21 afseende
848 151 39 21 bör
902 152 53 20 söka
970 151 30 21 ef-

177 179 88 27 terfölja
289 180 65 20 andra
377 180 84 20 bildade
481 180 54 20 folks
556 180 104 27 exempel,
677 180 102 20 Finlands
795 180 31 20 till
841 180 102 27 landtdag
958 180 42 20 för-

179 208 94 20 samlade
296 208 87 20 ständer
398 208 37 20 hos
451 208 26 20 E.
493 208 28 20 K.
538 208 102 28 Majestät
655 208 6 20 i
678 208 99 28 djupaste
795 208 169 28 underdånighet
979 208 21 21 få

178 237 85 20 anhålla
279 243 34 13 om
328 236 127 21 utfärdande
471 236 23 22 af
508 244 26 13 en
551 237 65 21 sådan
635 236 136 28 författning,
792 244 45 13 som
853 237 67 20 skulle
937 244 63 20 synas

180 264 24 21 E.
221 264 145 28 K.'Majestät
389 265 70 27 egnad
482 267 31 19 att
535 265 88 28 bidraga
640 266 32 20 till
688 266 124 28 skyddande
828 266 36 20 och
881 266 119 20 bevarande

175 290 32 56 g[
221 294 98 28 Jota
334 294 167 21 minnesmärken
513 294 39 20 och
564 294 247 28 älderdomslemningar.
838 294 94 20 Landets
944 296 56 18 stän-

194 329 23 13 er
232 322 56 27 väga
303 322 6 20 i
324 322 44 20 lika
383 322 171 28 underdänighet
573 323 32 20 för
621 322 25 21 E.
663 322 27 21 K.
708 324 101 26 Majestät
824 323 68 20 uttala
908 322 40 21 den
964 324 36 19 ön-

182 350 60 28 skan,
259 350 37 21 det
311 351 83 20 täcktes
411 350 24 21 E.
452 351 27 20 K.
496 351 103 27 Majestät
609 351 43 21 låta
662 352 6 20 i
679 352 39 20 den
730 351 107 21 blifvande
849 351 151 27 författningen

180 378 63 22 bland
259 381 66 18 annat
340 380 73 26 ingä:*'

248 408 19 25 1,
284 408 12 20 2
313 408 39 20 och
367 408 12 20 3
395 408 97 27 punkten
509 408 69 20 säsom
594 408 107 20 utskottet
717 408 118 27 föreslagit.

248 436 115 21 Slutorden
380 436 68 21 skulle
463 436 22 20 fä
499 436 96 28 följande
610 436 88 28 lydelse:

248 464 136 26 ,,Ständerna
402 465 53 27 hysa
472 465 36 21 det
523 466 182 20 förtröstansfulla
720 466 64 26 hopp,
801 467 32 19 att
849 464 24 21 E.
890 464 26 21 K.
934 465 66 27 Maje-

179 494 44 20 stät
239 493 63 21 äfven
318 494 6 20 i
340 494 64 27 öfrigt
420 494 35 20 vill
471 494 43 20 låta
533 494 106 20 anbefalla
661 494 139 27 vidtagandet
817 494 22 20 af
853 493 25 21 de
894 493 106 28 åtgärder,

179 522 73 20 hvilka
267 522 33 20 för
316 522 125 27 skyddande
457 522 39 20 och
512 522 122 21 bevarande
650 522 23 20 af
686 523 83 20 landets
785 522 134 20 fornminnen
930 522 70 20 kunna

179 557 61 14 anses
264 550 106 27 behöfliga
394 550 46 26 och,
464 550 37 21 der
522 551 83 20 landets
621 550 98 21 ständers
735 551 129 20 medverkan
880 551 6 20 i
903 552 31 18 ett
950 550 50 20 eller

179 580 65 20 annat
260 579 102 20 afseende
378 579 32 21 för
426 578 121 22 ändamälet
563 579 67 21 finnes
646 580 74 26 nödig,
736 580 31 20 till
784 579 62 21 dessa
861 580 6 19 i
883 580 71 20 ämnet
970 579 30 20 af-

179 608 43 20 läta
238 607 66 27 nädig
319 608 154 27 proposition*.

246 635 34 21 Pä
302 636 155 27 framställning
473 636 22 20 af
509 636 49 20 herr
577 636 198 21 landtmarskalken
795 636 69 20 beslöt
880 636 120 20 ridderska-

178 666 36 26 pet
230 664 39 20 och
286 664 60 20 adeln
363 666 32 18 att
411 667 77 25 antaga
505 664 39 21 den
561 664 22 21 af
597 664 89 21 friherre
703 665 25 20 de
744 664 20 21 la
782 664 100 28 Chapelle
898 672 28 13 nu
945 664 54 21 före-

178 692 73 28 slagna
275 692 129 21 omändrade
427 693 120 26 redaktion,
571 693 87 21 hvarom
681 694 106 20 allmänna
806 693 193 21 besvärsutskottet

178 721 68 20 skulle
262 728 77 20 genom
355 721 199 27 protokollsutdrag
570 722 142 20 underrättas.

246 778 105 27 Företogs
375 778 30 20 till
429 778 130 28 behandling
581 779 153 27 lagutskottets
756 778 135 21 betänkande
906 779 6 20 i
929 779 70 20 anled-

178 806 50 27 ning
244 806 24 20 af
280 807 77 27 nädiga
380 807 160 27 propositionen
565 807 109 27 angäende
690 814 78 14 ansvar
782 807 34 20 för
832 808 130 26 antändning
979 807 23 20 af

177 835 105 26 egendom
299 835 5 20 i
320 835 64 27 afsigt
407 837 30 18 att
463 836 109 20 ätkomma
595 836 129 27 ersättning,
748 842 45 14 som
812 836 33 19 för
864 836 135 20 brandskada

177 863 67 20 utfäst
260 864 30 19 är.

567 898 11 26 8
596 899 17 19 1.

244 948 100 20 Friherre
364 948 28 20 de
411 949 23 19 la
454 948 133 27 Chapelle:
614 948 70 21 Under
700 949 40 20 den
758 949 29 20 tid
802 949 37 27 jag
855 949 68 20 såsom
940 949 56 21 leda-

177 979 44 18 mot
244 976 90 27 deltagit
353 977 5 19 i
379 977 146 20 direktionens
548 977 33 20 för
603 977 216 27 brandstodsbolaget
841 978 6 19 i
870 978 72 20 landet
966 985 30 13 ar-

177 1006 73 25 beten,
267 1005 62 20 hafva
345 1005 77 27 mänga
437 1005 79 21 sädana
531 1005 36 20 fall
583 1006 105 25 inträffat,
708 1005 38 21 der
761 1006 120 27 uppenbart
896 1007 54 20 varit
967 1009 30 18 att

176 1033 103 21 eldskada
294 1033 132 21 förorsakats
442 1034 23 20 af
479 1041 63 20 egare
557 1033 33 21 för
606 1036 31 19 att
654 1035 108 20 ätkomma
786 1034 211 21 brandskadeersätt-

175 1062 57 27 ning.
263 1061 105 28 Vanligen
392 1062 63 21 hafva
478 1062 184 27 omständigheter
684 1063 110 20 föranledt
821 1065 32 18 att
879 1063 117 21 misstänka

175 1090 75 21 sädant
267 1091 83 26 uppsät,
368 1090 26 21 dä
409 1091 28 27 pä
450 1091 127 27 lägenheten
586 1091 80 20 funnits
678 1091 104 20 särskilda
801 1091 130 28 boningshus
946 1092 51 20 eller

175 1119 130 27 Sbygnader,
328 1118 77 21 hvaraf
426 1119 39 20 den
485 1126 40 13 ena
545 1119 81 20 kunnat
648 1119 113 21 undvaras.
792 1119 151 28 Anledningen
966 1121 30 19 till

175 1148 62 20 dessa
253 1147 58 20 brott
327 1147 69 20 mäste
412 1147 39 21 ock
467 1148 31 20 till
515 1149 44 19 stor
575 1148 33 20 del
625 1148 125 21 tillskrifvas
769 1148 40 21 den
827 1149 168 27 omständighet,

173 1178 32 19 att
224 1175 94 21 värdena
334 1175 12 20 å
362 1176 26 19 de
409 1176 117 27 bygnader,
547 1183 44 13 som
611 1177 55 20 varit
689 1176 136 27 försäkrade,
845 1177 68 20 blifvit
928 1177 67 21 under

173 1211 26 14 en
215 1203 130 28 föregående
361 1204 100 26 tidpunkt
477 1204 72 21 alltför
564 1204 51 28 högt
631 1205 104 27 tilltagna,
752 1205 23 20 så
791 1207 32 18 att
839 1205 61 20 dessa
916 1206 79 21 värden

173 1233 67 20 under
266 1232 26 21 de
311 1232 262 27 penningeförhållanden,
593 1240 44 13 som
653 1240 28 13 nu
698 1240 41 21 ega
754 1240 53 19 rum,
824 1233 105 28 betydligt
944 1235 51 20 ned-

173 1261 46 27 gått
234 1261 41 20 och
291 1261 46 20 icke
354 1261 33 20 stå
403 1261 6 20 i
425 1261 74 27 riktigt
512 1261 132 21 förhållande
655 1262 31 20 till
698 1262 163 27 lägenheternas
871 1263 123 20 nuvarande

173 1290 71 20 värde.
276 1289 42 20 Det
337 1289 38 20 har
390 1289 106 28 nemligen
513 1289 135 21 förekommit
666 1290 48 26 fall,
730 1291 39 19 der
784 1290 33 21 för
832 1291 75 26 sjelfva
922 1291 72 27 lägen-

173 1318 63 20 heten
260 1317 47 21 icke
332 1317 78 21 betalts
431 1317 40 21 den
491 1325 92 19 summa,
606 1325 43 14 som
670 1319 151 27 bygnadernas
845 1319 148 21 brandförsäk-

172 1345 125 29 ringsvärde
319 1346 89 27 utgjort.
442 1346 70 21 Dessa
535 1347 201 20 missförhållanden
759 1347 7 20 i
791 1347 99 21 afseende
916 1349 12 19 å
954 1348 39 20 den

171 1374 195 21 brandförsäkrade
383 1375 143 26 egendomens
537 1375 72 26 värde,
621 1375 38 21 har
670 1375 134 21 direktionen
817 1376 116 20 emellertid
945 1376 49 21 sökt

171 1403 134 20 förekomma
327 1409 76 20 genom
428 1403 234 28 värdenedsättningar,
679 1404 138 27 hvarigenom
833 1404 112 21 frestelsen
963 1405 30 20 till

171 1432 26 20 de
212 1432 66 25 brott,
294 1437 44 14 som
354 1431 38 20 här
408 1433 36 19 äro
460 1432 6 19 i
481 1432 71 27 fråga,
572 1432 65 21 borde
658 1433 31 20 till
705 1433 71 26 någon
792 1432 33 21 del
842 1433 150 27 undanrödjas.

171 1460 49 21 Men
236 1460 48 20 icke
300 1459 61 21 torde
377 1459 62 22 dessa
462 1461 101 26 åtgärder
586 1467 108 15 ensamma
714 1461 72 20 kunna
807 1461 133 21 förekomma
956 1461 36 28 dy-

170 1488 43 21 lika
234 1488 69 27 brott,
326 1489 72 20 hvilka
422 1489 65 27 enligt
510 1489 31 20 sin
561 1491 63 18 natur
643 1491 36 19 äro
699 1492 81 25 ytterst
799 1490 62 20 svåra
876 1492 32 18 att
923 1490 47 20 leda
986 1491 6 20 i
