1078 1692
834 74 39 20 105

80 130 135 49 gästgifveri,
234 131 27 19 än
281 130 33 21 för
332 132 31 19 ett
383 130 81 21 mindre
480 130 58 21 antal
553 130 82 27 hästar,
651 132 21 26 ty
690 130 31 21 till
736 130 37 22 det
788 130 57 22 förra
860 131 42 21 for-

95 166 34 14 ras
152 158 24 22 så
199 160 55 19 stort
274 158 90 28 kapital,
384 160 32 19 att
434 159 69 27 någon
519 158 135 22 konkurrens
670 159 50 27 föga
735 159 43 21 kan
794 160 86 20 komma
895 160 6 19 i

80 187 69 27 fråga;
171 194 49 14 men
243 186 49 22 med
315 187 166 27 entreprenader
504 187 27 27 på
554 187 83 21 mindre
656 187 151 27 gästgifverier
825 187 48 21 med
888 188 13 20 3

80 216 51 20 eller
147 216 12 20 4
176 215 73 21 hästar
272 216 24 20 är
318 215 36 21 det
376 222 26 14 en
423 215 44 21 helt
486 222 69 14 annan
580 216 45 20 sak.
656 216 42 27 Jag
716 218 46 18 tror
780 218 31 19 att
828 216 74 28 grefve

80 244 92 20 Armfelt
193 244 47 21 icke
259 243 43 27 fäst
318 244 32 27 sig
364 244 35 20 vid
415 243 40 21 den
472 244 197 28 omständigheten,
685 246 31 18 att
730 245 30 20 uti
776 244 67 21 andra
858 251 44 14 mo-

80 274 81 19 mentet
177 272 53 21 står:
247 288 11 9 ,,
261 271 85 21 Önskar
361 272 70 28 någon
447 272 33 21 del
496 272 23 21 af
532 272 142 28 skjutslaget''.
697 272 61 21 Inom
774 273 128 28 skjutslaget

80 300 67 21 finnas
163 300 45 22 ofta
223 300 52 21 flere
290 300 156 28 gästgifverier,
466 301 40 21 och
522 308 43 20 nog
580 301 43 21 kan
639 301 37 21 det
690 301 73 21 ställas
779 302 22 20 så
816 303 33 19 att
863 300 38 22 mi-

80 329 106 21 noriteten
202 329 96 27 placeras
313 329 28 27 på
356 330 31 20 ett
402 329 125 28 gästgifveri
543 329 50 21 med
609 331 31 19 ett
655 329 82 21 mindre
753 330 58 20 antal
822 330 78 26 hästar,

80 357 37 21 der
131 358 26 21 de
173 358 28 21 då
215 357 73 21 kunna
305 357 79 21 inrätta
400 357 149 28 entreprenad.
581 358 42 20 Det
643 358 64 20 beror
722 358 28 28 på
765 358 136 27 kronobetje-

80 386 78 28 ningen
174 388 32 19 att
221 386 67 20 ordna
304 386 59 20 detta
378 386 139 21 förhållande.

147 414 101 21 Friherre
262 414 29 21 de
306 414 23 20 la
345 414 132 28 Chapelle:
502 414 72 22 Också
591 415 38 27 jag
648 415 38 21 ber
704 416 31 20 att
750 415 28 27 på
793 414 26 21 de
835 415 65 21 redan

79 442 125 22 framstälda
219 442 75 22 skälen
308 442 23 22 få
346 442 83 22 biträda
439 450 76 14 senare
527 443 144 21 alternativet.
698 443 47 21 Den
757 443 143 27 supposition,

80 473 31 19 att
126 478 26 14 en
169 472 139 26 entreprenör
332 478 86 14 snarare
441 472 68 20 skulle
532 471 112 28 öfvertaga
666 474 32 18 ett
715 472 45 20 helt
775 471 125 28 gästgifveri

79 499 49 22 med
148 500 43 20 alla
209 499 49 21 dess
276 499 79 27 hästar,
374 501 26 19 än
416 506 25 14 en
458 500 34 21 del
508 500 70 26 deraf,
595 507 63 13 anser
671 500 38 28 jag
723 500 116 28 ingalunda
853 499 48 21 fullt

79 528 70 22 säker.
179 528 43 28 Jag
240 530 44 19 tror
302 529 93 19 tvärtom
413 530 32 19 att
457 529 25 27 ju
498 528 57 21 färre
571 528 74 21 hästar
660 528 110 28 utbjudas,
784 528 49 22 dess
848 528 52 21 flere

79 558 166 26 entreprenörer
260 556 60 21 skola
336 556 90 28 erbjuda
441 557 39 28 sig,
497 557 39 21 och
553 556 62 22 desto
631 557 95 27 billigare
746 557 39 21 blir
799 556 44 22 det.

148 585 57 21 Herr
220 584 104 27 Linder,
340 584 35 22 E.:
392 585 10 21 I
418 586 115 20 allmänhet
548 585 39 21 har
603 586 84 27 klagats
703 585 60 21 öfver
778 587 31 19 att
820 585 80 28 skjuts-

79 614 122 28 hållningen
223 615 23 19 är
269 620 27 14 en
314 615 67 26 tunga
398 614 33 20 för
447 614 130 27 jordbruket
593 614 40 21 och
648 616 32 18 att
695 614 36 20 det
746 620 51 15 vore
813 620 26 14 en
855 616 45 18 stor

79 642 68 21 fördel
169 644 32 19 att
224 642 21 21 få
267 642 40 20 den
330 642 94 27 aflyftad.
455 642 44 21 Det
518 643 69 20 måste
605 642 97 21 förefalla
720 642 65 28 något
799 642 101 21 inkonse-

94 673 50 19 vent
166 672 32 19 att
216 677 48 15 man
283 671 28 26 på
328 677 81 14 samma
424 672 57 26 gång
497 670 49 22 hört
561 671 73 27 påstås
649 672 32 20 att
697 671 35 21 det
748 677 51 15 vore
815 678 26 14 en
857 672 43 20 rät-

79 699 68 27 tighet
161 699 34 21 för
208 698 158 29 jordbrukaren
382 701 31 19 att
428 699 22 21 få
464 699 109 21 bibehålla
588 699 47 21 den.
659 699 66 21 Detta
740 699 68 21 skulle
824 699 76 21 verke-

78 728 56 27 ligen
150 728 116 20 förutsätta
284 729 31 19 att
330 727 41 21 den
387 734 51 14 vore
453 727 166 29 vinstgifvande,
636 728 39 20 och
691 730 31 18 att
738 735 25 14 en
778 727 122 28 förhöjning

79 756 23 20 af
116 756 133 28 skjutslegan
266 762 50 14 vore
332 762 27 15 en
374 756 139 28 beskattning
529 756 27 27 på
572 756 27 21 de
614 756 90 21 resande
722 756 30 21 till
767 756 84 21 förmon
866 756 34 20 för

79 785 66 27 några
160 784 138 26 nödlidande;
314 791 48 14 men
376 784 37 28 jag
428 791 64 15 anser
508 784 36 21 det
559 784 48 22 icke
623 792 51 13 vara
690 784 78 28 skäligt
783 786 32 20 att
828 784 72 28 hjelpa

79 812 64 28 några
167 812 127 21 nödlidande
316 812 88 21 framför
419 814 78 26 många
517 812 77 28 andra,
613 820 45 14 som
674 813 42 21 lida
732 813 42 20 lika
790 815 45 19 stor
850 812 48 21 nöd.

79 840 101 21 Inträffar
195 841 36 20 det
246 841 28 27 på
289 841 65 27 något
369 841 61 20 ställe
445 843 32 19 att
493 841 151 28 skjutsningen
659 841 42 20 kan
716 841 85 28 aflyftas
814 841 47 21 från
872 840 27 21 de

79 869 238 28 skjutsningsskyldige,
338 871 51 19 utan
412 871 32 19 att
466 869 63 21 desse
551 869 93 21 drabbas
662 869 23 21 af
701 870 67 27 några
782 869 117 21 kostnader

78 897 78 27 derför,
172 898 24 20 så
211 904 63 14 anser
286 898 38 27 jag
340 897 36 22 det
392 898 51 21 böra
458 898 46 27 ske,
519 900 23 25 ty
559 905 34 14 om
610 898 36 21 det
657 898 67 21 finnes
735 899 64 26 något
810 897 47 22 skäl
867 899 32 19 att

77 933 52 14 anse
145 927 32 20 att
192 926 26 21 de
234 926 231 28 skjutsningsskyldige
481 926 67 21 borde
565 926 63 21 hafva
643 927 43 20 rätt
701 928 32 19 att
748 926 83 28 skjutsa
847 926 51 21 fort-

77 954 96 27 farande,
197 955 23 20 så
241 961 63 14 anser
324 955 38 27 jag
384 957 32 18 att
434 955 36 20 det
490 955 48 21 icke
555 955 82 21 funnits
652 955 70 28 någon
738 955 114 27 anledning
866 954 32 21 till

77 983 162 28 framläggande
254 983 23 21 af
290 983 48 20 hela
354 983 69 21 denna
438 983 141 28 proposition.

145 1011 85 28 Frågan
246 1011 109 28 afgjordes
370 1018 77 21 genom
463 1011 101 28 votering
579 1011 61 22 öfver
650 1011 92 28 följande
754 1011 143 28 proposition:

147 1056 10 9 »
160 1039 44 21 Vill
227 1039 150 28 ridderskapet
400 1040 38 21 och
462 1039 62 22 adeln
547 1042 80 26 antaga
650 1039 36 22 det
705 1039 68 22 första
788 1039 23 21 af
825 1039 26 21 de
866 1039 31 21 till

77 1069 12 26 8
104 1069 13 20 4
132 1068 125 21 framstälda
272 1068 180 21 alternativerna?

145 1113 5 8 »
153 1096 89 26 Vinner
264 1097 45 27 nej,
332 1099 89 25 antages
439 1097 36 20 det
494 1097 67 21 andra
581 1097 137 21 alternativet
735 1097 31 20 till
781 1096 66 28 sagda
863 1097 34 26 8,

76 1124 90 21 hvarvid
181 1126 98 20 rösterna
293 1125 86 21 utföllo:

280 1165 6 20 i
304 1165 54 20 1:sta
373 1165 27 20 kl.
417 1165 48 20 med
481 1165 14 21 2
508 1165 24 27 ja
547 1165 40 20 och
617 1167 13 18 6
645 1165 46 28 nej,

281 1193 81 21 1244
388 1209 4 10 0
437 1209 12 10 »
481 1194 46 25 Tn
561 1209 11 10 n
617 1194 51 25 2»

280 1221 6 20 i
302 1221 57 28 8:dje
382 1238 12 9 »
438 1238 12 9 »
481 1223 46 26 6»
562 1238 11 9 »
606 1223 62 24 18,

145 1261 45 21 Och
213 1261 27 21 då
262 1261 34 28 nej
320 1261 89 21 sålunda
431 1262 57 21 inom
512 1262 37 21 två
571 1261 83 22 klasser
671 1264 81 25 segrat,
775 1261 121 22 förklarade

75 1290 49 20 herr
146 1289 196 21 landtmarskalken
366 1290 84 21 ståndet
474 1290 65 21 hafva
562 1291 83 26 antagit
667 1297 75 14 senare
760 1290 137 21 alternativet

74 1318 31 20 till
121 1317 163 28 ifrågavarande
300 1318 18 27 8.

461 1365 8 26 8
489 1365 19 20 5.

142 1408 58 21 Herr
215 1412 47 17 von
279 1409 77 20 Born:
379 1409 57 21 Våra
459 1409 92 22 härader
569 1409 71 28 bestå,
658 1410 70 20 såsom
748 1409 65 21 kändt
828 1411 30 25 är,
874 1410 24 21 af

73 1437 53 20 flera
141 1437 68 20 skilda
225 1437 131 21 kommuner.
387 1437 35 21 Nu
435 1439 24 19 är
475 1438 37 21 det
528 1438 81 27 vanligt
624 1438 129 21 åtminstone
768 1438 6 20 i
790 1437 26 22 de
832 1438 62 21 södra

73 1465 87 22 delarne
183 1465 23 22 af
221 1465 82 28 landet,
322 1465 38 22 der
378 1465 26 22 de
420 1468 58 19 stora
494 1467 94 28 vägarne
603 1467 28 28 gå
646 1467 64 27 fram,
726 1469 32 18 att
774 1466 36 22 det
825 1467 69 21 finnes
