1078 1692
202 89 41 20 288

173 152 53 22 gans
241 145 144 21 löneinkomst
400 146 93 20 behöfde
508 146 87 20 komma
609 146 7 20 i
632 146 70 27 fråga,
718 147 53 19 utan
787 146 52 20 hvar
855 145 39 21 och
910 152 27 14 en
954 145 48 21 med

173 174 82 22 mindre
271 175 26 19 än
314 174 41 21 500
371 174 72 21 marks
458 174 95 21 inkomst
572 174 69 21 skulle
652 174 21 21 få
684 174 72 21 betala
774 176 50 18 utan
836 174 92 21 särskild
942 176 60 19 taxe-

172 204 48 34 ring
236 203 28 20 50
279 202 52 21 eller
346 203 26 20 25
389 203 69 27 penni.
490 202 91 21 Arbetet
597 202 34 22 för
647 203 134 21 komitéerna
792 203 69 20 blefve
873 203 47 20 icke
933 204 69 19 större

173 234 27 19 än
215 232 65 24 förut,
298 231 88 21 emedan
402 231 199 21 häradsskrifvaren
615 230 71 22 kunde
703 231 74 27 påföra
792 231 70 21 denna
880 231 122 28 bevillning.

173 256 49 36 Med
238 247 42 33 det
292 260 79 28 tillägg,
388 260 38 27 jag
444 267 29 13 nu
489 260 46 20 haft
553 262 51 19 äran
621 260 87 26 föreslå,
724 260 93 21 biträder
830 260 38 27 jag
884 260 118 20 utskottets

174 288 136 22 betänkande
326 288 6 21 i
362 295 54 14 denna
431 288 41 21 del.

241 316 59 22 Herr
316 316 151 28 Schauman,
481 317 20 21 J.
519 318 37 19 A.:
582 317 42 21 Det
648 317 37 21 har
709 317 53 21 visst
781 317 46 21 icke
846 317 56 21 varit
918 317 84 21 utskot-

174 348 43 19 tets
240 346 87 27 mening
350 347 31 19 att
404 346 40 20 den
463 346 141 27 kungörelse,
625 352 45 15 som
691 346 97 20 kommer
807 347 30 19 att
855 345 98 21 utfärdas
969 347 32 19 rö-

173 374 65 22 rande
262 374 125 28 bevillning,
403 374 68 21 skulle
487 374 90 21 hänvisa
594 374 31 21 till
645 374 40 21 den
701 381 28 14 nu
746 374 97 28 gällande
864 374 137 28 bevillnings-

173 404 101 26 stadgan,
291 405 50 19 utan
360 403 108 21 utskottet
486 403 39 21 har
541 403 83 27 endast,
640 403 33 21 för
688 405 32 18 att
736 403 113 27 inbespara
865 402 135 28 trycknings-

173 431 121 21 kostnaden
317 432 33 20 för
372 431 153 27 betänkandet,
542 432 99 20 hänvisat
660 432 31 20 till
711 432 40 20 den
768 438 27 14 nu
810 431 98 28 gällande
931 431 69 27 lagen.

174 460 10 21 I
195 460 61 28 fråga
271 466 34 14 om
318 461 52 20 1:sta
381 460 30 27 &:s
422 460 82 28 lydelse
515 460 39 20 har
562 460 38 28 jag
611 460 6 20 i
628 460 107 21 utskottet
746 460 66 28 inlagt
823 467 26 13 en
861 460 139 21 reservation.

173 489 43 27 Jag
232 495 63 15 anser
311 488 40 22 den
366 489 61 27 ringa
442 489 114 27 tillökning
571 489 6 20 i
593 489 208 26 statsinkomsterna,
813 496 44 13 som
869 488 68 21 skulle
949 496 51 20 upp-

174 517 86 21 komma
279 524 77 21 genom
376 518 40 20 den
435 518 22 20 af
471 518 108 20 utskottet
601 517 121 28 föreslagna
741 518 126 26 ändringen,
884 517 47 21 icke
946 519 54 19 mot-

173 553 63 14 svara
259 546 27 20 de
308 546 143 21 ledsamheter
474 546 39 21 och
537 546 174 28 misstydningar,
734 553 45 13 som
803 546 68 20 skulle
890 546 66 20 blifva
975 553 25 13 en

173 574 53 28 följd
243 574 23 21 af
278 581 26 14 en
321 574 102 21 afvikelse
439 574 46 21 frän
502 582 28 13 nu
543 574 98 28 gällande
657 574 82 28 stadga.
770 574 114 21 Utskottet
899 574 38 21 har
953 574 50 28 sjelf

173 604 66 20 insett
264 603 54 21 huru
340 603 36 21 illa
396 603 36 21 det
451 604 24 19 är
493 605 32 19 att
541 604 7 20 i
563 610 26 14 en
613 603 125 28 författning
758 604 51 26 göra
825 603 124 27 obetydliga
965 605 36 19 än-

174 632 94 27 dringar,
285 638 44 14 som
346 632 75 20 endast
436 632 59 26 tjena
511 632 31 20 till
558 633 32 19 att
606 631 128 21 bortblanda
749 631 153 27 allmänheten,
914 632 39 20 och
966 632 35 20 det

174 660 68 28 gäller
264 660 125 28 isynnerhet
412 660 44 27 här,
477 660 37 21 der
534 660 53 21 hvar
609 660 39 21 och
668 667 26 14 en
711 663 35 18 vet
762 660 53 21 huru
831 660 57 20 olika
904 660 96 27 grunden

173 690 34 20 för
222 688 77 28 sjelfva
314 689 126 27 taxeringen
457 689 70 20 blifvit
543 689 113 27 uppfattad
672 689 23 20 af
709 689 57 21 olika
781 688 111 21 individer.
923 688 77 22 Vanan

174 720 23 19 är
220 718 36 20 det
280 718 65 26 enda,
369 724 46 14 som
431 717 41 21 kan
493 718 148 20 åstadkomma
657 718 69 28 någon
743 717 76 27 stadga
833 717 6 20 i
856 717 144 28 uppgifterna,

174 746 40 22 och
238 746 84 20 derföre
345 753 63 13 anser
424 746 38 28 jag
481 746 36 20 det
536 753 51 14 vara
607 746 46 20 bäst
668 746 40 21 och
725 746 66 20 visast
807 748 31 18 att
854 746 56 20 hälla
926 746 32 27 sig
970 746 30 20 till

174 775 56 20 hvad
251 782 50 13 man
324 775 65 20 redan
405 774 5 20 i
428 776 33 19 tre
477 775 23 20 är
519 777 51 18 vant
588 775 33 27 sig
640 775 45 26 vid;
710 774 27 21 dä
755 774 38 21 har
808 781 48 13 man
872 774 128 21 ätminstone

175 804 65 27 något
256 805 32 19 att
303 803 56 21 hålla
374 803 32 27 sig
423 803 36 21 till
491 803 41 21 Om
549 803 88 21 friherre
654 791 41 33 von
712 803 69 21 Borns
792 803 80 27 förslag
883 805 31 19 att
925 803 76 27 ålägga

174 832 63 20 äfven
254 832 48 20 dem
318 832 122 26 bevillning,
456 838 45 14 som
517 832 107 20 utskottet
640 833 70 19 ansett
727 832 52 20 böra
794 831 70 27 undgå
876 832 70 25 sådan,
959 832 41 20 kan

172 861 39 26 jag
229 860 49 21 icke
297 861 52 34 säga
370 862 76 24 annat,
463 861 25 19 än
505 862 32 18 att
549 861 39 26 jag
603 860 67 20 finner
686 860 36 21 det
738 860 6 20 i
761 860 76 27 högsta
852 860 53 27 grad
921 848 79 39 olämp-

174 889 39 28 ligt
232 890 32 19 att
281 895 29 14 nu
326 888 26 28 på
368 890 31 19 ett
415 888 104 21 utsvultet
535 889 54 20 folks
606 889 110 26 fattigaste
736 888 104 21 individer
857 889 61 27 lägga
934 890 66 26 ytter-

175 917 67 27 ligare
258 917 90 20 skatter.

243 945 59 21 Herr
321 945 60 28 Björ
387 936 130 35 kenheim,
540 945 36 21 R.:
600 945 139 21 Beträffande
762 945 89 21 friherre
871 952 40 14 von
931 945 70 21 Borns

174 974 81 27 förslag
278 981 34 14 om
335 981 26 14 en
377 974 99 27 personel
498 958 115 47 bevillning
629 974 32 21 för
677 974 57 25 dem,
751 981 45 13 som
812 973 47 21 icke
875 973 61 22 hafva
954 975 47 20 fullt

175 1003 41 21 500
232 1003 72 20 marks
320 1002 100 27 inkomst,
437 1003 34 20 vill
485 1003 38 28 jag
539 1003 100 26 påminna
655 1003 72 20 derom
744 1005 32 18 att
792 1005 30 18 ett
838 1003 68 27 dylikt
922 1003 80 27 förslag

175 1032 64 20 äfven
255 1039 38 13 var
309 1031 44 21 före
364 1031 35 21 vid
411 1033 84 19 senaste
507 1031 110 28 landtdag,
628 1038 48 13 men
687 1031 48 21 icke
748 1038 54 13 vann
813 1031 127 20 ständernas
950 1031 52 28 god-

176 1059 120 22 kännande.
327 1060 47 21 Den
398 1060 99 27 fattigare
521 1060 62 21 delen
603 1059 22 21 af
642 1060 158 20 innevånarena
815 1059 6 20 i
838 1061 47 19 vårt
900 1060 49 20 land
965 1061 36 20 äro

177 1089 64 20 redan
258 1088 122 28 betungade
396 1088 23 21 af
432 1095 26 14 en
475 1088 98 27 personel
590 1088 64 27 skatt,
666 1088 248 27 mantalspenningarne,
930 1088 72 21 hvilka

175 1117 53 28 utgå
246 1117 50 20 med
314 1117 37 20 två
368 1117 61 20 mark
448 1117 33 20 för
496 1124 48 13 man
561 1117 38 20 och
617 1123 25 14 en
658 1117 61 20 mark
735 1117 33 20 för
784 1117 88 28 qvinna,
888 1117 39 20 och
943 1117 59 20 detta

176 1147 23 20 är
214 1145 67 21 redan
296 1145 34 22 för
345 1145 48 21 dem
410 1152 25 14 en
451 1145 97 28 betydlig
564 1145 65 21 skatt.
660 1145 34 21 Då
713 1145 109 21 dessutom
839 1145 163 21 tullintraderna

176 1176 77 25 utgöra
268 1181 27 14 en
311 1174 96 27 betydlig
424 1174 33 21 del
473 1174 23 20 af
510 1174 210 26 statsinkomsterna,
737 1174 39 21 och
792 1173 66 21 tullen
870 1173 30 21 till
912 1173 88 21 hufvud-

177 1203 69 27 saklig
262 1203 33 20 del
311 1203 67 20 hvilar
394 1203 28 26 på
440 1203 107 20 allmänna
566 1202 245 27 konsumtionsartiklar,
828 1203 22 20 så
866 1203 24 20 är
905 1202 40 21 den
961 1203 40 20 fat-

176 1232 69 27 tigare
262 1231 60 21 delen
339 1231 23 21 af
376 1231 150 27 befolkningen
544 1231 65 20 också
624 1231 123 27 derigenom
764 1230 105 28 betydligt
881 1231 120 20 beskattad.

176 1260 42 27 Jag
232 1261 70 20 måste
318 1259 84 21 derföre
422 1259 97 28 afstyrka
538 1266 25 14 en
580 1259 65 21 sådan
665 1259 125 27 förändring
805 1259 23 20 af
842 1259 11 27 $
872 1260 17 26 1,
906 1266 44 14 som
967 1260 34 20 fri-

176 1289 62 20 herre
254 1295 42 14 von
311 1288 58 21 Born
388 1288 121 27 föreslagit,
531 1288 38 21 och
589 1288 107 27 tillstyrka
711 1287 59 21 bifall
786 1287 31 21 till
833 1287 117 21 utskottets
966 1288 35 21 be-

176 1317 130 20 tänkande
299 1312 15 37 i
322 1317 41 20 den
386 1317 68 20 delen.
485 1316 65 21 Hvad
573 1317 50 20 herr
646 1316 133 21 Schaumans
802 1316 62 21 äfven
883 1323 28 13 nu
927 1317 74 20 åbero-

176 1345 55 28 pade
247 1345 133 21 reservation
396 1345 72 28 angår,
485 1345 24 21 så
525 1345 37 20 ber
575 1345 38 27 jag
629 1345 21 20 få
664 1347 78 18 nämna
758 1346 32 19 att
807 1345 106 20 utskottet
924 1345 78 20 visser-

176 1374 55 27 ligen
256 1373 94 22 erkände
373 1373 149 28 skadligheten
541 1373 22 21 af
580 1375 31 19 att
627 1373 69 21 införa
718 1373 91 27 onödiga
831 1373 169 28 förändringar
991 1369 14 36 i

176 1403 74 27 hvarje
273 1402 133 27 lagstiftning
424 1402 39 21 och
483 1402 62 21 äfven
562 1402 6 20 i
584 1401 230 28 bevillningsstadgan,
833 1401 48 21 med
900 1401 101 22 afseende

176 1431 13 20 å
203 1431 41 20 den
261 1431 115 20 osäkerhet
391 1431 36 20 det
443 1430 68 21 skulle
526 1430 103 21 medföra.
659 1430 115 21 Utskottet
789 1430 38 20 har
843 1430 64 20 också
918 1430 84 21 derföre

176 1459 114 21 inskränkt
306 1459 32 27 sig
354 1459 30 20 till
401 1459 75 20 endast
499 1459 66 26 några
580 1459 22 20 få
617 1459 121 27 ändringar,
762 1458 72 21 hvilka
853 1460 82 19 ansetts
952 1466 50 13 vara

176 1487 87 21 alldeles
280 1487 140 28 nödvändiga.
452 1487 47 20 Den
516 1487 34 21 vid
567 1488 11 26 8
596 1489 8 18 1
623 1487 75 27 gjorda
714 1487 151 27 förändringen
878 1487 64 21 borde
954 1488 47 20 icke
