1078 1692
198 80 41 20 300

170 137 31 21 ler
223 136 65 28 ingen
315 136 121 28 bevillning.
475 136 79 28 Tredje
571 136 46 21 året
633 136 38 20 har
687 136 52 21 hans
755 136 118 20 inkomster
889 137 59 26 stigit
965 135 30 21 till

171 166 76 26 14,000
264 164 68 26 mark,
354 164 38 21 och
416 172 27 13 nu
469 164 110 28 begynner
595 164 40 21 han
652 165 48 20 odla
716 166 30 19 ett
762 166 55 19 stort
833 165 39 20 och
889 164 107 28 vidlyftigt

170 195 56 25 kärr,
242 200 47 14 som
305 193 110 27 medtager
431 193 47 21 hela
493 193 52 21 hans
561 193 105 27 inkomst,
682 193 40 21 och
734 194 23 20 så
768 194 38 26 går
819 193 37 21 det
867 193 129 25 immerfort;

171 223 40 21 han
228 222 39 20 har
282 221 56 27 goda
354 222 124 26 inkomster,
495 229 47 13 men
560 222 98 27 utvidgar
674 222 137 27 oupphörligt
823 222 31 20 sin
866 222 80 20 rörelse
957 221 39 21 och

171 251 104 21 behöfver
294 250 47 20 icke
361 250 69 21 betala
446 251 69 27 någon
532 250 122 28 bevillning.
685 250 34 21 Nu
736 252 23 18 är
775 250 142 28 bevillningen
934 250 62 20 ställd

170 280 28 27 på
216 279 56 21 vissa
295 279 29 26 år,
340 279 39 21 och
395 286 34 13 om
445 278 40 21 den
502 279 55 21 efter
573 279 69 21 denna
658 279 42 21 tids
715 279 84 27 förlopp
816 278 68 21 skulle
900 278 97 28 upphöra

171 308 52 21 eller
238 308 88 20 komma
341 309 31 19 att
388 308 88 26 utgöras
492 308 55 20 efter
563 314 69 14 annan
648 307 79 28 grund,
744 308 23 20 så
780 307 68 21 skulle
860 307 40 21 han
912 308 26 26 på
950 307 48 21 hela

172 337 40 20 den
228 336 31 20 tid
276 336 41 20 han
333 335 122 21 fördubblat
470 336 32 20 sin
519 336 149 27 förmögenhet
679 336 47 20 icke
738 335 73 21 behöft
823 336 71 20 betala
905 342 25 14 en
942 335 55 21 enda

172 365 63 27 penni
251 364 6 20 i
274 364 122 28 bevillning.
414 364 87 21 Således
519 364 68 21 finner
600 365 37 27 jag
653 365 117 20 utskottets
786 364 80 28 förslag
882 364 62 21 hafva
960 364 38 20 allt

171 394 46 20 skäl
243 393 34 20 för
300 393 38 27 sig.
369 392 61 21 Dock
447 393 37 20 har
498 394 37 26 jag
551 394 20 26 ej
588 394 64 26 något
668 395 58 19 emot
742 393 48 20 herr
806 392 133 21 Ehrnrooths
956 392 42 21 för-

172 422 46 27 slag
236 423 32 19 att
295 421 35 21 det
346 422 68 20 skulle
430 422 131 26 uttryckliga
575 421 105 21 förklaras
697 423 31 19 att
744 421 182 26 driftkostnaden,
943 422 19 20 d.
979 422 18 19 ä.

172 450 121 21 kostnaden
319 450 32 20 för
376 452 31 18 att
430 450 56 20 hålla
509 450 95 21 rörelsen
621 450 6 20 i
643 450 49 21 dess
708 450 85 27 vanliga
809 450 68 25 skick,
894 450 68 20 skulle
978 449 20 21 få

173 479 107 27 afdragas.

242 507 101 21 Friherre
360 507 82 27 Boije:
459 506 56 21 Herr
532 506 121 21 Ehrnrooth
670 506 37 21 har
722 507 71 27 frågat
809 506 103 22 huruvida
923 508 75 19 räntan

172 537 29 27 på
220 536 37 20 det
281 536 40 22 lån,
344 536 41 20 den
402 535 225 28 bevillningsskyldige
646 537 106 25 upptager
767 536 33 20 för
816 537 31 19 att
863 535 87 27 utvidga
966 535 32 20 sin

174 565 89 25 rörelse,
280 564 32 21 får
328 564 99 27 afdragas
444 564 34 20 vid
494 564 175 27 beskattningen.
700 564 77 20 Dertill
794 564 37 20 ber
845 564 37 27 jag
897 564 22 20 få
935 571 63 13 svara

173 595 32 19 att
221 593 73 21 denna
305 594 61 19 ränta
376 592 76 21 liksom
464 594 76 19 räntan
553 593 26 26 på
590 592 41 21 alla
642 592 66 21 andra
716 592 87 21 skulder
814 592 136 28 naturligtvis
961 592 38 20 föl-

172 622 66 28 jande
255 622 24 20 år
296 621 96 21 kommer
406 623 31 19 att
454 621 99 27 afdragas
569 621 46 20 från
631 620 127 22 inkomsten.

244 650 58 20 Herr
324 656 47 14 von
395 649 78 21 Born:
498 649 99 21 Friherre
618 649 61 27 Boije
696 649 37 21 har
749 651 68 25 yttrat
832 649 40 21 den
888 649 110 21 förmodan

175 679 39 21 och
230 679 37 20 det
292 678 123 27 påstående,
431 678 42 20 kan
487 678 38 27 jag
541 679 61 26 säga,
619 680 31 18 att
666 678 36 20 det
718 678 68 20 skulle
802 678 55 20 varit
872 678 126 20 ständernas

175 708 86 26 mening
278 706 34 21 vid
328 708 85 19 senaste
430 706 101 28 landtdag
547 708 30 19 att
593 706 128 28 stadgandet
732 706 66 21 borde
809 706 107 28 tillämpas
929 707 70 20 såsom

175 736 107 21 utskottet
298 742 28 14 nu
341 735 120 27 föreslagit,
473 735 66 21 ehuru
551 735 37 21 det
599 735 47 21 icke
656 735 54 21 varit
722 735 107 21 bestämdt
839 735 103 27 uttryckt.
958 734 42 28 Jag

174 770 46 15 tror
235 766 32 19 att
284 764 60 20 detta
359 765 24 19 är
398 765 32 19 ett
444 764 62 27 fynd,
523 770 45 14 som
585 764 106 20 utskottet
706 764 64 26 gjort,
780 763 39 21 och
831 764 36 20 det
878 763 76 27 tycker
961 764 38 26 jag

175 793 107 21 utskottet
298 792 42 21 kan
352 792 82 21 behålla
444 792 33 21 för
488 799 54 20 egen
555 792 96 27 räkning.
670 792 41 20 Det
722 792 38 20 har
772 792 82 28 påståts
865 794 31 18 att
906 798 34 14 om
949 799 49 13 man

175 822 99 26 utvidgar
298 821 50 20 eller
370 820 115 21 förbättrar
509 821 76 26 något,
604 821 23 20 så
643 820 53 21 skall
712 827 48 14 man
776 820 85 21 derföre
877 820 71 21 betala
963 820 35 20 be-

175 850 95 27 villning,
286 849 39 21 och
351 849 37 20 det
410 850 23 19 är
455 849 54 20 blott
531 856 34 13 om
585 856 47 13 man
653 849 93 20 behåller
761 849 31 20 sin
809 849 103 27 egendom
928 849 6 20 i
950 849 49 20 dess

175 879 69 27 gamla
268 877 72 26 skick,
364 884 44 14 som
425 885 48 13 man
489 877 83 28 undgår
587 879 32 19 att
635 877 85 28 erlägga
736 877 72 20 sådan.
839 877 36 21 Uti
892 877 26 21 de
934 884 66 21 nyare

172 906 244 29 jordbruksmetoderna
438 906 61 27 ingår
513 906 137 27 ängsodling;
666 913 47 13 men
730 905 71 28 börjar
818 913 46 14 man
889 905 48 21 odla
954 906 46 20 sina

175 938 73 25 ängar,
265 935 23 20 så
304 935 60 21 heter
380 934 36 21 det
431 937 31 18 att
477 941 48 14 man
542 935 38 20 har
596 935 132 27 nyodlingar,
744 934 39 21 och
799 934 33 21 för
847 935 28 20 all
889 934 40 21 den
941 935 58 20 kost-

176 964 41 21 nad
241 971 49 13 man
309 964 26 26 på
353 965 67 26 ängen
437 963 86 27 nedlagt
539 963 32 20 får
587 970 47 13 man
652 963 70 20 betala
737 963 122 28 bevillning.
891 963 42 20 Det
949 970 50 13 vore

175 993 47 21 icke
238 995 32 18 att
286 992 53 21 söka
354 992 20 20 få
388 991 128 28 jordbruket
531 991 90 26 framåt,
637 993 51 19 utan
705 993 31 19 att
751 992 27 26 gå
793 991 151 28 kräftgången,
961 991 39 22 och

176 1021 37 21 det
228 1021 114 20 förundrar
357 1021 43 26 mig
415 1020 111 28 högeligen
543 1022 32 19 att
591 1027 47 13 man
655 1020 56 21 velat
721 1019 51 28 tyda
784 1020 152 27 författningen
948 1021 6 19 i
965 1020 36 21 det

177 1050 72 27 syftet.
281 1049 57 21 Herr
355 1049 110 20 Molander
481 1049 38 20 har
535 1050 48 26 sagt
599 1050 31 19 att
646 1055 47 14 man
710 1048 71 21 kunde
796 1048 64 21 hafva
875 1049 126 25 inkomster,

177 1085 47 14 men
240 1078 48 21 icke
304 1077 91 21 behöfva
408 1077 69 21 betala
489 1077 68 27 någon
571 1077 120 27 bevillning.
715 1076 43 28 Jag
769 1077 35 20 vill
816 1077 70 27 fråga:
899 1077 54 21 hvad
964 1077 38 20 har

177 1107 40 21 den
229 1107 23 20 af
259 1107 49 20 herr
321 1105 110 21 Molander
449 1105 92 21 nämnda
550 1105 157 28 jordbrukaren
719 1105 32 20 för
762 1112 25 13 en
798 1105 83 28 verklig
893 1105 108 21 inkomst?

176 1136 33 27 Ty
220 1135 122 21 inkomsten
354 1136 23 19 är
388 1134 149 27 behållningen
549 1134 64 21 sedan
626 1134 40 21 alla
678 1134 87 27 utgifter
776 1135 36 19 äro
825 1134 115 21 bestridda.
959 1133 43 28 Jag

176 1164 36 21 vill
234 1164 108 20 dessutom
366 1163 69 26 fråga:
452 1163 27 26 på
496 1163 55 20 hvad
567 1164 43 19 sätt
626 1162 116 28 nedlägger
757 1169 26 14 en
796 1163 144 26 jordbrukare
956 1163 46 20 sina

176 1193 120 20 inkomster
318 1192 28 27 på
368 1191 31 21 sin
412 1191 63 27 jord?
505 1191 28 21 Jo
549 1191 56 20 blott
621 1192 26 26 på
662 1191 36 21 det
714 1192 65 19 sättet
794 1193 32 18 att
841 1191 40 20 han
897 1191 33 21 får
945 1198 56 21 myc-

177 1222 38 20 ket
230 1220 82 21 mindre
328 1219 93 21 inkomst
436 1220 23 20 af
472 1220 31 20 sin
517 1219 49 28 jord
579 1221 25 19 än
621 1220 40 20 han
678 1219 86 28 nedlagt
775 1219 121 21 kontanter.
912 1219 43 22 För
971 1221 31 19 att

177 1251 87 20 komma
279 1249 30 20 till
326 1248 96 26 resultat,
438 1255 34 14 om
488 1255 47 14 man
553 1248 65 21 också
627 1247 53 21 skall
692 1247 100 21 beskatta
803 1248 105 21 rörelsens
918 1248 84 27 utvidg-

178 1279 58 26 ning,
252 1278 69 20 måste
337 1283 48 14 man
405 1277 82 20 således
503 1276 167 28 approximativt
687 1276 101 27 beräkna,
805 1276 54 21 hvad
876 1276 40 21 han
934 1277 68 20 skulle

178 1307 82 20 kunnat
283 1306 27 25 få,
327 1312 32 14 om
376 1305 41 20 han
433 1305 100 20 bedrifvit
552 1305 37 20 sitt
602 1304 105 28 jordbruk
724 1305 26 26 på
766 1305 36 20 sitt
818 1305 71 26 gamla
904 1307 43 19 sätt
962 1305 39 21 och

177 1335 47 21 icke
248 1334 115 21 förbättrat
386 1333 46 26 det,
455 1333 39 21 och
519 1334 54 20 huru
597 1333 52 20 skall
666 1340 48 13 man
731 1333 85 20 komma
832 1333 30 20 till
879 1336 30 18 ett
925 1333 77 21 sådant

177 1363 107 20 resultat?
317 1362 42 27 Jag
376 1363 37 19 har
429 1362 4 20 i
450 1363 36 20 två
501 1363 23 20 år
540 1362 61 21 suttit
617 1361 39 21 och
671 1363 86 19 taxerat
772 1361 6 20 i
794 1368 26 14 en
837 1361 165 28 bevillningsko-

178 1391 51 21 mité
253 1391 39 20 och
307 1391 37 27 jag
359 1391 69 20 måste
444 1392 51 26 säga
511 1393 32 18 att
558 1390 69 21 skulle
642 1397 26 14 en
684 1390 64 21 sådan
766 1390 54 27 åsigt
835 1390 57 27 gjort
908 1390 33 27 sig
958 1390 43 27 gäl-

177 1420 73 27 lande,
274 1420 24 20 så
321 1421 35 18 vet
372 1419 38 27 jag
428 1419 47 20 icke
491 1419 31 20 till
538 1419 56 20 hvad
610 1419 89 20 resultat
714 1425 48 14 man
779 1418 67 21 skulle
862 1418 89 21 kommit
967 1418 35 21 vid

178 1448 147 27 beräkningen
350 1447 23 20 af
390 1447 55 20 hvad
459 1447 157 28 jordbrukaren
634 1446 99 29 möjligen
749 1447 82 20 kunnat
847 1447 79 20 erhålla
941 1447 6 20 i
965 1447 37 21 be-

177 1477 95 27 hållning
295 1475 39 22 och
350 1475 55 21 hvad
421 1475 40 22 han
477 1475 70 28 utlagt
562 1476 31 21 till
609 1475 147 22 förbättrande
772 1475 22 21 af
807 1475 48 21 sina
869 1476 67 27 ängar
947 1477 55 20 samt
