1078 1692
191 77 27 20 58

232 133 107 27 Företogs
355 133 30 20 till
402 133 121 21 diskussion
537 133 154 27 lagutskottets
708 133 151 21 betänkande
849 129 14 36 i
872 134 114 27 anledning

163 163 22 19 af
203 162 77 27 nådiga
303 162 160 26 propositionen
483 162 111 27 angående
614 163 98 19 närmare
732 162 142 28 begränsning
890 162 22 21 af
927 162 57 20 tiden

163 191 32 20 för
211 190 125 21 löftesmans
352 190 213 28 ansvarsskyldighet
579 198 27 13 m.
618 198 34 17 m.,
664 190 74 21 dervid
749 190 54 20 först
814 191 31 20 till
855 191 130 27 behandling

163 219 96 27 företogs
276 219 118 20 utskottets
410 219 89 27 förslag,
515 220 31 19 att
562 219 83 21 landets
661 219 87 21 ständer
764 220 66 20 måtte
846 219 93 21 förklara
954 221 31 19 att

164 248 41 20 den
220 247 123 27 föreslagna
358 247 152 27 förordningen
526 248 48 20 icke
591 248 71 20 kunde
678 247 128 21 oförändrad
823 250 97 25 antagas,
936 255 48 13 men

164 276 96 21 deremot
275 276 34 20 för
325 276 31 20 sin
373 276 34 20 del
422 276 82 20 besluta
520 276 31 20 till
568 283 25 13 en
610 276 23 20 af
646 276 106 21 utskottet
770 276 4 20 i
786 278 71 18 ämnet
873 276 111 27 redigerad

163 305 133 26 författning.

232 332 101 22 Friherre
355 340 48 13 von
427 333 77 20 Born:
527 333 43 27 Jag
587 333 93 21 anhåller
698 336 41 24 att,
755 333 64 21 innan
835 333 148 21 diskussionen

164 362 88 26 specielt
268 362 23 20 af
306 361 72 28 hvarje
394 362 12 26 $
422 362 117 27 företages,
556 362 21 20 få
591 362 74 20 förena
685 362 42 27 mig
742 362 6 20 i
765 362 26 20 de
807 362 85 27 åsigter,
904 368 44 14 som
964 362 22 19 af

164 390 49 21 herr
229 390 131 26 Grotenfelt,
377 390 34 26 A.,
428 390 87 20 uttalats
532 390 5 20 i
554 390 53 20 hans
623 391 143 25 reservation,
782 391 106 20 anseende
904 392 31 18 att
951 392 33 18 ut-

164 418 82 21 skottet
262 426 77 20 genom
356 418 25 21 de
397 419 6 20 i
419 418 25 21 de
460 418 47 28 fyra
523 418 67 21 första
606 419 25 27 8&
648 419 22 20 af
684 419 41 21 den
736 419 77 27 nådiga
824 418 159 28 propositionen

163 447 123 27 föreslagna
301 447 114 27 ändringar
431 447 46 21 icke
493 448 28 26 på
536 448 65 27 något
616 447 89 28 lyckligt
721 449 42 19 sätt
779 448 40 20 löst
836 447 68 21 denna
915 447 68 27 fråga,

164 476 90 20 emedan
270 478 58 18 utom
345 476 26 20 de
387 476 55 26 skäl,
459 483 45 13 som
520 476 49 20 herr
589 476 121 20 Grotenfelt
724 476 109 27 framlagt,
845 476 70 20 kunde
927 476 57 20 anfö-

164 511 34 13 ras
214 506 31 18 att
261 504 152 28 förändringen
430 504 22 20 af
466 504 85 27 proprie
568 504 80 27 borgen
664 504 31 20 till
711 505 49 27 laga
774 505 80 27 borgen
865 504 47 21 icke
924 504 60 20 torde

164 533 48 20 leda
235 533 32 20 till
286 532 35 21 det
340 532 97 28 åsyftade
456 533 71 20 målet.
558 532 41 28 Jag
615 533 97 21 förordar
728 534 32 19 att
776 533 25 20 de
817 533 47 27 fyra
880 533 25 26 $$
921 532 7 20 i
943 532 40 20 allo

165 562 65 20 måtte
254 561 126 27 godkännas
404 560 78 22 sådana
501 561 25 20 de
542 561 6 20 i
567 561 77 27 nådiga
660 562 161 26 propositionen
841 561 142 26 förekomma,

165 592 54 18 samt
233 590 37 20 vill
286 597 33 13 om
336 590 26 20 de
378 589 92 28 speciela
481 590 187 27 bestämningarne
680 592 53 25 göra
744 590 56 20 mina
813 589 170 27 anmärkningar,

165 618 27 21 dä
208 619 25 27 8$
249 618 134 21 förekomma
399 618 52 21 hvar
466 618 33 21 för
515 618 32 28 sig
563 618 31 21 till
611 618 128 21 diskussion.

234 647 100 21 Friherre
353 647 29 20 de
403 647 24 20 la
442 646 123 28 Chapelle
583 646 113 22 förordade
714 647 7 20 i
739 648 31 19 ett
790 646 101 28 skriftligt
909 646 75 21 andra-

164 676 78 27 gande,
263 682 46 14 som
328 676 121 20 sedermera
467 676 47 20 icke
533 676 112 20 aflemnats
661 676 31 20 till
708 675 139 27 protokollet,
863 674 121 28 antagande

165 704 24 21 af
202 704 40 20 den
259 704 78 28 nådiga
352 704 167 28 propositionen.

234 732 102 21 Friherre
353 740 47 13 von
420 732 81 27 Troil,
521 732 20 20 8.
561 732 46 20 W.:
632 732 33 20 De
684 732 64 21 ärade
764 732 78 26 talare,
858 739 44 13 som
919 732 65 20 redan

164 762 27 26 på
214 761 91 21 förhand
328 761 102 27 uppträdt
453 763 57 19 emot
533 762 117 19 utskottets
671 760 146 27 betänkande,
833 761 63 20 hafva
912 760 73 21 dervid

165 790 115 20 framhållit
297 791 31 19 att
344 790 105 20 utskottet
465 790 47 20 icke
529 790 27 26 på
572 790 65 26 något
652 789 90 28 lyckligt
759 791 42 18 sätt
816 789 42 21 löst
874 789 40 21 den
929 789 55 20 före-

165 818 73 27 slagna
254 818 117 27 ändringen
386 818 22 20 af
420 818 85 27 proprie
524 818 193 27 borgessystemets
729 817 139 21 afskaffande.
892 818 94 26 Specielt

165 849 32 18 att
213 847 85 27 proprie
314 847 80 26 borgen
410 846 47 21 icke
475 845 64 22 borde
559 846 88 27 öfvergä
662 846 30 20 till
708 846 49 27 laga
772 846 88 27 borgen.
892 845 32 21 De
940 845 45 21 skäl

165 875 90 20 friherre
272 875 26 20 de
314 875 20 20 la
352 875 102 26 Chapelle
470 875 38 20 har
523 875 71 20 anfört
610 877 57 18 emot
683 875 86 26 proprie
786 875 90 27 borgens
893 874 92 21 omedel-

165 903 51 21 bara
232 903 133 21 afskatfande
382 903 51 20 eller
448 903 139 20 förkortande
603 903 30 20 till
650 903 9 20 1
678 903 23 20 är
712 903 124 27 godkännas
847 903 137 27 fullkomligt,

165 939 48 14 men
229 932 104 20 friherren
350 932 61 20 torde
426 932 47 20 icke
489 932 64 20 hafva
569 931 124 21 observerat
709 934 31 18 att
755 931 7 20 i
778 932 25 27 $$
819 932 12 20 3
843 931 39 21 och
893 932 13 19 4
917 931 68 21 finnas

165 961 48 20 2:ne
231 961 145 26 alternativer,
396 960 37 21 der
451 960 35 21 det
502 960 6 20 i
524 960 67 20 likhet
611 960 49 20 med
676 960 40 21 den
733 960 77 27 nädiga
826 960 158 27 propositionen

164 989 90 21 föreslås
270 991 32 18 att
318 989 85 27 proprie
419 989 80 27 borgen
515 990 56 19 ännu
587 989 53 20 skall
657 989 65 20 räcka
737 989 6 20 i
755 989 42 20 fem
808 989 24 20 är
843 988 38 21 och
892 988 94 21 derefter

167 1018 87 27 öfvergä
274 1017 31 20 till
324 1017 48 28 laga
387 1017 86 28 borgen.
505 1017 43 20 Det
565 1019 22 18 är
603 1017 83 20 säledes
703 1019 31 18 ett
751 1019 47 25 steg
814 1017 31 20 till
861 1017 125 28 skyddande

165 1046 23 21 af
205 1046 80 21 sådana
308 1046 129 20 studerande
456 1053 114 20 personers
590 1047 52 24 rätt,
659 1053 45 13 som
720 1045 66 28 draga
802 1045 63 21 vexel
881 1046 27 26 pä
924 1045 62 21 fram-

167 1075 67 26 tiden,
254 1075 40 20 och
312 1075 36 20 det
368 1076 23 19 är
408 1075 45 26 just
469 1075 5 19 i
491 1075 80 20 tanken
594 1075 27 27 pä
637 1074 46 21 dem
702 1074 105 21 utskottet
825 1073 110 28 föreslagit
951 1074 36 21 det

166 1110 75 14 senare
257 1103 147 23 alternativet,
420 1105 31 18 att
467 1104 86 27 proprie
568 1103 80 27 borgen
666 1103 54 20 skall
736 1103 64 20 räcka
816 1103 29 20 i5
856 1103 28 25 är,
896 1102 90 21 likasom

167 1132 40 21 den
223 1131 79 28 nädiga
317 1131 160 28 propositionen
491 1131 123 24 innehäller.
639 1131 64 20 Hvad
715 1131 40 20 den
768 1131 166 27 väsendtligaste
944 1131 42 20 för-

167 1161 128 26 ändringen,
319 1167 45 14 som
388 1161 105 20 utskottet
516 1160 126 27 företagit
640 1155 12 36 i
665 1160 40 20 den
723 1159 77 28 nådiga
816 1159 170 28 propositionen,

167 1189 109 26 beträffar,
292 1190 24 19 sä
332 1189 71 20 bestär
419 1189 40 20 den
476 1189 55 26 deri,
548 1191 31 18 att
595 1188 107 21 utskottet
718 1188 131 21 föreskrifvit
864 1190 31 18 att
909 1195 25 14 en
946 1189 41 20 for-

167 1218 139 27 dringsegare
326 1217 139 27 ovilkorligen
485 1217 53 20 skall
554 1217 6 20 i
576 1217 67 20 första
662 1217 57 20 hand
738 1217 52 20 eller
809 1217 35 20 vid
859 1216 128 22 inträffande

167 1247 94 19 konkurs
278 1246 83 20 bevaka
372 1245 31 20 sin
415 1245 85 21 fordran
511 1246 6 19 i
529 1252 81 14 samma
621 1245 105 26 konkurs,
738 1245 72 20 derest
821 1245 68 20 denna
900 1245 87 21 fordran

168 1275 48 20 icke
232 1276 23 19 är
271 1274 39 20 hos
325 1274 155 21 löftesmannen
496 1274 89 20 utdömd
595 1281 75 20 genom
682 1274 78 27 utslag.
784 1273 76 21 Denna
871 1273 117 22 utskottets

167 1303 55 27 äsigt
237 1303 95 26 grundar
348 1303 31 26 sig
393 1303 27 26 pä
431 1303 39 20 den
484 1302 186 26 rättsinstitution,
682 1309 44 14 som
741 1303 79 26 borgen
826 1298 9 36 i
850 1302 31 27 sig
892 1302 94 21 innebär.

168 1331 80 28 Sjelfva
264 1331 80 27 borgen
360 1333 24 18 är
398 1331 47 20 icke
462 1332 64 26 något
542 1333 65 18 annat
623 1333 26 18 än
666 1333 30 18 ett
713 1331 61 26 aftal,
791 1331 57 20 lånet
863 1332 23 19 är
897 1330 90 21 hufvud-

167 1360 74 20 aftalet
257 1359 39 20 och
314 1360 78 27 borgen
410 1361 22 19 är
448 1360 103 20 biaftalet.
575 1359 42 20 För
633 1361 31 18 att
680 1359 155 27 borgesaftalet
852 1359 53 20 skall
916 1359 72 20 kunna

168 1395 39 20 ega
222 1395 57 19 rum,
296 1388 67 20 mäste
383 1387 156 21 hufvudaftalet
555 1388 66 20 ocksä
636 1388 63 20 hafva
716 1387 68 21 blifvit
800 1387 108 28 ingänget.
939 1388 48 20 Den

169 1423 44 14 som
232 1417 48 20 icke
299 1416 85 21 kräfver
403 1417 51 20 eller
472 1417 77 26 fullgör
568 1416 55 21 hvad
640 1416 97 21 honom
726 1411 13 37 i
753 1416 101 20 afseende
869 1417 12 19 &
896 1415 91 22 hufvud-

168 1445 75 20 aftalet
259 1445 87 27 äligger,
363 1445 36 20 har
416 1445 65 20 ocksä
495 1445 90 20 förlorat
599 1445 32 20 sin
643 1446 42 19 rätt
696 1445 32 20 till
740 1444 55 21 hvad
806 1445 6 19 i
823 1444 97 21 biaftalet
931 1445 56 26 äläg-

167 1481 48 20 ges,
234 1473 39 21 har
291 1473 89 21 förlorat
398 1473 32 20 sin
449 1475 42 18 rätt
511 1473 5 20 i
537 1473 100 21 afseende
653 1473 12 21 &
680 1473 163 21 löftesmannen.
875 1473 113 27 Utgäende
