1078 1692
862 98 24 19 15

165 156 115 21 Likaledes
296 155 112 28 godkände
425 155 85 21 ståndet
521 155 117 21 utskottets
649 154 156 28 framställning
816 162 34 13 om
862 162 53 14 sam-

97 185 185 28 manjemkningen
297 185 33 20 för
346 184 71 28 öfrigt.

165 214 99 20 Friherre
280 220 46 14 von
342 212 83 26 Troil,
442 212 21 20 8.
481 212 44 20 W.:
548 211 10 21 I
577 212 48 20 4:de
645 212 95 26 punkten
759 212 23 20 af
798 212 117 21 utskottets

97 241 299 29 sammanjemkningsförslag
419 242 122 20 omnämnes
565 242 32 19 att
619 240 151 28 ridderskapet
792 240 39 21 och
854 240 61 21 adeln

97 271 92 21 beslutat
205 272 31 19 att
252 270 5 20 i
274 270 36 20 det
326 269 144 27 underdåniga
489 271 71 19 svaret
576 269 12 20 å
603 268 40 21 den
663 269 78 27 nådiga
756 269 159 27 propositionen

97 300 68 20 skulle
180 298 128 22 framställas
324 298 131 27 underdånig
466 297 107 26 anhållan,
585 299 31 19 att
627 304 25 14 en
664 297 126 28 förordning
802 298 66 20 måtte
884 300 32 18 ut-

96 328 82 26 färdas,
195 327 84 21 hvilken
296 326 130 21 bestämmer
439 326 57 20 såväl
508 326 26 20 de
546 326 114 26 förmoner,
672 332 45 14 som
729 326 60 20 skola
800 326 117 21 tillkomma

97 356 148 21 underbefälet
261 355 34 21 vid
311 355 69 21 finska
395 355 115 26 militären,
527 354 24 21 då
569 354 69 28 någon
654 356 64 26 trupp
735 354 44 21 helt
794 355 39 20 och
852 354 64 21 hållet

98 385 98 27 indrages
213 384 50 21 eller
279 384 30 20 till
326 390 25 14 en
369 383 33 21 del
418 383 122 26 reduceras,
556 390 45 13 som
618 383 40 20 ock
672 382 26 21 de
716 382 115 28 förmoner,
846 383 72 21 hvilka

98 414 85 20 tillhöra
205 412 159 28 gemenskapen
388 412 35 20 vid
445 412 26 20 de
495 411 101 21 värfvade
619 411 69 21 finska
706 413 127 26 trupperna,
848 412 27 20 då
891 412 25 20 de

98 442 45 20 före
167 441 224 28 kapitulationstidens
414 441 80 27 utgång
517 442 50 19 utan
591 442 50 25 eget
659 439 132 21 förvållande
810 440 106 21 afskedas.

98 470 100 20 Rörande
215 470 69 20 denna
298 469 61 27 fråga
375 469 70 27 afgick
465 469 46 20 från
530 468 150 28 ridderskapet
696 468 39 21 och
752 468 60 21 adeln
829 468 88 28 deputa-

98 499 70 20 tioner
183 498 31 21 till
229 498 25 20 de
271 498 68 27 öfriga
354 497 99 27 stånden,
470 497 48 21 med
532 497 126 28 inbjudning
675 496 33 21 till
723 496 47 21 dem
786 498 32 20 att
833 496 85 28 deltaga

99 527 31 21 uti
146 527 59 20 detta
220 526 79 27 beslut,
316 533 48 13 men
381 526 75 20 endast
475 526 159 27 presteståndet
652 526 39 20 har
707 525 67 21 delvis
790 526 81 27 antagit
886 526 30 20 in-

99 555 138 28 bjudningen.
268 554 41 28 Jag
322 561 62 14 anser
400 554 47 20 icke
463 554 45 20 skäl
522 554 32 20 för
569 554 150 27 ridderskapet
734 554 40 21 och
790 554 61 20 adeln
867 561 51 14 vara

99 585 33 19 för
151 584 83 20 handen
253 585 31 19 att
303 583 75 27 frångå
396 583 36 21 sitt
448 583 83 27 engång
546 582 81 21 fattade
643 582 79 27 beslut,
738 588 48 14 men
803 582 67 22 skulle
886 582 32 21 för

99 613 43 20 min
159 612 33 20 del
207 612 85 20 förorda
308 614 31 18 att
355 611 242 27 expeditionsutskottet
613 611 6 20 i
635 611 127 21 ständernas
773 610 146 28 underdåniga

100 648 49 14 svar
172 641 27 27 på
221 640 161 28 ifrågavarande
405 640 77 27 nådiga
505 639 132 28 proposition
660 640 69 20 skulle
752 641 112 19 omnämna
882 639 36 21 det

101 672 78 18 tvenne
195 669 71 26 stånd,
282 668 149 27 ridderskapet
447 668 38 21 och
501 668 61 21 adeln
579 670 56 18 samt
647 668 159 27 presteståndet
821 668 6 20 i
843 668 75 20 under-

101 698 101 27 dånighet
225 698 56 20 velat
306 697 37 21 hos
359 696 28 21 H.
404 696 26 21 K.
447 696 101 28 Majestät
566 696 83 21 anhålla
668 698 32 19 att
718 703 26 14 en
764 696 155 22 administrativ

101 726 123 27 förordning
240 726 5 20 i
261 726 76 27 antydt
353 726 56 26 syfte
426 726 67 20 skulle
509 725 104 21 utfärdas.

171 755 79 20 Grefve
266 754 122 20 Aminoff:
411 754 42 27 Jag
471 754 38 20 har
524 754 69 20 blifvit
609 754 147 20 förekommen
772 753 23 21 af
808 754 41 20 den
864 754 55 20 före-

100 783 82 28 gående
198 783 92 25 talaren,
306 782 38 20 och
361 782 150 28 understödjer
526 782 52 21 hans
595 782 143 28 andragande.

170 812 98 20 Friherre
285 811 84 27 Boije:
393 811 43 21 För
454 811 42 20 min
513 810 32 21 del
561 810 42 21 kan
618 811 37 27 jag
670 810 48 21 icke
734 810 113 21 instämma
852 806 12 36 i
884 810 35 21 fri-

101 841 62 20 herre
186 840 69 20 Troils
271 840 87 26 förslag,
377 841 31 18 att
428 839 243 28 expeditionsutskottet
687 839 69 20 skulle
771 839 6 20 i
793 839 36 20 det
844 839 75 21 under-

100 869 77 26 däniga
198 873 71 15 svaret
292 868 27 27 pä
342 874 25 14 en
391 868 62 27 nädig
472 867 142 28 proposition,
633 874 44 13 som
698 869 35 18 rör
751 874 26 13 en
796 867 124 28 grundlags-

100 897 69 27 fråga,
186 898 112 19 omnämna
313 898 31 18 att
360 899 77 18 tvenne
454 896 61 20 stånd
531 896 83 20 förenat
631 896 31 27 sig
678 903 34 13 om
728 897 31 19 ett
773 896 78 26 beslut,
863 896 56 27 isyn-

100 925 76 20 nerhet
191 925 26 20 dä
232 925 62 20 deras
311 924 69 21 beslut
395 925 47 20 icke
461 925 54 20 varit
533 924 129 27 fullkomligt
680 924 239 27 öfverensstämmande,

100 956 51 18 utan
171 953 74 21 endast
264 953 35 21 det
318 959 40 14 ena
377 953 85 20 ständet
481 953 66 20 delvis
566 953 87 20 instämt
669 953 6 20 i
691 953 36 20 det
742 952 66 21 andra
825 953 95 20 ständets

100 983 77 20 beslut.
207 981 41 28 Jag
271 984 45 17 tror
339 983 31 18 att
392 981 149 28 ridderskapet
564 981 39 20 och
625 981 61 20 adeln
706 981 38 20 bör
762 981 158 20 äterremittera

100 1010 88 21 ärendet
211 1010 31 20 till
261 1010 37 20 sitt
318 1009 97 21 enskilda
434 1009 182 26 besvärsutskott,
635 1009 33 21 för
684 1012 31 18 att
730 1009 116 21 formulera
861 1009 59 21 detta

101 1039 70 20 beslut
187 1039 69 20 säsom
273 1045 25 13 en
314 1038 134 27 underdänig
463 1038 91 28 petition
571 1037 44 21 frän
633 1038 59 21 detta
707 1038 69 21 ständ.

171 1067 54 20 Herr
241 1067 152 26 Schauman,
407 1067 24 20 B.
449 1067 35 20 O.:
507 1066 46 21 Mot
575 1066 90 21 friherre
684 1066 74 27 Boijes
776 1068 86 19 senaste
877 1067 43 26 ytt-

100 1095 65 21 rande
186 1095 38 20 har
244 1096 37 27 jag
304 1097 32 18 att
355 1095 102 20 anmärka
475 1097 32 18 att
526 1095 224 28 grundlagsutskottet
764 1095 45 26 just
825 1097 48 25 sagt
888 1097 32 18 att

100 1125 59 20 detta
174 1124 47 20 icke
237 1125 23 19 är
276 1130 25 14 en
317 1123 183 28 grundlagsfräga.
531 1123 42 28 Jag
591 1130 63 13 anser
669 1125 31 18 att
716 1123 150 27 ridderskapet
881 1123 39 20 och

100 1153 61 20 adeln
181 1153 23 20 sä
223 1152 87 27 mycket
328 1152 82 20 mindre
430 1152 38 20 bör
483 1152 74 27 frångå
573 1152 36 20 sitt
625 1151 81 27 beslut,
723 1158 45 14 som
784 1151 36 21 det
835 1151 46 21 icke
898 1153 22 18 är

101 1181 76 26 kändt,
188 1181 104 20 huruvida
307 1180 99 27 borgare-
423 1181 39 20 och
479 1180 160 21 bondeständen
656 1180 85 27 afslagit
757 1179 163 28 inbjudningen;

101 1209 81 20 kanske
199 1209 36 20 har
254 1209 73 27 frägan
347 1209 37 20 der
400 1211 56 18 ännu
470 1209 47 20 icke
533 1209 111 26 förevarit,
660 1209 102 20 eftersom
779 1209 54 20 intet
848 1208 72 21 derom

100 1240 69 24 yttras
185 1238 6 19 i
207 1237 234 28 grundlagsutskottets
457 1237 142 21 betänkande.

169 1265 99 21 Friherre
284 1265 83 28 Boije:
383 1265 42 28 Jag
440 1266 61 20 torde
517 1266 64 20 hafva
597 1265 68 20 blifvit
680 1265 150 21 missförstädd
841 1265 23 20 af
872 1265 49 20 herr

101 1294 126 21 Schauman.
258 1294 42 20 Min
324 1295 86 26 mening
433 1301 38 14 var
494 1296 30 19 att
543 1294 244 27 expeditionsutskottet
807 1293 35 21 vid
860 1293 60 28 afgif-

100 1323 79 20 vandet
202 1322 22 21 af
244 1325 31 18 ett
298 1323 142 27 underdånigt
463 1329 48 14 svar
527 1323 12 20 å
555 1329 25 14 en
601 1322 58 27 dylik
682 1321 177 29 grundlagsfräga
874 1322 47 20 icke

100 1351 61 20 torde
184 1351 71 20 kunna
278 1351 38 20 der
338 1351 73 27 intaga
430 1353 64 18 annat
514 1353 25 18 än
557 1358 44 13 som
618 1353 34 18 rör
669 1350 252 28 grundlagsstadgandet.

101 1379 30 20 Af
144 1379 75 21 sädant
236 1379 45 21 skäl
296 1379 79 20 önskar
388 1380 38 27 jag
442 1382 32 18 att
494 1380 87 20 ärendet
597 1380 67 19 mätte
680 1379 121 21 remitteras
817 1379 31 20 till
865 1379 57 20 stän-

100 1408 47 20 dets
171 1408 95 20 enskilda
285 1408 183 26 besvärsutskott,
489 1408 32 20 för
539 1410 31 18 att
587 1408 38 20 der
640 1408 125 20 formuleras
782 1408 69 19 säsom
868 1407 54 27 peti-

100 1437 50 20 tion.
182 1436 43 21 Det
244 1436 93 27 framgår
356 1436 125 27 visserligen
500 1436 47 21 icke
568 1436 22 20 af
604 1437 118 20 utskottets
739 1435 135 21 betänkande
891 1437 31 18 att

100 1465 26 20 de
150 1465 66 27 öfriga
240 1467 78 18 tvenne
343 1464 89 21 stånden
457 1465 120 20 underkänt
597 1464 164 28 inbjudningen,
779 1471 47 13 men
843 1471 41 20 nog
900 1465 23 18 är

100 1493 36 20 det
152 1493 58 20 fallet
226 1495 32 18 att
274 1493 25 20 de
316 1493 85 27 afslagit
417 1493 46 20 den.
