1078 1692
823 80 40 20 473

72 137 54 21 först
137 137 91 27 förevar,
240 136 67 22 andra
314 137 94 27 gången,
419 137 27 21 då
456 137 191 27 preststeståndets
658 136 126 28 inbjudning
792 136 6 20 i
807 143 28 14 nu
843 136 48 22 ifrå-

73 166 78 20 komna
169 165 101 21 afseende
289 165 99 27 afböjdes
408 166 38 20 och
465 165 69 27 tredje
552 166 84 27 gången
652 165 28 21 då
692 164 199 28 jemkningsförsla-

72 196 37 25 get
128 194 6 20 i
154 194 89 20 ärendet
264 194 47 20 från
330 194 224 27 kyrkolagsutskottet
573 194 80 21 inkom.
683 194 44 20 Det
745 193 31 21 till
795 193 48 21 stöd
859 193 32 21 för

72 222 184 28 framställningen
278 222 120 27 åberopade
413 222 194 27 riksdagsbeslutet
622 222 23 21 af
660 222 54 20 1786
728 221 40 21 har
783 221 108 21 dessutom

72 250 47 21 icke
135 250 62 28 gifvit
212 250 116 28 anledning
343 250 31 21 till
390 251 69 27 någon
475 252 22 19 så
508 250 110 22 beskaffad
630 250 74 28 åtgärd
716 257 45 13 som
772 250 23 20 af
804 250 88 28 expedi-

72 278 163 22 tionsutskottet
255 286 26 14 nu
302 279 109 28 vidtagits;
428 280 39 20 och
483 286 62 14 anser
559 280 38 27 jag
613 280 84 20 derföre
714 278 66 28 sagda
798 279 93 20 utskotts

71 307 82 28 förslag
172 308 52 20 böra
242 308 81 20 lemnas
342 310 51 18 utan
411 308 37 20 allt
462 307 101 21 afseende
579 310 54 18 samt
648 308 31 20 uti
695 307 36 21 det
746 306 146 28 underdåniga

72 338 71 18 svaret
167 336 75 21 endast
266 336 107 21 meddelas
397 336 114 28 utredning
533 343 33 14 om
589 337 109 27 utgången
717 336 57 20 inom
794 335 97 28 samtliga

73 364 97 22 stånden.

141 393 57 21 Herr
214 393 156 27 Grotenfelt,
386 393 37 21 A.:
439 393 50 21 Med
505 393 113 28 anledning
634 394 23 21 af
670 393 56 21 hvad
738 393 49 21 herr
798 392 93 28 Pipping

73 424 78 25 yttrat,
169 421 95 21 anhåller
280 422 38 28 jag
336 424 32 19 att
385 422 22 20 få
424 422 90 27 upplysa
533 424 32 18 att
583 422 36 21 det
634 422 47 21 icke
697 423 23 20 är
735 421 61 28 fråga
810 428 35 14 om
860 422 32 20 att

72 450 149 28 ridderskapet
240 450 39 21 och
299 450 62 22 adeln
380 457 28 14 nu
428 450 54 21 skall
500 450 75 28 frångå
593 452 31 19 ett
643 452 56 20 förut
716 450 78 21 fattadt
810 449 80 27 beslut,

73 481 50 19 utan
144 478 76 21 endast
240 486 33 13 om
293 479 36 21 det
348 486 54 19 svar,
422 478 115 22 ständerna
554 479 6 20 i
579 479 77 27 nådiga
676 478 159 28 propositionen
855 484 35 14 an-

72 508 82 26 gående
174 514 29 20 ny
220 507 106 28 kyrkolag
346 507 60 21 skola
426 507 85 27 afgifva.
542 507 11 20 I
571 510 72 18 svaret
662 508 98 20 kommer
778 506 65 28 enligt
858 508 33 18 ut-

74 535 91 21 skottets
181 536 138 27 uppfattning
334 538 32 19 att
381 536 49 27 ingå
445 542 27 14 en
487 536 90 20 relation
594 543 34 13 om
644 536 26 21 de
685 536 80 26 beslut,
782 534 89 22 stånden
884 534 6 21 i

72 564 61 28 fråga
149 571 33 14 om
198 564 146 28 kyrkotukten
360 564 73 26 fattat;
449 571 48 14 men
513 564 122 21 sedermera
646 565 96 20 kommer
753 564 35 20 det
799 565 32 19 att
842 563 50 21 heta

73 594 31 19 att
119 592 116 21 ständerna
250 592 34 21 för
300 593 31 25 sin
348 593 33 21 del
396 593 63 21 hafva
475 592 68 21 funnit
559 595 31 18 att
601 592 41 21 den
654 592 195 28 omständigheten,
860 593 31 19 att

73 621 31 20 uti
120 621 57 21 vissa
193 620 57 22 delar
261 621 23 21 af
293 623 81 24 ämnet,
386 621 51 21 eller
450 620 133 22 beträffande
593 621 136 21 uteslutande
740 622 46 20 från
797 622 94 19 nattvar-

73 650 41 20 den
132 650 70 20 såsom
217 649 201 27 kyrkotuktsmede!
434 650 38 20 och
489 649 142 28 kyrkorädets
646 650 104 28 rättighet
765 650 32 20 att
812 649 7 21 i
834 648 57 22 vissa

72 678 37 20 fall
127 678 65 20 anlita
211 678 148 27 statsmakten,
378 679 37 20 två
432 678 62 20 stånd
512 680 87 18 stannat
617 681 44 17 mot
679 679 47 25 två,
744 678 84 21 likvisst
843 677 47 21 icke

73 706 68 22 skulle
160 706 89 21 inverka
268 706 89 27 derhän,
374 709 31 19 att
420 706 48 21 hela
483 706 219 28 kyrkolagsförslaget
717 706 67 22 borde
798 706 93 26 förfalla,

73 738 52 18 utan
141 737 41 24 att,
199 735 65 27 enligt
276 736 124 20 ständernas
412 735 63 27 åsigt,
486 735 26 20 de
523 734 57 22 förut
591 735 97 27 gällande
700 734 131 29 stadganden
843 734 47 20 från

75 764 53 20 1686
147 764 34 20 års
200 763 105 28 kyrkolag
326 764 60 20 10:de
402 764 101 26 kapitlet,
522 763 109 21 äfvensom
648 764 53 20 1723
718 764 34 20 års
768 762 122 28 prestprivi-

73 792 67 26 legier
159 792 56 27 finge
234 792 64 20 blifva
317 792 109 28 oförryckt
445 792 97 27 gällande
560 792 7 20 i
587 792 62 20 dessa
664 792 65 21 delar.
759 791 73 28 Enligt
848 790 42 21 min

73 820 55 27 äsigt
143 820 55 21 hade
217 820 33 20 väl
262 820 120 27 egentligen
394 820 223 28 kyrkolagsutskottet
628 820 47 21 bort
686 822 52 25 göra
748 820 69 21 denna
827 820 63 20 fram-

73 848 100 27 ställning
189 848 39 21 och
241 848 37 27 jag
294 855 63 14 anser
372 851 32 18 att
421 849 53 20 1786
492 849 34 20 års
544 848 170 28 riksdagsbeslut
724 848 55 21 hade
790 849 48 20 bort
847 847 43 21 för-

73 876 76 22 anleda
164 876 224 28 kyrkolagsutskottet
404 879 31 19 att
451 877 1 20 i
463 877 322 28 sammanjemkningsförslaget
795 878 95 26 upptaga

73 905 41 21 den
130 905 86 27 mening
231 905 92 21 rörande
334 905 195 28 tvistepunkterna,
540 912 45 13 som
597 905 183 21 öfverensstämde
790 904 48 21 med
850 904 39 21 den

73 933 75 21 hittills
165 933 98 28 gällande
278 933 168 28 lagstiftningen.
477 933 81 21 Sädant
573 934 39 20 har
627 933 118 22 emellertid
760 933 47 22 icke
823 933 67 27 skett,

73 964 51 19 utan
140 962 135 27 pluraliteten
291 962 6 20 i
313 962 106 21 utskottet
434 963 37 20 har
488 962 56 21 velat
559 962 147 27 genomdrifva
721 962 32 21 sin
768 969 54 20 egen
835 961 54 28 äsigt

72 991 7 20 i
94 991 81 26 frågan.
201 990 90 28 Följden
306 990 63 21 häraf
383 991 38 20 har
435 991 70 20 blifvit
520 992 31 19 att
567 991 36 20 två
619 991 62 20 stånd
692 992 86 19 stannat
788 992 43 19 mot
843 990 45 26 två,

73 1019 39 21 och
128 1019 40 20 den
185 1018 54 21 enda
254 1019 138 27 möjligheten
408 1021 31 19 att
454 1019 67 20 rädda
536 1019 220 28 kyrkolagsförslaget
772 1021 23 18 är
805 1020 32 19 att
850 1018 40 21 hit-

72 1047 43 21 tills
130 1047 97 28 gällande
243 1047 132 28 stadganden
391 1047 90 21 rörande
497 1047 26 21 de
537 1047 88 28 stridiga
636 1047 86 21 delarne
733 1048 23 20 af
765 1047 66 21 saken
843 1047 46 20 från

73 1076 54 21 1686
146 1076 35 20 års
199 1075 105 28 kyrkolag
324 1076 79 21 införas
418 1076 7 21 i
441 1076 36 21 det
492 1083 42 20 nya
549 1075 221 28 kyrkolagsförslaget
786 1075 39 22 och
841 1075 48 22 dess

73 1103 149 22 motsvarande
239 1104 124 27 paragrafer
378 1105 6 20 i
400 1104 75 21 sådant
490 1104 56 27 syfte
559 1104 150 27 omredigeras.
732 1104 58 27 Den,
802 1113 45 14 som
858 1108 31 19 ta-

73 1139 38 21 ger
122 1134 97 19 närmare
231 1132 120 21 kännedom
363 1139 34 14 om
410 1133 52 21 1863
473 1133 34 20 års
519 1132 197 29 kyrkolagsförslag
726 1133 39 20 och
776 1134 25 21 de
813 1135 77 27 många

73 1163 59 18 stora
150 1160 153 28 förbättringar
318 1161 7 20 i
341 1160 94 28 kyrkans
450 1161 139 28 lagstiftning,
605 1168 45 13 som
667 1161 38 21 der
720 1161 68 22 finnas
803 1169 87 21 genom-

72 1189 69 26 förda,
157 1189 56 21 lärer
228 1196 50 14 vara
295 1189 23 20 af
331 1189 41 21 den
388 1189 93 28 åsigten,
497 1191 31 19 att
544 1189 37 21 det
595 1191 24 19 är
633 1189 63 28 lycka
711 1190 33 21 för
759 1191 81 27 landet,
855 1198 34 14 om

73 1217 60 21 detta
147 1217 203 28 kyrkolagsförslag,
367 1224 45 14 som
427 1218 72 21 kostat
514 1219 23 20 så
548 1217 86 28 mycket
645 1218 73 21 arbete
730 1219 39 20 och
780 1220 23 19 så
814 1220 76 27 många

71 1245 82 27 mödor,
169 1253 28 13 nu
213 1245 65 21 också
293 1245 97 22 kommer
405 1247 31 20 till
451 1246 62 21 stånd
529 1246 40 21 och
585 1248 32 19 att
629 1253 48 14 man
692 1247 48 21 icke
751 1247 39 21 bör
799 1248 44 21 låta
853 1248 36 21 det

71 1274 44 21 helt
133 1274 40 21 och
193 1274 64 21 hållet
272 1273 83 22 förfalla
371 1274 83 21 derföre
470 1277 31 18 att
517 1275 36 20 det
569 1275 46 20 icke
631 1275 31 20 till
677 1275 69 27 punkt
761 1276 38 20 och
816 1276 73 27 pricka

72 1302 201 21 öfverensstämmer
289 1303 48 20 med
353 1309 37 14 ens
407 1310 53 20 egen
476 1303 129 21 individuela
621 1303 61 28 åsigt.

139 1330 58 21 Herr
213 1337 46 14 von
275 1330 139 29 Knorring:
426 1331 75 21 Såsom
512 1331 93 21 ledamot
616 1331 23 20 af
647 1331 243 28 expeditionsutskottet

71 1358 38 21 har
122 1359 38 27 jag
176 1359 75 28 begärt
267 1359 61 21 ordet
343 1359 33 20 för
392 1361 31 19 att
439 1360 4 20 i
454 1360 69 27 någon
534 1360 67 21 måtto
612 1359 104 28 redogöra
727 1361 33 20 för
770 1360 120 22 motiverna

71 1387 31 20 till
117 1387 118 21 utskottets
250 1387 126 28 förfogande
391 1387 7 21 i
414 1387 58 22 detta
488 1388 84 21 ärende.
603 1387 248 29 Expeditionsutskottet
865 1391 24 19 är

71 1415 46 27 det,
134 1423 45 13 som
196 1416 38 20 sist
249 1415 73 28 lägger
338 1416 55 21 hand
410 1416 35 21 vid
461 1417 40 20 alla
517 1416 26 21 de
553 1416 78 27 nådiga
641 1417 196 27 propositionerna,
849 1419 40 20 och

71 1443 49 21 dess
135 1444 85 27 uppgift
235 1445 23 20 är
273 1446 32 19 att
320 1444 31 21 till
368 1447 31 18 ett
415 1444 44 21 helt
474 1445 149 21 sammanfatta
639 1445 113 21 resultatet
765 1445 23 21 af
796 1445 25 21 de
833 1446 56 21 olika

71 1471 102 22 ståndens
196 1472 85 28 slutliga
303 1472 116 28 yttranden
442 1473 6 20 i
472 1473 73 28 hvarje
563 1473 45 22 sak.
639 1473 39 21 Att
697 1473 74 22 dervid
791 1474 98 21 stundom
