1078 1692
850 93 40 20 325

95 146 43 27 det,
147 148 31 19 att
194 146 119 21 handlande
329 146 54 21 skall
399 146 71 21 kunna
485 147 47 20 föra
548 147 138 27 handelsbok,
696 148 131 28 nödvändigt
840 149 32 21 för
883 152 31 18 att

95 174 83 28 skydda
201 174 77 21 andras
302 176 48 20 rätt.
381 174 58 21 Herr
461 175 81 21 Linder
558 182 34 14 ser
608 176 75 20 endast
700 176 26 27 på
742 176 39 21 den
796 177 118 21 handlande

95 203 52 27 sjelf
167 203 40 21 och
230 203 66 27 derpå
318 205 32 19 att
370 203 41 21 han
430 203 54 21 lider
500 204 82 26 förlust,
599 211 34 14 om
648 204 42 20 han
706 204 47 21 icke
769 205 42 21 kan
826 206 86 25 skrifva,

95 238 47 14 men
159 231 59 21 detta
234 232 118 27 stadgande
368 232 56 20 afser
437 232 62 20 äfven
515 234 32 19 att
563 232 83 28 skydda
661 233 77 20 andras
754 234 49 20 rätt.

158 260 62 20 "Herr
236 260 139 21 Snellman:
399 260 116 21 Dessutom
538 261 93 27 framgår
650 261 22 21 af
687 261 35 21 det
738 262 47 20 utaf
798 263 50 20 herr
862 263 50 21 Lin-

95 288 37 21 der
145 288 116 21 framförda
283 289 80 25 skälet,
387 288 70 21 såvidt
473 289 38 27 jag
529 289 85 27 förstår,
634 292 32 18 att
682 290 36 20 det
734 291 23 19 är
772 291 92 27 önskligt
880 294 32 18 att

95 324 26 13 en
137 316 119 22 handlande
272 318 35 20 må
321 318 73 20 kunna
410 317 81 21 skrifva
507 317 39 21 och
563 320 31 18 att
610 318 41 20 han
667 318 47 21 icke
730 319 34 20 må
780 319 69 27 stjäla,
865 326 47 14 men

94 345 81 21 talaren
190 345 39 21 har
244 346 112 27 ingenting
372 347 57 19 emot
445 348 32 18 att
493 346 80 21 sådana
589 353 102 21 personer
707 346 64 22 blifva
786 347 126 26 handlande,

95 381 44 13 som
156 374 68 26 stjäla.

163 402 56 21 Herr
235 402 107 28 Linder,
359 402 33 21 E.:
415 403 42 27 Jag
472 403 39 21 har
526 403 53 21 visst
595 408 57 16 emot
671 405 31 19 att
719 404 78 26 tjufvar
812 404 21 21 få
849 404 64 22 blifva

95 430 30 21 till
149 430 125 26 handlande,
298 438 49 14 men
364 432 38 27 jag
424 438 63 14 anser
511 432 36 20 det
569 432 84 20 derföre
672 432 47 20 icke
735 432 130 29 nödvändigt
880 436 32 18 att

95 459 37 21 här
146 459 69 21 införa
230 460 65 27 nägot
311 460 118 27 stadgande
445 460 82 26 derom;
553 467 26 13 en
603 460 120 20 handlande
747 461 49 27 sjelf
810 461 38 21 har
863 462 49 21 obe-

94 488 140 27 hagligheter,
251 495 33 13 om
301 488 41 20 han
364 488 60 28 stjäl,
441 488 38 21 och
497 490 26 26 pä
538 496 81 13 samma
635 490 43 19 sätt
693 490 63 19 röner
771 490 41 20 han
828 490 84 28 olägen-

94 516 67 27 heter,
177 523 34 13 om
227 516 41 21 han
284 516 47 21 icke
346 517 43 20 kan
405 516 86 21 skrifva.
522 516 42 28 Jag
580 524 62 14 anser
658 517 84 21 derföre
758 518 36 20 det
804 525 40 14 ena
855 519 57 21 stad-

94 544 79 28 gandet
189 552 51 14 vara
255 545 43 21 lika
314 545 46 21 litet
377 546 27 26 pä
420 545 31 21 sin
467 546 62 27 plats,
546 552 44 14 som
607 546 36 20 det
659 546 72 20 andra.

162 572 73 29 Några
257 574 51 20 flere
332 574 67 20 talare
422 574 97 21 anmälde
543 575 32 27 sig
597 574 48 20 icke
667 574 33 20 för
718 576 31 18 att
765 574 6 20 i
787 574 73 29 frågan
879 576 32 28 sig

94 604 67 25 yttra,
186 602 98 21 hvarföre
310 602 49 21 herr
382 602 195 21 landtmarskalken
602 602 30 21 till
658 602 96 21 ståndets
780 603 131 22 besvarande

94 630 124 21 framstälde
232 630 94 28 följande
343 631 141 27 proposition:

163 675 5 9 »
171 659 48 25 Vill
240 659 149 28 ridderskapet
406 660 38 20 och
460 660 61 20 adeln
538 662 79 25 antaga
634 660 52 20 1:sta
703 663 116 17 momentet
835 661 22 20 af
871 661 11 27 8
898 662 12 20 3

94 688 30 20 uti
140 687 163 28 ifrågavarande
322 688 218 27 författningsförslag
556 689 23 19 så
595 688 121 27 redigeradt
732 694 46 14 som
794 689 117 21 utskottets

95 716 134 21 betänkande
246 716 119 28 upptager?
779 726 4 3 d

163 761 4 9 »
171 744 87 26 Vinner
274 745 42 27 nej,
332 745 104 20 uteslutes
452 746 118 19 momentet
587 752 24 13 ur
621 744 260 29 författningsförslaget''.

162 773 77 21 Denna
261 774 132 26 proposition
418 773 43 21 blef
479 774 48 20 med
550 773 159 27 öfvervägande
725 774 24 26 ja
764 774 104 22 besvarad
890 776 24 20 af

93 802 86 20 ståndet
201 802 39 21 och
263 802 67 20 skulle
354 804 117 18 momentet
494 802 83 20 således
596 802 136 20 oförändradt
748 804 87 26 qvarstå
849 803 6 21 i
871 803 41 21 för-

95 830 212 27 fattningsförslaget.

163 858 42 21 Vid
221 859 59 20 2:dra
295 860 124 23 momentet,
436 865 45 14 som
497 859 94 20 härefter
607 859 116 26 upplästes,
740 859 84 26 yttrade
840 859 42 28 sig:

163 887 58 21 Herr
236 887 101 26 Linder,
353 887 33 20 E.:
405 887 33 20 De
454 887 38 20 här
506 887 129 20 föreskrifna
649 887 98 20 litterära
761 887 151 28 kunskaperna

95 915 68 21 skulle
183 916 37 27 jag
243 923 51 13 anse
314 915 48 21 med
385 922 58 14 mera
466 915 45 20 skäl
537 917 27 18 än
583 915 26 21 de
626 915 5 20 i
648 915 35 20 det
702 915 66 21 första
794 919 117 20 momentet

95 946 110 26 upptagna
223 944 72 21 kunna
315 944 104 26 bortfalla,
435 944 110 20 äfvensom
562 943 86 22 fordran
664 950 34 14 om
714 943 150 28 skyldigheten
880 947 31 20 att

94 973 69 20 förete
179 973 61 27 intyg
256 973 59 20 öfver
331 972 128 27 skicklighet
475 973 6 19 i
497 973 72 26 yrket,
588 971 90 22 emedan
695 972 79 21 sådana
789 973 70 28 intyg,
875 981 35 14 en-

94 1001 38 27 ligt
155 1001 55 20 hvad
233 1001 148 20 erfarenheten
406 1001 64 26 visat,
487 1002 36 19 äro
539 1001 24 20 af
576 1001 42 20 noll
635 1001 38 20 och
689 1000 54 21 intet
760 1001 70 20 värde.
861 1001 49 22 Man

94 1030 41 20 kan
151 1029 115 28 ingalunda
282 1029 22 21 af
318 1029 80 21 sådana
413 1029 61 27 intyg
492 1029 62 21 hafva
571 1030 69 26 någon
657 1029 106 26 säkerhet,
776 1031 31 18 att
822 1029 40 22 den
878 1038 32 14 ar-

94 1058 92 21 betande
201 1058 38 21 har
255 1058 82 27 verklig
352 1057 138 28 skicklighet,
502 1064 48 14 men
563 1058 96 20 deremot
670 1057 42 20 kan
724 1057 58 21 detta
793 1058 118 28 stadgande

94 1086 47 21 leda
157 1086 29 21 till
203 1087 86 27 mycket
305 1086 146 21 trakasserier.
481 1086 43 21 Vid
540 1086 57 21 förra
613 1085 130 28 landtdagen
761 1085 44 21 blef
819 1086 36 21 det
870 1087 40 21 rid-

94 1115 126 27 derskapets
236 1115 39 20 och
291 1115 73 20 adelns
380 1115 70 20 beslut
466 1116 31 19 att
513 1115 62 20 dessa
591 1115 60 26 intyg
667 1121 51 14 vore
733 1114 100 28 onödiga,
849 1115 61 22 hvar-

93 1144 46 20 före
153 1144 38 27 jag
207 1151 63 13 anser
285 1146 31 18 att
332 1143 85 21 ståndet
432 1150 29 13 nu
475 1143 72 21 kunde
562 1143 80 20 förfara
658 1143 26 27 på
700 1149 81 14 samma
796 1144 49 20 sätt.

163 1172 56 21 Herr
235 1171 195 29 Björkenheim,
446 1171 33 21 R.:
503 1171 43 28 Jag
568 1171 38 21 ber
621 1173 32 19 att
672 1171 22 20 fä
709 1171 139 28 understödja
864 1172 48 21 herr

94 1200 91 27 Linder;
207 1201 35 20 det
265 1201 67 20 finnes
352 1200 67 27 enligt
434 1200 41 20 min
492 1200 138 27 uppfattning
645 1199 47 21 icke
708 1199 94 28 ringaste
818 1200 46 21 skäl
880 1203 32 19 att

93 1229 77 27 älägga
193 1229 52 26 den,
268 1236 46 14 som
332 1229 35 20 vill
386 1228 69 21 drifva
473 1230 32 19 ett
520 1228 130 26 handtverk,
666 1229 32 20 att
714 1227 117 28 framlägga
847 1229 65 28 nägot

94 1258 59 20 bevis
177 1257 59 21 öfver
259 1259 31 19 att
313 1257 41 20 han
374 1263 51 21 eger
440 1257 108 27 färdighet
563 1257 6 20 i
585 1256 149 21 handtverket.
765 1256 89 21 Förstär
869 1257 41 21 han

93 1286 36 21 det
145 1286 54 26 icke,
215 1288 52 19 utan
286 1285 72 21 sköter
375 1285 36 21 det
426 1285 45 27 illa,
487 1286 32 19 fär
534 1285 41 20 han
591 1286 50 26 inga
656 1285 82 20 kunder
754 1285 39 20 och
807 1284 104 23 förlusten

95 1314 39 21 blir
157 1314 58 21 hans.
246 1314 78 28 Börjar
347 1321 49 14 man
420 1314 156 27 reglementera
591 1314 6 20 i
614 1313 40 21 den
678 1315 78 25 vägen,
780 1313 67 21 finnes
864 1314 48 21 icke

93 1343 66 27 nägra
182 1344 89 26 gränser
294 1342 91 21 derföre.
417 1342 50 21 Ofta
490 1342 107 21 anförtros
620 1343 22 20 ät
665 1348 109 21 personer,
796 1348 45 14 som
864 1343 48 21 icke

94 1371 63 20 hafva
180 1371 72 28 dylika
269 1371 58 21 bevis
348 1373 32 18 att
394 1371 67 27 tillgå,
477 1371 99 26 arbeten,
593 1377 45 14 som
653 1371 37 20 äro
706 1370 23 21 af
741 1370 43 21 lika
799 1370 40 21 och
855 1378 57 21 myc-

94 1399 35 21 ket
146 1401 69 19 större
230 1400 45 27 vigt
290 1401 27 19 än
332 1399 37 21 det
384 1401 32 19 att
430 1399 117 27 förfärdiga
563 1401 30 19 ett
610 1399 144 27 klädesplagg.

162 1427 57 22 Herr
234 1435 47 14 von
298 1428 78 21 Born:
398 1428 49 20 Med
463 1427 101 22 afseende
580 1428 12 20 å
607 1427 55 21 hvad
678 1427 50 20 herr
743 1427 79 20 Linder
837 1429 75 26 yttrat,

93 1456 38 20 ber
145 1457 38 26 jag
198 1457 21 20 få
233 1457 58 20 fästa
309 1456 218 28 uppmärksamheten
551 1455 66 29 derpä
633 1457 31 20 att
680 1455 36 21 det
732 1455 129 22 åtminstone
876 1463 36 14 var

93 1484 125 21 ständernas
235 1485 71 21 beslut
323 1485 33 21 vid
373 1487 85 18 senaste
473 1484 150 28 landtdag,att
640 1484 36 21 det
692 1483 68 22 skulle
771 1484 101 27 uppvisas
882 1484 30 21 in-
