<?xml version="1.0" encoding="UTF-8"?>
<alto xmlns="http://www.loc.gov/standards/alto/ns-v3#" xmlns:xlink="http://www.w3.org/1999/xlink" xmlns:xsi="http://www.w3.org/2001/XMLSchema-instance" xsi:schemaLocation="http://www.loc.gov/standards/alto/ns-v3# http://www.loc.gov/alto/v3/alto-3-0.xsd">
	<Description>
		<MeasurementUnit>pixel</MeasurementUnit>
		<sourceImageInformation>
			<fileName>/tmp/tess_86_3x73b_input.PNG</fileName>
		</sourceImageInformation>
		<OCRProcessing ID="OCR_0">
			<ocrProcessingStep>
				<processingSoftware>
					<softwareName>tesseract 5.3.4</softwareName>
				</processingSoftware>
			</ocrProcessingStep>
		</OCRProcessing>
	</Description>
	<Layout>
		<Page WIDTH="1078" HEIGHT="1692" PHYSICAL_IMG_NR="0" ID="page_0">
			<PrintSpace HPOS="0" VPOS="0" WIDTH="1078" HEIGHT="1692">
				<ComposedBlock ID="cblock_0" HPOS="851" VPOS="90" WIDTH="37" HEIGHT="20">
					<TextBlock ID="block_0" HPOS="851" VPOS="90" WIDTH="37" HEIGHT="20">
						<TextLine ID="line_0" HPOS="851" VPOS="90" WIDTH="37" HEIGHT="20">
							<String ID="string_0" HPOS="851" VPOS="90" WIDTH="37" HEIGHT="20" WC="0.91" CONTENT="153"/>
						</TextLine>
					</TextBlock>
				</ComposedBlock>
				<ComposedBlock ID="cblock_1" HPOS="96" VPOS="146" WIDTH="825" HEIGHT="1138">
					<TextBlock ID="block_1" HPOS="96" VPOS="146" WIDTH="822" HEIGHT="250">
						<TextLine ID="line_1" HPOS="97" VPOS="146" WIDTH="820" HEIGHT="22">
							<String ID="string_1" HPOS="97" VPOS="148" WIDTH="40" HEIGHT="20" WC="0.96" CONTENT="alla"/><SP WIDTH="24" VPOS="148" HPOS="137"/>
							<String ID="string_2" HPOS="161" VPOS="147" WIDTH="58" HEIGHT="20" WC="0.96" CONTENT="delar"/><SP WIDTH="23" VPOS="147" HPOS="219"/>
							<String ID="string_3" HPOS="242" VPOS="147" WIDTH="113" HEIGHT="20" WC="0.96" CONTENT="instämma"/><SP WIDTH="16" VPOS="147" HPOS="355"/>
							<String ID="string_4" HPOS="371" VPOS="147" WIDTH="4" HEIGHT="19" WC="0.96" CONTENT="i"/><SP WIDTH="18" VPOS="147" HPOS="375"/>
							<String ID="string_5" HPOS="393" VPOS="147" WIDTH="48" HEIGHT="20" WC="0.93" CONTENT="herr"/><SP WIDTH="24" VPOS="147" HPOS="441"/>
							<String ID="string_6" HPOS="465" VPOS="146" WIDTH="122" HEIGHT="21" WC="0.91" CONTENT="Molanders"/><SP WIDTH="25" VPOS="146" HPOS="587"/>
							<String ID="string_7" HPOS="612" VPOS="146" WIDTH="23" HEIGHT="20" WC="0.96" CONTENT="af"/><SP WIDTH="17" VPOS="146" HPOS="635"/>
							<String ID="string_8" HPOS="652" VPOS="147" WIDTH="73" HEIGHT="19" WC="0.96" CONTENT="herrar"/><SP WIDTH="20" VPOS="147" HPOS="725"/>
							<String ID="string_9" HPOS="745" VPOS="153" WIDTH="39" HEIGHT="13" WC="0.96" CONTENT="von"/><SP WIDTH="20" VPOS="153" HPOS="784"/>
							<String ID="string_10" HPOS="804" VPOS="146" WIDTH="57" HEIGHT="20" WC="0.96" CONTENT="Born"/><SP WIDTH="17" VPOS="146" HPOS="861"/>
							<String ID="string_11" HPOS="878" VPOS="146" WIDTH="39" HEIGHT="21" WC="0.96" CONTENT="och"/>
						</TextLine>
						<TextLine ID="line_2" HPOS="98" VPOS="174" WIDTH="820" HEIGHT="28">
							<String ID="string_12" HPOS="98" VPOS="183" WIDTH="38" HEIGHT="13" WC="0.96" CONTENT="von"/><SP WIDTH="25" VPOS="183" HPOS="136"/>
							<String ID="string_13" HPOS="161" VPOS="175" WIDTH="116" HEIGHT="21" WC="0.96" CONTENT="Bonsdorff"/><SP WIDTH="22" VPOS="175" HPOS="277"/>
							<String ID="string_14" HPOS="299" VPOS="175" WIDTH="144" HEIGHT="21" WC="0.96" CONTENT="understödda"/><SP WIDTH="23" VPOS="175" HPOS="443"/>
							<String ID="string_15" HPOS="466" VPOS="176" WIDTH="85" HEIGHT="26" WC="0.92" CONTENT="förslag."/><SP WIDTH="34" VPOS="176" HPOS="551"/>
							<String ID="string_16" HPOS="585" VPOS="175" WIDTH="41" HEIGHT="20" WC="0.91" CONTENT="Det"/><SP WIDTH="24" VPOS="175" HPOS="626"/>
							<String ID="string_17" HPOS="650" VPOS="181" WIDTH="62" HEIGHT="20" WC="0.96" CONTENT="synes"/><SP WIDTH="25" VPOS="181" HPOS="712"/>
							<String ID="string_18" HPOS="737" VPOS="175" WIDTH="86" HEIGHT="27" WC="0.95" CONTENT="skäligt,"/><SP WIDTH="22" VPOS="175" HPOS="823"/>
							<String ID="string_19" HPOS="845" VPOS="177" WIDTH="31" HEIGHT="18" WC="0.96" CONTENT="att"/><SP WIDTH="16" VPOS="177" HPOS="876"/>
							<String ID="string_20" HPOS="892" VPOS="174" WIDTH="26" HEIGHT="20" WC="0.96" CONTENT="då"/>
						</TextLine>
						<TextLine ID="line_3" HPOS="97" VPOS="203" WIDTH="820" HEIGHT="27">
							<String ID="string_21" HPOS="97" VPOS="204" WIDTH="151" HEIGHT="21" WC="0.91" CONTENT="innehafvaren"/><SP WIDTH="20" VPOS="204" HPOS="248"/>
							<String ID="string_22" HPOS="268" VPOS="204" WIDTH="52" HEIGHT="26" WC="0.96" CONTENT="köpt"/><SP WIDTH="20" VPOS="204" HPOS="320"/>
							<String ID="string_23" HPOS="340" VPOS="204" WIDTH="31" HEIGHT="20" WC="0.96" CONTENT="sin"/><SP WIDTH="19" VPOS="204" HPOS="371"/>
							<String ID="string_24" HPOS="390" VPOS="203" WIDTH="52" HEIGHT="27" WC="0.95" CONTENT="gård"/><SP WIDTH="20" VPOS="203" HPOS="442"/>
							<String ID="string_25" HPOS="462" VPOS="204" WIDTH="67" HEIGHT="20" WC="0.96" CONTENT="under"/><SP WIDTH="23" VPOS="204" HPOS="529"/>
							<String ID="string_26" HPOS="552" VPOS="203" WIDTH="152" HEIGHT="27" WC="0.96" CONTENT="förutsättning"/><SP WIDTH="19" VPOS="203" HPOS="704"/>
							<String ID="string_27" HPOS="723" VPOS="205" WIDTH="31" HEIGHT="18" WC="0.96" CONTENT="att"/><SP WIDTH="16" VPOS="205" HPOS="754"/>
							<String ID="string_28" HPOS="770" VPOS="210" WIDTH="50" HEIGHT="14" WC="0.96" CONTENT="vara"/><SP WIDTH="17" VPOS="210" HPOS="820"/>
							<String ID="string_29" HPOS="837" VPOS="203" WIDTH="80" HEIGHT="20" WC="0.96" CONTENT="befriad"/>
						</TextLine>
						<TextLine ID="line_4" HPOS="96" VPOS="232" WIDTH="822" HEIGHT="27">
							<String ID="string_30" HPOS="96" VPOS="233" WIDTH="46" HEIGHT="20" WC="0.93" CONTENT="från"/><SP WIDTH="18" VPOS="233" HPOS="142"/>
							<String ID="string_31" HPOS="160" VPOS="232" WIDTH="150" HEIGHT="20" WC="0.91" CONTENT="meranämnda"/><SP WIDTH="16" VPOS="232" HPOS="310"/>
							<String ID="string_32" HPOS="326" VPOS="234" WIDTH="75" HEIGHT="25" WC="0.96" CONTENT="tunga,"/><SP WIDTH="17" VPOS="234" HPOS="401"/>
							<String ID="string_33" HPOS="418" VPOS="232" WIDTH="38" HEIGHT="20" WC="0.96" CONTENT="och"/><SP WIDTH="17" VPOS="232" HPOS="456"/>
							<String ID="string_34" HPOS="473" VPOS="232" WIDTH="6" HEIGHT="20" WC="0.96" CONTENT="i"/><SP WIDTH="16" VPOS="232" HPOS="479"/>
							<String ID="string_35" HPOS="495" VPOS="234" WIDTH="64" HEIGHT="18" WC="0.96" CONTENT="annat"/><SP WIDTH="16" VPOS="234" HPOS="559"/>
							<String ID="string_36" HPOS="575" VPOS="232" WIDTH="35" HEIGHT="20" WC="0.95" CONTENT="fall"/><SP WIDTH="12" VPOS="232" HPOS="610"/>
							<String ID="string_37" HPOS="622" VPOS="232" WIDTH="105" HEIGHT="20" WC="0.96" CONTENT="måhända"/><SP WIDTH="11" VPOS="232" HPOS="727"/>
							<String ID="string_38" HPOS="738" VPOS="232" WIDTH="47" HEIGHT="20" WC="0.96" CONTENT="icke"/><SP WIDTH="12" VPOS="232" HPOS="785"/>
							<String ID="string_39" HPOS="797" VPOS="232" WIDTH="53" HEIGHT="20" WC="0.96" CONTENT="hade"/><SP WIDTH="11" VPOS="232" HPOS="850"/>
							<String ID="string_40" HPOS="861" VPOS="232" WIDTH="57" HEIGHT="27" WC="0.96" CONTENT="gjort"/>
						</TextLine>
						<TextLine ID="line_5" HPOS="97" VPOS="260" WIDTH="820" HEIGHT="27">
							<String ID="string_41" HPOS="97" VPOS="262" WIDTH="45" HEIGHT="25" WC="0.96" CONTENT="det,"/><SP WIDTH="25" VPOS="262" HPOS="142"/>
							<String ID="string_42" HPOS="167" VPOS="263" WIDTH="32" HEIGHT="18" WC="0.96" CONTENT="att"/><SP WIDTH="25" VPOS="263" HPOS="199"/>
							<String ID="string_43" HPOS="224" VPOS="261" WIDTH="39" HEIGHT="19" WC="0.96" CONTENT="han"/><SP WIDTH="25" VPOS="261" HPOS="263"/>
							<String ID="string_44" HPOS="288" VPOS="260" WIDTH="26" HEIGHT="21" WC="0.96" CONTENT="då"/><SP WIDTH="19" VPOS="260" HPOS="314"/>
							<String ID="string_45" HPOS="333" VPOS="261" WIDTH="65" HEIGHT="20" WC="0.96" CONTENT="också"/><SP WIDTH="20" VPOS="261" HPOS="398"/>
							<String ID="string_46" HPOS="418" VPOS="261" WIDTH="31" HEIGHT="19" WC="0.96" CONTENT="får"/><SP WIDTH="18" VPOS="261" HPOS="449"/>
							<String ID="string_47" HPOS="467" VPOS="261" WIDTH="83" HEIGHT="26" WC="0.96" CONTENT="åtnjuta"/><SP WIDTH="15" VPOS="261" HPOS="550"/>
							<String ID="string_48" HPOS="565" VPOS="260" WIDTH="64" HEIGHT="20" WC="0.96" CONTENT="sådan"/><SP WIDTH="18" VPOS="260" HPOS="629"/>
							<String ID="string_49" HPOS="647" VPOS="260" WIDTH="97" HEIGHT="20" WC="0.96" CONTENT="befrielse"/><SP WIDTH="16" VPOS="260" HPOS="744"/>
							<String ID="string_50" HPOS="760" VPOS="261" WIDTH="23" HEIGHT="19" WC="0.96" CONTENT="så"/><SP WIDTH="16" VPOS="261" HPOS="783"/>
							<String ID="string_51" HPOS="799" VPOS="260" WIDTH="61" HEIGHT="26" WC="0.96" CONTENT="länge"/><SP WIDTH="16" VPOS="260" HPOS="860"/>
							<String ID="string_52" HPOS="876" VPOS="260" WIDTH="41" HEIGHT="20" WC="0.95" CONTENT="han"/>
						</TextLine>
						<TextLine ID="line_6" HPOS="97" VPOS="288" WIDTH="820" HEIGHT="29">
							<String ID="string_53" HPOS="97" VPOS="296" WIDTH="51" HEIGHT="21" WC="0.96" CONTENT="eger"/><SP WIDTH="16" VPOS="296" HPOS="148"/>
							<String ID="string_54" HPOS="164" VPOS="290" WIDTH="86" HEIGHT="27" WC="0.96" CONTENT="gården."/><SP WIDTH="25" VPOS="290" HPOS="250"/>
							<String ID="string_55" HPOS="275" VPOS="289" WIDTH="9" HEIGHT="20" WC="0.96" CONTENT="I"/><SP WIDTH="16" VPOS="289" HPOS="284"/>
							<String ID="string_56" HPOS="300" VPOS="289" WIDTH="94" HEIGHT="27" WC="0.96" CONTENT="enlighet"/><SP WIDTH="16" VPOS="289" HPOS="394"/>
							<String ID="string_57" HPOS="410" VPOS="289" WIDTH="47" HEIGHT="20" WC="0.96" CONTENT="med"/><SP WIDTH="16" VPOS="289" HPOS="457"/>
							<String ID="string_58" HPOS="473" VPOS="288" WIDTH="60" HEIGHT="21" WC="0.96" CONTENT="detta"/><SP WIDTH="14" VPOS="288" HPOS="533"/>
							<String ID="string_59" HPOS="547" VPOS="288" WIDTH="86" HEIGHT="28" WC="0.95" CONTENT="förslag,"/><SP WIDTH="16" VPOS="288" HPOS="633"/>
							<String ID="string_60" HPOS="649" VPOS="288" WIDTH="68" HEIGHT="20" WC="0.96" CONTENT="skulle"/><SP WIDTH="17" VPOS="288" HPOS="717"/>
							<String ID="string_61" HPOS="734" VPOS="288" WIDTH="26" HEIGHT="20" WC="0.96" CONTENT="då"/><SP WIDTH="16" VPOS="288" HPOS="760"/>
							<String ID="string_62" HPOS="776" VPOS="290" WIDTH="30" HEIGHT="19" WC="0.96" CONTENT="ett"/><SP WIDTH="17" VPOS="290" HPOS="806"/>
							<String ID="string_63" HPOS="823" VPOS="288" WIDTH="73" HEIGHT="28" WC="0.96" CONTENT="tillägg"/><SP WIDTH="16" VPOS="288" HPOS="896"/>
							<String ID="string_64" HPOS="912" VPOS="288" WIDTH="5" HEIGHT="20" WC="0.96" CONTENT="i"/>
						</TextLine>
						<TextLine ID="line_7" HPOS="98" VPOS="316" WIDTH="820" HEIGHT="28">
							<String ID="string_65" HPOS="98" VPOS="320" WIDTH="116" HEIGHT="18" WC="0.94" CONTENT="momentet"/><SP WIDTH="16" VPOS="320" HPOS="214"/>
							<String ID="string_66" HPOS="230" VPOS="319" WIDTH="12" HEIGHT="19" WC="0.93" CONTENT="2"/><SP WIDTH="16" VPOS="319" HPOS="242"/>
							<String ID="string_67" HPOS="258" VPOS="318" WIDTH="74" HEIGHT="26" WC="0.92" CONTENT="inflyta"/><SP WIDTH="15" VPOS="318" HPOS="332"/>
							<String ID="string_68" HPOS="347" VPOS="317" WIDTH="23" HEIGHT="21" WC="0.96" CONTENT="af"/><SP WIDTH="13" VPOS="317" HPOS="370"/>
							<String ID="string_69" HPOS="383" VPOS="317" WIDTH="90" HEIGHT="27" WC="0.96" CONTENT="ungefär"/><SP WIDTH="16" VPOS="317" HPOS="473"/>
							<String ID="string_70" HPOS="489" VPOS="317" WIDTH="65" HEIGHT="21" WC="0.96" CONTENT="sådan"/><SP WIDTH="18" VPOS="317" HPOS="554"/>
							<String ID="string_71" HPOS="572" VPOS="316" WIDTH="90" HEIGHT="28" WC="0.93" CONTENT="lydelse:"/><SP WIDTH="17" VPOS="316" HPOS="662"/>
							<String ID="string_72" HPOS="679" VPOS="334" WIDTH="11" HEIGHT="8" WC="0.91" CONTENT=",,"/><SP WIDTH="3" VPOS="334" HPOS="690"/>
							<String ID="string_73" HPOS="693" VPOS="317" WIDTH="48" HEIGHT="21" WC="0.96" CONTENT="med"/><SP WIDTH="15" VPOS="317" HPOS="741"/>
							<String ID="string_74" HPOS="756" VPOS="317" WIDTH="108" HEIGHT="27" WC="0.93" CONTENT="undantag"/><SP WIDTH="14" VPOS="317" HPOS="864"/>
							<String ID="string_75" HPOS="878" VPOS="317" WIDTH="40" HEIGHT="20" WC="0.91" CONTENT="lik-"/>
						</TextLine>
						<TextLine ID="line_8" HPOS="98" VPOS="346" WIDTH="820" HEIGHT="27">
							<String ID="string_76" HPOS="98" VPOS="347" WIDTH="32" HEIGHT="20" WC="0.95" CONTENT="väl"/><SP WIDTH="24" VPOS="347" HPOS="130"/>
							<String ID="string_77" HPOS="154" VPOS="347" WIDTH="23" HEIGHT="19" WC="0.95" CONTENT="af"/><SP WIDTH="20" VPOS="347" HPOS="177"/>
							<String ID="string_78" HPOS="197" VPOS="346" WIDTH="25" HEIGHT="20" WC="0.96" CONTENT="de"/><SP WIDTH="24" VPOS="346" HPOS="222"/>
							<String ID="string_79" HPOS="246" VPOS="353" WIDTH="27" HEIGHT="13" WC="0.95" CONTENT="nu"/><SP WIDTH="25" VPOS="353" HPOS="273"/>
							<String ID="string_80" HPOS="298" VPOS="346" WIDTH="94" HEIGHT="20" WC="0.93" CONTENT="befriade"/><SP WIDTH="23" VPOS="346" HPOS="392"/>
							<String ID="string_81" HPOS="415" VPOS="346" WIDTH="166" HEIGHT="27" WC="0.91" CONTENT="gårdsegarene,"/><SP WIDTH="24" VPOS="346" HPOS="581"/>
							<String ID="string_82" HPOS="605" VPOS="346" WIDTH="24" HEIGHT="20" WC="0.96" CONTENT="så"/><SP WIDTH="22" VPOS="346" HPOS="629"/>
							<String ID="string_83" HPOS="651" VPOS="346" WIDTH="61" HEIGHT="27" WC="0.95" CONTENT="länge"/><SP WIDTH="24" VPOS="346" HPOS="712"/>
							<String ID="string_84" HPOS="736" VPOS="346" WIDTH="25" HEIGHT="20" WC="0.96" CONTENT="de"/><SP WIDTH="20" VPOS="346" HPOS="761"/>
							<String ID="string_85" HPOS="781" VPOS="346" WIDTH="80" HEIGHT="26" WC="0.92" CONTENT="gården"/><SP WIDTH="17" VPOS="346" HPOS="861"/>
							<String ID="string_86" HPOS="878" VPOS="352" WIDTH="40" HEIGHT="20" WC="0.90" CONTENT="ega"/>
						</TextLine>
						<TextLine ID="line_9" HPOS="99" VPOS="375" WIDTH="131" HEIGHT="21">
							<String ID="string_87" HPOS="99" VPOS="376" WIDTH="37" HEIGHT="20" WC="0.93" CONTENT="och"/><SP WIDTH="19" VPOS="376" HPOS="136"/>
							<String ID="string_88" HPOS="155" VPOS="375" WIDTH="75" HEIGHT="20" WC="0.85" CONTENT="bebo*."/>
						</TextLine>
					</TextBlock>
					<TextBlock ID="block_2" HPOS="98" VPOS="402" WIDTH="820" HEIGHT="284">
						<TextLine ID="line_10" HPOS="167" VPOS="402" WIDTH="751" HEIGHT="28">
							<String ID="string_89" HPOS="167" VPOS="403" WIDTH="57" HEIGHT="21" WC="0.96" CONTENT="Herr"/><SP WIDTH="17" VPOS="403" HPOS="224"/>
							<String ID="string_90" HPOS="241" VPOS="403" WIDTH="140" HEIGHT="20" WC="0.95" CONTENT="Molander:"/><SP WIDTH="17" VPOS="403" HPOS="381"/>
							<String ID="string_91" HPOS="398" VPOS="403" WIDTH="70" HEIGHT="20" WC="0.96" CONTENT="Sedan"/><SP WIDTH="17" VPOS="403" HPOS="468"/>
							<String ID="string_92" HPOS="485" VPOS="404" WIDTH="23" HEIGHT="20" WC="0.96" CONTENT="så"/><SP WIDTH="17" VPOS="404" HPOS="508"/>
							<String ID="string_93" HPOS="525" VPOS="404" WIDTH="76" HEIGHT="26" WC="0.96" CONTENT="många"/><SP WIDTH="16" VPOS="404" HPOS="601"/>
							<String ID="string_94" HPOS="617" VPOS="403" WIDTH="67" HEIGHT="20" WC="0.87" CONTENT="talare"/><SP WIDTH="16" VPOS="403" HPOS="684"/>
							<String ID="string_95" HPOS="700" VPOS="405" WIDTH="67" HEIGHT="25" WC="0.94" CONTENT="yttrat"/><SP WIDTH="16" VPOS="405" HPOS="767"/>
							<String ID="string_96" HPOS="783" VPOS="403" WIDTH="38" HEIGHT="27" WC="0.96" CONTENT="sig,"/><SP WIDTH="12" VPOS="403" HPOS="821"/>
							<String ID="string_97" HPOS="833" VPOS="402" WIDTH="38" HEIGHT="21" WC="0.96" CONTENT="har"/><SP WIDTH="9" VPOS="402" HPOS="871"/>
							<String ID="string_98" HPOS="880" VPOS="403" WIDTH="38" HEIGHT="27" WC="0.96" CONTENT="jag"/>
						</TextLine>
						<TextLine ID="line_11" HPOS="99" VPOS="431" WIDTH="819" HEIGHT="28">
							<String ID="string_99" HPOS="99" VPOS="432" WIDTH="120" HEIGHT="27" WC="0.95" CONTENT="egentligen"/><SP WIDTH="20" VPOS="432" HPOS="219"/>
							<String ID="string_100" HPOS="239" VPOS="432" WIDTH="110" HEIGHT="27" WC="0.96" CONTENT="ingenting"/><SP WIDTH="19" VPOS="432" HPOS="349"/>
							<String ID="string_101" HPOS="368" VPOS="434" WIDTH="32" HEIGHT="18" WC="0.96" CONTENT="att"/><SP WIDTH="19" VPOS="434" HPOS="400"/>
							<String ID="string_102" HPOS="419" VPOS="431" WIDTH="93" HEIGHT="27" WC="0.96" CONTENT="tillägga."/><SP WIDTH="31" VPOS="431" HPOS="512"/>
							<String ID="string_103" HPOS="543" VPOS="431" WIDTH="42" HEIGHT="27" WC="0.95" CONTENT="Jag"/><SP WIDTH="17" VPOS="431" HPOS="585"/>
							<String ID="string_104" HPOS="602" VPOS="431" WIDTH="33" HEIGHT="20" WC="0.96" CONTENT="vill"/><SP WIDTH="19" VPOS="431" HPOS="635"/>
							<String ID="string_105" HPOS="654" VPOS="432" WIDTH="52" HEIGHT="20" WC="0.96" CONTENT="blott"/><SP WIDTH="17" VPOS="432" HPOS="706"/>
							<String ID="string_106" HPOS="723" VPOS="431" WIDTH="130" HEIGHT="21" WC="0.96" CONTENT="beträffande"/><SP WIDTH="17" VPOS="431" HPOS="853"/>
							<String ID="string_107" HPOS="870" VPOS="431" WIDTH="48" HEIGHT="21" WC="0.95" CONTENT="herr"/>
						</TextLine>
						<TextLine ID="line_12" HPOS="99" VPOS="460" WIDTH="819" HEIGHT="27">
							<String ID="string_108" HPOS="99" VPOS="460" WIDTH="22" HEIGHT="20" WC="0.96" CONTENT="af"/><SP WIDTH="17" VPOS="460" HPOS="121"/>
							<String ID="string_109" HPOS="138" VPOS="460" WIDTH="112" HEIGHT="20" WC="0.88" CONTENT="Forselles”"/><SP WIDTH="16" VPOS="460" HPOS="250"/>
							<String ID="string_110" HPOS="266" VPOS="460" WIDTH="106" HEIGHT="27" WC="0.96" CONTENT="yttrande,"/><SP WIDTH="17" VPOS="460" HPOS="372"/>
							<String ID="string_111" HPOS="389" VPOS="462" WIDTH="32" HEIGHT="18" WC="0.96" CONTENT="att"/><SP WIDTH="21" VPOS="462" HPOS="421"/>
							<String ID="string_112" HPOS="442" VPOS="460" WIDTH="40" HEIGHT="20" WC="0.96" CONTENT="den"/><SP WIDTH="20" VPOS="460" HPOS="482"/>
							<String ID="string_113" HPOS="502" VPOS="460" WIDTH="123" HEIGHT="20" WC="0.93" CONTENT="nuvarande"/><SP WIDTH="20" VPOS="460" HPOS="625"/>
							<String ID="string_114" HPOS="645" VPOS="467" WIDTH="76" HEIGHT="20" WC="0.54" CONTENT="ogaren"/><SP WIDTH="18" VPOS="467" HPOS="721"/>
							<String ID="string_115" HPOS="739" VPOS="460" WIDTH="33" HEIGHT="20" WC="0.96" CONTENT="vid"/><SP WIDTH="17" VPOS="460" HPOS="772"/>
							<String ID="string_116" HPOS="789" VPOS="460" WIDTH="65" HEIGHT="27" WC="0.96" CONTENT="köpet"/><SP WIDTH="16" VPOS="460" HPOS="854"/>
							<String ID="string_117" HPOS="870" VPOS="460" WIDTH="48" HEIGHT="27" WC="0.96" CONTENT="föga"/>
						</TextLine>
						<TextLine ID="line_13" HPOS="99" VPOS="488" WIDTH="818" HEIGHT="28">
							<String ID="string_118" HPOS="99" VPOS="489" WIDTH="53" HEIGHT="27" WC="0.94" CONTENT="tagit"/><SP WIDTH="23" VPOS="489" HPOS="152"/>
							<String ID="string_119" HPOS="175" VPOS="496" WIDTH="25" HEIGHT="13" WC="0.96" CONTENT="en"/><SP WIDTH="24" VPOS="496" HPOS="200"/>
							<String ID="string_120" HPOS="224" VPOS="488" WIDTH="65" HEIGHT="21" WC="0.93" CONTENT="sådan"/><SP WIDTH="23" VPOS="488" HPOS="289"/>
							<String ID="string_121" HPOS="312" VPOS="489" WIDTH="103" HEIGHT="27" WC="0.93" CONTENT="rättighet"/><SP WIDTH="18" VPOS="489" HPOS="415"/>
							<String ID="string_122" HPOS="433" VPOS="488" WIDTH="6" HEIGHT="20" WC="0.96" CONTENT="i"/><SP WIDTH="20" VPOS="488" HPOS="439"/>
							<String ID="string_123" HPOS="459" VPOS="489" WIDTH="124" HEIGHT="26" WC="0.95" CONTENT="beräkning,"/><SP WIDTH="24" VPOS="489" HPOS="583"/>
							<String ID="string_124" HPOS="607" VPOS="488" WIDTH="27" HEIGHT="20" WC="0.95" CONTENT="då"/><SP WIDTH="19" VPOS="488" HPOS="634"/>
							<String ID="string_125" HPOS="653" VPOS="488" WIDTH="39" HEIGHT="20" WC="0.95" CONTENT="han"/><SP WIDTH="21" VPOS="488" HPOS="692"/>
							<String ID="string_126" HPOS="713" VPOS="488" WIDTH="34" HEIGHT="20" WC="0.95" CONTENT="vid"/><SP WIDTH="17" VPOS="488" HPOS="747"/>
							<String ID="string_127" HPOS="764" VPOS="488" WIDTH="153" HEIGHT="28" WC="0.96" CONTENT="försäljningen"/>
						</TextLine>
						<TextLine ID="line_14" HPOS="98" VPOS="517" WIDTH="820" HEIGHT="27">
							<String ID="string_128" HPOS="98" VPOS="517" WIDTH="105" HEIGHT="21" WC="0.96" CONTENT="måhända"/><SP WIDTH="15" VPOS="517" HPOS="203"/>
							<String ID="string_129" HPOS="218" VPOS="517" WIDTH="46" HEIGHT="21" WC="0.95" CONTENT="icke"/><SP WIDTH="16" VPOS="517" HPOS="264"/>
							<String ID="string_130" HPOS="280" VPOS="517" WIDTH="67" HEIGHT="20" WC="0.95" CONTENT="skulle"/><SP WIDTH="16" VPOS="517" HPOS="347"/>
							<String ID="string_131" HPOS="363" VPOS="517" WIDTH="64" HEIGHT="20" WC="0.96" CONTENT="hafva"/><SP WIDTH="16" VPOS="517" HPOS="427"/>
							<String ID="string_132" HPOS="443" VPOS="518" WIDTH="69" HEIGHT="26" WC="0.93" CONTENT="någon"/><SP WIDTH="16" VPOS="518" HPOS="512"/>
							<String ID="string_133" HPOS="528" VPOS="517" WIDTH="138" HEIGHT="27" WC="0.91" CONTENT="godtgörelse"/><SP WIDTH="16" VPOS="517" HPOS="666"/>
							<String ID="string_134" HPOS="682" VPOS="517" WIDTH="77" HEIGHT="26" WC="0.96" CONTENT="derför,"/><SP WIDTH="16" VPOS="517" HPOS="759"/>
							<String ID="string_135" HPOS="775" VPOS="517" WIDTH="102" HEIGHT="20" WC="0.96" CONTENT="anmärka"/><SP WIDTH="10" VPOS="517" HPOS="877"/>
							<String ID="string_136" HPOS="887" VPOS="519" WIDTH="31" HEIGHT="18" WC="0.96" CONTENT="att"/>
						</TextLine>
						<TextLine ID="line_15" HPOS="99" VPOS="545" WIDTH="819" HEIGHT="28">
							<String ID="string_137" HPOS="99" VPOS="546" WIDTH="39" HEIGHT="20" WC="0.95" CONTENT="han"/><SP WIDTH="26" VPOS="546" HPOS="138"/>
							<String ID="string_138" HPOS="164" VPOS="546" WIDTH="51" HEIGHT="20" WC="0.95" CONTENT="visst"/><SP WIDTH="24" VPOS="546" HPOS="215"/>
							<String ID="string_139" HPOS="239" VPOS="546" WIDTH="40" HEIGHT="20" WC="0.96" CONTENT="kan"/><SP WIDTH="24" VPOS="546" HPOS="279"/>
							<String ID="string_140" HPOS="303" VPOS="545" WIDTH="63" HEIGHT="21" WC="0.96" CONTENT="hafva"/><SP WIDTH="24" VPOS="545" HPOS="366"/>
							<String ID="string_141" HPOS="390" VPOS="546" WIDTH="57" HEIGHT="27" WC="0.96" CONTENT="gjort"/><SP WIDTH="19" VPOS="546" HPOS="447"/>
							<String ID="string_142" HPOS="466" VPOS="546" WIDTH="42" HEIGHT="20" WC="0.93" CONTENT="det."/><SP WIDTH="34" VPOS="546" HPOS="508"/>
							<String ID="string_143" HPOS="542" VPOS="546" WIDTH="112" HEIGHT="20" WC="0.94" CONTENT="Dessutom"/><SP WIDTH="19" VPOS="546" HPOS="654"/>
							<String ID="string_144" HPOS="673" VPOS="546" WIDTH="41" HEIGHT="20" WC="0.95" CONTENT="kan"/><SP WIDTH="17" VPOS="546" HPOS="714"/>
							<String ID="string_145" HPOS="731" VPOS="546" WIDTH="39" HEIGHT="20" WC="0.96" CONTENT="han"/><SP WIDTH="17" VPOS="546" HPOS="770"/>
							<String ID="string_146" HPOS="787" VPOS="546" WIDTH="63" HEIGHT="20" WC="0.93" CONTENT="hafva"/><SP WIDTH="16" VPOS="546" HPOS="850"/>
							<String ID="string_147" HPOS="866" VPOS="546" WIDTH="52" HEIGHT="27" WC="0.91" CONTENT="bygt"/>
						</TextLine>
						<TextLine ID="line_16" HPOS="98" VPOS="574" WIDTH="819" HEIGHT="27">
							<String ID="string_148" HPOS="98" VPOS="574" WIDTH="79" HEIGHT="27" WC="0.95" CONTENT="gården"/><SP WIDTH="17" VPOS="574" HPOS="177"/>
							<String ID="string_149" HPOS="194" VPOS="574" WIDTH="6" HEIGHT="20" WC="0.93" CONTENT="i"/><SP WIDTH="16" VPOS="574" HPOS="200"/>
							<String ID="string_150" HPOS="216" VPOS="574" WIDTH="63" HEIGHT="27" WC="0.91" CONTENT="afsigt"/><SP WIDTH="16" VPOS="574" HPOS="279"/>
							<String ID="string_151" HPOS="295" VPOS="576" WIDTH="32" HEIGHT="18" WC="0.96" CONTENT="att"/><SP WIDTH="16" VPOS="576" HPOS="327"/>
							<String ID="string_152" HPOS="343" VPOS="574" WIDTH="69" HEIGHT="20" WC="0.96" CONTENT="lemna"/><SP WIDTH="19" VPOS="574" HPOS="412"/>
							<String ID="string_153" HPOS="431" VPOS="574" WIDTH="125" HEIGHT="20" WC="0.96" CONTENT="densamma"/><SP WIDTH="15" VPOS="574" HPOS="556"/>
							<String ID="string_154" HPOS="571" VPOS="575" WIDTH="21" HEIGHT="19" WC="0.95" CONTENT="åt"/><SP WIDTH="17" VPOS="575" HPOS="592"/>
							<String ID="string_155" HPOS="609" VPOS="574" WIDTH="45" HEIGHT="20" WC="0.96" CONTENT="sina"/><SP WIDTH="18" VPOS="574" HPOS="654"/>
							<String ID="string_156" HPOS="672" VPOS="574" WIDTH="190" HEIGHT="25" WC="0.96" CONTENT="efterkommande,"/><SP WIDTH="17" VPOS="574" HPOS="862"/>
							<String ID="string_157" HPOS="879" VPOS="574" WIDTH="38" HEIGHT="20" WC="0.96" CONTENT="och"/>
						</TextLine>
						<TextLine ID="line_17" HPOS="98" VPOS="602" WIDTH="820" HEIGHT="28">
							<String ID="string_158" HPOS="98" VPOS="603" WIDTH="27" HEIGHT="20" WC="0.96" CONTENT="då"/><SP WIDTH="15" VPOS="603" HPOS="125"/>
							<String ID="string_159" HPOS="140" VPOS="610" WIDTH="63" HEIGHT="13" WC="0.96" CONTENT="anser"/><SP WIDTH="13" VPOS="610" HPOS="203"/>
							<String ID="string_160" HPOS="216" VPOS="604" WIDTH="39" HEIGHT="26" WC="0.96" CONTENT="jag"/><SP WIDTH="15" VPOS="604" HPOS="255"/>
							<String ID="string_161" HPOS="270" VPOS="602" WIDTH="36" HEIGHT="21" WC="0.96" CONTENT="det"/><SP WIDTH="16" VPOS="602" HPOS="306"/>
							<String ID="string_162" HPOS="322" VPOS="604" WIDTH="42" HEIGHT="18" WC="0.96" CONTENT="rätt"/><SP WIDTH="16" VPOS="604" HPOS="364"/>
							<String ID="string_163" HPOS="380" VPOS="602" WIDTH="39" HEIGHT="21" WC="0.96" CONTENT="och"/><SP WIDTH="17" VPOS="602" HPOS="419"/>
							<String ID="string_164" HPOS="436" VPOS="602" WIDTH="68" HEIGHT="28" WC="0.96" CONTENT="billigt"/><SP WIDTH="16" VPOS="602" HPOS="504"/>
							<String ID="string_165" HPOS="520" VPOS="604" WIDTH="32" HEIGHT="19" WC="0.96" CONTENT="att"/><SP WIDTH="15" VPOS="604" HPOS="552"/>
							<String ID="string_166" HPOS="567" VPOS="602" WIDTH="40" HEIGHT="20" WC="0.96" CONTENT="han"/><SP WIDTH="16" VPOS="602" HPOS="607"/>
							<String ID="string_167" HPOS="623" VPOS="602" WIDTH="33" HEIGHT="20" WC="0.96" CONTENT="för"/><SP WIDTH="15" VPOS="602" HPOS="656"/>
							<String ID="string_168" HPOS="671" VPOS="603" WIDTH="31" HEIGHT="20" WC="0.95" CONTENT="sin"/><SP WIDTH="17" VPOS="603" HPOS="702"/>
							<String ID="string_169" HPOS="719" VPOS="610" WIDTH="76" HEIGHT="19" WC="0.95" CONTENT="person"/><SP WIDTH="16" VPOS="610" HPOS="795"/>
							<String ID="string_170" HPOS="811" VPOS="610" WIDTH="51" HEIGHT="20" WC="0.96" CONTENT="eger"/><SP WIDTH="16" VPOS="610" HPOS="862"/>
							<String ID="string_171" HPOS="878" VPOS="603" WIDTH="40" HEIGHT="20" WC="0.96" CONTENT="slik"/>
						</TextLine>
						<TextLine ID="line_18" HPOS="99" VPOS="631" WIDTH="819" HEIGHT="27">
							<String ID="string_172" HPOS="99" VPOS="631" WIDTH="106" HEIGHT="26" WC="0.96" CONTENT="befrielse,"/><SP WIDTH="17" VPOS="631" HPOS="205"/>
							<String ID="string_173" HPOS="222" VPOS="632" WIDTH="26" HEIGHT="26" WC="0.96" CONTENT="på"/><SP WIDTH="19" VPOS="632" HPOS="248"/>
							<String ID="string_174" HPOS="267" VPOS="631" WIDTH="35" HEIGHT="21" WC="0.96" CONTENT="det"/><SP WIDTH="16" VPOS="631" HPOS="302"/>
							<String ID="string_175" HPOS="318" VPOS="633" WIDTH="32" HEIGHT="18" WC="0.96" CONTENT="att"/><SP WIDTH="16" VPOS="633" HPOS="350"/>
							<String ID="string_176" HPOS="366" VPOS="631" WIDTH="34" HEIGHT="20" WC="0.93" CONTENT="vid"/><SP WIDTH="16" VPOS="631" HPOS="400"/>
							<String ID="string_177" HPOS="416" VPOS="631" WIDTH="144" HEIGHT="27" WC="0.91" CONTENT="öfvergången"/><SP WIDTH="21" VPOS="631" HPOS="560"/>
							<String ID="string_178" HPOS="581" VPOS="631" WIDTH="93" HEIGHT="27" WC="0.92" CONTENT="billighet"/><SP WIDTH="20" VPOS="631" HPOS="674"/>
							<String ID="string_179" HPOS="694" VPOS="631" WIDTH="37" HEIGHT="21" WC="0.96" CONTENT="och"/><SP WIDTH="18" VPOS="631" HPOS="731"/>
							<String ID="string_180" HPOS="749" VPOS="631" WIDTH="88" HEIGHT="20" WC="0.95" CONTENT="rättvisa"/><SP WIDTH="16" VPOS="631" HPOS="837"/>
							<String ID="string_181" HPOS="853" VPOS="632" WIDTH="65" HEIGHT="20" WC="0.96" CONTENT="måtte"/>
						</TextLine>
						<TextLine ID="line_19" HPOS="99" VPOS="660" WIDTH="114" HEIGHT="26">
							<String ID="string_182" HPOS="99" VPOS="660" WIDTH="114" HEIGHT="26" WC="0.95" CONTENT="iakttagas."/>
						</TextLine>
					</TextBlock>
					<TextBlock ID="block_3" HPOS="99" VPOS="688" WIDTH="819" HEIGHT="56">
						<TextLine ID="line_20" HPOS="168" VPOS="688" WIDTH="750" HEIGHT="27">
							<String ID="string_183" HPOS="168" VPOS="688" WIDTH="33" HEIGHT="20" WC="0.96" CONTENT="Då"/><SP WIDTH="18" VPOS="688" HPOS="201"/>
							<String ID="string_184" HPOS="219" VPOS="688" WIDTH="47" HEIGHT="21" WC="0.96" CONTENT="icke"/><SP WIDTH="20" VPOS="688" HPOS="266"/>
							<String ID="string_185" HPOS="286" VPOS="688" WIDTH="51" HEIGHT="20" WC="0.96" CONTENT="flera"/><SP WIDTH="19" VPOS="688" HPOS="337"/>
							<String ID="string_186" HPOS="356" VPOS="688" WIDTH="66" HEIGHT="20" WC="0.96" CONTENT="talare"/><SP WIDTH="19" VPOS="688" HPOS="422"/>
							<String ID="string_187" HPOS="441" VPOS="688" WIDTH="98" HEIGHT="20" WC="0.96" CONTENT="anmälde"/><SP WIDTH="17" VPOS="688" HPOS="539"/>
							<String ID="string_188" HPOS="556" VPOS="688" WIDTH="38" HEIGHT="27" WC="0.93" CONTENT="sig,"/><SP WIDTH="17" VPOS="688" HPOS="594"/>
							<String ID="string_189" HPOS="611" VPOS="688" WIDTH="113" HEIGHT="20" WC="0.89" CONTENT="affattades"/><SP WIDTH="16" VPOS="688" HPOS="724"/>
							<String ID="string_190" HPOS="740" VPOS="690" WIDTH="38" HEIGHT="18" WC="0.97" CONTENT="och"/><SP WIDTH="16" VPOS="690" HPOS="778"/>
							<String ID="string_191" HPOS="794" VPOS="688" WIDTH="124" HEIGHT="27" WC="0.96" CONTENT="godkändes"/>
						</TextLine>
						<TextLine ID="line_21" HPOS="99" VPOS="716" WIDTH="446" HEIGHT="28">
							<String ID="string_192" HPOS="99" VPOS="717" WIDTH="30" HEIGHT="20" WC="0.96" CONTENT="till"/><SP WIDTH="17" VPOS="717" HPOS="129"/>
							<String ID="string_193" HPOS="146" VPOS="717" WIDTH="132" HEIGHT="26" WC="0.96" CONTENT="omröstning"/><SP WIDTH="15" VPOS="717" HPOS="278"/>
							<String ID="string_194" HPOS="293" VPOS="716" WIDTH="93" HEIGHT="28" WC="0.95" CONTENT="följande"/><SP WIDTH="16" VPOS="716" HPOS="386"/>
							<String ID="string_195" HPOS="402" VPOS="716" WIDTH="143" HEIGHT="28" WC="0.96" CONTENT="proposition:"/>
						</TextLine>
					</TextBlock>
					<TextBlock ID="block_4" HPOS="100" VPOS="745" WIDTH="817" HEIGHT="55">
						<TextLine ID="line_22" HPOS="168" VPOS="745" WIDTH="749" HEIGHT="27">
							<String ID="string_196" HPOS="168" VPOS="762" WIDTH="10" HEIGHT="8" WC="0.91" CONTENT="»"/><SP WIDTH="4" VPOS="762" HPOS="178"/>
							<String ID="string_197" HPOS="182" VPOS="745" WIDTH="42" HEIGHT="20" WC="0.92" CONTENT="Vill"/><SP WIDTH="23" VPOS="745" HPOS="224"/>
							<String ID="string_198" HPOS="247" VPOS="745" WIDTH="149" HEIGHT="27" WC="0.94" CONTENT="ridderskapet"/><SP WIDTH="24" VPOS="745" HPOS="396"/>
							<String ID="string_199" HPOS="420" VPOS="745" WIDTH="38" HEIGHT="20" WC="0.95" CONTENT="och"/><SP WIDTH="24" VPOS="745" HPOS="458"/>
							<String ID="string_200" HPOS="482" VPOS="745" WIDTH="61" HEIGHT="20" WC="0.95" CONTENT="adeln"/><SP WIDTH="24" VPOS="745" HPOS="543"/>
							<String ID="string_201" HPOS="567" VPOS="747" WIDTH="78" HEIGHT="25" WC="0.96" CONTENT="antaga"/><SP WIDTH="20" VPOS="747" HPOS="645"/>
							<String ID="string_202" HPOS="665" VPOS="747" WIDTH="116" HEIGHT="18" WC="0.96" CONTENT="momentet"/><SP WIDTH="18" VPOS="747" HPOS="781"/>
							<String ID="string_203" HPOS="799" VPOS="746" WIDTH="13" HEIGHT="19" WC="0.97" CONTENT="2"/><SP WIDTH="14" VPOS="746" HPOS="812"/>
							<String ID="string_204" HPOS="826" VPOS="741" WIDTH="27" HEIGHT="35" WC="0.93" CONTENT="af"/><SP WIDTH="15" VPOS="741" HPOS="853"/>
							<String ID="string_205" HPOS="868" VPOS="746" WIDTH="12" HEIGHT="26" WC="0.84" CONTENT="&amp;"/><SP WIDTH="16" VPOS="746" HPOS="880"/>
							<String ID="string_206" HPOS="896" VPOS="746" WIDTH="21" HEIGHT="23" WC="0.96" CONTENT="3,"/>
						</TextLine>
						<TextLine ID="line_23" HPOS="100" VPOS="773" WIDTH="464" HEIGHT="27">
							<String ID="string_207" HPOS="100" VPOS="774" WIDTH="47" HEIGHT="20" WC="0.96" CONTENT="med"/><SP WIDTH="18" VPOS="774" HPOS="147"/>
							<String ID="string_208" HPOS="165" VPOS="774" WIDTH="40" HEIGHT="20" WC="0.96" CONTENT="den"/><SP WIDTH="17" VPOS="774" HPOS="205"/>
							<String ID="string_209" HPOS="222" VPOS="774" WIDTH="80" HEIGHT="26" WC="0.95" CONTENT="lydelse"/><SP WIDTH="14" VPOS="774" HPOS="302"/>
							<String ID="string_210" HPOS="316" VPOS="773" WIDTH="108" HEIGHT="21" WC="0.96" CONTENT="utskottet"/><SP WIDTH="15" VPOS="773" HPOS="424"/>
							<String ID="string_211" HPOS="439" VPOS="774" WIDTH="125" HEIGHT="26" WC="0.96" CONTENT="föreslagit?"/>
						</TextLine>
					</TextBlock>
					<TextBlock ID="block_5" HPOS="100" VPOS="801" WIDTH="818" HEIGHT="57">
						<TextLine ID="line_24" HPOS="169" VPOS="801" WIDTH="749" HEIGHT="28">
							<String ID="string_212" HPOS="169" VPOS="801" WIDTH="96" HEIGHT="26" WC="0.85" CONTENT="»Vinner"/><SP WIDTH="17" VPOS="801" HPOS="265"/>
							<String ID="string_213" HPOS="282" VPOS="802" WIDTH="40" HEIGHT="27" WC="0.96" CONTENT="nej,"/><SP WIDTH="18" VPOS="802" HPOS="322"/>
							<String ID="string_214" HPOS="340" VPOS="804" WIDTH="89" HEIGHT="25" WC="0.96" CONTENT="antages"/><SP WIDTH="17" VPOS="804" HPOS="429"/>
							<String ID="string_215" HPOS="446" VPOS="804" WIDTH="117" HEIGHT="18" WC="0.92" CONTENT="momentet"/><SP WIDTH="16" VPOS="804" HPOS="563"/>
							<String ID="string_216" HPOS="579" VPOS="803" WIDTH="12" HEIGHT="19" WC="0.96" CONTENT="2"/><SP WIDTH="16" VPOS="803" HPOS="591"/>
							<String ID="string_217" HPOS="607" VPOS="802" WIDTH="23" HEIGHT="20" WC="0.96" CONTENT="af"/><SP WIDTH="14" VPOS="802" HPOS="630"/>
							<String ID="string_218" HPOS="644" VPOS="809" WIDTH="80" HEIGHT="13" WC="0.96" CONTENT="samma"/><SP WIDTH="16" VPOS="809" HPOS="724"/>
							<String ID="string_219" HPOS="740" VPOS="802" WIDTH="11" HEIGHT="26" WC="0.87" CONTENT="8"/><SP WIDTH="16" VPOS="802" HPOS="751"/>
							<String ID="string_220" HPOS="767" VPOS="802" WIDTH="6" HEIGHT="20" WC="0.96" CONTENT="i"/><SP WIDTH="17" VPOS="802" HPOS="773"/>
							<String ID="string_221" HPOS="790" VPOS="802" WIDTH="39" HEIGHT="20" WC="0.96" CONTENT="den"/><SP WIDTH="13" VPOS="802" HPOS="829"/>
							<String ID="string_222" HPOS="842" VPOS="802" WIDTH="76" HEIGHT="27" WC="0.96" CONTENT="nådiga"/>
						</TextLine>
						<TextLine ID="line_25" HPOS="100" VPOS="830" WIDTH="791" HEIGHT="28">
							<String ID="string_223" HPOS="100" VPOS="831" WIDTH="166" HEIGHT="27" WC="0.95" CONTENT="propositionen."/><SP WIDTH="32" VPOS="831" HPOS="266"/>
							<String ID="string_224" HPOS="298" VPOS="830" WIDTH="9" HEIGHT="20" WC="0.95" CONTENT="I"/><SP WIDTH="17" VPOS="830" HPOS="307"/>
							<String ID="string_225" HPOS="324" VPOS="830" WIDTH="104" HEIGHT="21" WC="0.96" CONTENT="hvardera"/><SP WIDTH="15" VPOS="830" HPOS="428"/>
							<String ID="string_226" HPOS="443" VPOS="830" WIDTH="59" HEIGHT="20" WC="0.96" CONTENT="fallet"/><SP WIDTH="16" VPOS="830" HPOS="502"/>
							<String ID="string_227" HPOS="518" VPOS="830" WIDTH="49" HEIGHT="21" WC="0.96" CONTENT="med"/><SP WIDTH="16" VPOS="830" HPOS="567"/>
							<String ID="string_228" HPOS="583" VPOS="830" WIDTH="52" HEIGHT="21" WC="0.96" CONTENT="eller"/><SP WIDTH="15" VPOS="830" HPOS="635"/>
							<String ID="string_229" HPOS="650" VPOS="833" WIDTH="50" HEIGHT="17" WC="0.96" CONTENT="utan"/><SP WIDTH="17" VPOS="833" HPOS="700"/>
							<String ID="string_230" HPOS="717" VPOS="830" WIDTH="109" HEIGHT="27" WC="0.77" CONTENT="ändring*."/><SP WIDTH="63" VPOS="830" HPOS="826"/>
							<String ID="string_231" HPOS="889" VPOS="846" WIDTH="2" HEIGHT="2" WC="0.68" CONTENT=":"/>
						</TextLine>
					</TextBlock>
					<TextBlock ID="block_6" HPOS="99" VPOS="859" WIDTH="822" HEIGHT="83">
						<TextLine ID="line_26" HPOS="168" VPOS="859" WIDTH="753" HEIGHT="27">
							<String ID="string_232" HPOS="168" VPOS="859" WIDTH="76" HEIGHT="20" WC="0.96" CONTENT="Denna"/><SP WIDTH="22" VPOS="859" HPOS="244"/>
							<String ID="string_233" HPOS="266" VPOS="859" WIDTH="156" HEIGHT="26" WC="0.93" CONTENT="framställning"/><SP WIDTH="23" VPOS="859" HPOS="422"/>
							<String ID="string_234" HPOS="445" VPOS="859" WIDTH="128" HEIGHT="20" WC="0.92" CONTENT="besvarades"/><SP WIDTH="21" VPOS="859" HPOS="573"/>
							<String ID="string_235" HPOS="594" VPOS="859" WIDTH="100" HEIGHT="27" WC="0.91" CONTENT="jakande,"/><SP WIDTH="19" VPOS="859" HPOS="694"/>
							<String ID="string_236" HPOS="713" VPOS="859" WIDTH="27" HEIGHT="27" WC="0.96" CONTENT="pä"/><SP WIDTH="18" VPOS="859" HPOS="740"/>
							<String ID="string_237" HPOS="758" VPOS="859" WIDTH="67" HEIGHT="27" WC="0.93" CONTENT="grund"/><SP WIDTH="20" VPOS="859" HPOS="825"/>
							<String ID="string_238" HPOS="845" VPOS="859" WIDTH="76" HEIGHT="20" WC="0.91" CONTENT="hvaraf"/>
						</TextLine>
						<TextLine ID="line_27" HPOS="100" VPOS="887" WIDTH="818" HEIGHT="27">
							<String ID="string_239" HPOS="100" VPOS="887" WIDTH="39" HEIGHT="20" WC="0.93" CONTENT="den"/><SP WIDTH="24" VPOS="887" HPOS="139"/>
							<String ID="string_240" HPOS="163" VPOS="887" WIDTH="22" HEIGHT="20" WC="0.92" CONTENT="af"/><SP WIDTH="20" VPOS="887" HPOS="185"/>
							<String ID="string_241" HPOS="205" VPOS="887" WIDTH="106" HEIGHT="20" WC="0.95" CONTENT="utskottet"/><SP WIDTH="22" VPOS="887" HPOS="311"/>
							<String ID="string_242" HPOS="333" VPOS="887" WIDTH="121" HEIGHT="27" WC="0.93" CONTENT="föreslagna"/><SP WIDTH="22" VPOS="887" HPOS="454"/>
							<String ID="string_243" HPOS="476" VPOS="887" WIDTH="95" HEIGHT="27" WC="0.96" CONTENT="lydelsen"/><SP WIDTH="24" VPOS="887" HPOS="571"/>
							<String ID="string_244" HPOS="595" VPOS="887" WIDTH="131" HEIGHT="20" WC="0.96" CONTENT="förklarades"/><SP WIDTH="23" VPOS="887" HPOS="726"/>
							<String ID="string_245" HPOS="749" VPOS="889" WIDTH="102" HEIGHT="25" WC="0.95" CONTENT="antagen,"/><SP WIDTH="19" VPOS="889" HPOS="851"/>
							<String ID="string_246" HPOS="870" VPOS="887" WIDTH="48" HEIGHT="21" WC="0.96" CONTENT="med"/>
						</TextLine>
						<TextLine ID="line_28" HPOS="99" VPOS="915" WIDTH="231" HEIGHT="27">
							<String ID="string_247" HPOS="99" VPOS="916" WIDTH="52" HEIGHT="20" WC="0.96" CONTENT="eller"/><SP WIDTH="16" VPOS="916" HPOS="151"/>
							<String ID="string_248" HPOS="167" VPOS="917" WIDTH="49" HEIGHT="18" WC="0.96" CONTENT="utan"/><SP WIDTH="18" VPOS="917" HPOS="216"/>
							<String ID="string_249" HPOS="234" VPOS="915" WIDTH="96" HEIGHT="27" WC="0.96" CONTENT="ändring."/>
						</TextLine>
					</TextBlock>
					<TextBlock ID="block_7" HPOS="168" VPOS="944" WIDTH="478" HEIGHT="27">
						<TextLine ID="line_29" HPOS="168" VPOS="944" WIDTH="478" HEIGHT="27">
							<String ID="string_250" HPOS="168" VPOS="944" WIDTH="49" HEIGHT="20" WC="0.93" CONTENT="Med"/><SP WIDTH="17" VPOS="944" HPOS="217"/>
							<String ID="string_251" HPOS="234" VPOS="944" WIDTH="99" HEIGHT="21" WC="0.92" CONTENT="afseende"/><SP WIDTH="17" VPOS="944" HPOS="333"/>
							<String ID="string_252" HPOS="350" VPOS="944" WIDTH="51" HEIGHT="20" WC="0.91" CONTENT="härä"/><SP WIDTH="17" VPOS="944" HPOS="401"/>
							<String ID="string_253" HPOS="418" VPOS="944" WIDTH="103" HEIGHT="27" WC="0.92" CONTENT="begärdes"/><SP WIDTH="17" VPOS="944" HPOS="521"/>
							<String ID="string_254" HPOS="538" VPOS="944" WIDTH="62" HEIGHT="20" WC="0.91" CONTENT="ordet"/><SP WIDTH="16" VPOS="944" HPOS="600"/>
							<String ID="string_255" HPOS="616" VPOS="944" WIDTH="30" HEIGHT="20" WC="0.96" CONTENT="af:"/>
						</TextLine>
					</TextBlock>
					<TextBlock ID="block_8" HPOS="99" VPOS="972" WIDTH="820" HEIGHT="84">
						<TextLine ID="line_30" HPOS="168" VPOS="972" WIDTH="751" HEIGHT="27">
							<String ID="string_256" HPOS="168" VPOS="972" WIDTH="56" HEIGHT="21" WC="0.96" CONTENT="Herr"/><SP WIDTH="16" VPOS="972" HPOS="224"/>
							<String ID="string_257" HPOS="240" VPOS="979" WIDTH="46" HEIGHT="13" WC="0.96" CONTENT="von"/><SP WIDTH="17" VPOS="979" HPOS="286"/>
							<String ID="string_258" HPOS="303" VPOS="972" WIDTH="150" HEIGHT="26" WC="0.96" CONTENT="Bonsdorff,"/><SP WIDTH="17" VPOS="972" HPOS="453"/>
							<String ID="string_259" HPOS="470" VPOS="979" WIDTH="45" HEIGHT="14" WC="0.92" CONTENT="som"/><SP WIDTH="20" VPOS="979" HPOS="515"/>
							<String ID="string_260" HPOS="535" VPOS="973" WIDTH="95" HEIGHT="26" WC="0.92" CONTENT="yttrade:"/><SP WIDTH="23" VPOS="973" HPOS="630"/>
							<String ID="string_261" HPOS="653" VPOS="972" WIDTH="42" HEIGHT="27" WC="0.95" CONTENT="Jag"/><SP WIDTH="16" VPOS="972" HPOS="695"/>
							<String ID="string_262" HPOS="711" VPOS="972" WIDTH="67" HEIGHT="21" WC="0.93" CONTENT="skulle"/><SP WIDTH="17" VPOS="972" HPOS="778"/>
							<String ID="string_263" HPOS="795" VPOS="973" WIDTH="78" HEIGHT="20" WC="0.92" CONTENT="föreslä"/><SP WIDTH="15" VPOS="973" HPOS="873"/>
							<String ID="string_264" HPOS="888" VPOS="976" WIDTH="31" HEIGHT="17" WC="0.96" CONTENT="att"/>
						</TextLine>
						<TextLine ID="line_31" HPOS="99" VPOS="1001" WIDTH="820" HEIGHT="27">
							<String ID="string_265" HPOS="99" VPOS="1001" WIDTH="61" HEIGHT="20" WC="0.92" CONTENT="ordet"/><SP WIDTH="17" VPOS="1001" HPOS="160"/>
							<String ID="string_266" HPOS="177" VPOS="1001" WIDTH="124" HEIGHT="27" WC="0.81" CONTENT=",,samtlige&#39;"/><SP WIDTH="16" VPOS="1001" HPOS="301"/>
							<String ID="string_267" HPOS="317" VPOS="1001" WIDTH="68" HEIGHT="20" WC="0.93" CONTENT="skulle"/><SP WIDTH="17" VPOS="1001" HPOS="385"/>
							<String ID="string_268" HPOS="402" VPOS="1001" WIDTH="132" HEIGHT="24" WC="0.96" CONTENT="återställas,"/><SP WIDTH="17" VPOS="1001" HPOS="534"/>
							<String ID="string_269" HPOS="551" VPOS="1001" WIDTH="38" HEIGHT="20" WC="0.95" CONTENT="och"/><SP WIDTH="18" VPOS="1001" HPOS="589"/>
							<String ID="string_270" HPOS="607" VPOS="1001" WIDTH="35" HEIGHT="20" WC="0.91" CONTENT="det"/><SP WIDTH="10" VPOS="1001" HPOS="642"/>
							<String ID="string_271" HPOS="652" VPOS="1001" WIDTH="23" HEIGHT="20" WC="0.91" CONTENT="af"/><SP WIDTH="10" VPOS="1001" HPOS="675"/>
							<String ID="string_272" HPOS="685" VPOS="1001" WIDTH="48" HEIGHT="20" WC="0.96" CONTENT="herr"/><SP WIDTH="12" VPOS="1001" HPOS="733"/>
							<String ID="string_273" HPOS="745" VPOS="1001" WIDTH="110" HEIGHT="20" WC="0.93" CONTENT="Molander"/><SP WIDTH="10" VPOS="1001" HPOS="855"/>
							<String ID="string_274" HPOS="865" VPOS="1001" WIDTH="54" HEIGHT="21" WC="0.92" CONTENT="före-"/>
						</TextLine>
						<TextLine ID="line_32" HPOS="100" VPOS="1029" WIDTH="272" HEIGHT="27">
							<String ID="string_275" HPOS="100" VPOS="1029" WIDTH="74" HEIGHT="27" WC="0.91" CONTENT="slagna"/><SP WIDTH="17" VPOS="1029" HPOS="174"/>
							<String ID="string_276" HPOS="191" VPOS="1029" WIDTH="96" HEIGHT="27" WC="0.92" CONTENT="tillägget"/><SP WIDTH="16" VPOS="1029" HPOS="287"/>
							<String ID="string_277" HPOS="303" VPOS="1031" WIDTH="69" HEIGHT="25" WC="0.91" CONTENT="göras."/>
						</TextLine>
					</TextBlock>
					<TextBlock ID="block_9" HPOS="101" VPOS="1057" WIDTH="817" HEIGHT="56">
						<TextLine ID="line_33" HPOS="169" VPOS="1057" WIDTH="749" HEIGHT="28">
							<String ID="string_278" HPOS="169" VPOS="1057" WIDTH="98" HEIGHT="21" WC="0.96" CONTENT="Friherre"/><SP WIDTH="16" VPOS="1057" HPOS="267"/>
							<String ID="string_279" HPOS="283" VPOS="1058" WIDTH="28" HEIGHT="20" WC="0.96" CONTENT="de"/><SP WIDTH="17" VPOS="1058" HPOS="311"/>
							<String ID="string_280" HPOS="328" VPOS="1058" WIDTH="24" HEIGHT="20" WC="0.86" CONTENT="la"/><SP WIDTH="12" VPOS="1058" HPOS="352"/>
							<String ID="string_281" HPOS="364" VPOS="1057" WIDTH="134" HEIGHT="27" WC="0.83" CONTENT="Ohapelle:"/><SP WIDTH="16" VPOS="1057" HPOS="498"/>
							<String ID="string_282" HPOS="514" VPOS="1057" WIDTH="42" HEIGHT="28" WC="0.93" CONTENT="Jag"/><SP WIDTH="11" VPOS="1057" HPOS="556"/>
							<String ID="string_283" HPOS="567" VPOS="1057" WIDTH="93" HEIGHT="21" WC="0.96" CONTENT="biträder"/><SP WIDTH="11" VPOS="1057" HPOS="660"/>
							<String ID="string_284" HPOS="671" VPOS="1058" WIDTH="5" HEIGHT="19" WC="0.93" CONTENT="i"/><SP WIDTH="13" VPOS="1058" HPOS="676"/>
							<String ID="string_285" HPOS="689" VPOS="1058" WIDTH="39" HEIGHT="19" WC="0.93" CONTENT="allo"/><SP WIDTH="13" VPOS="1058" HPOS="728"/>
							<String ID="string_286" HPOS="741" VPOS="1057" WIDTH="48" HEIGHT="21" WC="0.96" CONTENT="herr"/><SP WIDTH="11" VPOS="1057" HPOS="789"/>
							<String ID="string_287" HPOS="800" VPOS="1065" WIDTH="40" HEIGHT="14" WC="0.93" CONTENT="von"/><SP WIDTH="12" VPOS="1065" HPOS="840"/>
							<String ID="string_288" HPOS="852" VPOS="1058" WIDTH="66" HEIGHT="21" WC="0.91" CONTENT="Bons-"/>
						</TextLine>
						<TextLine ID="line_34" HPOS="101" VPOS="1086" WIDTH="165" HEIGHT="27">
							<String ID="string_289" HPOS="101" VPOS="1086" WIDTH="64" HEIGHT="20" WC="0.91" CONTENT="dorffs"/><SP WIDTH="16" VPOS="1086" HPOS="165"/>
							<String ID="string_290" HPOS="181" VPOS="1086" WIDTH="85" HEIGHT="27" WC="0.95" CONTENT="förslag."/>
						</TextLine>
					</TextBlock>
					<TextBlock ID="block_10" HPOS="100" VPOS="1114" WIDTH="820" HEIGHT="77">
						<TextLine ID="line_35" HPOS="169" VPOS="1114" WIDTH="751" HEIGHT="26">
							<String ID="string_291" HPOS="169" VPOS="1114" WIDTH="56" HEIGHT="20" WC="0.96" CONTENT="Herr"/><SP WIDTH="17" VPOS="1114" HPOS="225"/>
							<String ID="string_292" HPOS="242" VPOS="1114" WIDTH="103" HEIGHT="26" WC="0.93" CONTENT="Linder,"/><SP WIDTH="16" VPOS="1114" HPOS="345"/>
							<String ID="string_293" HPOS="361" VPOS="1114" WIDTH="36" HEIGHT="21" WC="0.91" CONTENT="E.:"/><SP WIDTH="21" VPOS="1114" HPOS="397"/>
							<String ID="string_294" HPOS="418" VPOS="1114" WIDTH="32" HEIGHT="21" WC="0.93" CONTENT="Pä"/><SP WIDTH="22" VPOS="1114" HPOS="450"/>
							<String ID="string_295" HPOS="472" VPOS="1114" WIDTH="26" HEIGHT="21" WC="0.96" CONTENT="de"/><SP WIDTH="23" VPOS="1114" HPOS="498"/>
							<String ID="string_296" HPOS="521" VPOS="1114" WIDTH="46" HEIGHT="20" WC="0.93" CONTENT="skäl"/><SP WIDTH="19" VPOS="1114" HPOS="567"/>
							<String ID="string_297" HPOS="586" VPOS="1114" WIDTH="49" HEIGHT="21" WC="0.92" CONTENT="herr"/><SP WIDTH="19" VPOS="1114" HPOS="635"/>
							<String ID="string_298" HPOS="654" VPOS="1121" WIDTH="39" HEIGHT="14" WC="0.96" CONTENT="von"/><SP WIDTH="21" VPOS="1121" HPOS="693"/>
							<String ID="string_299" HPOS="714" VPOS="1114" WIDTH="116" HEIGHT="21" WC="0.93" CONTENT="Bonsdorff"/><SP WIDTH="21" VPOS="1114" HPOS="830"/>
							<String ID="string_300" HPOS="851" VPOS="1115" WIDTH="69" HEIGHT="21" WC="0.92" CONTENT="anfört"/>
						</TextLine>
						<TextLine ID="line_36" HPOS="100" VPOS="1143" WIDTH="820" HEIGHT="48">
							<String ID="string_301" HPOS="100" VPOS="1143" WIDTH="67" HEIGHT="48" WC="0.33" CONTENT="sal"/><SP WIDTH="22" VPOS="1143" HPOS="167"/>
							<String ID="string_302" HPOS="189" VPOS="1143" WIDTH="37" HEIGHT="27" WC="0.90" CONTENT="jag"/><SP WIDTH="26" VPOS="1143" HPOS="226"/>
							<String ID="string_303" HPOS="252" VPOS="1143" WIDTH="77" HEIGHT="20" WC="0.95" CONTENT="föreslå"/><SP WIDTH="25" VPOS="1143" HPOS="329"/>
							<String ID="string_304" HPOS="354" VPOS="1145" WIDTH="31" HEIGHT="18" WC="0.93" CONTENT="ett"/><SP WIDTH="23" VPOS="1145" HPOS="385"/>
							<String ID="string_305" HPOS="408" VPOS="1143" WIDTH="74" HEIGHT="27" WC="0.96" CONTENT="tillägg"/><SP WIDTH="23" VPOS="1143" HPOS="482"/>
							<String ID="string_306" HPOS="505" VPOS="1143" WIDTH="22" HEIGHT="20" WC="0.93" CONTENT="af"/><SP WIDTH="21" VPOS="1143" HPOS="527"/>
							<String ID="string_307" HPOS="548" VPOS="1143" WIDTH="61" HEIGHT="20" WC="0.92" CONTENT="ordet"/><SP WIDTH="26" VPOS="1143" HPOS="609"/>
							<String ID="string_308" HPOS="635" VPOS="1143" WIDTH="124" HEIGHT="26" WC="0.65" CONTENT=",samtlige*"/><SP WIDTH="23" VPOS="1143" HPOS="759"/>
							<String ID="string_309" HPOS="782" VPOS="1145" WIDTH="50" HEIGHT="18" WC="0.93" CONTENT="utan"/><SP WIDTH="24" VPOS="1145" HPOS="832"/>
							<String ID="string_310" HPOS="856" VPOS="1144" WIDTH="64" HEIGHT="27" WC="0.82" CONTENT="något"/>
						</TextLine>
						<TextLine ID="line_37" HPOS="100" VPOS="1178" WIDTH="79" HEIGHT="13">
							<String ID="string_311" HPOS="100" VPOS="1178" WIDTH="79" HEIGHT="13" WC="0.90" CONTENT="vidare."/>
						</TextLine>
					</TextBlock>
					<TextBlock ID="block_11" HPOS="100" VPOS="1199" WIDTH="820" HEIGHT="85">
						<TextLine ID="line_38" HPOS="169" VPOS="1199" WIDTH="751" HEIGHT="28">
							<String ID="string_312" HPOS="169" VPOS="1199" WIDTH="32" HEIGHT="21" WC="0.96" CONTENT="På"/><SP WIDTH="15" VPOS="1199" HPOS="201"/>
							<String ID="string_313" HPOS="216" VPOS="1199" WIDTH="68" HEIGHT="28" WC="0.96" CONTENT="grund"/><SP WIDTH="17" VPOS="1199" HPOS="284"/>
							<String ID="string_314" HPOS="301" VPOS="1199" WIDTH="61" HEIGHT="20" WC="0.93" CONTENT="häraf"/><SP WIDTH="13" VPOS="1199" HPOS="362"/>
							<String ID="string_315" HPOS="375" VPOS="1199" WIDTH="119" HEIGHT="21" WC="0.92" CONTENT="hemstälde"/><SP WIDTH="16" VPOS="1199" HPOS="494"/>
							<String ID="string_316" HPOS="510" VPOS="1199" WIDTH="49" HEIGHT="21" WC="0.92" CONTENT="herr"/><SP WIDTH="16" VPOS="1199" HPOS="559"/>
							<String ID="string_317" HPOS="575" VPOS="1199" WIDTH="195" HEIGHT="21" WC="0.91" CONTENT="landtmarskalken"/><SP WIDTH="16" VPOS="1199" HPOS="770"/>
							<String ID="string_318" HPOS="786" VPOS="1200" WIDTH="59" HEIGHT="26" WC="0.93" CONTENT="först,"/><SP WIDTH="13" VPOS="1200" HPOS="845"/>
							<String ID="string_319" HPOS="858" VPOS="1200" WIDTH="62" HEIGHT="21" WC="0.91" CONTENT="huru-"/>
						</TextLine>
						<TextLine ID="line_39" HPOS="101" VPOS="1227" WIDTH="819" HEIGHT="28">
							<String ID="string_320" HPOS="101" VPOS="1228" WIDTH="47" HEIGHT="20" WC="0.96" CONTENT="vida"/><SP WIDTH="17" VPOS="1228" HPOS="148"/>
							<String ID="string_321" HPOS="165" VPOS="1228" WIDTH="85" HEIGHT="20" WC="0.96" CONTENT="ståndet"/><SP WIDTH="16" VPOS="1228" HPOS="250"/>
							<String ID="string_322" HPOS="266" VPOS="1227" WIDTH="95" HEIGHT="21" WC="0.96" CONTENT="önskade"/><SP WIDTH="16" VPOS="1227" HPOS="361"/>
							<String ID="string_323" HPOS="377" VPOS="1230" WIDTH="31" HEIGHT="18" WC="0.96" CONTENT="att"/><SP WIDTH="17" VPOS="1230" HPOS="408"/>
							<String ID="string_324" HPOS="425" VPOS="1228" WIDTH="61" HEIGHT="21" WC="0.93" CONTENT="ordet"/><SP WIDTH="17" VPOS="1228" HPOS="486"/>
							<String ID="string_325" HPOS="503" VPOS="1228" WIDTH="126" HEIGHT="27" WC="0.42" CONTENT=",,samtlige&#39;*"/><SP WIDTH="16" VPOS="1228" HPOS="629"/>
							<String ID="string_326" HPOS="645" VPOS="1228" WIDTH="68" HEIGHT="20" WC="0.96" CONTENT="skulle"/><SP WIDTH="16" VPOS="1228" HPOS="713"/>
							<String ID="string_327" HPOS="729" VPOS="1229" WIDTH="5" HEIGHT="19" WC="0.96" CONTENT="i"/><SP WIDTH="18" VPOS="1229" HPOS="734"/>
							<String ID="string_328" HPOS="752" VPOS="1228" WIDTH="115" HEIGHT="21" WC="0.93" CONTENT="utskottets"/><SP WIDTH="11" VPOS="1228" HPOS="867"/>
							<String ID="string_329" HPOS="878" VPOS="1229" WIDTH="42" HEIGHT="20" WC="0.93" CONTENT="för-"/>
						</TextLine>
						<TextLine ID="line_40" HPOS="100" VPOS="1256" WIDTH="784" HEIGHT="28">
							<String ID="string_330" HPOS="100" VPOS="1256" WIDTH="47" HEIGHT="27" WC="0.96" CONTENT="slag"/><SP WIDTH="14" VPOS="1256" HPOS="147"/>
							<String ID="string_331" HPOS="161" VPOS="1256" WIDTH="90" HEIGHT="27" WC="0.95" CONTENT="införas,"/><SP WIDTH="17" VPOS="1256" HPOS="251"/>
							<String ID="string_332" HPOS="268" VPOS="1257" WIDTH="38" HEIGHT="20" WC="0.96" CONTENT="och"/><SP WIDTH="17" VPOS="1257" HPOS="306"/>
							<String ID="string_333" HPOS="323" VPOS="1256" WIDTH="118" HEIGHT="21" WC="0.96" CONTENT="besvarade"/><SP WIDTH="16" VPOS="1256" HPOS="441"/>
							<String ID="string_334" HPOS="457" VPOS="1257" WIDTH="87" HEIGHT="20" WC="0.96" CONTENT="ståndet"/><SP WIDTH="16" VPOS="1257" HPOS="544"/>
							<String ID="string_335" HPOS="560" VPOS="1256" WIDTH="69" HEIGHT="21" WC="0.96" CONTENT="denna"/><SP WIDTH="15" VPOS="1256" HPOS="629"/>
							<String ID="string_336" HPOS="644" VPOS="1257" WIDTH="125" HEIGHT="20" WC="0.93" CONTENT="hemställan"/><SP WIDTH="14" VPOS="1257" HPOS="769"/>
							<String ID="string_337" HPOS="783" VPOS="1257" WIDTH="101" HEIGHT="27" WC="0.91" CONTENT="jakande."/>
						</TextLine>
					</TextBlock>
				</ComposedBlock>
				<ComposedBlock ID="cblock_2" HPOS="100" VPOS="1313" WIDTH="822" HEIGHT="198">
					<TextBlock ID="block_12" HPOS="100" VPOS="1313" WIDTH="822" HEIGHT="198">
						<TextLine ID="line_41" HPOS="169" VPOS="1313" WIDTH="751" HEIGHT="28">
							<String ID="string_338" HPOS="169" VPOS="1313" WIDTH="160" HEIGHT="28" WC="0.96" CONTENT="Behandlingen"/><SP WIDTH="18" VPOS="1313" HPOS="329"/>
							<String ID="string_339" HPOS="347" VPOS="1313" WIDTH="23" HEIGHT="21" WC="0.96" CONTENT="af"/><SP WIDTH="14" VPOS="1313" HPOS="370"/>
							<String ID="string_340" HPOS="384" VPOS="1313" WIDTH="36" HEIGHT="20" WC="0.96" CONTENT="det"/><SP WIDTH="16" VPOS="1313" HPOS="420"/>
							<String ID="string_341" HPOS="436" VPOS="1313" WIDTH="67" HEIGHT="21" WC="0.96" CONTENT="under"/><SP WIDTH="16" VPOS="1313" HPOS="503"/>
							<String ID="string_342" HPOS="519" VPOS="1313" WIDTH="121" HEIGHT="21" WC="0.92" CONTENT="diskussion"/><SP WIDTH="20" VPOS="1313" HPOS="640"/>
							<String ID="string_343" HPOS="660" VPOS="1313" WIDTH="128" HEIGHT="21" WC="0.92" CONTENT="förevordna"/><SP WIDTH="15" VPOS="1313" HPOS="788"/>
							<String ID="string_344" HPOS="803" VPOS="1313" WIDTH="117" HEIGHT="21" WC="0.92" CONTENT="betänkan-"/>
						</TextLine>
						<TextLine ID="line_42" HPOS="100" VPOS="1341" WIDTH="821" HEIGHT="28">
							<String ID="string_345" HPOS="100" VPOS="1341" WIDTH="36" HEIGHT="21" WC="0.93" CONTENT="det"/><SP WIDTH="21" VPOS="1341" HPOS="136"/>
							<String ID="string_346" HPOS="157" VPOS="1341" WIDTH="81" HEIGHT="21" WC="0.91" CONTENT="afbröts"/><SP WIDTH="24" VPOS="1341" HPOS="238"/>
							<String ID="string_347" HPOS="262" VPOS="1341" WIDTH="23" HEIGHT="21" WC="0.96" CONTENT="af"/><SP WIDTH="13" VPOS="1341" HPOS="285"/>
							<String ID="string_348" HPOS="298" VPOS="1348" WIDTH="26" HEIGHT="14" WC="0.93" CONTENT="en"/><SP WIDTH="19" VPOS="1348" HPOS="324"/>
							<String ID="string_349" HPOS="343" VPOS="1342" WIDTH="125" HEIGHT="27" WC="0.92" CONTENT="deputation"/><SP WIDTH="19" VPOS="1342" HPOS="468"/>
							<String ID="string_350" HPOS="487" VPOS="1341" WIDTH="46" HEIGHT="21" WC="0.96" CONTENT="från"/><SP WIDTH="20" VPOS="1341" HPOS="533"/>
							<String ID="string_351" HPOS="553" VPOS="1342" WIDTH="36" HEIGHT="20" WC="0.93" CONTENT="det"/><SP WIDTH="19" VPOS="1342" HPOS="589"/>
							<String ID="string_352" HPOS="608" VPOS="1342" WIDTH="128" HEIGHT="27" WC="0.91" CONTENT="högvördiga"/><SP WIDTH="18" VPOS="1342" HPOS="736"/>
							<String ID="string_353" HPOS="754" VPOS="1342" WIDTH="167" HEIGHT="27" WC="0.92" CONTENT="presteståndet,"/>
						</TextLine>
						<TextLine ID="line_43" HPOS="100" VPOS="1369" WIDTH="822" HEIGHT="28">
							<String ID="string_354" HPOS="100" VPOS="1369" WIDTH="68" HEIGHT="21" WC="0.95" CONTENT="under"/><SP WIDTH="15" VPOS="1369" HPOS="168"/>
							<String ID="string_355" HPOS="183" VPOS="1370" WIDTH="117" HEIGHT="20" WC="0.96" CONTENT="anförande"/><SP WIDTH="16" VPOS="1370" HPOS="300"/>
							<String ID="string_356" HPOS="316" VPOS="1370" WIDTH="23" HEIGHT="21" WC="0.96" CONTENT="af"/><SP WIDTH="14" VPOS="1370" HPOS="339"/>
							<String ID="string_357" HPOS="353" VPOS="1370" WIDTH="137" HEIGHT="27" WC="0.96" CONTENT="domprosten"/><SP WIDTH="16" VPOS="1370" HPOS="490"/>
							<String ID="string_358" HPOS="506" VPOS="1370" WIDTH="65" HEIGHT="27" WC="0.96" CONTENT="Borg,"/><SP WIDTH="11" VPOS="1370" HPOS="571"/>
							<String ID="string_359" HPOS="582" VPOS="1377" WIDTH="45" HEIGHT="14" WC="0.96" CONTENT="som"/><SP WIDTH="12" VPOS="1377" HPOS="627"/>
							<String ID="string_360" HPOS="639" VPOS="1370" WIDTH="94" HEIGHT="27" WC="0.93" CONTENT="yttrade:"/><SP WIDTH="13" VPOS="1370" HPOS="733"/>
							<String ID="string_361" HPOS="746" VPOS="1370" WIDTH="176" HEIGHT="25" WC="0.90" CONTENT=",,Presteståndet"/>
						</TextLine>
						<TextLine ID="line_44" HPOS="100" VPOS="1398" WIDTH="821" HEIGHT="27">
							<String ID="string_362" HPOS="100" VPOS="1398" WIDTH="96" HEIGHT="21" WC="0.96" CONTENT="anhåller"/><SP WIDTH="15" VPOS="1398" HPOS="196"/>
							<String ID="string_363" HPOS="211" VPOS="1405" WIDTH="77" HEIGHT="20" WC="0.96" CONTENT="genom"/><SP WIDTH="16" VPOS="1405" HPOS="288"/>
							<String ID="string_364" HPOS="304" VPOS="1405" WIDTH="44" HEIGHT="19" WC="0.90" CONTENT="oss,"/><SP WIDTH="17" VPOS="1405" HPOS="348"/>
							<String ID="string_365" HPOS="365" VPOS="1398" WIDTH="49" HEIGHT="21" WC="0.96" CONTENT="dess"/><SP WIDTH="16" VPOS="1398" HPOS="414"/>
							<String ID="string_366" HPOS="430" VPOS="1398" WIDTH="139" HEIGHT="27" WC="0.96" CONTENT="deputerade,"/><SP WIDTH="16" VPOS="1398" HPOS="569"/>
							<String ID="string_367" HPOS="585" VPOS="1399" WIDTH="21" HEIGHT="20" WC="0.93" CONTENT="få"/><SP WIDTH="19" VPOS="1399" HPOS="606"/>
							<String ID="string_368" HPOS="625" VPOS="1399" WIDTH="154" HEIGHT="20" WC="0.91" CONTENT="vördsammast"/><SP WIDTH="15" VPOS="1399" HPOS="779"/>
							<String ID="string_369" HPOS="794" VPOS="1398" WIDTH="74" HEIGHT="21" WC="0.96" CONTENT="nalkas"/><SP WIDTH="17" VPOS="1398" HPOS="868"/>
							<String ID="string_370" HPOS="885" VPOS="1399" WIDTH="36" HEIGHT="20" WC="0.96" CONTENT="det"/>
						</TextLine>
						<TextLine ID="line_45" HPOS="101" VPOS="1426" WIDTH="821" HEIGHT="28">
							<String ID="string_371" HPOS="101" VPOS="1426" WIDTH="114" HEIGHT="27" WC="0.91" CONTENT="höglofliga"/><SP WIDTH="25" VPOS="1426" HPOS="215"/>
							<String ID="string_372" HPOS="240" VPOS="1427" WIDTH="149" HEIGHT="27" WC="0.96" CONTENT="ridderskapet"/><SP WIDTH="23" VPOS="1427" HPOS="389"/>
							<String ID="string_373" HPOS="412" VPOS="1427" WIDTH="38" HEIGHT="20" WC="0.95" CONTENT="och"/><SP WIDTH="25" VPOS="1427" HPOS="450"/>
							<String ID="string_374" HPOS="475" VPOS="1427" WIDTH="62" HEIGHT="20" WC="0.95" CONTENT="adeln"/><SP WIDTH="26" VPOS="1427" HPOS="537"/>
							<String ID="string_375" HPOS="563" VPOS="1427" WIDTH="48" HEIGHT="20" WC="0.96" CONTENT="med"/><SP WIDTH="24" VPOS="1427" HPOS="611"/>
							<String ID="string_376" HPOS="635" VPOS="1427" WIDTH="137" HEIGHT="20" WC="0.96" CONTENT="meddelande"/><SP WIDTH="24" VPOS="1427" HPOS="772"/>
							<String ID="string_377" HPOS="796" VPOS="1427" WIDTH="71" HEIGHT="20" WC="0.95" CONTENT="derom"/><SP WIDTH="23" VPOS="1427" HPOS="867"/>
							<String ID="string_378" HPOS="890" VPOS="1429" WIDTH="32" HEIGHT="18" WC="0.96" CONTENT="att"/>
						</TextLine>
						<TextLine ID="line_46" HPOS="101" VPOS="1455" WIDTH="820" HEIGHT="27">
							<String ID="string_379" HPOS="101" VPOS="1455" WIDTH="168" HEIGHT="26" WC="0.89" CONTENT="presteståndet,"/><SP WIDTH="17" VPOS="1455" HPOS="269"/>
							<String ID="string_380" HPOS="286" VPOS="1455" WIDTH="5" HEIGHT="20" WC="0.96" CONTENT="i"/><SP WIDTH="17" VPOS="1455" HPOS="291"/>
							<String ID="string_381" HPOS="308" VPOS="1455" WIDTH="106" HEIGHT="20" WC="0.95" CONTENT="anseende"/><SP WIDTH="17" VPOS="1455" HPOS="414"/>
							<String ID="string_382" HPOS="431" VPOS="1455" WIDTH="30" HEIGHT="20" WC="0.96" CONTENT="till"/><SP WIDTH="17" VPOS="1455" HPOS="461"/>
							<String ID="string_383" HPOS="478" VPOS="1455" WIDTH="40" HEIGHT="21" WC="0.96" CONTENT="den"/><SP WIDTH="17" VPOS="1455" HPOS="518"/>
							<String ID="string_384" HPOS="535" VPOS="1457" WIDTH="58" HEIGHT="18" WC="0.96" CONTENT="stora"/><SP WIDTH="16" VPOS="1457" HPOS="593"/>
							<String ID="string_385" HPOS="609" VPOS="1455" WIDTH="77" HEIGHT="27" WC="0.96" CONTENT="mängd"/><SP WIDTH="16" VPOS="1455" HPOS="686"/>
							<String ID="string_386" HPOS="702" VPOS="1455" WIDTH="23" HEIGHT="20" WC="0.93" CONTENT="af"/><SP WIDTH="12" VPOS="1455" HPOS="725"/>
							<String ID="string_387" HPOS="737" VPOS="1455" WIDTH="104" HEIGHT="27" WC="0.91" CONTENT="olycklige"/><SP WIDTH="12" VPOS="1455" HPOS="841"/>
							<String ID="string_388" HPOS="853" VPOS="1455" WIDTH="68" HEIGHT="21" WC="0.92" CONTENT="lands-"/>
						</TextLine>
						<TextLine ID="line_47" HPOS="100" VPOS="1483" WIDTH="820" HEIGHT="28">
							<String ID="string_389" HPOS="100" VPOS="1484" WIDTH="58" HEIGHT="23" WC="0.95" CONTENT="män,"/><SP WIDTH="19" VPOS="1484" HPOS="158"/>
							<String ID="string_390" HPOS="177" VPOS="1483" WIDTH="71" HEIGHT="20" WC="0.96" CONTENT="hvilka"/><SP WIDTH="19" VPOS="1483" HPOS="248"/>
							<String ID="string_391" HPOS="267" VPOS="1485" WIDTH="36" HEIGHT="19" WC="0.93" CONTENT="äro"/><SP WIDTH="16" VPOS="1485" HPOS="303"/>
							<String ID="string_392" HPOS="319" VPOS="1483" WIDTH="116" HEIGHT="21" WC="0.90" CONTENT="beröfvade"/><SP WIDTH="16" VPOS="1483" HPOS="435"/>
							<String ID="string_393" HPOS="451" VPOS="1483" WIDTH="41" HEIGHT="21" WC="0.93" CONTENT="den"/><SP WIDTH="17" VPOS="1483" HPOS="492"/>
							<String ID="string_394" HPOS="509" VPOS="1483" WIDTH="74" HEIGHT="21" WC="0.87" CONTENT="allvise"/><SP WIDTH="16" VPOS="1483" HPOS="583"/>
							<String ID="string_395" HPOS="599" VPOS="1483" WIDTH="121" HEIGHT="28" WC="0.90" CONTENT="Skaparens"/><SP WIDTH="16" VPOS="1483" HPOS="720"/>
							<String ID="string_396" HPOS="736" VPOS="1483" WIDTH="184" HEIGHT="28" WC="0.91" CONTENT="förstlingsgåfva,"/>
						</TextLine>
					</TextBlock>
				</ComposedBlock>
				<GraphicalElement ID="cblock_3" HPOS="1071" VPOS="737" WIDTH="7" HEIGHT="433"></GraphicalElement >
			</PrintSpace>
		</Page>
	</Layout>
</alto>
