1078 1692
189 86 40 20 198

160 142 88 21 stående
272 141 80 27 förslag
368 141 39 21 och
423 140 104 21 förklarar
542 140 31 27 sig
585 140 41 28 för
642 146 24 14 en
678 139 92 28 petition
786 139 8 19 i
809 138 95 28 angijvet
920 137 64 28 syfte,

161 171 59 21 torde
236 170 64 29 äfven
316 170 136 21 medstånden
467 168 101 28 inbjudas
584 172 31 16 att
631 168 47 21 deri
694 167 91 28 deltaga.

229 204 137 27 Helsingfors
382 204 41 20 den
440 203 25 21 18
481 202 43 28 Maj
541 202 60 21 1867.

334 249 33 21 På
382 248 97 22 enskilda
494 247 210 22 besvärsutskottets
721 248 89 26 vägnar:

499 304 27 22 A.
542 304 109 22 WREDE.

740 350 77 16 Fredrik
830 350 86 16 Idestam.

230 397 153 21 Betänkandet
402 396 67 21 skulle
488 396 90 21 hållas
570 390 10 38 å
592 394 76 22 bordet
687 395 42 21 tills
748 394 26 22 de
793 394 77 28 nådiga
889 394 95 28 proposi-

162 427 75 25 tioner,
254 432 46 14 som
316 432 51 14 voro
384 424 122 28 bordlagda,
522 424 71 21 blifvit
607 423 137 29 föredragna.

230 482 132 28 Föredrogs:

163 511 168 28 Ridderskapets
356 511 37 21 och
416 510 72 21 adelns
511 510 95 21 enskilda
630 509 169 21 besvärsutskotts
823 509 131 21 betänkande
980 510 7 18 i

231 540 117 27 anledning
363 539 28 29 af
404 543 27 17 ett
446 539 52 29 utaf
506 539 97 28 friherre
622 538 82 24 Wrede,
720 538 34 24 A.,
770 538 89 28 ingifvet
872 538 114 27 petitions-

231 568 117 24 memorial,
374 568 108 27 angående
498 575 24 13 en
545 567 169 28 reorganisation
737 566 27 28 af
784 566 177 21 häradsrätterna
980 567 7 19 i

231 596 81 22 landet.

232 624 124 28 Höglofliga
379 624 148 28 ridderskapet
543 624 40 20 och
599 624 62 20 adeln
677 624 39 20 har
730 623 7 21 i
753 623 197 28 protokollsutdrag
966 624 23 20 af

163 653 42 21 den
220 654 13 20 2
248 653 116 21 nästvikne
388 653 61 27 April
474 652 105 21 infordrat
601 652 118 21 utskottets
735 652 100 27 yttrande
850 652 7 20 i
872 652 115 27 anledning

164 682 23 20 af
208 683 31 19 ett
262 682 49 20 utaf
331 681 90 21 friherre
439 680 92 28 Wrede,
547 681 34 27 A.,
597 680 118 21 inlemnadt
730 680 110 21 memorial
856 680 24 21 af
893 680 93 28 följande

164 710 92 27 lydelse:

316 754 8 10 »
326 738 41 26 Till
383 738 122 27 Höglofliga
521 738 159 27 Ridderskapet
696 737 39 21 och
751 737 76 21 Adeln.

232 766 39 21 Ett
286 766 61 21 lands
363 766 59 27 lagar
439 773 62 14 anses
517 766 49 21 med
582 768 57 19 rätta
654 766 70 21 utvisa
740 766 76 20 måttet
831 766 24 20 af
863 766 122 27 bildningen

164 795 39 21 hos
222 794 50 21 dess
288 795 136 21 innevånare.
454 795 50 21 Men
519 795 77 21 endast
612 801 77 21 genom
705 801 26 14 en
747 794 34 21 väl
796 794 81 21 ordnad
892 794 95 28 lagskip-

164 823 57 27 ning,
246 823 90 21 förenad
358 824 48 19 med
422 830 49 13 snar
486 823 163 27 verkställighet
665 823 23 20 af
701 822 130 27 domsluten,
847 823 69 20 förmå
931 823 55 27 goda

164 851 60 28 lagar
247 851 115 21 återverka
385 852 27 27 på
434 851 83 21 folkens
541 851 82 28 sedliga
645 851 28 20 lif.
711 851 34 20 Då
761 851 82 21 således
860 858 26 14 en
902 852 85 20 nations

164 879 195 22 framåtskridande
375 880 6 20 i
397 880 120 27 väsendtlig
531 887 50 14 mon
598 880 62 20 beror
668 879 28 28 på
704 879 26 21 de
739 879 155 27 institutioner,
910 887 76 21 genom

165 907 73 22 hvilka
252 908 165 28 lagskipningen
433 908 39 21 och
488 908 117 21 exekutiva
621 908 87 21 makten
724 907 138 28 handhafves,
879 909 23 20 är
918 909 36 20 det
966 909 23 20 af

165 936 85 28 oändlig
269 937 45 27 vigt
322 939 31 18 att
361 937 66 25 tillse,
436 936 35 21 det
479 937 64 20 dessa
553 939 109 18 motsvara
670 937 53 20 hvar
731 937 37 20 sitt
779 936 88 21 afsedda
882 937 104 20 ändamål.

232 965 40 20 Att
293 965 171 21 häradsrätterna
481 965 6 21 i
503 965 91 20 Finland
620 965 48 21 med
691 965 63 21 dessa
779 965 127 21 domstolars
922 972 65 17 nuya-

164 992 67 21 rande
246 993 145 28 organisation
407 993 127 21 härutinnan
549 993 71 21 lemna
635 994 86 27 mycket
737 993 64 28 öfrigt
816 995 32 19 att
863 994 77 25 önska,
954 995 33 26 ja,

165 1023 31 18 att
212 1021 26 21 de
253 1021 48 22 icke
316 1022 72 21 kunna
403 1022 95 27 uppfylla
514 1022 25 21 de
555 1022 120 27 fordringar
690 1029 49 14 man
755 1022 101 27 billigtvis
867 1029 51 21 eger
926 1023 62 20 ställa

165 1049 28 28 pä
215 1056 26 14 en
264 1050 67 21 första
355 1050 91 21 domstol
462 1051 12 20 &
488 1050 83 27 landet,
596 1051 60 20 torde
679 1051 62 20 äfven
758 1050 24 24 af
794 1051 41 20 den
851 1051 6 20 i
873 1058 115 20 processen

165 1077 83 22 mindre
271 1078 136 22 bevandrade
426 1079 38 21 lätt
480 1079 72 21 kunna
567 1079 64 20 inses.
662 1079 193 21 Häradsrätternas
870 1079 118 21 ambulato-

165 1106 58 21 riska
246 1107 119 28 egenskap,
388 1107 61 21 deras
471 1107 192 28 sammansättning
678 1107 40 21 och
734 1108 31 20 till
782 1114 25 14 en
823 1108 34 21 del
872 1108 64 21 äfven
952 1108 36 21 det

166 1135 49 20 med
230 1135 114 21 domarens
359 1136 93 27 aflöning
467 1135 102 22 förenade
585 1137 185 26 sportelväsendet
785 1137 36 20 äro
833 1137 155 20 samverkande

166 1163 88 21 orsaker
279 1163 33 22 till
335 1164 130 21 förlamande
481 1164 23 21 af
518 1164 71 21 denna
604 1165 104 20 domstols
723 1165 138 20 verksamhet
875 1165 39 21 och
930 1165 58 21 med-

165 1191 47 21 föra
227 1198 26 14 en
269 1192 77 28 mängd
362 1193 143 26 olägenheter,
522 1200 45 14 som
581 1193 38 28 jag
635 1193 99 28 utbedjer
750 1193 42 27 mig
808 1195 31 19 att
856 1193 38 21 här
909 1194 31 20 till
962 1201 26 13 en

167 1219 34 22 del
216 1220 21 21 få
252 1221 99 20 närmare
366 1221 116 20 framhålla.

235 1249 135 21 Allmännast
393 1249 39 21 och
455 1249 48 21 med
525 1250 47 20 skäl
595 1249 74 28 klagas
688 1250 60 21 öfver
763 1250 161 27 långsamheten
940 1251 48 20 med

167 1277 118 21 ärendenas
308 1277 129 28 behandling
461 1278 35 21 vid
519 1278 127 21 häradsrätt.
678 1278 47 21 Och
749 1278 67 21 ehuru
839 1279 38 27 jag
892 1278 96 21 hvarken

167 1305 35 20 vill
217 1305 57 21 neka
290 1308 31 19 att
336 1306 113 28 uppskof
445 1301 12 37 i
466 1313 25 14 en
507 1307 79 27 mängd
601 1307 36 20 fall
653 1307 71 20 kunna
740 1307 23 20 af
772 1307 101 20 domaren
881 1307 107 21 förekom-

166 1340 56 20 mas,
245 1333 45 22 dels
310 1341 78 21 genom
404 1336 31 19 ett
450 1335 173 27 omsorgsfullare
639 1335 133 21 bemödande
788 1337 32 19 att
837 1335 33 20 vid
886 1335 102 20 konfron-

166 1361 70 28 tering
260 1363 23 20 af
304 1363 131 27 sakegarene
457 1365 52 19 utan
527 1363 113 28 bevisning
654 1363 22 21 få
691 1364 118 27 sanningen
825 1363 6 21 i
848 1363 78 28 dagen,
943 1364 45 20 dels

166 1389 40 22 och
228 1397 78 21 genom
327 1391 63 28 tidigt
413 1391 151 28 föreläggande
589 1393 23 20 af
625 1392 26 21 de
667 1392 6 20 i
689 1393 34 26 lag
739 1392 107 27 medgifna
861 1391 127 28 kraftigaste

165 1419 146 28 förpligtelser
332 1420 34 21 för
387 1420 123 27 bevisnings
535 1420 169 27 framställande,
720 1421 52 20 eller
790 1420 76 21 tvekar
882 1422 32 19 att
930 1421 58 20 med-

166 1447 58 28 gifva
239 1448 37 20 det
292 1448 69 27 någon
376 1449 63 27 gång,
455 1449 6 20 i
477 1449 112 27 kinkigare
604 1449 44 27 fall,
664 1449 114 21 domarene
794 1449 76 27 sjelfva
880 1449 50 20 sökt
941 1449 46 21 skäl

167 1475 31 22 till
220 1476 100 28 uppskof,
342 1477 34 21 för
398 1479 32 19 att
452 1477 79 21 bereda
546 1477 33 28 sig
594 1477 82 22 tillfälle
692 1477 31 22 till
739 1484 26 14 en
781 1477 64 21 likväl
860 1477 33 20 för
909 1477 78 22 sakens
