1078 1692
860 78 26 20 59

93 137 46 19 från
156 136 69 20 denna
240 136 81 27 princip
338 136 38 20 har
391 136 106 20 utskottet
512 136 48 20 icke
576 135 82 21 kunnat
673 135 115 27 godkänna
803 135 36 20 det
857 134 56 21 sväf-

94 165 69 20 vande
179 165 6 19 i
201 164 39 21 den
258 164 76 28 nådiga
353 164 171 27 propositionens
541 164 54 20 1:sta
611 164 11 26 $
639 164 54 24 deri,
710 165 31 19 att
756 164 107 27 borgenär
879 163 35 20 vid

94 192 126 22 inträffande
236 192 94 21 konkurs
342 193 80 27 åligger
433 195 30 17 att
475 192 31 20 sin
518 192 86 20 fordran
615 193 6 19 i
633 192 123 20 konkursen
768 192 51 20 eller
830 192 83 27 prokla-

94 229 47 13 man
162 221 92 27 lagligen
278 221 82 21 bevaka
380 221 51 20 eller
450 220 39 21 ock
506 221 37 20 hos
561 221 155 20 löftesmännen
732 222 107 26 uppsäga,
856 220 57 26 eller,

94 251 38 21 der
148 250 40 20 den
203 249 97 21 förfallen
316 252 30 24 är,
358 250 77 20 utsöka
445 250 23 20 så
480 249 62 27 tidigt
553 249 46 21 före
611 250 40 20 den
663 250 114 20 beramade
789 249 123 20 inställelse-

94 280 75 26 dagen.
193 278 72 20 Orden
282 279 36 24 ,,så
335 277 75 28 tidigt"
427 280 36 18 äro
480 278 98 27 ofantligt
594 278 125 24 sväfvande,
736 282 23 23 ty
774 279 25 19 än
811 278 41 20 kan
865 284 47 14 man

94 307 65 28 tycka
175 309 31 18 att
222 306 35 21 det
274 308 22 19 är
312 306 41 28 god
369 306 39 26 tid,
426 313 23 14 en
467 314 69 13 annan
553 307 56 27 gång
625 307 57 24 icke,
699 306 99 20 hvarföre
811 307 38 26 jag
864 306 49 20 obe-

94 336 84 28 tingadt
193 336 97 20 förordar
306 335 131 27 antagandet
453 335 22 20 af
489 335 116 21 utskottets
622 335 79 27 förslag
715 335 6 20 i
732 334 68 21 denna
817 335 40 20 del.
880 335 33 20 De

95 365 55 26 skäl,
167 371 44 14 som
228 364 48 20 herr
292 364 120 20 Grotenfelt
424 364 5 20 i
441 364 31 20 sin
490 364 132 20 reservation
639 364 69 20 anfört
725 365 57 19 emot
798 364 59 20 detta
872 363 40 20 för-

95 394 52 27 slag,
163 394 19 19 d.
199 400 18 12 v.
235 400 16 12 s.
268 395 30 17 att
314 394 31 18 ott
361 392 78 28 utslag,
457 399 45 13 som
518 392 65 21 redan
600 392 37 20 har
652 392 63 25 fallit,
731 392 47 21 icke
792 392 67 20 skulle
872 393 41 19 sät-

95 424 32 18 tas
143 422 5 20 i
165 421 170 27 verkställighet,
352 421 68 20 finner
433 421 37 27 jag
487 421 47 20 icke
550 421 66 20 heller
632 421 42 20 tala
691 425 43 16 mot
750 421 20 27 $,
782 420 89 21 emedan
882 423 31 17 ett

95 450 80 27 utslag,
192 456 45 14 som
254 450 73 20 vunnit
342 450 48 26 laga
405 450 57 20 kraft
479 452 57 18 emot
551 456 25 14 en
588 450 123 26 löftesman,
724 450 41 20 kan
777 449 59 20 alltid
847 451 67 18 sättas

95 480 6 19 i
112 478 170 26 verkställighet,
294 485 48 13 men
353 478 156 20 löftesmannen
520 478 40 20 kan
573 478 53 20 söka
637 478 119 27 ersättning
768 478 22 20 af
798 478 115 27 fordrings-

95 514 88 20 egaren,
206 506 42 20 ifall
271 507 68 20 denne
362 506 125 20 försummat
506 509 31 17 att
553 507 6 19 i
575 506 123 21 konkursen
716 506 52 21 eller
789 506 124 28 proklaman

96 536 83 20 bevaka
195 534 165 22 löftesmannens
376 536 49 19 rätt.
449 535 42 27 Jag
507 535 124 27 godkänner
647 535 82 21 således
746 535 127 27 fullkomligt
888 535 26 20 de

96 564 114 27 principer,
226 570 45 14 som
287 564 105 20 utskottet
409 564 29 20 uti
453 564 37 20 sitt
506 563 136 21 betänkande
658 564 89 26 antagit.

165 592 56 20 Herr
236 592 120 28 Pipping,
376 592 23 20 FE.
420 592 29 20 J.:
471 592 10 20 I
501 592 41 20 den
564 592 77 28 nådiga
656 592 160 27 propositionen
835 592 79 20 uttalas

96 621 40 21 den
160 621 94 26 åsigten,
270 623 31 18 att
317 621 85 27 proprie
422 620 233 28 borgesförbindelsers
671 621 105 27 ingående
792 621 81 27 utgjort
888 628 25 14 en

97 649 62 21 orsak
175 649 32 20 till
223 649 39 20 den
280 651 72 25 tyvärr
369 650 23 19 så
407 650 132 20 vidsträckta
556 649 186 27 skuldsättningen
752 650 7 19 i
770 649 82 26 landet,
869 656 44 14 som

97 685 28 13 nu
145 678 110 20 existerat.
286 678 42 20 Det
348 678 56 20 vissa
420 679 29 25 är,
466 680 31 18 att
513 685 34 13 om
564 678 65 20 också
648 678 86 27 proprie
758 678 156 27 borgesförbin-

97 706 68 21 delser
181 706 111 26 afskaffas,
308 707 23 20 så
351 706 106 28 gvarstäsi
475 706 97 27 gällande
593 706 34 28 lag
645 706 66 20 andra
726 706 79 27 medel,
822 713 45 13 som
883 707 31 20 till

97 735 39 21 och
155 734 48 21 med
221 734 117 28 kraftigare
357 736 80 20 ersätta
453 735 47 20 dem
517 735 39 20 och
573 735 138 27 hvarigenom
727 735 134 27 borgenären
877 735 37 21 har

97 764 154 20 vidsträektare
274 764 102 27 rättighet
400 764 38 20 och
461 763 129 27 gäldenären
614 763 47 21 vida
683 764 86 20 svårare
785 763 128 28 skyldighet.

96 792 70 20 Dessa
186 792 67 20 medel
272 794 36 18 äro
329 792 126 20 solidariska
474 792 211 26 skuldförbindelser,
702 792 105 20 omtalade
823 792 7 20 i
846 792 26 20 U.
888 792 25 21 B.

95 822 12 19 4
123 820 56 27 kap.,
197 820 38 20 och
251 820 79 26 vexlar,
351 820 47 21 med
418 820 72 21 hvilka
509 820 60 20 alltid
593 821 84 26 proprie
697 820 218 27 borgesförbindelser

96 849 71 20 kunna
183 850 100 24 ersättas,
300 855 33 14 om
350 849 62 20 dessa
430 849 108 20 afskaffas.
569 849 73 27 Enligt
660 849 42 20 min
719 849 65 20 tanke
800 850 23 19 är
839 851 75 25 nyttan

96 877 23 20 af
135 877 40 20 den
194 877 144 27 föreliggande
357 877 159 28 propositionen
538 877 52 20 visst
609 878 47 19 icke
672 878 23 19 af
709 878 23 20 sä
748 877 118 21 vidsträckt
882 880 32 18 art

97 905 38 21 och
152 905 157 27 beskaffenhet,
326 913 44 13 som
387 906 35 20 det
438 905 35 21 vid
492 906 67 20 första
575 906 136 27 ögonblicket
728 906 35 20 vill
779 913 73 20 synas;
868 906 46 21 der-

97 936 57 18 emot
170 936 44 18 tror
226 934 38 27 jag
279 936 31 18 att
322 941 24 13 en
359 934 112 27 olägenhet
483 934 22 21 af
515 936 44 19 stor
570 934 128 27 omfattning
710 934 114 28 vidhänger
835 941 80 14 samma

97 962 77 28 nädiga
190 963 142 26 proposition,
348 970 33 13 om
398 963 41 20 den
450 967 77 23 genast
543 963 84 20 sättesi
640 963 81 20 verket.
744 963 33 20 En
792 963 122 27 olägenhet,

97 998 44 13 som
158 991 54 20 skall
230 991 131 20 omedelbart
378 991 89 20 inverka
484 992 25 26 pä
525 991 41 20 alla
585 991 190 27 samhällsklasser,
792 991 37 21 der
845 991 70 21 skuld-

97 1019 94 27 sättning
211 1026 49 20 eger
279 1027 55 18 rum,
354 1027 33 13 om
403 1020 105 27 nemligen
525 1027 42 20 nya
583 1019 133 21 föreskrifter
733 1020 38 20 och
788 1020 127 27 åligganden

96 1048 110 20 ähvälfvas
225 1055 25 13 en
270 1048 115 27 längifvare
404 1048 32 20 för
455 1050 31 19 att
502 1048 150 27 tillgodonjuta
668 1049 25 20 de
710 1049 73 20 hittills
800 1049 114 20 bestående

97 1076 155 27 rättigheterna
271 1079 44 18 mot
334 1077 84 27 proprie
441 1077 178 27 borgesmännen.
649 1077 49 27 Nya
718 1077 37 20 och
777 1084 57 13 mera
850 1077 65 21 detal-

95 1105 74 27 jerade
185 1105 133 20 föreskrifter
334 1106 67 19 mäste
416 1105 39 20 hos
471 1112 27 13 en
514 1105 117 27 längifvare
647 1105 115 21 förutsätta
778 1112 25 13 en
820 1105 43 21 helt
880 1113 34 14 an-

97 1140 41 13 nan
159 1133 184 21 affärskännedom
360 1133 38 21 och
411 1134 145 27 lagkunskap,
573 1136 25 18 än
615 1141 47 13 man
679 1134 38 20 hos
733 1134 92 20 flertalet
836 1134 23 20 af
868 1134 46 21 dem

97 1162 74 26 finner,
187 1161 33 21 för
236 1164 31 18 att
283 1162 40 20 han
339 1162 47 20 icke
402 1162 53 20 skall
471 1163 81 19 utsätta
568 1162 32 26 sig
616 1164 30 19 att
662 1163 26 26 gå
706 1163 60 20 miste
783 1169 33 13 om
832 1163 36 20 sitt
879 1163 35 20 ka-

98 1190 60 27 pital,
178 1190 50 20 eller
247 1191 65 20 också
330 1191 67 20 måste
416 1191 51 25 han,
483 1191 6 19 i
506 1191 71 20 stället
597 1191 33 20 för
648 1193 31 18 att
696 1191 26 27 pä
738 1193 31 19 ett
785 1191 73 20 enkelt
873 1193 42 18 sätt

97 1219 63 20 sköta
180 1219 44 20 sina
243 1219 190 27 läneoperationer,
452 1219 101 20 särskildt
573 1219 66 20 anlita
656 1219 82 21 biträde
754 1220 33 20 för
803 1220 46 19 sina
864 1227 50 19 pen-

97 1247 230 26 ningetransaktioner.
361 1247 73 21 Hellre
451 1249 26 18 än
501 1249 31 19 att
551 1249 80 19 utsätta
650 1248 32 26 sig
700 1248 33 20 för
748 1248 168 27 kapitalförlust,

97 1277 45 18 tror
155 1276 38 27 jag
209 1277 30 18 att
255 1276 25 20 de
296 1283 108 20 personer,
420 1283 45 13 som
483 1276 73 20 hittills
572 1276 80 20 kunnat
662 1277 119 20 försträcka
792 1276 124 28 penningar,

98 1304 85 20 komma
198 1306 30 18 att
245 1306 91 19 omsätta
353 1305 46 20 sina
415 1304 104 27 kapitaler
535 1305 100 27 antingen
648 1305 4 20 i
664 1307 138 25 statspapper
818 1305 52 20 eller
880 1305 35 21 de-

98 1333 123 26 positioner,
238 1332 26 21 dä
280 1333 126 20 säkerheten
424 1333 39 20 blir
479 1335 79 24 större,
575 1340 32 13 om
625 1333 64 20 också
705 1333 73 20 dervid
795 1340 25 14 en
835 1333 81 21 mindre

98 1363 62 18 ränta
175 1363 24 18 är
215 1363 31 18 att
262 1361 100 27 päräkna.
394 1361 73 21 Redan
488 1361 74 20 hittills
579 1362 38 19 har
633 1369 46 13 man
697 1363 27 26 pä
740 1363 55 26 goda
811 1362 45 20 skäl
872 1362 44 21 kla-

98 1391 37 26 gat
151 1389 59 20 öfver
226 1389 78 21 bristen
322 1391 26 26 pä
365 1391 143 26 bytesmodel,
525 1390 69 21 såsom
611 1397 47 14 man
675 1390 97 27 uttryckt
783 1391 42 26 sig,
837 1390 19 21 d.
868 1398 18 13 v.
900 1398 15 13 s.

99 1418 117 27 penningar
232 1418 5 19 i
254 1418 105 21 allmänna
374 1419 100 20 rörelsen.
499 1419 50 20 Men
565 1425 110 14 emanerar
686 1426 26 13 en
724 1419 135 26 författning,
871 1426 44 14 som

99 1446 90 20 ofelbart
206 1447 37 20 har
259 1447 30 20 till
305 1447 52 27 följd
373 1447 51 20 eller
440 1447 97 20 kommer
553 1449 31 18 att
600 1449 76 25 utgöra
692 1455 25 13 en
734 1447 66 28 signal
818 1447 30 20 till
864 1455 52 20 upp-

99 1475 90 27 sägning
212 1476 26 26 pä
256 1475 84 28 privata
360 1475 86 26 händer,
463 1475 83 21 kanske
567 1476 63 20 äfven
650 1476 30 20 till
697 1483 25 13 en
740 1476 33 21 del
790 1476 5 20 i
811 1476 106 21 allmänna
