1078 1692
184 71 42 21 476

157 127 109 21 tänkande
283 127 111 28 angående
405 128 48 27 jagt
464 128 40 20 och
515 128 100 28 djurfång
626 128 33 22 för
670 134 27 15 en
708 128 63 21 stund
781 128 66 22 sedan
858 128 121 27 föredrogs,

158 155 126 28 godkändes
300 158 31 18 att
342 163 34 14 om
386 156 8 20 i
405 156 69 28 någon
485 156 169 28 omständighet,
665 157 71 21 såsom
747 156 37 21 der
795 164 38 14 var
843 157 69 26 fallet,
923 157 56 21 stån-

158 184 41 22 den
218 184 64 21 hafva
302 186 86 20 stannat
408 186 37 20 två
464 187 45 19 mot
524 186 46 26 två,
586 186 41 20 den
643 185 185 27 omständigheten
844 186 68 20 skulle
928 185 51 27 utgå

157 213 46 21 från
223 213 63 27 lagen
305 212 40 22 och
362 213 47 21 icke
427 213 49 21 hela
491 214 138 27 lagförslaget
645 214 84 20 derföre
744 213 91 21 förfalla.
866 214 10 20 I
893 214 85 20 konfor-

158 241 52 21 mité
226 240 88 22 dermed
330 241 38 21 ber
380 242 38 27 jag
433 243 32 19 att
481 242 70 21 denna
561 242 61 28 fråga
634 242 68 21 skulle
713 242 109 21 bedömas.
845 242 42 28 Jag
900 242 36 21 ber
947 244 32 19 att

157 270 22 21 få
193 270 56 20 fästa
263 270 219 27 uppmärksamheten
493 270 67 28 derpå
570 272 32 20 att
613 271 26 21 då
652 271 52 21 1863
716 270 34 21 års
761 270 105 28 kyrkolag
876 270 102 28 granska-

156 298 48 27 des,
219 298 73 28 ingick
308 298 39 21 der
358 300 30 19 ett
400 299 76 27 vigtigt
489 299 125 27 stadgande,
626 299 80 21 hvilket
717 298 47 22 icke
774 299 124 27 godkändes
910 299 23 21 af
942 300 37 20 två

158 327 72 27 stånd;
250 327 36 21 det
306 327 90 21 uteslöts
415 328 46 20 från
477 328 72 27 lagen,
565 335 49 14 men
630 328 61 27 lagen
708 329 76 25 antogs
799 328 40 20 och
854 327 124 29 godkändes

157 356 34 20 för
207 356 71 28 öfrigt.
306 355 73 21 Skulle
395 362 26 14 en
437 356 66 21 sådan
518 356 83 28 princip
617 351 78 38 hyllas,
704 358 32 18 att
746 358 32 18 ett
788 356 122 28 lagförslag,
920 356 58 27 isyn-

157 384 75 21 nerhet
248 391 36 14 om
300 383 35 21 det
351 384 23 20 är
390 386 64 25 stort,
470 384 185 27 vidtomfattande,
671 384 69 21 skulle
750 384 59 26 falla,
821 391 34 14 om
867 385 36 20 två
914 384 62 21 stånd

156 413 7 20 i
183 413 69 27 någon
272 413 53 20 liten
346 412 159 28 omständighet
524 413 68 21 skulle
613 415 75 19 stanna
706 415 44 19 mot
768 413 47 27 två,
831 413 23 21 så
869 412 72 22 kunde
957 413 21 21 vi

157 441 68 28 aldrig
245 441 68 21 räkna
332 440 27 27 på
374 442 32 20 att
421 441 21 21 få
457 441 41 21 den
514 441 109 21 blifvande
639 441 174 27 brottmålslagen
828 441 110 27 godkänd,
954 443 23 26 ty

157 476 42 21 nog
221 470 74 20 kunna
318 469 108 27 åsigterna
448 469 74 21 derom
543 470 64 21 blifva
625 470 63 21 olika.
718 469 81 21 Finnes
817 470 36 20 det
871 470 27 20 då
913 470 65 27 något

157 498 76 21 sådant
252 497 126 29 stadgande,
399 505 45 14 som
463 498 58 21 förut
539 500 24 19 är
580 500 87 26 antaget
682 498 7 21 i
704 504 27 15 en
746 498 169 27 omständighet,
932 505 45 13 som

156 528 27 27 på
202 526 60 22 detta
278 528 44 19 sätt
336 526 101 27 förfaller,
453 528 24 19 så
492 527 69 21 måste
577 526 36 22 det
627 527 70 27 gamla
712 526 129 28 stadgandet
857 527 6 20 i
878 526 41 21 den
935 533 43 21 nya

156 556 62 27 lagen
234 555 59 27 ingå;
310 555 66 20 finnes
393 554 37 22 der
446 555 47 21 icke
504 556 65 27 något
581 555 85 27 sådant,
678 555 27 21 då
715 555 86 27 inflyter
811 555 38 21 der
860 555 117 27 ingenting.

156 584 35 21 Nu
207 584 68 20 finnes
291 585 31 19 ett
338 583 118 28 stadgande
472 590 34 14 om
522 584 146 27 kyrkotukten
683 584 7 20 i
706 583 53 21 1686
772 584 33 20 års
816 583 114 28 kyrkolag;
942 584 36 20 det

156 614 24 19 är
203 612 33 21 väl
256 612 79 27 skäligt
354 614 31 18 att
403 612 46 27 det,
467 612 77 21 sådant
560 612 36 21 det
612 612 37 21 der
664 613 30 26 är,
710 612 38 20 bör
764 611 37 21 här
816 612 75 27 inflyta
906 612 6 20 i
928 612 49 20 stäl-

157 641 29 21 let
201 640 33 21 för
250 640 46 26 det,
312 640 88 21 hvarom
412 640 90 22 stånden
513 648 28 13 nu
551 640 48 21 icke
610 641 82 21 kunnat
702 640 76 21 förena
788 640 39 27 sig.
849 640 42 27 Jag
902 640 76 27 tycker

157 671 32 19 att
207 668 244 28 expeditionsutskottet
470 669 38 21 har
524 669 113 21 motiverat
652 669 32 21 sin
700 668 76 28 åtgärd
792 668 86 21 alldeles
894 668 82 28 riktigt.

225 697 58 21 Herr
298 697 121 27 Pipping,
435 697 25 21 F.
477 697 30 21 J.:
524 698 47 20 Den
582 704 29 14 nu
621 698 153 26 försiggångna
785 696 148 22 diskussionen
944 699 34 18 ut-

157 726 57 20 visar
229 726 48 20 bäst
293 727 32 19 att
338 726 74 27 frågan
424 732 88 14 numera
521 726 96 21 hvälfver
628 726 32 28 sig
670 732 35 14 om
716 725 133 21 vidhållande
860 725 51 21 eller
922 726 55 20 från-

157 754 83 28 gående
260 754 23 21 af
301 756 31 19 ett
348 754 57 21 förut
420 754 80 21 fattadt
518 754 80 27 beslut,
614 754 37 21 allt
666 754 28 28 på
710 755 42 19 sätt
765 754 38 27 jag
818 753 65 21 redan
899 754 77 27 ådaga-

156 783 51 27 lagt.
238 782 74 22 Skulle
334 782 65 21 likväl
423 783 65 27 något
506 782 74 22 vidare
598 782 110 22 uttalande
727 789 51 14 vara
798 782 72 28 nödigt
886 782 91 21 rörande

157 812 70 20 denna
242 811 50 26 sak,
308 812 23 19 så
347 811 38 21 bör
401 811 36 21 det
453 811 66 27 enligt
534 812 43 20 min
593 812 55 26 åsigt
665 811 64 21 blifva
746 812 31 19 att
791 810 48 21 hela
850 810 126 28 kyrkolags-

155 840 103 27 förslaget
280 840 67 26 faller,
370 840 6 19 i
395 839 102 21 händelse
515 840 47 20 icke
581 838 233 28 sammanstämmighet
834 839 6 20 i
856 845 28 14 nu
900 839 75 27 ifråga-

157 868 94 22 varande
268 867 34 22 del
318 868 41 21 kan
375 867 168 28 åstadkommas,
560 867 82 22 hvilket
657 867 75 21 hittills
748 867 47 21 icke
806 867 63 21 skett.
895 867 81 28 Vigten

157 897 22 22 af
193 899 31 19 ett
239 896 156 28 lagstadgande
408 903 34 14 om
457 896 137 21 uteslutande
610 896 47 21 från
672 895 139 22 nattvardens
822 895 110 28 begående
943 896 32 21 så-

157 933 46 14 som
217 925 203 28 kyrkotuktsmedel
435 924 39 21 och
495 931 34 14 om
550 925 160 26 handräckning
722 924 33 21 för
769 923 99 28 religiösa
878 924 98 21 ändamål

157 955 22 20 af
197 953 117 22 exekutiva
329 953 162 28 myndigheten,
507 953 76 27 tyckes
598 955 99 26 nogsamt
712 953 84 20 bevisas
811 952 23 21 af
847 953 26 20 de
889 953 87 27 omgån-

155 990 40 21 gar
205 982 67 21 saken
282 982 55 26 haft;
350 981 39 21 och
400 981 26 21 de
437 981 172 28 bearbetningar,
621 989 45 13 som
677 981 74 21 dervid
762 980 63 21 hafva
836 981 68 26 skett,
914 981 62 21 torde

156 1011 63 21 äfven
236 1010 132 27 ådagalägga
386 1012 31 19 att
433 1010 62 21 dessa
510 1010 72 27 frågor
597 1011 37 20 äro
650 1010 22 21 af
686 1009 41 21 den
743 1009 181 28 genomgripande
940 1010 36 20 be-

157 1039 129 24 skaffenhet,
303 1040 32 19 att
351 1038 225 28 kyrkolagsförslaget,
588 1045 33 14 om
634 1038 36 21 det
682 1038 54 21 skall
747 1037 92 28 bifallas,
848 1037 62 22 äfven
922 1038 54 21 skall

157 1068 83 21 bifallas
258 1067 7 20 i
281 1067 63 20 dessa
360 1067 58 20 delar
434 1067 51 20 eller
501 1067 66 20 också
582 1067 64 20 afslås
662 1067 6 20 i
684 1066 48 21 dess
748 1066 77 21 helhet.
857 1066 41 28 Jag
913 1073 63 14 anser

156 1096 83 21 således
255 1097 32 19 att
302 1095 149 26 ridderskapet
467 1095 39 20 och
522 1095 62 21 adeln
599 1095 38 20 bör
648 1095 68 20 uttala
727 1095 39 27 sig,
774 1095 105 20 huruvida
890 1095 86 20 ståndet

156 1125 36 20 vill
209 1124 72 21 bifalla
296 1125 32 20 ett
343 1123 198 28 kyrkolagsförslag
556 1123 49 22 med
621 1123 147 22 bibehållande
783 1123 22 20 af
819 1123 63 21 dessa
894 1123 82 21 mindre

156 1153 114 27 tidsenliga
286 1152 164 27 bestämningar.

224 1181 58 20 Herr
305 1180 158 26 Grotenfelt,
485 1180 37 21 A.:
540 1180 43 27 Jag
601 1180 38 21 ber
658 1182 32 19 att
708 1181 56 19 ännu
782 1179 21 22 få
818 1179 108 22 vördsamt
942 1180 34 20 til-

157 1209 63 28 lägga
234 1211 32 19 att
280 1208 103 21 Finlands
395 1209 98 20 ständers
501 1209 120 26 lagutskott
630 1208 53 21 både
692 1208 34 21 vid
735 1208 241 27 landtdagen1863
932 1204 12 37 —
950 1204 29 37 64

157 1238 39 21 och
213 1237 35 21 vid
263 1244 29 14 nu
306 1237 215 21 förhandenvarande
537 1237 59 20 alltid
611 1237 48 28 följt
675 1237 93 27 åsigten,
784 1239 31 18 att
828 1237 7 20 i
847 1236 41 21 alla
897 1236 79 28 frågor,

157 1267 38 20 der
210 1266 36 21 två
262 1265 62 22 stånd
340 1267 85 18 stannat
441 1267 44 19 mot
502 1266 45 26 två,
563 1265 31 21 till
611 1265 89 21 stånden
716 1265 6 20 i
738 1265 100 21 afseende
849 1265 12 20 å
871 1271 105 15 samman-

155 1294 113 28 jemkning
282 1293 118 22 framställa
414 1293 37 21 det
461 1293 87 28 förslag,
559 1300 46 14 som
616 1293 182 22 öfverensstämde
808 1293 49 21 med
867 1293 57 21 förut
932 1293 44 28 gäl-

156 1323 63 20 lande
241 1322 141 27 lagstiftning,
405 1322 90 21 emedan
515 1323 54 20 1786
587 1322 34 21 års
641 1322 169 27 riksdagsbeslut
826 1321 93 28 tydligen
936 1322 40 21 till-

157 1351 141 26 kännagifver
308 1352 32 19 att
350 1350 89 27 ändring
450 1351 23 20 af
479 1350 98 27 gällande
585 1351 42 27 lag,
635 1350 34 21 för
678 1352 32 19 att
719 1351 84 20 komma
812 1350 32 21 till
852 1350 72 27 stånd,
932 1350 44 21 må-

157 1381 33 19 ste
209 1379 63 20 hafva
291 1381 33 18 tre
344 1379 73 20 ständs
436 1379 108 28 pluralitet
559 1379 34 20 för
608 1379 38 27 sig.
678 1378 80 21 Sådant
773 1379 38 20 har
826 1378 58 21 fallet
899 1379 55 20 varit
970 1378 7 21 i

157 1407 26 22 de
206 1407 80 28 frågor,
305 1413 45 14 som
369 1407 6 20 i
394 1407 37 27 går
450 1406 51 22 voro
520 1407 53 27 före,
592 1407 7 20 i
614 1407 74 28 frågan
705 1414 34 13 om
754 1407 116 27 afvittring,
887 1407 39 21 och
942 1414 35 13 om

157 1435 133 22 afskaffande
306 1435 20 20 af
342 1435 117 21 dödsstraff
473 1436 70 20 såsom
558 1442 78 14 ansvar
650 1435 34 21 för
699 1435 41 21 den
750 1436 38 20 der
798 1435 33 21 för
842 1435 64 28 afvog
915 1435 62 21 sköld

157 1466 44 19 mot
222 1463 63 22 riket.
315 1463 11 20 I
349 1463 133 22 sistnämnda
502 1463 61 28 fråga
582 1463 55 22 hade
656 1464 37 21 två
708 1463 66 22 andra
789 1463 72 28 stånd,
876 1463 100 28 borgare-
