1078 1692
205 86 27 19 34

174 140 158 22 furstendömet
352 138 97 27 Monaco,
466 139 53 20 skall
531 139 36 20 det
579 139 65 20 också
655 138 20 20 få
686 138 41 20 alla
738 138 64 20 dessa
812 138 122 21 instituter?
946 138 50 21 eller

176 170 37 20 det
223 169 44 20 lilla
279 168 155 21 furstendömet
445 167 162 21 Lichtenstein?
623 166 86 21 hvarför
720 166 53 21 skall
785 166 89 20 Finland
887 166 62 21 hafva
960 167 36 21 allt

175 198 36 20 det
227 197 52 21 der?
304 196 111 20 Instituter
431 196 60 20 skola
507 196 86 20 komma
604 196 31 20 till
651 196 61 20 stånd
729 196 27 26 pä
766 194 69 28 grund
846 195 22 20 af
878 195 118 21 behofvet
985 190 14 36 i

175 226 83 26 landet,
276 225 38 21 och
331 227 31 18 att
378 225 47 20 värt
440 224 50 20 land
506 224 68 20 skulle
590 224 63 20 hafva
668 224 66 20 behof
749 224 47 20 utaf
808 225 31 19 ett
850 224 146 27 polytekniskt

175 254 85 21 institut
276 256 45 17 tror
334 253 38 27 jag
388 254 23 19 är
426 260 25 13 en
468 252 66 21 dröm.
558 252 40 20 Att
614 254 31 19 ett
662 252 96 21 tekniskt
773 252 84 20 institut
868 252 48 20 med
928 254 68 19 större

175 282 125 26 utveckling
316 282 68 20 skulle
401 288 50 14 vara
467 281 104 27 behöfligt
587 283 44 18 tror
645 281 38 27 jag
700 281 64 20 också
783 282 22 18 är
821 287 25 14 en
864 280 66 21 dröm.
954 280 43 22 Det

176 313 23 19 är
218 310 68 21 kändt
304 310 38 20 och
362 310 87 20 allmänt
468 310 91 20 erkändt
577 312 32 18 att
625 309 99 21 tekniska
739 309 119 21 realskolan
874 309 6 20 i
897 308 99 28 Helsing-

175 340 43 20 fors
242 338 108 28 uppfyller
369 338 36 21 allt
425 338 55 20 hvad
499 338 6 20 i
521 338 61 20 detta
601 338 101 20 afseende
723 338 109 20 behöfves.
863 337 46 21 Här
925 337 72 21 kunna

175 368 145 21 förstudierna
338 368 26 26 gå
384 367 38 20 bra
440 367 67 27 långt;
531 366 140 28 ynglingarne
690 367 72 20 kunna
780 366 47 20 fullt
846 366 82 20 utbilda
944 366 31 28 sig
991 367 6 19 i

176 397 27 20 de
218 397 68 26 högre
301 395 177 21 läroanstalterna
494 395 5 20 i
516 395 96 20 utlandet
628 395 48 20 med
691 395 76 27 bidrag
782 394 23 21 af
815 394 25 21 de
851 394 85 28 anslag,
952 401 45 13 som

176 426 68 20 finnas
261 424 39 20 och
317 426 55 18 ännu
383 424 72 20 kunna
466 423 128 26 tillkomma,
606 424 39 20 och
656 423 55 21 hvad
723 423 41 20 kan
775 430 47 13 man
835 430 58 14 mera
904 423 93 27 begära?

176 454 42 27 Jag
237 454 45 19 tror
301 454 32 18 att
352 452 37 21 allt
408 452 55 20 hvad
483 459 48 13 man
547 452 36 20 vill
599 452 63 20 vinna
678 452 48 20 med
742 452 117 26 petitionen
875 452 53 20 skall
945 458 52 21 upp-

176 483 39 20 näs
236 481 50 21 med
306 481 55 20 hvad
382 481 19 20 vi
418 481 63 19 redan
497 480 6 20 i
520 480 70 20 denna
607 482 39 26 väg
662 488 42 20 ega
720 480 39 20 och
775 482 31 18 att
822 480 35 20 det
873 481 23 19 är
912 481 86 26 mycket

178 512 69 20 bättre
264 511 27 19 än
305 509 55 21 hvad
376 510 38 19 här
429 509 131 26 föreslagits,
573 509 50 20 eller
635 510 39 19 den
687 516 70 13 massa
768 508 23 20 af
803 509 77 25 lärare,
893 516 44 13 som
950 509 48 20 herr

178 538 126 28 Stjernvalls
319 538 81 26 förslag
410 537 123 21 innehäller.
557 537 44 21 Det
613 539 22 19 är
643 538 24 26 ju
679 540 31 18 att
722 537 65 21 klifva
798 544 43 20 upp
852 537 31 20 till
895 537 101 27 skyarne,

177 570 23 26 ty
216 568 39 20 der
272 566 53 21 talas
341 573 33 13 om
386 566 131 27 stjernorna;
532 565 38 21 här
581 566 67 20 finnes
662 566 24 27 ju
699 566 64 20 redan
776 572 25 14 en
813 566 86 20 lärostol
911 566 5 20 i
928 566 70 20 denna

177 596 131 26 vetenskap;
324 595 40 20 den
382 601 44 13 som
443 594 35 20 vill
495 594 86 20 studera
597 594 117 20 astronomi
730 594 41 21 kan
788 594 27 27 gä
830 594 31 20 till
874 594 123 21 observato-

177 625 39 20 riet
233 624 40 20 och
290 623 102 20 behöfver
407 623 46 20 icke
470 623 27 27 gå
512 623 30 20 till
559 623 99 20 tekniska
674 623 127 20 realskolan.
830 622 114 21 Utskottet
960 624 38 19 har

177 655 87 19 stannat
280 652 5 20 i
303 652 41 20 den
360 651 64 27 äsigt,
441 653 31 19 att
488 652 66 26 några
569 652 68 20 lärare
653 652 69 20 skulle
738 651 101 20 anställas
853 651 35 21 vid
899 651 99 21 tekniska

177 680 120 22 realskolan
312 680 6 20 i
330 680 25 20 de
372 680 148 27 vetenskaper,
537 686 44 14 som
598 680 20 26 ej
633 680 32 20 stä
681 680 87 20 dermed
769 675 12 36 i
796 679 132 27 oskiljaktigt
944 687 54 13 sam-

177 710 117 26 manhang;
319 708 46 21 icke
387 710 23 18 är
430 708 35 20 det
485 708 84 20 derföre
588 708 102 27 behöfligt
707 710 31 18 att
756 708 99 20 tekniska
878 708 119 20 realskolan

178 738 172 27 omorganiseras
371 736 30 20 till
422 739 31 18 ett
472 736 96 21 tekniskt
586 737 91 19 institut.
709 736 43 21 Det
768 736 40 20 kan
826 736 52 21 visst
894 744 50 13 vara
960 737 38 20 bra

177 768 38 19 och
234 767 40 26 jag
292 765 87 27 medger
400 772 65 20 gerna
483 767 40 23 att,
545 765 30 20 till
595 765 106 21 ätskilnad
717 765 46 20 från
780 765 25 20 de
822 765 66 21 andra
904 766 93 20 realsko-

178 796 58 20 lorna
254 795 8 19 i
281 794 81 26 landet,
380 793 77 26 denna,
474 800 45 13 som
536 793 37 21 har
589 794 65 26 högre
670 794 61 24 kurs,
748 794 42 20 kan
806 793 21 21 få
842 800 64 14 namn
918 794 24 20 af
950 794 46 20 tek-

177 823 108 27 nologiskt
300 822 92 26 institut,
409 829 47 13 men
468 828 44 13 som
522 822 39 27 jag
571 822 68 27 aldrig
651 822 88 20 kommit
750 822 30 19 till
793 822 40 20 den
844 822 152 27 öfvertygelse,

177 854 31 19 att
228 852 70 20 såsom
318 851 103 26 tyskarne
440 851 49 26 säga
510 849 102 25 ,Kleider
631 850 88 21 machen
739 850 90 26 Leute,
845 852 50 18 utan
912 852 23 19 är
950 851 47 20 fullt

178 879 137 28 öfvertygad,
332 881 31 18 att
382 879 52 20 hvar
449 885 48 13 man
514 880 26 19 än
557 878 30 21 lär
603 879 32 27 sig
650 879 70 27 nägon
737 879 105 26 kunskap,
858 879 68 20 denna
938 879 58 20 alltid

177 909 53 20 skall
247 911 50 24 taga
317 910 23 17 ut
356 907 31 20 sin
404 909 42 18 rätt
461 907 39 20 och
517 909 31 18 att
565 907 34 20 det
616 907 41 20 kan
674 914 50 13 vara
741 907 110 27 likgiltigt,
871 914 34 13 om
922 907 74 21 inrätt-

177 938 77 26 ningen
271 937 61 19 heter
347 935 60 20 skola
426 935 51 21 eller
495 935 94 26 institut,
609 936 67 20 skulle
690 937 39 26 jag
744 936 65 27 tycka
829 937 31 18 att
879 936 68 27 någon
967 936 29 20 vi-

177 966 51 20 dare
247 964 121 21 diskussion
388 964 45 20 häri
453 971 49 13 vore
519 963 88 28 onödig,
623 964 124 27 isynnerhet
763 971 44 13 som
825 964 19 20 vi
860 963 64 21 hafva
940 971 56 20 myc-

178 995 35 20 ket
232 993 106 28 vigtigare
354 992 64 21 saker
433 994 32 18 att
480 992 103 21 afhandla
598 994 26 19 än
641 999 25 14 en
683 993 65 20 sädan
765 992 150 21 underordnad
930 993 66 26 fräga.

177 1022 114 21 Utskottet
314 1021 38 20 har
374 1022 67 26 yttrat
464 1023 31 18 att
514 1021 272 20 manufakturdirektionen
810 1021 71 20 kunde
898 1021 98 28 indragas

177 1051 39 20 och
235 1051 49 20 dess
303 1049 138 20 verksamhet
457 1049 134 28 öfverflyttas
610 1050 27 26 pä
656 1049 36 20 det
711 1049 99 21 tekniska
826 1049 109 27 läroverk,
952 1057 44 13 som

177 1080 38 19 här
230 1078 54 21 skall
301 1077 116 21 utvecklas.
441 1077 43 21 Det
500 1077 70 21 kunde
588 1078 51 20 visst
656 1078 3 20 i
671 1079 76 26 många
763 1078 114 20 afseenden
892 1078 43 21 låta
945 1079 52 26 göra

177 1109 41 26 sig,
236 1113 48 14 men
300 1113 35 13 om
351 1113 47 13 man
415 1107 117 27 genomgår
547 1106 156 21 instruktionen
715 1107 33 20 för
758 1106 238 21 manufakturdirektio-

176 1143 51 20 nen,
248 1135 23 20 sä
290 1135 68 20 finner
381 1141 48 14 man
449 1136 31 19 att
499 1136 30 19 ett
549 1135 23 20 af
587 1135 48 20 dess
651 1135 116 27 vigtigaste
784 1135 126 27 äligganden
926 1137 24 18 är
966 1137 31 18 att

176 1165 56 20 hålla
252 1163 71 27 tillsyn
344 1163 59 20 öfver
419 1163 127 20 realskolan.
578 1163 40 20 Om
635 1170 27 13 nu
679 1163 271 21 manufakturdirektionen
967 1164 29 19 ii:-

177 1193 87 27 drages,
282 1191 53 20 skall
358 1191 33 20 väl
416 1191 72 20 skolan
512 1191 56 20 hälla
592 1191 71 28 tillsyn
683 1192 60 20 öfver
762 1191 32 28 sig
813 1192 57 27 sjelf;
887 1192 39 20 alla
943 1192 53 21 läro-

177 1221 104 20 anstalter
296 1220 69 20 måste
381 1220 34 20 stä
429 1220 68 20 under
514 1220 81 27 tillsyn,
612 1221 23 19 sä
650 1222 23 18 är
689 1221 59 20 fallet
764 1221 49 19 med
827 1220 26 20 de
863 1221 133 20 närvarande

177 1250 107 20 allmänna
303 1248 108 27 skolorna,
432 1248 25 20 de
477 1249 33 20 stä
525 1249 68 20 under
609 1249 157 26 domkapitlen;
784 1249 68 20 blefve
868 1255 26 14 en
911 1256 85 21 reorga-

176 1278 92 20 nisation
284 1277 78 26 införd,
379 1277 23 20 sä
420 1277 67 20 blefve
503 1277 36 20 det
556 1283 24 14 en
598 1277 53 20 skild
669 1277 145 27 skolstyrelse.
846 1277 43 20 Det
905 1279 23 18 är
945 1278 51 27 möj-

175 1307 38 27 ligt
229 1308 32 18 att
278 1305 25 20 de
320 1305 99 20 tekniska
435 1305 144 21 realskolorna
595 1305 72 20 kunna
682 1305 108 28 förläggas
809 1306 67 20 under
892 1306 48 20 dess
956 1306 40 20 till-

176 1342 48 20 syn,
241 1341 48 14 men
305 1333 75 28 frägan
396 1335 24 18 är
435 1335 19 26 ej
466 1334 83 27 afgjord
561 1335 55 19 ännu
629 1335 38 19 och
679 1334 44 20 förr
734 1336 26 18 än
772 1334 75 21 sädant
859 1334 40 20 kan
912 1335 84 20 komma

175 1364 5 20 i
196 1363 71 27 fräga,
284 1363 41 20 kan
341 1362 272 21 manufakturdirektionen
629 1363 86 26 mycket
731 1363 33 20 väl
782 1362 104 21 bibehälla
898 1363 30 20 sin
941 1363 54 27 plats

173 1393 45 26 just
241 1391 50 20 med
311 1391 101 20 afseende
431 1391 74 27 derpä,
522 1393 31 18 att
569 1391 40 20 den
626 1398 51 20 eger
693 1391 73 20 utöfva
783 1391 90 20 kontroll
891 1391 104 26 deröfver,

175 1423 31 18 att
225 1420 25 20 de
270 1419 100 20 tekniska
388 1419 100 21 skolorna
503 1419 92 28 fullgöra
609 1420 46 20 sina
671 1419 128 21 funktioner.
831 1419 49 20 Med
896 1420 100 20 afseende

175 1450 12 20 &
202 1448 56 21 hvad
272 1448 37 27 jag
325 1454 27 13 nu
372 1447 44 21 haft
435 1449 50 19 äran
502 1449 83 25 anföra,
602 1449 67 19 mäste
682 1449 38 26 jag
736 1448 120 21 äterhemta
872 1449 42 19 min
930 1448 64 21 redan

173 1477 57 21 förut
246 1475 86 30 yttrade
348 1477 64 26 äsigt,
430 1483 45 13 som
491 1477 202 20 öfverensstämmer
704 1476 48 21 med
765 1476 40 21 den
817 1477 131 20 reservation
958 1477 37 27 jag
