1078 1692
216 92 41 20 176

186 149 146 29 vudgrunder,
348 149 81 28 hvarpå
443 148 68 22 första
527 149 137 21 alternativet
680 150 74 26 hvilar,
771 150 107 28 nemligen
892 150 6 21 i
910 150 102 21 afseende

187 180 12 20 å
214 179 102 27 beloppet
332 178 24 20 af
368 178 86 20 skatten
471 178 51 20 eller
541 178 349 28 bränvinstillverkningsafgiften,
902 180 66 20 sättet
979 179 33 20 för

186 206 118 22 vinnandet
319 207 23 20 af
356 206 103 28 rättighet
483 208 31 19 att
537 206 98 21 tillverka
652 207 99 27 bränvin,
772 209 53 19 samt
845 209 66 19 sättet
929 208 33 20 för
978 210 32 18 ut-

187 235 131 27 minutering
333 236 39 20 och
388 235 132 27 försäljning,
537 234 72 21 hvilka
624 237 36 19 äro
677 235 26 21 de
718 238 34 18 tre
763 236 167 27 väsendtligaste
940 237 68 27 punk-

186 267 62 19 terna
264 264 6 20 i
286 264 109 28 förslaget,
411 270 48 14 men
475 264 33 20 för
524 263 64 27 öfrigt
602 264 130 21 öfverlemna
748 264 21 20 åt
784 264 106 21 utskottet
906 266 32 20 att
953 264 55 21 före-

187 293 31 21 slå
233 293 26 21 de
273 292 143 28 jemkningar,
437 292 107 20 utskottet
562 299 64 14 anser
644 299 50 14 vara
709 292 23 21 af
746 292 210 28 omständigheterna
972 294 36 26 på-

186 321 90 21 kallade.

255 349 100 21 Friherre
371 349 84 27 Boije:
471 349 70 21 Sedan
557 349 90 21 friherre
664 356 41 14 von
721 349 59 21 Born
796 356 88 14 numera
898 350 111 28 redogjort

185 379 33 21 för
241 378 107 21 hurudant
371 378 160 27 ridderskapets
554 378 39 20 och
618 378 73 20 adelns
715 378 71 20 beslut
809 378 65 28 enligt
894 378 116 22 friherrens

186 407 66 21 tanke
268 407 69 20 skulle
352 407 85 20 komma
453 408 31 19 att
500 406 72 26 blifva,
589 407 38 20 har
641 406 37 28 jag
693 406 48 21 icke
757 407 65 27 något
833 407 107 27 deremot,
952 414 57 17 men,

186 436 71 20 såsom
278 436 38 27 jag
338 435 54 21 först
408 435 95 27 yttrade,
522 435 76 21 trodde
612 435 38 27 jag
667 435 117 21 friherrens
805 436 87 27 mening
914 442 49 14 vara
978 439 32 17 att

187 464 86 21 ståndet
296 464 76 20 endast
392 464 68 20 skulle
482 464 95 20 förklara
595 466 32 18 att
645 464 108 20 utskottet
776 464 65 20 borde
861 464 63 28 lägga
943 464 68 21 första

186 493 139 21 alternativet
348 492 32 21 till
403 492 79 28 grund,
505 495 52 18 utan
581 494 32 19 att
635 493 49 27 ingå
699 492 7 20 i
720 492 234 28 detaljbestämningar,
970 493 39 21 och

186 522 27 20 då
228 521 50 21 ville
291 522 39 27 jag
345 521 103 21 anmärka
469 523 31 18 att
519 528 34 13 om
573 520 151 28 ridderskapet
747 522 39 20 och
802 521 61 21 adeln
879 521 47 21 icke
942 523 68 25 yttrat

187 550 32 27 sig
235 556 33 14 om
285 550 67 20 första
375 550 138 20 alternativet
535 549 40 21 och
600 549 114 28 ändringar
737 549 63 21 likväl
824 550 68 20 skulle
909 549 47 27 ske,
974 550 36 20 det

186 578 47 21 icke
252 578 82 21 funnits
356 578 70 27 någon
448 578 111 28 möjlighet
582 578 34 20 för
638 578 107 21 utskottet
761 580 31 18 att
808 578 116 20 verkställa
939 579 69 27 någon

184 606 112 28 jemkning
315 606 89 21 emellan
421 606 26 21 de
463 606 56 21 olika
535 606 196 28 bestämningarne,
753 613 45 14 som
813 607 133 21 förekomma
960 607 6 19 i
983 606 27 21 de

186 636 57 20 olika
258 636 33 27 88.

255 664 57 21 Herr
328 663 107 27 Linder,
451 663 34 21 E.:
512 663 10 20 1
547 663 148 21 hufvudsaken
720 663 94 21 biträder
831 664 38 27 jag
888 663 40 21 den
944 664 64 27 åsigt,

186 699 45 14 som
247 692 90 21 friberre
354 698 40 14 von
414 692 58 20 Born
492 692 85 20 uttalat.
608 692 42 27 Jag
670 692 69 20 skulle
756 692 53 20 dock
826 692 67 21 önska
908 694 32 18 att
952 692 56 20 stån-

185 722 36 20 det
237 721 75 28 gjorde
329 720 40 21 den
386 720 89 28 ändring
490 720 7 20 i
512 720 69 21 första
595 720 143 27 alternativet,
757 722 32 18 att
804 720 35 21 det
855 720 68 21 skulle
940 720 68 21 öfver-

185 751 81 19 lemnas
283 750 21 20 åt
320 749 126 27 regeringen
462 750 31 19 att
509 749 156 27 reglementera
681 749 110 27 angående
807 749 89 27 forsling
912 749 22 20 af
946 749 62 21 brän-

187 778 46 27 vin,
256 780 32 18 att
304 778 119 20 bestämma
441 777 36 21 det
497 777 88 28 belopp,
605 784 45 14 som
666 779 52 19 utan
734 778 135 27 förpassning
885 778 33 20 får
932 778 76 20 forslas

186 814 18 14 o.
220 814 17 13 s.
253 814 20 13 v.
304 806 42 27 Jag
356 806 42 20 kan
410 806 47 20 icke
467 806 109 20 bestämdt
587 806 101 27 påminna
699 806 55 27 mig,
766 813 33 13 om
814 806 37 20 det
862 813 38 13 var
910 806 98 27 uttryckt

187 836 23 19 så
224 837 32 19 att
272 834 126 28 regeringen
417 834 56 27 finge
491 835 53 26 göra
566 834 115 27 ändringar
700 834 52 21 eller
770 834 56 25 icke,
846 841 48 14 men
910 835 38 26 jag
964 836 44 19 tror

185 863 55 22 dock
256 865 32 18 att
304 863 26 20 de
345 863 165 27 bestämningar,
529 862 149 28 ridderskapet
697 863 40 20 och
756 862 61 21 adeln
833 863 6 20 i
856 862 40 21 den
912 862 95 27 punkten

185 892 86 27 gjorde,
294 891 48 21 icke
365 897 51 14 voro
440 891 105 20 bindande
569 891 50 26 och,
640 891 26 20 då
685 891 26 20 de
731 898 63 21 synas
813 891 44 27 mig
871 891 136 27 temmeligen

185 920 132 28 opraktiska,
333 919 68 21 skulle
414 920 37 27 jag
466 920 7 20 i
489 919 68 21 denna
574 919 69 28 punkt
658 919 79 21 föreslå
752 927 25 13 en
793 919 131 28 förändring.

253 948 58 21 Herr
327 955 48 14 von
392 947 77 21 Born:
493 948 44 20 Det
560 955 64 20 synes
643 955 28 13 nu
690 950 32 18 att
738 948 77 27 många
829 948 23 20 af
865 948 97 21 ståndets
978 948 29 20 le-

185 977 98 21 damöter
307 976 76 21 sväfva
401 977 6 20 i
427 976 131 28 okunnighet
577 983 33 14 om
631 977 54 20 hvad
704 977 68 20 första
790 976 136 21 alternativet
949 977 58 20 inne-

184 1006 67 21 håller
266 1005 40 21 och
322 1005 27 20 då
364 1012 48 13 man
428 1005 82 20 således
526 1005 47 20 icke
589 1005 41 20 kan
646 1005 79 20 föreslå
740 1005 115 27 ändringar
870 1005 52 26 deri,
938 1006 69 20 måste

183 1035 38 27 jag
237 1035 99 26 enträget
352 1033 54 27 yrka
421 1035 30 19 att
467 1033 21 21 få
504 1033 89 21 ärendet
608 1034 28 27 på
651 1033 82 21 bordet.

253 1062 58 21 Herr
326 1063 27 20 af
366 1061 143 28 Forselles,
525 1061 35 21 L.:
580 1061 42 28 Jag
638 1069 62 14 anser
715 1062 75 27 frågan
807 1068 51 14 vara
872 1061 87 28 mycket
974 1062 33 20 för

185 1091 67 28 vigtig
267 1093 32 18 att
314 1097 29 14 nu
360 1091 22 20 så
397 1090 7 20 i
419 1090 48 21 hast
486 1090 73 21 kunna
574 1092 61 25 tagas
651 1091 31 19 till
698 1090 126 28 afgörande,
849 1090 99 20 hvarföre
968 1091 39 26 jag

184 1120 39 20 ber
242 1121 32 19 att
289 1119 21 21 få
326 1119 84 20 biträda
426 1119 48 20 herr
491 1125 41 14 von
549 1119 70 20 Borns
635 1119 107 27 yrkande,
758 1121 32 18 att
806 1118 40 21 den
862 1119 66 20 måtte
945 1119 61 20 bord-

183 1149 81 20 läggas.

204 1155 28 20 58
252 1176 34 21 Pä
301 1176 156 27 framställning
473 1176 24 20 af
509 1175 50 21 herr
575 1175 198 21 landtmarskalken
790 1175 69 20 beslöt
874 1175 85 21 ständet
975 1177 31 18 atf

184 1205 31 20 till
237 1205 76 27 frågan
339 1204 94 21 hörande
455 1204 127 27 handlingar
601 1203 67 21 skulle
687 1204 57 28 ligga
760 1205 12 19 å
788 1203 96 22 ständets
904 1203 52 21 bord
976 1204 29 20 till

184 1233 41 21 den
241 1234 27 20 20
285 1234 6 20 i
306 1233 70 21 denna
392 1233 82 20 månad.

252 1291 32 20 På
306 1291 95 27 begäran
425 1289 94 21 tillsades
539 1290 53 20 härå
611 1289 61 21 ordet
691 1289 49 21 herr
758 1289 152 25 Schauman,
929 1289 25 21 B.
972 1289 33 26 O,

185 1325 44 14 som
245 1319 123 28 förfrågade
387 1319 42 27 sig,
445 1318 105 21 huruvida
565 1318 46 21 från
628 1318 158 21 bondeståndet
801 1317 117 20 ankommit
934 1320 71 25 proto-

183 1347 134 28 kollsutdrag
335 1354 33 13 om
389 1347 48 20 dess
460 1347 127 27 inbjudning
612 1347 30 20 till
666 1346 128 27 deltagande
809 1346 6 20 i
831 1353 27 13 en
873 1345 133 28 underdånig

183 1376 91 27 petition
290 1383 34 13 om
340 1375 131 21 inrättandet
485 1375 24 20 af
523 1375 72 20 skolor
609 1375 34 20 för
658 1375 82 25 blinda,
756 1376 55 19 samt
827 1374 70 21 anhöll
912 1376 42 25 att,
971 1381 34 14 om

183 1405 24 20 så
228 1405 48 20 icke
302 1404 68 27 skett,
396 1403 169 28 presteståndets
588 1403 128 28 inbjudning
731 1403 6 20 i
754 1409 80 14 samma
857 1402 60 28 fråga
939 1403 66 20 måtte

183 1433 108 26 företagas
307 1433 6 20 i
330 1432 153 28 sammanhang
498 1432 88 21 dermed
597 1433 40 19 och
648 1431 221 28 således/uppskjutas
881 1431 41 20 tills
933 1434 71 25 proto-

183 1461 133 27 kollsutdrag
331 1461 5 20 i
352 1461 88 20 ärendet
456 1461 76 20 hunnit
547 1460 32 20 till
595 1461 85 20 ståndet
696 1457 134 30 expedieras.

251 1489 57 21 Herr
332 1489 195 21 landtmarskalken
546 1489 142 27 tillkännagaf
709 1491 31 18 att
763 1488 92 21 berörda
878 1489 126 26 protokolls-
