1078 1692
198 89 42 21 308

171 146 34 21 för
220 152 58 14 rese-
298 145 39 21 och
356 144 243 28 förrättningsdagarne,
615 150 47 15 men
679 144 47 20 icke
742 144 70 27 någon
828 143 118 29 skjutslega
962 142 32 21 för

172 182 62 14 resan
251 174 33 20 till
300 174 50 20 eller
365 173 46 21 från
428 173 232 27 förrättningsstället'.

240 202 167 27 Propositionen
431 202 128 20 besvarades
583 201 48 21 med
649 202 23 27 ja
691 202 38 20 och
750 201 34 27 nej
803 208 33 14 om
858 201 136 25 hvartannat,

172 234 51 18 utan
246 233 33 18 att
298 230 98 21 bestämd
415 230 108 28 pluralitet
542 229 71 21 kunde
633 230 109 27 urskiljas,
758 229 99 21 hvarföre
873 229 74 21 skreds
964 230 30 19 till

172 260 108 26 votering,
297 259 74 21 dervid
387 260 98 19 rösterna
500 258 84 21 utföllo:

378 288 7 20 i
403 288 53 20 1:sta
471 287 28 20 kl.
515 287 48 20 med
579 288 12 19 2
605 288 24 26 ja
645 288 39 20 och
715 287 11 20 7
744 288 46 26 nej,

378 316 6 32 i
400 316 60 32 2:dra
479 332 12 10 ”
532 332 12 10 ”
579 316 12 20 2
610 332 12 10 ”
653 332 13 10 ”
713 316 12 20 3
757 332 12 10 ”

380 352 5 13 1
402 344 55 32 3:dje
481 360 11 10 m
533 360 12 10 »
578 345 45 26 I»
653 360 12 10 »
701 344 25 20 10
756 360 12 10 x
975 372 3 3 .

174 374 39 21 och
229 375 53 19 enär
297 374 35 26 nej
348 373 88 21 sälunda
451 380 6 13 i
473 372 40 21 alla
529 372 83 21 klasser
628 375 82 25 segrat,
726 372 67 21 erhöll
809 372 40 20 den
866 372 86 20 härnäst
964 372 30 20 till

175 402 85 22 ståndet
276 402 69 20 stälda
361 401 159 28 propositionen
537 401 93 27 följande
646 402 90 26 lydelse:

243 430 147 26 ,Godkänner
413 430 149 26 ridderskapet
582 430 39 20 och
642 430 62 20 adeln
720 430 11 26 8
750 430 24 20 12
791 429 22 21 af
827 430 115 20 utskottets
960 429 35 19 be-

174 459 110 21 tänkande
301 458 47 21 med
364 458 51 21 eller
430 460 51 19 utan
497 458 114 20 förändrad
627 458 126 21 redaktion?

243 504 11 9 »
257 487 83 26 Vinner
351 488 41 26 nej,
406 486 108 22 bortfaller
525 487 171 27 bestämningen,
708 489 32 18 att
752 486 126 21 ordförande
890 486 38 21 och
940 486 55 20 leda-

174 518 69 19 möter
259 516 6 20 i
282 515 209 28 bevillningskomit&
514 516 60 20 skola
597 516 84 27 åtnjuta
699 516 120 27 skjutsloga
837 515 33 21 för
888 522 60 13 resan
966 514 30 20 till

175 546 39 20 och
230 545 47 20 från
293 544 232 27 förrättningsstället''.

243 573 78 21 Denna
344 572 132 28 proposition
499 572 130 21 besvarades
647 572 49 21 med
716 572 104 21 obestridt
840 571 156 28 öfvervägande

172 603 32 27 ja,
228 602 52 20 derä
304 601 38 21 och
362 601 64 20 sedan
444 602 50 19 herr
516 608 39 13 von
575 601 57 21 Born
652 601 83 27 afgifvit
754 601 102 27 skriftligt
870 600 79 27 förslag
965 600 30 20 till

175 630 157 28 omredigering
349 630 22 20 af
386 630 11 27 $
415 630 31 26 12,
463 630 48 20 herr
527 630 195 20 landtmarskalken
740 630 30 20 till
787 629 131 21 besvarande
933 629 63 20 fram-

175 659 69 21 stälde
261 666 25 13 en
304 658 116 27 sälydande
436 658 143 27 proposition:

244 704 4 8 »
252 687 49 25 Vill
324 687 149 26 ridderskapet
495 687 40 20 och
557 687 61 20 adeln
638 689 78 25 antaga
732 688 11 26 $
762 688 24 19 12
805 687 48 20 med
873 687 39 20 den
936 686 60 20 orda-

176 716 80 27 lydelse
274 715 105 21 utskottet
395 715 122 27 föreslagit?

244 744 97 26 Vinner
358 744 44 27 nej,
418 744 89 20 erhåller
524 744 11 26 &
552 744 93 26 följande
661 744 128 21 förändrade
805 744 121 21 redaktion:
942 744 55 24 ,,Be-

176 772 192 28 villningskomitös
384 772 127 21 ordförande
527 772 39 20 och
580 772 103 27 ledamot,
695 780 45 13 som
752 773 19 27 ej
783 774 22 19 är
817 773 71 20 bosatt
901 773 2 19 i
916 779 82 13 samma

176 802 47 20 stad
239 802 53 20 eller
308 801 12 20 &
335 800 72 21 landet
423 801 54 20 inom
495 802 12 20 2
524 803 57 19 verst
597 801 46 21 från
660 802 36 19 det
712 802 61 20 ställe
790 801 35 21 der
837 801 94 21 komitön
943 808 54 13 sam-

175 830 130 25 manträder,
322 830 93 26 åtnjuter
431 829 32 20 för
479 836 59 13 resor
554 830 53 19 fram
624 830 39 20 och
680 830 46 20 åter
741 830 31 20 till
786 829 211 27 förrättningsstället

175 858 121 27 skjutslega
311 857 33 20 för
359 864 25 13 en
401 857 47 20 häst
465 860 54 18 samt
535 858 5 19 i
557 858 194 27 dagtraktamente,
771 857 142 21 ordföranden
930 858 12 20 5
958 857 38 20 och

174 887 95 20 ledamot
285 887 13 19 2
314 886 60 20 mark
393 886 26 20 50
438 887 63 25 penni
520 887 33 20 för
571 886 73 27 hvarje
664 893 54 14 rese-
739 887 51 20 eller
808 886 189 27 förrättningsdag,

176 915 120 20 beräknadt
311 915 6 19 i
334 914 222 21 öfverensstämmelse
573 915 48 20 med
637 915 26 20 de
680 915 106 21 allmänna
804 915 132 20 föreskrifter
952 915 45 26 kej-

175 944 78 27 serliga
276 943 142 27 reglementet
436 943 23 20 af
475 943 40 20 den
535 944 24 19 19
577 943 56 20 Mars
651 944 53 20 1860
723 944 122 26 innehäller,
861 951 48 13 men
926 943 71 20 derut-

175 972 60 21 öfver
251 971 129 20 tillkommer
396 971 46 20 dem
459 971 33 20 för
506 971 58 28 dylik
579 972 129 27 förrättning
719 972 47 21 icke
777 973 68 27 någon
858 972 139 27 ersättning''.

244 1000 47 20 Och
314 1000 128 20 besvarades
466 1000 69 21 denna
558 1001 133 26 proposition
711 1001 104 25 nekande,
831 1001 6 20 i
854 1001 50 26 följd
923 1001 77 20 hvaraf

176 1029 48 20 herr
238 1028 199 21 landtmarskalken
448 1028 121 21 förklarade
580 1029 84 20 ståndet
677 1029 62 21 hafva
751 1030 82 26 antagit
845 1029 152 21 ofvanstående

175 1057 22 20 af
212 1057 49 20 herr
277 1063 41 14 von
334 1056 59 21 Born
410 1057 120 27 föreslagna
546 1057 118 21 redaktion.

245 1085 26 28 88
289 1085 82 20 13—16
387 1085 123 27 godkändes
526 1088 50 18 utan
596 1086 127 21 diskussion.

244 1113 139 21 Beträffande
400 1114 11 26 8
429 1114 24 20 17
469 1114 86 27 yttrade
571 1115 42 26 sig:

244 1142 58 21 Herr
318 1142 157 26 Ehrnrooth,
495 1142 23 21 C.
535 1143 36 20 A.:
594 1143 10 20 I
623 1143 70 20 denna
709 1144 11 26 8
738 1143 60 21 heter
821 1143 35 21 det
874 1145 32 19 att
924 1143 74 20 bevill-

174 1170 151 28 ningskomite,
342 1171 27 20 dä
392 1171 39 20 den
457 1171 225 28 bevillningsskyldige
702 1172 101 27 antingen
822 1171 127 21 försummar
966 1178 30 13 att

175 1199 79 28 afgifva
278 1199 84 27 uppgift
381 1206 34 13 om
435 1199 45 20 sina
495 1199 125 26 inkomster,
637 1200 51 21 eller
704 1200 53 21 hans
773 1201 109 27 uppgifter
897 1200 47 21 icke
960 1200 36 21 be-

173 1228 68 21 finnas
258 1227 203 26 tillfredsställande,
477 1228 54 20 skall
547 1228 6 20 i
569 1235 26 13 en
611 1228 54 21 skild
683 1228 85 21 kolumn
785 1229 70 20 införa
870 1229 36 20 det
919 1229 77 27 belopp

174 1256 85 21 hvartill
276 1256 40 21 den
333 1262 63 14 anser
411 1255 76 21 honom
503 1256 52 21 böra
571 1258 94 23 taxeras,
682 1264 48 13 men
746 1257 38 21 här
800 1257 68 21 finnes
883 1257 47 21 icke
942 1257 54 21 före-

175 1285 90 20 skrifvet
284 1287 40 22 att,
345 1286 37 19 när
400 1284 40 20 den
459 1285 236 28 bevillningsskyldiges
711 1286 109 27 uppgifter
835 1285 161 27 underkännas,

173 1313 74 20 skälen
264 1313 30 20 till
311 1320 26 13 en
354 1313 64 20 sådan
435 1313 74 27 åtgärd
525 1313 60 21 skola
602 1313 5 20 i
622 1314 130 27 protokollet
764 1315 124 20 antecknas.
911 1314 11 20 I
933 1314 63 28 prak-

172 1342 59 20 tiken
248 1342 45 26 har,
310 1341 54 21 efter
380 1341 55 21 hvad
449 1341 37 28 jag
501 1341 57 25 hört,
573 1342 44 21 häri
634 1342 57 21 olika
705 1342 105 27 förfarits,
826 1343 6 20 i
848 1343 35 20 det
899 1343 40 20 den
956 1350 40 13 ena

173 1370 96 21 komitén
286 1371 4 19 i
307 1370 130 27 protokollet
453 1371 99 27 upptagit
567 1371 27 20 de
609 1370 46 21 skäl
671 1377 45 14 som
732 1371 107 21 föranledt
850 1371 30 21 till
891 1378 25 14 en
929 1371 65 21 sådan

172 1399 106 26 taxering,
294 1405 48 14 men
358 1398 66 21 andra
439 1398 105 21 komitéer
560 1399 54 20 icke.
641 1399 34 20 Då
691 1399 37 21 det
739 1407 27 13 nu
778 1401 68 20 måste
858 1407 51 13 vara
920 1399 74 28 hvarje

172 1427 152 27 medborgares
348 1427 101 26 rättighet
467 1429 32 18 att
519 1427 65 21 blifva
603 1427 62 21 trodd
684 1428 27 27 på
727 1428 37 21 sitt
780 1428 48 27 ord,
845 1435 32 14 om
895 1428 36 20 det
947 1429 47 20 icke

172 1456 84 20 bevisas
273 1457 31 19 att
320 1455 41 20 han
377 1455 53 21 talat
445 1457 71 25 osant,
533 1455 50 21 eller
599 1458 32 19 att
647 1456 90 28 misstag
753 1457 102 27 insmugit
870 1457 39 27 sig,
921 1457 23 21 så
955 1457 38 21 fin-

171 1491 38 14 ner
222 1485 38 27 jag
276 1483 36 21 det
327 1484 63 27 högst
406 1483 129 28 nödvändigt
551 1486 42 25 att,
609 1484 27 21 då
646 1491 27 14 en
685 1485 224 28 bevillningsskyldigs
921 1486 72 21 skrift-
