1078 1692
825 84 40 20 209

71 138 92 22 Wredes
179 146 28 14 nu
222 139 156 21 innehafvande
400 139 139 27 jurisdiktion
563 139 85 21 komme
664 141 32 19 att
711 140 58 27 ingå,
790 140 39 21 och
844 141 7 20 i
866 141 27 21 de

71 167 68 28 öfriga
161 167 86 21 delarne
264 167 22 21 af
299 167 82 27 landet,
406 168 83 20 hvartill
510 168 33 20 väl
562 168 66 20 borde
651 168 100 21 hänföras
773 168 121 22 Uleåborgs

70 198 56 18 samt
145 203 63 14 norra
227 196 86 20 delarne
328 196 24 21 af
366 196 67 21 Wasa
451 196 41 20 och
508 196 87 28 Kuopio
611 196 40 24 län,
668 196 46 21 icke
730 197 6 20 i
752 198 70 27 någon
838 204 55 15 enda

69 224 24 20 af
106 224 132 22 dervarande
255 224 119 28 domsagor,
392 224 71 21 hvilka
479 225 56 20 alla
526 220 12 36 i
547 224 64 28 längd
627 225 116 27 öfverstiga
758 228 75 19 sexton
850 226 42 21 mil.

69 252 43 28 Jag
128 253 35 20 vill
179 253 59 28 fråga
255 253 84 21 hvartill
356 253 68 21 skulle
440 253 33 20 väl
489 253 34 21 för
539 253 133 21 närvarande
689 260 26 14 en
731 254 65 21 sådan
817 255 76 27 partiel

71 281 108 28 reglering
194 282 58 27 tjena
268 282 38 20 och
323 289 51 13 vore
390 282 36 20 det
443 282 32 20 väl
492 282 79 27 skäligt
591 284 32 18 att
638 282 7 20 i
660 282 67 27 några
742 282 22 21 få
779 283 113 29 domsagor

69 310 69 20 införa
154 312 31 18 ett
201 310 253 28 undantagsförhållande
469 311 7 19 i
492 310 61 21 detta
572 310 122 21 hänseende
712 310 46 21 från
776 311 55 21 hvad
847 319 45 14 som

69 338 132 21 fortfarande
224 339 84 21 komme
327 341 31 18 att
378 338 55 28 gälla
449 339 29 20 uti
495 339 27 21 de
538 339 69 27 öfriga
620 338 192 28 jurisdiktionerna
827 340 6 20 i
849 340 43 21 lan-

70 366 51 22 det?
138 367 49 21 Men
201 368 38 27 jag
254 370 46 18 tror
316 368 18 27 ej
352 367 67 21 heller
439 369 31 19 att
489 374 38 14 ens
544 368 6 20 i
567 368 63 20 dessa
645 368 21 20 få
681 368 115 27 domsagor
810 375 26 14 en
852 369 40 21 slik

70 396 107 28 reglering
196 396 70 20 blefve
282 396 86 28 lämplig
392 396 39 20 och
450 403 71 14 vunne
537 396 26 21 de
580 396 152 21 rättsökandes
755 396 64 21 bifall.
850 397 42 21 Det

69 424 122 28 föreslagna
205 424 108 21 afståndet
328 425 24 20 af
365 424 63 28 högst
444 425 12 20 5
473 425 35 20 mil
524 424 33 21 för
573 425 26 21 de
615 425 115 27 aflägsnast
742 425 82 21 boende
836 425 56 21 inom

70 452 137 22 domkretsen
230 454 30 25 är,
284 453 66 27 enligt
366 454 42 19 min
431 453 156 28 öfvertygelse,
606 454 6 20 i
631 453 27 21 all
681 453 102 21 händelse
806 454 86 28 mycket

69 481 34 21 för
117 483 62 19 stort.

138 509 74 21 Redan
230 511 5 19 i
252 510 57 21 äldre
325 510 56 21 tider
397 510 27 21 då
439 510 209 21 domstolsväsendet
664 510 28 28 på
706 510 73 21 landet
795 511 54 21 först
859 518 33 14 or-

69 538 138 28 ganiserades
222 539 6 20 i
244 538 37 22 det
297 539 67 26 skick,
381 539 59 20 hvari
456 539 37 21 det
509 539 5 21 i
531 539 161 27 hufvudsakligt
703 538 122 22 hänseende
836 541 56 19 ännu

70 566 96 22 befinner
189 567 41 27 sig,
250 568 61 27 insåg
333 567 213 28 landtbefolkningen
565 568 7 20 i
591 567 91 21 Finland
705 567 186 29 nödvändigheten

70 595 63 21 deraf
157 598 32 18 att
208 596 21 20 få
248 596 120 28 tingslagen
384 596 24 21 så
422 596 182 26 koncentrerade,
624 598 31 18 att
677 596 27 20 de
719 596 6 20 i
741 596 115 22 allmänhet
871 597 21 27 ej

71 624 118 21 omfattade
204 631 44 14 mer
264 626 26 19 än
306 631 26 14 en
349 624 79 22 socken
445 624 51 21 eller
512 625 111 27 kommun;
640 624 31 21 till
687 624 106 21 vinnande
808 625 24 21 af
840 625 52 21 hvil-

70 653 37 20 ket
123 653 41 20 mål
180 660 48 14 man
244 653 62 21 äfven
322 652 121 22 förklarade
459 654 32 26 sig
502 653 59 27 villig
572 655 33 19 att
615 653 31 21 till
657 652 101 22 domaren
770 654 38 20 och
820 655 72 19 nämn-

71 681 40 21 den
127 681 6 20 i
149 682 158 27 tingsgästning
322 682 87 28 erlägga
425 683 30 19 ett
471 682 67 28 högre
549 682 89 27 belopp,
654 683 25 19 än
692 682 6 20 i
710 682 88 27 Sverige
808 682 84 28 utgick;

70 709 60 22 detta
152 710 77 28 belopp
253 710 45 21 blef
315 711 80 27 jemväl
418 710 107 21 bestämdt
542 710 30 21 till
588 712 33 19 tre
638 710 82 28 kappar
735 710 96 27 spanmål
845 711 47 21 från

71 738 74 28 hvarje
164 738 39 21 rök
221 738 50 21 med
289 738 115 28 jordbruk,
421 739 6 20 i
443 739 65 21 värde
531 739 50 21 vida
604 738 160 28 öfverstigande
782 739 26 21 de
827 740 66 26 några

73 768 43 26 öre,
132 774 46 14 som
201 768 31 20 uti
251 767 107 28 sistsagda
376 767 50 21 land
445 768 90 26 erlades,
549 768 68 27 jemte
633 767 37 21 det
684 767 102 21 Finlands
802 768 90 28 allmoge

72 795 67 21 erhöll
155 795 39 21 den
211 796 119 26 försäkran,
346 798 37 22 att,
399 796 33 20 för
441 796 49 20 dess
501 796 166 28 beqvämlighet,
679 796 45 26 ting
735 796 72 20 mest
798 791 13 37 i
818 796 74 28 hvarje

72 824 79 20 socken
167 824 68 21 skulle
252 824 110 27 anställas,
383 831 25 14 en
427 824 106 27 allmogen
556 824 115 21 tillerkänd
694 824 82 21 förmon
796 824 38 21 och
850 826 42 19 rät-

72 852 76 27 tighet,
164 859 45 14 som
225 853 69 20 måste
309 853 21 20 få
344 853 90 20 fortfara
450 853 129 20 åtminstone
595 853 24 20 så
634 853 62 26 länge
712 859 46 14 som
774 852 41 21 den
827 853 65 27 högre

72 881 185 28 tingsgästningen
274 881 6 20 i
296 881 94 28 spanmål
413 881 23 20 af
454 881 145 28 jordegarene
616 881 107 27 erlägges,
739 881 55 20 helst
812 888 29 14 nu
857 889 35 13 an-

72 909 84 20 märkta
176 909 54 21 båda
245 909 183 28 omständigheter
443 911 34 20 stå
492 910 7 20 i
514 910 134 27 oskiljaktigt
659 909 103 21 samband
772 909 49 22 med
831 910 61 21 hvar-

73 937 71 21 andra.
176 937 39 21 Att
238 938 83 21 landets
344 939 91 26 allmoge
460 939 59 20 såväl
539 945 46 14 som
603 938 126 27 regeringen
746 938 61 21 äfven
824 939 27 27 på
866 945 27 14 en

72 966 37 26 tid,
127 972 44 15 som
188 967 44 20 står
248 967 39 20 den
304 967 131 20 närvarande
451 968 106 25 närmare,
575 967 109 20 betraktat
700 966 66 21 saken
776 967 26 27 på
813 973 80 14 samma

73 996 42 19 sätt
138 994 93 28 framgår
250 1002 24 13 ur
290 995 187 27 förhandlingarne
497 995 34 20 vid
550 995 61 28 fråga
629 1001 34 14 om
678 995 124 27 förändring
817 995 23 20 af
853 995 39 21 hit-

73 1023 94 21 hörande
191 1023 153 21 förhållanden.
376 1024 69 21 Sedan
465 1031 78 20 genom
559 1023 77 28 Kongl.
653 1023 141 28 reglementet
810 1023 40 21 den
866 1024 28 21 20

73 1051 123 21 November
213 1052 51 21 1741
282 1051 62 22 äfven
360 1053 67 20 andra
442 1054 26 18 än
485 1052 144 27 jordbrukare
648 1052 68 27 ålagts
732 1054 32 19 att
779 1052 113 27 tingsgäst-

73 1080 181 28 ningspenningar
277 1081 86 27 erlägga
382 1081 39 20 och
440 1081 59 20 detta
518 1080 119 29 stadgande
659 1082 82 19 ansetts
757 1080 44 21 afse
814 1081 79 27 jemväl

73 1108 98 27 Finland,
187 1109 45 20 blef
245 1109 66 20 sådan
327 1109 91 21 kontant
433 1109 62 28 afgift
510 1109 39 21 här
565 1109 6 20 i
586 1109 73 20 landet
674 1109 24 20 år
714 1109 54 21 1742
784 1109 74 27 påförd
874 1109 20 28 ej

73 1137 82 21 mindre
171 1137 61 21 desse
248 1139 27 19 än
292 1137 61 21 äfven
368 1138 165 27 jordbrukarne,
549 1138 6 20 i
571 1137 72 21 stället
666 1137 33 20 för
722 1138 40 20 den
778 1137 116 28 spanmåls-

73 1165 62 28 afgift
151 1165 25 21 de
192 1166 132 21 sistnämnde
348 1166 103 21 derintills
475 1167 78 27 erlagt,
573 1166 75 21 hvaraf
666 1165 114 22 domarene
796 1168 51 25 togo
862 1166 32 28 sig

73 1193 115 28 anledning
208 1196 32 19 att
259 1195 88 27 indraga
366 1202 25 13 en
408 1195 33 20 del
458 1195 131 27 tingsstäder
603 1195 39 20 och
659 1194 56 21 hålla
731 1195 45 27 ting
792 1194 76 21 endast
883 1195 12 20 &

73 1225 31 18 ett
120 1222 61 21 ställe
193 1223 5 20 i
210 1223 96 26 häradet,
324 1230 45 14 som
386 1223 27 21 dä
428 1231 38 13 var
481 1223 23 21 af
519 1230 81 13 samma
615 1223 86 28 omfäng
712 1230 45 13 som
769 1223 125 28 domsagan,

74 1251 114 21 hvaröfver
211 1252 47 20 åter
280 1251 106 28 allmogen
410 1251 90 28 klagade
516 1252 6 20 i
538 1251 108 21 hofrätten
670 1252 32 20 uti
718 1244 58 34 Åbo,
792 1257 46 15 som
853 1251 43 21 för-

74 1279 88 21 klarade
185 1280 124 27 domarene,
330 1280 84 21 hvilkas
432 1281 94 20 inkomst
545 1287 77 20 genom
641 1280 41 21 den
698 1281 113 20 anmärkta
825 1279 70 21 förän-

74 1307 90 28 dringen
181 1309 22 20 af
216 1309 188 28 tingsgästningen
419 1309 45 20 från
481 1309 118 27 spanmäls-
615 1309 31 20 till
661 1307 170 29 penningeafgift
842 1308 54 21 hade

75 1336 105 28 betydligt
203 1337 99 28 nedgätt,
323 1337 47 21 icke
394 1337 71 21 vidare
485 1337 72 20 kunna
575 1337 113 28 förpligtas
706 1339 32 18 att
754 1337 70 20 säsom
839 1336 57 21 förut

73 1364 56 22 hålla
144 1365 47 28 ting
205 1365 7 20 i
227 1365 75 28 hvarje
318 1365 85 27 socken;
419 1366 38 21 och
473 1365 126 21 föranledde
615 1366 63 20 dessa
694 1365 100 28 åtgärder
809 1367 32 19 att
855 1365 42 21 frå-

74 1399 41 20 gan
132 1394 55 27 ånyo
204 1393 86 28 bragtes
306 1395 12 20 &
335 1394 54 21 bane
405 1394 34 21 vid
456 1395 54 20 1743
526 1395 35 20 års
576 1393 98 28 riksdag,
692 1393 109 21 hvarefter
820 1401 77 20 genom

74 1421 79 28 Kongl.
172 1422 84 21 brefvet
272 1422 41 21 den
329 1423 27 20 22
371 1422 122 21 December
512 1429 82 14 samma
613 1423 30 26 år,
658 1422 190 21 bestämmelserna
863 1429 34 14 om

74 1449 198 29 tingsgästningens
288 1451 119 27 utgörande
423 1451 6 20 i
445 1451 92 21 Finland
552 1451 118 20 äterfördes
686 1451 32 20 till
732 1450 57 21 hvad
805 1457 46 14 som
862 1457 34 14 va-

75 1477 30 21 vit
120 1478 98 27 gällande
242 1479 71 21 förrän
332 1480 51 20 1741
401 1479 33 21 &rs
450 1479 133 28 reglemente
605 1479 56 20 hade
684 1479 125 26 utkommit,
824 1479 7 20 i
847 1478 55 27 följd

809 1520 21 15 14
