1078 1692
846 90 38 21 195

91 143 75 27 hvarje
182 143 140 28 medborgare
338 144 6 20 i
360 144 126 27 proportion
504 144 32 20 till
552 144 32 21 sin
600 144 99 21 behållna
718 144 94 23 inkomst
828 146 38 22 bör
882 148 30 20 bi-

91 172 66 27 draga
172 172 31 20 till
219 172 147 21 bestridandet
382 172 23 21 af
418 172 26 21 de
455 172 136 28 nödvändiga
606 173 179 28 statsutgifterna.

159 200 42 20 Vid
211 200 122 21 åsättandet
344 201 23 21 af
376 201 157 27 grundskatten
544 201 64 21 hafva
618 202 6 20 i
635 202 115 20 allmänhet
760 203 84 27 ganska
856 204 56 21 olika

91 230 105 26 systemer
211 229 69 21 blifvit
296 229 72 28 följda.
400 230 110 27 Antingen
526 230 38 20 har
579 236 49 14 man
645 230 126 27 uppskattat
786 232 57 20 vissa
852 232 59 28 jord-

90 257 100 21 områden
215 257 30 21 till
268 258 37 20 sitt
328 258 65 20 värde
411 258 39 20 och
468 258 93 21 bestämt
580 258 41 21 den
637 259 107 27 utgående
760 260 87 21 skatten
863 261 48 21 med

90 286 48 20 stöd
161 286 70 26 deraf,
254 286 52 21 eller
329 286 105 21 beräknat
456 286 41 21 den
521 286 98 21 behållna
637 286 121 22 inkomsten
776 288 23 21 af
811 289 28 21 all
852 290 59 27 jord-

89 314 106 28 egendom
211 314 38 21 och
267 315 5 20 i
288 315 125 27 proportion
437 314 70 21 dertill
523 315 58 27 ålagt
599 315 26 21 de
643 316 135 27 nödvändiga
793 316 117 23 skatterna.

89 342 59 21 Eller
163 343 40 21 ock
219 343 38 20 har
270 343 89 27 jordens
384 343 140 27 beskattning
546 344 114 27 försiggått
683 344 141 28 småningom,
841 347 68 20 såsom

89 371 131 27 exempelvis
236 371 60 21 fallet
312 372 55 20 varit
383 372 6 20 i
406 372 89 27 Sverige
512 372 39 20 och
567 372 99 21 Finland.
697 372 49 21 Men
761 373 54 21 huru
831 374 41 21 den
883 376 27 20 än

88 400 69 20 blifvit
173 400 62 27 ålagd
250 412 25 3 —
292 400 100 21 öfverallt
414 401 63 27 utgör
499 400 156 28 grundskatten
671 407 26 15 en
713 401 75 25 börda,
805 409 45 14 som
865 403 45 21 hvi-

89 428 30 21 lar
135 428 28 28 på
175 428 77 28 jorden
276 428 58 28 sjelf,
357 431 51 19 utan
432 428 101 22 afseende
552 430 13 20 å
583 428 41 22 den
644 436 89 21 persons
752 430 158 29 förmögenhet,

88 464 45 13 som
149 456 32 21 för
197 457 92 21 tillfället
304 458 23 20 är
343 457 138 21 innehafvare
497 458 23 20 af
533 458 135 27 densamma,
688 458 39 21 och
746 458 38 21 bär
800 459 88 21 sålunda
903 460 7 20 i

89 485 36 21 sitt
144 487 49 25 eget
212 486 61 20 sköte
296 485 55 21 fröet
370 486 31 20 till
422 486 41 20 den
481 486 78 20 reform
575 486 7 20 i
597 486 102 21 afseende
715 486 12 20 å
742 493 26 14 en
788 487 121 22 skatternas

85 514 99 27 jemnare
203 514 38 21 och
260 514 114 21 rättvisare
396 514 131 28 fördelning,
547 521 46 14 som
612 517 60 19 snart
690 522 42 20 nog
746 515 7 20 i
768 515 41 22 alla
824 516 27 22 de
865 516 44 22 län-

88 542 44 27 der,
149 542 37 21 der
201 542 40 21 den
257 544 105 26 qvarstår,
378 544 67 20 måste
461 542 116 28 företagas.

157 571 109 21 Granskar
282 578 47 14 man
346 571 81 21 hvilket
443 571 117 28 inflytande
573 571 137 27 jordskatten
726 571 83 22 utöfvat
820 574 28 26 på
858 573 50 21 Fin-

88 599 60 21 lands
165 600 139 20 ekonomiska
319 600 154 25 förhållanden,
490 600 42 20 kan
547 607 49 13 man
612 600 48 21 icke
676 600 72 28 undgå
763 602 32 19 att
810 601 58 21 finna
878 604 31 19 att

87 628 50 24 den,
154 628 64 21 sedan
235 635 76 21 genom
330 628 141 28 utvidgandet
487 628 23 21 af
524 628 200 28 fabriksindustrin,
747 629 105 27 sjöfarten
868 630 40 22 och

87 656 90 21 handeln
194 658 31 19 ett
241 657 105 27 betydligt
363 657 80 27 kapital
459 657 108 27 öfvergått
582 657 47 21 från
643 656 220 30 jordbruksnäringen
878 659 30 21 till

87 685 66 21 andra
169 685 141 21 obeskattade
330 685 176 27 industrigrenar,
521 686 8 20 i
544 686 63 26 högst
627 686 109 27 betänklig
754 686 53 28 grad
821 687 88 27 trycker

87 714 27 27 på
130 714 36 20 det
182 714 92 27 kapital,
290 721 45 14 som
352 714 95 20 befinner
463 714 32 27 sig
510 714 7 20 i
530 714 142 28 jordegarens
689 714 87 21 händer.
806 714 44 22 Det
865 716 43 20 må-

87 744 32 18 ste
135 742 106 27 nemligen
256 742 48 21 med
320 742 102 21 säkerhet
441 744 100 26 antagas,
558 744 33 19 att
607 742 67 21 ehuru
690 749 27 14 en
732 743 35 21 del
782 742 23 22 af
819 743 36 21 det
871 744 37 21 ka-

86 770 62 28 pital,
165 777 44 14 som
225 771 69 27 åtgått
310 770 34 22 för
358 770 153 28 tillskapandet
527 770 39 22 och
582 771 141 27 utvidgandet
738 771 24 21 af
770 771 27 21 de
808 771 100 22 obeskat-

86 799 50 21 tade
151 799 203 27 industrigrenarne,
370 799 135 28 uppkommit
521 799 23 21 af
557 800 133 27 småningom
706 800 76 27 gjorda
798 800 110 21 besparin-

85 834 45 20 gar,
153 827 41 21 den
218 829 79 19 största
320 828 62 20 delen
401 828 64 20 likväl
485 828 94 20 erhållits
598 834 77 21 genom
694 828 176 27 öfverflyttandet
886 830 24 19 af

85 855 81 28 kapital
184 855 55 21 ifrån
254 856 47 27 just
318 855 227 28 jordbruksnäringen.
577 855 97 22 Oaktadt
693 856 59 21 detta
772 856 63 21 hafva
848 857 59 27 jord-

85 891 91 20 egarene
199 884 39 20 fått
262 884 51 21 bära
335 891 81 14 samma
435 886 66 25 tunga
516 891 46 14 som
578 883 64 28 förut,
658 884 39 21 och
714 885 88 20 sålunda
817 885 89 21 faktiskt

85 913 84 20 erhållit
192 912 41 21 den
255 913 92 20 förökad
362 913 7 20 i
384 919 27 14 en
426 913 63 27 grad,
508 919 46 14 som
570 912 114 28 högeligen
700 913 129 28 nedtrycker
845 913 62 22 deras

85 941 96 27 förmåga
203 943 31 18 att
256 941 48 21 föra
326 941 32 21 sin
378 941 75 28 näring
471 941 78 21 framåt
568 941 39 20 och
627 941 125 28 ytterligare
768 941 93 28 bidragit
875 944 32 19 att

84 969 69 21 afleda
177 969 223 28 kapitaltillgångarne
423 970 31 21 till
477 969 75 27 andra,
576 969 23 21 af
615 969 123 21 samhällets
757 969 72 22 ledare
848 977 59 14 mera

85 997 127 22 omhuldade
228 998 168 21 förvärfskällor.

152 1026 117 21 Praktiska
285 1027 59 20 bevis
360 1027 34 20 för
409 1026 131 27 riktigheten
551 1025 23 22 af
583 1026 63 21 dessa
661 1033 26 14 ur
697 1026 132 21 theoretiska
843 1033 63 21 grun-

84 1055 38 20 der
147 1054 136 28 framgående
306 1055 80 28 åsigter
409 1055 63 20 hafva
495 1054 67 21 heller
581 1055 115 27 ingalunda
714 1055 88 20 saknats
817 1055 34 20 för
865 1055 41 21 den

84 1083 188 28 uppmärksamme
287 1083 133 28 granskaren
436 1083 23 20 af
472 1083 64 20 dessa
554 1083 153 21 förhållanden.
738 1083 51 21 Icke
805 1083 54 21 blott
875 1085 32 19 att

84 1118 25 14 en
126 1111 84 28 ständig
232 1112 78 27 klagan
326 1112 24 21 af
361 1111 158 28 jordbrukaren
543 1111 60 21 öfver
626 1111 136 28 svårigheten
781 1113 32 19 att
828 1113 77 26 utgöra

84 1139 25 22 de
133 1140 67 27 dryga
222 1140 209 28 kronoutskylderna
453 1140 77 27 redan,
543 1140 68 21 under
629 1140 73 27 längre
721 1140 55 21 tider
794 1140 55 21 ifrån
864 1140 42 21 alla

84 1169 59 20 delar
157 1168 24 21 af
193 1168 73 21 landet
288 1169 69 21 blifvit
380 1168 105 28 förspord.
515 1168 72 21 Afven
603 1169 28 26 på
646 1168 70 21 siffror
734 1168 77 21 stödda
830 1168 76 21 beräk-

83 1197 76 28 ningar
173 1197 64 21 hafva
253 1197 58 21 såväl
326 1197 7 20 i
350 1197 183 27 tidningspressen
549 1203 46 15 som
611 1197 6 20 i
633 1197 23 20 af
670 1197 68 21 finska
749 1196 155 28 hushållnings-

83 1225 117 28 sällskapet
215 1226 137 27 publicerade
369 1225 126 28 handlingar
509 1225 70 21 blifvit
594 1225 120 28 framlagda
727 1226 60 21 öfver
797 1226 32 20 att
839 1225 7 20 i
856 1225 49 20 Fin-

83 1253 49 22 land
148 1254 110 27 verkligen
282 1254 68 21 finnes
372 1254 131 27 lägenheter,
527 1253 82 22 hvilkas
633 1254 138 21 innehafvare
786 1253 77 21 endast
878 1253 28 21 då

83 1283 73 20 kunna
171 1282 67 27 bestå,
254 1283 38 20 när
308 1282 26 21 de
350 1283 28 26 på
394 1283 64 26 något
473 1284 65 19 annat
554 1283 43 20 sätt
613 1283 27 20 än
655 1289 78 20 genom
748 1282 38 21 sitt
798 1281 106 28 jordbruk

83 1311 72 20 kunna
179 1311 103 20 förskaffa
301 1311 33 28 sig
352 1311 125 26 inkomster,
501 1311 52 20 eller
569 1310 28 21 dä
612 1310 26 21 de
654 1311 46 20 från
717 1311 32 20 sin
762 1310 50 28 jord
827 1317 38 21 per
881 1311 23 20 är

83 1339 40 21 och
138 1339 103 21 tunnland
264 1339 79 21 skörda
365 1340 52 19 nära
436 1345 41 21 nog
497 1339 44 20 lika
555 1339 88 28 mycket
658 1345 46 15 som
719 1339 90 21 farmers
825 1339 6 20 i
847 1339 57 27 Eng-

83 1368 59 21 lands
159 1367 61 22 bästa
234 1367 227 22 äkerbruksdistriker.

151 1396 10 20 I
177 1396 82 21 saknad
274 1396 22 21 af
310 1395 74 28 nödigt
404 1395 155 21 siffermaterial
578 1395 39 21 har
636 1396 106 21 utskottet
757 1396 48 21 icke
821 1395 81 21 kunnat

81 1424 71 28 ingä
143 1420 12 36 i
169 1425 98 27 pröfning
290 1425 22 20 af
333 1425 55 20 huru
410 1426 53 19 stort
487 1424 80 21 antalet
590 1425 24 20 är
632 1424 23 21 af
672 1424 26 21 de
717 1424 131 28 lägenheter,
864 1424 38 21 der

82 1453 86 20 skatten
184 1453 6 20 i
206 1454 24 20 sä
252 1453 111 27 betänklig
385 1453 52 27 grad
461 1453 100 20 förlamar
579 1453 105 20 äboernes
700 1453 96 27 förmäga
811 1455 32 18 att
859 1453 42 20 för-

83 1481 70 21 bättra
169 1482 30 20 sin
216 1482 107 27 ställning.
354 1481 49 21 Men
418 1481 107 20 utskottet
541 1481 41 20 kan
598 1481 85 21 derföre
699 1481 47 21 icke
760 1481 144 28 undertrycka

803 1522 34 15 13*
