1078 1692
839 88 39 20 338

153 144 77 21 Denna
246 144 132 28 proposition
395 144 45 21 blef
452 144 49 22 med
517 144 157 28 öfvervägande
691 145 35 27 nej
743 144 113 27 besvarad,
867 145 39 20 och

85 173 68 21 skulle
175 173 83 21 således
277 173 40 21 den
338 173 163 27 ifrågavarande
520 173 160 27 bestämningen
697 174 52 26 utgå
764 180 24 14 ur
804 174 12 26 &
833 174 18 25 6,
867 173 39 21 och

85 202 76 20 endast
177 202 5 20 i
199 202 127 20 ständernas
342 209 49 13 svar
406 202 80 20 införas
503 203 69 20 såsom
589 204 32 18 ett
637 201 166 27 önskningsmål.

167 230 12 27 $
196 231 70 20 6—10
282 232 90 26 antogos
388 232 49 19 utan
455 230 127 21 diskussion.

153 258 118 28 Angående
288 259 11 27 &
317 259 23 20 11
358 258 86 28 yttrade

153 287 58 21 Herr
226 287 152 26 Schauman,
394 287 25 21 B.
436 287 35 21 O.:
491 287 42 27 Jag
549 287 68 21 skulle
634 287 53 21 blott
703 287 25 21 be
745 289 31 18 att
790 287 22 21 få
824 288 5 19 i
843 287 63 21 förbi-

85 316 82 27 gäende
189 316 57 20 fästa
267 316 26 20 de
317 316 85 20 herrars
421 316 200 27 uppmärksamhet,
641 322 45 14 som
704 316 36 20 här
756 315 63 28 yrkat
834 318 31 18 att
880 316 26 20 de

87 344 106 21 blifvande
215 344 226 21 bränvinsfabrikerna
463 344 67 21 borde
552 344 112 21 betraktas
683 351 45 14 som
747 344 74 28 hvarje
837 351 68 14 annan

85 372 26 21 fri
127 373 81 27 näring,
224 373 28 27 på
267 373 70 21 denna
353 373 21 27 8,
391 372 37 21 der
444 373 26 21 de
486 375 37 19 äro
543 372 100 22 likstälda
658 373 48 20 med
722 372 76 28 farliga
813 373 39 21 och
868 372 38 21 lätt

85 401 193 28 olyeksbringande
294 403 76 19 ämnen
388 401 39 21 och
443 401 36 21 det
495 401 48 21 med
557 402 56 26 skäl,
625 403 23 26 ty
659 401 26 21 del
711 401 61 21 torde
783 401 59 21 alltid
854 402 52 20 varit

86 430 39 20 och
149 430 65 21 blifva
236 430 88 21 föremål
346 430 32 20 för
402 430 294 28 undantagslagstiftningen,
720 430 81 21 oafsedt
821 430 85 28 frågans

86 458 112 21 financiela
214 459 52 20 sida.

155 488 12 26 $
183 489 76 26 antogs
276 487 136 27 oförändrad,
429 487 109 21 äfvensom
554 487 26 21 de
596 487 93 28 följande
706 488 25 27 $$
748 488 25 20 12
790 487 39 21 och
847 488 31 20 13.

156 516 42 20 Vid
214 516 178 27 föredragningen
409 516 22 20 af
445 516 12 27 $
475 517 25 20 14
516 516 54 20 utlät
586 516 41 27 sig:

155 544 57 21 Herr
227 544 103 26 Linder,
347 544 35 20 E.:
408 544 10 20 I
433 544 70 21 denna
521 545 12 27 &
553 544 37 21 har
614 544 106 21 utskottet
743 544 109 28 föreslagit
875 544 32 20 för

87 573 115 21 ständerna
224 573 103 27 rättighet
350 575 30 18 att
404 575 75 19 taxera
501 573 48 20 hela
572 573 78 21 landet.
682 572 60 21 Hvar
762 573 37 21 och
819 580 26 13 en
861 580 44 13 som

87 604 126 25 exporterar
236 602 65 27 nägot
322 601 47 21 frän
393 602 56 26 stad,
474 602 53 20 skall
551 601 67 27 enligt
641 601 156 21 betänkandets
821 601 85 27 uttryck

87 630 71 21 kunna
173 632 88 18 taxeras
277 629 93 28 derföre,
387 630 38 21 och
442 630 36 20 det
494 632 23 18 är
532 630 47 21 icke
595 630 101 27 stadgadt
714 630 26 27 pä
756 630 71 21 hvilka
843 636 63 21 grun-

87 659 38 20 der
140 659 126 27 taxeringen
283 659 38 20 bör
337 658 43 24 ske,
397 659 5 20 i
418 659 51 27 följd
486 658 77 21 hvaraf
576 658 37 21 det
626 658 141 21 öfverlemnas
778 658 128 28 fullkomligt

87 687 31 21 till
134 687 126 21 ständernas
276 687 114 27 godtycke.
421 687 42 27 Jag
479 688 37 20 har
529 689 121 19 reserverat
666 687 43 27 mig
722 689 58 19 emot
791 686 116 21 utskottets

88 716 142 26 betänkande,
254 716 39 20 och
316 716 96 20 anhäller
430 716 62 20 äfven
513 722 26 14 nu
558 718 32 18 att
605 716 70 20 denna
691 716 135 27 bestämning
841 716 66 20 mätte

88 751 25 13 ur
127 744 69 20 första
212 746 116 18 momentet
344 744 58 28 utgä.

156 772 59 21 Herr
229 779 47 14 von
292 772 78 21 Born:
394 773 33 20 Då
445 772 107 21 utskottet
571 772 132 21 behandlade
723 773 75 25 saken,
819 779 38 14 var
876 775 32 17 ut-

89 801 80 21 skottet
185 801 86 27 mycket
286 801 109 21 tveksamt
411 801 55 21 hvad
482 801 39 20 här
536 801 121 27 egentligen
673 801 67 21 borde
755 801 94 28 stadgas,
860 808 47 14 men

88 830 165 20 medlemmarne
270 829 22 20 af
306 830 178 27 borgareständet
493 829 56 21 fäste
560 830 217 27 uppmärksamheten
792 830 65 26 derpä
868 832 40 23 att,

89 859 5 19 i
111 857 101 22 händelse
235 857 66 21 andra
324 859 26 19 än
369 857 120 22 handlande
508 857 68 21 skulle
595 857 21 21 fä
633 860 115 25 exportera
763 858 145 20 landtmanna-

89 886 38 21 och
144 886 184 28 skogsprodukter
343 886 46 21 frän
406 886 105 27 städerna,
523 886 69 21 skulle
608 886 36 21 det
659 886 65 21 blifva
739 886 79 27 följden
834 886 74 21 ätmin-

89 917 61 18 stone
169 915 5 20 i
196 915 25 20 de
242 916 68 19 större
326 915 107 26 städerna,
456 915 38 20 der
509 915 26 20 de
551 915 136 27 förmögnare
706 915 147 20 handlandene
869 921 39 21 ega

90 944 68 19 större
174 944 62 27 sägar
255 943 39 20 och
319 943 178 28 hufvudsakligen
514 943 69 21 drifva
601 943 155 27 exporthandel
772 943 47 21 med
835 943 73 28 skogs-

90 971 124 28 produkter,
230 973 32 19 att
278 972 25 20 de
320 971 68 21 skulle
403 973 98 26 uppsäga
516 972 31 20 sin
565 971 101 28 burskap,
680 972 63 27 flytta
754 973 57 19 utom
823 971 85 27 staden,

89 1000 69 20 drifva
174 1000 155 27 exporthandel
346 1000 47 21 med
410 1002 104 24 trävaror,
530 1000 39 21 och
585 1001 48 20 icke
650 1000 70 21 betala
738 1000 116 27 någonting
872 1007 36 14 an-

89 1031 36 18 nat
139 1030 26 19 än
182 1029 46 20 bro-
245 1029 39 20 och
300 1029 190 26 hamnpenningar,
506 1035 45 14 som
568 1029 60 20 skola
644 1029 97 27 erläggas
757 1029 32 20 för
799 1029 109 27 fartygen,

89 1057 137 26 hvarigenom
243 1057 25 20 de
284 1059 70 18 större
369 1057 101 21 städerna
485 1057 69 20 skulle
569 1057 28 28 gä
613 1057 73 20 under.
718 1057 48 20 Man
786 1059 37 26 tog
838 1063 71 14 exem-

89 1085 34 27 pel
139 1085 22 20 af
176 1085 97 28 Wiborg,
285 1085 37 21 der
333 1092 26 13 en
372 1088 44 18 stor
428 1085 32 21 del
472 1086 23 20 af
504 1085 26 21 de
541 1085 136 28 förmögnare
688 1085 147 21 handlandene
846 1085 63 21 hafva

89 1114 63 27 sågar
167 1113 39 21 och
222 1113 67 21 drifva
306 1113 154 27 exporthandel
477 1114 47 20 med
537 1114 164 27 sägprodukter,
712 1115 32 20 att
755 1114 62 27 ingen
829 1114 23 20 af
861 1113 47 21 dem

89 1141 68 21 skulle
180 1142 100 21 fortsätta
300 1143 31 20 sin
352 1143 80 20 rörelse
452 1143 69 20 säsom
538 1142 126 27 handlande,
680 1144 51 19 utan
747 1142 106 27 nedlägga
868 1142 41 21 den

89 1172 54 19 samt
159 1171 62 27 flytta
237 1173 58 18 utom
311 1171 75 20 staden
403 1171 37 20 och
458 1171 97 20 bedrifva
571 1171 165 27 exporthandel,
753 1171 39 20 och
804 1171 27 20 dä
841 1171 69 20 skulle

88 1199 41 20 alla
144 1199 27 20 de
186 1199 94 28 utgifter,
296 1205 45 14 som
358 1201 36 18 äro
410 1199 134 28 nödvändiga
560 1199 33 20 för
609 1199 100 21 städerna
725 1199 30 21 till
771 1199 138 21 bestridande

87 1227 24 20 af
132 1227 62 20 deras
217 1228 77 27 många
312 1234 66 14 onera
398 1228 38 20 och
456 1227 119 28 utskylder,
591 1228 47 21 icke
654 1235 58 14 mera
727 1228 55 27 ingå.
812 1227 44 21 Det
872 1234 37 14 var

88 1255 49 21 med
153 1256 100 20 afseende
269 1257 12 20 &
296 1256 42 21 alla
353 1256 64 21 dessa
433 1256 165 27 anmärkningar
613 1263 45 14 som
674 1263 48 14 man
739 1256 66 27 ansäg
815 1255 95 21 nödvän-

88 1284 45 27 digt
149 1286 31 19 att
195 1284 107 27 medgifva
317 1284 102 21 städerna
434 1285 70 27 nägon
523 1285 57 26 slags
597 1285 104 27 taxering.
732 1285 39 20 Att
787 1284 38 21 här
840 1284 49 27 ingä
904 1284 6 20 i

87 1312 229 28 detaljbestämmelser
332 1319 34 14 om
382 1313 123 27 grunderna
520 1313 33 20 för
567 1314 133 26 densamma,
712 1313 77 27 ansägs
804 1312 49 21 icke
870 1312 40 21 till-

88 1341 51 20 höra
155 1341 125 26 ständerna,
299 1343 50 18 utan
368 1341 81 20 beslöts
468 1343 32 19 att
515 1341 130 21 öfverlemna
662 1341 26 21 de
704 1343 97 19 närmare
817 1341 92 20 bestäm-

88 1369 103 28 ningarne
214 1370 22 20 ät
256 1370 133 27 regeringen.
420 1370 43 20 Det
483 1371 78 26 ansägs
577 1370 121 27 lämpligast
712 1372 42 23 att,
771 1369 66 21 sedan
855 1369 55 27 prin-

87 1397 62 28 cipen
165 1398 23 20 af
201 1397 116 21 ständerna
332 1397 68 21 blifvit
417 1398 100 27 godkänd
533 1398 39 21 och
588 1398 241 27 författningsförslaget
841 1397 69 21 blifvit

87 1425 115 28 faststäldt,
211 1426 116 21 ständerna
339 1425 69 22 skulle
421 1428 95 26 uppgöra
528 1427 64 26 något
603 1427 86 26 förslag,
700 1426 98 21 inskicka
807 1426 103 27 förslaget

87 1453 31 21 till
135 1453 60 22 Hans
215 1454 101 28 Majestät
336 1455 32 20 för
388 1457 31 18 att
433 1455 20 20 få
474 1455 36 20 det
525 1455 110 20 faststäldt
650 1455 5 20 i
672 1455 67 20 likhet
755 1455 48 20 med
819 1456 90 19 taxorna

87 1481 32 21 för
143 1482 72 21 hamn-
233 1483 39 20 och
297 1483 192 27 bropenningarne,
509 1483 40 20 och
568 1484 77 26 många
662 1483 66 20 andra
744 1483 94 27 afgifter.
868 1481 42 28 Jag
