1078 1692
191 80 40 21 202

233 137 45 21 För
290 138 32 20 att
328 136 182 28 domaremakten,
527 137 63 21 hvars
607 137 139 21 verksamhet
757 138 57 20 afser
822 140 32 19 att
869 138 6 21 i
891 137 94 28 enlighet

165 167 48 21 med
232 166 74 27 lagens
323 166 135 20 föreskrifter
474 166 110 21 återställa
603 166 40 20 den
659 166 74 21 störda
746 166 134 28 jemnvigten
896 166 89 21 emellan

165 195 124 22 samhällets
312 195 139 20 medlemmar
469 194 40 22 och
524 196 58 19 rätta
597 194 70 28 afsteg
683 195 47 21 från
746 195 41 21 den
802 195 114 21 utstakade
932 202 54 14 sam-

164 224 182 26 hällsordningen,
362 223 54 21 skall
430 222 69 22 förmå
515 223 146 28 fullkomligen
677 224 97 28 uppfylla
789 224 37 20 sitt
842 224 97 20 ändamål
948 224 38 20 och

164 254 62 27 lagen
250 252 112 27 verkligen
384 252 99 20 meddela
507 252 121 21 hvarochen
651 252 36 20 det
705 252 95 28 kraftiga
815 252 68 28 skydd
899 252 39 20 den
955 259 31 14 er-

164 281 84 29 bjuder,
271 280 83 22 fordras
377 281 70 21 såsom
470 282 31 19 ett
525 280 139 28 oeftergifligt
687 281 78 25 vilkor,
790 282 31 20 att
843 280 143 22 domstolarne

164 310 55 22 både
234 309 7 21 i
256 308 102 22 afseende
374 310 12 20 &
401 309 32 21 tid
455 309 39 21 och
520 311 40 23 ort,
585 310 50 20 med
657 311 69 19 större
749 309 46 29 vigt
810 310 64 20 likväl
890 309 69 21 fästad
976 310 11 20 &

163 338 149 23 förstnämnda
334 338 142 27 bestämning,
500 338 70 21 såvidt
592 338 93 28 möjligt,
702 340 36 19 äro
754 338 40 21 lätt
809 338 130 28 tillgängliga
954 338 33 20 för

164 368 76 28 hvarje
254 367 149 28 medborgare.

233 396 118 21 Betraktar
374 402 48 14 man
445 395 41 21 den
507 395 60 21 äldre
590 395 185 28 lagstiftningen
769 391 14 36 i
799 395 89 27 Sverige
903 395 6 21 i
925 395 62 21 dessa

165 424 124 27 afseenden,
318 424 68 20 finner
409 430 48 15 man
480 424 63 20 äfven
567 425 31 19 att
621 424 93 20 nämnda
737 424 89 28 princip,
850 424 88 20 oaktadt
960 430 27 14 en

164 454 75 28 fåtalig
262 453 40 21 och
327 452 137 28 kringspridd
480 452 131 28 befolkning,
627 452 67 21 redan
710 452 64 28 tidigt
790 452 36 21 der
842 452 54 21 varit
912 452 74 21 tilläm-

164 483 43 28 pad
229 482 40 21 och
293 482 53 20 först
361 481 7 21 i
383 481 53 27 följd
451 481 24 21 af
488 488 75 14 senare
579 480 67 22 tiders
662 481 101 27 politiska
778 480 147 22 förhållanden
936 480 50 22 nöd-

165 513 90 26 tvunget
280 510 68 21 blifvit
367 509 130 21 modifierad.
528 509 11 21 I
554 509 181 28 landskapslagen
751 510 33 20 för
798 509 86 28 Upland
900 510 87 27 stadgas

164 541 7 20 i
187 538 203 29 Tingsmålabalken
415 540 32 18 att
469 538 146 26 ,Länsmader
639 538 69 21 skulle
731 538 57 28 Ting
803 538 63 21 hafva
881 538 13 21 &
908 540 79 19 rättum

165 568 107 28 Tingstad
295 568 52 20 hvar
372 567 77 27 sjunde
475 566 60 28 dag.*
565 566 11 20 I
595 566 197 28 Vestmannalagen
813 567 61 27 ingår
890 568 30 19 ett
936 566 51 22 lika-

165 598 51 20 dant
242 595 119 28 stadgande
384 596 39 20 och
439 595 209 27 Södermannalagen
665 595 79 27 påbjöd
760 596 6 20 i
782 595 204 28 Tingsmålabalken

167 627 53 21 1:sta
238 624 97 22 Flucken
351 625 32 19 att
398 623 143 27 ,Länsmader
557 623 69 21 skulle
642 624 56 28 Ting
714 624 64 20 hafva
794 624 52 21 hvar
862 624 124 27 Sunnadag”

165 656 54 20 samt
235 654 7 20 i
258 653 56 27 3:dje
338 652 95 22 Flucken
457 654 30 18 att
511 653 46 27 ,,sju
577 654 71 19 nätter
664 652 68 21 skulle
748 652 90 21 emellan
854 652 56 28 Ting
925 652 62 21 hvart

165 683 68 21 vara.”
264 682 49 20 Den
328 682 24 20 år
368 682 54 20 1442
437 682 95 26 antagna
548 680 107 22 allmänna
665 681 126 27 landslagen
802 680 184 29 stadgar
891 676 13 37 i
916 680 70 29 Tings-

164 710 136 23 målabalken
326 710 42 21 6:te
391 710 48 27 kap.
458 711 31 19 att
505 709 100 21 ”Härads
621 710 56 27 Ting
693 709 69 21 skulle
778 716 51 14 vara
845 711 31 19 ett
891 710 6 20 i
913 710 73 26 hvarje

165 740 89 26 vecka,'*
271 738 67 22 under
348 739 7 20 i
364 738 47 22 8:de
427 738 48 27 kap.
487 738 128 21 föreskrifna
631 738 162 28 ”Tingstimar”
804 738 46 21 från
862 738 124 28 ”Tjugonde

165 770 42 26 dag
222 768 36 21 Jul
274 768 31 20 till
321 767 34 21 nio
371 767 65 21 vikna
451 766 76 28 Fasto,
543 766 47 22 från
605 767 180 27 Valborgsmässa
799 767 31 20 till
841 766 145 22 Midsommar-

164 798 41 27 dag
221 796 41 22 och
276 796 47 21 frän
339 795 160 22 Michelsmässa
514 795 30 21 till
560 796 107 21 Advent.”

234 825 83 20 Genom
340 824 26 21 de
392 824 136 27 oroligheter,
551 824 72 21 hvilka
645 824 69 21 under
737 824 26 21 de
779 824 93 27 följande
888 824 98 21 seklerna

164 853 109 28 upprörde
296 853 88 26 norden,
406 852 107 21 förlorade
528 852 65 21 likväl
609 853 145 20 domstolarne
771 853 37 20 sitt
823 852 107 21 anseende
947 853 39 21 och

164 882 99 28 päbuden
280 888 34 14 om
330 881 56 21 vissa
401 881 55 20 tider
471 881 33 21 för
520 881 86 27 tingens
622 880 97 21 hällande
731 881 114 28 gvarstodo
855 881 131 28 smäningom

164 911 76 21 endast
259 911 70 20 såsom
346 917 26 13 en
388 911 43 19 tom
447 909 110 22 föreskrift
573 912 51 19 utan
639 909 120 28 betydelse.
790 909 34 21 Då
839 909 87 21 sålunda
942 910 44 21 ofta

164 939 80 26 hände,
268 941 32 18 att
322 938 48 21 hela
396 938 24 21 år
437 938 98 28 förgingo
554 938 91 21 emellan
660 938 81 28 tingen,
757 937 118 22 föreskrefs
890 938 6 20 i
912 937 74 22 Rätte-

164 967 209 29 gängsordonantien
392 967 23 20 af
430 967 53 21 1614
499 969 32 18 att
547 967 220 27 häradshöfdingarne
783 966 68 21 skulle
866 973 52 14 vara
933 967 52 27 plig-

164 997 44 27 tige
224 996 56 21 hälla
296 995 106 22 ordinarie
418 995 45 28 ting
479 997 32 19 tre
527 996 82 27 gänger
625 1002 33 14 om
674 996 56 25 äret,
746 995 35 20 vid
793 995 67 28 Nyär,
870 995 115 28 Valborgs-

165 1027 70 19 mässa
251 1024 40 21 och
307 1024 119 27 Michaelis,
443 1024 38 21 och
497 1023 45 21 blef
555 1024 60 21 detta
631 1024 119 27 stadgande
761 1030 76 21 genom
848 1023 52 21 flera
908 1031 78 14 senare

165 1053 152 27 författningar
332 1054 26 19 än
374 1052 73 21 vidare
463 1053 121 27 upprepadt
599 1053 42 20 tills
658 1053 36 20 det
710 1052 99 27 slutligen
820 1052 70 27 ingick
906 1053 6 20 i
928 1053 58 20 2:dra

164 1083 49 27 kap.
239 1081 23 21 af
280 1081 202 27 rättegångsbalken
502 1080 23 21 af
540 1081 53 20 1734
610 1081 34 21 års
659 1081 42 28 lag.
732 1081 73 20 Ehuru
821 1087 27 14 en
863 1081 123 28 fullständig

165 1111 103 27 återgång
284 1109 31 21 till
330 1109 36 22 det
381 1109 76 22 fordna
472 1109 78 21 bruket
565 1109 23 21 af
602 1109 52 21 hvar
670 1109 76 28 sjunde
762 1109 41 28 dag
811 1109 175 21 återkommande

165 1139 46 28 ting
233 1138 89 21 sålunda
344 1138 48 21 icke
408 1137 156 28 genomfördes,
581 1139 77 27 ansågs
675 1138 65 21 likväl
756 1145 26 13 en
798 1138 23 20 sä
837 1139 44 19 stor
896 1137 90 22 förbätt-

165 1168 46 27 ring
226 1168 6 19 i
249 1167 41 20 den
314 1167 107 20 allmänna
436 1166 184 21 rättssäkerheten
636 1173 51 14 vara
703 1173 96 20 vunnen,
817 1168 31 19 att
863 1173 49 14 man
932 1167 53 20 smä-

164 1197 87 26 ningom
270 1195 57 21 lärde
344 1196 32 26 sig
391 1195 100 21 betrakta
507 1195 59 20 detta
583 1195 93 21 tillstånd
693 1195 70 21 såsom
779 1195 150 20 motsvarande
945 1195 41 21 alla

164 1225 73 26 billiga
257 1224 93 27 anspräk
366 1224 6 20 i
389 1223 76 22 sädant
484 1223 108 21 afseende.
623 1223 65 21 Först
703 1224 6 20 i
725 1223 75 28 början
817 1223 22 21 af
853 1223 57 21 detta
928 1224 57 21 sekel

165 1255 65 26 antog
245 1252 102 21 behofvet
363 1253 23 20 af
400 1252 67 21 oftare
484 1252 172 21 sammanträden
673 1252 37 21 hos
727 1251 144 21 domstolarne
887 1252 13 20 &
914 1252 72 21 landet

165 1282 46 21 åter
236 1281 136 21 bestämdare
396 1280 77 28 gestalt
496 1281 39 20 och
559 1280 45 21 blef
617 1280 125 28 isynnerhet
758 1280 23 21 af
794 1280 47 27 den,
857 1280 33 21 för
905 1282 81 26 uppgö-

165 1310 65 21 rande
254 1309 23 21 af
299 1309 79 28 förslag
392 1309 32 20 till
438 1309 149 28 förändringar
603 1309 6 21 i
627 1310 53 20 1734
696 1309 34 21 ärs
746 1309 36 28 lag
798 1309 100 20 nedsatta
914 1309 72 27 lagko-

164 1338 66 21 mitön
247 1337 94 22 särdeles
356 1339 70 19 varmt
440 1337 127 21 framhället.

232 1365 11 21 I
266 1366 100 21 afseende
382 1366 12 21 &
410 1368 60 19 orten
493 1366 33 21 för
549 1366 86 27 tingens
657 1365 99 22 hällande
777 1365 92 28 päbjödo
885 1365 26 21 de
928 1365 58 21 äldre

163 1395 89 28 lagarne
275 1396 31 19 att
321 1395 7 20 i
342 1395 64 20 hvart
421 1394 66 21 härad
502 1394 68 21 skulle
586 1395 40 20 ”en
643 1394 104 27 Tingstad
764 1401 50 14 vara
829 1394 39 21 och
884 1395 20 26 ej
920 1394 66 21 flera”

165 1423 99 21 hvarföre
288 1423 36 20 ”en
350 1430 48 13 man
421 1423 47 20 icke
493 1423 54 27 ägde
573 1423 52 20 flera
641 1423 266 27 Häradshöfdingedömen
923 1422 63 21 hafva

165 1453 26 19 än
216 1452 48 26 ett”,
285 1458 48 14 men
356 1451 27 21 dä
405 1458 78 21 genom
499 1451 187 27 ofvanäberopade
702 1451 143 26 föreskrifter,
862 1453 31 19 att
909 1450 76 22 endast

165 1482 33 19 tre
223 1480 46 27 ting
288 1479 80 28 årligen
384 1479 67 22 skulle
468 1480 75 27 hållas,
559 1479 127 22 domarenes
701 1479 96 28 göromål
813 1479 106 29 betydligt
934 1480 51 20 min-
