1078 1692
191 78 40 20 294

163 136 41 20 500
219 134 62 21 mark
298 135 75 26 utgöra
388 141 26 13 en
431 134 66 20 sådan
512 134 71 26 gräns,
593 133 39 20 och
648 133 36 20 det
700 134 23 19 är
739 133 76 20 endast
830 133 27 27 på
868 132 40 21 den
920 132 67 28 grund

163 165 32 19 att
211 163 32 27 de,
259 162 73 21 hvilka
348 162 47 20 icke
410 162 64 20 hafva
490 168 26 14 en
533 168 37 14 ren
586 161 94 21 inkomst
696 161 84 21 utöfver
796 161 41 21 500
853 162 70 25 mark,
942 160 46 21 icke

164 192 72 20 kunna
245 191 71 20 betala
325 191 71 27 något,
409 198 44 13 som
463 190 25 20 de
501 190 68 20 blifvit
581 189 95 21 befriade
687 190 47 20 från
747 189 36 21 vid
791 190 105 27 taxering,
906 190 38 20 och
951 189 37 27 jag

163 220 98 20 förordar
274 221 32 18 att
322 219 25 21 de
363 218 131 22 fortfarande
510 218 65 21 måtte
589 218 105 20 uteslutas
705 218 47 20 från
763 218 69 21 denna
843 218 143 27 beskattning.

164 249 105 20 Deremot
292 248 35 20 må
345 247 41 21 alla
405 248 26 20 de
447 254 45 14 som
509 247 63 20 hafva
587 246 60 22 öfver
663 248 41 20 500
720 246 72 21 marks
807 246 93 21 inkomst
916 246 70 21 skatta

163 277 34 21 för
212 276 44 26 allt,
272 276 71 21 såsom
358 276 107 20 utskottet
480 275 116 27 föreslagit.

232 304 59 21 Herr
307 312 46 13 von
369 304 153 26 Haartman,
540 303 33 21 R.:
597 303 74 21 Ehuru
683 304 39 27 jag
736 304 34 20 för
785 304 43 20 min
843 303 95 21 enskilda
954 304 34 20 del

164 333 69 28 hyllar
256 340 81 13 samma
356 333 56 27 åsigt
431 340 44 13 som
491 332 91 20 friherre
597 339 42 13 von
656 332 58 21 Troil
730 332 6 20 i
752 333 60 27 fråga
829 339 33 13 om
878 332 109 21 bevillnin-

164 368 48 21 gen,
228 362 69 20 måste
310 362 39 27 jag
364 361 71 26 likväl,
452 361 26 21 då
494 360 36 21 det
545 360 67 21 redan
628 362 24 19 är
668 362 88 26 antaget
772 363 32 19 att
820 361 35 20 det
865 362 23 19 är
898 361 90 26 arbetet,

165 397 44 14 som
226 390 54 20 skall
298 390 116 26 beskattas,
430 390 73 20 förena
520 389 42 27 mig
578 389 48 21 med
641 389 90 21 friherre
747 396 41 14 von
804 389 65 21 Born.
900 389 34 21 Då
949 390 41 20 den

165 425 44 14 som
234 418 86 20 arbetar
338 418 33 21 väl
391 418 39 20 och
450 419 70 26 träget
537 418 68 20 måste
621 418 99 27 uppoffra
736 424 25 14 en
778 418 34 20 del
828 418 22 20 af
864 418 36 20 sitt
916 418 73 20 arbete

164 447 33 20 för
220 448 82 24 staten,
325 453 63 14 anser
404 447 37 27 jag
460 448 31 18 att
510 446 62 20 äfven
592 446 51 26 den,
662 453 45 14 som
726 447 87 20 arbetar
828 446 35 21 illa
878 446 39 21 och
934 446 56 27 litet,

165 475 47 21 med
228 482 82 14 samma
327 475 45 20 skäl
389 475 37 21 bör
441 475 70 20 lemna
527 475 38 20 sitt
581 474 74 28 bidrag
671 474 31 21 till
717 482 81 13 samma
814 474 103 22 ändamål.

234 503 102 21 Friherre
352 510 47 14 von
415 503 78 21 Born:
508 502 43 28 Jag
567 503 37 20 ber
620 505 31 19 att
666 504 21 20 få
702 503 88 27 tillägga
806 504 65 26 några
888 503 36 21 ord
936 503 5 21 i
953 510 36 14 an-

165 532 87 27 ledning
267 532 23 20 af
304 532 48 20 herr
368 531 164 27 Björkenheims
548 532 150 27 anmärkning,
715 534 31 18 att
763 532 35 20 det
813 532 47 20 icke
876 538 51 14 vore
944 532 45 20 skäl

165 562 32 19 att
211 563 80 24 antaga
306 560 48 21 mitt
370 560 80 28 förslag
465 560 22 20 af
501 560 41 20 den
558 560 115 27 anledning
688 562 32 18 att
736 560 36 20 det
788 560 137 21 tvifvelsutan
941 560 47 21 icke

165 589 96 20 kommer
284 590 32 19 att
338 588 125 28 godkännas
487 588 23 21 af
531 588 162 21 bondeståndet.
724 588 42 28 Jag
788 588 104 21 erkänner
908 591 31 18 att
953 590 37 26 jag

165 616 47 21 icke
228 618 42 20 kan
287 617 53 27 hysa
358 617 41 21 den
418 616 143 28 förhoppning
579 619 32 19 att
630 617 164 27 bondeståndet,
819 618 131 20 annorlunda
964 619 25 19 än

165 646 55 20 efter
243 645 136 28 inbjudning,
404 645 67 21 skulle
493 646 74 20 förena
583 645 32 27 sig
631 652 34 14 om
682 648 30 18 ett
729 645 75 21 sådant
828 646 89 27 förslag,
941 653 49 13 men

166 674 156 20 bondeståndet
338 675 34 20 må
388 674 53 28 hysa
456 674 86 20 hvilken
559 674 56 27 åsigt
631 681 45 13 som
698 674 64 26 helst,
778 675 24 19 så
818 674 74 27 tycker
906 675 38 27 jag
960 677 30 18 att

165 702 36 21 det
217 704 23 18 är
257 702 37 21 vår
310 702 121 28 skyldighet
447 704 32 19 att
493 702 46 21 fritt
555 702 68 21 uttala
638 703 38 20 vår
692 702 62 28 åsigt.
785 702 70 21 Anser
871 703 119 20 ridderska-

166 733 35 25 pet
216 730 40 21 och
272 730 63 21 adeln
351 731 36 20 det
402 731 85 27 förslag,
501 731 38 27 jag
549 730 46 22 haft
606 732 51 19 äran
668 731 125 26 framställa,
805 738 50 14 vara
866 732 61 20 värdt
938 738 51 21 upp-

165 759 153 27 märksamhet,
334 760 24 20 sä
374 760 38 20 bör
428 759 35 21 det
479 761 95 25 antagas.
606 759 71 21 Afslär
696 760 157 20 bondeståndet
873 760 117 20 detsamma

165 788 123 20 sedermera
311 787 133 21 omedelbart
460 788 51 20 eller
533 788 55 20 efter
606 788 137 28 inbjudning,
760 789 22 19 sä
798 790 23 19 är
837 788 35 21 det
888 788 56 21 klart
960 791 30 18 att

164 816 75 27 frågan
254 816 102 21 förfaller.

233 843 35 21 Då
283 844 64 27 ingen
363 844 73 21 vidare
451 844 94 21 önskade
561 846 58 26 yttra
635 845 32 27 sig
682 845 6 20 i
703 845 81 26 frågan,
800 845 131 21 framställde
942 845 49 21 herr

164 872 197 21 landtmarskalken
378 872 49 21 med
442 873 114 27 anledning
572 873 23 20 af
609 873 25 20 de
650 873 68 21 under
734 873 148 21 diskussionen
894 873 96 22 uttalade

165 901 109 26 åsigterna
289 901 95 27 följande
400 901 142 27 proposition:

234 929 147 25 »Godkänner
397 929 149 27 ridderskapet
562 930 39 20 och
617 930 61 21 adeln
696 931 10 27 $
724 931 9 20 1
752 931 23 20 sä
790 931 89 20 affattad
896 937 45 14 som
958 933 31 18 ut-

165 958 81 20 skottet
264 957 111 28 föreslagit
392 958 128 27 densamma,
536 959 49 20 med
601 958 51 21 eller
668 960 50 19 utan
734 959 87 27 tillägg?

232 986 98 25 »Vinner
353 987 45 27 nej,
422 989 88 25 antages
527 987 11 26 8
555 988 11 19 1
583 987 49 20 med
650 987 41 21 den
707 987 82 28 lydelse
806 994 80 14 samma
902 989 12 26 $
930 987 38 21 har
983 988 7 20 i

164 1015 41 20 den
220 1022 28 13 nu
264 1021 35 14 om
315 1015 116 27 bevillning
445 1015 98 27 gällande
553 1015 153 28 förordningen
722 1017 24 19 af
760 1016 39 21 den
816 1017 12 19 2
846 1016 56 21 Mars
916 1017 73 20 1865".

232 1043 44 21 Vid
293 1043 99 21 häröfver
407 1044 27 27 på
449 1044 93 27 begäran
558 1044 92 21 anställd
673 1045 99 27 votering
788 1045 74 20 utföllo
881 1046 108 19 rösterna:

370 1089 6 20 i
395 1090 53 19 I:sta
463 1089 28 20 kl.
511 1089 47 20 med
590 1091 12 18 4
615 1090 24 27 ja
655 1090 39 21 och
710 1091 12 19 3
739 1091 45 26 nej,

370 1117 81 20 1244
470 1133 11 9 ,
530 1134 11 8 »
590 1118 43 25 Tn
667 1135 11 8 »
711 1119 51 24 3»

369 1145 7 21 i
392 1146 56 27 3:dje
469 1162 11 9 ,
529 1162 12 9 »
575 1147 57 24 16,
667 1163 11 9 »
712 1147 51 25 8»

231 1185 168 27 Propositionen
418 1192 37 14 var
475 1185 88 22 sålunda
577 1186 7 20 i
600 1186 41 21 alla
660 1187 83 20 klasser
759 1187 94 27 jakande
872 1187 117 28 besvarad;

163 1214 39 21 och
218 1213 46 21 blef
282 1213 41 21 den
348 1214 87 20 härnäst
457 1214 132 21 framställda
613 1215 160 27 propositionen
790 1216 53 20 efter
858 1215 130 28 föregången

161 1242 108 28 justering
284 1241 104 28 följande:

232 1270 146 25 »Godkänner
400 1270 149 28 ridderskapet
565 1271 39 21 och
621 1271 61 21 adeln
700 1272 10 27 $
730 1273 8 19 1
758 1272 139 27 oförändrad,
918 1273 69 20 såsom

163 1299 107 20 utskottet
285 1299 111 27 föreslagit
412 1299 138 21 densamma?

231 1344 4 8 »
238 1327 89 25 Vinner
350 1327 45 28 nej,
418 1327 98 28 tillägges
531 1328 7 20 i
555 1329 20 26 8,
593 1329 27 26 pä
636 1329 42 20 sätt
694 1329 90 20 friherre
801 1336 40 13 von
858 1329 58 21 Born
932 1330 55 21 före-

162 1355 72 28 slagit,
251 1357 32 19 ett
298 1358 96 18 moment
408 1356 23 20 af
447 1356 94 27 följande
557 1356 91 28 lydelse:
674 1357 58 25 ,,För
752 1365 25 13 en
793 1358 93 20 inkomst
902 1358 30 20 till
949 1359 39 20 och

161 1384 50 21 med
226 1385 42 20 500
282 1384 60 21 mark
358 1384 23 20 af
395 1384 73 27 hvarje
492 1391 77 20 person
589 1385 60 20 öfver
668 1386 26 20 16
709 1387 35 20 års
761 1386 64 27 ålder,
842 1393 48 14 man
906 1387 26 20 50
948 1387 39 20 och

162 1413 78 27 qvinna
264 1413 26 20 25
314 1412 86 27 penni",
422 1413 118 27 hvarjemte
563 1416 117 18 momentet
698 1415 8 20 1
725 1414 39 21 blir
788 1417 116 18 momentet
920 1416 12 19 2
948 1415 39 21 och

161 1441 145 27 omredigeras
329 1441 98 20 sålunda:
453 1457 5 9 ,
461 1441 49 25 För
526 1448 25 14 en
571 1442 93 20 inkomst
680 1443 86 20 utöfver
782 1443 40 21 500
838 1443 30 20 till
884 1443 40 21 och
940 1444 47 21 med

161 1469 63 26 2,500
239 1469 75 21 mark"
331 1471 40 19 etc.
388 1469 42 21 lika
446 1469 47 21 med
510 1470 168 21 betänkandet."
